Date,Transact. No.,Symbol,Buyer,Seller,Quantity,Rate,Amount
2020-08-18,2020081801016775,ACLBSL,34,42,10,710.00,"7,100.00"
2020-08-18,2020081801016616,ACLBSL,34,44,10,710.00,"7,100.00"
2020-08-18,2020081801016615,ACLBSL,34,49,10,710.00,"7,100.00"
2020-08-18,2020081801016614,ACLBSL,34,41,10,710.00,"7,100.00"
2020-08-18,2020081801016613,ACLBSL,34,55,10,710.00,"7,100.00"
2020-08-18,2020081801016612,ACLBSL,34,6,10,710.00,"7,100.00"
2020-08-18,2020081801016611,ACLBSL,34,40,100,708.00,"70,800.00"
2020-08-18,2020081801016610,ACLBSL,34,17,20,707.00,"14,140.00"
2020-08-18,2020081801016609,ACLBSL,34,14,35,705.00,"24,675.00"
2020-08-18,2020081801016486,ACLBSL,50,14,65,705.00,"45,825.00"
2020-08-18,2020081801016437,ACLBSL,50,44,10,705.00,"7,050.00"
2020-08-18,2020081801016738,ADBL,58,57,10,417.00,"4,170.00"
2020-08-18,2020081801016724,ADBL,14,57,60,417.00,"25,020.00"
2020-08-18,2020081801016723,ADBL,14,58,50,417.00,"20,850.00"
2020-08-18,2020081801016722,ADBL,14,28,10,417.00,"4,170.00"
2020-08-18,2020081801016721,ADBL,14,14,400,416.00,"166,400.00"
2020-08-18,2020081801016720,ADBL,14,51,430,416.00,"178,880.00"
2020-08-18,2020081801016719,ADBL,14,11,50,416.00,"20,800.00"
2020-08-18,2020081801016718,ADBL,14,14,269,415.00,"111,635.00"
2020-08-18,2020081801016717,ADBL,55,14,142,415.00,"58,930.00"
2020-08-18,2020081801016636,ADBL,55,42,197,415.00,"81,755.00"
2020-08-18,2020081801016754,AHPC,6,44,10,95.00,950.00
2020-08-18,2020081801016716,AIL,26,40,10,486.00,"4,860.00"
2020-08-18,2020081801016626,AIL,26,40,10,486.00,"4,860.00"
2020-08-18,2020081801016550,AIL,56,17,100,487.00,"48,700.00"
2020-08-18,2020081801016536,AIL,26,44,10,486.00,"4,860.00"
2020-08-18,2020081801016487,AIL,26,34,10,486.00,"4,860.00"
2020-08-18,2020081801016475,AIL,35,44,10,486.00,"4,860.00"
2020-08-18,2020081801016389,AIL,38,17,130,487.00,"63,310.00"
2020-08-18,2020081801016388,AIL,35,17,10,487.00,"4,870.00"
2020-08-18,2020081801016387,AIL,36,17,820,487.00,"399,340.00"
2020-08-18,2020081801016386,AIL,48,33,10,488.00,"4,880.00"
2020-08-18,2020081801016302,AIL,48,33,10,488.00,"4,880.00"
2020-08-18,2020081801016436,AIL,35,44,10,486.00,"4,860.00"
2020-08-18,2020081801016431,AIL,56,17,100,487.00,"48,700.00"
2020-08-18,2020081801016430,AIL,58,17,160,487.00,"77,920.00"
2020-08-18,2020081801016429,AIL,25,17,190,488.00,"92,720.00"
2020-08-18,2020081801016419,AIL,25,33,10,488.00,"4,880.00"
2020-08-18,2020081801016390,AIL,58,17,40,487.00,"19,480.00"
2020-08-18,2020081801016580,AKPL,58,52,939,112.00,"105,168.00"
2020-08-18,2020081801016579,AKPL,36,52,500,112.00,"56,000.00"
2020-08-18,2020081801016578,AKPL,37,52,500,112.00,"56,000.00"
2020-08-18,2020081801016577,AKPL,10,52,690,113.00,"77,970.00"
2020-08-18,2020081801016570,AKPL,58,52,700,114.00,"79,800.00"
2020-08-18,2020081801016569,AKPL,19,52,95,114.00,"10,830.00"
2020-08-18,2020081801016576,AKPL,58,52,500,113.00,"56,500.00"
2020-08-18,2020081801016575,AKPL,26,52,"1,000",113.00,"113,000.00"
2020-08-18,2020081801016574,AKPL,46,52,500,113.00,"56,500.00"
2020-08-18,2020081801016573,AKPL,43,52,200,113.00,"22,600.00"
2020-08-18,2020081801016572,AKPL,40,52,500,113.00,"56,500.00"
2020-08-18,2020081801016571,AKPL,19,52,"1,376",113.00,"155,488.00"
2020-08-18,2020081801016800,ALBSL,45,22,100,647.00,"64,700.00"
2020-08-18,2020081801016708,ALBSL,44,22,200,647.00,"129,400.00"
2020-08-18,2020081801016650,ALICL,49,35,"1,745",642.00,"1,120,290.00"
2020-08-18,2020081801016649,ALICL,49,58,10,642.00,"6,420.00"
2020-08-18,2020081801016414,ALICL,48,45,100,642.00,"64,200.00"
2020-08-18,2020081801016790,API,25,56,12,110.00,"1,320.00"
2020-08-18,2020081801016736,API,41,56,50,110.00,"5,500.00"
2020-08-18,2020081801016529,BFC,28,58,188,99.00,"18,612.00"
2020-08-18,2020081801016364,BOKL,40,50,100,225.00,"22,500.00"
2020-08-18,2020081801016326,BOKL,44,26,656,224.00,"146,944.00"
2020-08-18,2020081801016325,BOKL,47,26,50,224.00,"11,200.00"
2020-08-18,2020081801016324,BOKL,29,26,100,224.00,"22,400.00"
2020-08-18,2020081801016323,BOKL,54,26,50,224.00,"11,200.00"
2020-08-18,2020081801016322,BOKL,55,26,100,224.00,"22,400.00"
2020-08-18,2020081801016321,BOKL,54,26,44,224.00,"9,856.00"
2020-08-18,2020081801016564,BPCL,39,50,"1,401",361.00,"505,761.00"
2020-08-18,2020081801016377,BPCL,39,34,599,361.00,"216,239.00"
2020-08-18,2020081801016376,BPCL,41,34,30,361.00,"10,830.00"
2020-08-18,2020081801016375,BPCL,51,34,50,362.00,"18,100.00"
2020-08-18,2020081801016374,BPCL,41,34,32,362.00,"11,584.00"
2020-08-18,2020081801016373,BPCL,13,34,39,362.00,"14,118.00"
2020-08-18,2020081801016600,CBBL,46,14,10,"1,043.00","10,430.00"
2020-08-18,2020081801016756,CBL,29,32,300,143.00,"42,900.00"
2020-08-18,2020081801016740,CBL,43,32,200,144.00,"28,800.00"
2020-08-18,2020081801016713,CBL,29,32,100,143.00,"14,300.00"
2020-08-18,2020081801016440,CBL,39,32,500,144.00,"72,000.00"
2020-08-18,2020081801016306,CBL,29,45,802,143.00,"114,686.00"
2020-08-18,2020081801016590,CCBL,28,13,37,174.00,"6,438.00"
2020-08-18,2020081801016589,CCBL,28,16,412,174.00,"71,688.00"
2020-08-18,2020081801016511,CCBL,28,48,51,173.00,"8,823.00"
2020-08-18,2020081801016689,CFCL,13,39,18,123.00,"2,214.00"
2020-08-18,2020081801016631,CIT,14,22,50,"2,910.00","145,500.00"
2020-08-18,2020081801016363,CZBIL,49,58,47,193.00,"9,071.00"
2020-08-18,2020081801016362,CZBIL,29,58,153,193.00,"29,529.00"
2020-08-18,2020081801016794,DDBL,59,52,10,829.00,"8,290.00"
2020-08-18,2020081801016384,DDBL,34,49,10,828.00,"8,280.00"
2020-08-18,2020081801016383,DDBL,34,34,45,825.00,"37,125.00"
2020-08-18,2020081801016602,EBL,13,16,300,717.00,"215,100.00"
2020-08-18,2020081801016335,EDBL,11,36,130,314.00,"40,820.00"
2020-08-18,2020081801016679,EIC,58,51,10,440.00,"4,400.00"
2020-08-18,2020081801016669,EIC,25,1,200,440.00,"88,000.00"
2020-08-18,2020081801016555,EIC,32,52,200,439.00,"87,800.00"
2020-08-18,2020081801016601,FMDBL,13,14,10,522.00,"5,220.00"
2020-08-18,2020081801016402,FMDBL,14,41,310,516.00,"159,960.00"
2020-08-18,2020081801016401,FMDBL,49,41,20,516.00,"10,320.00"
2020-08-18,2020081801016400,FMDBL,20,41,40,517.00,"20,680.00"
2020-08-18,2020081801016399,FMDBL,11,41,50,518.00,"25,900.00"
2020-08-18,2020081801016398,FMDBL,45,41,10,518.00,"5,180.00"
2020-08-18,2020081801016397,FMDBL,49,41,50,518.00,"25,900.00"
2020-08-18,2020081801016396,FMDBL,39,41,20,519.00,"10,380.00"
2020-08-18,2020081801016353,FMDBL,46,51,100,520.00,"52,000.00"
2020-08-18,2020081801016510,FOWAD,26,38,13,"1,520.00","19,760.00"
2020-08-18,2020081801016341,FOWAD,26,14,30,"1,519.00","45,570.00"
2020-08-18,2020081801016404,GBBL,52,29,82,236.00,"19,352.00"
2020-08-18,2020081801016662,GBIME,7,39,100,254.00,"25,400.00"
2020-08-18,2020081801016629,GBIME,11,39,136,254.00,"34,544.00"
2020-08-18,2020081801016628,GBIME,11,58,54,254.00,"13,716.00"
2020-08-18,2020081801016618,GBIME,42,58,20,254.00,"5,080.00"
2020-08-18,2020081801016617,GBIME,43,58,37,254.00,"9,398.00"
2020-08-18,2020081801016643,GFCL,57,55,35,152.00,"5,320.00"
2020-08-18,2020081801016642,GFCL,51,55,465,152.00,"70,680.00"
2020-08-18,2020081801016505,GGBSL,38,28,10,800.00,"8,000.00"
2020-08-18,2020081801016461,GGBSL,38,25,10,794.00,"7,940.00"
2020-08-18,2020081801016504,GHL,58,26,20,56.00,"1,120.00"
2020-08-18,2020081801016484,GIMES1,58,26,"1,000",8.64,"8,640.00"
2020-08-18,2020081801016678,GLBSL,17,47,20,758.00,"15,160.00"
2020-08-18,2020081801016653,GLBSL,26,47,60,758.00,"45,480.00"
2020-08-18,2020081801016586,GLBSL,26,49,20,758.00,"15,160.00"
2020-08-18,2020081801016467,GLBSL,26,47,20,757.00,"15,140.00"
2020-08-18,2020081801016777,GMFBS,28,19,20,760.00,"15,200.00"
2020-08-18,2020081801016507,GUFL,35,38,457,117.00,"53,469.00"
2020-08-18,2020081801016598,HBL,44,14,200,550.00,"110,000.00"
2020-08-18,2020081801016474,HBL,44,14,176,550.00,"96,800.00"
2020-08-18,2020081801016473,HBL,33,14,50,551.00,"27,550.00"
2020-08-18,2020081801016472,HBL,45,14,50,551.00,"27,550.00"
2020-08-18,2020081801016471,HBL,55,14,50,552.00,"27,600.00"
2020-08-18,2020081801016470,HBL,55,14,50,553.00,"27,650.00"
2020-08-18,2020081801016787,HDL,22,34,10,"1,667.00","16,670.00"
2020-08-18,2020081801016784,HGI,45,6,74,423.00,"31,302.00"
2020-08-18,2020081801016567,HGI,45,6,100,423.00,"42,300.00"
2020-08-18,2020081801016566,HGI,29,6,150,423.00,"63,450.00"
2020-08-18,2020081801016409,HGI,29,45,50,423.00,"21,150.00"
2020-08-18,2020081801016755,IGI,39,19,100,486.00,"48,600.00"
2020-08-18,2020081801016403,IGI,59,13,50,487.00,"24,350.00"
2020-08-18,2020081801016313,ILBS,6,22,10,742.00,"7,420.00"
2020-08-18,2020081801016301,JSLBB,33,49,67,"1,371.00","91,857.00"
2020-08-18,2020081801016637,KBL,37,14,"1,000",186.00,"186,000.00"
2020-08-18,2020081801016549,KBL,16,14,100,186.00,"18,600.00"
2020-08-18,2020081801016497,KBL,48,22,"1,336",185.00,"247,160.00"
2020-08-18,2020081801016439,KBL,38,14,255,186.00,"47,430.00"
2020-08-18,2020081801016438,KBL,38,36,245,186.00,"45,570.00"
2020-08-18,2020081801016385,KBL,48,38,500,185.00,"92,500.00"
2020-08-18,2020081801016355,KBL,48,14,"1,431",185.00,"264,735.00"
2020-08-18,2020081801016354,KBL,43,14,54,185.00,"9,990.00"
2020-08-18,2020081801016556,KMCDB,1,44,10,732.00,"7,320.00"
2020-08-18,2020081801016743,KPCL,25,32,10,109.00,"1,090.00"
2020-08-18,2020081801016742,KPCL,25,19,10,108.00,"1,080.00"
2020-08-18,2020081801016741,KPCL,25,13,10,107.00,"1,070.00"
2020-08-18,2020081801016568,KRBL,44,38,121,103.00,"12,463.00"
2020-08-18,2020081801016545,LBBL,52,49,43,184.00,"7,912.00"
2020-08-18,2020081801016544,LBBL,52,52,135,184.00,"24,840.00"
2020-08-18,2020081801016543,LBBL,52,48,125,184.00,"23,000.00"
2020-08-18,2020081801016542,LBBL,52,47,19,184.00,"3,496.00"
2020-08-18,2020081801016541,LBBL,52,47,384,184.00,"70,656.00"
2020-08-18,2020081801016540,LBBL,52,10,"1,458",183.00,"266,814.00"
2020-08-18,2020081801016539,LBBL,52,14,"1,836",183.00,"335,988.00"
2020-08-18,2020081801016371,LBBL,52,14,"1,000",182.00,"182,000.00"
2020-08-18,2020081801016554,LBL,25,52,300,226.00,"67,800.00"
2020-08-18,2020081801016553,LBL,50,52,200,227.00,"45,400.00"
2020-08-18,2020081801016441,LBL,6,32,134,227.00,"30,418.00"
2020-08-18,2020081801016795,LGIL,38,29,10,473.00,"4,730.00"
2020-08-18,2020081801016789,LGIL,16,56,100,472.00,"47,200.00"
2020-08-18,2020081801016788,LGIL,48,29,10,473.00,"4,730.00"
2020-08-18,2020081801016591,LGIL,16,48,736,472.00,"347,392.00"
2020-08-18,2020081801016469,LGIL,6,6,112,474.00,"53,088.00"
2020-08-18,2020081801016468,LGIL,6,51,88,473.00,"41,624.00"
2020-08-18,2020081801016408,LGIL,16,49,100,472.00,"47,200.00"
2020-08-18,2020081801016407,LGIL,16,6,50,472.00,"23,600.00"
2020-08-18,2020081801016317,LGIL,36,41,105,471.00,"49,455.00"
2020-08-18,2020081801016370,LICN,26,48,200,"1,461.00","292,200.00"
2020-08-18,2020081801016596,MBL,39,28,"1,000",224.00,"224,000.00"
2020-08-18,2020081801016332,MBL,47,52,100,225.00,"22,500.00"
2020-08-18,2020081801016559,MEGA,56,36,200,220.00,"44,000.00"
2020-08-18,2020081801016452,MEGA,56,29,45,220.00,"9,900.00"
2020-08-18,2020081801016451,MEGA,42,29,80,220.00,"17,600.00"
2020-08-18,2020081801016450,MEGA,38,29,75,220.00,"16,500.00"
2020-08-18,2020081801016340,MEGA,38,38,25,220.00,"5,500.00"
2020-08-18,2020081801016339,MEGA,33,38,75,220.00,"16,500.00"
2020-08-18,2020081801016338,MEGA,34,38,100,220.00,"22,000.00"
2020-08-18,2020081801016337,MEGA,46,38,300,220.00,"66,000.00"
2020-08-18,2020081801016726,MERO,32,14,250,634.00,"158,500.00"
2020-08-18,2020081801016328,MERO,54,14,50,634.00,"31,700.00"
2020-08-18,2020081801016327,MERO,32,14,100,634.00,"63,400.00"
2020-08-18,2020081801016739,MFIL,22,51,10,272.00,"2,720.00"
2020-08-18,2020081801016651,MHNL,47,59,20,82.00,"1,640.00"
2020-08-18,2020081801016605,MHNL,47,34,30,81.00,"2,430.00"
2020-08-18,2020081801016604,MHNL,47,45,30,81.00,"2,430.00"
2020-08-18,2020081801016548,MHNL,48,19,520,80.00,"41,600.00"
2020-08-18,2020081801016725,MNBBL,49,6,100,320.00,"32,000.00"
2020-08-18,2020081801016465,MSMBS,36,58,21,660.00,"13,860.00"
2020-08-18,2020081801016464,MSMBS,41,58,20,661.00,"13,220.00"
2020-08-18,2020081801016582,NBB,44,6,15,195.00,"2,925.00"
2020-08-18,2020081801016382,NBB,44,52,75,195.00,"14,625.00"
2020-08-18,2020081801016381,NBB,34,52,25,195.00,"4,875.00"
2020-08-18,2020081801016798,NBL,33,58,182,284.00,"51,688.00"
2020-08-18,2020081801016797,NBL,33,14,225,283.00,"63,675.00"
2020-08-18,2020081801016796,NBL,33,29,93,283.00,"26,319.00"
2020-08-18,2020081801016757,NBL,53,29,100,283.00,"28,300.00"
2020-08-18,2020081801016715,NBL,33,29,207,283.00,"58,581.00"
2020-08-18,2020081801016714,NBL,33,58,"1,793",283.00,"507,419.00"
2020-08-18,2020081801016490,NBL,13,58,207,283.00,"58,581.00"
2020-08-18,2020081801016489,NBL,13,33,793,283.00,"224,419.00"
2020-08-18,2020081801016793,NCCB,58,29,10,193.00,"1,930.00"
2020-08-18,2020081801016792,NCCB,58,38,300,192.00,"57,600.00"
2020-08-18,2020081801016606,NCCB,33,29,20,193.00,"3,860.00"
2020-08-18,2020081801016635,NFS,34,22,200,162.00,"32,400.00"
2020-08-18,2020081801016368,NFS,34,41,380,159.00,"60,420.00"
2020-08-18,2020081801016446,NGPL,22,35,28,118.00,"3,304.00"
2020-08-18,2020081801016445,NGPL,22,17,11,118.00,"1,298.00"
2020-08-18,2020081801016444,NGPL,22,49,11,118.00,"1,298.00"
2020-08-18,2020081801016443,NGPL,22,45,50,118.00,"5,900.00"
2020-08-18,2020081801016319,NHPC,39,33,120,53.00,"6,360.00"
2020-08-18,2020081801016647,NIB,45,41,200,417.00,"83,400.00"
2020-08-18,2020081801016646,NIB,44,41,50,417.00,"20,850.00"
2020-08-18,2020081801016645,NIB,57,41,100,417.00,"41,700.00"
2020-08-18,2020081801016644,NIB,34,41,105,417.00,"43,785.00"
2020-08-18,2020081801016466,NICA,45,39,250,565.00,"141,250.00"
2020-08-18,2020081801016425,NICA,49,35,294,564.00,"165,816.00"
2020-08-18,2020081801016424,NICA,45,35,50,564.00,"28,200.00"
2020-08-18,2020081801016423,NICA,26,35,100,564.00,"56,400.00"
2020-08-18,2020081801016422,NICA,19,35,50,564.00,"28,200.00"
2020-08-18,2020081801016421,NICA,36,35,62,564.00,"34,968.00"
2020-08-18,2020081801016420,NICA,59,35,54,564.00,"30,456.00"
2020-08-18,2020081801016668,NICL,14,33,100,471.00,"47,100.00"
2020-08-18,2020081801016506,NICL,47,33,200,471.00,"94,200.00"
2020-08-18,2020081801016737,NIL,16,55,100,672.00,"67,200.00"
2020-08-18,2020081801016735,NIL,59,55,100,672.00,"67,200.00"
2020-08-18,2020081801016677,NIL,42,55,24,670.00,"16,080.00"
2020-08-18,2020081801016676,NIL,28,55,100,670.00,"67,000.00"
2020-08-18,2020081801016675,NIL,42,55,100,670.00,"67,000.00"
2020-08-18,2020081801016674,NIL,4,55,226,671.00,"151,646.00"
2020-08-18,2020081801016587,NIL,49,34,50,672.00,"33,600.00"
2020-08-18,2020081801016498,NIL,50,49,100,673.00,"67,300.00"
2020-08-18,2020081801016673,NIL,52,55,500,672.00,"336,000.00"
2020-08-18,2020081801016672,NIL,18,55,50,672.00,"33,600.00"
2020-08-18,2020081801016634,NIL,18,36,50,672.00,"33,600.00"
2020-08-18,2020081801016633,NIL,18,34,100,672.00,"67,200.00"
2020-08-18,2020081801016599,NIL,50,34,100,672.00,"67,200.00"
2020-08-18,2020081801016592,NIL,13,34,50,672.00,"33,600.00"
2020-08-18,2020081801016560,NLG,44,34,597,680.00,"405,960.00"
2020-08-18,2020081801016532,NLG,50,49,21,685.00,"14,385.00"
2020-08-18,2020081801016768,NLIC,57,35,50,"1,360.00","68,000.00"
2020-08-18,2020081801016767,NLIC,33,35,50,"1,360.00","68,000.00"
2020-08-18,2020081801016766,NLIC,54,35,100,"1,360.00","136,000.00"
2020-08-18,2020081801016765,NLIC,35,35,300,"1,360.00","408,000.00"
2020-08-18,2020081801016764,NLIC,34,35,422,"1,360.00","573,920.00"
2020-08-18,2020081801016693,NLIC,8,59,200,"1,364.00","272,800.00"
2020-08-18,2020081801016305,NLIC,5,20,16,"1,361.00","21,776.00"
2020-08-18,2020081801016352,NLIC,44,50,100,"1,365.00","136,500.00"
2020-08-18,2020081801016351,NLIC,44,59,100,"1,365.00","136,500.00"
2020-08-18,2020081801016316,NLIC,34,51,54,"1,360.00","73,440.00"
2020-08-18,2020081801016315,NLIC,34,51,46,"1,364.00","62,744.00"
2020-08-18,2020081801016312,NLIC,34,32,200,"1,364.00","272,800.00"
2020-08-18,2020081801016311,NLIC,34,10,30,"1,364.00","40,920.00"
2020-08-18,2020081801016413,NLIC,49,57,50,"1,365.00","68,250.00"
2020-08-18,2020081801016412,NLIC,49,45,26,"1,365.00","35,490.00"
2020-08-18,2020081801016411,NLIC,49,52,31,"1,365.00","42,315.00"
2020-08-18,2020081801016410,NLIC,49,50,200,"1,365.00","273,000.00"
2020-08-18,2020081801016361,NLIC,45,37,24,"1,361.00","32,664.00"
2020-08-18,2020081801016360,NLIC,10,37,16,"1,361.00","21,776.00"
2020-08-18,2020081801016692,NLIC,8,16,100,"1,364.00","136,400.00"
2020-08-18,2020081801016664,NLIC,34,25,524,"1,360.00","712,640.00"
2020-08-18,2020081801016607,NLIC,13,25,476,"1,361.00","647,836.00"
2020-08-18,2020081801016485,NLIC,13,41,500,"1,361.00","680,500.00"
2020-08-18,2020081801016433,NLIC,13,42,24,"1,361.00","32,664.00"
2020-08-18,2020081801016432,NLIC,45,42,76,"1,361.00","103,436.00"
2020-08-18,2020081801016799,NLICL,21,41,50,673.00,"33,650.00"
2020-08-18,2020081801016663,NLICL,16,39,276,672.00,"185,472.00"
2020-08-18,2020081801016561,NLICL,39,50,100,671.00,"67,100.00"
2020-08-18,2020081801016520,NLICL,39,57,100,671.00,"67,100.00"
2020-08-18,2020081801016310,NLICL,44,6,200,672.00,"134,400.00"
2020-08-18,2020081801016627,NMB,5,39,500,413.00,"206,500.00"
2020-08-18,2020081801016531,NMB,41,28,25,412.00,"10,300.00"
2020-08-18,2020081801016530,NMB,51,28,20,412.00,"8,240.00"
2020-08-18,2020081801016454,NMB,50,59,20,412.00,"8,240.00"
2020-08-18,2020081801016453,NMB,34,59,27,412.00,"11,124.00"
2020-08-18,2020081801016320,NMB,34,28,45,412.00,"18,540.00"
2020-08-18,2020081801016318,NMB,49,39,100,413.00,"41,300.00"
2020-08-18,2020081801016304,NMB,34,1,95,412.00,"39,140.00"
2020-08-18,2020081801016709,NMBHF1,7,4,"5,000",10.00,"50,000.00"
2020-08-18,2020081801016488,NMBHF1,33,4,"5,000",10.00,"50,000.00"
2020-08-18,2020081801016494,NMBMF,58,19,95,723.00,"68,685.00"
2020-08-18,2020081801016493,NMBMF,58,42,30,723.00,"21,690.00"
2020-08-18,2020081801016492,NMBMF,58,17,50,723.00,"36,150.00"
2020-08-18,2020081801016491,NMBMF,58,59,21,723.00,"15,183.00"
2020-08-18,2020081801016783,NRIC,34,1,25,590.00,"14,750.00"
2020-08-18,2020081801016782,NRIC,34,58,95,590.00,"56,050.00"
2020-08-18,2020081801016665,NRIC,49,58,10,590.00,"5,900.00"
2020-08-18,2020081801016661,NRIC,49,58,45,590.00,"26,550.00"
2020-08-18,2020081801016660,NRIC,49,51,60,590.00,"35,400.00"
2020-08-18,2020081801016659,NRIC,49,35,50,590.00,"29,500.00"
2020-08-18,2020081801016342,NRIC,28,35,10,590.00,"5,900.00"
2020-08-18,2020081801016496,NRIC,36,51,50,589.00,"29,450.00"
2020-08-18,2020081801016463,NRIC,44,45,100,590.00,"59,000.00"
2020-08-18,2020081801016378,NRIC,36,33,40,589.00,"23,560.00"
2020-08-18,2020081801016369,NRIC,36,44,40,589.00,"23,560.00"
2020-08-18,2020081801016344,NRIC,28,45,150,590.00,"88,500.00"
2020-08-18,2020081801016343,NRIC,28,29,40,590.00,"23,600.00"
2020-08-18,2020081801016588,NRIC,36,51,40,589.00,"23,560.00"
2020-08-18,2020081801016584,NRIC,36,57,500,589.00,"294,500.00"
2020-08-18,2020081801016563,NRIC,59,22,10,590.00,"5,900.00"
2020-08-18,2020081801016562,NRIC,59,45,150,590.00,"88,500.00"
2020-08-18,2020081801016551,NRIC,36,34,40,589.00,"23,560.00"
2020-08-18,2020081801016509,NRIC,36,17,140,589.00,"82,460.00"
2020-08-18,2020081801016658,NRIC,49,43,50,590.00,"29,500.00"
2020-08-18,2020081801016657,NRIC,49,43,40,590.00,"23,600.00"
2020-08-18,2020081801016656,NRIC,49,42,65,590.00,"38,350.00"
2020-08-18,2020081801016655,NRIC,49,43,40,590.00,"23,600.00"
2020-08-18,2020081801016654,NRIC,49,22,290,590.00,"171,100.00"
2020-08-18,2020081801016630,NRIC,36,35,40,589.00,"23,560.00"
2020-08-18,2020081801016761,NTC,29,6,20,660.00,"13,200.00"
2020-08-18,2020081801016707,NUBL,16,13,20,947.00,"18,940.00"
2020-08-18,2020081801016585,NUBL,25,13,50,947.00,"47,350.00"
2020-08-18,2020081801016459,NUBL,17,38,25,944.00,"23,600.00"
2020-08-18,2020081801016458,NUBL,17,39,50,944.00,"47,200.00"
2020-08-18,2020081801016694,OHL,59,33,30,339.00,"10,170.00"
2020-08-18,2020081801016557,OHL,59,33,10,339.00,"3,390.00"
2020-08-18,2020081801016508,OHL,45,59,10,336.00,"3,360.00"
2020-08-18,2020081801016336,PCBL,53,49,246,277.00,"68,142.00"
2020-08-18,2020081801016581,PIC,51,38,10,668.00,"6,680.00"
2020-08-18,2020081801016546,PIC,51,25,10,668.00,"6,680.00"
2020-08-18,2020081801016372,PIC,49,25,10,668.00,"6,680.00"
2020-08-18,2020081801016303,PIC,29,25,80,668.00,"53,440.00"
2020-08-18,2020081801016734,PICL,32,10,10,474.00,"4,740.00"
2020-08-18,2020081801016733,PICL,32,11,70,473.00,"33,110.00"
2020-08-18,2020081801016552,PLIC,49,51,85,550.00,"46,750.00"
2020-08-18,2020081801016535,PLIC,49,41,100,550.00,"55,000.00"
2020-08-18,2020081801016534,PLIC,14,41,50,551.00,"27,550.00"
2020-08-18,2020081801016533,PLIC,40,41,100,551.00,"55,100.00"
2020-08-18,2020081801016478,PLIC,49,45,64,555.00,"35,520.00"
2020-08-18,2020081801016477,PLIC,49,37,36,555.00,"19,980.00"
2020-08-18,2020081801016476,PLIC,49,51,100,554.00,"55,400.00"
2020-08-18,2020081801016753,PRIN,5,45,150,525.00,"78,750.00"
2020-08-18,2020081801016752,PRIN,5,51,100,525.00,"52,500.00"
2020-08-18,2020081801016751,PRIN,5,49,28,525.00,"14,700.00"
2020-08-18,2020081801016750,PRIN,5,44,50,525.00,"26,250.00"
2020-08-18,2020081801016749,PRIN,5,1,10,525.00,"5,250.00"
2020-08-18,2020081801016748,PRIN,5,51,100,525.00,"52,500.00"
2020-08-18,2020081801016528,PRIN,6,41,100,524.00,"52,400.00"
2020-08-18,2020081801016442,PRIN,6,46,"1,500",524.00,"786,000.00"
2020-08-18,2020081801016747,PRIN,5,59,100,525.00,"52,500.00"
2020-08-18,2020081801016746,PRIN,5,44,381,525.00,"200,025.00"
2020-08-18,2020081801016648,PRIN,39,44,89,525.00,"46,725.00"
2020-08-18,2020081801016583,PRIN,6,50,45,524.00,"23,580.00"
2020-08-18,2020081801016558,PRIN,14,44,10,525.00,"5,250.00"
2020-08-18,2020081801016547,PRIN,6,58,600,524.00,"314,400.00"
2020-08-18,2020081801016652,PRVU,37,26,50,225.00,"11,250.00"
2020-08-18,2020081801016641,PRVU,50,26,80,225.00,"18,000.00"
2020-08-18,2020081801016521,PRVU,52,26,150,225.00,"33,750.00"
2020-08-18,2020081801016392,PRVU,52,35,100,225.00,"22,500.00"
2020-08-18,2020081801016391,PRVU,52,52,250,225.00,"56,250.00"
2020-08-18,2020081801016774,PRVUPO,45,58,"158,553",130.00,"20,611,900.00"
2020-08-18,2020081801016460,PRVUPO,59,58,"100,000",128.00,"12,800,000.00"
2020-08-18,2020081801016359,PRVUPO,59,58,"25,000",126.00,"3,150,000.00"
2020-08-18,2020081801016779,RADHI,43,52,50,177.00,"8,850.00"
2020-08-18,2020081801016730,RADHI,13,59,173,178.00,"30,794.00"
2020-08-18,2020081801016729,RADHI,13,38,100,178.00,"17,800.00"
2020-08-18,2020081801016728,RADHI,13,56,12,178.00,"2,136.00"
2020-08-18,2020081801016727,RADHI,13,56,12,178.00,"2,136.00"
2020-08-18,2020081801016620,RADHI,43,8,13,177.00,"2,301.00"
2020-08-18,2020081801016500,RADHI,43,51,11,177.00,"1,947.00"
2020-08-18,2020081801016499,RADHI,43,21,12,177.00,"2,124.00"
2020-08-18,2020081801016334,RADHI,43,34,12,177.00,"2,124.00"
2020-08-18,2020081801016333,RADHI,43,56,12,177.00,"2,124.00"
2020-08-18,2020081801016685,RBCL,58,57,10,"9,500.00","95,000.00"
2020-08-18,2020081801016763,RHPC,42,49,89,87.00,"7,743.00"
2020-08-18,2020081801016762,RHPC,51,49,61,87.00,"5,307.00"
2020-08-18,2020081801016640,RHPC,51,29,100,88.00,"8,800.00"
2020-08-18,2020081801016731,RHPL,42,52,20,147.00,"2,940.00"
2020-08-18,2020081801016350,RMDC,36,45,218,754.00,"164,372.00"
2020-08-18,2020081801016349,RMDC,36,34,58,754.00,"43,732.00"
2020-08-18,2020081801016348,RMDC,36,50,25,754.00,"18,850.00"
2020-08-18,2020081801016347,RMDC,36,3,103,754.00,"77,662.00"
2020-08-18,2020081801016346,RMDC,36,44,26,753.00,"19,578.00"
2020-08-18,2020081801016345,RMDC,36,33,70,753.00,"52,710.00"
2020-08-18,2020081801016695,SABSL,46,39,11,731.00,"8,041.00"
2020-08-18,2020081801016538,SABSL,46,1,11,723.00,"7,953.00"
2020-08-18,2020081801016366,SABSL,46,48,11,723.00,"7,953.00"
2020-08-18,2020081801016786,SANIMA,36,28,220,335.00,"73,700.00"
2020-08-18,2020081801016781,SANIMA,52,28,500,335.00,"167,500.00"
2020-08-18,2020081801016418,SANIMA,38,28,50,335.00,"16,750.00"
2020-08-18,2020081801016380,SANIMA,55,28,230,335.00,"77,050.00"
2020-08-18,2020081801016379,SANIMA,55,57,70,335.00,"23,450.00"
2020-08-18,2020081801016773,SBI,40,11,100,410.00,"41,000.00"
2020-08-18,2020081801016772,SBI,32,11,135,410.00,"55,350.00"
2020-08-18,2020081801016771,SBI,59,11,36,410.00,"14,760.00"
2020-08-18,2020081801016770,SBI,14,11,10,410.00,"4,100.00"
2020-08-18,2020081801016769,SBI,8,11,22,410.00,"9,020.00"
2020-08-18,2020081801016691,SBI,48,11,32,412.00,"13,184.00"
2020-08-18,2020081801016785,SBL,3,35,100,296.00,"29,600.00"
2020-08-18,2020081801016745,SBL,3,32,186,297.00,"55,242.00"
2020-08-18,2020081801016744,SBL,3,16,14,297.00,"4,158.00"
2020-08-18,2020081801016667,SBL,3,14,100,296.00,"29,600.00"
2020-08-18,2020081801016666,SBL,10,14,500,296.00,"148,000.00"
2020-08-18,2020081801016684,SCB,13,52,100,644.00,"64,400.00"
2020-08-18,2020081801016683,SCB,13,14,150,644.00,"96,600.00"
2020-08-18,2020081801016682,SCB,13,35,50,643.00,"32,150.00"
2020-08-18,2020081801016537,SCB,55,42,75,641.00,"48,075.00"
2020-08-18,2020081801016706,SFCL,35,49,10,110.00,"1,100.00"
2020-08-18,2020081801016329,SFCL,10,57,500,109.00,"54,500.00"
2020-08-18,2020081801016406,SHINE,4,19,50,234.00,"11,700.00"
2020-08-18,2020081801016671,SHIVM,10,35,100,600.00,"60,000.00"
2020-08-18,2020081801016625,SHIVM,48,35,405,600.00,"243,000.00"
2020-08-18,2020081801016624,SHIVM,48,51,25,600.00,"15,000.00"
2020-08-18,2020081801016623,SHIVM,48,50,510,600.00,"306,000.00"
2020-08-18,2020081801016523,SHIVM,58,35,20,600.00,"12,000.00"
2020-08-18,2020081801016522,SHIVM,58,25,490,599.00,"293,510.00"
2020-08-18,2020081801016449,SHIVM,56,25,10,599.00,"5,990.00"
2020-08-18,2020081801016448,SHIVM,56,22,10,598.00,"5,980.00"
2020-08-18,2020081801016417,SHIVM,56,11,50,592.00,"29,600.00"
2020-08-18,2020081801016622,SHIVM,48,1,10,600.00,"6,000.00"
2020-08-18,2020081801016621,SHIVM,48,49,50,599.00,"29,950.00"
2020-08-18,2020081801016527,SHIVM,58,1,40,600.00,"24,000.00"
2020-08-18,2020081801016526,SHIVM,58,5,200,600.00,"120,000.00"
2020-08-18,2020081801016525,SHIVM,58,57,200,600.00,"120,000.00"
2020-08-18,2020081801016524,SHIVM,58,22,50,600.00,"30,000.00"
2020-08-18,2020081801016603,SHPC,57,36,183,228.00,"41,724.00"
2020-08-18,2020081801016358,SIC,7,14,30,780.00,"23,400.00"
2020-08-18,2020081801016447,SICL,57,10,35,"1,244.00","43,540.00"
2020-08-18,2020081801016426,SICL,36,42,25,"1,245.00","31,125.00"
2020-08-18,2020081801016780,SIL,39,36,50,636.00,"31,800.00"
2020-08-18,2020081801016670,SIL,44,10,60,638.00,"38,280.00"
2020-08-18,2020081801016632,SIL,44,38,490,638.00,"312,620.00"
2020-08-18,2020081801016619,SIL,39,59,50,636.00,"31,800.00"
2020-08-18,2020081801016593,SIL,6,38,10,638.00,"6,380.00"
2020-08-18,2020081801016519,SIL,44,3,170,634.00,"107,780.00"
2020-08-18,2020081801016395,SIL,42,35,10,637.00,"6,370.00"
2020-08-18,2020081801016518,SIL,44,3,"2,000",635.00,"1,270,000.00"
2020-08-18,2020081801016517,SIL,39,3,200,635.00,"127,000.00"
2020-08-18,2020081801016516,SIL,22,3,100,635.00,"63,500.00"
2020-08-18,2020081801016515,SIL,44,3,"1,000",635.00,"635,000.00"
2020-08-18,2020081801016514,SIL,45,3,50,636.00,"31,800.00"
2020-08-18,2020081801016513,SIL,22,3,80,636.00,"50,880.00"
2020-08-18,2020081801016594,SJCL,42,29,10,134.00,"1,340.00"
2020-08-18,2020081801016512,SJCL,42,58,10,133.00,"1,330.00"
2020-08-18,2020081801016565,SKBBL,46,48,11,"1,282.00","14,102.00"
2020-08-18,2020081801016462,SKBBL,32,39,10,"1,283.00","12,830.00"
2020-08-18,2020081801016457,SKBBL,7,28,174,"1,279.00","222,546.00"
2020-08-18,2020081801016456,SKBBL,6,28,316,"1,279.00","404,164.00"
2020-08-18,2020081801016455,SKBBL,50,28,110,"1,280.00","140,800.00"
2020-08-18,2020081801016405,SKBBL,32,39,20,"1,283.00","25,660.00"
2020-08-18,2020081801016415,SLBBL,45,25,100,800.00,"80,000.00"
2020-08-18,2020081801016690,SLBBL,33,28,100,799.00,"79,900.00"
2020-08-18,2020081801016416,SLBBL,33,28,100,799.00,"79,900.00"
2020-08-18,2020081801016791,SLICL,44,13,10,464.00,"4,640.00"
2020-08-18,2020081801016435,SLICL,38,35,200,460.00,"92,000.00"
2020-08-18,2020081801016434,SLICL,34,35,500,460.00,"230,000.00"
2020-08-18,2020081801016367,SLICL,45,45,500,463.00,"231,500.00"
2020-08-18,2020081801016314,SLICL,38,41,500,460.00,"230,000.00"
2020-08-18,2020081801016597,SMB,57,46,10,871.00,"8,710.00"
2020-08-18,2020081801016365,SMFBS,29,58,10,880.00,"8,800.00"
2020-08-18,2020081801016394,SPDL,33,19,15,104.00,"1,560.00"
2020-08-18,2020081801016393,SPDL,33,47,30,104.00,"3,120.00"
2020-08-18,2020081801016760,STC,7,52,100,"2,770.00","277,000.00"
2020-08-18,2020081801016759,STC,7,16,20,"2,768.00","55,360.00"
2020-08-18,2020081801016758,STC,7,49,10,"2,761.00","27,610.00"
2020-08-18,2020081801016483,STC,28,49,15,"2,761.00","41,415.00"
2020-08-18,2020081801016482,STC,28,38,25,"2,759.00","68,975.00"
2020-08-18,2020081801016481,STC,28,10,30,"2,759.00","82,770.00"
2020-08-18,2020081801016480,STC,28,25,20,"2,759.00","55,180.00"
2020-08-18,2020081801016479,STC,28,17,10,"2,758.00","27,580.00"
2020-08-18,2020081801016428,STC,28,5,100,"2,755.00","275,500.00"
2020-08-18,2020081801016427,STC,28,43,10,"2,755.00","27,550.00"
2020-08-18,2020081801016331,STC,7,43,90,"2,755.00","247,950.00"
2020-08-18,2020081801016330,STC,7,33,10,"2,755.00","27,550.00"
2020-08-18,2020081801016503,SWBBL,18,25,200,"1,197.00","239,400.00"
2020-08-18,2020081801016502,SWBBL,18,34,50,"1,197.00","59,850.00"
2020-08-18,2020081801016501,SWBBL,18,51,40,"1,196.00","47,840.00"
2020-08-18,2020081801016778,TMDBL,35,14,51,166.00,"8,466.00"
2020-08-18,2020081801016688,TRH,25,57,190,205.00,"38,950.00"
2020-08-18,2020081801016687,TRH,57,57,30,206.00,"6,180.00"
2020-08-18,2020081801016686,TRH,59,57,100,206.00,"20,600.00"
2020-08-18,2020081801016712,UIC,46,58,48,400.00,"19,200.00"
2020-08-18,2020081801016711,UIC,46,49,80,400.00,"32,000.00"
2020-08-18,2020081801016710,UIC,46,14,172,400.00,"68,800.00"
2020-08-18,2020081801016681,UIC,45,52,500,398.00,"199,000.00"
2020-08-18,2020081801016680,UIC,46,52,500,399.00,"199,500.00"
2020-08-18,2020081801016595,UPCL,39,1,150,70.00,"10,500.00"
2020-08-18,2020081801016495,UPCL,48,1,"2,000",70.00,"140,000.00"
2020-08-18,2020081801016732,UPPER,44,57,50,219.00,"10,950.00"
2020-08-18,2020081801016705,UPPER,44,14,208,219.00,"45,552.00"
2020-08-18,2020081801016307,UPPER,21,14,50,220.00,"11,000.00"
2020-08-18,2020081801016357,UPPER,41,33,25,219.00,"5,475.00"
2020-08-18,2020081801016356,UPPER,41,33,25,219.00,"5,475.00"
2020-08-18,2020081801016309,UPPER,19,14,10,220.00,"2,200.00"
2020-08-18,2020081801016308,UPPER,26,14,16,220.00,"3,520.00"
2020-08-18,2020081801016698,UPPER,5,14,200,219.00,"43,800.00"
2020-08-18,2020081801016697,UPPER,52,14,500,219.00,"109,500.00"
2020-08-18,2020081801016696,UPPER,41,14,75,219.00,"16,425.00"
2020-08-18,2020081801016608,UPPER,57,14,107,220.00,"23,540.00"
2020-08-18,2020081801016704,UPPER,44,14,500,219.00,"109,500.00"
2020-08-18,2020081801016703,UPPER,1,14,310,219.00,"67,890.00"
2020-08-18,2020081801016702,UPPER,40,14,400,219.00,"87,600.00"
2020-08-18,2020081801016701,UPPER,57,14,500,219.00,"109,500.00"
2020-08-18,2020081801016700,UPPER,50,14,100,219.00,"21,900.00"
2020-08-18,2020081801016699,UPPER,41,14,"1,000",219.00,"219,000.00"
2020-08-18,2020081801016639,VLBS,7,35,47,883.00,"41,501.00"
2020-08-18,2020081801016638,VLBS,7,35,23,883.00,"20,309.00"
2020-08-18,2020081801016776,WOMI,55,26,10,873.00,"8,730.00"
2020-08-18,2020081801016295,ACLBSL,50,29,105,705.00,"74,025.00"
2020-08-18,2020081801016112,ACLBSL,34,29,30,707.00,"21,210.00"
2020-08-18,2020081801016096,ACLBSL,50,28,10,705.00,"7,050.00"
2020-08-18,2020081801015977,ADBL,55,14,661,415.00,"274,315.00"
2020-08-18,2020081801015976,ADBL,55,14,339,415.00,"140,685.00"
2020-08-18,2020081801015890,ADBL,55,49,70,415.00,"29,050.00"
2020-08-18,2020081801016279,AHPC,49,38,132,94.00,"12,408.00"
2020-08-18,2020081801016245,AIL,48,48,10,488.00,"4,880.00"
2020-08-18,2020081801016241,AIL,48,14,10,488.00,"4,880.00"
2020-08-18,2020081801016195,AIL,48,14,10,488.00,"4,880.00"
2020-08-18,2020081801016147,AIL,5,5,10,488.00,"4,880.00"
2020-08-18,2020081801016146,AIL,5,49,60,488.00,"29,280.00"
2020-08-18,2020081801016145,AIL,5,35,20,488.00,"9,760.00"
2020-08-18,2020081801015908,AIL,59,58,200,488.00,"97,600.00"
2020-08-18,2020081801015902,AIL,22,29,10,487.00,"4,870.00"
2020-08-18,2020081801015901,AIL,44,29,80,487.00,"38,960.00"
2020-08-18,2020081801015805,AIL,44,20,10,487.00,"4,870.00"
2020-08-18,2020081801016014,AIL,36,40,10,487.00,"4,870.00"
2020-08-18,2020081801016009,AIL,33,45,100,488.00,"48,800.00"
2020-08-18,2020081801015985,AIL,42,45,100,488.00,"48,800.00"
2020-08-18,2020081801015963,AIL,36,28,10,487.00,"4,870.00"
2020-08-18,2020081801015924,AIL,36,57,90,487.00,"43,830.00"
2020-08-18,2020081801015923,AIL,22,57,40,487.00,"19,480.00"
2020-08-18,2020081801016144,AIL,5,28,10,488.00,"4,880.00"
2020-08-18,2020081801016143,AIL,5,45,40,488.00,"19,520.00"
2020-08-18,2020081801016104,AIL,36,26,10,487.00,"4,870.00"
2020-08-18,2020081801016077,AIL,36,46,10,487.00,"4,870.00"
2020-08-18,2020081801016035,AIL,36,6,50,487.00,"24,350.00"
2020-08-18,2020081801016031,AIL,16,45,100,488.00,"48,800.00"
2020-08-18,2020081801015904,AKPL,19,52,905,114.00,"103,170.00"
2020-08-18,2020081801015903,AKPL,54,52,395,114.00,"45,030.00"
2020-08-18,2020081801016103,ALICL,49,7,50,640.00,"32,000.00"
2020-08-18,2020081801016047,ALICL,49,38,266,640.00,"170,240.00"
2020-08-18,2020081801016046,ALICL,55,38,100,640.00,"64,000.00"
2020-08-18,2020081801016045,ALICL,16,38,29,640.00,"18,560.00"
2020-08-18,2020081801015979,ALICL,14,55,400,641.00,"256,400.00"
2020-08-18,2020081801015978,ALICL,45,55,500,641.00,"320,500.00"
2020-08-18,2020081801016261,API,56,56,50,110.00,"5,500.00"
2020-08-18,2020081801015965,API,8,22,483,109.00,"52,647.00"
2020-08-18,2020081801016095,BOKL,54,32,310,224.00,"69,440.00"
2020-08-18,2020081801016094,BOKL,1,32,190,225.00,"42,750.00"
2020-08-18,2020081801015962,BOKL,1,6,10,225.00,"2,250.00"
2020-08-18,2020081801015935,BOKL,42,22,"2,000",225.00,"450,000.00"
2020-08-18,2020081801015934,BOKL,59,22,"1,000",225.00,"225,000.00"
2020-08-18,2020081801015853,BOKL,34,4,276,225.00,"62,100.00"
2020-08-18,2020081801016065,BPCL,13,57,61,362.00,"22,082.00"
2020-08-18,2020081801016064,BPCL,11,57,39,362.00,"14,118.00"
2020-08-18,2020081801016251,CBBL,42,25,108,"1,040.00","112,320.00"
2020-08-18,2020081801016250,CBBL,48,25,100,"1,040.00","104,000.00"
2020-08-18,2020081801016213,CBBL,37,38,50,"1,041.00","52,050.00"
2020-08-18,2020081801016212,CBBL,39,38,10,"1,041.00","10,410.00"
2020-08-18,2020081801016100,CBBL,47,14,201,"1,043.00","209,643.00"
2020-08-18,2020081801015975,CBBL,45,14,30,"1,044.00","31,320.00"
2020-08-18,2020081801016211,CBBL,39,38,14,"1,041.00","14,574.00"
2020-08-18,2020081801016210,CBBL,57,38,10,"1,042.00","10,420.00"
2020-08-18,2020081801016209,CBBL,21,38,14,"1,042.00","14,588.00"
2020-08-18,2020081801016173,CBBL,21,26,10,"1,042.00","10,420.00"
2020-08-18,2020081801016101,CBBL,25,14,20,"1,043.00","20,860.00"
2020-08-18,2020081801015818,CBL,29,32,145,143.00,"20,735.00"
2020-08-18,2020081801015817,CBL,26,32,355,144.00,"51,120.00"
2020-08-18,2020081801016296,CCBL,52,43,148,171.00,"25,308.00"
2020-08-18,2020081801015808,CHCL,46,14,16,390.00,"6,240.00"
2020-08-18,2020081801015807,CHCL,34,14,50,390.00,"19,500.00"
2020-08-18,2020081801015806,CHCL,44,14,134,390.00,"52,260.00"
2020-08-18,2020081801016060,CMF1,6,19,"1,000",10.11,"10,110.00"
2020-08-18,2020081801016216,CZBIL,29,6,47,193.00,"9,071.00"
2020-08-18,2020081801016215,CZBIL,22,6,100,193.00,"19,300.00"
2020-08-18,2020081801016214,CZBIL,8,6,66,193.00,"12,738.00"
2020-08-18,2020081801016142,DDBL,53,34,155,825.00,"127,875.00"
2020-08-18,2020081801016141,DDBL,53,38,45,825.00,"37,125.00"
2020-08-18,2020081801016111,DDBL,26,38,30,825.00,"24,750.00"
2020-08-18,2020081801016092,DDBL,42,38,100,825.00,"82,500.00"
2020-08-18,2020081801016091,DDBL,53,38,25,825.00,"20,625.00"
2020-08-18,2020081801015961,DDBL,35,52,154,826.00,"127,204.00"
2020-08-18,2020081801016286,EBL,16,1,100,716.00,"71,600.00"
2020-08-18,2020081801016285,EBL,16,10,90,716.00,"64,440.00"
2020-08-18,2020081801016243,EBL,50,10,10,716.00,"7,160.00"
2020-08-18,2020081801016242,EBL,50,22,90,716.00,"64,440.00"
2020-08-18,2020081801016102,EBL,39,22,10,716.00,"7,160.00"
2020-08-18,2020081801016033,EBL,16,22,"1,524",716.00,"1,091,180.00"
2020-08-18,2020081801016032,EBL,33,22,35,716.00,"25,060.00"
2020-08-18,2020081801015989,EBL,50,19,98,717.00,"70,266.00"
2020-08-18,2020081801015875,EBL,33,52,65,716.00,"46,540.00"
2020-08-18,2020081801015900,EDBL,25,36,20,314.00,"6,280.00"
2020-08-18,2020081801016128,EIC,5,35,100,439.00,"43,900.00"
2020-08-18,2020081801016194,FMDBL,19,51,200,520.00,"104,000.00"
2020-08-18,2020081801016193,FMDBL,6,51,200,520.00,"104,000.00"
2020-08-18,2020081801016294,GBIME,43,52,175,254.00,"44,450.00"
2020-08-18,2020081801016293,GBIME,43,28,788,254.00,"200,152.00"
2020-08-18,2020081801016203,GBIME,43,28,212,254.00,"53,848.00"
2020-08-18,2020081801016202,GBIME,43,38,558,254.00,"141,732.00"
2020-08-18,2020081801016201,GBIME,43,35,230,254.00,"58,420.00"
2020-08-18,2020081801016199,GBIME,35,35,100,254.00,"25,400.00"
2020-08-18,2020081801016085,GBIME,36,35,100,254.00,"25,400.00"
2020-08-18,2020081801015984,GBIME,58,35,20,254.00,"5,080.00"
2020-08-18,2020081801015955,GBIME,49,59,13,255.00,"3,315.00"
2020-08-18,2020081801015954,GBIME,49,17,187,255.00,"47,685.00"
2020-08-18,2020081801016037,GBLBS,45,32,200,471.00,"94,200.00"
2020-08-18,2020081801015883,GBLBS,45,14,10,471.00,"4,710.00"
2020-08-18,2020081801015882,GBLBS,45,55,15,471.00,"7,065.00"
2020-08-18,2020081801015881,GBLBS,45,41,15,471.00,"7,065.00"
2020-08-18,2020081801015880,GBLBS,45,1,15,471.00,"7,065.00"
2020-08-18,2020081801015879,GBLBS,45,35,10,471.00,"4,710.00"
2020-08-18,2020081801015878,GBLBS,45,32,500,470.00,"235,000.00"
2020-08-18,2020081801015874,GBLBS,1,13,100,468.00,"46,800.00"
2020-08-18,2020081801015950,GGBSL,51,26,10,782.00,"7,820.00"
2020-08-18,2020081801016139,GIMES1,25,26,"1,000",8.70,"8,700.00"
2020-08-18,2020081801016138,GIMES1,34,26,500,8.75,"4,375.00"
2020-08-18,2020081801016030,GLBSL,6,47,10,757.00,"7,570.00"
2020-08-18,2020081801015920,GLICL,57,7,140,472.00,"66,080.00"
2020-08-18,2020081801015919,GLICL,33,7,24,473.00,"11,352.00"
2020-08-18,2020081801015918,GLICL,38,7,50,473.00,"23,650.00"
2020-08-18,2020081801015884,GLICL,58,25,100,474.00,"47,400.00"
2020-08-18,2020081801016135,HDL,44,39,170,"1,660.00","282,200.00"
2020-08-18,2020081801016134,HDL,13,39,200,"1,661.00","332,200.00"
2020-08-18,2020081801016133,HDL,35,39,10,"1,662.00","16,620.00"
2020-08-18,2020081801016132,HDL,19,39,120,"1,663.00","199,560.00"
2020-08-18,2020081801015932,HDL,32,48,60,"1,664.00","99,840.00"
2020-08-18,2020081801015898,HGI,10,6,100,424.00,"42,400.00"
2020-08-18,2020081801015897,HGI,45,6,100,424.00,"42,400.00"
2020-08-18,2020081801015896,HGI,48,6,106,424.00,"44,944.00"
2020-08-18,2020081801015895,HGI,21,6,200,425.00,"85,000.00"
2020-08-18,2020081801016028,HIDCL,5,33,20,129.00,"2,580.00"
2020-08-18,2020081801016136,HURJA,35,28,20,91.00,"1,820.00"
2020-08-18,2020081801016024,HURJA,35,35,100,91.00,"9,100.00"
2020-08-18,2020081801016023,HURJA,58,35,10,91.00,910.00
2020-08-18,2020081801015933,ICFC,52,55,30,172.00,"5,160.00"
2020-08-18,2020081801015886,IGI,16,13,103,487.00,"50,161.00"
2020-08-18,2020081801015816,IGI,16,41,30,487.00,"14,610.00"
2020-08-18,2020081801015815,IGI,16,55,67,487.00,"32,629.00"
2020-08-18,2020081801016043,IGI,53,7,150,489.00,"73,350.00"
2020-08-18,2020081801016042,IGI,53,22,10,488.00,"4,880.00"
2020-08-18,2020081801015966,ILBS,42,26,11,730.00,"8,030.00"
2020-08-18,2020081801015957,ILBS,6,22,80,742.00,"59,360.00"
2020-08-18,2020081801015956,ILBS,6,25,20,741.00,"14,820.00"
2020-08-18,2020081801015863,ILBS,6,25,13,740.00,"9,620.00"
2020-08-18,2020081801015814,ILBS,6,54,11,740.00,"8,140.00"
2020-08-18,2020081801015813,ILBS,6,55,33,740.00,"24,420.00"
2020-08-18,2020081801015812,ILBS,6,38,10,740.00,"7,400.00"
2020-08-18,2020081801015811,ILBS,6,35,11,737.00,"8,107.00"
2020-08-18,2020081801015810,ILBS,6,59,11,735.00,"8,085.00"
2020-08-18,2020081801015809,ILBS,6,11,11,734.00,"8,074.00"
2020-08-18,2020081801016300,JSLBB,42,49,70,"1,372.00","96,040.00"
2020-08-18,2020081801016126,KBL,4,36,150,186.00,"27,900.00"
2020-08-18,2020081801016059,KBL,1,36,73,186.00,"13,578.00"
2020-08-18,2020081801016058,KBL,1,48,102,186.00,"18,972.00"
2020-08-18,2020081801016057,KBL,26,48,172,186.00,"31,992.00"
2020-08-18,2020081801016056,KBL,26,7,520,186.00,"96,720.00"
2020-08-18,2020081801016055,KBL,26,41,120,186.00,"22,320.00"
2020-08-18,2020081801016054,KBL,26,21,100,186.00,"18,600.00"
2020-08-18,2020081801016053,KBL,26,50,88,186.00,"16,368.00"
2020-08-18,2020081801016256,LBBL,46,14,164,183.00,"30,012.00"
2020-08-18,2020081801016255,LBBL,46,59,36,183.00,"6,588.00"
2020-08-18,2020081801015804,LBBL,57,59,64,183.00,"11,712.00"
2020-08-18,2020081801016208,LBL,26,32,542,228.00,"123,576.00"
2020-08-18,2020081801016207,LBL,26,57,458,228.00,"104,424.00"
2020-08-18,2020081801016191,LBL,6,32,66,227.00,"14,982.00"
2020-08-18,2020081801016190,LBL,20,32,934,227.00,"212,018.00"
2020-08-18,2020081801016299,LGIL,16,41,455,472.00,"214,760.00"
2020-08-18,2020081801016246,LGIL,16,29,300,472.00,"141,600.00"
2020-08-18,2020081801016291,MBL,39,6,138,224.00,"30,912.00"
2020-08-18,2020081801016249,MEGA,46,55,200,220.00,"44,000.00"
2020-08-18,2020081801016248,MEGA,20,55,100,220.00,"22,000.00"
2020-08-18,2020081801016247,MEGA,52,55,200,220.00,"44,000.00"
2020-08-18,2020081801015843,MEGA,29,17,55,221.00,"12,155.00"
2020-08-18,2020081801015842,MEGA,29,50,11,221.00,"2,431.00"
2020-08-18,2020081801015840,MEGA,8,50,200,221.00,"44,200.00"
2020-08-18,2020081801015844,MEGA,29,59,234,221.00,"51,714.00"
2020-08-18,2020081801016086,MEGA,57,1,76,220.00,"16,720.00"
2020-08-18,2020081801016013,MEGA,57,48,300,220.00,"66,000.00"
2020-08-18,2020081801015958,MERO,32,34,100,634.00,"63,400.00"
2020-08-18,2020081801016040,MLBBL,45,17,10,754.00,"7,540.00"
2020-08-18,2020081801015953,MLBBL,45,58,"1,000",742.00,"742,000.00"
2020-08-18,2020081801016175,MMFDB,13,25,10,910.00,"9,100.00"
2020-08-18,2020081801016292,MNBBL,55,6,980,320.00,"313,600.00"
2020-08-18,2020081801016177,MNBBL,55,41,17,320.00,"5,440.00"
2020-08-18,2020081801015945,MNBBL,39,7,181,318.00,"57,558.00"
2020-08-18,2020081801015944,MNBBL,41,7,200,318.00,"63,600.00"
2020-08-18,2020081801015943,MNBBL,6,7,153,318.00,"48,654.00"
2020-08-18,2020081801016230,NABIL,40,25,40,830.00,"33,200.00"
2020-08-18,2020081801016229,NABIL,40,44,13,830.00,"10,790.00"
2020-08-18,2020081801016228,NABIL,40,57,46,830.00,"38,180.00"
2020-08-18,2020081801016227,NABIL,40,28,500,830.00,"415,000.00"
2020-08-18,2020081801016226,NABIL,40,29,747,830.00,"620,010.00"
2020-08-18,2020081801016225,NABIL,40,49,50,829.00,"41,450.00"
2020-08-18,2020081801016218,NABIL,40,49,50,826.00,"41,300.00"
2020-08-18,2020081801015941,NABIL,26,36,100,826.00,"82,600.00"
2020-08-18,2020081801016224,NABIL,40,19,29,829.00,"24,041.00"
2020-08-18,2020081801016223,NABIL,40,57,246,828.00,"203,688.00"
2020-08-18,2020081801016222,NABIL,40,51,126,828.00,"104,328.00"
2020-08-18,2020081801016221,NABIL,40,57,493,828.00,"408,204.00"
2020-08-18,2020081801016220,NABIL,40,32,20,827.00,"16,540.00"
2020-08-18,2020081801016219,NABIL,40,22,124,827.00,"102,548.00"
2020-08-18,2020081801016180,NBB,34,19,14,195.00,"2,730.00"
2020-08-18,2020081801016051,NBB,34,45,11,195.00,"2,145.00"
2020-08-18,2020081801015845,NBB,25,58,100,196.00,"19,600.00"
2020-08-18,2020081801016206,NBL,16,28,57,282.00,"16,074.00"
2020-08-18,2020081801016106,NBL,43,33,"1,000",283.00,"283,000.00"
2020-08-18,2020081801016089,NBL,43,33,82,283.00,"23,206.00"
2020-08-18,2020081801016088,NBL,43,16,918,283.00,"259,794.00"
2020-08-18,2020081801016238,NCCB,10,56,500,191.00,"95,500.00"
2020-08-18,2020081801016125,NCCB,38,29,30,193.00,"5,790.00"
2020-08-18,2020081801016124,NCCB,38,6,"1,000",193.00,"193,000.00"
2020-08-18,2020081801016123,NCCB,38,52,110,192.00,"21,120.00"
2020-08-18,2020081801016122,NCCB,38,45,100,192.00,"19,200.00"
2020-08-18,2020081801016121,NCCB,38,34,115,192.00,"22,080.00"
2020-08-18,2020081801016120,NCCB,38,40,100,192.00,"19,200.00"
2020-08-18,2020081801016119,NCCB,38,57,133,192.00,"25,536.00"
2020-08-18,2020081801016118,NCCB,38,39,40,192.00,"7,680.00"
2020-08-18,2020081801016117,NCCB,38,29,385,192.00,"73,920.00"
2020-08-18,2020081801016116,NCCB,38,7,387,192.00,"74,304.00"
2020-08-18,2020081801015990,NFS,56,22,400,158.00,"63,200.00"
2020-08-18,2020081801015852,NHDL,34,42,10,128.00,"1,280.00"
2020-08-18,2020081801016127,NIB,34,1,650,417.00,"271,050.00"
2020-08-18,2020081801016084,NIB,34,11,767,417.00,"319,839.00"
2020-08-18,2020081801015862,NIB,34,48,155,417.00,"64,635.00"
2020-08-18,2020081801015802,NIB,34,4,323,417.00,"134,691.00"
2020-08-18,2020081801015801,NIB,47,4,79,417.00,"32,943.00"
2020-08-18,2020081801016289,NICA,59,6,100,565.00,"56,500.00"
2020-08-18,2020081801016288,NICA,35,6,200,565.00,"113,000.00"
2020-08-18,2020081801016287,NICA,41,6,69,565.00,"38,985.00"
2020-08-18,2020081801016151,NICA,41,10,31,565.00,"17,515.00"
2020-08-18,2020081801016150,NICA,55,10,349,565.00,"197,185.00"
2020-08-18,2020081801016071,NICA,55,7,500,565.00,"282,500.00"
2020-08-18,2020081801016070,NICA,55,45,50,565.00,"28,250.00"
2020-08-18,2020081801016069,NICA,55,34,101,565.00,"57,065.00"
2020-08-18,2020081801015824,NICA,7,34,99,565.00,"55,935.00"
2020-08-18,2020081801016262,NICL,6,35,300,470.00,"141,000.00"
2020-08-18,2020081801016244,NICL,52,6,100,469.00,"46,900.00"
2020-08-18,2020081801015867,NICL,52,29,250,469.00,"117,250.00"
2020-08-18,2020081801016148,NICL,52,11,38,469.00,"17,822.00"
2020-08-18,2020081801016231,NIL,22,16,100,674.00,"67,400.00"
2020-08-18,2020081801016048,NIL,48,26,500,675.00,"337,500.00"
2020-08-18,2020081801016036,NIL,4,59,150,671.00,"100,650.00"
2020-08-18,2020081801016008,NIL,20,26,200,675.00,"135,000.00"
2020-08-18,2020081801016007,NIL,20,49,100,675.00,"67,500.00"
2020-08-18,2020081801016006,NIL,20,45,250,674.00,"168,500.00"
2020-08-18,2020081801016005,NIL,20,36,290,674.00,"195,460.00"
2020-08-18,2020081801015939,NIL,4,16,124,673.00,"83,452.00"
2020-08-18,2020081801015938,NIL,57,16,376,673.00,"253,048.00"
2020-08-18,2020081801015927,NIL,57,51,40,673.00,"26,920.00"
2020-08-18,2020081801015926,NIL,57,6,114,672.00,"76,608.00"
2020-08-18,2020081801015925,NIL,57,45,10,672.00,"6,720.00"
2020-08-18,2020081801016083,NLG,50,45,50,685.00,"34,250.00"
2020-08-18,2020081801016082,NLG,50,28,375,685.00,"256,875.00"
2020-08-18,2020081801016081,NLG,50,10,500,684.00,"342,000.00"
2020-08-18,2020081801016080,NLG,50,32,50,683.00,"34,150.00"
2020-08-18,2020081801016079,NLG,50,49,100,681.00,"68,100.00"
2020-08-18,2020081801015968,NLG,45,41,47,680.00,"31,960.00"
2020-08-18,2020081801015967,NLG,45,33,23,680.00,"15,640.00"
2020-08-18,2020081801015877,NLG,28,49,24,678.00,"16,272.00"
2020-08-18,2020081801015876,NLG,51,49,10,678.00,"6,780.00"
2020-08-18,2020081801016004,NLG,34,10,100,681.00,"68,100.00"
2020-08-18,2020081801015973,NLG,44,49,25,680.00,"17,000.00"
2020-08-18,2020081801015972,NLG,44,6,30,680.00,"20,400.00"
2020-08-18,2020081801015971,NLG,44,7,75,680.00,"51,000.00"
2020-08-18,2020081801015969,NLG,45,44,25,680.00,"17,000.00"
2020-08-18,2020081801016282,NLIC,25,49,10,"1,360.00","13,600.00"
2020-08-18,2020081801016278,NLIC,52,20,30,"1,361.00","40,830.00"
2020-08-18,2020081801016200,NLIC,45,20,54,"1,361.00","73,494.00"
2020-08-18,2020081801016137,NLIC,45,1,46,"1,361.00","62,606.00"
2020-08-18,2020081801016034,NLIC,34,59,900,"1,364.00","1,227,600.00"
2020-08-18,2020081801016012,NLIC,42,59,100,"1,364.00","136,400.00"
2020-08-18,2020081801015912,NLIC,40,22,82,"1,366.00","112,012.00"
2020-08-18,2020081801015911,NLIC,40,42,300,"1,366.00","409,800.00"
2020-08-18,2020081801015910,NLIC,40,41,25,"1,365.00","34,125.00"
2020-08-18,2020081801015909,NLIC,40,49,93,"1,365.00","126,945.00"
2020-08-18,2020081801015891,NLIC,34,58,200,"1,363.00","272,600.00"
2020-08-18,2020081801015854,NLIC,25,49,12,"1,360.00","16,320.00"
2020-08-18,2020081801015873,NLICL,39,42,600,671.00,"402,600.00"
2020-08-18,2020081801015872,NLICL,53,42,100,672.00,"67,200.00"
2020-08-18,2020081801015871,NLICL,26,42,50,672.00,"33,600.00"
2020-08-18,2020081801016264,NMB,26,39,"1,000",413.00,"413,000.00"
2020-08-18,2020081801016254,NMB,41,39,100,413.00,"41,300.00"
2020-08-18,2020081801016002,NMB,48,39,35,413.00,"14,455.00"
2020-08-18,2020081801015983,NMB,59,28,74,413.00,"30,562.00"
2020-08-18,2020081801015982,NMB,59,40,26,413.00,"10,738.00"
2020-08-18,2020081801015841,NMB,34,34,22,412.00,"9,064.00"
2020-08-18,2020081801016113,NMFBS,38,55,10,"1,520.00","15,200.00"
2020-08-18,2020081801016297,NRIC,36,48,40,589.00,"23,560.00"
2020-08-18,2020081801016276,NRIC,28,35,10,590.00,"5,900.00"
2020-08-18,2020081801016275,NRIC,28,35,40,590.00,"23,600.00"
2020-08-18,2020081801016274,NRIC,28,6,20,590.00,"11,800.00"
2020-08-18,2020081801016273,NRIC,28,58,500,590.00,"295,000.00"
2020-08-18,2020081801016272,NRIC,28,28,40,590.00,"23,600.00"
2020-08-18,2020081801015822,NRIC,50,26,500,590.00,"295,000.00"
2020-08-18,2020081801015821,NRIC,49,26,163,590.00,"96,170.00"
2020-08-18,2020081801015855,NRIC,54,28,50,590.00,"29,500.00"
2020-08-18,2020081801015851,NRIC,6,3,33,590.00,"19,470.00"
2020-08-18,2020081801015849,NRIC,6,44,27,590.00,"15,930.00"
2020-08-18,2020081801015848,NRIC,33,44,10,590.00,"5,900.00"
2020-08-18,2020081801015847,NRIC,11,44,13,590.00,"7,670.00"
2020-08-18,2020081801015823,NRIC,11,26,37,590.00,"21,830.00"
2020-08-18,2020081801015940,NRIC,19,44,40,589.00,"23,560.00"
2020-08-18,2020081801015928,NRIC,19,3,40,589.00,"23,560.00"
2020-08-18,2020081801015913,NRIC,54,34,290,590.00,"171,100.00"
2020-08-18,2020081801015906,NRIC,54,3,40,590.00,"23,600.00"
2020-08-18,2020081801015905,NRIC,54,6,100,590.00,"59,000.00"
2020-08-18,2020081801015866,NRIC,54,34,20,590.00,"11,800.00"
2020-08-18,2020081801016011,NRIC,19,44,50,589.00,"29,450.00"
2020-08-18,2020081801016001,NRIC,19,3,40,589.00,"23,560.00"
2020-08-18,2020081801015991,NRIC,19,40,40,589.00,"23,560.00"
2020-08-18,2020081801015981,NRIC,19,26,40,589.00,"23,560.00"
2020-08-18,2020081801015964,NRIC,19,29,40,589.00,"23,560.00"
2020-08-18,2020081801015959,NRIC,19,3,40,589.00,"23,560.00"
2020-08-18,2020081801016107,NRIC,19,21,40,589.00,"23,560.00"
2020-08-18,2020081801016105,NRIC,19,3,40,589.00,"23,560.00"
2020-08-18,2020081801016087,NRIC,19,20,10,589.00,"5,890.00"
2020-08-18,2020081801016072,NRIC,19,21,40,589.00,"23,560.00"
2020-08-18,2020081801016062,NRIC,19,3,40,589.00,"23,560.00"
2020-08-18,2020081801016029,NRIC,19,3,40,589.00,"23,560.00"
2020-08-18,2020081801016178,NRIC,19,3,40,589.00,"23,560.00"
2020-08-18,2020081801016176,NRIC,19,33,40,589.00,"23,560.00"
2020-08-18,2020081801016152,NRIC,19,20,10,589.00,"5,890.00"
2020-08-18,2020081801016115,NRIC,19,26,40,589.00,"23,560.00"
2020-08-18,2020081801016114,NRIC,19,44,40,589.00,"23,560.00"
2020-08-18,2020081801016108,NRIC,19,49,20,589.00,"11,780.00"
2020-08-18,2020081801016271,NRIC,28,34,190,590.00,"112,100.00"
2020-08-18,2020081801016263,NRIC,36,3,50,589.00,"29,450.00"
2020-08-18,2020081801016239,NRIC,36,33,40,589.00,"23,560.00"
2020-08-18,2020081801016205,NRIC,36,26,20,589.00,"11,780.00"
2020-08-18,2020081801016204,NRIC,19,26,20,589.00,"11,780.00"
2020-08-18,2020081801016189,NRIC,19,59,50,589.00,"29,450.00"
2020-08-18,2020081801016018,NTC,29,26,60,660.00,"39,600.00"
2020-08-18,2020081801016017,NTC,28,26,40,660.00,"26,400.00"
2020-08-18,2020081801016172,PCBL,53,39,50,277.00,"13,850.00"
2020-08-18,2020081801015888,PCBL,53,11,456,277.00,"126,312.00"
2020-08-18,2020081801016277,PIC,29,33,20,668.00,"13,360.00"
2020-08-18,2020081801016217,PIC,29,14,200,668.00,"133,600.00"
2020-08-18,2020081801016110,PIC,58,50,500,667.00,"333,500.00"
2020-08-18,2020081801016050,PIC,29,58,"1,500",668.00,"1,002,000.00"
2020-08-18,2020081801016049,PIC,51,58,200,668.00,"133,600.00"
2020-08-18,2020081801016038,PIC,54,58,1,668.00,668.00
2020-08-18,2020081801016016,PIC,51,33,100,668.00,"66,800.00"
2020-08-18,2020081801016015,PIC,11,33,100,668.00,"66,800.00"
2020-08-18,2020081801015887,PIC,45,13,20,668.00,"13,360.00"
2020-08-18,2020081801016266,PLIC,40,14,200,551.00,"110,200.00"
2020-08-18,2020081801016253,PRIN,38,44,200,525.00,"105,000.00"
2020-08-18,2020081801016237,PRIN,40,44,320,525.00,"168,000.00"
2020-08-18,2020081801016236,PRIN,40,13,63,525.00,"33,075.00"
2020-08-18,2020081801016235,PRIN,40,52,67,525.00,"35,175.00"
2020-08-18,2020081801016234,PRIN,40,51,50,525.00,"26,250.00"
2020-08-18,2020081801016061,PRIN,55,51,10,525.00,"5,250.00"
2020-08-18,2020081801015893,PRIN,28,51,55,525.00,"28,875.00"
2020-08-18,2020081801015892,PRIN,28,39,36,525.00,"18,900.00"
2020-08-18,2020081801016284,PRVU,42,52,200,225.00,"45,000.00"
2020-08-18,2020081801016283,PRVU,42,52,50,225.00,"11,250.00"
2020-08-18,2020081801015988,PRVU,56,32,80,224.00,"17,920.00"
2020-08-18,2020081801015987,PRVU,48,32,100,224.00,"22,400.00"
2020-08-18,2020081801015986,PRVU,1,32,20,225.00,"4,500.00"
2020-08-18,2020081801015899,PRVU,38,52,100,225.00,"22,500.00"
2020-08-18,2020081801015820,PRVU,56,38,93,225.00,"20,925.00"
2020-08-18,2020081801015819,PRVU,20,38,144,225.00,"32,400.00"
2020-08-18,2020081801015917,PRVUPO,45,58,"66,147",124.00,"8,202,230.00"
2020-08-18,2020081801016181,RADHI,58,39,492,177.00,"87,084.00"
2020-08-18,2020081801016171,RHPL,33,44,30,146.00,"4,380.00"
2020-08-18,2020081801016074,RHPL,42,52,10,147.00,"1,470.00"
2020-08-18,2020081801016025,RHPL,33,36,10,146.00,"1,460.00"
2020-08-18,2020081801016019,RHPL,33,44,30,146.00,"4,380.00"
2020-08-18,2020081801015960,RHPL,33,44,30,146.00,"4,380.00"
2020-08-18,2020081801015870,RHPL,33,44,30,146.00,"4,380.00"
2020-08-18,2020081801016198,RLFL,32,11,21,121.00,"2,541.00"
2020-08-18,2020081801016197,RLFL,52,11,100,122.00,"12,200.00"
2020-08-18,2020081801016240,RRHP,48,26,10,93.00,930.00
2020-08-18,2020081801015993,SABSL,29,41,11,723.00,"7,953.00"
2020-08-18,2020081801016260,SANIMA,6,44,142,334.00,"47,428.00"
2020-08-18,2020081801016259,SANIMA,1,44,200,334.00,"66,800.00"
2020-08-18,2020081801016258,SANIMA,45,44,100,334.00,"33,400.00"
2020-08-18,2020081801016257,SANIMA,47,44,58,334.00,"19,372.00"
2020-08-18,2020081801016075,SANIMA,47,57,100,335.00,"33,500.00"
2020-08-18,2020081801015999,SANIMA,47,11,42,334.00,"14,028.00"
2020-08-18,2020081801015826,SANIMA,46,29,500,335.00,"167,500.00"
2020-08-18,2020081801015825,SANIMA,48,29,896,335.00,"300,160.00"
2020-08-18,2020081801015832,SANIMA,1,29,200,335.00,"67,000.00"
2020-08-18,2020081801015831,SANIMA,41,29,300,335.00,"100,500.00"
2020-08-18,2020081801015830,SANIMA,49,29,50,335.00,"16,750.00"
2020-08-18,2020081801015829,SANIMA,7,29,20,335.00,"6,700.00"
2020-08-18,2020081801015828,SANIMA,14,29,200,335.00,"67,000.00"
2020-08-18,2020081801015827,SANIMA,55,29,25,335.00,"8,375.00"
2020-08-18,2020081801015838,SANIMA,26,29,500,334.00,"167,000.00"
2020-08-18,2020081801015837,SANIMA,1,29,30,334.00,"10,020.00"
2020-08-18,2020081801015836,SANIMA,52,29,20,335.00,"6,700.00"
2020-08-18,2020081801015835,SANIMA,13,29,60,335.00,"20,100.00"
2020-08-18,2020081801015834,SANIMA,1,29,239,335.00,"80,065.00"
2020-08-18,2020081801015833,SANIMA,38,29,50,335.00,"16,750.00"
2020-08-18,2020081801015998,SANIMA,49,11,100,334.00,"33,400.00"
2020-08-18,2020081801015997,SANIMA,33,11,40,334.00,"13,360.00"
2020-08-18,2020081801015996,SANIMA,57,11,200,334.00,"66,800.00"
2020-08-18,2020081801015995,SANIMA,45,11,90,334.00,"30,060.00"
2020-08-18,2020081801015929,SANIMA,32,57,50,335.00,"16,750.00"
2020-08-18,2020081801015839,SANIMA,45,29,410,334.00,"136,940.00"
2020-08-18,2020081801016073,SAPDBL,36,14,50,120.00,"6,000.00"
2020-08-18,2020081801015994,SBL,10,25,500,296.00,"148,000.00"
2020-08-18,2020081801015850,SBL,16,1,200,296.00,"59,200.00"
2020-08-18,2020081801016196,SCB,55,1,52,641.00,"33,332.00"
2020-08-18,2020081801016131,SCB,1,35,85,643.00,"54,655.00"
2020-08-18,2020081801016129,SCB,1,11,50,643.00,"32,150.00"
2020-08-18,2020081801016068,SCB,1,32,50,643.00,"32,150.00"
2020-08-18,2020081801016067,SCB,1,45,25,643.00,"16,075.00"
2020-08-18,2020081801016066,SCB,1,49,40,642.00,"25,680.00"
2020-08-18,2020081801015856,SCB,50,11,50,642.00,"32,100.00"
2020-08-18,2020081801015942,SCB,55,4,45,641.00,"28,845.00"
2020-08-18,2020081801015861,SCB,55,11,109,641.00,"69,869.00"
2020-08-18,2020081801015860,SCB,32,11,10,641.00,"6,410.00"
2020-08-18,2020081801015859,SCB,29,11,50,641.00,"32,050.00"
2020-08-18,2020081801015858,SCB,1,11,35,641.00,"22,435.00"
2020-08-18,2020081801015857,SCB,35,11,100,641.00,"64,100.00"
2020-08-18,2020081801016290,SDLBSL,10,3,10,843.00,"8,430.00"
2020-08-18,2020081801016192,SDLBSL,10,3,10,843.00,"8,430.00"
2020-08-18,2020081801016109,SDLBSL,10,3,10,843.00,"8,430.00"
2020-08-18,2020081801016090,SDLBSL,10,38,10,843.00,"8,430.00"
2020-08-18,2020081801016078,SDLBSL,10,3,10,843.00,"8,430.00"
2020-08-18,2020081801016044,SDLBSL,10,3,10,843.00,"8,430.00"
2020-08-18,2020081801016039,SDLBSL,10,38,10,843.00,"8,430.00"
2020-08-18,2020081801016000,SDLBSL,10,38,10,843.00,"8,430.00"
2020-08-18,2020081801015936,SDLBSL,10,3,10,843.00,"8,430.00"
2020-08-18,2020081801015907,SDLBSL,10,3,10,843.00,"8,430.00"
2020-08-18,2020081801015864,SDLBSL,10,3,10,843.00,"8,430.00"
2020-08-18,2020081801015803,SDLBSL,10,3,10,843.00,"8,430.00"
2020-08-18,2020081801016099,SHINE,45,19,40,234.00,"9,360.00"
2020-08-18,2020081801016098,SHINE,32,19,300,234.00,"70,200.00"
2020-08-18,2020081801016233,SHIVM,56,26,10,599.00,"5,990.00"
2020-08-18,2020081801016188,SHIVM,48,26,75,599.00,"44,925.00"
2020-08-18,2020081801016187,SHIVM,48,51,200,598.00,"119,600.00"
2020-08-18,2020081801016186,SHIVM,48,52,100,598.00,"59,800.00"
2020-08-18,2020081801016185,SHIVM,48,8,200,598.00,"119,600.00"
2020-08-18,2020081801016184,SHIVM,48,35,"1,375",597.00,"820,875.00"
2020-08-18,2020081801016153,SHIVM,48,49,50,591.00,"29,550.00"
2020-08-18,2020081801016130,SHIVM,6,49,250,591.00,"147,750.00"
2020-08-18,2020081801015937,SHIVM,55,36,150,593.00,"88,950.00"
2020-08-18,2020081801015865,SHIVM,56,36,10,593.00,"5,930.00"
2020-08-18,2020081801016159,SHIVM,48,25,10,595.00,"5,950.00"
2020-08-18,2020081801016158,SHIVM,48,38,50,595.00,"29,750.00"
2020-08-18,2020081801016157,SHIVM,48,52,50,595.00,"29,750.00"
2020-08-18,2020081801016156,SHIVM,48,59,50,594.00,"29,700.00"
2020-08-18,2020081801016155,SHIVM,48,47,200,594.00,"118,800.00"
2020-08-18,2020081801016154,SHIVM,48,29,30,592.00,"17,760.00"
2020-08-18,2020081801016165,SHIVM,48,49,50,596.00,"29,800.00"
2020-08-18,2020081801016164,SHIVM,48,5,450,595.00,"267,750.00"
2020-08-18,2020081801016163,SHIVM,48,49,100,595.00,"59,500.00"
2020-08-18,2020081801016162,SHIVM,48,46,25,595.00,"14,875.00"
2020-08-18,2020081801016161,SHIVM,48,52,50,595.00,"29,750.00"
2020-08-18,2020081801016160,SHIVM,48,5,50,595.00,"29,750.00"
2020-08-18,2020081801016183,SHIVM,48,49,50,593.00,"29,650.00"
2020-08-18,2020081801016170,SHIVM,48,35,625,597.00,"373,125.00"
2020-08-18,2020081801016169,SHIVM,48,38,10,597.00,"5,970.00"
2020-08-18,2020081801016168,SHIVM,48,58,50,597.00,"29,850.00"
2020-08-18,2020081801016167,SHIVM,48,25,50,597.00,"29,850.00"
2020-08-18,2020081801016166,SHIVM,48,52,100,597.00,"59,700.00"
2020-08-18,2020081801015952,SIC,34,13,13,778.00,"10,114.00"
2020-08-18,2020081801015951,SIC,16,13,120,778.00,"93,360.00"
2020-08-18,2020081801015931,SIC,16,1,10,778.00,"7,780.00"
2020-08-18,2020081801015930,SIC,16,26,20,778.00,"15,560.00"
2020-08-18,2020081801015916,SIC,16,41,50,777.00,"38,850.00"
2020-08-18,2020081801015915,SIC,42,41,50,777.00,"38,850.00"
2020-08-18,2020081801015992,SICL,25,35,100,"1,245.00","124,500.00"
2020-08-18,2020081801015947,SICL,10,35,100,"1,245.00","124,500.00"
2020-08-18,2020081801015946,SICL,10,58,30,"1,245.00","37,350.00"
2020-08-18,2020081801015948,SIL,22,45,20,636.00,"12,720.00"
2020-08-18,2020081801016265,SJCL,6,26,10,132.00,"1,320.00"
2020-08-18,2020081801016182,SJCL,6,44,10,132.00,"1,320.00"
2020-08-18,2020081801016149,SJCL,8,58,10,133.00,"1,330.00"
2020-08-18,2020081801015914,SJCL,42,52,20,133.00,"2,660.00"
2020-08-18,2020081801015889,SJCL,6,44,20,132.00,"2,640.00"
2020-08-18,2020081801015885,SJCL,6,3,20,132.00,"2,640.00"
2020-08-18,2020081801015869,SJCL,42,34,20,133.00,"2,660.00"
2020-08-18,2020081801015868,SJCL,42,58,85,133.00,"11,305.00"
2020-08-18,2020081801016140,SJCL,8,36,10,133.00,"1,330.00"
2020-08-18,2020081801016041,SJCL,8,44,20,133.00,"2,660.00"
2020-08-18,2020081801015974,SJCL,8,44,20,133.00,"2,660.00"
2020-08-18,2020081801015949,SJCL,42,43,10,134.00,"1,340.00"
2020-08-18,2020081801016281,SLBBL,34,25,100,800.00,"80,000.00"
2020-08-18,2020081801016280,SLBBL,29,25,300,801.00,"240,300.00"
2020-08-18,2020081801016179,SLBBL,34,28,100,800.00,"80,000.00"
2020-08-18,2020081801016003,SLBBL,34,28,100,800.00,"80,000.00"
2020-08-18,2020081801016093,SLBSL,49,13,10,775.00,"7,750.00"
2020-08-18,2020081801016232,SLICL,35,7,59,462.00,"27,258.00"
2020-08-18,2020081801016063,SLICL,29,35,300,461.00,"138,300.00"
2020-08-18,2020081801016026,SLICL,29,25,"1,200",461.00,"553,200.00"
2020-08-18,2020081801016252,SMB,43,7,10,865.00,"8,650.00"
2020-08-18,2020081801016076,SMFBS,19,13,10,878.00,"8,780.00"
2020-08-18,2020081801016174,SPARS,6,19,10,863.00,"8,630.00"
2020-08-18,2020081801016052,SPARS,33,43,11,851.00,"9,361.00"
2020-08-18,2020081801015970,SRBL,17,57,92,226.00,"20,792.00"
2020-08-18,2020081801016022,SWBBL,18,45,12,"1,196.00","14,352.00"
2020-08-18,2020081801016021,SWBBL,18,49,100,"1,195.00","119,500.00"
2020-08-18,2020081801016020,SWBBL,18,17,19,"1,192.00","22,648.00"
2020-08-18,2020081801015894,UIC,16,58,500,399.00,"199,500.00"
2020-08-18,2020081801016298,UPCL,21,36,90,69.00,"6,210.00"
2020-08-18,2020081801016097,UPCL,29,1,100,70.00,"7,000.00"
2020-08-18,2020081801016270,UPPER,39,47,25,221.00,"5,525.00"
2020-08-18,2020081801016269,UPPER,39,36,20,221.00,"4,420.00"
2020-08-18,2020081801016268,UPPER,39,39,40,221.00,"8,840.00"
2020-08-18,2020081801016267,UPPER,39,39,60,221.00,"13,260.00"
2020-08-18,2020081801016010,UPPER,21,28,50,220.00,"11,000.00"
2020-08-18,2020081801015922,UPPER,21,52,100,220.00,"22,000.00"
2020-08-18,2020081801016027,VLBS,7,11,122,883.00,"107,726.00"
2020-08-18,2020081801015921,VLBS,14,35,50,885.00,"44,250.00"
2020-08-18,2020081801015980,WOMI,58,45,40,870.00,"34,800.00"
2020-08-18,2020081801015846,WOMI,45,45,50,870.00,"43,500.00"
2020-08-18,2020081801015768,ACLBSL,50,34,10,705.00,"7,050.00"
2020-08-18,2020081801015409,ACLBSL,38,48,55,708.00,"38,940.00"
2020-08-18,2020081801015330,ADBL,55,35,50,415.00,"20,750.00"
2020-08-18,2020081801015498,AHPC,49,59,100,94.00,"9,400.00"
2020-08-18,2020081801015764,AIL,44,20,10,487.00,"4,870.00"
2020-08-18,2020081801015750,AIL,3,45,100,488.00,"48,800.00"
2020-08-18,2020081801015732,AIL,33,45,100,488.00,"48,800.00"
2020-08-18,2020081801015731,AIL,32,45,10,488.00,"4,880.00"
2020-08-18,2020081801015717,AIL,32,34,10,488.00,"4,880.00"
2020-08-18,2020081801015713,AIL,32,20,10,488.00,"4,880.00"
2020-08-18,2020081801015496,AIL,25,20,10,488.00,"4,880.00"
2020-08-18,2020081801015465,AIL,25,19,10,488.00,"4,880.00"
2020-08-18,2020081801015407,AIL,25,51,10,488.00,"4,880.00"
2020-08-18,2020081801015385,AIL,25,48,10,488.00,"4,880.00"
2020-08-18,2020081801015334,AIL,28,48,10,488.00,"4,880.00"
2020-08-18,2020081801015303,AIL,28,17,10,488.00,"4,880.00"
2020-08-18,2020081801015692,AIL,32,38,10,488.00,"4,880.00"
2020-08-18,2020081801015673,AIL,32,59,40,488.00,"19,520.00"
2020-08-18,2020081801015603,AIL,32,38,10,488.00,"4,880.00"
2020-08-18,2020081801015597,AIL,32,11,10,488.00,"4,880.00"
2020-08-18,2020081801015588,AIL,50,20,10,488.00,"4,880.00"
2020-08-18,2020081801015541,AIL,49,1,10,488.00,"4,880.00"
2020-08-18,2020081801015381,AKJCL,25,49,20,52.00,"1,040.00"
2020-08-18,2020081801015380,AKJCL,25,25,150,52.00,"7,800.00"
2020-08-18,2020081801015379,AKJCL,25,45,10,52.00,520.00
2020-08-18,2020081801015378,AKJCL,25,57,20,52.00,"1,040.00"
2020-08-18,2020081801015377,AKJCL,25,57,20,52.00,"1,040.00"
2020-08-18,2020081801015695,BNT,3,22,15,"6,280.00","94,200.00"
2020-08-18,2020081801015540,BOKL,34,11,224,225.00,"50,400.00"
2020-08-18,2020081801015396,BOKL,34,11,500,225.00,"112,500.00"
2020-08-18,2020081801015638,BPCL,11,34,61,362.00,"22,082.00"
2020-08-18,2020081801015691,CBL,26,26,45,144.00,"6,480.00"
2020-08-18,2020081801015690,CBL,45,26,955,144.00,"137,520.00"
2020-08-18,2020081801015689,CCBL,52,1,46,171.00,"7,866.00"
2020-08-18,2020081801015688,CCBL,42,1,40,171.00,"6,840.00"
2020-08-18,2020081801015687,CCBL,29,1,100,171.00,"17,100.00"
2020-08-18,2020081801015686,CCBL,1,1,200,171.00,"34,200.00"
2020-08-18,2020081801015685,CCBL,26,1,300,171.00,"51,300.00"
2020-08-18,2020081801015684,CCBL,51,1,225,171.00,"38,475.00"
2020-08-18,2020081801015346,CCBL,34,4,30,172.00,"5,160.00"
2020-08-18,2020081801015345,CCBL,16,4,500,172.00,"86,000.00"
2020-08-18,2020081801015344,CCBL,42,4,20,172.00,"3,440.00"
2020-08-18,2020081801015343,CCBL,22,4,350,172.00,"60,200.00"
2020-08-18,2020081801015342,CCBL,34,4,17,172.00,"2,924.00"
2020-08-18,2020081801015341,CCBL,48,4,652,172.00,"112,144.00"
2020-08-18,2020081801015352,CCBL,1,4,300,172.00,"51,600.00"
2020-08-18,2020081801015351,CCBL,7,4,"2,000",172.00,"344,000.00"
2020-08-18,2020081801015350,CCBL,45,4,"1,000",172.00,"172,000.00"
2020-08-18,2020081801015349,CCBL,39,4,247,172.00,"42,484.00"
2020-08-18,2020081801015348,CCBL,1,4,400,172.00,"68,800.00"
2020-08-18,2020081801015347,CCBL,34,4,30,172.00,"5,160.00"
2020-08-18,2020081801015639,CCBL,6,4,"2,000",171.00,"342,000.00"
2020-08-18,2020081801015578,CCBL,1,4,10,172.00,"1,720.00"
2020-08-18,2020081801015446,CCBL,8,4,200,172.00,"34,400.00"
2020-08-18,2020081801015355,CCBL,11,4,500,172.00,"86,000.00"
2020-08-18,2020081801015354,CCBL,48,4,30,172.00,"5,160.00"
2020-08-18,2020081801015353,CCBL,34,4,200,172.00,"34,400.00"
2020-08-18,2020081801015645,CCBL,45,4,50,171.00,"8,550.00"
2020-08-18,2020081801015644,CCBL,59,4,500,171.00,"85,500.00"
2020-08-18,2020081801015643,CCBL,47,4,180,171.00,"30,780.00"
2020-08-18,2020081801015642,CCBL,53,4,200,171.00,"34,200.00"
2020-08-18,2020081801015641,CCBL,16,4,300,171.00,"51,300.00"
2020-08-18,2020081801015640,CCBL,25,4,50,171.00,"8,550.00"
2020-08-18,2020081801015651,CCBL,16,4,500,171.00,"85,500.00"
2020-08-18,2020081801015650,CCBL,32,4,500,171.00,"85,500.00"
2020-08-18,2020081801015649,CCBL,51,4,200,171.00,"34,200.00"
2020-08-18,2020081801015648,CCBL,1,4,300,171.00,"51,300.00"
2020-08-18,2020081801015647,CCBL,36,4,"2,000",171.00,"342,000.00"
2020-08-18,2020081801015646,CCBL,43,4,100,171.00,"17,100.00"
2020-08-18,2020081801015657,CCBL,8,4,500,171.00,"85,500.00"
2020-08-18,2020081801015656,CCBL,22,4,73,171.00,"12,483.00"
2020-08-18,2020081801015655,CCBL,52,4,50,171.00,"8,550.00"
2020-08-18,2020081801015654,CCBL,47,4,200,171.00,"34,200.00"
2020-08-18,2020081801015653,CCBL,28,4,500,171.00,"85,500.00"
2020-08-18,2020081801015652,CCBL,6,4,500,171.00,"85,500.00"
2020-08-18,2020081801015683,CCBL,52,1,11,171.00,"1,881.00"
2020-08-18,2020081801015682,CCBL,1,1,10,172.00,"1,720.00"
2020-08-18,2020081801015661,CCBL,52,4,43,171.00,"7,353.00"
2020-08-18,2020081801015660,CCBL,1,4,400,171.00,"68,400.00"
2020-08-18,2020081801015659,CCBL,50,4,500,171.00,"85,500.00"
2020-08-18,2020081801015658,CCBL,16,4,500,171.00,"85,500.00"
2020-08-18,2020081801015479,CFCL,6,46,10,121.00,"1,210.00"
2020-08-18,2020081801015549,CHCL,44,38,66,390.00,"25,740.00"
2020-08-18,2020081801015329,CORBL,45,7,79,115.00,"9,085.00"
2020-08-18,2020081801015488,CZBIL,8,40,34,193.00,"6,562.00"
2020-08-18,2020081801015412,CZBIL,42,16,500,194.00,"97,000.00"
2020-08-18,2020081801015604,EBL,16,34,465,716.00,"332,940.00"
2020-08-18,2020081801015601,EBL,16,57,400,716.00,"286,400.00"
2020-08-18,2020081801015600,EBL,16,11,611,716.00,"437,476.00"
2020-08-18,2020081801015795,EIC,1,29,5,439.00,"2,195.00"
2020-08-18,2020081801015794,EIC,32,29,35,439.00,"15,365.00"
2020-08-18,2020081801015793,EIC,34,29,10,439.00,"4,390.00"
2020-08-18,2020081801015792,EIC,47,29,50,439.00,"21,950.00"
2020-08-18,2020081801015340,EIC,32,32,30,440.00,"13,200.00"
2020-08-18,2020081801015339,EIC,32,36,135,440.00,"59,400.00"
2020-08-18,2020081801015397,FMDBL,6,36,175,521.00,"91,175.00"
2020-08-18,2020081801015670,GBBL,52,32,"1,000",236.00,"236,000.00"
2020-08-18,2020081801015669,GBBL,52,33,111,236.00,"26,196.00"
2020-08-18,2020081801015668,GBBL,52,26,100,236.00,"23,600.00"
2020-08-18,2020081801015739,GBIME,1,32,77,253.00,"19,481.00"
2020-08-18,2020081801015738,GBIME,53,32,300,254.00,"76,200.00"
2020-08-18,2020081801015737,GBIME,19,32,100,254.00,"25,400.00"
2020-08-18,2020081801015736,GBIME,58,32,23,254.00,"5,842.00"
2020-08-18,2020081801015487,GBIME,58,1,17,254.00,"4,318.00"
2020-08-18,2020081801015486,GBIME,58,41,22,254.00,"5,588.00"
2020-08-18,2020081801015472,GBIME,22,41,60,254.00,"15,240.00"
2020-08-18,2020081801015388,GBIME,54,41,90,254.00,"22,860.00"
2020-08-18,2020081801015366,GBIME,53,41,200,254.00,"50,800.00"
2020-08-18,2020081801015780,GBLBS,45,32,331,470.00,"155,570.00"
2020-08-18,2020081801015733,GBLBS,25,32,100,470.00,"47,000.00"
2020-08-18,2020081801015564,GBLBS,1,34,10,468.00,"4,680.00"
2020-08-18,2020081801015410,GFCL,51,39,35,152.00,"5,320.00"
2020-08-18,2020081801015563,GGBSL,51,46,50,782.00,"39,100.00"
2020-08-18,2020081801015562,GGBSL,42,46,10,782.00,"7,820.00"
2020-08-18,2020081801015561,GGBSL,7,46,90,783.00,"70,470.00"
2020-08-18,2020081801015386,GGBSL,56,56,10,785.00,"7,850.00"
2020-08-18,2020081801015323,GHL,52,45,30,57.00,"1,710.00"
2020-08-18,2020081801015322,GHL,52,47,30,57.00,"1,710.00"
2020-08-18,2020081801015389,GLICL,14,25,10,474.00,"4,740.00"
2020-08-18,2020081801015304,GLICL,33,34,15,473.00,"7,095.00"
2020-08-18,2020081801015419,GMFBS,1,36,10,750.00,"7,500.00"
2020-08-18,2020081801015406,HBL,55,11,19,554.00,"10,526.00"
2020-08-18,2020081801015375,HDL,44,29,100,"1,670.00","167,000.00"
2020-08-18,2020081801015374,HDL,44,51,100,"1,668.00","166,800.00"
2020-08-18,2020081801015373,HDL,44,34,10,"1,668.00","16,680.00"
2020-08-18,2020081801015372,HDL,44,51,100,"1,665.00","166,500.00"
2020-08-18,2020081801015663,HGI,48,41,350,424.00,"148,400.00"
2020-08-18,2020081801015440,HGI,48,39,44,424.00,"18,656.00"
2020-08-18,2020081801015439,HGI,45,39,60,424.00,"25,440.00"
2020-08-18,2020081801015455,HPPL,28,34,10,134.00,"1,340.00"
2020-08-18,2020081801015767,HURJA,58,28,20,91.00,"1,820.00"
2020-08-18,2020081801015466,HURJA,58,28,20,91.00,"1,820.00"
2020-08-18,2020081801015463,ICFC,52,38,70,172.00,"12,040.00"
2020-08-18,2020081801015712,IGI,49,55,200,487.00,"97,400.00"
2020-08-18,2020081801015592,ILBS,48,36,11,729.00,"8,019.00"
2020-08-18,2020081801015418,JOSHI,52,55,10,63.00,630.00
2020-08-18,2020081801015799,KBL,51,50,50,186.00,"9,300.00"
2020-08-18,2020081801015729,KBL,43,57,516,185.00,"95,460.00"
2020-08-18,2020081801015694,KBL,1,50,50,186.00,"9,300.00"
2020-08-18,2020081801015481,KMCDB,6,28,10,731.00,"7,310.00"
2020-08-18,2020081801015307,KPCL,51,5,10,105.00,"1,050.00"
2020-08-18,2020081801015595,KPCL,51,51,10,105.00,"1,050.00"
2020-08-18,2020081801015527,KPCL,51,40,10,105.00,"1,050.00"
2020-08-18,2020081801015728,LBL,58,57,100,228.00,"22,800.00"
2020-08-18,2020081801015544,LBL,20,19,40,227.00,"9,080.00"
2020-08-18,2020081801015417,LBL,20,34,26,227.00,"5,902.00"
2020-08-18,2020081801015335,LBL,10,11,650,227.00,"147,550.00"
2020-08-18,2020081801015774,LGIL,5,34,50,474.00,"23,700.00"
2020-08-18,2020081801015773,LGIL,5,32,200,474.00,"94,800.00"
2020-08-18,2020081801015749,LGIL,16,25,245,472.00,"115,640.00"
2020-08-18,2020081801015453,LGIL,39,34,200,474.00,"94,800.00"
2020-08-18,2020081801015766,LICN,26,28,700,"1,467.00","1,026,900.00"
2020-08-18,2020081801015593,LLBS,26,58,50,"1,120.00","56,000.00"
2020-08-18,2020081801015497,LLBS,26,14,50,"1,120.00","56,000.00"
2020-08-18,2020081801015471,LLBS,26,29,100,"1,120.00","112,000.00"
2020-08-18,2020081801015470,LLBS,26,7,78,"1,116.00","87,048.00"
2020-08-18,2020081801015469,LLBS,26,7,57,"1,114.00","63,498.00"
2020-08-18,2020081801015425,LLBS,22,58,10,"1,110.00","11,100.00"
2020-08-18,2020081801015779,MBL,39,52,18,225.00,"4,050.00"
2020-08-18,2020081801015778,MBL,39,11,194,225.00,"43,650.00"
2020-08-18,2020081801015358,MEGA,39,50,"1,129",221.00,"249,509.00"
2020-08-18,2020081801015734,MHNL,48,36,30,80.00,"2,400.00"
2020-08-18,2020081801015786,MLBBL,45,34,64,740.00,"47,360.00"
2020-08-18,2020081801015785,MLBBL,45,48,16,737.00,"11,792.00"
2020-08-18,2020081801015784,MLBBL,45,51,24,737.00,"17,688.00"
2020-08-18,2020081801015783,MLBBL,45,13,200,736.00,"147,200.00"
2020-08-18,2020081801015782,MLBBL,45,51,11,735.00,"8,085.00"
2020-08-18,2020081801015781,MLBBL,45,49,40,735.00,"29,400.00"
2020-08-18,2020081801015368,MSMBS,14,34,11,657.00,"7,227.00"
2020-08-18,2020081801015796,NABIL,22,22,75,827.00,"62,025.00"
2020-08-18,2020081801015667,NABIL,22,22,25,827.00,"20,675.00"
2020-08-18,2020081801015666,NABIL,22,3,75,826.00,"61,950.00"
2020-08-18,2020081801015590,NABIL,52,3,125,826.00,"103,250.00"
2020-08-18,2020081801015408,NABIL,52,52,200,826.00,"165,200.00"
2020-08-18,2020081801015357,NABIL,33,22,30,827.00,"24,810.00"
2020-08-18,2020081801015553,NADEP,17,11,23,590.00,"13,570.00"
2020-08-18,2020081801015494,NBB,26,58,300,196.00,"58,800.00"
2020-08-18,2020081801015464,NBB,34,49,50,195.00,"9,750.00"
2020-08-18,2020081801015422,NBB,48,58,50,196.00,"9,800.00"
2020-08-18,2020081801015333,NBF2,56,22,200,9.41,"1,882.00"
2020-08-18,2020081801015753,NBL,16,29,17,282.00,"4,794.00"
2020-08-18,2020081801015752,NBL,45,29,100,282.00,"28,200.00"
2020-08-18,2020081801015751,NBL,34,29,83,282.00,"23,406.00"
2020-08-18,2020081801015707,NBL,49,16,82,283.00,"23,206.00"
2020-08-18,2020081801015706,NBL,49,1,218,283.00,"61,694.00"
2020-08-18,2020081801015672,NBL,34,28,17,282.00,"4,794.00"
2020-08-18,2020081801015489,NBL,28,58,930,284.00,"264,120.00"
2020-08-18,2020081801015500,NBL,17,58,"1,000",283.00,"283,000.00"
2020-08-18,2020081801015499,NBL,17,58,907,283.00,"256,681.00"
2020-08-18,2020081801015493,NBL,28,58,145,284.00,"41,180.00"
2020-08-18,2020081801015492,NBL,28,32,225,284.00,"63,900.00"
2020-08-18,2020081801015491,NBL,28,32,100,284.00,"28,400.00"
2020-08-18,2020081801015490,NBL,28,32,100,284.00,"28,400.00"
2020-08-18,2020081801015506,NBL,28,58,"1,500",283.00,"424,500.00"
2020-08-18,2020081801015505,NBL,28,58,500,283.00,"141,500.00"
2020-08-18,2020081801015504,NBL,35,58,100,283.00,"28,300.00"
2020-08-18,2020081801015503,NBL,53,58,200,283.00,"56,600.00"
2020-08-18,2020081801015502,NBL,49,58,500,283.00,"141,500.00"
2020-08-18,2020081801015501,NBL,52,58,110,283.00,"31,130.00"
2020-08-18,2020081801015512,NBL,57,58,"1,500",283.00,"424,500.00"
2020-08-18,2020081801015511,NBL,33,58,300,283.00,"84,900.00"
2020-08-18,2020081801015510,NBL,13,58,200,283.00,"56,600.00"
2020-08-18,2020081801015509,NBL,17,58,"1,500",283.00,"424,500.00"
2020-08-18,2020081801015508,NBL,36,58,100,283.00,"28,300.00"
2020-08-18,2020081801015507,NBL,28,58,"1,500",283.00,"424,500.00"
2020-08-18,2020081801015518,NBL,25,58,100,283.00,"28,300.00"
2020-08-18,2020081801015517,NBL,16,58,100,283.00,"28,300.00"
2020-08-18,2020081801015516,NBL,59,58,500,283.00,"141,500.00"
2020-08-18,2020081801015515,NBL,59,58,100,283.00,"28,300.00"
2020-08-18,2020081801015514,NBL,32,58,500,283.00,"141,500.00"
2020-08-18,2020081801015513,NBL,50,58,200,283.00,"56,600.00"
2020-08-18,2020081801015524,NBL,58,58,90,283.00,"25,470.00"
2020-08-18,2020081801015523,NBL,58,58,200,283.00,"56,600.00"
2020-08-18,2020081801015522,NBL,57,58,50,283.00,"14,150.00"
2020-08-18,2020081801015521,NBL,36,58,100,283.00,"28,300.00"
2020-08-18,2020081801015520,NBL,43,58,100,283.00,"28,300.00"
2020-08-18,2020081801015519,NBL,45,58,700,283.00,"198,100.00"
2020-08-18,2020081801015671,NBL,55,28,40,282.00,"11,280.00"
2020-08-18,2020081801015599,NBL,58,1,50,283.00,"14,150.00"
2020-08-18,2020081801015552,NBL,41,1,100,283.00,"28,300.00"
2020-08-18,2020081801015551,NBL,49,1,50,283.00,"14,150.00"
2020-08-18,2020081801015550,NBL,59,1,157,283.00,"44,431.00"
2020-08-18,2020081801015525,NBL,59,58,843,283.00,"238,569.00"
2020-08-18,2020081801015698,NCCB,58,7,18,192.00,"3,456.00"
2020-08-18,2020081801015697,NCCB,58,14,"1,332",191.00,"254,412.00"
2020-08-18,2020081801015583,NCCB,34,49,200,190.00,"38,000.00"
2020-08-18,2020081801015557,NCCB,34,40,99,190.00,"18,810.00"
2020-08-18,2020081801015302,NCCB,34,11,94,190.00,"17,860.00"
2020-08-18,2020081801015580,NFS,22,20,500,158.00,"79,000.00"
2020-08-18,2020081801015579,NFS,54,20,480,158.00,"75,840.00"
2020-08-18,2020081801015420,NGPL,25,45,100,118.00,"11,800.00"
2020-08-18,2020081801015318,NGPL,21,45,18,117.00,"2,106.00"
2020-08-18,2020081801015591,NHPC,50,46,20,52.00,"1,040.00"
2020-08-18,2020081801015325,NHPC,50,45,200,52.00,"10,400.00"
2020-08-18,2020081801015546,NIB,49,45,762,418.00,"318,516.00"
2020-08-18,2020081801015317,NIB,34,37,170,419.00,"71,230.00"
2020-08-18,2020081801015316,NIB,34,45,10,419.00,"4,190.00"
2020-08-18,2020081801015315,NIB,34,39,49,419.00,"20,531.00"
2020-08-18,2020081801015314,NIB,34,43,"1,000",419.00,"419,000.00"
2020-08-18,2020081801015313,NIB,34,29,165,419.00,"69,135.00"
2020-08-18,2020081801015619,NICA,59,58,46,564.00,"25,944.00"
2020-08-18,2020081801015618,NICA,16,58,"1,000",564.00,"564,000.00"
2020-08-18,2020081801015617,NICA,6,58,100,564.00,"56,400.00"
2020-08-18,2020081801015616,NICA,16,58,100,564.00,"56,400.00"
2020-08-18,2020081801015615,NICA,16,58,100,564.00,"56,400.00"
2020-08-18,2020081801015614,NICA,58,58,500,564.00,"282,000.00"
2020-08-18,2020081801015331,NICA,53,36,156,565.00,"88,140.00"
2020-08-18,2020081801015485,NICA,6,58,271,565.00,"153,115.00"
2020-08-18,2020081801015484,NICA,13,58,329,565.00,"185,885.00"
2020-08-18,2020081801015438,NICA,13,45,200,565.00,"113,000.00"
2020-08-18,2020081801015405,NICA,13,26,260,565.00,"146,900.00"
2020-08-18,2020081801015399,NICA,13,11,367,565.00,"207,355.00"
2020-08-18,2020081801015332,NICA,13,36,344,565.00,"194,360.00"
2020-08-18,2020081801015613,NICA,14,58,500,564.00,"282,000.00"
2020-08-18,2020081801015612,NICA,38,58,"1,000",564.00,"564,000.00"
2020-08-18,2020081801015611,NICA,40,58,25,564.00,"14,100.00"
2020-08-18,2020081801015610,NICA,8,58,500,564.00,"282,000.00"
2020-08-18,2020081801015609,NICA,41,58,100,564.00,"56,400.00"
2020-08-18,2020081801015608,NICA,6,58,29,565.00,"16,385.00"
2020-08-18,2020081801015594,NICL,52,36,80,469.00,"37,520.00"
2020-08-18,2020081801015716,NIL,5,45,10,672.00,"6,720.00"
2020-08-18,2020081801015715,NIL,14,11,10,671.00,"6,710.00"
2020-08-18,2020081801015430,NIL,20,49,45,670.00,"30,150.00"
2020-08-18,2020081801015312,NIL,56,49,100,670.00,"67,000.00"
2020-08-18,2020081801015311,NIL,6,49,"2,000",670.00,"1,340,000.00"
2020-08-18,2020081801015310,NIL,42,49,100,671.00,"67,100.00"
2020-08-18,2020081801015309,NIL,35,49,355,671.00,"238,205.00"
2020-08-18,2020081801015308,NIL,35,49,400,672.00,"268,800.00"
2020-08-18,2020081801015637,NLIC,34,49,207,"1,365.00","282,555.00"
2020-08-18,2020081801015636,NLIC,34,26,50,"1,365.00","68,250.00"
2020-08-18,2020081801015635,NLIC,34,13,750,"1,365.00","1,023,750.00"
2020-08-18,2020081801015634,NLIC,34,6,50,"1,365.00","68,250.00"
2020-08-18,2020081801015633,NLIC,34,42,20,"1,365.00","27,300.00"
2020-08-18,2020081801015632,NLIC,34,36,250,"1,365.00","341,250.00"
2020-08-18,2020081801015433,NLIC,13,58,150,"1,361.00","204,150.00"
2020-08-18,2020081801015301,NLIC,46,49,5,"1,360.00","6,800.00"
2020-08-18,2020081801015548,NLIC,8,10,300,"1,359.00","407,700.00"
2020-08-18,2020081801015468,NLIC,11,10,500,"1,359.00","679,500.00"
2020-08-18,2020081801015437,NLIC,26,58,504,"1,360.00","685,440.00"
2020-08-18,2020081801015436,NLIC,59,58,500,"1,360.00","680,000.00"
2020-08-18,2020081801015435,NLIC,32,58,37,"1,360.00","50,320.00"
2020-08-18,2020081801015434,NLIC,29,58,200,"1,360.00","272,000.00"
2020-08-18,2020081801015625,NLIC,34,20,200,"1,363.00","272,600.00"
2020-08-18,2020081801015624,NLIC,34,16,100,"1,363.00","136,300.00"
2020-08-18,2020081801015623,NLIC,34,20,225,"1,363.00","306,675.00"
2020-08-18,2020081801015622,NLIC,34,58,103,"1,360.00","140,080.00"
2020-08-18,2020081801015621,NLIC,34,38,284,"1,357.00","385,388.00"
2020-08-18,2020081801015582,NLIC,25,58,30,"1,360.00","40,800.00"
2020-08-18,2020081801015631,NLIC,34,48,50,"1,365.00","68,250.00"
2020-08-18,2020081801015630,NLIC,34,1,81,"1,365.00","110,565.00"
2020-08-18,2020081801015629,NLIC,34,41,100,"1,365.00","136,500.00"
2020-08-18,2020081801015628,NLIC,34,55,500,"1,364.00","682,000.00"
2020-08-18,2020081801015627,NLIC,34,28,"1,000","1,364.00","1,364,000.00"
2020-08-18,2020081801015626,NLIC,34,16,30,"1,364.00","40,920.00"
2020-08-18,2020081801015797,NLICL,26,52,100,672.00,"67,200.00"
2020-08-18,2020081801015699,NLICL,26,55,50,672.00,"33,600.00"
2020-08-18,2020081801015680,NMB,34,45,11,412.00,"4,532.00"
2020-08-18,2020081801015679,NMB,33,45,100,412.00,"41,200.00"
2020-08-18,2020081801015678,NMB,20,45,75,412.00,"30,900.00"
2020-08-18,2020081801015589,NMB,1,45,114,413.00,"47,082.00"
2020-08-18,2020081801015584,NMB,1,58,86,413.00,"35,518.00"
2020-08-18,2020081801015577,NMB,20,58,225,412.00,"92,700.00"
2020-08-18,2020081801015414,NMB,13,25,"1,905",413.00,"786,765.00"
2020-08-18,2020081801015413,NMB,57,25,382,413.00,"157,766.00"
2020-08-18,2020081801015457,NMB,33,11,24,413.00,"9,912.00"
2020-08-18,2020081801015429,NMB,33,44,76,413.00,"31,388.00"
2020-08-18,2020081801015428,NMB,41,44,48,413.00,"19,824.00"
2020-08-18,2020081801015427,NMB,14,44,500,413.00,"206,500.00"
2020-08-18,2020081801015426,NMB,13,44,"1,287",413.00,"531,531.00"
2020-08-18,2020081801015415,NMB,13,25,213,413.00,"87,969.00"
2020-08-18,2020081801015556,NMB,19,58,300,413.00,"123,900.00"
2020-08-18,2020081801015555,NMB,6,58,"1,614",413.00,"666,582.00"
2020-08-18,2020081801015538,NMB,6,25,170,413.00,"70,210.00"
2020-08-18,2020081801015460,NMB,6,11,216,413.00,"89,208.00"
2020-08-18,2020081801015459,NMB,45,11,200,413.00,"82,600.00"
2020-08-18,2020081801015458,NMB,49,11,30,413.00,"12,390.00"
2020-08-18,2020081801015570,NMB,55,58,500,412.00,"206,000.00"
2020-08-18,2020081801015569,NMB,59,58,50,412.00,"20,600.00"
2020-08-18,2020081801015568,NMB,42,58,80,412.00,"32,960.00"
2020-08-18,2020081801015567,NMB,59,58,300,412.00,"123,600.00"
2020-08-18,2020081801015566,NMB,34,58,100,412.00,"41,200.00"
2020-08-18,2020081801015565,NMB,49,58,670,412.00,"276,040.00"
2020-08-18,2020081801015576,NMB,34,58,100,412.00,"41,200.00"
2020-08-18,2020081801015575,NMB,55,58,200,412.00,"82,400.00"
2020-08-18,2020081801015574,NMB,48,58,"1,000",412.00,"412,000.00"
2020-08-18,2020081801015573,NMB,47,58,50,412.00,"20,600.00"
2020-08-18,2020081801015572,NMB,19,58,25,412.00,"10,300.00"
2020-08-18,2020081801015571,NMB,17,58,200,412.00,"82,400.00"
2020-08-18,2020081801015387,NMBMF,37,10,103,719.00,"74,057.00"
2020-08-18,2020081801015798,NRIC,49,20,40,590.00,"23,600.00"
2020-08-18,2020081801015770,NRIC,49,28,40,590.00,"23,600.00"
2020-08-18,2020081801015763,NRIC,49,45,957,590.00,"564,630.00"
2020-08-18,2020081801015762,NRIC,35,45,100,590.00,"59,000.00"
2020-08-18,2020081801015761,NRIC,38,45,200,590.00,"118,000.00"
2020-08-18,2020081801015760,NRIC,56,45,100,590.00,"59,000.00"
2020-08-18,2020081801015337,NRIC,26,20,40,590.00,"23,600.00"
2020-08-18,2020081801015326,NRIC,26,44,50,590.00,"29,500.00"
2020-08-18,2020081801015324,NRIC,26,18,30,590.00,"17,700.00"
2020-08-18,2020081801015319,NRIC,26,20,40,590.00,"23,600.00"
2020-08-18,2020081801015445,NRIC,57,20,30,590.00,"17,700.00"
2020-08-18,2020081801015444,NRIC,26,20,10,590.00,"5,900.00"
2020-08-18,2020081801015424,NRIC,26,44,50,590.00,"29,500.00"
2020-08-18,2020081801015401,NRIC,26,20,40,590.00,"23,600.00"
2020-08-18,2020081801015384,NRIC,26,20,40,590.00,"23,600.00"
2020-08-18,2020081801015376,NRIC,26,34,40,590.00,"23,600.00"
2020-08-18,2020081801015478,NRIC,57,20,40,590.00,"23,600.00"
2020-08-18,2020081801015477,NRIC,3,4,200,591.00,"118,200.00"
2020-08-18,2020081801015476,NRIC,3,38,50,591.00,"29,550.00"
2020-08-18,2020081801015475,NRIC,3,29,250,591.00,"147,750.00"
2020-08-18,2020081801015456,NRIC,57,20,40,590.00,"23,600.00"
2020-08-18,2020081801015452,NRIC,57,28,40,590.00,"23,600.00"
2020-08-18,2020081801015596,NRIC,47,4,10,591.00,"5,910.00"
2020-08-18,2020081801015581,NRIC,57,35,50,590.00,"29,500.00"
2020-08-18,2020081801015560,NRIC,57,20,40,590.00,"23,600.00"
2020-08-18,2020081801015539,NRIC,57,40,40,590.00,"23,600.00"
2020-08-18,2020081801015526,NRIC,57,47,40,590.00,"23,600.00"
2020-08-18,2020081801015495,NRIC,57,44,40,590.00,"23,600.00"
2020-08-18,2020081801015718,NRIC,57,47,40,590.00,"23,600.00"
2020-08-18,2020081801015711,NRIC,3,59,10,591.00,"5,910.00"
2020-08-18,2020081801015710,NRIC,3,4,290,591.00,"171,390.00"
2020-08-18,2020081801015696,NRIC,57,20,40,590.00,"23,600.00"
2020-08-18,2020081801015620,NRIC,57,40,40,590.00,"23,600.00"
2020-08-18,2020081801015606,NRIC,57,33,200,590.00,"118,000.00"
2020-08-18,2020081801015759,NRIC,35,45,63,590.00,"37,170.00"
2020-08-18,2020081801015758,NRIC,11,45,80,590.00,"47,200.00"
2020-08-18,2020081801015741,NRIC,11,20,40,590.00,"23,600.00"
2020-08-18,2020081801015721,NRIC,11,50,80,590.00,"47,200.00"
2020-08-18,2020081801015720,NRIC,19,50,200,590.00,"118,000.00"
2020-08-18,2020081801015719,NRIC,57,50,220,590.00,"129,800.00"
2020-08-18,2020081801015771,NSEWA,43,13,80,680.00,"54,400.00"
2020-08-18,2020081801015543,NSEWA,28,13,20,680.00,"13,600.00"
2020-08-18,2020081801015542,NSEWA,41,13,10,681.00,"6,810.00"
2020-08-18,2020081801015336,OHL,42,57,10,334.00,"3,340.00"
2020-08-18,2020081801015757,PCBL,33,46,53,276.00,"14,628.00"
2020-08-18,2020081801015723,PCBL,28,11,500,277.00,"138,500.00"
2020-08-18,2020081801015693,PCBL,33,40,54,276.00,"14,904.00"
2020-08-18,2020081801015559,PCBL,33,38,22,276.00,"6,072.00"
2020-08-18,2020081801015537,PCBL,33,49,"1,302",276.00,"359,352.00"
2020-08-18,2020081801015536,PCBL,39,49,500,276.00,"138,000.00"
2020-08-18,2020081801015529,PCBL,56,49,"3,406",276.00,"940,056.00"
2020-08-18,2020081801015483,PCBL,56,1,803,276.00,"221,628.00"
2020-08-18,2020081801015482,PCBL,39,1,112,277.00,"31,024.00"
2020-08-18,2020081801015480,PCBL,39,1,18,277.00,"4,986.00"
2020-08-18,2020081801015535,PCBL,1,49,60,276.00,"16,560.00"
2020-08-18,2020081801015534,PCBL,1,49,50,276.00,"13,800.00"
2020-08-18,2020081801015533,PCBL,47,49,100,276.00,"27,600.00"
2020-08-18,2020081801015532,PCBL,36,49,100,276.00,"27,600.00"
2020-08-18,2020081801015531,PCBL,5,49,34,276.00,"9,384.00"
2020-08-18,2020081801015530,PCBL,29,49,"1,000",276.00,"276,000.00"
2020-08-18,2020081801015702,PIC,42,58,549,669.00,"367,281.00"
2020-08-18,2020081801015665,PIC,42,6,40,669.00,"26,760.00"
2020-08-18,2020081801015662,PIC,34,58,100,670.00,"67,000.00"
2020-08-18,2020081801015416,PIC,26,58,597,670.00,"399,990.00"
2020-08-18,2020081801015411,PIC,49,6,60,671.00,"40,260.00"
2020-08-18,2020081801015365,PIC,26,59,62,670.00,"41,540.00"
2020-08-18,2020081801015364,PIC,26,1,18,670.00,"12,060.00"
2020-08-18,2020081801015363,PIC,26,26,250,670.00,"167,500.00"
2020-08-18,2020081801015362,PIC,26,20,20,670.00,"13,400.00"
2020-08-18,2020081801015361,PIC,26,41,20,670.00,"13,400.00"
2020-08-18,2020081801015360,PIC,26,34,25,670.00,"16,750.00"
2020-08-18,2020081801015359,PIC,26,49,108,670.00,"72,360.00"
2020-08-18,2020081801015443,PICL,32,10,30,470.00,"14,100.00"
2020-08-18,2020081801015383,PICL,34,10,20,470.00,"9,400.00"
2020-08-18,2020081801015382,PICL,42,10,100,470.00,"47,000.00"
2020-08-18,2020081801015789,PLIC,49,38,15,550.00,"8,250.00"
2020-08-18,2020081801015788,PLIC,17,38,100,550.00,"55,000.00"
2020-08-18,2020081801015787,PLIC,39,38,160,551.00,"88,160.00"
2020-08-18,2020081801015756,PLIC,39,57,840,551.00,"462,840.00"
2020-08-18,2020081801015607,PLIC,49,38,100,553.00,"55,300.00"
2020-08-18,2020081801015461,PMHPL,22,52,100,78.00,"7,800.00"
2020-08-18,2020081801015709,PPCL,32,40,20,113.00,"2,260.00"
2020-08-18,2020081801015708,PPCL,14,40,10,114.00,"1,140.00"
2020-08-18,2020081801015305,PPCL,14,18,10,114.00,"1,140.00"
2020-08-18,2020081801015454,PRIN,38,52,50,525.00,"26,250.00"
2020-08-18,2020081801015395,PRIN,38,11,100,525.00,"52,500.00"
2020-08-18,2020081801015394,PRIN,38,50,25,525.00,"13,125.00"
2020-08-18,2020081801015393,PRIN,38,26,10,525.00,"5,250.00"
2020-08-18,2020081801015392,PRIN,38,36,225,525.00,"118,125.00"
2020-08-18,2020081801015545,PRVU,20,11,856,225.00,"192,600.00"
2020-08-18,2020081801015398,PRVU,56,32,207,225.00,"46,575.00"
2020-08-18,2020081801015703,RADHI,40,3,12,176.00,"2,112.00"
2020-08-18,2020081801015473,RBCLPO,13,59,15,"8,300.00","124,500.00"
2020-08-18,2020081801015462,RBCLPO,13,44,28,"8,290.00","232,120.00"
2020-08-18,2020081801015800,RHPC,51,47,439,87.00,"38,193.00"
2020-08-18,2020081801015724,RHPC,58,47,60,87.00,"5,220.00"
2020-08-18,2020081801015722,RHPC,26,58,104,86.00,"8,944.00"
2020-08-18,2020081801015754,RHPL,33,34,30,146.00,"4,380.00"
2020-08-18,2020081801015558,RHPL,33,3,40,146.00,"5,840.00"
2020-08-18,2020081801015528,RHPL,33,44,30,146.00,"4,380.00"
2020-08-18,2020081801015467,RHPL,33,44,30,146.00,"4,380.00"
2020-08-18,2020081801015367,RHPL,33,18,20,146.00,"2,920.00"
2020-08-18,2020081801015338,RHPL,33,44,30,146.00,"4,380.00"
2020-08-18,2020081801015586,RSDC,41,38,17,489.00,"8,313.00"
2020-08-18,2020081801015585,RSDC,29,38,50,490.00,"24,500.00"
2020-08-18,2020081801015730,SABSL,46,49,11,724.00,"7,964.00"
2020-08-18,2020081801015587,SABSL,29,52,11,723.00,"7,953.00"
2020-08-18,2020081801015404,SADBL,37,26,473,144.00,"68,112.00"
2020-08-18,2020081801015403,SADBL,57,26,27,144.00,"3,888.00"
2020-08-18,2020081801015775,SANIMA,48,11,50,335.00,"16,750.00"
2020-08-18,2020081801015725,SANIMA,48,40,15,335.00,"5,025.00"
2020-08-18,2020081801015605,SANIMA,48,39,501,335.00,"167,835.00"
2020-08-18,2020081801015727,SAPDBL,44,36,97,119.00,"11,543.00"
2020-08-18,2020081801015726,SAPDBL,56,36,28,119.00,"3,332.00"
2020-08-18,2020081801015740,SBI,8,40,78,410.00,"31,980.00"
2020-08-18,2020081801015391,SBL,17,41,37,296.00,"10,952.00"
2020-08-18,2020081801015777,SCB,50,32,50,642.00,"32,100.00"
2020-08-18,2020081801015772,SDLBSL,10,3,10,843.00,"8,430.00"
2020-08-18,2020081801015714,SDLBSL,10,3,10,843.00,"8,430.00"
2020-08-18,2020081801015442,SHINE,44,19,10,235.00,"2,350.00"
2020-08-18,2020081801015441,SHINE,43,19,100,235.00,"23,500.00"
2020-08-18,2020081801015755,SHIVM,56,48,10,592.00,"5,920.00"
2020-08-18,2020081801015664,SHIVM,49,45,20,591.00,"11,820.00"
2020-08-18,2020081801015306,SHIVM,7,49,100,591.00,"59,100.00"
2020-08-18,2020081801015791,SHL,28,10,145,157.00,"22,765.00"
2020-08-18,2020081801015421,SHPC,57,49,300,228.00,"68,400.00"
2020-08-18,2020081801015598,SIC,39,26,140,778.00,"108,920.00"
2020-08-18,2020081801015554,SIC,39,35,100,778.00,"77,800.00"
2020-08-18,2020081801015769,SICL,42,56,30,"1,243.00","37,290.00"
2020-08-18,2020081801015451,SICL,51,58,20,"1,245.00","24,900.00"
2020-08-18,2020081801015450,SICL,10,58,50,"1,245.00","62,250.00"
2020-08-18,2020081801015449,SICL,25,58,300,"1,246.00","373,800.00"
2020-08-18,2020081801015448,SICL,45,58,600,"1,246.00","747,600.00"
2020-08-18,2020081801015432,SIL,3,10,330,639.00,"210,870.00"
2020-08-18,2020081801015431,SIL,3,41,170,638.00,"108,460.00"
2020-08-18,2020081801015328,SIL,34,34,191,637.00,"121,667.00"
2020-08-18,2020081801015327,SIL,44,34,309,637.00,"196,833.00"
2020-08-18,2020081801015320,SIL,46,41,30,638.00,"19,140.00"
2020-08-18,2020081801015547,SJCL,6,44,20,132.00,"2,640.00"
2020-08-18,2020081801015474,SJCL,6,44,20,132.00,"2,640.00"
2020-08-18,2020081801015400,SJCL,6,18,20,132.00,"2,640.00"
2020-08-18,2020081801015369,SJCL,6,44,10,132.00,"1,320.00"
2020-08-18,2020081801015402,SLBS,8,8,1,895.00,895.00
2020-08-18,2020081801015790,SLICL,49,35,500,461.00,"230,500.00"
2020-08-18,2020081801015748,SLICL,26,13,10,464.00,"4,640.00"
2020-08-18,2020081801015747,SLICL,26,29,100,463.00,"46,300.00"
2020-08-18,2020081801015746,SLICL,26,45,15,463.00,"6,945.00"
2020-08-18,2020081801015745,SLICL,26,6,200,463.00,"92,600.00"
2020-08-18,2020081801015744,SLICL,26,8,100,463.00,"46,300.00"
2020-08-18,2020081801015743,SLICL,26,49,25,462.00,"11,550.00"
2020-08-18,2020081801015742,SLICL,26,1,50,462.00,"23,100.00"
2020-08-18,2020081801015371,SLICL,34,1,500,461.00,"230,500.00"
2020-08-18,2020081801015321,SLICL,51,1,100,462.00,"46,200.00"
2020-08-18,2020081801015423,SPARS,33,18,11,851.00,"9,361.00"
2020-08-18,2020081801015681,TRH,25,5,10,205.00,"2,050.00"
2020-08-18,2020081801015390,UIC,46,5,310,399.00,"123,690.00"
2020-08-18,2020081801015356,UIC,46,5,500,399.00,"199,500.00"
2020-08-18,2020081801015776,UPCL,22,1,150,70.00,"10,500.00"
2020-08-18,2020081801015765,UPCL,33,1,100,70.00,"7,000.00"
2020-08-18,2020081801015705,UPCL,52,43,50,70.00,"3,500.00"
2020-08-18,2020081801015704,UPCL,52,43,50,70.00,"3,500.00"
2020-08-18,2020081801015447,UPCL,21,18,50,69.00,"3,450.00"
2020-08-18,2020081801015735,UPPER,41,28,40,219.00,"8,760.00"
2020-08-18,2020081801015701,UPPER,41,28,35,219.00,"7,665.00"
2020-08-18,2020081801015700,UPPER,26,28,15,219.00,"3,285.00"
2020-08-18,2020081801015677,UPPER,43,14,400,220.00,"88,000.00"
2020-08-18,2020081801015676,UPPER,45,14,200,220.00,"44,000.00"
2020-08-18,2020081801015675,UPPER,59,14,200,220.00,"44,000.00"
2020-08-18,2020081801015674,UPPER,46,14,224,220.00,"49,280.00"
2020-08-18,2020081801015602,UPPER,46,42,50,220.00,"11,000.00"
2020-08-18,2020081801015370,UPPER,46,5,40,220.00,"8,800.00"
2020-08-18,2020081801015291,ACLBSL,16,5,10,705.00,"7,050.00"
2020-08-18,2020081801014841,ACLBSL,16,54,10,705.00,"7,050.00"
2020-08-18,2020081801015176,ADBL,55,46,400,415.00,"166,000.00"
2020-08-18,2020081801015092,ADBL,55,58,30,415.00,"12,450.00"
2020-08-18,2020081801015296,AIL,28,20,10,488.00,"4,880.00"
2020-08-18,2020081801015254,AIL,28,17,10,488.00,"4,880.00"
2020-08-18,2020081801015241,AIL,28,18,10,488.00,"4,880.00"
2020-08-18,2020081801015207,AIL,28,56,10,488.00,"4,880.00"
2020-08-18,2020081801015189,AIL,28,17,10,488.00,"4,880.00"
2020-08-18,2020081801015172,AIL,28,58,10,488.00,"4,880.00"
2020-08-18,2020081801014880,AIL,51,39,10,488.00,"4,880.00"
2020-08-18,2020081801014850,AIL,51,39,10,488.00,"4,880.00"
2020-08-18,2020081801014848,AIL,51,1,10,488.00,"4,880.00"
2020-08-18,2020081801014822,AIL,51,39,10,488.00,"4,880.00"
2020-08-18,2020081801014811,AIL,51,44,10,488.00,"4,880.00"
2020-08-18,2020081801014978,AIL,51,51,10,488.00,"4,880.00"
2020-08-18,2020081801014967,AIL,51,44,10,488.00,"4,880.00"
2020-08-18,2020081801014966,AIL,51,28,10,488.00,"4,880.00"
2020-08-18,2020081801014962,AIL,51,39,10,488.00,"4,880.00"
2020-08-18,2020081801014929,AIL,51,39,10,488.00,"4,880.00"
2020-08-18,2020081801014903,AIL,7,45,10,489.00,"4,890.00"
2020-08-18,2020081801015169,AIL,28,17,10,488.00,"4,880.00"
2020-08-18,2020081801015103,AIL,28,17,10,488.00,"4,880.00"
2020-08-18,2020081801015045,AIL,16,17,10,488.00,"4,880.00"
2020-08-18,2020081801015040,AIL,16,28,10,488.00,"4,880.00"
2020-08-18,2020081801014991,AIL,16,28,10,488.00,"4,880.00"
2020-08-18,2020081801014985,AIL,16,39,10,488.00,"4,880.00"
2020-08-18,2020081801015167,ALBSL,42,11,10,645.00,"6,450.00"
2020-08-18,2020081801015116,ALICL,26,57,100,645.00,"64,500.00"
2020-08-18,2020081801014868,ALICL,26,57,200,645.00,"129,000.00"
2020-08-18,2020081801014867,ALICL,26,57,100,644.00,"64,400.00"
2020-08-18,2020081801014809,ALICL,26,6,120,643.00,"77,160.00"
2020-08-18,2020081801015233,API,8,42,892,108.00,"96,336.00"
2020-08-18,2020081801014938,BFC,28,38,"3,889",99.00,"385,011.00"
2020-08-18,2020081801014937,BFC,41,38,500,99.00,"49,500.00"
2020-08-18,2020081801014936,BFC,42,38,150,99.00,"14,850.00"
2020-08-18,2020081801014935,BFC,48,38,930,100.00,"93,000.00"
2020-08-18,2020081801015183,BOKL,56,11,400,225.00,"90,000.00"
2020-08-18,2020081801014906,BOKL,10,11,56,225.00,"12,600.00"
2020-08-18,2020081801014873,BOKL,10,57,368,225.00,"82,800.00"
2020-08-18,2020081801014859,BOKL,10,4,76,225.00,"17,100.00"
2020-08-18,2020081801015174,CBBL,41,35,100,"1,044.00","104,400.00"
2020-08-18,2020081801014988,CBBL,14,32,48,"1,046.00","50,208.00"
2020-08-18,2020081801014979,CBBL,47,49,32,"1,043.00","33,376.00"
2020-08-18,2020081801014971,CBBL,47,52,67,"1,043.00","69,881.00"
2020-08-18,2020081801015068,CBL,49,59,"1,146",145.00,"166,170.00"
2020-08-18,2020081801015067,CBL,49,52,69,145.00,"10,005.00"
2020-08-18,2020081801015066,CBL,49,58,110,145.00,"15,950.00"
2020-08-18,2020081801015065,CBL,49,52,220,145.00,"31,900.00"
2020-08-18,2020081801015064,CBL,49,57,455,145.00,"65,975.00"
2020-08-18,2020081801014857,CBL,45,58,45,144.00,"6,480.00"
2020-08-18,2020081801014856,CBL,45,58,50,144.00,"7,200.00"
2020-08-18,2020081801014855,CBL,38,58,30,144.00,"4,320.00"
2020-08-18,2020081801014854,CBL,45,58,116,144.00,"16,704.00"
2020-08-18,2020081801015079,CCBL,50,43,385,173.00,"66,605.00"
2020-08-18,2020081801015078,CCBL,50,50,50,173.00,"8,650.00"
2020-08-18,2020081801015077,CCBL,50,29,65,173.00,"11,245.00"
2020-08-18,2020081801014987,CCBL,49,29,"1,000",173.00,"173,000.00"
2020-08-18,2020081801014892,CCBL,48,57,224,172.00,"38,528.00"
2020-08-18,2020081801015260,CHL,47,51,10,87.00,870.00
2020-08-18,2020081801014845,CMF1,6,35,100,10.11,"1,011.00"
2020-08-18,2020081801015022,CZBIL,49,16,800,194.00,"155,200.00"
2020-08-18,2020081801015021,CZBIL,49,13,200,194.00,"38,800.00"
2020-08-18,2020081801014851,CZBIL,42,49,100,193.00,"19,300.00"
2020-08-18,2020081801015044,DDBL,35,49,46,826.00,"37,996.00"
2020-08-18,2020081801015043,DDBL,33,49,20,830.00,"16,600.00"
2020-08-18,2020081801015238,DHPL,39,55,10,51.00,510.00
2020-08-18,2020081801015131,EBL,16,14,626,715.00,"447,590.00"
2020-08-18,2020081801015122,EBL,16,11,100,715.00,"71,500.00"
2020-08-18,2020081801015062,EBL,16,3,990,715.00,"707,850.00"
2020-08-18,2020081801015061,EBL,45,3,10,715.00,"7,150.00"
2020-08-18,2020081801014952,EBL,57,11,500,716.00,"358,000.00"
2020-08-18,2020081801014814,EBL,5,34,200,717.00,"143,400.00"
2020-08-18,2020081801015292,EDBL,6,51,50,314.00,"15,700.00"
2020-08-18,2020081801015190,EIC,20,36,165,440.00,"72,600.00"
2020-08-18,2020081801014931,EIC,34,44,45,441.00,"19,845.00"
2020-08-18,2020081801014930,EIC,34,52,100,441.00,"44,100.00"
2020-08-18,2020081801015179,FMDBL,39,14,80,519.00,"41,520.00"
2020-08-18,2020081801015178,FMDBL,21,14,100,519.00,"51,900.00"
2020-08-18,2020081801015177,FMDBL,34,14,20,519.00,"10,380.00"
2020-08-18,2020081801015071,FMDBL,45,59,50,520.00,"26,000.00"
2020-08-18,2020081801015070,FMDBL,49,59,500,520.00,"260,000.00"
2020-08-18,2020081801015069,FMDBL,49,59,500,520.00,"260,000.00"
2020-08-18,2020081801014904,FMDBL,29,36,300,521.00,"156,300.00"
2020-08-18,2020081801014878,FMDBL,45,36,25,521.00,"13,025.00"
2020-08-18,2020081801015191,GBIME,56,56,9,251.00,"2,259.00"
2020-08-18,2020081801015140,GBIME,57,41,100,254.00,"25,400.00"
2020-08-18,2020081801015139,GBIME,42,41,60,254.00,"15,240.00"
2020-08-18,2020081801015138,GBIME,37,41,67,254.00,"17,018.00"
2020-08-18,2020081801015118,GBIME,28,59,100,255.00,"25,500.00"
2020-08-18,2020081801015117,GBIME,37,49,43,254.00,"10,922.00"
2020-08-18,2020081801014983,GBIME,33,11,376,254.00,"95,504.00"
2020-08-18,2020081801014982,GBIME,38,11,100,254.00,"25,400.00"
2020-08-18,2020081801014981,GBIME,45,11,62,254.00,"15,748.00"
2020-08-18,2020081801014943,GBIME,22,59,30,255.00,"7,650.00"
2020-08-18,2020081801015099,GBIME,37,40,90,254.00,"22,860.00"
2020-08-18,2020081801015098,GBIME,45,40,10,254.00,"2,540.00"
2020-08-18,2020081801015097,GBIME,21,40,100,254.00,"25,400.00"
2020-08-18,2020081801015096,GBIME,41,40,50,254.00,"12,700.00"
2020-08-18,2020081801015095,GBIME,11,40,226,254.00,"57,404.00"
2020-08-18,2020081801015094,GBIME,33,40,124,254.00,"31,496.00"
2020-08-18,2020081801015192,GBLBS,1,36,15,468.00,"7,020.00"
2020-08-18,2020081801015046,GBLBS,1,3,15,468.00,"7,020.00"
2020-08-18,2020081801015039,GBLBS,1,11,10,468.00,"4,680.00"
2020-08-18,2020081801014980,GBLBS,1,44,10,468.00,"4,680.00"
2020-08-18,2020081801015247,GILB,45,1,100,"1,176.00","117,600.00"
2020-08-18,2020081801015246,GILB,45,1,10,"1,176.00","11,760.00"
2020-08-18,2020081801015245,GILB,49,1,20,"1,177.00","23,540.00"
2020-08-18,2020081801015244,GILB,41,1,10,"1,178.00","11,780.00"
2020-08-18,2020081801015243,GILB,35,1,10,"1,190.00","11,900.00"
2020-08-18,2020081801015283,GLBSL,51,18,10,749.00,"7,490.00"
2020-08-18,2020081801015168,GLICL,33,10,11,473.00,"5,203.00"
2020-08-18,2020081801014847,GRDBL,56,56,10,112.00,"1,120.00"
2020-08-18,2020081801014821,GRDBL,56,56,10,112.00,"1,120.00"
2020-08-18,2020081801014805,GRDBL,56,56,10,112.00,"1,120.00"
2020-08-18,2020081801015216,HBL,44,11,950,554.00,"526,300.00"
2020-08-18,2020081801015215,HBL,44,11,500,554.00,"277,000.00"
2020-08-18,2020081801015214,HBL,44,51,50,553.00,"27,650.00"
2020-08-18,2020081801014953,HDL,44,28,500,"1,660.00","830,000.00"
2020-08-18,2020081801014895,HDL,44,48,40,"1,660.00","66,400.00"
2020-08-18,2020081801014894,HDL,57,48,10,"1,660.00","16,600.00"
