Date,Transact. No.,Symbol,Buyer,Seller,Quantity,Rate,Amount
2020-01-02,2020010201007040,ADBL,5,6,98,359.00,"35,182.00"
2020-01-02,2020010201006970,ADBL,47,6,50,359.00,"17,950.00"
2020-01-02,2020010201006960,ADBL,5,6,100,359.00,"35,900.00"
2020-01-02,2020010201006771,ADBL,1,40,350,359.00,"125,650.00"
2020-01-02,2020010201006770,ADBL,43,40,50,359.00,"17,950.00"
2020-01-02,2020010201006769,ADBL,59,40,200,359.00,"71,800.00"
2020-01-02,2020010201006768,ADBL,26,40,100,359.00,"35,900.00"
2020-01-02,2020010201006720,ADBL,6,6,100,363.00,"36,300.00"
2020-01-02,2020010201007032,AHPC,36,26,800,92.00,"73,600.00"
2020-01-02,2020010201006778,AHPC,6,26,100,92.00,"9,200.00"
2020-01-02,2020010201006914,AKPL,14,1,"2,000",114.00,"228,000.00"
2020-01-02,2020010201006913,AKPL,14,1,400,114.00,"45,600.00"
2020-01-02,2020010201006912,AKPL,14,47,397,114.00,"45,258.00"
2020-01-02,2020010201006911,AKPL,14,40,500,114.00,"57,000.00"
2020-01-02,2020010201006910,AKPL,14,40,592,114.00,"67,488.00"
2020-01-02,2020010201006745,AKPL,45,47,103,114.00,"11,742.00"
2020-01-02,2020010201006744,AKPL,45,45,559,114.00,"63,726.00"
2020-01-02,2020010201006743,AKPL,45,45,188,113.00,"21,244.00"
2020-01-02,2020010201006699,AKPL,41,45,300,113.00,"33,900.00"
2020-01-02,2020010201006883,ALBSL,42,46,10,497.00,"4,970.00"
2020-01-02,2020010201006882,ALBSL,42,44,10,496.00,"4,960.00"
2020-01-02,2020010201006693,ALBSL,58,44,10,493.00,"4,930.00"
2020-01-02,2020010201006676,ALICL,47,34,150,379.00,"56,850.00"
2020-01-02,2020010201006659,ALICL,16,50,109,375.00,"40,875.00"
2020-01-02,2020010201006658,ALICL,32,50,300,375.00,"112,500.00"
2020-01-02,2020010201006657,ALICL,28,50,100,375.00,"37,500.00"
2020-01-02,2020010201006656,ALICL,56,50,100,375.00,"37,500.00"
2020-01-02,2020010201006655,ALICL,17,50,100,376.00,"37,600.00"
2020-01-02,2020010201006654,ALICL,1,50,291,376.00,"109,416.00"
2020-01-02,2020010201006975,API,25,40,20,108.00,"2,160.00"
2020-01-02,2020010201006949,API,54,25,100,106.00,"10,600.00"
2020-01-02,2020010201006948,API,32,25,30,106.00,"3,180.00"
2020-01-02,2020010201006700,API,32,58,500,106.00,"53,000.00"
2020-01-02,2020010201006673,API,32,58,470,106.00,"49,820.00"
2020-01-02,2020010201006672,API,32,58,400,106.00,"42,400.00"
2020-01-02,2020010201006671,API,49,58,"1,000",106.00,"106,000.00"
2020-01-02,2020010201006670,API,50,58,30,106.00,"3,180.00"
2020-01-02,2020010201006669,API,29,58,100,106.00,"10,600.00"
2020-01-02,2020010201006590,API,25,40,13,108.00,"1,404.00"
2020-01-02,2020010201006589,API,25,46,344,107.00,"36,808.00"
2020-01-02,2020010201007012,BBC,4,33,10,"1,882.00","18,820.00"
2020-01-02,2020010201007061,BOKL,42,17,745,214.00,"159,430.00"
2020-01-02,2020010201007060,BOKL,42,55,299,214.00,"63,986.00"
2020-01-02,2020010201007059,BOKL,42,11,308,214.00,"65,912.00"
2020-01-02,2020010201007058,BOKL,42,57,100,214.00,"21,400.00"
2020-01-02,2020010201007057,BOKL,42,36,212,214.00,"45,368.00"
2020-01-02,2020010201006856,BOKL,1,28,778,213.00,"165,714.00"
2020-01-02,2020010201006855,BOKL,1,50,722,213.00,"153,786.00"
2020-01-02,2020010201006985,BOKL,40,5,200,212.00,"42,400.00"
2020-01-02,2020010201006984,BOKL,32,5,80,212.00,"16,960.00"
2020-01-02,2020010201006983,BOKL,16,5,200,212.00,"42,400.00"
2020-01-02,2020010201006982,BOKL,33,5,"3,987",212.00,"845,244.00"
2020-01-02,2020010201006963,BOKL,6,28,100,213.00,"21,300.00"
2020-01-02,2020010201006991,BOKL,56,5,200,211.00,"42,200.00"
2020-01-02,2020010201006990,BOKL,39,5,50,211.00,"10,550.00"
2020-01-02,2020010201006989,BOKL,25,5,50,211.00,"10,550.00"
2020-01-02,2020010201006988,BOKL,52,5,100,212.00,"21,200.00"
2020-01-02,2020010201006987,BOKL,59,5,300,212.00,"63,600.00"
2020-01-02,2020010201006986,BOKL,42,5,200,212.00,"42,400.00"
2020-01-02,2020010201006997,BOKL,42,5,100,211.00,"21,100.00"
2020-01-02,2020010201006996,BOKL,14,5,100,211.00,"21,100.00"
2020-01-02,2020010201006995,BOKL,14,5,500,211.00,"105,500.00"
2020-01-02,2020010201006994,BOKL,59,5,30,211.00,"6,330.00"
2020-01-02,2020010201006993,BOKL,45,5,100,211.00,"21,100.00"
2020-01-02,2020010201006992,BOKL,40,5,100,211.00,"21,100.00"
2020-01-02,2020010201007003,BOKL,59,5,300,211.00,"63,300.00"
2020-01-02,2020010201007002,BOKL,37,5,20,211.00,"4,220.00"
2020-01-02,2020010201007001,BOKL,8,5,500,211.00,"105,500.00"
2020-01-02,2020010201007000,BOKL,29,5,"1,000",211.00,"211,000.00"
2020-01-02,2020010201006999,BOKL,40,5,500,211.00,"105,500.00"
2020-01-02,2020010201006998,BOKL,59,5,300,211.00,"63,300.00"
2020-01-02,2020010201007056,BOKL,42,28,536,213.00,"114,168.00"
2020-01-02,2020010201007008,BOKL,55,5,200,211.00,"42,200.00"
2020-01-02,2020010201007007,BOKL,42,5,700,211.00,"147,700.00"
2020-01-02,2020010201007006,BOKL,51,5,100,211.00,"21,100.00"
2020-01-02,2020010201007005,BOKL,39,5,100,211.00,"21,100.00"
2020-01-02,2020010201007004,BOKL,47,5,100,211.00,"21,100.00"
2020-01-02,2020010201006955,BPCL,5,6,15,302.00,"4,530.00"
2020-01-02,2020010201006763,BPCL,5,6,20,302.00,"6,040.00"
2020-01-02,2020010201007036,CBBL,4,45,10,810.00,"8,100.00"
2020-01-02,2020010201006980,CBBL,4,45,30,810.00,"24,300.00"
2020-01-02,2020010201006811,CBBL,4,6,100,810.00,"81,000.00"
2020-01-02,2020010201006810,CBBL,4,55,95,809.00,"76,855.00"
2020-01-02,2020010201006809,CBBL,4,45,70,809.00,"56,630.00"
2020-01-02,2020010201006688,CBBL,17,42,13,806.00,"10,478.00"
2020-01-02,2020010201006808,CBBL,4,6,100,808.00,"80,800.00"
2020-01-02,2020010201006807,CBBL,4,43,19,806.00,"15,314.00"
2020-01-02,2020010201006806,CBBL,4,42,20,806.00,"16,120.00"
2020-01-02,2020010201006690,CBBL,14,43,13,806.00,"10,478.00"
2020-01-02,2020010201006689,CBBL,14,42,37,806.00,"29,822.00"
2020-01-02,2020010201006881,CBL,43,51,10,136.00,"1,360.00"
2020-01-02,2020010201006854,CBL,17,35,"2,000",135.00,"270,000.00"
2020-01-02,2020010201006777,CCBL,47,14,100,165.00,"16,500.00"
2020-01-02,2020010201006776,CCBL,11,14,50,165.00,"8,250.00"
2020-01-02,2020010201006775,CCBL,26,14,758,165.00,"125,070.00"
2020-01-02,2020010201006647,CCBL,26,6,71,165.00,"11,715.00"
2020-01-02,2020010201006742,CHCL,28,44,913,359.00,"327,767.00"
2020-01-02,2020010201006709,CHL,28,39,34,87.00,"2,958.00"
2020-01-02,2020010201006708,CHL,28,26,13,86.00,"1,118.00"
2020-01-02,2020010201006707,CHL,28,26,10,86.00,860.00
2020-01-02,2020010201006706,CHL,28,34,10,86.00,860.00
2020-01-02,2020010201007030,CIT,52,36,150,"2,077.00","311,550.00"
2020-01-02,2020010201006870,CIT,41,33,10,"2,080.00","20,800.00"
2020-01-02,2020010201006752,CIT,38,57,50,"2,076.00","103,800.00"
2020-01-02,2020010201006719,CLBSL,10,45,10,592.00,"5,920.00"
2020-01-02,2020010201006639,CZBIL,33,29,490,181.00,"88,690.00"
2020-01-02,2020010201006638,CZBIL,49,29,10,181.00,"1,810.00"
2020-01-02,2020010201006873,DBBL,28,57,400,140.00,"56,000.00"
2020-01-02,2020010201006872,DBBL,28,47,500,140.00,"70,000.00"
2020-01-02,2020010201006871,DBBL,28,58,"2,100",140.00,"294,000.00"
2020-01-02,2020010201007023,DDBL,34,45,30,889.00,"26,670.00"
2020-01-02,2020010201006772,DDBL,53,35,200,884.00,"176,800.00"
2020-01-02,2020010201006762,DDBL,59,43,52,885.00,"46,020.00"
2020-01-02,2020010201006687,DDBL,1,43,20,885.00,"17,700.00"
2020-01-02,2020010201006738,EBL,55,28,100,527.00,"52,700.00"
2020-01-02,2020010201006636,EBL,57,58,400,526.00,"210,400.00"
2020-01-02,2020010201006635,EBL,57,53,529,526.00,"278,254.00"
2020-01-02,2020010201006603,EBL,42,54,113,525.00,"59,325.00"
2020-01-02,2020010201006602,EBL,57,54,387,525.00,"203,175.00"
2020-01-02,2020010201007022,FMDBL,5,22,75,321.00,"24,075.00"
2020-01-02,2020010201007021,FMDBL,42,22,50,321.00,"16,050.00"
2020-01-02,2020010201006865,FOWAD,42,44,20,"1,089.00","21,780.00"
2020-01-02,2020010201007050,GBLBS,57,44,100,325.00,"32,500.00"
2020-01-02,2020010201007049,GBLBS,57,38,200,324.00,"64,800.00"
2020-01-02,2020010201006736,GBLBS,34,57,90,322.00,"28,980.00"
2020-01-02,2020010201006835,GLBSL,32,42,15,460.00,"6,900.00"
2020-01-02,2020010201006785,GLBSL,19,42,15,460.00,"6,900.00"
2020-01-02,2020010201006788,GMFBS,16,38,67,571.00,"38,257.00"
2020-01-02,2020010201006848,HBL,29,6,100,501.00,"50,100.00"
2020-01-02,2020010201007055,HDL,45,39,70,"1,215.00","85,050.00"
2020-01-02,2020010201007011,HDL,37,54,165,"1,215.00","200,475.00"
2020-01-02,2020010201006944,HDL,34,54,100,"1,215.00","121,500.00"
2020-01-02,2020010201006925,HDL,42,54,20,"1,215.00","24,300.00"
2020-01-02,2020010201006924,HDL,42,54,50,"1,215.00","60,750.00"
2020-01-02,2020010201006923,HDL,6,54,30,"1,216.00","36,480.00"
2020-01-02,2020010201006702,HDL,55,39,80,"1,219.00","97,520.00"
2020-01-02,2020010201006674,HDL,21,39,20,"1,219.00","24,380.00"
2020-01-02,2020010201006640,HDL,13,58,"1,408","1,220.00","1,717,760.00"
2020-01-02,2020010201006922,HDL,45,54,20,"1,217.00","24,340.00"
2020-01-02,2020010201006921,HDL,29,54,100,"1,218.00","121,800.00"
2020-01-02,2020010201006920,HDL,13,54,15,"1,218.00","18,270.00"
2020-01-02,2020010201006805,HDL,7,39,10,"1,219.00","12,190.00"
2020-01-02,2020010201006804,HDL,55,39,10,"1,219.00","12,190.00"
2020-01-02,2020010201006723,HDL,55,19,10,"1,219.00","12,190.00"
2020-01-02,2020010201006954,HGI,51,36,907,284.00,"257,588.00"
2020-01-02,2020010201006953,HGI,42,36,150,284.00,"42,600.00"
2020-01-02,2020010201006952,HGI,17,36,843,285.00,"240,255.00"
2020-01-02,2020010201006940,HGI,17,42,70,285.00,"19,950.00"
2020-01-02,2020010201007069,HIDCL,57,41,176,134.00,"23,584.00"
2020-01-02,2020010201007068,HIDCL,35,41,184,134.00,"24,656.00"
2020-01-02,2020010201007035,HIDCL,44,56,133,135.00,"17,955.00"
2020-01-02,2020010201007034,HIDCL,44,46,67,135.00,"9,045.00"
2020-01-02,2020010201006901,HIDCL,35,49,35,134.00,"4,690.00"
2020-01-02,2020010201006767,HIDCL,35,44,61,134.00,"8,174.00"
2020-01-02,2020010201006678,HIDCL,35,49,591,134.00,"79,194.00"
2020-01-02,2020010201006645,HPPL,38,21,50,144.00,"7,200.00"
2020-01-02,2020010201006800,ICFC,28,44,50,151.00,"7,550.00"
2020-01-02,2020010201007042,ILBS,10,48,10,554.00,"5,540.00"
2020-01-02,2020010201006959,ILBS,1,41,10,546.00,"5,460.00"
2020-01-02,2020010201006936,ILBS,51,57,100,547.00,"54,700.00"
2020-01-02,2020010201006915,ILBS,17,46,150,548.00,"82,200.00"
2020-01-02,2020010201006813,ILBS,17,44,10,548.00,"5,480.00"
2020-01-02,2020010201006734,ILBS,22,37,110,551.00,"60,610.00"
2020-01-02,2020010201006733,ILBS,22,19,70,551.00,"38,570.00"
2020-01-02,2020010201006832,JBBL,51,17,300,149.00,"44,700.00"
2020-01-02,2020010201006831,JBBL,44,17,50,149.00,"7,450.00"
2020-01-02,2020010201006830,JBBL,44,17,100,149.00,"14,900.00"
2020-01-02,2020010201006829,JBBL,32,17,200,149.00,"29,800.00"
2020-01-02,2020010201006828,JBBL,34,17,"1,000",149.00,"149,000.00"
2020-01-02,2020010201006827,JBBL,58,17,"3,000",149.00,"447,000.00"
2020-01-02,2020010201006826,JBBL,57,17,100,149.00,"14,900.00"
2020-01-02,2020010201006825,JBBL,57,17,200,149.00,"29,800.00"
2020-01-02,2020010201006756,JOSHI,57,56,30,65.00,"1,950.00"
2020-01-02,2020010201006894,JSLBB,33,51,40,"1,200.00","48,000.00"
2020-01-02,2020010201006962,KBL,8,43,41,177.00,"7,257.00"
2020-01-02,2020010201006961,KBL,8,43,459,177.00,"81,243.00"
2020-01-02,2020010201006886,KBL,8,22,41,177.00,"7,257.00"
2020-01-02,2020010201006885,KBL,29,22,"1,010",177.00,"178,770.00"
2020-01-02,2020010201006884,KBL,28,22,449,177.00,"79,473.00"
2020-01-02,2020010201006748,KBL,28,57,51,177.00,"9,027.00"
2020-01-02,2020010201006747,KBL,41,57,200,177.00,"35,400.00"
2020-01-02,2020010201006746,KBL,22,57,59,177.00,"10,443.00"
2020-01-02,2020010201006726,KBL,1,57,30,178.00,"5,340.00"
2020-01-02,2020010201006705,KBL,22,51,29,177.00,"5,133.00"
2020-01-02,2020010201006665,KSBBL,1,56,599,134.00,"80,266.00"
2020-01-02,2020010201007031,LBBL,33,25,30,195.00,"5,850.00"
2020-01-02,2020010201006947,LBBL,42,57,"1,000",194.00,"194,000.00"
2020-01-02,2020010201006766,LBBL,32,17,500,194.00,"97,000.00"
2020-01-02,2020010201006765,LBBL,32,57,685,194.00,"132,890.00"
2020-01-02,2020010201006764,LBBL,32,17,250,194.00,"48,500.00"
2020-01-02,2020010201006760,LBL,8,45,255,191.00,"48,705.00"
2020-01-02,2020010201006852,LGIL,5,42,32,329.00,"10,528.00"
2020-01-02,2020010201006851,LGIL,48,16,50,328.00,"16,400.00"
2020-01-02,2020010201006850,LGIL,48,16,100,328.00,"32,800.00"
2020-01-02,2020010201006798,LGIL,44,42,20,329.00,"6,580.00"
2020-01-02,2020010201006797,LGIL,29,42,100,329.00,"32,900.00"
2020-01-02,2020010201006586,LGIL,4,49,25,330.00,"8,250.00"
2020-01-02,2020010201006585,LGIL,48,49,100,330.00,"33,000.00"
2020-01-02,2020010201006902,LICN,50,16,50,"1,074.00","53,700.00"
2020-01-02,2020010201007045,LLBS,26,46,300,719.00,"215,700.00"
2020-01-02,2020010201007044,LLBS,38,46,50,720.00,"36,000.00"
2020-01-02,2020010201006979,MBL,32,14,50,217.00,"10,850.00"
2020-01-02,2020010201006978,MBL,8,14,"1,000",217.00,"217,000.00"
2020-01-02,2020010201006977,MBL,56,14,"1,000",217.00,"217,000.00"
2020-01-02,2020010201006976,MBL,56,14,263,217.00,"57,071.00"
2020-01-02,2020010201006879,MBL,56,58,120,217.00,"26,040.00"
2020-01-02,2020010201007041,MDB,44,44,22,250.00,"5,500.00"
2020-01-02,2020010201006857,MEGA,43,21,65,183.00,"11,895.00"
2020-01-02,2020010201006803,MEGA,16,35,100,182.00,"18,200.00"
2020-01-02,2020010201006692,MEGA,16,6,22,182.00,"4,004.00"
2020-01-02,2020010201006841,MERO,6,17,101,460.00,"46,460.00"
2020-01-02,2020010201006838,MERO,28,26,300,458.00,"137,400.00"
2020-01-02,2020010201006941,MLBBL,45,17,30,474.00,"14,220.00"
2020-01-02,2020010201006898,MLBBL,45,17,70,474.00,"33,180.00"
2020-01-02,2020010201006897,MLBBL,33,17,20,474.00,"9,480.00"
2020-01-02,2020010201006896,MLBBL,55,17,10,474.00,"4,740.00"
2020-01-02,2020010201006735,MLBBL,17,45,51,477.00,"24,327.00"
2020-01-02,2020010201006599,MLBBL,40,41,40,475.00,"19,000.00"
2020-01-02,2020010201006598,MLBBL,16,41,50,475.00,"23,750.00"
2020-01-02,2020010201007053,MNBBL,36,33,110,279.00,"30,690.00"
2020-01-02,2020010201006926,MNBBL,40,57,119,277.00,"32,963.00"
2020-01-02,2020010201007066,MSLB,7,47,10,790.00,"7,900.00"
2020-01-02,2020010201006646,MSLB,25,22,50,788.00,"39,400.00"
2020-01-02,2020010201006867,MSLB,19,34,50,775.00,"38,750.00"
2020-01-02,2020010201006759,MSMBS,1,44,55,555.00,"30,525.00"
2020-01-02,2020010201007067,NABIL,6,21,50,685.00,"34,250.00"
2020-01-02,2020010201007029,NABIL,41,21,20,685.00,"13,700.00"
2020-01-02,2020010201006965,NABIL,4,49,"2,532",685.00,"1,734,420.00"
2020-01-02,2020010201006869,NABIL,4,28,468,685.00,"320,580.00"
2020-01-02,2020010201006824,NABIL,29,28,73,684.00,"49,932.00"
2020-01-02,2020010201006823,NABIL,29,28,17,684.00,"11,628.00"
2020-01-02,2020010201006713,NABIL,1,49,100,685.00,"68,500.00"
2020-01-02,2020010201006712,NABIL,32,49,100,686.00,"68,600.00"
2020-01-02,2020010201006711,NABIL,4,49,200,686.00,"137,200.00"
2020-01-02,2020010201006710,NABIL,43,49,100,686.00,"68,600.00"
2020-01-02,2020010201006822,NABIL,37,28,200,684.00,"136,800.00"
2020-01-02,2020010201006821,NABIL,7,28,10,684.00,"6,840.00"
2020-01-02,2020010201006717,NABIL,44,49,50,685.00,"34,250.00"
2020-01-02,2020010201006716,NABIL,4,49,"2,000",685.00,"1,370,000.00"
2020-01-02,2020010201006715,NABIL,11,49,75,685.00,"51,375.00"
2020-01-02,2020010201006714,NABIL,32,49,30,685.00,"20,550.00"
2020-01-02,2020010201006892,NADEP,38,45,500,519.00,"259,500.00"
2020-01-02,2020010201006594,NADEP,44,17,20,520.00,"10,400.00"
2020-01-02,2020010201007028,NBB,39,46,50,188.00,"9,400.00"
2020-01-02,2020010201006964,NBB,33,46,10,188.00,"1,880.00"
2020-01-02,2020010201006728,NBB,49,56,220,187.00,"41,140.00"
2020-01-02,2020010201006718,NBB,49,45,806,187.00,"150,722.00"
2020-01-02,2020010201007075,NBL,33,45,25,266.00,"6,650.00"
2020-01-02,2020010201007014,NBL,43,45,10,266.00,"2,660.00"
2020-01-02,2020010201007013,NBL,43,52,150,265.00,"39,750.00"
2020-01-02,2020010201006930,NBL,29,43,140,264.00,"36,960.00"
2020-01-02,2020010201006802,NBL,33,43,500,264.00,"132,000.00"
2020-01-02,2020010201007081,NCCB,8,1,10,203.00,"2,030.00"
2020-01-02,2020010201006972,NCCB,33,1,25,203.00,"5,075.00"
2020-01-02,2020010201006730,NCCB,58,51,374,202.00,"75,548.00"
2020-01-02,2020010201006729,NCCB,49,51,126,202.00,"25,452.00"
2020-01-02,2020010201006675,NCCB,49,57,200,202.00,"40,400.00"
2020-01-02,2020010201006634,NCCB,1,1,731,203.00,"148,393.00"
2020-01-02,2020010201007010,NGPL,44,20,17,108.00,"1,836.00"
2020-01-02,2020010201007009,NGPL,16,20,489,108.00,"52,812.00"
2020-01-02,2020010201006781,NGPL,16,32,11,108.00,"1,188.00"
2020-01-02,2020010201006755,NGPL,6,20,19,109.00,"2,071.00"
2020-01-02,2020010201006754,NGPL,6,35,11,109.00,"1,199.00"
2020-01-02,2020010201006853,NIB,17,44,35,398.00,"13,930.00"
2020-01-02,2020010201006610,NIB,17,13,49,398.00,"19,502.00"
2020-01-02,2020010201006609,NIB,49,13,30,398.00,"11,940.00"
2020-01-02,2020010201006608,NIB,44,13,20,398.00,"7,960.00"
2020-01-02,2020010201006607,NIB,52,13,50,398.00,"19,900.00"
2020-01-02,2020010201006606,NIB,45,13,1,398.00,398.00
2020-01-02,2020010201006605,NIB,45,22,140,398.00,"55,720.00"
2020-01-02,2020010201006604,NIB,50,22,60,399.00,"23,940.00"
2020-01-02,2020010201006939,NICA,43,4,200,413.00,"82,600.00"
2020-01-02,2020010201006938,NICA,43,4,21,413.00,"8,673.00"
2020-01-02,2020010201006761,NICA,25,19,14,415.00,"5,810.00"
2020-01-02,2020010201006725,NICA,43,4,979,413.00,"404,327.00"
2020-01-02,2020010201006724,NICA,36,4,221,413.00,"91,273.00"
2020-01-02,2020010201006661,NICA,36,44,779,413.00,"321,727.00"
2020-01-02,2020010201006660,NICA,49,44,"1,221",413.00,"504,273.00"
2020-01-02,2020010201006652,NICA,57,8,240,414.00,"99,360.00"
2020-01-02,2020010201006651,NICA,57,36,"1,300",414.00,"538,200.00"
2020-01-02,2020010201006650,NICA,57,44,"1,983",414.00,"820,962.00"
2020-01-02,2020010201006868,NICL,36,50,125,302.00,"37,750.00"
2020-01-02,2020010201006741,NICL,36,1,75,302.00,"22,650.00"
2020-01-02,2020010201006799,NLBBL,33,33,100,493.00,"49,300.00"
2020-01-02,2020010201006653,NLG,38,35,150,605.00,"90,750.00"
2020-01-02,2020010201006969,NLIC,54,58,20,950.00,"19,000.00"
2020-01-02,2020010201006820,NLIC,41,21,200,951.00,"190,200.00"
2020-01-02,2020010201006795,NLIC,41,41,104,951.00,"98,904.00"
2020-01-02,2020010201006794,NLIC,41,46,30,950.00,"28,500.00"
2020-01-02,2020010201006793,NLIC,41,22,100,950.00,"95,000.00"
2020-01-02,2020010201006792,NLIC,41,52,60,950.00,"57,000.00"
2020-01-02,2020010201006593,NLIC,42,52,40,950.00,"38,000.00"
2020-01-02,2020010201006592,NLIC,42,45,60,950.00,"57,000.00"
2020-01-02,2020010201006906,NLICL,36,34,100,484.00,"48,400.00"
2020-01-02,2020010201006905,NLICL,43,34,10,484.00,"4,840.00"
2020-01-02,2020010201006842,NLICL,25,22,130,483.00,"62,790.00"
2020-01-02,2020010201006787,NLICL,44,34,37,480.00,"17,760.00"
2020-01-02,2020010201006786,NLICL,46,34,63,480.00,"30,240.00"
2020-01-02,2020010201006644,NLICL,46,40,290,480.00,"139,200.00"
2020-01-02,2020010201006780,NMB,6,16,100,323.00,"32,300.00"
2020-01-02,2020010201006779,NMB,35,16,50,323.00,"16,150.00"
2020-01-02,2020010201006686,NMB,28,54,123,324.00,"39,852.00"
2020-01-02,2020010201006685,NMB,28,34,50,324.00,"16,200.00"
2020-01-02,2020010201006684,NMB,28,3,87,324.00,"28,188.00"
2020-01-02,2020010201006683,NMB,28,42,40,324.00,"12,960.00"
2020-01-02,2020010201006642,NMB,22,42,60,324.00,"19,440.00"
2020-01-02,2020010201006641,NMB,22,34,440,324.00,"142,560.00"
2020-01-02,2020010201007033,NMBMF,34,34,10,573.00,"5,730.00"
2020-01-02,2020010201006790,NNLB,48,6,10,514.00,"5,140.00"
2020-01-02,2020010201006968,NTC,25,48,50,613.00,"30,650.00"
2020-01-02,2020010201006967,NTC,58,48,50,613.00,"30,650.00"
2020-01-02,2020010201006966,NTC,26,48,300,613.00,"183,900.00"
2020-01-02,2020010201006876,NTC,56,42,10,615.00,"6,150.00"
2020-01-02,2020010201007062,NUBL,47,13,44,799.00,"35,156.00"
2020-01-02,2020010201007015,NUBL,47,13,40,799.00,"31,960.00"
2020-01-02,2020010201006956,NUBL,47,13,40,799.00,"31,960.00"
2020-01-02,2020010201006935,NUBL,47,13,40,799.00,"31,960.00"
2020-01-02,2020010201006903,NUBL,47,13,30,799.00,"23,970.00"
2020-01-02,2020010201006887,NUBL,47,13,30,799.00,"23,970.00"
2020-01-02,2020010201006611,NUBL,47,55,16,799.00,"12,784.00"
2020-01-02,2020010201006588,NUBL,47,55,25,799.00,"19,975.00"
2020-01-02,2020010201006864,NUBL,47,13,30,799.00,"23,970.00"
2020-01-02,2020010201006837,NUBL,47,19,55,800.00,"44,000.00"
2020-01-02,2020010201006796,NUBL,47,49,33,799.00,"26,367.00"
2020-01-02,2020010201006682,NUBL,47,49,18,799.00,"14,382.00"
2020-01-02,2020010201006648,NUBL,47,49,20,799.00,"15,980.00"
2020-01-02,2020010201006612,NUBL,47,49,29,799.00,"23,171.00"
2020-01-02,2020010201007064,OHL,19,58,100,473.00,"47,300.00"
2020-01-02,2020010201007043,OHL,56,58,10,473.00,"4,730.00"
2020-01-02,2020010201006677,OHL,5,49,100,472.00,"47,200.00"
2020-01-02,2020010201006750,OHL,38,58,100,472.00,"47,200.00"
2020-01-02,2020010201006749,OHL,38,49,52,472.00,"24,544.00"
2020-01-02,2020010201006737,PCBL,29,4,10,235.00,"2,350.00"
2020-01-02,2020010201006664,PCBL,37,4,95,235.00,"22,325.00"
2020-01-02,2020010201007076,PFL,32,44,392,133.00,"52,136.00"
2020-01-02,2020010201006727,PFL,40,6,39,132.00,"5,148.00"
2020-01-02,2020010201006681,PIC,25,49,10,408.00,"4,080.00"
2020-01-02,2020010201006680,PIC,25,36,26,407.00,"10,582.00"
2020-01-02,2020010201006667,PIC,25,8,11,404.00,"4,444.00"
2020-01-02,2020010201006666,PIC,53,8,78,404.00,"31,512.00"
2020-01-02,2020010201006601,PIC,41,8,437,404.00,"176,548.00"
2020-01-02,2020010201006600,PIC,17,8,100,405.00,"40,500.00"
2020-01-02,2020010201006849,PLIC,57,29,400,367.00,"146,800.00"
2020-01-02,2020010201006791,PLIC,6,29,100,367.00,"36,700.00"
2020-01-02,2020010201006649,PLIC,57,34,216,367.00,"79,272.00"
2020-01-02,2020010201006631,PLIC,57,51,"1,000",366.00,"366,000.00"
2020-01-02,2020010201006630,PLIC,57,57,146,364.00,"53,144.00"
2020-01-02,2020010201006637,PRIN,1,42,198,329.00,"65,142.00"
2020-01-02,2020010201006782,PROFL,34,35,10,97.00,970.00
2020-01-02,2020010201007017,PROFLP,45,42,"2,432",101.00,"245,632.00"
2020-01-02,2020010201007016,PROFLP,45,42,"3,238",101.00,"327,038.00"
2020-01-02,2020010201006846,PROFLP,45,42,"3,239",101.00,"327,139.00"
2020-01-02,2020010201006845,PROFLP,45,42,"3,239",101.00,"327,139.00"
2020-01-02,2020010201006844,PROFLP,45,42,"3,239",101.00,"327,139.00"
2020-01-02,2020010201006843,PROFLP,45,42,"3,239",101.00,"327,139.00"
2020-01-02,2020010201006617,PROFLP,45,42,"3,239",101.00,"327,139.00"
2020-01-02,2020010201006616,PROFLP,45,42,"3,239",101.00,"327,139.00"
2020-01-02,2020010201006615,PROFLP,45,42,"3,239",101.00,"327,139.00"
2020-01-02,2020010201006614,PROFLP,45,42,"3,239",101.00,"327,139.00"
2020-01-02,2020010201006613,PROFLP,45,42,"3,239",101.00,"327,139.00"
2020-01-02,2020010201006623,PROFLP,45,42,"3,239",101.00,"327,139.00"
2020-01-02,2020010201006622,PROFLP,45,42,"3,239",101.00,"327,139.00"
2020-01-02,2020010201006621,PROFLP,45,42,"3,239",101.00,"327,139.00"
2020-01-02,2020010201006620,PROFLP,45,42,"3,239",101.00,"327,139.00"
2020-01-02,2020010201006619,PROFLP,45,42,"1,662",101.00,"167,862.00"
2020-01-02,2020010201006618,PROFLP,45,42,"3,239",101.00,"327,139.00"
2020-01-02,2020010201006629,PROFLP,45,42,"3,239",101.00,"327,139.00"
2020-01-02,2020010201006628,PROFLP,45,42,"3,239",101.00,"327,139.00"
2020-01-02,2020010201006627,PROFLP,45,42,"3,239",101.00,"327,139.00"
2020-01-02,2020010201006626,PROFLP,45,42,"3,239",101.00,"327,139.00"
2020-01-02,2020010201006625,PROFLP,45,42,"3,239",101.00,"327,139.00"
2020-01-02,2020010201006624,PROFLP,45,42,"3,239",101.00,"327,139.00"
2020-01-02,2020010201007048,PRVU,41,40,189,223.00,"42,147.00"
2020-01-02,2020010201007047,PRVU,14,40,100,223.00,"22,300.00"
2020-01-02,2020010201007046,PRVU,47,40,"1,711",223.00,"381,553.00"
2020-01-02,2020010201006919,PRVU,41,38,"1,000",224.00,"224,000.00"
2020-01-02,2020010201006918,PRVU,41,42,500,224.00,"112,000.00"
2020-01-02,2020010201006917,PRVU,41,50,40,224.00,"8,960.00"
2020-01-02,2020010201006773,PRVU,6,50,50,224.00,"11,200.00"
2020-01-02,2020010201006758,PRVU,47,6,50,223.00,"11,150.00"
2020-01-02,2020010201007054,RADHI,45,26,11,139.00,"1,529.00"
2020-01-02,2020010201006701,RBCL,41,25,10,"8,452.00","84,520.00"
2020-01-02,2020010201006751,RHPC,7,54,10,70.00,700.00
2020-01-02,2020010201006880,RHPL,34,58,40,168.00,"6,720.00"
2020-01-02,2020010201006812,RHPL,34,58,40,168.00,"6,720.00"
2020-01-02,2020010201006757,RHPL,37,7,10,169.00,"1,690.00"
2020-01-02,2020010201006698,RHPL,34,58,40,168.00,"6,720.00"
2020-01-02,2020010201006587,RHPL,34,58,40,168.00,"6,720.00"
2020-01-02,2020010201006971,RMDC,6,6,13,552.00,"7,176.00"
2020-01-02,2020010201006859,RMDC,5,51,30,559.00,"16,770.00"
2020-01-02,2020010201006931,RRHP,42,39,10,98.00,980.00
2020-01-02,2020010201006951,SADBL,4,38,669,137.00,"91,653.00"
2020-01-02,2020010201006950,SADBL,4,6,531,136.00,"72,216.00"
2020-01-02,2020010201006731,SADBL,14,6,72,135.00,"9,720.00"
2020-01-02,2020010201007080,SANIMA,10,44,410,313.00,"128,330.00"
2020-01-02,2020010201007079,SANIMA,10,33,150,313.00,"46,950.00"
2020-01-02,2020010201007078,SANIMA,10,57,100,313.00,"31,300.00"
2020-01-02,2020010201007077,SANIMA,10,29,340,313.00,"106,420.00"
2020-01-02,2020010201006981,SANIMA,58,41,10,312.00,"3,120.00"
2020-01-02,2020010201006908,SANIMA,58,38,250,312.00,"78,000.00"
2020-01-02,2020010201006833,SANIMA,58,14,"1,300",312.00,"405,600.00"
2020-01-02,2020010201006893,SBI,10,40,100,353.00,"35,300.00"
2020-01-02,2020010201007083,SCB,34,1,10,538.00,"5,380.00"
2020-01-02,2020010201007082,SCB,34,44,20,537.00,"10,740.00"
2020-01-02,2020010201006974,SCB,33,28,780,536.00,"418,080.00"
2020-01-02,2020010201006973,SCB,41,28,150,537.00,"80,550.00"
2020-01-02,2020010201006943,SDESI,45,45,10,590.00,"5,900.00"
2020-01-02,2020010201006942,SDESI,45,14,50,589.00,"29,450.00"
2020-01-02,2020010201006877,SFCL,20,19,45,98.00,"4,410.00"
2020-01-02,2020010201006866,SFCL,58,19,30,100.00,"3,000.00"
2020-01-02,2020010201006584,SFCL,35,57,100,101.00,"10,100.00"
2020-01-02,2020010201007020,SHINE,29,6,684,231.00,"158,004.00"
2020-01-02,2020010201007019,SHINE,13,6,50,231.00,"11,550.00"
2020-01-02,2020010201007018,SHINE,32,6,219,231.00,"50,589.00"
2020-01-02,2020010201006679,SHINE,33,21,105,232.00,"24,360.00"
2020-01-02,2020010201007071,SHIVM,16,25,200,489.00,"97,800.00"
2020-01-02,2020010201007063,SHIVM,38,55,125,490.00,"61,250.00"
2020-01-02,2020010201007027,SHIVM,38,26,125,490.00,"61,250.00"
2020-01-02,2020010201007026,SHIVM,17,26,500,490.00,"245,000.00"
2020-01-02,2020010201007025,SHIVM,58,26,200,491.00,"98,200.00"
2020-01-02,2020010201007024,SHIVM,47,26,175,491.00,"85,925.00"
2020-01-02,2020010201006722,SHIVM,52,16,100,492.00,"49,200.00"
2020-01-02,2020010201006643,SHIVM,38,28,500,493.00,"246,500.00"
2020-01-02,2020010201006633,SHIVM,52,50,80,492.00,"39,360.00"
2020-01-02,2020010201006632,SHIVM,10,50,100,492.00,"49,200.00"
2020-01-02,2020010201006863,SHIVM,4,11,100,493.00,"49,300.00"
2020-01-02,2020010201006858,SHIVM,4,52,430,493.00,"211,990.00"
2020-01-02,2020010201006834,SHIVM,58,52,970,493.00,"478,210.00"
2020-01-02,2020010201006740,SHIVM,4,14,30,492.00,"14,760.00"
2020-01-02,2020010201006739,SHIVM,52,14,20,492.00,"9,840.00"
2020-01-02,2020010201006732,SHIVM,55,48,400,494.00,"197,600.00"
2020-01-02,2020010201006945,SHIVM,49,25,300,493.00,"147,900.00"
2020-01-02,2020010201006937,SHIVM,38,16,500,492.00,"246,000.00"
2020-01-02,2020010201006927,SHIVM,21,25,500,493.00,"246,500.00"
2020-01-02,2020010201006891,SHIVM,14,35,160,493.00,"78,880.00"
2020-01-02,2020010201006890,SHIVM,4,35,40,493.00,"19,720.00"
2020-01-02,2020010201006878,SHIVM,4,57,400,493.00,"197,200.00"
2020-01-02,2020010201007073,SHL,58,58,100,197.00,"19,700.00"
2020-01-02,2020010201007072,SHL,58,58,100,197.00,"19,700.00"
2020-01-02,2020010201006774,SHL,51,10,100,196.00,"19,600.00"
2020-01-02,2020010201006591,SHL,51,22,300,196.00,"58,800.00"
2020-01-02,2020010201006932,SHPC,57,26,50,168.00,"8,400.00"
2020-01-02,2020010201006934,SICL,25,34,41,850.00,"34,850.00"
2020-01-02,2020010201006933,SICL,59,34,60,850.00,"51,000.00"
2020-01-02,2020010201006597,SICL,37,10,100,850.00,"85,000.00"
2020-01-02,2020010201006596,SICL,56,10,100,850.00,"85,000.00"
2020-01-02,2020010201006595,SICL,29,10,100,851.00,"85,100.00"
2020-01-02,2020010201006691,SIL,44,42,50,413.00,"20,650.00"
2020-01-02,2020010201006909,SJCL,41,58,20,154.00,"3,080.00"
2020-01-02,2020010201006789,SJCL,41,58,20,154.00,"3,080.00"
2020-01-02,2020010201006721,SJCL,41,58,10,154.00,"1,540.00"
2020-01-02,2020010201006929,SKBBL,22,29,10,845.00,"8,450.00"
2020-01-02,2020010201006928,SKBBL,22,49,90,844.00,"75,960.00"
2020-01-02,2020010201006839,SKBBL,1,49,10,844.00,"8,440.00"
2020-01-02,2020010201007074,SLBSL,44,45,40,607.00,"24,280.00"
2020-01-02,2020010201007065,SLICL,44,50,10,305.00,"3,050.00"
2020-01-02,2020010201006958,SLICL,21,44,"1,000",304.00,"304,000.00"
2020-01-02,2020010201006916,SLICL,6,50,20,305.00,"6,100.00"
2020-01-02,2020010201006875,SLICL,21,49,100,304.00,"30,400.00"
2020-01-02,2020010201006874,SLICL,21,4,121,304.00,"36,784.00"
2020-01-02,2020010201006840,SLICL,57,4,500,304.00,"152,000.00"
2020-01-02,2020010201006836,SLICL,29,42,30,303.00,"9,090.00"
2020-01-02,2020010201006668,SLICL,29,40,201,303.00,"60,903.00"
2020-01-02,2020010201007039,SMATA,44,18,100,536.00,"53,600.00"
2020-01-02,2020010201007038,SMATA,40,18,100,536.00,"53,600.00"
2020-01-02,2020010201007037,SMATA,44,18,100,538.00,"53,800.00"
2020-01-02,2020010201006753,SMATA,51,18,21,539.00,"11,319.00"
2020-01-02,2020010201006697,SMATA,56,18,500,539.00,"269,500.00"
2020-01-02,2020010201006696,SMATA,56,18,500,540.00,"270,000.00"
2020-01-02,2020010201006695,SMATA,58,18,11,540.00,"5,940.00"
2020-01-02,2020010201006694,SMATA,56,18,500,541.00,"270,500.00"
2020-01-02,2020010201006889,SMFBS,7,25,40,933.00,"37,320.00"
2020-01-02,2020010201006662,SMFBS,7,44,10,933.00,"9,330.00"
2020-01-02,2020010201006957,SMFDB,34,39,10,559.00,"5,590.00"
2020-01-02,2020010201007052,SPARS,14,44,10,565.00,"5,650.00"
2020-01-02,2020010201006900,SPARS,19,34,105,572.00,"60,060.00"
2020-01-02,2020010201006899,SPARS,19,6,195,572.00,"111,540.00"
2020-01-02,2020010201006801,SPARS,37,6,50,572.00,"28,600.00"
2020-01-02,2020010201006703,SPARS,14,44,10,565.00,"5,650.00"
2020-01-02,2020010201006818,SRBL,8,14,"1,000",215.00,"215,000.00"
2020-01-02,2020010201006817,SRBL,39,14,"1,000",215.00,"215,000.00"
2020-01-02,2020010201006816,SRBL,20,14,100,215.00,"21,500.00"
2020-01-02,2020010201006815,SRBL,47,14,50,215.00,"10,750.00"
2020-01-02,2020010201006814,SRBL,17,14,"1,000",215.00,"215,000.00"
2020-01-02,2020010201006907,SWBBL,14,25,63,862.00,"54,306.00"
2020-01-02,2020010201006895,SWBBL,14,44,22,862.00,"18,964.00"
2020-01-02,2020010201006904,TMDBL,4,28,436,153.00,"66,708.00"
2020-01-02,2020010201007070,TRH,45,34,30,287.00,"8,610.00"
2020-01-02,2020010201006888,TRH,56,34,10,287.00,"2,870.00"
2020-01-02,2020010201006847,TRH,17,45,500,284.00,"142,000.00"
2020-01-02,2020010201006819,TRH,36,50,90,286.00,"25,740.00"
2020-01-02,2020010201006784,TRH,17,34,249,284.00,"70,716.00"
2020-01-02,2020010201006783,TRH,17,34,751,284.00,"213,284.00"
2020-01-02,2020010201006663,TRH,45,40,200,286.00,"57,200.00"
2020-01-02,2020010201006946,UIC,1,38,155,291.00,"45,105.00"
2020-01-02,2020010201007051,UPPER,25,17,20,237.00,"4,740.00"
2020-01-02,2020010201006862,UPPER,44,40,45,235.00,"10,575.00"
2020-01-02,2020010201006861,UPPER,6,40,550,235.00,"129,250.00"
2020-01-02,2020010201006860,UPPER,49,40,215,236.00,"50,740.00"
2020-01-02,2020010201006704,UPPER,25,17,20,237.00,"4,740.00"
2020-01-02,2020010201006574,ADBL,42,1,10,364.00,"3,640.00"
2020-01-02,2020010201006462,ADBL,32,5,20,360.00,"7,200.00"
2020-01-02,2020010201006461,ADBL,39,5,60,360.00,"21,600.00"
2020-01-02,2020010201006402,ADBL,39,5,40,360.00,"14,400.00"
2020-01-02,2020010201006401,ADBL,22,5,50,360.00,"18,000.00"
2020-01-02,2020010201006400,ADBL,22,5,100,360.00,"36,000.00"
2020-01-02,2020010201006387,ADBL,3,5,50,361.00,"18,050.00"
2020-01-02,2020010201006386,ADBL,36,5,40,361.00,"14,440.00"
2020-01-02,2020010201006385,ADBL,52,5,165,362.00,"59,730.00"
2020-01-02,2020010201006384,ADBL,59,5,80,363.00,"29,040.00"
2020-01-02,2020010201006383,ADBL,58,5,200,363.00,"72,600.00"
2020-01-02,2020010201006361,ADBL,59,45,20,363.00,"7,260.00"
2020-01-02,2020010201006393,ADBL,22,5,500,360.00,"180,000.00"
2020-01-02,2020010201006392,ADBL,22,5,100,360.00,"36,000.00"
2020-01-02,2020010201006391,ADBL,22,5,100,360.00,"36,000.00"
2020-01-02,2020010201006390,ADBL,52,5,54,360.00,"19,440.00"
2020-01-02,2020010201006389,ADBL,22,5,30,360.00,"10,800.00"
2020-01-02,2020010201006388,ADBL,59,5,100,361.00,"36,100.00"
2020-01-02,2020010201006399,ADBL,22,5,100,360.00,"36,000.00"
2020-01-02,2020010201006398,ADBL,22,5,100,360.00,"36,000.00"
2020-01-02,2020010201006397,ADBL,44,5,400,360.00,"144,000.00"
2020-01-02,2020010201006396,ADBL,28,5,100,360.00,"36,000.00"
2020-01-02,2020010201006395,ADBL,25,5,150,360.00,"54,000.00"
2020-01-02,2020010201006394,ADBL,41,5,200,360.00,"72,000.00"
2020-01-02,2020010201006293,AKPL,37,45,50,113.00,"5,650.00"
2020-01-02,2020010201006435,ALBSL,18,42,30,494.00,"14,820.00"
2020-01-02,2020010201006414,ALBSL,58,44,10,493.00,"4,930.00"
2020-01-02,2020010201006345,ALBSL,22,42,70,494.00,"34,580.00"
2020-01-02,2020010201006306,ALBSL,22,42,10,494.00,"4,940.00"
2020-01-02,2020010201006236,ALBSL,22,11,200,494.00,"98,800.00"
2020-01-02,2020010201006105,ALICL,1,25,39,376.00,"14,664.00"
2020-01-02,2020010201006104,ALICL,25,25,101,377.00,"38,077.00"
2020-01-02,2020010201006132,API,43,46,200,107.00,"21,400.00"
2020-01-02,2020010201006340,BFC,25,42,50,85.00,"4,250.00"
2020-01-02,2020010201006456,BPCL,5,6,17,302.00,"5,134.00"
2020-01-02,2020010201006200,BPCL,49,32,11,300.00,"3,300.00"
2020-01-02,2020010201006187,BPCL,5,39,33,302.00,"9,966.00"
2020-01-02,2020010201006169,CBL,17,43,600,135.00,"81,000.00"
2020-01-02,2020010201006247,CCBL,26,40,200,165.00,"33,000.00"
2020-01-02,2020010201006214,CCBL,26,32,183,165.00,"30,195.00"
2020-01-02,2020010201006113,CCBL,26,58,28,165.00,"4,620.00"
2020-01-02,2020010201006221,CHCL,54,44,87,360.00,"31,320.00"
2020-01-02,2020010201006569,CIT,38,6,15,"2,076.00","31,140.00"
2020-01-02,2020010201006421,CIT,38,46,100,"2,076.00","207,600.00"
2020-01-02,2020010201006363,CIT,39,57,95,"2,076.00","197,220.00"
2020-01-02,2020010201006311,CIT,32,57,100,"2,080.00","208,000.00"
2020-01-02,2020010201006310,CIT,57,57,50,"2,080.00","104,000.00"
2020-01-02,2020010201006309,CIT,50,57,20,"2,081.00","41,620.00"
2020-01-02,2020010201006308,CIT,34,57,10,"2,082.00","20,820.00"
2020-01-02,2020010201006307,CIT,26,57,25,"2,086.00","52,150.00"
2020-01-02,2020010201006538,DBBL,46,58,200,140.00,"28,000.00"
2020-01-02,2020010201006525,DBBL,4,58,"1,000",140.00,"140,000.00"
2020-01-02,2020010201006455,DBBL,28,51,"2,000",140.00,"280,000.00"
2020-01-02,2020010201006367,DBBL,28,59,100,140.00,"14,000.00"
2020-01-02,2020010201006366,DBBL,28,57,"1,800",140.00,"252,000.00"
2020-01-02,2020010201006213,DBBL,29,57,200,140.00,"28,000.00"
2020-01-02,2020010201006571,DDBL,51,53,140,885.00,"123,900.00"
2020-01-02,2020010201006521,DDBL,51,43,90,885.00,"79,650.00"
2020-01-02,2020010201006520,DDBL,34,43,10,885.00,"8,850.00"
2020-01-02,2020010201006488,DDBL,34,43,100,885.00,"88,500.00"
2020-01-02,2020010201006476,DDBL,34,43,80,885.00,"70,800.00"
2020-01-02,2020010201006439,DDBL,34,43,53,885.00,"46,905.00"
2020-01-02,2020010201006130,DDBL,20,43,26,886.00,"23,036.00"
2020-01-02,2020010201006109,DDBL,20,43,25,886.00,"22,150.00"
2020-01-02,2020010201006090,DDBL,20,43,25,886.00,"22,150.00"
2020-01-02,2020010201006315,DDBL,57,43,30,885.00,"26,550.00"
2020-01-02,2020010201006257,DDBL,57,43,40,885.00,"35,400.00"
2020-01-02,2020010201006186,DDBL,57,43,30,885.00,"26,550.00"
2020-01-02,2020010201006161,DDBL,20,43,30,886.00,"26,580.00"
2020-01-02,2020010201006157,DDBL,20,43,38,886.00,"33,668.00"
2020-01-02,2020010201006151,DDBL,20,43,30,886.00,"26,580.00"
2020-01-02,2020010201006418,DDBL,34,43,50,885.00,"44,250.00"
2020-01-02,2020010201006406,DDBL,34,43,57,885.00,"50,445.00"
2020-01-02,2020010201006378,DDBL,34,43,50,885.00,"44,250.00"
2020-01-02,2020010201006359,DDBL,34,43,50,885.00,"44,250.00"
2020-01-02,2020010201006334,DDBL,34,43,40,885.00,"35,400.00"
2020-01-02,2020010201006316,DDBL,34,43,10,885.00,"8,850.00"
2020-01-02,2020010201006516,EBL,57,6,513,525.00,"269,325.00"
2020-01-02,2020010201006515,EBL,50,6,250,525.00,"131,250.00"
2020-01-02,2020010201006210,FOWAD,7,34,155,"1,090.00","168,950.00"
2020-01-02,2020010201006209,FOWAD,40,34,50,"1,091.00","54,550.00"
2020-01-02,2020010201006208,FOWAD,34,34,50,"1,091.00","54,550.00"
2020-01-02,2020010201006207,FOWAD,34,34,30,"1,091.00","32,730.00"
2020-01-02,2020010201006206,FOWAD,48,34,30,"1,092.00","32,760.00"
2020-01-02,2020010201006205,FOWAD,34,34,50,"1,093.00","54,650.00"
2020-01-02,2020010201006089,GBBL,48,46,"1,000",204.00,"204,000.00"
2020-01-02,2020010201006514,GBLBS,57,8,500,325.00,"162,500.00"
2020-01-02,2020010201006513,GBLBS,57,58,350,325.00,"113,750.00"
2020-01-02,2020010201006503,GBLBS,34,49,100,324.00,"32,400.00"
2020-01-02,2020010201006502,GBLBS,34,8,500,324.00,"162,000.00"
2020-01-02,2020010201006501,GBLBS,34,6,50,324.00,"16,200.00"
2020-01-02,2020010201006500,GBLBS,34,38,400,324.00,"129,600.00"
2020-01-02,2020010201006499,GBLBS,34,50,45,324.00,"14,580.00"
2020-01-02,2020010201006153,GBLBS,34,44,"2,000",323.00,"646,000.00"
2020-01-02,2020010201006550,GFCL,25,47,100,126.00,"12,600.00"
2020-01-02,2020010201006517,GGBSL,50,6,10,597.00,"5,970.00"
2020-01-02,2020010201006318,GLBSL,52,42,70,460.00,"32,200.00"
2020-01-02,2020010201006287,GLBSL,52,45,100,460.00,"46,000.00"
2020-01-02,2020010201006263,GLICL,58,51,350,458.00,"160,300.00"
2020-01-02,2020010201006246,GLICL,26,50,500,457.00,"228,500.00"
2020-01-02,2020010201006245,GLICL,50,50,250,457.00,"114,250.00"
2020-01-02,2020010201006229,GLICL,7,51,100,458.00,"45,800.00"
2020-01-02,2020010201006228,GLICL,6,51,50,458.00,"22,900.00"
2020-01-02,2020010201006335,GMFBS,16,51,10,571.00,"5,710.00"
2020-01-02,2020010201006479,GRDBL,57,25,60,102.00,"6,120.00"
2020-01-02,2020010201006478,GRDBL,57,25,100,102.00,"10,200.00"
2020-01-02,2020010201006537,HDL,45,58,20,"1,220.00","24,400.00"
2020-01-02,2020010201006436,HDL,4,58,250,"1,220.00","305,000.00"
2020-01-02,2020010201006232,HDL,45,58,10,"1,220.00","12,200.00"
2020-01-02,2020010201006197,HDL,45,39,100,"1,219.00","121,900.00"
2020-01-02,2020010201006114,HDL,55,58,40,"1,220.00","48,800.00"
2020-01-02,2020010201006110,HDL,45,58,50,"1,220.00","61,000.00"
2020-01-02,2020010201006407,HGI,17,25,87,285.00,"24,795.00"
2020-01-02,2020010201006451,HURJA,1,42,20,101.00,"2,020.00"
2020-01-02,2020010201006369,ICFC,4,52,"2,000",150.00,"300,000.00"
2020-01-02,2020010201006368,ICFC,4,43,930,150.00,"139,500.00"
2020-01-02,2020010201006542,ILBS,19,44,10,550.00,"5,500.00"
2020-01-02,2020010201006541,ILBS,19,44,10,550.00,"5,500.00"
2020-01-02,2020010201006540,ILBS,19,44,10,549.00,"5,490.00"
2020-01-02,2020010201006344,ILBS,17,42,10,548.00,"5,480.00"
2020-01-02,2020010201006323,ILBS,17,48,10,548.00,"5,480.00"
2020-01-02,2020010201006284,ILBS,17,3,60,548.00,"32,880.00"
2020-01-02,2020010201006242,ILBS,17,44,10,548.00,"5,480.00"
2020-01-02,2020010201006570,JSLBB,42,51,20,"1,200.00","24,000.00"
2020-01-02,2020010201006343,JSLBB,54,51,20,"1,200.00","24,000.00"
2020-01-02,2020010201006189,KADBL,32,50,100,209.00,"20,900.00"
2020-01-02,2020010201006485,KBL,22,43,500,177.00,"88,500.00"
2020-01-02,2020010201006422,KPCL,13,48,10,82.00,820.00
2020-01-02,2020010201006231,KPCL,13,48,10,82.00,820.00
2020-01-02,2020010201006126,KPCL,13,48,10,82.00,820.00
2020-01-02,2020010201006365,KSBBL,55,56,77,135.00,"10,395.00"
2020-01-02,2020010201006256,LBBL,21,17,250,194.00,"48,500.00"
2020-01-02,2020010201006174,LBBL,42,57,"1,000",194.00,"194,000.00"
2020-01-02,2020010201006125,LBBL,58,57,"1,000",194.00,"194,000.00"
2020-01-02,2020010201006118,LBBL,35,57,"1,000",194.00,"194,000.00"
2020-01-02,2020010201006117,LBBL,26,57,"1,880",194.00,"364,720.00"
2020-01-02,2020010201006124,LBBL,40,57,200,194.00,"38,800.00"
2020-01-02,2020010201006123,LBBL,57,57,50,194.00,"9,700.00"
2020-01-02,2020010201006122,LBBL,28,57,"1,000",194.00,"194,000.00"
2020-01-02,2020010201006121,LBBL,51,57,"1,000",194.00,"194,000.00"
2020-01-02,2020010201006120,LBBL,21,57,115,194.00,"22,310.00"
2020-01-02,2020010201006119,LBBL,42,57,"1,000",194.00,"194,000.00"
2020-01-02,2020010201006204,LICN,25,40,20,"1,080.00","21,600.00"
2020-01-02,2020010201006178,LICN,1,38,150,"1,073.00","160,950.00"
2020-01-02,2020010201006177,LICN,40,38,50,"1,074.00","53,700.00"
2020-01-02,2020010201006160,MEGA,16,39,"1,875",182.00,"341,250.00"
2020-01-02,2020010201006159,MEGA,21,39,225,182.00,"40,950.00"
2020-01-02,2020010201006203,MERO,28,41,90,458.00,"41,220.00"
2020-01-02,2020010201006202,MERO,54,41,10,458.00,"4,580.00"
2020-01-02,2020010201006166,MERO,54,56,40,458.00,"18,320.00"
2020-01-02,2020010201006165,MERO,11,56,10,458.00,"4,580.00"
2020-01-02,2020010201006260,MLBL,58,53,197,175.00,"34,475.00"
2020-01-02,2020010201006338,MNBBL,48,22,387,279.00,"107,973.00"
2020-01-02,2020010201006337,MNBBL,48,53,480,279.00,"133,920.00"
2020-01-02,2020010201006336,MNBBL,48,45,131,278.00,"36,418.00"
2020-01-02,2020010201006241,MSLB,19,10,18,775.00,"13,950.00"
2020-01-02,2020010201006240,MSLB,7,10,12,776.00,"9,312.00"
2020-01-02,2020010201006195,MSMBS,28,44,399,555.00,"221,445.00"
2020-01-02,2020010201006452,NABIL,25,21,10,687.00,"6,870.00"
2020-01-02,2020010201006339,NABIL,43,55,100,686.00,"68,600.00"
2020-01-02,2020010201006222,NABIL,43,8,300,686.00,"205,800.00"
2020-01-02,2020010201006579,NADEP,44,45,80,520.00,"41,600.00"
2020-01-02,2020010201006578,NADEP,38,45,20,520.00,"10,400.00"
2020-01-02,2020010201006577,NADEP,40,45,100,520.00,"52,000.00"
2020-01-02,2020010201006491,NADEP,13,45,140,520.00,"72,800.00"
2020-01-02,2020010201006490,NADEP,41,45,500,520.00,"260,000.00"
2020-01-02,2020010201006489,NADEP,52,45,160,522.00,"83,520.00"
2020-01-02,2020010201006196,NADEP,38,21,10,524.00,"5,240.00"
2020-01-02,2020010201006152,NADEP,38,48,20,524.00,"10,480.00"
2020-01-02,2020010201006131,NADEP,49,16,70,525.00,"36,750.00"
2020-01-02,2020010201006115,NADEP,49,57,10,525.00,"5,250.00"
2020-01-02,2020010201006304,NADEP,38,26,450,524.00,"235,800.00"
2020-01-02,2020010201006239,NADEP,38,48,20,524.00,"10,480.00"
2020-01-02,2020010201006434,NADEP,52,45,340,522.00,"177,480.00"
2020-01-02,2020010201006433,NADEP,38,45,100,522.00,"52,200.00"
2020-01-02,2020010201006432,NADEP,49,45,330,523.00,"172,590.00"
2020-01-02,2020010201006354,NADEP,38,22,50,526.00,"26,300.00"
2020-01-02,2020010201006353,NADEP,38,33,20,525.00,"10,500.00"
2020-01-02,2020010201006305,NADEP,49,26,550,523.00,"287,650.00"
2020-01-02,2020010201006312,NBB,28,56,500,188.00,"94,000.00"
2020-01-02,2020010201006524,NBL,19,43,360,265.00,"95,400.00"
2020-01-02,2020010201006523,NBL,19,22,20,265.00,"5,300.00"
2020-01-02,2020010201006274,NBL,43,13,"1,316",264.00,"347,424.00"
2020-01-02,2020010201006273,NBL,51,13,115,264.00,"30,360.00"
2020-01-02,2020010201006272,NBL,41,13,100,264.00,"26,400.00"
2020-01-02,2020010201006271,NBL,56,13,100,264.00,"26,400.00"
2020-01-02,2020010201006270,NBL,4,13,100,264.00,"26,400.00"
2020-01-02,2020010201006269,NBL,44,13,"2,000",264.00,"528,000.00"
2020-01-02,2020010201006268,NBL,32,13,"4,700",264.00,"1,240,800.00"
2020-01-02,2020010201006215,NBL,32,45,300,264.00,"79,200.00"
2020-01-02,2020010201006188,NBL,29,13,600,265.00,"159,000.00"
2020-01-02,2020010201006543,NCCB,49,26,695,202.00,"140,390.00"
2020-01-02,2020010201006463,NCCB,49,38,500,202.00,"101,000.00"
2020-01-02,2020010201006292,NCCB,17,1,25,203.00,"5,075.00"
2020-01-02,2020010201006201,NCCB,32,1,100,203.00,"20,300.00"
2020-01-02,2020010201006317,NHPC,34,39,"1,000",50.00,"50,000.00"
2020-01-02,2020010201006576,NICA,49,4,"1,000",413.00,"413,000.00"
2020-01-02,2020010201006481,NICA,22,44,17,414.00,"7,038.00"
2020-01-02,2020010201006328,NICA,49,22,17,413.00,"7,021.00"
2020-01-02,2020010201006471,NICL,44,34,95,299.00,"28,405.00"
2020-01-02,2020010201006437,NICL,10,1,300,302.00,"90,600.00"
2020-01-02,2020010201006313,NICL,25,1,12,302.00,"3,624.00"
2020-01-02,2020010201006290,NICL,44,57,300,299.00,"89,700.00"
2020-01-02,2020010201006412,NIL,42,6,60,413.00,"24,780.00"
2020-01-02,2020010201006581,NLIC,41,45,15,950.00,"14,250.00"
2020-01-02,2020010201006551,NLIC,41,45,15,950.00,"14,250.00"
2020-01-02,2020010201006480,NLIC,35,45,10,950.00,"9,500.00"
2020-01-02,2020010201006477,NLIC,57,34,22,948.00,"20,856.00"
2020-01-02,2020010201006431,NLIC,57,49,243,948.00,"230,364.00"
2020-01-02,2020010201006430,NLIC,7,49,50,948.00,"47,400.00"
2020-01-02,2020010201006128,NLIC,1,34,18,950.00,"17,100.00"
2020-01-02,2020010201006107,NLIC,39,34,50,950.00,"47,500.00"
2020-01-02,2020010201006176,NLIC,10,29,173,950.00,"164,350.00"
2020-01-02,2020010201006154,NLIC,38,29,220,950.00,"209,000.00"
2020-01-02,2020010201006138,NLIC,1,29,432,950.00,"410,400.00"
2020-01-02,2020010201006134,NLIC,36,49,32,952.00,"30,464.00"
2020-01-02,2020010201006133,NLIC,36,49,68,952.00,"64,736.00"
2020-01-02,2020010201006129,NLIC,1,57,50,950.00,"47,500.00"
2020-01-02,2020010201006429,NLIC,53,49,20,948.00,"18,960.00"
2020-01-02,2020010201006428,NLIC,46,49,50,949.00,"47,450.00"
2020-01-02,2020010201006427,NLIC,5,49,20,949.00,"18,980.00"
2020-01-02,2020010201006426,NLIC,32,49,20,949.00,"18,980.00"
2020-01-02,2020010201006199,NLIC,58,45,30,949.00,"28,470.00"
2020-01-02,2020010201006198,NLIC,57,45,115,949.00,"109,135.00"
2020-01-02,2020010201006522,NLICL,25,22,20,483.00,"9,660.00"
2020-01-02,2020010201006377,NLICL,46,34,300,480.00,"144,000.00"
2020-01-02,2020010201006283,NLICL,46,45,100,480.00,"48,000.00"
2020-01-02,2020010201006243,NLICL,46,50,212,480.00,"101,760.00"
2020-01-02,2020010201006137,NLICL,46,38,35,480.00,"16,800.00"
2020-01-02,2020010201006136,NLICL,26,38,450,480.00,"216,000.00"
2020-01-02,2020010201006135,NLICL,4,38,15,481.00,"7,215.00"
2020-01-02,2020010201006276,NMB,48,4,228,323.00,"73,644.00"
2020-01-02,2020010201006194,NMB,17,4,200,323.00,"64,600.00"
2020-01-02,2020010201006193,NMB,19,4,36,323.00,"11,628.00"
2020-01-02,2020010201006192,NMB,33,4,200,323.00,"64,600.00"
2020-01-02,2020010201006191,NMB,38,4,100,323.00,"32,300.00"
2020-01-02,2020010201006190,NMB,17,4,236,323.00,"76,228.00"
2020-01-02,2020010201006145,NMB,49,53,50,324.00,"16,200.00"
2020-01-02,2020010201006175,NMB,38,34,50,324.00,"16,200.00"
2020-01-02,2020010201006150,NMB,49,34,10,324.00,"3,240.00"
2020-01-02,2020010201006149,NMB,49,35,20,324.00,"6,480.00"
2020-01-02,2020010201006148,NMB,49,57,400,324.00,"129,600.00"
2020-01-02,2020010201006147,NMB,49,42,320,324.00,"103,680.00"
2020-01-02,2020010201006146,NMB,49,50,200,324.00,"64,800.00"
2020-01-02,2020010201006583,NNLB,48,10,10,510.00,"5,100.00"
2020-01-02,2020010201006423,NSEWA,19,20,10,519.00,"5,190.00"
2020-01-02,2020010201006333,NSEWA,19,41,20,515.00,"10,300.00"
2020-01-02,2020010201006332,NSEWA,19,29,10,510.00,"5,100.00"
2020-01-02,2020010201006460,NTC,39,48,10,618.00,"6,180.00"
2020-01-02,2020010201006220,NTC,26,48,200,613.00,"122,600.00"
2020-01-02,2020010201006219,NTC,45,48,50,613.00,"30,650.00"
2020-01-02,2020010201006218,NTC,25,48,90,614.00,"55,260.00"
2020-01-02,2020010201006217,NTC,41,48,150,615.00,"92,250.00"
2020-01-02,2020010201006216,NTC,45,48,10,616.00,"6,160.00"
2020-01-02,2020010201006575,NUBL,47,55,25,799.00,"19,975.00"
2020-01-02,2020010201006549,NUBL,47,6,50,798.00,"39,900.00"
2020-01-02,2020010201006507,NUBL,47,57,21,797.00,"16,737.00"
2020-01-02,2020010201006486,NUBL,47,57,27,797.00,"21,519.00"
2020-01-02,2020010201006467,NUBL,47,57,27,797.00,"21,519.00"
2020-01-02,2020010201006450,NUBL,47,57,25,797.00,"19,925.00"
2020-01-02,2020010201006180,NUBL,43,16,50,796.00,"39,800.00"
2020-01-02,2020010201006158,NUBL,47,25,35,795.00,"27,825.00"
2020-01-02,2020010201006411,OHL,44,6,105,468.00,"49,140.00"
2020-01-02,2020010201006498,PCBL,37,4,105,235.00,"24,675.00"
2020-01-02,2020010201006497,PCBL,21,4,200,235.00,"47,000.00"
2020-01-02,2020010201006496,PCBL,45,4,150,235.00,"35,250.00"
2020-01-02,2020010201006495,PCBL,20,4,520,235.00,"122,200.00"
2020-01-02,2020010201006494,PCBL,6,4,25,235.00,"5,875.00"
2020-01-02,2020010201006405,PCBL,38,4,187,236.00,"44,132.00"
2020-01-02,2020010201006261,PCBL,38,42,13,236.00,"3,068.00"
2020-01-02,2020010201006547,PIC,41,8,63,404.00,"25,452.00"
2020-01-02,2020010201006546,PIC,47,8,100,404.00,"40,400.00"
2020-01-02,2020010201006545,PIC,45,8,50,404.00,"20,200.00"
2020-01-02,2020010201006544,PIC,34,8,10,404.00,"4,040.00"
2020-01-02,2020010201006528,PIC,1,8,50,405.00,"20,250.00"
2020-01-02,2020010201006527,PIC,49,8,10,405.00,"4,050.00"
2020-01-02,2020010201006526,PIC,37,8,176,405.00,"71,280.00"
2020-01-02,2020010201006425,PIC,42,36,24,407.00,"9,768.00"
2020-01-02,2020010201006172,PIC,37,16,24,405.00,"9,720.00"
2020-01-02,2020010201006171,PIC,26,16,61,405.00,"24,705.00"
2020-01-02,2020010201006275,PICL,25,34,10,438.00,"4,380.00"
2020-01-02,2020010201006265,PLIC,39,38,121,361.00,"43,681.00"
2020-01-02,2020010201006264,PLIC,48,38,10,361.00,"3,610.00"
2020-01-02,2020010201006244,PLIC,32,53,500,362.00,"181,000.00"
2020-01-02,2020010201006156,PLIC,48,45,50,361.00,"18,050.00"
2020-01-02,2020010201006459,PPCL,40,45,500,113.00,"56,500.00"
2020-01-02,2020010201006454,PPCL,40,44,180,112.00,"20,160.00"
2020-01-02,2020010201006360,PPCL,6,42,10,110.00,"1,100.00"
2020-01-02,2020010201006288,PPCL,40,45,500,111.00,"55,500.00"
2020-01-02,2020010201006580,PRIN,6,1,67,330.00,"22,110.00"
2020-01-02,2020010201006530,PRIN,1,36,100,329.00,"32,900.00"
2020-01-02,2020010201006529,PRIN,57,36,100,329.00,"32,900.00"
2020-01-02,2020010201006475,PRIN,36,1,50,330.00,"16,500.00"
2020-01-02,2020010201006474,PRIN,21,1,100,330.00,"33,000.00"
2020-01-02,2020010201006473,PRIN,26,1,40,330.00,"13,200.00"
2020-01-02,2020010201006416,PRIN,26,32,160,330.00,"52,800.00"
2020-01-02,2020010201006415,PRIN,44,32,40,330.00,"13,200.00"
2020-01-02,2020010201006108,PRIN,34,46,100,331.00,"33,100.00"
2020-01-02,2020010201006582,PRVU,25,50,"2,000",224.00,"448,000.00"
2020-01-02,2020010201006510,PRVU,47,49,60,223.00,"13,380.00"
2020-01-02,2020010201006324,PRVU,47,6,70,223.00,"15,610.00"
2020-01-02,2020010201006140,PRVU,47,19,109,223.00,"24,307.00"
2020-01-02,2020010201006466,RHPL,34,58,25,168.00,"4,200.00"
2020-01-02,2020010201006465,RHPL,58,58,15,168.00,"2,520.00"
2020-01-02,2020010201006453,RHPL,58,48,40,168.00,"6,720.00"
2020-01-02,2020010201006446,RHPL,38,7,10,169.00,"1,690.00"
2020-01-02,2020010201006445,RHPL,38,38,40,169.00,"6,760.00"
2020-01-02,2020010201006444,RHPL,38,57,40,169.00,"6,760.00"
2020-01-02,2020010201006230,RHPL,58,32,40,168.00,"6,720.00"
2020-01-02,2020010201006162,RHPL,58,48,40,168.00,"6,720.00"
2020-01-02,2020010201006408,RHPL,58,42,20,168.00,"3,360.00"
2020-01-02,2020010201006362,RHPL,58,51,40,168.00,"6,720.00"
2020-01-02,2020010201006352,RHPL,58,58,40,168.00,"6,720.00"
2020-01-02,2020010201006322,RHPL,58,16,40,168.00,"6,720.00"
2020-01-02,2020010201006259,RHPL,58,58,40,168.00,"6,720.00"
2020-01-02,2020010201006258,RHPL,58,48,40,168.00,"6,720.00"
2020-01-02,2020010201006443,RHPL,38,38,40,169.00,"6,760.00"
2020-01-02,2020010201006442,RHPL,38,41,10,169.00,"1,690.00"
2020-01-02,2020010201006441,RHPL,38,44,40,169.00,"6,760.00"
2020-01-02,2020010201006440,RHPL,38,8,320,169.00,"54,080.00"
2020-01-02,2020010201006424,RHPL,58,51,50,168.00,"8,400.00"
2020-01-02,2020010201006419,RHPL,58,36,50,168.00,"8,400.00"
2020-01-02,2020010201006472,RMDC,5,51,10,551.00,"5,510.00"
2020-01-02,2020010201006106,RMDC,21,11,10,560.00,"5,600.00"
2020-01-02,2020010201006173,RRHP,42,48,10,97.00,970.00
2020-01-02,2020010201006572,SABSL,22,28,100,575.00,"57,500.00"
2020-01-02,2020010201006566,SABSL,19,14,10,575.00,"5,750.00"
2020-01-02,2020010201006565,SABSL,19,35,100,574.00,"57,400.00"
2020-01-02,2020010201006535,SABSL,59,50,10,573.00,"5,730.00"
2020-01-02,2020010201006534,SABSL,59,42,50,573.00,"28,650.00"
2020-01-02,2020010201006533,SABSL,59,49,500,573.00,"286,500.00"
2020-01-02,2020010201006294,SABSL,59,48,10,562.00,"5,620.00"
2020-01-02,2020010201006267,SABSL,59,48,10,562.00,"5,620.00"
2020-01-02,2020010201006300,SABSL,19,43,50,569.00,"28,450.00"
2020-01-02,2020010201006299,SABSL,19,56,50,569.00,"28,450.00"
2020-01-02,2020010201006298,SABSL,19,1,40,568.00,"22,720.00"
2020-01-02,2020010201006297,SABSL,19,32,10,568.00,"5,680.00"
2020-01-02,2020010201006296,SABSL,19,50,20,567.00,"11,340.00"
2020-01-02,2020010201006295,SABSL,19,16,10,566.00,"5,660.00"
2020-01-02,2020010201006349,SABSL,59,55,10,570.00,"5,700.00"
2020-01-02,2020010201006348,SABSL,59,38,40,570.00,"22,800.00"
2020-01-02,2020010201006347,SABSL,59,38,100,570.00,"57,000.00"
2020-01-02,2020010201006346,SABSL,59,42,40,570.00,"22,800.00"
2020-01-02,2020010201006302,SABSL,19,32,10,570.00,"5,700.00"
2020-01-02,2020010201006301,SABSL,19,13,10,569.00,"5,690.00"
2020-01-02,2020010201006532,SABSL,59,7,100,573.00,"57,300.00"
2020-01-02,2020010201006531,SABSL,59,37,50,573.00,"28,650.00"
2020-01-02,2020010201006519,SABSL,59,50,50,572.00,"28,600.00"
2020-01-02,2020010201006518,SABSL,59,50,10,572.00,"5,720.00"
2020-01-02,2020010201006508,SABSL,59,51,10,570.00,"5,700.00"
2020-01-02,2020010201006364,SABSL,59,46,300,571.00,"171,300.00"
2020-01-02,2020010201006181,SAEF,29,58,500,8.55,"4,275.00"
2020-01-02,2020010201006536,SANIMA,58,38,250,312.00,"78,000.00"
2020-01-02,2020010201006341,SAPDBL,1,59,845,122.00,"103,090.00"
2020-01-02,2020010201006282,SBL,55,28,200,282.00,"56,400.00"
2020-01-02,2020010201006281,SBL,34,28,50,282.00,"14,100.00"
2020-01-02,2020010201006280,SBL,32,28,"1,000",282.00,"282,000.00"
2020-01-02,2020010201006279,SBL,56,28,713,282.00,"201,066.00"
2020-01-02,2020010201006227,SBL,7,28,104,283.00,"29,432.00"
2020-01-02,2020010201006226,SBL,7,21,96,283.00,"27,168.00"
2020-01-02,2020010201006225,SBL,7,57,100,283.00,"28,300.00"
2020-01-02,2020010201006224,SBL,7,40,200,283.00,"56,600.00"
2020-01-02,2020010201006262,SCB,33,32,205,536.00,"109,880.00"
2020-01-02,2020010201006235,SCB,11,32,100,537.00,"53,700.00"
2020-01-02,2020010201006234,SCB,5,32,50,537.00,"26,850.00"
2020-01-02,2020010201006233,SCB,34,32,145,537.00,"77,865.00"
2020-01-02,2020010201006372,SEF,3,34,500,9.00,"4,500.00"
2020-01-02,2020010201006371,SEF,3,13,"10,000",9.00,"90,000.00"
2020-01-02,2020010201006370,SEF,3,6,"1,000",8.99,"8,990.00"
2020-01-02,2020010201006144,SHINE,34,59,"2,000",232.00,"464,000.00"
2020-01-02,2020010201006143,SHINE,14,59,200,232.00,"46,400.00"
2020-01-02,2020010201006142,SHINE,41,59,20,232.00,"4,640.00"
2020-01-02,2020010201006112,SHINE,42,45,242,233.00,"56,386.00"
2020-01-02,2020010201006111,SHINE,42,45,758,233.00,"176,614.00"
2020-01-02,2020010201006512,SHIVM,47,45,150,491.00,"73,650.00"
2020-01-02,2020010201006511,SHIVM,47,38,150,491.00,"73,650.00"
2020-01-02,2020010201006509,SHIVM,47,47,500,491.00,"245,500.00"
2020-01-02,2020010201006493,SHIVM,47,14,25,491.00,"12,275.00"
2020-01-02,2020010201006483,SHIVM,28,50,500,492.00,"246,000.00"
2020-01-02,2020010201006469,SHIVM,47,19,"1,000",492.00,"492,000.00"
2020-01-02,2020010201006094,SHIVM,35,44,300,499.00,"149,700.00"
2020-01-02,2020010201006093,SHIVM,35,32,"1,470",499.00,"733,530.00"
2020-01-02,2020010201006092,SHIVM,35,39,51,499.00,"25,449.00"
2020-01-02,2020010201006091,SHIVM,35,59,360,498.00,"179,280.00"
2020-01-02,2020010201006100,SHIVM,35,21,727,500.00,"363,500.00"
2020-01-02,2020010201006099,SHIVM,35,46,150,500.00,"75,000.00"
2020-01-02,2020010201006098,SHIVM,35,58,62,500.00,"31,000.00"
2020-01-02,2020010201006097,SHIVM,35,58,"1,200",499.00,"598,800.00"
2020-01-02,2020010201006096,SHIVM,35,57,500,499.00,"249,500.00"
2020-01-02,2020010201006095,SHIVM,35,22,180,499.00,"89,820.00"
2020-01-02,2020010201006182,SHIVM,49,45,100,498.00,"49,800.00"
2020-01-02,2020010201006168,SHIVM,58,17,25,494.00,"12,350.00"
2020-01-02,2020010201006167,SHIVM,42,17,10,495.00,"4,950.00"
2020-01-02,2020010201006141,SHIVM,51,5,100,498.00,"49,800.00"
2020-01-02,2020010201006139,SHIVM,51,46,100,498.00,"49,800.00"
2020-01-02,2020010201006127,SHIVM,36,21,100,500.00,"50,000.00"
2020-01-02,2020010201006286,SHIVM,28,6,350,497.00,"173,950.00"
2020-01-02,2020010201006285,SHIVM,28,16,50,497.00,"24,850.00"
2020-01-02,2020010201006237,SHIVM,35,14,50,495.00,"24,750.00"
2020-01-02,2020010201006185,SHIVM,49,36,100,498.00,"49,800.00"
2020-01-02,2020010201006184,SHIVM,49,37,100,498.00,"49,800.00"
2020-01-02,2020010201006183,SHIVM,49,47,200,498.00,"99,600.00"
2020-01-02,2020010201006380,SHIVM,34,22,825,494.00,"407,550.00"
2020-01-02,2020010201006379,SHIVM,28,22,175,494.00,"86,450.00"
2020-01-02,2020010201006375,SHIVM,28,19,125,494.00,"61,750.00"
2020-01-02,2020010201006374,SHIVM,58,19,375,494.00,"185,250.00"
2020-01-02,2020010201006325,SHIVM,58,6,100,494.00,"49,400.00"
2020-01-02,2020010201006314,SHIVM,35,11,50,495.00,"24,750.00"
2020-01-02,2020010201006449,SHIVM,28,52,500,493.00,"246,500.00"
2020-01-02,2020010201006448,SHIVM,48,52,500,493.00,"246,500.00"
2020-01-02,2020010201006447,SHIVM,36,52,500,493.00,"246,500.00"
2020-01-02,2020010201006417,SHIVM,40,48,175,494.00,"86,450.00"
2020-01-02,2020010201006410,SHIVM,40,32,25,494.00,"12,350.00"
2020-01-02,2020010201006409,SHIVM,34,32,175,494.00,"86,450.00"
2020-01-02,2020010201006342,SHPC,59,14,245,165.00,"40,425.00"
2020-01-02,2020010201006164,SHPC,7,14,500,165.00,"82,500.00"
2020-01-02,2020010201006163,SHPC,1,14,400,165.00,"66,000.00"
2020-01-02,2020010201006303,SIC,25,6,12,508.00,"6,096.00"
2020-01-02,2020010201006170,SIC,25,6,27,499.00,"13,473.00"
2020-01-02,2020010201006563,SICL,14,58,11,852.00,"9,372.00"
2020-01-02,2020010201006291,SIL,25,55,11,418.00,"4,598.00"
2020-01-02,2020010201006238,SIL,44,52,400,413.00,"165,200.00"
2020-01-02,2020010201006212,SIL,44,52,350,413.00,"144,550.00"
2020-01-02,2020010201006211,SIL,46,52,120,413.00,"49,560.00"
2020-01-02,2020010201006155,SIL,25,52,12,415.00,"4,980.00"
2020-01-02,2020010201006373,SINDU,55,46,460,117.00,"53,820.00"
2020-01-02,2020010201006289,SINDU,39,44,50,118.00,"5,900.00"
2020-01-02,2020010201006573,SJCL,41,58,20,154.00,"3,080.00"
2020-01-02,2020010201006560,SJCL,39,44,20,155.00,"3,100.00"
2020-01-02,2020010201006559,SJCL,39,44,20,155.00,"3,100.00"
2020-01-02,2020010201006558,SJCL,39,44,20,155.00,"3,100.00"
2020-01-02,2020010201006557,SJCL,39,44,20,155.00,"3,100.00"
2020-01-02,2020010201006556,SJCL,39,44,20,155.00,"3,100.00"
2020-01-02,2020010201006103,SJCL,32,58,20,154.00,"3,080.00"
2020-01-02,2020010201006278,SJCL,32,48,20,154.00,"3,080.00"
2020-01-02,2020010201006277,SJCL,32,58,10,154.00,"1,540.00"
2020-01-02,2020010201006255,SJCL,32,32,20,154.00,"3,080.00"
2020-01-02,2020010201006179,SJCL,32,48,20,154.00,"3,080.00"
2020-01-02,2020010201006438,SJCL,41,36,20,154.00,"3,080.00"
2020-01-02,2020010201006420,SJCL,41,42,20,154.00,"3,080.00"
2020-01-02,2020010201006376,SJCL,41,51,20,154.00,"3,080.00"
2020-01-02,2020010201006331,SJCL,41,58,20,154.00,"3,080.00"
2020-01-02,2020010201006320,SJCL,41,14,300,154.00,"46,200.00"
2020-01-02,2020010201006319,SJCL,32,14,190,154.00,"29,260.00"
2020-01-02,2020010201006555,SJCL,39,58,10,155.00,"1,550.00"
2020-01-02,2020010201006554,SJCL,39,44,20,155.00,"3,100.00"
2020-01-02,2020010201006553,SJCL,39,44,20,155.00,"3,100.00"
2020-01-02,2020010201006487,SJCL,41,51,20,154.00,"3,080.00"
2020-01-02,2020010201006484,SJCL,41,58,10,154.00,"1,540.00"
2020-01-02,2020010201006468,SJCL,41,48,20,154.00,"3,080.00"
2020-01-02,2020010201006358,SKBBL,5,34,42,832.00,"34,944.00"
2020-01-02,2020010201006357,SKBBL,50,34,213,832.00,"177,216.00"
2020-01-02,2020010201006356,SKBBL,42,34,20,835.00,"16,700.00"
2020-01-02,2020010201006355,SKBBL,28,34,100,835.00,"83,500.00"
2020-01-02,2020010201006223,SLBBL,34,49,420,563.00,"236,460.00"
2020-01-02,2020010201006102,SLBBL,17,49,80,563.00,"45,040.00"
2020-01-02,2020010201006482,SLBSL,38,48,10,608.00,"6,080.00"
2020-01-02,2020010201006329,SLBSL,44,45,30,607.00,"18,210.00"
2020-01-02,2020010201006506,SLICL,29,38,123,303.00,"37,269.00"
2020-01-02,2020010201006505,SLICL,36,38,200,303.00,"60,600.00"
2020-01-02,2020010201006504,SLICL,10,38,28,303.00,"8,484.00"
2020-01-02,2020010201006254,SLICL,56,4,500,304.00,"152,000.00"
2020-01-02,2020010201006253,SLICL,51,4,100,304.00,"30,400.00"
2020-01-02,2020010201006252,SLICL,1,4,100,304.00,"30,400.00"
2020-01-02,2020010201006251,SLICL,6,4,10,305.00,"3,050.00"
2020-01-02,2020010201006250,SLICL,59,4,20,305.00,"6,100.00"
2020-01-02,2020010201006249,SLICL,17,4,300,305.00,"91,500.00"
2020-01-02,2020010201006248,SLICL,21,4,349,305.00,"106,445.00"
2020-01-02,2020010201006539,SMFBS,45,25,160,936.00,"149,760.00"
2020-01-02,2020010201006470,SMFBS,45,17,10,936.00,"9,360.00"
2020-01-02,2020010201006458,SMFBS,45,1,10,936.00,"9,360.00"
2020-01-02,2020010201006457,SMFBS,45,28,20,934.00,"18,680.00"
2020-01-02,2020010201006330,SMFBS,55,28,30,934.00,"28,020.00"
2020-01-02,2020010201006321,SMFBS,7,43,19,933.00,"17,727.00"
2020-01-02,2020010201006088,SMFBS,14,43,11,933.00,"10,263.00"
2020-01-02,2020010201006087,SMFBS,14,57,60,932.00,"55,920.00"
2020-01-02,2020010201006086,SMFBS,14,38,50,932.00,"46,600.00"
2020-01-02,2020010201006085,SMFBS,14,1,10,930.00,"9,300.00"
2020-01-02,2020010201006084,SMFBS,14,1,10,930.00,"9,300.00"
2020-01-02,2020010201006548,SRBL,34,21,416,216.00,"89,856.00"
2020-01-02,2020010201006101,SRBL,40,21,200,216.00,"43,200.00"
2020-01-02,2020010201006351,STC,40,38,100,"1,980.00","198,000.00"
2020-01-02,2020010201006350,STC,40,40,50,"1,970.00","98,500.00"
2020-01-02,2020010201006562,SWBBL,25,6,61,860.00,"52,460.00"
2020-01-02,2020010201006561,SWBBL,50,6,30,860.00,"25,800.00"
2020-01-02,2020010201006492,SWBBL,50,6,50,860.00,"43,000.00"
2020-01-02,2020010201006564,TRH,17,38,"1,000",284.00,"284,000.00"
2020-01-02,2020010201006552,TRH,56,50,10,289.00,"2,890.00"
2020-01-02,2020010201006464,TRH,17,38,249,284.00,"70,716.00"
2020-01-02,2020010201006413,TRH,17,38,350,284.00,"99,400.00"
2020-01-02,2020010201006382,TRH,17,25,"1,150",284.00,"326,600.00"
2020-01-02,2020010201006381,TRH,17,25,350,284.00,"99,400.00"
2020-01-02,2020010201006327,TRH,17,49,900,284.00,"255,600.00"
2020-01-02,2020010201006326,TRH,56,49,100,285.00,"28,500.00"
2020-01-02,2020010201006568,UPPER,49,39,50,236.00,"11,800.00"
2020-01-02,2020010201006567,UPPER,49,57,335,236.00,"79,060.00"
2020-01-02,2020010201006404,UPPER,25,57,12,236.00,"2,832.00"
2020-01-02,2020010201006403,UPPER,25,44,50,235.00,"11,750.00"
2020-01-02,2020010201006266,UPPER,59,32,40,234.00,"9,360.00"
2020-01-02,2020010201006116,UPPER,59,58,40,234.00,"9,360.00"
2020-01-02,2020010201005924,ADBL,52,41,35,362.00,"12,670.00"
2020-01-02,2020010201005923,ADBL,35,41,15,362.00,"5,430.00"
2020-01-02,2020010201005922,ADBL,42,41,100,362.00,"36,200.00"
2020-01-02,2020010201005690,ADBL,49,1,17,364.00,"6,188.00"
2020-01-02,2020010201005689,ADBL,49,47,83,363.00,"30,129.00"
2020-01-02,2020010201005712,ALBSL,43,44,10,496.00,"4,960.00"
2020-01-02,2020010201006070,ALICL,25,46,219,377.00,"82,563.00"
2020-01-02,2020010201006066,ALICL,6,46,101,377.00,"38,077.00"
2020-01-02,2020010201006034,ALICL,1,38,90,376.00,"33,840.00"
2020-01-02,2020010201006033,ALICL,6,38,210,376.00,"78,960.00"
2020-01-02,2020010201006051,BARUN,7,4,10,82.00,820.00
2020-01-02,2020010201006031,BOKL,33,46,13,212.00,"2,756.00"
2020-01-02,2020010201006030,BOKL,38,46,300,212.00,"63,600.00"
2020-01-02,2020010201006029,BOKL,45,46,88,212.00,"18,656.00"
2020-01-02,2020010201006009,BOKL,22,28,40,213.00,"8,520.00"
2020-01-02,2020010201005964,BOKL,32,28,46,213.00,"9,798.00"
2020-01-02,2020010201005963,BOKL,32,16,154,213.00,"32,802.00"
2020-01-02,2020010201005638,BOKL,40,46,100,212.00,"21,200.00"
2020-01-02,2020010201005637,BOKL,32,46,384,212.00,"81,408.00"
2020-01-02,2020010201005644,BOKL,45,46,30,212.00,"6,360.00"
2020-01-02,2020010201005643,BOKL,59,46,250,212.00,"53,000.00"
2020-01-02,2020010201005642,BOKL,8,46,500,212.00,"106,000.00"
2020-01-02,2020010201005641,BOKL,40,46,500,212.00,"106,000.00"
2020-01-02,2020010201005640,BOKL,59,46,200,212.00,"42,400.00"
2020-01-02,2020010201005639,BOKL,26,46,300,212.00,"63,600.00"
2020-01-02,2020010201005650,BOKL,51,46,100,212.00,"21,200.00"
2020-01-02,2020010201005649,BOKL,59,46,30,212.00,"6,360.00"
2020-01-02,2020010201005648,BOKL,47,46,54,212.00,"11,448.00"
2020-01-02,2020010201005647,BOKL,41,46,300,212.00,"63,600.00"
2020-01-02,2020010201005646,BOKL,14,46,100,212.00,"21,200.00"
2020-01-02,2020010201005645,BOKL,49,46,50,212.00,"10,600.00"
2020-01-02,2020010201005656,BOKL,52,46,500,212.00,"106,000.00"
2020-01-02,2020010201005655,BOKL,47,46,100,212.00,"21,200.00"
2020-01-02,2020010201005654,BOKL,34,46,500,212.00,"106,000.00"
2020-01-02,2020010201005653,BOKL,42,46,40,212.00,"8,480.00"
2020-01-02,2020010201005652,BOKL,40,46,"1,000",212.00,"212,000.00"
2020-01-02,2020010201005651,BOKL,53,46,250,212.00,"53,000.00"
2020-01-02,2020010201005947,BOKL,41,16,300,213.00,"63,900.00"
2020-01-02,2020010201005937,BOKL,41,16,300,213.00,"63,900.00"
2020-01-02,2020010201005908,BOKL,35,16,100,213.00,"21,300.00"
2020-01-02,2020010201005903,BOKL,51,16,100,213.00,"21,300.00"
2020-01-02,2020010201005658,BOKL,45,46,212,212.00,"44,944.00"
2020-01-02,2020010201005657,BOKL,59,46,500,212.00,"106,000.00"
2020-01-02,2020010201005855,BPCL,17,1,100,301.00,"30,100.00"
2020-01-02,2020010201005889,CBL,17,52,100,135.00,"13,500.00"
2020-01-02,2020010201005870,CBL,17,32,949,135.00,"128,115.00"
2020-01-02,2020010201005869,CBL,50,32,200,135.00,"27,000.00"
2020-01-02,2020010201005868,CBL,13,32,875,135.00,"118,125.00"
2020-01-02,2020010201005867,CBL,17,32,976,135.00,"131,760.00"
2020-01-02,2020010201006019,CCBL,26,18,500,165.00,"82,500.00"
2020-01-02,2020010201005904,CCBL,26,45,500,165.00,"82,500.00"
2020-01-02,2020010201005672,CCBL,40,40,6,166.00,996.00
2020-01-02,2020010201005862,CFCL,28,13,200,117.00,"23,400.00"
2020-01-02,2020010201005861,CFCL,53,13,200,117.00,"23,400.00"
2020-01-02,2020010201005664,CFCL,53,21,100,118.00,"11,800.00"
2020-01-02,2020010201005957,CIT,41,42,20,"2,088.00","41,760.00"
2020-01-02,2020010201005935,CIT,42,42,10,"2,088.00","20,880.00"
2020-01-02,2020010201005814,CIT,50,45,50,"2,090.00","104,500.00"
2020-01-02,2020010201005813,CIT,50,45,50,"2,088.00","104,400.00"
2020-01-02,2020010201005812,CIT,50,57,50,"2,085.00","104,250.00"
2020-01-02,2020010201005734,CIT,34,11,20,"2,082.00","41,640.00"
2020-01-02,2020010201005662,CIT,34,7,20,"2,082.00","41,640.00"
2020-01-02,2020010201005661,CIT,40,7,30,"2,082.00","62,460.00"
2020-01-02,2020010201006040,CZBIL,51,35,232,181.00,"41,992.00"
2020-01-02,2020010201006039,CZBIL,49,35,39,181.00,"7,059.00"
2020-01-02,2020010201005939,CZBIL,49,57,26,181.00,"4,706.00"
2020-01-02,2020010201005938,CZBIL,16,57,77,181.00,"13,937.00"
2020-01-02,2020010201005978,DBBL,18,32,512,139.00,"71,168.00"
2020-01-02,2020010201005899,DBBL,28,32,788,139.00,"109,532.00"
2020-01-02,2020010201005615,DBBL,28,25,50,140.00,"7,000.00"
2020-01-02,2020010201005614,DBBL,28,1,33,140.00,"4,620.00"
2020-01-02,2020010201005613,DBBL,28,34,100,140.00,"14,000.00"
2020-01-02,2020010201006069,DDBL,20,43,25,886.00,"22,150.00"
2020-01-02,2020010201006014,DDBL,20,43,100,886.00,"88,600.00"
2020-01-02,2020010201005967,DDBL,58,43,28,890.00,"24,920.00"
2020-01-02,2020010201005966,DDBL,58,43,100,890.00,"89,000.00"
2020-01-02,2020010201005965,DDBL,58,43,72,890.00,"64,080.00"
2020-01-02,2020010201005854,DDBL,49,43,10,890.00,"8,900.00"
2020-01-02,2020010201005619,DDBL,45,43,15,891.00,"13,365.00"
2020-01-02,2020010201005618,DDBL,52,43,10,891.00,"8,910.00"
2020-01-02,2020010201005697,DDBL,49,43,25,891.00,"22,275.00"
2020-01-02,2020010201005687,DDBL,49,43,15,891.00,"13,365.00"
2020-01-02,2020010201005686,DDBL,45,43,10,891.00,"8,910.00"
2020-01-02,2020010201005670,DDBL,45,43,25,891.00,"22,275.00"
2020-01-02,2020010201005660,DDBL,45,43,25,891.00,"22,275.00"
2020-01-02,2020010201005630,DDBL,45,43,25,891.00,"22,275.00"
2020-01-02,2020010201005809,DDBL,49,43,110,891.00,"98,010.00"
2020-01-02,2020010201005782,DDBL,49,43,25,891.00,"22,275.00"
2020-01-02,2020010201005781,DDBL,49,43,25,891.00,"22,275.00"
2020-01-02,2020010201005780,DDBL,1,43,20,892.00,"17,840.00"
2020-01-02,2020010201005730,DDBL,49,43,25,891.00,"22,275.00"
2020-01-02,2020010201005711,DDBL,49,43,25,891.00,"22,275.00"
2020-01-02,2020010201005853,DDBL,55,43,88,890.00,"78,320.00"
2020-01-02,2020010201005852,DDBL,50,43,30,890.00,"26,700.00"
2020-01-02,2020010201005846,DDBL,50,43,200,890.00,"178,000.00"
2020-01-02,2020010201005838,DDBL,50,43,200,890.00,"178,000.00"
2020-01-02,2020010201005831,DDBL,50,43,70,890.00,"62,300.00"
2020-01-02,2020010201005828,DDBL,50,53,500,890.00,"445,000.00"
2020-01-02,2020010201005951,EBL,33,53,271,526.00,"142,546.00"
2020-01-02,2020010201005950,EBL,33,21,178,526.00,"93,628.00"
2020-01-02,2020010201006053,EIC,28,1,100,268.00,"26,800.00"
2020-01-02,2020010201005972,EIC,34,38,279,265.00,"73,935.00"
2020-01-02,2020010201005971,EIC,52,38,200,265.00,"53,000.00"
2020-01-02,2020010201005970,EIC,43,38,56,265.00,"14,840.00"
2020-01-02,2020010201005969,EIC,32,38,20,266.00,"5,320.00"
2020-01-02,2020010201005968,EIC,34,38,47,266.00,"12,502.00"
2020-01-02,2020010201005995,FOWAD,45,43,50,"1,095.00","54,750.00"
2020-01-02,2020010201005962,FOWAD,8,43,50,"1,097.00","54,850.00"
2020-01-02,2020010201005930,FOWAD,56,6,150,"1,098.00","164,700.00"
2020-01-02,2020010201005802,FOWAD,56,42,50,"1,098.00","54,900.00"
2020-01-02,2020010201005876,GBLBS,41,16,10,321.00,"3,210.00"
2020-01-02,2020010201005779,GGBSL,50,16,10,597.00,"5,970.00"
2020-01-02,2020010201005587,GGBSL,41,50,10,597.00,"5,970.00"
2020-01-02,2020010201006065,GLBSL,52,16,10,460.00,"4,600.00"
2020-01-02,2020010201006038,GLBSL,45,16,10,461.00,"4,610.00"
2020-01-02,2020010201006000,GLBSL,45,16,10,461.00,"4,610.00"
2020-01-02,2020010201005977,GLBSL,45,16,10,461.00,"4,610.00"
2020-01-02,2020010201005949,GLBSL,45,16,10,461.00,"4,610.00"
2020-01-02,2020010201005929,GLBSL,45,16,10,461.00,"4,610.00"
2020-01-02,2020010201005913,GLBSL,45,16,10,461.00,"4,610.00"
2020-01-02,2020010201005902,GLBSL,52,16,10,460.00,"4,600.00"
2020-01-02,2020010201005879,GLBSL,52,16,10,460.00,"4,600.00"
2020-01-02,2020010201005833,GLBSL,13,16,10,458.00,"4,580.00"
2020-01-02,2020010201005789,GLBSL,13,16,10,458.00,"4,580.00"
2020-01-02,2020010201005778,GLICL,58,58,"1,500",460.00,"690,000.00"
2020-01-02,2020010201005750,GLICL,58,38,500,460.00,"230,000.00"
2020-01-02,2020010201005699,GLICL,6,34,50,458.00,"22,900.00"
2020-01-02,2020010201005698,GLICL,42,34,50,459.00,"22,950.00"
2020-01-02,2020010201005617,GMFBS,16,16,10,571.00,"5,710.00"
2020-01-02,2020010201005994,HBL,29,51,100,501.00,"50,100.00"
2020-01-02,2020010201006058,HDL,45,58,20,"1,220.00","24,400.00"
2020-01-02,2020010201005900,HDL,4,39,200,"1,219.00","243,800.00"
2020-01-02,2020010201005981,HGI,43,25,50,285.00,"14,250.00"
2020-01-02,2020010201005980,HGI,43,25,100,285.00,"28,500.00"
2020-01-02,2020010201005979,HGI,55,25,13,285.00,"3,705.00"
2020-01-02,2020010201005832,HIDCL,35,45,221,134.00,"29,614.00"
2020-01-02,2020010201005592,HIDCL,35,41,500,134.00,"67,000.00"
2020-01-02,2020010201005880,HPPL,38,26,10,144.00,"1,440.00"
2020-01-02,2020010201006059,IGI,44,46,50,303.00,"15,150.00"
2020-01-02,2020010201005706,ILBS,17,16,10,550.00,"5,500.00"
2020-01-02,2020010201005671,ILBS,17,16,10,550.00,"5,500.00"
2020-01-02,2020010201005586,ILBS,17,46,230,550.00,"126,500.00"
2020-01-02,2020010201005585,ILBS,38,46,20,550.00,"11,000.00"
2020-01-02,2020010201005715,JBBL,34,17,877,150.00,"131,550.00"
2020-01-02,2020010201005714,JBBL,34,22,40,150.00,"6,000.00"
2020-01-02,2020010201005713,JBBL,34,57,83,150.00,"12,450.00"
2020-01-02,2020010201005678,JBBL,47,51,177,149.00,"26,373.00"
2020-01-02,2020010201005677,JBBL,11,51,20,149.00,"2,980.00"
2020-01-02,2020010201005676,JBBL,42,51,50,149.00,"7,450.00"
2020-01-02,2020010201005675,JBBL,32,51,153,149.00,"22,797.00"
2020-01-02,2020010201006013,JFL,39,16,125,162.00,"20,250.00"
2020-01-02,2020010201005914,JFL,39,32,100,162.00,"16,200.00"
2020-01-02,2020010201005920,JOSHI,21,6,100,66.00,"6,600.00"
2020-01-02,2020010201005919,JOSHI,21,21,20,66.00,"1,320.00"
2020-01-02,2020010201005918,JOSHI,21,21,20,66.00,"1,320.00"
2020-01-02,2020010201005917,JOSHI,21,21,20,66.00,"1,320.00"
2020-01-02,2020010201006064,KBL,22,43,412,177.00,"72,924.00"
2020-01-02,2020010201006063,KBL,14,43,100,177.00,"17,700.00"
2020-01-02,2020010201006062,KBL,26,43,70,177.00,"12,390.00"
2020-01-02,2020010201006061,KBL,17,43,100,177.00,"17,700.00"
2020-01-02,2020010201006060,KBL,29,43,318,177.00,"56,286.00"
2020-01-02,2020010201005735,KRBL,52,28,600,101.00,"60,600.00"
2020-01-02,2020010201006055,KSBBL,55,39,123,135.00,"16,605.00"
2020-01-02,2020010201006054,KSBBL,21,39,877,135.00,"118,395.00"
2020-01-02,2020010201005859,KSBBL,21,26,123,135.00,"16,605.00"
2020-01-02,2020010201005858,KSBBL,38,26,108,135.00,"14,580.00"
2020-01-02,2020010201006037,LBBL,45,25,779,195.00,"151,905.00"
2020-01-02,2020010201006036,LBBL,45,32,500,195.00,"97,500.00"
2020-01-02,2020010201006035,LBBL,45,33,"1,221",195.00,"238,095.00"
2020-01-02,2020010201005837,LBBL,20,33,10,195.00,"1,950.00"
2020-01-02,2020010201005790,LBBL,57,33,100,195.00,"19,500.00"
2020-01-02,2020010201005764,LBBL,38,33,20,195.00,"3,900.00"
2020-01-02,2020010201005739,LBL,8,45,40,191.00,"7,640.00"
2020-01-02,2020010201005609,LBL,8,29,659,191.00,"125,869.00"
2020-01-02,2020010201005608,LBL,43,29,60,191.00,"11,460.00"
2020-01-02,2020010201005607,LBL,42,29,50,191.00,"9,550.00"
2020-01-02,2020010201005606,LBL,28,29,100,191.00,"19,100.00"
2020-01-02,2020010201005605,LBL,53,29,131,191.00,"25,021.00"
2020-01-02,2020010201006080,LGIL,44,46,129,330.00,"42,570.00"
2020-01-02,2020010201005725,LGIL,44,41,415,330.00,"136,950.00"
2020-01-02,2020010201005685,LICN,53,38,10,"1,073.00","10,730.00"
2020-01-02,2020010201005684,LICN,14,38,40,"1,078.00","43,120.00"
2020-01-02,2020010201005683,LICN,26,38,82,"1,078.00","88,396.00"
2020-01-02,2020010201005682,LICN,8,38,90,"1,079.00","97,110.00"
2020-01-02,2020010201005681,LICN,57,38,18,"1,080.00","19,440.00"
2020-01-02,2020010201005680,LICN,19,38,10,"1,080.00","10,800.00"
2020-01-02,2020010201005792,LLBS,49,6,50,720.00,"36,000.00"
2020-01-02,2020010201005791,LLBS,38,6,25,720.00,"18,000.00"
2020-01-02,2020010201005749,LLBS,17,18,250,721.00,"180,250.00"
2020-01-02,2020010201006044,MBL,56,34,100,217.00,"21,700.00"
2020-01-02,2020010201005611,MBL,19,58,133,218.00,"28,994.00"
2020-01-02,2020010201005916,MEGA,21,57,531,182.00,"96,642.00"
2020-01-02,2020010201006067,MERO,11,17,20,460.00,"9,200.00"
2020-01-02,2020010201005710,MERO,56,36,50,460.00,"23,000.00"
2020-01-02,2020010201005709,MERO,56,39,34,460.00,"15,640.00"
2020-01-02,2020010201005907,MLBBL,52,45,99,477.00,"47,223.00"
2020-01-02,2020010201006043,MNBBL,37,45,100,278.00,"27,800.00"
2020-01-02,2020010201006042,MNBBL,16,45,200,278.00,"55,600.00"
2020-01-02,2020010201006071,NADEP,49,44,10,525.00,"5,250.00"
2020-01-02,2020010201005829,NADEP,49,16,10,525.00,"5,250.00"
2020-01-02,2020010201005786,NADEP,45,8,15,531.00,"7,965.00"
2020-01-02,2020010201005785,NADEP,45,19,35,530.00,"18,550.00"
2020-01-02,2020010201005784,NADEP,45,19,50,529.00,"26,450.00"
2020-01-02,2020010201005940,NBB,49,49,480,187.00,"89,760.00"
2020-01-02,2020010201006079,NBL,29,16,165,265.00,"43,725.00"
2020-01-02,2020010201005956,NBL,29,45,235,265.00,"62,275.00"
2020-01-02,2020010201005955,NBL,17,45,500,265.00,"132,500.00"
2020-01-02,2020010201005954,NBL,55,45,20,265.00,"5,300.00"
2020-01-02,2020010201005953,NBL,32,45,20,265.00,"5,300.00"
2020-01-02,2020010201005952,NBL,59,45,225,265.00,"59,625.00"
2020-01-02,2020010201005830,NBL,59,32,200,265.00,"53,000.00"
2020-01-02,2020010201006008,NCCB,26,1,14,203.00,"2,842.00"
2020-01-02,2020010201006007,NCCB,26,51,36,203.00,"7,308.00"
2020-01-02,2020010201005992,NCCB,49,51,479,202.00,"96,758.00"
2020-01-02,2020010201005991,NCCB,42,51,521,202.00,"105,242.00"
2020-01-02,2020010201005921,NCCB,42,8,200,202.00,"40,400.00"
2020-01-02,2020010201005760,NCCB,42,1,279,202.00,"56,358.00"
2020-01-02,2020010201005759,NCCB,57,1,"1,000",202.00,"202,000.00"
2020-01-02,2020010201005758,NCCB,17,1,500,202.00,"101,000.00"
2020-01-02,2020010201005757,NCCB,32,1,221,202.00,"44,642.00"
2020-01-02,2020010201005624,NCCB,32,46,"1,000",202.00,"202,000.00"
2020-01-02,2020010201005666,NHDL,55,16,10,112.00,"1,120.00"
2020-01-02,2020010201005767,NIB,45,58,60,398.00,"23,880.00"
2020-01-02,2020010201005729,NIB,45,21,99,398.00,"39,402.00"
2020-01-02,2020010201005728,NIB,58,21,19,398.00,"7,562.00"
2020-01-02,2020010201006068,NICA,49,8,200,413.00,"82,600.00"
2020-01-02,2020010201006011,NICA,49,45,100,414.00,"41,400.00"
2020-01-02,2020010201006010,NICA,49,16,678,414.00,"280,692.00"
2020-01-02,2020010201005934,NICA,43,16,250,414.00,"103,500.00"
2020-01-02,2020010201005927,NICA,43,16,250,414.00,"103,500.00"
2020-01-02,2020010201005865,NICA,49,4,995,413.00,"410,935.00"
2020-01-02,2020010201005718,NICA,43,6,50,413.00,"20,650.00"
2020-01-02,2020010201005864,NICA,43,4,"1,000",413.00,"413,000.00"
2020-01-02,2020010201005863,NICA,49,4,"1,005",413.00,"415,065.00"
2020-01-02,2020010201005762,NICA,42,16,12,414.00,"4,968.00"
2020-01-02,2020010201005761,NICA,42,14,38,414.00,"15,732.00"
2020-01-02,2020010201005720,NICA,49,6,995,413.00,"410,935.00"
2020-01-02,2020010201005719,NICA,1,6,200,413.00,"82,600.00"
2020-01-02,2020010201005936,NICL,44,42,30,299.00,"8,970.00"
2020-01-02,2020010201005772,NICL,44,32,217,299.00,"64,883.00"
2020-01-02,2020010201005771,NICL,45,32,500,299.00,"149,500.00"
2020-01-02,2020010201005770,NICL,44,32,150,299.00,"44,850.00"
2020-01-02,2020010201005769,NICL,28,32,100,300.00,"30,000.00"
2020-01-02,2020010201005768,NICL,34,32,200,300.00,"60,000.00"
2020-01-02,2020010201005738,NIL,50,6,65,411.00,"26,715.00"
2020-01-02,2020010201005990,NLBBL,33,42,130,494.00,"64,220.00"
2020-01-02,2020010201005622,NLBBL,33,50,70,494.00,"34,580.00"
2020-01-02,2020010201006048,NLIC,59,34,10,950.00,"9,500.00"
2020-01-02,2020010201006047,NLIC,33,34,18,950.00,"17,100.00"
2020-01-02,2020010201006046,NLIC,1,34,10,950.00,"9,500.00"
2020-01-02,2020010201006045,NLIC,50,34,206,950.00,"195,700.00"
2020-01-02,2020010201005948,NLIC,50,49,30,950.00,"28,500.00"
2020-01-02,2020010201005945,NLIC,50,53,264,950.00,"250,800.00"
2020-01-02,2020010201005674,NLIC,39,49,56,952.00,"53,312.00"
2020-01-02,2020010201005944,NLIC,42,53,100,950.00,"95,000.00"
2020-01-02,2020010201005943,NLIC,48,53,100,950.00,"95,000.00"
2020-01-02,2020010201005942,NLIC,41,53,20,950.00,"19,000.00"
2020-01-02,2020010201005941,NLIC,48,53,16,951.00,"15,216.00"
2020-01-02,2020010201005874,NLIC,41,49,19,952.00,"18,088.00"
2020-01-02,2020010201005766,NLIC,32,49,19,952.00,"18,088.00"
2020-01-02,2020010201005932,NLICL,26,41,450,480.00,"216,000.00"
2020-01-02,2020010201005931,NLICL,51,41,50,481.00,"24,050.00"
2020-01-02,2020010201005857,NLICL,26,34,100,480.00,"48,000.00"
2020-01-02,2020010201005856,NLICL,11,34,100,480.00,"48,000.00"
2020-01-02,2020010201005835,NLICL,6,7,200,480.00,"96,000.00"
2020-01-02,2020010201006057,NMB,17,52,264,323.00,"85,272.00"
2020-01-02,2020010201006056,NMB,17,52,236,323.00,"76,228.00"
2020-01-02,2020010201006049,NMB,17,16,100,323.00,"32,300.00"
2020-01-02,2020010201005910,NMB,17,32,139,323.00,"44,897.00"
2020-01-02,2020010201005873,NMB,17,59,25,323.00,"8,075.00"
2020-01-02,2020010201005872,NMB,17,59,500,323.00,"161,500.00"
2020-01-02,2020010201005871,NMB,49,59,75,323.00,"24,225.00"
2020-01-02,2020010201005860,NMB,49,32,76,323.00,"24,548.00"
2020-01-02,2020010201005851,NMB,49,25,300,323.00,"96,900.00"
2020-01-02,2020010201005808,NMB,49,25,49,323.00,"15,827.00"
2020-01-02,2020010201005807,NMB,17,25,451,323.00,"145,673.00"
2020-01-02,2020010201005892,NMBMF,46,34,300,565.00,"169,500.00"
2020-01-02,2020010201005891,NMBMF,41,34,58,565.00,"32,770.00"
2020-01-02,2020010201005594,NMBMF,41,22,72,565.00,"40,680.00"
2020-01-02,2020010201005593,NMBMF,10,22,10,566.00,"5,660.00"
2020-01-02,2020010201005705,NNLB,19,16,216,500.00,"108,000.00"
2020-01-02,2020010201005704,NNLB,39,16,200,500.00,"100,000.00"
2020-01-02,2020010201005703,NNLB,14,16,100,500.00,"50,000.00"
2020-01-02,2020010201005702,NNLB,38,16,100,500.00,"50,000.00"
2020-01-02,2020010201005701,NNLB,14,16,100,501.00,"50,100.00"
2020-01-02,2020010201005700,NNLB,19,16,150,501.00,"75,150.00"
2020-01-02,2020010201005984,OHL,25,52,39,473.00,"18,447.00"
2020-01-02,2020010201005983,OHL,25,51,11,472.00,"5,192.00"
2020-01-02,2020010201005982,OHL,25,45,150,470.00,"70,500.00"
2020-01-02,2020010201005928,OHL,53,7,161,469.00,"75,509.00"
2020-01-02,2020010201005912,OHL,53,47,39,469.00,"18,291.00"
2020-01-02,2020010201005826,OHL,45,49,30,470.00,"14,100.00"
2020-01-02,2020010201005588,OHL,45,45,400,470.00,"188,000.00"
2020-01-02,2020010201005875,PCBL,44,45,200,236.00,"47,200.00"
2020-01-02,2020010201005901,PIC,26,16,10,405.00,"4,050.00"
2020-01-02,2020010201005825,PLIC,48,32,240,361.00,"86,640.00"
2020-01-02,2020010201005824,PLIC,35,32,50,361.00,"18,050.00"
2020-01-02,2020010201005823,PLIC,34,32,10,361.00,"3,610.00"
2020-01-02,2020010201005822,PLIC,36,32,20,361.00,"7,220.00"
2020-01-02,2020010201005821,PLIC,48,32,200,361.00,"72,200.00"
2020-01-02,2020010201005820,PLIC,49,32,500,362.00,"181,000.00"
2020-01-02,2020010201005625,PLIC,50,38,938,365.00,"342,370.00"
2020-01-02,2020010201005591,PLIC,50,53,62,365.00,"22,630.00"
2020-01-02,2020010201005819,PLIC,42,32,50,362.00,"18,100.00"
2020-01-02,2020010201005818,PLIC,44,32,100,363.00,"36,300.00"
2020-01-02,2020010201005817,PLIC,43,32,100,363.00,"36,300.00"
2020-01-02,2020010201005816,PLIC,29,32,50,363.00,"18,150.00"
2020-01-02,2020010201005815,PLIC,59,32,480,363.00,"174,240.00"
2020-01-02,2020010201005626,PLIC,28,38,100,365.00,"36,500.00"
2020-01-02,2020010201005985,PPCL,40,14,"1,000",113.00,"113,000.00"
2020-01-02,2020010201005976,PPCL,40,5,20,112.00,"2,240.00"
2020-01-02,2020010201005975,PPCL,40,6,30,112.00,"3,360.00"
2020-01-02,2020010201005974,PPCL,40,48,10,111.00,"1,110.00"
2020-01-02,2020010201005973,PPCL,40,57,30,111.00,"3,330.00"
2020-01-02,2020010201005959,PPCL,6,26,30,110.00,"3,300.00"
2020-01-02,2020010201005727,PRIN,44,45,500,330.00,"165,000.00"
2020-01-02,2020010201005632,PRIN,44,52,100,330.00,"33,000.00"
2020-01-02,2020010201005602,PRIN,44,39,112,330.00,"36,960.00"
2020-01-02,2020010201005601,PRIN,46,39,500,331.00,"165,500.00"
2020-01-02,2020010201005600,PRIN,1,39,100,331.00,"33,100.00"
2020-01-02,2020010201005925,PROFL,34,35,10,96.00,960.00
2020-01-02,2020010201005926,PROFLP,42,45,"18,570",101.00,"1,875,570.00"
2020-01-02,2020010201005906,PROFLP,42,45,"55,844",101.00,"5,640,244.00"
2020-01-02,2020010201005843,PROFLP,45,42,88,101.00,"8,888.00"
2020-01-02,2020010201005842,PROFLP,45,42,"3,238",101.00,"327,038.00"
2020-01-02,2020010201005841,PROFLP,45,42,"3,238",101.00,"327,038.00"
2020-01-02,2020010201005840,PROFLP,45,42,"3,238",101.00,"327,038.00"
2020-01-02,2020010201005845,PRVU,20,50,10,224.00,"2,240.00"
2020-01-02,2020010201005708,PRVU,38,50,100,224.00,"22,400.00"
2020-01-02,2020010201005631,PRVU,26,50,530,224.00,"118,720.00"
2020-01-02,2020010201005777,RBCL,29,58,12,"8,435.00","101,220.00"
2020-01-02,2020010201005754,RBCL,42,58,20,"8,435.00","168,700.00"
2020-01-02,2020010201005747,RBCL,34,58,30,"8,437.00","253,110.00"
2020-01-02,2020010201005746,RBCL,56,58,10,"8,438.00","84,380.00"
2020-01-02,2020010201005745,RBCL,13,58,10,"8,440.00","84,400.00"
2020-01-02,2020010201005744,RBCL,41,58,10,"8,442.00","84,420.00"
2020-01-02,2020010201005743,RBCL,11,58,10,"8,443.00","84,430.00"
2020-01-02,2020010201006078,RHPL,58,58,40,168.00,"6,720.00"
2020-01-02,2020010201006006,RHPL,58,14,500,168.00,"84,000.00"
2020-01-02,2020010201005961,RHPL,58,32,50,168.00,"8,400.00"
2020-01-02,2020010201005958,RHPL,58,58,40,168.00,"6,720.00"
2020-01-02,2020010201005839,RHPL,58,16,10,168.00,"1,680.00"
2020-01-02,2020010201005834,RHPL,58,44,40,168.00,"6,720.00"
2020-01-02,2020010201005665,RHPL,58,44,40,168.00,"6,720.00"
2020-01-02,2020010201005627,RHPL,58,58,30,168.00,"5,040.00"
2020-01-02,2020010201005589,RHPL,58,58,10,168.00,"1,680.00"
2020-01-02,2020010201005584,RHPL,58,58,40,168.00,"6,720.00"
2020-01-02,2020010201005806,RHPL,58,44,50,168.00,"8,400.00"
2020-01-02,2020010201005748,RHPL,58,58,40,168.00,"6,720.00"
2020-01-02,2020010201005726,RHPL,58,44,40,168.00,"6,720.00"
2020-01-02,2020010201005707,RHPL,58,58,30,168.00,"5,040.00"
2020-01-02,2020010201005695,RHPL,58,16,10,168.00,"1,680.00"
2020-01-02,2020010201005679,RHPL,34,8,500,169.00,"84,500.00"
2020-01-02,2020010201006052,RMDC,5,25,100,551.00,"55,100.00"
2020-01-02,2020010201006077,SADBL,14,42,14,135.00,"1,890.00"
2020-01-02,2020010201006076,SADBL,42,42,300,135.00,"40,500.00"
2020-01-02,2020010201006075,SADBL,20,42,100,135.00,"13,500.00"
2020-01-02,2020010201006074,SADBL,37,42,200,135.00,"27,000.00"
2020-01-02,2020010201006073,SADBL,36,42,186,135.00,"25,110.00"
2020-01-02,2020010201006072,SADBL,59,42,200,135.00,"27,000.00"
2020-01-02,2020010201005888,SANIMA,58,57,454,312.00,"141,648.00"
2020-01-02,2020010201005612,SBL,11,48,40,283.00,"11,320.00"
2020-01-02,2020010201005999,SCB,34,58,20,537.00,"10,740.00"
2020-01-02,2020010201005616,SCB,34,58,90,537.00,"48,330.00"
2020-01-02,2020010201005765,SDESI,45,34,50,585.00,"29,250.00"
2020-01-02,2020010201006032,SHIVM,42,59,140,498.00,"69,720.00"
2020-01-02,2020010201006023,SHIVM,28,34,200,496.00,"99,200.00"
2020-01-02,2020010201006022,SHIVM,28,34,500,496.00,"248,000.00"
2020-01-02,2020010201006021,SHIVM,35,34,200,497.00,"99,400.00"
2020-01-02,2020010201006020,SHIVM,28,34,100,497.00,"49,700.00"
2020-01-02,2020010201005987,SHIVM,4,4,"15,500",498.00,"7,719,000.00"
2020-01-02,2020010201005634,SHIVM,53,41,400,497.00,"198,800.00"
2020-01-02,2020010201005623,SHIVM,21,35,250,496.00,"124,000.00"
2020-01-02,2020010201005604,SHIVM,17,32,50,497.00,"24,850.00"
2020-01-02,2020010201005603,SHIVM,17,45,50,496.00,"24,800.00"
2020-01-02,2020010201005722,SHIVM,29,38,450,498.00,"224,100.00"
2020-01-02,2020010201005721,SHIVM,29,54,50,498.00,"24,900.00"
2020-01-02,2020010201005716,SHIVM,7,1,200,497.00,"99,400.00"
2020-01-02,2020010201005659,SHIVM,21,1,250,497.00,"124,250.00"
2020-01-02,2020010201005636,SHIVM,53,1,50,497.00,"24,850.00"
2020-01-02,2020010201005635,SHIVM,53,1,50,497.00,"24,850.00"
2020-01-02,2020010201005776,SHIVM,58,33,50,499.00,"24,950.00"
2020-01-02,2020010201005742,SHIVM,49,38,70,498.00,"34,860.00"
2020-01-02,2020010201005737,SHIVM,43,38,30,498.00,"14,940.00"
2020-01-02,2020010201005733,SHIVM,43,29,20,498.00,"9,960.00"
2020-01-02,2020010201005732,SHIVM,43,1,100,498.00,"49,800.00"
2020-01-02,2020010201005731,SHIVM,43,38,50,498.00,"24,900.00"
2020-01-02,2020010201005796,SHIVM,42,1,200,499.00,"99,800.00"
2020-01-02,2020010201005795,SHIVM,42,8,100,499.00,"49,900.00"
2020-01-02,2020010201005794,SHIVM,42,41,50,499.00,"24,950.00"
2020-01-02,2020010201005793,SHIVM,42,58,50,499.00,"24,950.00"
2020-01-02,2020010201005788,SHIVM,48,58,50,499.00,"24,950.00"
2020-01-02,2020010201005787,SHIVM,48,33,450,499.00,"224,550.00"
2020-01-02,2020010201005803,SHIVM,58,22,50,499.00,"24,950.00"
2020-01-02,2020010201005801,SHIVM,42,22,20,499.00,"9,980.00"
2020-01-02,2020010201005800,SHIVM,42,44,30,499.00,"14,970.00"
2020-01-02,2020010201005799,SHIVM,42,32,50,499.00,"24,950.00"
2020-01-02,2020010201005798,SHIVM,42,53,200,499.00,"99,800.00"
2020-01-02,2020010201005797,SHIVM,42,22,300,499.00,"149,700.00"
2020-01-02,2020010201005836,SHIVM,56,22,200,499.00,"99,800.00"
2020-01-02,2020010201005827,SHIVM,42,22,100,499.00,"49,900.00"
2020-01-02,2020010201005811,SHIVM,42,22,100,499.00,"49,900.00"
2020-01-02,2020010201005810,SHIVM,42,41,200,499.00,"99,800.00"
2020-01-02,2020010201005805,SHIVM,43,6,200,497.00,"99,400.00"
2020-01-02,2020010201005804,SHIVM,28,6,200,498.00,"99,600.00"
2020-01-02,2020010201005881,SHIVM,39,17,50,499.00,"24,950.00"
2020-01-02,2020010201005866,SHIVM,58,45,50,499.00,"24,950.00"
2020-01-02,2020010201005850,SHIVM,36,45,350,499.00,"174,650.00"
2020-01-02,2020010201005849,SHIVM,36,21,50,499.00,"24,950.00"
2020-01-02,2020010201005848,SHIVM,36,22,30,499.00,"14,970.00"
2020-01-02,2020010201005847,SHIVM,36,53,100,498.00,"49,800.00"
2020-01-02,2020010201005887,SHIVM,56,57,90,498.00,"44,820.00"
2020-01-02,2020010201005886,SHIVM,36,51,250,499.00,"124,750.00"
2020-01-02,2020010201005885,SHIVM,36,48,250,499.00,"124,750.00"
2020-01-02,2020010201005884,SHIVM,56,21,10,498.00,"4,980.00"
2020-01-02,2020010201005883,SHIVM,39,48,250,499.00,"124,750.00"
2020-01-02,2020010201005882,SHIVM,39,35,200,499.00,"99,800.00"
2020-01-02,2020010201005898,SHIVM,58,58,18,500.00,"9,000.00"
2020-01-02,2020010201005897,SHIVM,58,37,100,500.00,"50,000.00"
2020-01-02,2020010201005896,SHIVM,58,16,52,499.00,"25,948.00"
2020-01-02,2020010201005895,SHIVM,58,25,50,499.00,"24,950.00"
2020-01-02,2020010201005894,SHIVM,58,51,70,499.00,"34,930.00"
2020-01-02,2020010201005893,SHIVM,58,57,210,498.00,"104,580.00"
2020-01-02,2020010201006028,SHL,51,47,391,196.00,"76,636.00"
2020-01-02,2020010201006027,SHL,3,47,200,196.00,"39,200.00"
2020-01-02,2020010201006026,SHL,56,47,100,196.00,"19,600.00"
2020-01-02,2020010201006025,SHL,22,47,100,196.00,"19,600.00"
2020-01-02,2020010201006024,SHL,14,47,100,197.00,"19,700.00"
2020-01-02,2020010201005998,SHL,14,34,400,197.00,"78,800.00"
2020-01-02,2020010201005595,SHL,34,58,100,200.00,"20,000.00"
2020-01-02,2020010201005755,SHL,22,58,100,200.00,"20,000.00"
2020-01-02,2020010201005694,SHL,45,54,"2,500",199.00,"497,500.00"
2020-01-02,2020010201005693,SHL,57,54,200,199.00,"39,800.00"
2020-01-02,2020010201005692,SHL,39,54,500,199.00,"99,500.00"
2020-01-02,2020010201005691,SHL,57,54,500,199.00,"99,500.00"
2020-01-02,2020010201005596,SHL,32,58,500,200.00,"100,000.00"
2020-01-02,2020010201005997,SHL,34,34,100,197.00,"19,700.00"
2020-01-02,2020010201005993,SHL,34,6,200,197.00,"39,400.00"
2020-01-02,2020010201005989,SHL,19,40,100,198.00,"19,800.00"
2020-01-02,2020010201005946,SHL,52,25,500,198.00,"99,000.00"
2020-01-02,2020010201005909,SHL,42,11,100,199.00,"19,900.00"
2020-01-02,2020010201005890,SHL,59,35,500,198.00,"99,000.00"
2020-01-02,2020010201005773,SHPC,47,14,100,165.00,"16,500.00"
2020-01-02,2020010201005673,SHPC,37,14,255,165.00,"42,075.00"
2020-01-02,2020010201006015,SIL,46,51,380,413.00,"156,940.00"
2020-01-02,2020010201006012,SIL,41,7,500,414.00,"207,000.00"
2020-01-02,2020010201005988,SJCL,32,58,20,154.00,"3,080.00"
2020-01-02,2020010201005986,SJCL,32,32,20,154.00,"3,080.00"
2020-01-02,2020010201005911,SJCL,32,16,10,154.00,"1,540.00"
2020-01-02,2020010201005753,SJCL,32,58,20,154.00,"3,080.00"
2020-01-02,2020010201005717,SJCL,32,16,10,154.00,"1,540.00"
2020-01-02,2020010201005688,SJCL,32,58,20,154.00,"3,080.00"
2020-01-02,2020010201005663,SJCL,32,58,20,154.00,"3,080.00"
2020-01-02,2020010201005610,SJCL,32,58,20,154.00,"3,080.00"
2020-01-02,2020010201005933,SKBBL,5,4,42,835.00,"35,070.00"
2020-01-02,2020010201005621,SKBBL,50,10,287,832.00,"238,784.00"
2020-01-02,2020010201005620,SKBBL,35,10,13,833.00,"10,829.00"
2020-01-02,2020010201006041,SLICL,21,25,500,305.00,"152,500.00"
2020-01-02,2020010201005736,SLICL,40,40,1,306.00,306.00
2020-01-02,2020010201005629,SLICL,21,34,500,306.00,"153,000.00"
2020-01-02,2020010201005628,SLICL,21,7,50,306.00,"15,300.00"
2020-01-02,2020010201005599,SLICL,21,13,151,305.00,"46,055.00"
2020-01-02,2020010201005598,SLICL,46,13,350,305.00,"106,750.00"
2020-01-02,2020010201006081,SMATA,58,18,70,540.00,"37,800.00"
2020-01-02,2020010201005844,SMB,11,16,10,561.00,"5,610.00"
2020-01-02,2020010201006083,SMFBS,14,43,10,930.00,"9,300.00"
2020-01-02,2020010201006082,SMFBS,14,57,39,929.00,"36,231.00"
2020-01-02,2020010201006018,SMFBS,14,57,60,929.00,"55,740.00"
2020-01-02,2020010201006017,SMFBS,14,43,10,929.00,"9,290.00"
2020-01-02,2020010201006016,SMFBS,14,45,40,928.00,"37,120.00"
2020-01-02,2020010201006002,SMFBS,14,45,30,928.00,"27,840.00"
2020-01-02,2020010201006001,SMFBS,14,34,20,927.00,"18,540.00"
2020-01-02,2020010201005763,SMFBS,14,16,10,917.00,"9,170.00"
2020-01-02,2020010201005741,SMFBS,14,16,10,916.00,"9,160.00"
2020-01-02,2020010201005669,SMFBS,45,34,30,927.00,"27,810.00"
2020-01-02,2020010201005668,SMFBS,45,43,10,927.00,"9,270.00"
2020-01-02,2020010201005667,SMFBS,45,45,10,925.00,"9,250.00"
2020-01-02,2020010201005996,SPARS,36,38,30,563.00,"16,890.00"
2020-01-02,2020010201005878,SPARS,33,34,250,564.00,"141,000.00"
2020-01-02,2020010201005877,SPARS,44,34,200,564.00,"112,800.00"
2020-01-02,2020010201005775,SRBL,53,21,100,216.00,"21,600.00"
2020-01-02,2020010201005774,SRBL,21,21,84,216.00,"18,144.00"
2020-01-02,2020010201005633,SRBL,21,57,50,216.00,"10,800.00"
2020-01-02,2020010201006050,SWBBL,50,57,50,860.00,"43,000.00"
2020-01-02,2020010201006005,SWBBL,50,45,370,860.00,"318,200.00"
2020-01-02,2020010201006004,SWBBL,32,45,100,860.00,"86,000.00"
2020-01-02,2020010201006003,SWBBL,51,45,30,860.00,"25,800.00"
2020-01-02,2020010201005783,SWBBL,38,44,20,862.00,"17,240.00"
2020-01-02,2020010201005597,SWBBL,17,43,50,861.00,"43,050.00"
2020-01-02,2020010201005915,TRH,44,7,20,285.00,"5,700.00"
2020-01-02,2020010201005905,TRH,32,57,165,284.00,"46,860.00"
2020-01-02,2020010201005756,TRH,51,57,625,284.00,"177,500.00"
2020-01-02,2020010201005752,TRH,51,34,375,284.00,"106,500.00"
2020-01-02,2020010201005751,TRH,5,34,200,284.00,"56,800.00"
2020-01-02,2020010201005740,TRH,42,57,20,285.00,"5,700.00"
2020-01-02,2020010201005724,TRH,1,57,50,285.00,"14,250.00"
2020-01-02,2020010201005723,TRH,17,57,140,285.00,"39,900.00"
2020-01-02,2020010201005960,UIC,1,57,100,291.00,"29,100.00"
2020-01-02,2020010201005590,UMHL,36,59,500,101.00,"50,500.00"
2020-01-02,2020010201005696,UPPER,59,59,293,235.00,"68,855.00"
2020-01-02,2020010201005093,ADBL,48,38,159,363.00,"57,717.00"
2020-01-02,2020010201005573,AKPL,29,45,362,113.00,"40,906.00"
2020-01-02,2020010201005572,AKPL,29,49,138,113.00,"15,594.00"
2020-01-02,2020010201005391,AKPL,41,48,"2,000",112.00,"224,000.00"
2020-01-02,2020010201005390,AKPL,41,48,13,112.00,"1,456.00"
2020-01-02,2020010201005550,ALBSL,22,39,10,494.00,"4,940.00"
2020-01-02,2020010201005477,ALBSL,22,4,10,494.00,"4,940.00"
2020-01-02,2020010201005359,ALBSL,5,46,10,497.00,"4,970.00"
2020-01-02,2020010201005121,ALBSL,18,44,20,494.00,"9,880.00"
2020-01-02,2020010201005446,ALICL,6,38,90,376.00,"33,840.00"
2020-01-02,2020010201005392,ALICL,52,46,180,377.00,"67,860.00"
2020-01-02,2020010201005234,ALICL,32,36,300,377.00,"113,100.00"
2020-01-02,2020010201005233,ALICL,5,36,500,377.00,"188,500.00"
2020-01-02,2020010201005442,API,43,48,300,107.00,"32,100.00"
2020-01-02,2020010201005373,BFC,52,14,270,84.00,"22,680.00"
2020-01-02,2020010201005372,BFC,41,14,300,84.00,"25,200.00"
2020-01-02,2020010201005371,BFC,8,14,380,84.00,"31,920.00"
2020-01-02,2020010201005120,BNT,57,38,10,"6,150.00","61,500.00"
2020-01-02,2020010201005119,BNT,57,17,10,"6,149.00","61,490.00"
2020-01-02,2020010201005422,BOKL,37,16,20,213.00,"4,260.00"
2020-01-02,2020010201005365,BOKL,6,16,250,213.00,"53,250.00"
2020-01-02,2020010201005252,BOKL,40,16,200,213.00,"42,600.00"
2020-01-02,2020010201005240,BOKL,40,16,500,213.00,"106,500.00"
2020-01-02,2020010201005086,BOKL,26,16,250,213.00,"53,250.00"
2020-01-02,2020010201005264,BPCL,34,34,11,301.00,"3,311.00"
2020-01-02,2020010201005131,BPCL,49,16,15,303.00,"4,545.00"
2020-01-02,2020010201005110,BPCL,49,1,32,303.00,"9,696.00"
2020-01-02,2020010201005443,CBL,17,21,200,135.00,"27,000.00"
2020-01-02,2020010201005513,CCBL,26,35,260,165.00,"42,900.00"
2020-01-02,2020010201005512,CCBL,56,35,100,165.00,"16,500.00"
2020-01-02,2020010201005345,CCBL,56,34,100,165.00,"16,500.00"
2020-01-02,2020010201005226,CIT,34,45,260,"2,080.00","540,800.00"
2020-01-02,2020010201005225,CIT,22,45,200,"2,081.00","416,200.00"
2020-01-02,2020010201005224,CIT,33,45,50,"2,081.00","104,050.00"
2020-01-02,2020010201005223,CIT,16,45,200,"2,081.00","416,200.00"
2020-01-02,2020010201005222,CIT,16,45,50,"2,081.00","104,050.00"
2020-01-02,2020010201005221,CIT,1,45,60,"2,081.00","124,860.00"
2020-01-02,2020010201005203,CIT,38,45,50,"2,086.00","104,300.00"
2020-01-02,2020010201005157,CIT,38,34,50,"2,086.00","104,300.00"
2020-01-02,2020010201005156,CIT,38,34,50,"2,086.00","104,300.00"
2020-01-02,2020010201005112,CIT,38,34,50,"2,086.00","104,300.00"
2020-01-02,2020010201005220,CIT,43,45,30,"2,082.00","62,460.00"
2020-01-02,2020010201005219,CIT,41,45,50,"2,082.00","104,100.00"
2020-01-02,2020010201005218,CIT,41,45,100,"2,082.00","208,200.00"
2020-01-02,2020010201005206,CIT,17,45,500,"2,083.00","1,041,500.00"
2020-01-02,2020010201005205,CIT,43,45,50,"2,085.00","104,250.00"
2020-01-02,2020010201005204,CIT,45,45,10,"2,086.00","20,860.00"
2020-01-02,2020010201005491,CLBSL,26,7,50,593.00,"29,650.00"
2020-01-02,2020010201005279,CLBSL,26,57,200,600.00,"120,000.00"
2020-01-02,2020010201005278,CLBSL,26,50,100,600.00,"60,000.00"
2020-01-02,2020010201005245,CLBSL,26,16,70,599.00,"41,930.00"
2020-01-02,2020010201005244,CLBSL,26,16,20,598.00,"11,960.00"
2020-01-02,2020010201005105,CLBSL,40,40,1,585.00,585.00
2020-01-02,2020010201005580,CZBIL,16,29,123,181.00,"22,263.00"
2020-01-02,2020010201005579,CZBIL,53,29,200,181.00,"36,200.00"
2020-01-02,2020010201005578,CZBIL,37,29,404,181.00,"73,124.00"
2020-01-02,2020010201005577,CZBIL,1,29,73,182.00,"13,286.00"
2020-01-02,2020010201005576,CZBIL,32,29,200,182.00,"36,400.00"
2020-01-02,2020010201005469,CZBIL,21,7,63,182.00,"11,466.00"
2020-01-02,2020010201005468,CZBIL,21,29,87,182.00,"15,834.00"
2020-01-02,2020010201005175,CZBIL,6,29,13,182.00,"2,366.00"
2020-01-02,2020010201005174,CZBIL,6,38,17,182.00,"3,094.00"
2020-01-02,2020010201005113,CZBIL,37,41,73,181.00,"13,213.00"
2020-01-02,2020010201005470,DBBL,28,36,"1,000",140.00,"140,000.00"
2020-01-02,2020010201005323,DBBL,25,1,250,140.00,"35,000.00"
2020-01-02,2020010201005322,DBBL,25,34,200,140.00,"28,000.00"
2020-01-02,2020010201005321,DBBL,25,36,"1,000",140.00,"140,000.00"
2020-01-02,2020010201005085,DBBL,28,48,200,139.00,"27,800.00"
2020-01-02,2020010201005482,DDBL,52,28,90,891.00,"80,190.00"
2020-01-02,2020010201005481,DDBL,49,28,10,897.00,"8,970.00"
2020-01-02,2020010201005335,DDBL,34,53,"1,000",895.00,"895,000.00"
2020-01-02,2020010201005334,DDBL,59,53,50,896.00,"44,800.00"
2020-01-02,2020010201005333,DDBL,52,53,37,896.00,"33,152.00"
2020-01-02,2020010201005202,DHPL,34,28,911,51.00,"46,461.00"
2020-01-02,2020010201005138,DHPL,47,28,89,51.00,"4,539.00"
2020-01-02,2020010201005137,DHPL,47,26,11,51.00,561.00
2020-01-02,2020010201005480,EBL,29,28,100,527.00,"52,700.00"
2020-01-02,2020010201005314,EBL,5,19,100,526.00,"52,600.00"
2020-01-02,2020010201005313,EDBL,28,14,162,287.00,"46,494.00"
2020-01-02,2020010201005312,EDBL,11,14,200,287.00,"57,400.00"
2020-01-02,2020010201005311,EDBL,29,14,18,288.00,"5,184.00"
2020-01-02,2020010201005444,EIC,34,38,340,266.00,"90,440.00"
2020-01-02,2020010201005358,GBBL,16,54,50,205.00,"10,250.00"
2020-01-02,2020010201005432,GBLBS,1,56,50,322.00,"16,100.00"
2020-01-02,2020010201005407,GBLBS,1,45,520,322.00,"167,440.00"
2020-01-02,2020010201005265,GBLBS,5,45,185,322.00,"59,570.00"
2020-01-02,2020010201005284,GGBSL,41,58,10,597.00,"5,970.00"
2020-01-02,2020010201005425,GLICL,10,38,457,460.00,"210,220.00"
2020-01-02,2020010201005489,GMFBS,39,16,182,570.00,"103,740.00"
2020-01-02,2020010201005488,GMFBS,28,16,200,572.00,"114,400.00"
2020-01-02,2020010201005487,GMFBS,16,16,228,573.00,"130,644.00"
2020-01-02,2020010201005403,GMFBS,36,38,150,580.00,"87,000.00"
2020-01-02,2020010201005402,GMFBS,49,38,80,580.00,"46,400.00"
2020-01-02,2020010201005401,GMFBS,36,38,30,581.00,"17,430.00"
2020-01-02,2020010201005400,GMFBS,5,38,50,582.00,"29,100.00"
2020-01-02,2020010201005399,GMFBS,21,38,15,583.00,"8,745.00"
2020-01-02,2020010201005339,GMFIL,14,43,100,120.00,"12,000.00"
2020-01-02,2020010201005299,GUFL,6,34,40,109.00,"4,360.00"
2020-01-02,2020010201005454,HBL,46,6,500,501.00,"250,500.00"
2020-01-02,2020010201005453,HBL,45,6,50,501.00,"25,050.00"
2020-01-02,2020010201005381,HBL,34,6,95,503.00,"47,785.00"
2020-01-02,2020010201005380,HBL,29,6,69,503.00,"34,707.00"
2020-01-02,2020010201005370,HBL,29,37,120,503.00,"60,360.00"
2020-01-02,2020010201005369,HBL,56,37,100,503.00,"50,300.00"
2020-01-02,2020010201005182,HBL,41,14,81,504.00,"40,824.00"
2020-01-02,2020010201005097,HBL,41,6,500,504.00,"252,000.00"
2020-01-02,2020010201005368,HBL,41,37,260,503.00,"130,780.00"
2020-01-02,2020010201005367,HBL,45,37,20,503.00,"10,060.00"
2020-01-02,2020010201005347,HBL,52,14,25,504.00,"12,600.00"
2020-01-02,2020010201005346,HBL,29,14,22,504.00,"11,088.00"
2020-01-02,2020010201005184,HBL,29,14,22,504.00,"11,088.00"
2020-01-02,2020010201005183,HBL,52,14,90,504.00,"45,360.00"
2020-01-02,2020010201005436,HDL,4,38,100,"1,219.00","121,900.00"
2020-01-02,2020010201005378,HDL,45,58,70,"1,220.00","85,400.00"
2020-01-02,2020010201005362,HDL,45,38,70,"1,219.00","85,330.00"
2020-01-02,2020010201005343,HDL,45,38,70,"1,219.00","85,330.00"
