Date,Transact. No.,Symbol,Buyer,Seller,Quantity,Rate,Amount
2020-10-05,2020100504002868,CMF1,58,48,"5,950",9.71,"57,774.50"
2020-10-05,2020100504002867,CMF1,8,48,"4,050",9.72,"39,366.00"
2020-10-05,2020100504002804,CMF1,51,25,200,9.70,"1,940.00"
2020-10-05,2020100504002652,CMF1,51,43,"2,000",9.70,"19,400.00"
2020-10-05,2020100504002930,GIMES1,47,32,200,9.35,"1,870.00"
2020-10-05,2020100504002628,GIMES1,22,19,"2,000",9.21,"18,420.00"
2020-10-05,2020100504002566,GIMES1,57,28,"7,500",9.20,"69,000.00"
2020-10-05,2020100504002565,GIMES1,22,28,"10,000",9.21,"92,100.00"
2020-10-05,2020100504002558,LEMF,7,45,"2,000",9.00,"18,000.00"
2020-10-05,2020100504002555,LEMF,7,29,"7,500",8.98,"67,350.00"
2020-10-05,2020100504002551,LEMF,7,8,"5,850",8.90,"52,065.00"
2020-10-05,2020100504002534,LEMF,7,7,"4,480",8.88,"39,782.40"
2020-10-05,2020100504002823,LUK,48,4,200,8.92,"1,784.00"
2020-10-05,2020100504002822,LUK,48,4,200,8.92,"1,784.00"
2020-10-05,2020100504002490,LUK,14,42,100,8.91,891.00
2020-10-05,2020100504002489,LUK,14,53,100,8.91,891.00
2020-10-05,2020100504002858,NBF2,34,14,100,8.90,890.00
2020-10-05,2020100504002819,NBF2,34,10,500,8.90,"4,450.00"
2020-10-05,2020100504002561,NBF2,14,49,100,8.86,886.00
2020-10-05,2020100504002702,NEF,22,25,"2,566",8.86,"22,734.76"
2020-10-05,2020100504002791,NIBLPF,6,28,475,9.02,"4,284.50"
2020-10-05,2020100504002903,NIBPO,32,39,40,360.00,"14,400.00"
2020-10-05,2020100504002902,NIBPO,20,39,"2,000",360.00,"720,000.00"
2020-10-05,2020100504002901,NIBPO,47,39,100,360.00,"36,000.00"
2020-10-05,2020100504002900,NIBPO,55,39,"1,000",360.00,"360,000.00"
2020-10-05,2020100504002899,NIBPO,52,39,500,360.00,"180,000.00"
2020-10-05,2020100504002898,NIBPO,14,39,500,360.00,"180,000.00"
2020-10-05,2020100504002617,NIBPO,51,4,374,362.00,"135,388.00"
2020-10-05,2020100504002616,NIBPO,8,4,626,362.00,"226,612.00"
2020-10-05,2020100504002611,NIBPO,8,4,938,362.00,"339,556.00"
2020-10-05,2020100504002610,NIBPO,8,4,912,362.00,"330,144.00"
2020-10-05,2020100504002609,NIBPO,46,4,100,363.00,"36,300.00"
2020-10-05,2020100504002608,NIBPO,13,4,50,363.00,"18,150.00"
2020-10-05,2020100504002729,NIBPO,52,49,"1,000",361.00,"361,000.00"
2020-10-05,2020100504002728,NIBPO,55,49,500,361.00,"180,500.00"
2020-10-05,2020100504002727,NIBPO,14,49,"1,000",361.00,"361,000.00"
2020-10-05,2020100504002726,NIBPO,55,49,"1,000",362.00,"362,000.00"
2020-10-05,2020100504002725,NIBPO,51,49,126,362.00,"45,612.00"
2020-10-05,2020100504002724,NIBPO,46,49,210,363.00,"76,230.00"
2020-10-05,2020100504002897,NIBPO,39,39,"1,000",361.00,"361,000.00"
2020-10-05,2020100504002896,NIBPO,11,39,200,361.00,"72,200.00"
2020-10-05,2020100504002895,NIBPO,37,39,836,361.00,"301,796.00"
2020-10-05,2020100504002894,NIBPO,32,39,200,362.00,"72,400.00"
2020-10-05,2020100504002828,NIBPO,49,49,"10,000",361.00,"3,610,000.00"
2020-10-05,2020100504002773,NIBPO,37,49,164,361.00,"59,204.00"
2020-10-05,2020100504002769,NIBSF1,50,17,"13,000",9.91,"128,830.00"
2020-10-05,2020100504002768,NIBSF1,50,7,"8,000",9.89,"79,120.00"
2020-10-05,2020100504002692,NICAD8283,13,14,25,"1,065.00","26,625.00"
2020-10-05,2020100504002448,NICBF,22,51,"1,000",8.97,"8,970.00"
2020-10-05,2020100504002693,NICGF,11,25,100,9.50,950.00
2020-10-05,2020100504002854,NMB50,50,57,"1,000",9.20,"9,200.00"
2020-10-05,2020100504002748,NMBHF1,43,7,"4,313",9.47,"40,844.11"
2020-10-05,2020100504002648,NMBHF1,43,10,"4,732",9.47,"44,812.04"
2020-10-05,2020100504002647,NMBHF1,43,47,"10,955",9.47,"103,743.85"
2020-10-05,2020100504002645,NMBHF1,43,47,"86,845",9.47,"822,422.15"
2020-10-05,2020100504002644,NMBHF1,43,19,"3,155",9.46,"29,846.30"
2020-10-05,2020100504002643,NMBHF1,43,7,"5,000",9.46,"47,300.00"
2020-10-05,2020100504002642,NMBHF1,43,7,"5,000",9.46,"47,300.00"
2020-10-05,2020100504002893,RBCLPO,35,59,20,"10,400.00","208,000.00"
2020-10-05,2020100504002892,RBCLPO,49,59,11,"10,400.00","114,400.00"
2020-10-05,2020100504002891,RBCLPO,35,59,10,"10,440.00","104,400.00"
2020-10-05,2020100504002890,RBCLPO,33,59,50,"10,440.00","522,000.00"
2020-10-05,2020100504002889,RBCLPO,33,59,30,"10,450.00","313,500.00"
2020-10-05,2020100504002700,RBCLPO,4,13,30,"10,450.00","313,500.00"
2020-10-05,2020100504002492,RBCLPO,57,48,10,"10,463.00","104,630.00"
2020-10-05,2020100504002491,RBCLPO,33,48,50,"10,465.00","523,250.00"
2020-10-05,2020100504002699,RBCLPO,33,13,10,"10,451.00","104,510.00"
2020-10-05,2020100504002698,RBCLPO,6,13,19,"10,452.00","198,588.00"
2020-10-05,2020100504002584,RBCLPO,49,26,20,"10,460.00","209,200.00"
2020-10-05,2020100504002495,RBCLPO,35,48,90,"10,461.00","941,490.00"
2020-10-05,2020100504002494,RBCLPO,40,48,50,"10,462.00","523,100.00"
2020-10-05,2020100504002493,RBCLPO,40,48,50,"10,462.00","523,100.00"
2020-10-05,2020100504002944,RLI,34,59,10,625.00,"6,250.00"
2020-10-05,2020100504002943,RLI,34,47,10,624.00,"6,240.00"
2020-10-05,2020100504002942,RLI,34,58,10,624.00,"6,240.00"
2020-10-05,2020100504002941,RLI,34,50,10,624.00,"6,240.00"
2020-10-05,2020100504002940,RLI,34,51,20,624.00,"12,480.00"
2020-10-05,2020100504002939,RLI,34,41,10,624.00,"6,240.00"
2020-10-05,2020100504002447,RLI,46,38,10,624.00,"6,240.00"
2020-10-05,2020100504002446,RLI,46,11,10,624.00,"6,240.00"
2020-10-05,2020100504002445,RLI,53,59,10,623.00,"6,230.00"
2020-10-05,2020100504002454,RLI,46,52,10,624.00,"6,240.00"
2020-10-05,2020100504002453,RLI,46,38,10,624.00,"6,240.00"
2020-10-05,2020100504002452,RLI,46,38,10,624.00,"6,240.00"
2020-10-05,2020100504002451,RLI,46,44,10,624.00,"6,240.00"
2020-10-05,2020100504002450,RLI,46,52,10,624.00,"6,240.00"
2020-10-05,2020100504002449,RLI,46,38,10,624.00,"6,240.00"
2020-10-05,2020100504002460,RLI,10,52,10,622.00,"6,220.00"
2020-10-05,2020100504002459,RLI,10,29,10,622.00,"6,220.00"
2020-10-05,2020100504002458,RLI,10,52,10,622.00,"6,220.00"
2020-10-05,2020100504002457,RLI,53,38,10,623.00,"6,230.00"
2020-10-05,2020100504002456,RLI,46,38,10,624.00,"6,240.00"
2020-10-05,2020100504002455,RLI,46,22,10,624.00,"6,240.00"
2020-10-05,2020100504002467,RLI,29,58,10,623.00,"6,230.00"
2020-10-05,2020100504002466,RLI,29,10,10,623.00,"6,230.00"
2020-10-05,2020100504002465,RLI,10,38,10,622.00,"6,220.00"
2020-10-05,2020100504002464,RLI,10,38,10,622.00,"6,220.00"
2020-10-05,2020100504002462,RLI,10,10,10,622.00,"6,220.00"
2020-10-05,2020100504002461,RLI,10,29,10,622.00,"6,220.00"
2020-10-05,2020100504002473,RLI,10,21,10,622.00,"6,220.00"
2020-10-05,2020100504002472,RLI,10,59,10,622.00,"6,220.00"
2020-10-05,2020100504002471,RLI,57,29,10,623.00,"6,230.00"
2020-10-05,2020100504002470,RLI,10,29,10,622.00,"6,220.00"
2020-10-05,2020100504002469,RLI,10,17,10,622.00,"6,220.00"
2020-10-05,2020100504002468,RLI,29,38,10,624.00,"6,240.00"
2020-10-05,2020100504002479,RLI,10,51,10,622.00,"6,220.00"
2020-10-05,2020100504002478,RLI,10,36,10,622.00,"6,220.00"
2020-10-05,2020100504002477,RLI,10,55,10,622.00,"6,220.00"
2020-10-05,2020100504002476,RLI,10,40,10,622.00,"6,220.00"
2020-10-05,2020100504002475,RLI,10,33,10,622.00,"6,220.00"
2020-10-05,2020100504002474,RLI,10,51,10,622.00,"6,220.00"
2020-10-05,2020100504002496,RLI,10,38,10,622.00,"6,220.00"
2020-10-05,2020100504002488,RLI,10,51,10,622.00,"6,220.00"
2020-10-05,2020100504002484,RLI,10,38,10,622.00,"6,220.00"
2020-10-05,2020100504002482,RLI,49,29,500,623.00,"311,500.00"
2020-10-05,2020100504002481,RLI,10,45,10,622.00,"6,220.00"
2020-10-05,2020100504002480,RLI,10,38,10,622.00,"6,220.00"
2020-10-05,2020100504002502,RLI,43,8,10,622.00,"6,220.00"
2020-10-05,2020100504002501,RLI,43,33,10,622.00,"6,220.00"
2020-10-05,2020100504002500,RLI,43,49,10,622.00,"6,220.00"
2020-10-05,2020100504002499,RLI,43,55,10,622.00,"6,220.00"
2020-10-05,2020100504002498,RLI,10,38,10,622.00,"6,220.00"
2020-10-05,2020100504002497,RLI,10,45,10,622.00,"6,220.00"
2020-10-05,2020100504002508,RLI,37,29,50,622.00,"31,100.00"
2020-10-05,2020100504002507,RLI,39,29,80,622.00,"49,760.00"
2020-10-05,2020100504002506,RLI,43,29,30,622.00,"18,660.00"
2020-10-05,2020100504002505,RLI,43,36,10,622.00,"6,220.00"
2020-10-05,2020100504002504,RLI,43,59,10,622.00,"6,220.00"
2020-10-05,2020100504002503,RLI,43,22,10,622.00,"6,220.00"
2020-10-05,2020100504002514,RLI,36,14,300,622.00,"186,600.00"
2020-10-05,2020100504002513,RLI,39,14,20,622.00,"12,440.00"
2020-10-05,2020100504002512,RLI,33,14,660,622.00,"410,520.00"
2020-10-05,2020100504002511,RLI,33,49,10,622.00,"6,220.00"
2020-10-05,2020100504002510,RLI,33,29,330,622.00,"205,260.00"
2020-10-05,2020100504002509,RLI,35,29,"1,000",622.00,"622,000.00"
2020-10-05,2020100504002520,RLI,3,29,10,622.00,"6,220.00"
2020-10-05,2020100504002519,RLI,3,49,10,622.00,"6,220.00"
2020-10-05,2020100504002518,RLI,56,29,10,622.00,"6,220.00"
2020-10-05,2020100504002517,RLI,56,49,10,622.00,"6,220.00"
2020-10-05,2020100504002516,RLI,56,16,10,622.00,"6,220.00"
2020-10-05,2020100504002515,RLI,56,14,20,622.00,"12,440.00"
2020-10-05,2020100504002526,RLI,3,57,10,622.00,"6,220.00"
2020-10-05,2020100504002525,RLI,3,49,10,622.00,"6,220.00"
2020-10-05,2020100504002524,RLI,3,29,10,622.00,"6,220.00"
2020-10-05,2020100504002523,RLI,3,49,10,622.00,"6,220.00"
2020-10-05,2020100504002522,RLI,3,29,10,622.00,"6,220.00"
2020-10-05,2020100504002521,RLI,3,49,10,622.00,"6,220.00"
2020-10-05,2020100504002532,RLI,32,50,10,622.00,"6,220.00"
2020-10-05,2020100504002531,RLI,32,29,10,622.00,"6,220.00"
2020-10-05,2020100504002530,RLI,32,51,10,622.00,"6,220.00"
2020-10-05,2020100504002529,RLI,16,47,10,621.00,"6,210.00"
2020-10-05,2020100504002528,RLI,3,49,10,622.00,"6,220.00"
2020-10-05,2020100504002527,RLI,3,29,10,622.00,"6,220.00"
2020-10-05,2020100504002539,RLI,22,29,50,621.00,"31,050.00"
2020-10-05,2020100504002538,RLI,42,29,50,621.00,"31,050.00"
2020-10-05,2020100504002537,RLI,25,29,20,621.00,"12,420.00"
2020-10-05,2020100504002536,RLI,29,29,200,621.00,"124,200.00"
2020-10-05,2020100504002535,RLI,16,29,20,621.00,"12,420.00"
2020-10-05,2020100504002533,RLI,32,29,170,622.00,"105,740.00"
2020-10-05,2020100504002545,RLI,25,29,100,621.00,"62,100.00"
2020-10-05,2020100504002544,RLI,50,29,70,621.00,"43,470.00"
2020-10-05,2020100504002543,RLI,52,29,100,621.00,"62,100.00"
2020-10-05,2020100504002542,RLI,38,29,30,621.00,"18,630.00"
2020-10-05,2020100504002541,RLI,42,29,40,621.00,"24,840.00"
2020-10-05,2020100504002540,RLI,8,29,50,621.00,"31,050.00"
2020-10-05,2020100504002552,RLI,57,29,10,621.00,"6,210.00"
2020-10-05,2020100504002550,RLI,57,49,10,621.00,"6,210.00"
2020-10-05,2020100504002549,RLI,57,52,10,621.00,"6,210.00"
2020-10-05,2020100504002548,RLI,55,51,10,621.00,"6,210.00"
2020-10-05,2020100504002547,RLI,55,22,10,621.00,"6,210.00"
2020-10-05,2020100504002546,RLI,35,29,100,621.00,"62,100.00"
2020-10-05,2020100504002560,RLI,57,5,10,621.00,"6,210.00"
2020-10-05,2020100504002559,RLI,57,19,10,621.00,"6,210.00"
2020-10-05,2020100504002557,RLI,57,33,10,621.00,"6,210.00"
2020-10-05,2020100504002556,RLI,57,29,10,621.00,"6,210.00"
2020-10-05,2020100504002554,RLI,57,36,10,621.00,"6,210.00"
2020-10-05,2020100504002553,RLI,57,57,10,621.00,"6,210.00"
2020-10-05,2020100504002569,RLI,17,51,10,621.00,"6,210.00"
2020-10-05,2020100504002568,RLI,17,29,10,621.00,"6,210.00"
2020-10-05,2020100504002567,RLI,17,39,10,621.00,"6,210.00"
2020-10-05,2020100504002564,RLI,17,51,10,621.00,"6,210.00"
2020-10-05,2020100504002563,RLI,17,29,10,621.00,"6,210.00"
2020-10-05,2020100504002562,RLI,57,57,10,621.00,"6,210.00"
2020-10-05,2020100504002575,RLI,40,56,10,623.00,"6,230.00"
2020-10-05,2020100504002574,RLI,14,29,10,622.00,"6,220.00"
2020-10-05,2020100504002573,RLI,14,29,10,622.00,"6,220.00"
2020-10-05,2020100504002572,RLI,14,29,10,622.00,"6,220.00"
2020-10-05,2020100504002571,RLI,14,29,10,622.00,"6,220.00"
2020-10-05,2020100504002570,RLI,14,29,10,622.00,"6,220.00"
2020-10-05,2020100504002582,RLI,17,29,10,621.00,"6,210.00"
2020-10-05,2020100504002581,RLI,17,45,10,621.00,"6,210.00"
2020-10-05,2020100504002580,RLI,17,22,10,621.00,"6,210.00"
2020-10-05,2020100504002578,RLI,17,29,10,621.00,"6,210.00"
2020-10-05,2020100504002577,RLI,40,51,10,624.00,"6,240.00"
2020-10-05,2020100504002576,RLI,40,6,10,623.00,"6,230.00"
2020-10-05,2020100504002589,RLI,17,35,10,621.00,"6,210.00"
2020-10-05,2020100504002588,RLI,17,16,10,621.00,"6,210.00"
2020-10-05,2020100504002587,RLI,17,22,10,621.00,"6,210.00"
2020-10-05,2020100504002586,RLI,17,29,10,621.00,"6,210.00"
2020-10-05,2020100504002585,RLI,17,50,10,621.00,"6,210.00"
2020-10-05,2020100504002583,RLI,17,51,10,621.00,"6,210.00"
2020-10-05,2020100504002595,RLI,25,40,10,621.00,"6,210.00"
2020-10-05,2020100504002594,RLI,17,51,10,621.00,"6,210.00"
2020-10-05,2020100504002593,RLI,17,44,10,621.00,"6,210.00"
2020-10-05,2020100504002592,RLI,17,29,10,621.00,"6,210.00"
2020-10-05,2020100504002591,RLI,17,29,10,621.00,"6,210.00"
2020-10-05,2020100504002590,RLI,17,56,10,621.00,"6,210.00"
2020-10-05,2020100504002601,RLI,8,47,10,621.00,"6,210.00"
2020-10-05,2020100504002600,RLI,8,40,10,621.00,"6,210.00"
2020-10-05,2020100504002599,RLI,25,48,10,621.00,"6,210.00"
2020-10-05,2020100504002598,RLI,25,57,10,621.00,"6,210.00"
2020-10-05,2020100504002597,RLI,25,25,10,621.00,"6,210.00"
2020-10-05,2020100504002596,RLI,25,26,10,621.00,"6,210.00"
2020-10-05,2020100504002607,RLI,44,16,10,621.00,"6,210.00"
2020-10-05,2020100504002606,RLI,44,34,10,621.00,"6,210.00"
2020-10-05,2020100504002605,RLI,44,45,10,621.00,"6,210.00"
2020-10-05,2020100504002604,RLI,44,47,10,621.00,"6,210.00"
2020-10-05,2020100504002603,RLI,44,40,10,621.00,"6,210.00"
2020-10-05,2020100504002602,RLI,44,29,10,621.00,"6,210.00"
2020-10-05,2020100504002619,RLI,45,54,10,622.00,"6,220.00"
2020-10-05,2020100504002618,RLI,26,36,10,621.00,"6,210.00"
2020-10-05,2020100504002615,RLI,44,40,10,621.00,"6,210.00"
2020-10-05,2020100504002614,RLI,44,42,10,621.00,"6,210.00"
2020-10-05,2020100504002613,RLI,44,58,10,621.00,"6,210.00"
2020-10-05,2020100504002612,RLI,44,51,10,621.00,"6,210.00"
2020-10-05,2020100504002625,RLI,26,48,10,621.00,"6,210.00"
2020-10-05,2020100504002624,RLI,13,47,10,622.00,"6,220.00"
2020-10-05,2020100504002623,RLI,26,40,10,621.00,"6,210.00"
2020-10-05,2020100504002622,RLI,26,56,10,621.00,"6,210.00"
2020-10-05,2020100504002621,RLI,26,16,10,621.00,"6,210.00"
2020-10-05,2020100504002620,RLI,26,47,10,621.00,"6,210.00"
2020-10-05,2020100504002632,RLI,33,51,10,621.00,"6,210.00"
2020-10-05,2020100504002631,RLI,33,40,10,621.00,"6,210.00"
2020-10-05,2020100504002630,RLI,26,22,10,621.00,"6,210.00"
2020-10-05,2020100504002629,RLI,26,21,10,621.00,"6,210.00"
2020-10-05,2020100504002627,RLI,26,51,10,621.00,"6,210.00"
2020-10-05,2020100504002626,RLI,26,22,10,621.00,"6,210.00"
2020-10-05,2020100504002638,RLI,40,47,10,621.00,"6,210.00"
2020-10-05,2020100504002637,RLI,40,36,10,621.00,"6,210.00"
2020-10-05,2020100504002636,RLI,40,43,10,621.00,"6,210.00"
2020-10-05,2020100504002635,RLI,40,39,10,621.00,"6,210.00"
2020-10-05,2020100504002634,RLI,40,51,10,621.00,"6,210.00"
2020-10-05,2020100504002633,RLI,33,22,10,621.00,"6,210.00"
2020-10-05,2020100504002650,RLI,40,51,10,621.00,"6,210.00"
2020-10-05,2020100504002649,RLI,40,36,10,621.00,"6,210.00"
2020-10-05,2020100504002646,RLI,40,16,10,621.00,"6,210.00"
2020-10-05,2020100504002641,RLI,40,50,10,621.00,"6,210.00"
2020-10-05,2020100504002640,RLI,40,16,10,621.00,"6,210.00"
2020-10-05,2020100504002639,RLI,40,59,10,621.00,"6,210.00"
2020-10-05,2020100504002658,RLI,40,39,10,621.00,"6,210.00"
2020-10-05,2020100504002657,RLI,40,56,10,621.00,"6,210.00"
2020-10-05,2020100504002655,RLI,40,59,10,621.00,"6,210.00"
2020-10-05,2020100504002654,RLI,40,38,10,621.00,"6,210.00"
2020-10-05,2020100504002653,RLI,40,38,10,621.00,"6,210.00"
2020-10-05,2020100504002651,RLI,40,40,10,621.00,"6,210.00"
2020-10-05,2020100504002664,RLI,40,38,10,621.00,"6,210.00"
2020-10-05,2020100504002663,RLI,40,40,10,621.00,"6,210.00"
2020-10-05,2020100504002662,RLI,40,34,10,621.00,"6,210.00"
2020-10-05,2020100504002661,RLI,40,38,10,621.00,"6,210.00"
2020-10-05,2020100504002660,RLI,40,8,10,621.00,"6,210.00"
2020-10-05,2020100504002659,RLI,40,40,10,621.00,"6,210.00"
2020-10-05,2020100504002674,RLI,40,39,10,622.00,"6,220.00"
2020-10-05,2020100504002669,RLI,40,33,10,621.00,"6,210.00"
2020-10-05,2020100504002668,RLI,40,51,10,621.00,"6,210.00"
2020-10-05,2020100504002667,RLI,40,34,10,621.00,"6,210.00"
2020-10-05,2020100504002666,RLI,40,51,10,621.00,"6,210.00"
2020-10-05,2020100504002665,RLI,40,16,10,621.00,"6,210.00"
2020-10-05,2020100504002680,RLI,40,56,10,621.00,"6,210.00"
2020-10-05,2020100504002679,RLI,40,38,10,621.00,"6,210.00"
2020-10-05,2020100504002678,RLI,40,38,10,621.00,"6,210.00"
2020-10-05,2020100504002677,RLI,40,33,10,621.00,"6,210.00"
2020-10-05,2020100504002676,RLI,40,11,10,622.00,"6,220.00"
2020-10-05,2020100504002675,RLI,40,41,10,622.00,"6,220.00"
2020-10-05,2020100504002686,RLI,40,38,10,621.00,"6,210.00"
2020-10-05,2020100504002685,RLI,40,38,10,621.00,"6,210.00"
2020-10-05,2020100504002684,RLI,40,33,10,621.00,"6,210.00"
2020-10-05,2020100504002683,RLI,40,56,10,621.00,"6,210.00"
2020-10-05,2020100504002682,RLI,40,51,10,621.00,"6,210.00"
2020-10-05,2020100504002681,RLI,40,43,10,621.00,"6,210.00"
2020-10-05,2020100504002694,RLI,40,38,10,621.00,"6,210.00"
2020-10-05,2020100504002691,RLI,40,45,10,621.00,"6,210.00"
2020-10-05,2020100504002690,RLI,40,51,10,621.00,"6,210.00"
2020-10-05,2020100504002689,RLI,13,51,10,622.00,"6,220.00"
2020-10-05,2020100504002688,RLI,13,41,10,621.00,"6,210.00"
2020-10-05,2020100504002687,RLI,40,39,10,621.00,"6,210.00"
2020-10-05,2020100504002704,RLI,40,38,10,621.00,"6,210.00"
2020-10-05,2020100504002703,RLI,40,10,10,621.00,"6,210.00"
2020-10-05,2020100504002701,RLI,40,42,10,621.00,"6,210.00"
2020-10-05,2020100504002697,RLI,40,22,10,621.00,"6,210.00"
2020-10-05,2020100504002696,RLI,40,51,10,621.00,"6,210.00"
2020-10-05,2020100504002695,RLI,40,10,10,621.00,"6,210.00"
2020-10-05,2020100504002710,RLI,58,39,10,622.00,"6,220.00"
2020-10-05,2020100504002709,RLI,58,36,10,622.00,"6,220.00"
2020-10-05,2020100504002708,RLI,58,41,10,622.00,"6,220.00"
2020-10-05,2020100504002707,RLI,45,42,10,621.00,"6,210.00"
2020-10-05,2020100504002706,RLI,40,51,10,621.00,"6,210.00"
2020-10-05,2020100504002705,RLI,40,38,10,621.00,"6,210.00"
2020-10-05,2020100504002716,RLI,17,38,10,621.00,"6,210.00"
2020-10-05,2020100504002715,RLI,17,51,10,621.00,"6,210.00"
2020-10-05,2020100504002714,RLI,45,42,10,621.00,"6,210.00"
2020-10-05,2020100504002713,RLI,47,35,200,622.00,"124,400.00"
2020-10-05,2020100504002712,RLI,58,35,60,622.00,"37,320.00"
2020-10-05,2020100504002711,RLI,58,38,10,622.00,"6,220.00"
2020-10-05,2020100504002722,RLI,16,42,10,622.00,"6,220.00"
2020-10-05,2020100504002721,RLI,16,51,10,622.00,"6,220.00"
2020-10-05,2020100504002720,RLI,16,42,10,622.00,"6,220.00"
2020-10-05,2020100504002719,RLI,16,38,10,622.00,"6,220.00"
2020-10-05,2020100504002718,RLI,16,38,10,622.00,"6,220.00"
2020-10-05,2020100504002717,RLI,16,35,240,622.00,"149,280.00"
2020-10-05,2020100504002736,RLI,53,41,10,621.00,"6,210.00"
2020-10-05,2020100504002735,RLI,53,42,10,621.00,"6,210.00"
2020-10-05,2020100504002734,RLI,53,38,10,621.00,"6,210.00"
2020-10-05,2020100504002733,RLI,17,38,10,621.00,"6,210.00"
2020-10-05,2020100504002732,RLI,17,51,10,621.00,"6,210.00"
2020-10-05,2020100504002723,RLI,16,34,10,622.00,"6,220.00"
2020-10-05,2020100504002743,RLI,3,38,10,621.00,"6,210.00"
2020-10-05,2020100504002742,RLI,3,38,10,621.00,"6,210.00"
2020-10-05,2020100504002741,RLI,3,51,10,621.00,"6,210.00"
2020-10-05,2020100504002740,RLI,3,51,10,621.00,"6,210.00"
2020-10-05,2020100504002739,RLI,3,36,10,621.00,"6,210.00"
2020-10-05,2020100504002738,RLI,3,36,10,621.00,"6,210.00"
2020-10-05,2020100504002750,RLI,45,38,10,621.00,"6,210.00"
2020-10-05,2020100504002749,RLI,45,10,10,621.00,"6,210.00"
2020-10-05,2020100504002747,RLI,3,22,10,621.00,"6,210.00"
2020-10-05,2020100504002746,RLI,3,28,10,621.00,"6,210.00"
2020-10-05,2020100504002745,RLI,3,38,10,621.00,"6,210.00"
2020-10-05,2020100504002744,RLI,3,51,10,621.00,"6,210.00"
2020-10-05,2020100504002757,RLI,56,38,10,622.00,"6,220.00"
2020-10-05,2020100504002756,RLI,56,21,10,622.00,"6,220.00"
2020-10-05,2020100504002755,RLI,25,57,10,621.00,"6,210.00"
2020-10-05,2020100504002753,RLI,25,51,10,621.00,"6,210.00"
2020-10-05,2020100504002752,RLI,45,45,10,621.00,"6,210.00"
2020-10-05,2020100504002751,RLI,45,38,10,621.00,"6,210.00"
2020-10-05,2020100504002763,RLI,25,38,10,621.00,"6,210.00"
2020-10-05,2020100504002762,RLI,25,48,10,621.00,"6,210.00"
2020-10-05,2020100504002761,RLI,25,38,10,621.00,"6,210.00"
2020-10-05,2020100504002760,RLI,56,57,10,622.00,"6,220.00"
2020-10-05,2020100504002759,RLI,56,33,10,622.00,"6,220.00"
2020-10-05,2020100504002758,RLI,56,33,10,622.00,"6,220.00"
2020-10-05,2020100504002771,RLI,55,38,10,621.00,"6,210.00"
2020-10-05,2020100504002770,RLI,47,49,10,621.00,"6,210.00"
2020-10-05,2020100504002767,RLI,47,38,10,621.00,"6,210.00"
2020-10-05,2020100504002766,RLI,47,17,10,621.00,"6,210.00"
2020-10-05,2020100504002765,RLI,47,34,10,621.00,"6,210.00"
2020-10-05,2020100504002764,RLI,47,49,10,621.00,"6,210.00"
2020-10-05,2020100504002778,RLI,34,11,10,622.00,"6,220.00"
2020-10-05,2020100504002777,RLI,34,45,10,622.00,"6,220.00"
2020-10-05,2020100504002776,RLI,55,29,10,621.00,"6,210.00"
2020-10-05,2020100504002775,RLI,55,38,10,621.00,"6,210.00"
2020-10-05,2020100504002774,RLI,55,10,10,621.00,"6,210.00"
2020-10-05,2020100504002772,RLI,55,45,10,621.00,"6,210.00"
2020-10-05,2020100504002784,RLI,34,32,10,622.00,"6,220.00"
2020-10-05,2020100504002783,RLI,34,38,10,622.00,"6,220.00"
2020-10-05,2020100504002782,RLI,34,56,10,622.00,"6,220.00"
2020-10-05,2020100504002781,RLI,34,32,10,622.00,"6,220.00"
2020-10-05,2020100504002780,RLI,34,38,10,622.00,"6,220.00"
2020-10-05,2020100504002779,RLI,34,49,10,622.00,"6,220.00"
2020-10-05,2020100504002790,RLI,55,29,10,621.00,"6,210.00"
2020-10-05,2020100504002789,RLI,55,32,10,621.00,"6,210.00"
2020-10-05,2020100504002788,RLI,55,32,10,621.00,"6,210.00"
2020-10-05,2020100504002787,RLI,55,38,10,621.00,"6,210.00"
2020-10-05,2020100504002786,RLI,34,47,10,622.00,"6,220.00"
2020-10-05,2020100504002785,RLI,34,41,10,622.00,"6,220.00"
2020-10-05,2020100504002797,RLI,25,6,10,622.00,"6,220.00"
2020-10-05,2020100504002796,RLI,25,8,10,622.00,"6,220.00"
2020-10-05,2020100504002795,RLI,25,49,10,622.00,"6,220.00"
2020-10-05,2020100504002794,RLI,40,22,10,621.00,"6,210.00"
2020-10-05,2020100504002793,RLI,40,49,10,621.00,"6,210.00"
2020-10-05,2020100504002792,RLI,55,32,10,621.00,"6,210.00"
2020-10-05,2020100504002803,RLI,13,40,10,622.00,"6,220.00"
2020-10-05,2020100504002802,RLI,13,29,10,622.00,"6,220.00"
2020-10-05,2020100504002801,RLI,13,47,10,622.00,"6,220.00"
2020-10-05,2020100504002800,RLI,13,3,10,622.00,"6,220.00"
2020-10-05,2020100504002799,RLI,40,49,10,621.00,"6,210.00"
2020-10-05,2020100504002798,RLI,40,47,10,621.00,"6,210.00"
2020-10-05,2020100504002811,RLI,28,6,10,621.00,"6,210.00"
2020-10-05,2020100504002810,RLI,28,38,10,621.00,"6,210.00"
2020-10-05,2020100504002809,RLI,19,38,10,621.00,"6,210.00"
2020-10-05,2020100504002807,RLI,19,29,10,621.00,"6,210.00"
2020-10-05,2020100504002806,RLI,40,59,10,621.00,"6,210.00"
2020-10-05,2020100504002805,RLI,13,10,10,622.00,"6,220.00"
2020-10-05,2020100504002817,RLI,40,26,10,621.00,"6,210.00"
2020-10-05,2020100504002816,RLI,40,29,10,621.00,"6,210.00"
2020-10-05,2020100504002815,RLI,40,29,10,621.00,"6,210.00"
2020-10-05,2020100504002814,RLI,40,38,10,621.00,"6,210.00"
2020-10-05,2020100504002813,RLI,40,38,10,621.00,"6,210.00"
2020-10-05,2020100504002812,RLI,40,47,10,621.00,"6,210.00"
2020-10-05,2020100504002826,RLI,25,29,10,621.00,"6,210.00"
2020-10-05,2020100504002825,RLI,25,49,10,621.00,"6,210.00"
2020-10-05,2020100504002824,RLI,40,29,10,621.00,"6,210.00"
2020-10-05,2020100504002821,RLI,40,44,10,621.00,"6,210.00"
2020-10-05,2020100504002820,RLI,40,38,10,621.00,"6,210.00"
2020-10-05,2020100504002818,RLI,40,44,10,621.00,"6,210.00"
2020-10-05,2020100504002833,RLI,52,29,10,621.00,"6,210.00"
2020-10-05,2020100504002832,RLI,52,37,10,621.00,"6,210.00"
2020-10-05,2020100504002831,RLI,52,38,10,621.00,"6,210.00"
2020-10-05,2020100504002830,RLI,52,47,10,621.00,"6,210.00"
2020-10-05,2020100504002829,RLI,52,22,10,621.00,"6,210.00"
2020-10-05,2020100504002827,RLI,52,38,10,621.00,"6,210.00"
2020-10-05,2020100504002839,RLI,35,21,170,621.00,"105,570.00"
2020-10-05,2020100504002838,RLI,35,21,100,621.00,"62,100.00"
2020-10-05,2020100504002837,RLI,52,44,10,621.00,"6,210.00"
2020-10-05,2020100504002836,RLI,52,46,10,621.00,"6,210.00"
2020-10-05,2020100504002835,RLI,52,42,10,621.00,"6,210.00"
2020-10-05,2020100504002834,RLI,52,10,10,621.00,"6,210.00"
2020-10-05,2020100504002845,RLI,39,51,10,621.00,"6,210.00"
2020-10-05,2020100504002844,RLI,39,38,10,621.00,"6,210.00"
2020-10-05,2020100504002843,RLI,39,47,10,621.00,"6,210.00"
2020-10-05,2020100504002842,RLI,39,47,10,621.00,"6,210.00"
2020-10-05,2020100504002841,RLI,39,21,30,621.00,"18,630.00"
2020-10-05,2020100504002840,RLI,46,21,40,621.00,"24,840.00"
2020-10-05,2020100504002851,RLI,17,49,10,621.00,"6,210.00"
2020-10-05,2020100504002850,RLI,17,47,10,621.00,"6,210.00"
2020-10-05,2020100504002849,RLI,17,38,10,621.00,"6,210.00"
2020-10-05,2020100504002848,RLI,39,52,10,621.00,"6,210.00"
2020-10-05,2020100504002847,RLI,39,58,10,621.00,"6,210.00"
2020-10-05,2020100504002846,RLI,39,44,10,621.00,"6,210.00"
2020-10-05,2020100504002859,RLI,17,10,10,621.00,"6,210.00"
2020-10-05,2020100504002857,RLI,17,38,10,621.00,"6,210.00"
2020-10-05,2020100504002856,RLI,17,49,10,621.00,"6,210.00"
2020-10-05,2020100504002855,RLI,17,49,10,621.00,"6,210.00"
2020-10-05,2020100504002853,RLI,17,47,10,621.00,"6,210.00"
2020-10-05,2020100504002852,RLI,17,38,10,621.00,"6,210.00"
2020-10-05,2020100504002865,RLI,17,28,10,621.00,"6,210.00"
2020-10-05,2020100504002864,RLI,17,38,10,621.00,"6,210.00"
2020-10-05,2020100504002863,RLI,17,10,10,621.00,"6,210.00"
2020-10-05,2020100504002862,RLI,17,39,10,621.00,"6,210.00"
2020-10-05,2020100504002861,RLI,17,38,10,621.00,"6,210.00"
2020-10-05,2020100504002860,RLI,17,35,10,621.00,"6,210.00"
2020-10-05,2020100504002873,RLI,59,47,10,622.00,"6,220.00"
2020-10-05,2020100504002872,RLI,17,38,10,621.00,"6,210.00"
2020-10-05,2020100504002871,RLI,17,47,10,621.00,"6,210.00"
2020-10-05,2020100504002870,RLI,17,14,10,621.00,"6,210.00"
2020-10-05,2020100504002869,RLI,17,38,10,621.00,"6,210.00"
2020-10-05,2020100504002866,RLI,17,26,10,621.00,"6,210.00"
2020-10-05,2020100504002879,RLI,59,41,10,622.00,"6,220.00"
2020-10-05,2020100504002878,RLI,59,42,10,622.00,"6,220.00"
2020-10-05,2020100504002877,RLI,59,42,10,622.00,"6,220.00"
2020-10-05,2020100504002876,RLI,59,42,10,622.00,"6,220.00"
2020-10-05,2020100504002875,RLI,59,45,10,622.00,"6,220.00"
2020-10-05,2020100504002874,RLI,59,42,10,622.00,"6,220.00"
2020-10-05,2020100504002886,RLI,46,45,10,622.00,"6,220.00"
2020-10-05,2020100504002884,RLI,46,47,10,622.00,"6,220.00"
2020-10-05,2020100504002883,RLI,43,32,10,621.00,"6,210.00"
2020-10-05,2020100504002882,RLI,59,38,10,622.00,"6,220.00"
2020-10-05,2020100504002881,RLI,59,5,10,622.00,"6,220.00"
2020-10-05,2020100504002880,RLI,59,42,10,622.00,"6,220.00"
2020-10-05,2020100504002907,RLI,26,47,10,622.00,"6,220.00"
2020-10-05,2020100504002906,RLI,26,22,10,622.00,"6,220.00"
2020-10-05,2020100504002905,RLI,26,8,10,622.00,"6,220.00"
2020-10-05,2020100504002904,RLI,46,47,10,622.00,"6,220.00"
2020-10-05,2020100504002888,RLI,46,11,10,622.00,"6,220.00"
2020-10-05,2020100504002887,RLI,46,47,10,622.00,"6,220.00"
2020-10-05,2020100504002913,RLI,17,47,10,622.00,"6,220.00"
2020-10-05,2020100504002912,RLI,17,47,10,622.00,"6,220.00"
2020-10-05,2020100504002911,RLI,17,45,10,622.00,"6,220.00"
2020-10-05,2020100504002910,RLI,26,25,10,622.00,"6,220.00"
2020-10-05,2020100504002909,RLI,29,34,30,623.00,"18,690.00"
2020-10-05,2020100504002908,RLI,26,49,10,622.00,"6,220.00"
2020-10-05,2020100504002919,RLI,26,58,70,622.00,"43,540.00"
2020-10-05,2020100504002918,RLI,26,45,10,622.00,"6,220.00"
2020-10-05,2020100504002917,RLI,26,45,10,622.00,"6,220.00"
2020-10-05,2020100504002916,RLI,26,42,10,622.00,"6,220.00"
2020-10-05,2020100504002915,RLI,17,4,10,622.00,"6,220.00"
2020-10-05,2020100504002914,RLI,17,49,10,622.00,"6,220.00"
2020-10-05,2020100504002925,RLI,41,58,575,621.00,"357,075.00"
2020-10-05,2020100504002924,RLI,42,58,25,621.00,"15,525.00"
2020-10-05,2020100504002923,RLI,43,58,190,621.00,"117,990.00"
2020-10-05,2020100504002922,RLI,41,58,100,622.00,"62,200.00"
2020-10-05,2020100504002921,RLI,50,58,10,622.00,"6,220.00"
2020-10-05,2020100504002920,RLI,36,58,20,622.00,"12,440.00"
2020-10-05,2020100504002932,RLI,34,58,10,622.00,"6,220.00"
2020-10-05,2020100504002931,RLI,41,45,10,621.00,"6,210.00"
2020-10-05,2020100504002929,RLI,41,58,10,621.00,"6,210.00"
2020-10-05,2020100504002928,RLI,41,47,10,621.00,"6,210.00"
2020-10-05,2020100504002927,RLI,41,58,10,621.00,"6,210.00"
2020-10-05,2020100504002926,RLI,41,45,10,621.00,"6,210.00"
2020-10-05,2020100504002938,RLI,34,47,10,624.00,"6,240.00"
2020-10-05,2020100504002937,RLI,34,34,220,623.00,"137,060.00"
2020-10-05,2020100504002936,RLI,34,45,10,622.00,"6,220.00"
2020-10-05,2020100504002935,RLI,34,45,10,622.00,"6,220.00"
2020-10-05,2020100504002934,RLI,22,34,50,623.00,"31,150.00"
2020-10-05,2020100504002933,RLI,34,38,10,622.00,"6,220.00"
2020-10-05,2020100504002808,SAEF,58,57,"18,200",10.23,"186,186.00"
2020-10-05,2020100504002754,SAEF,11,41,"10,000",10.22,"102,200.00"
2020-10-05,2020100504002673,SAEF,33,7,710,10.20,"7,242.00"
2020-10-05,2020100504002672,SAEF,33,52,"2,000",10.20,"20,400.00"
2020-10-05,2020100504002671,SAEF,33,17,500,10.20,"5,100.00"
2020-10-05,2020100504002670,SAEF,33,17,500,10.20,"5,100.00"
2020-10-05,2020100504002463,SAND2085,14,11,25,"1,020.00","25,500.00"
2020-10-05,2020100504002656,SEF,22,41,200,9.22,"1,844.00"
2020-10-05,2020100504002579,SEF,22,41,200,9.22,"1,844.00"
2020-10-05,2020100504002487,SEF,22,14,"3,000",9.25,"27,750.00"
2020-10-05,2020100504002486,SEF,1,14,"10,000",9.25,"92,500.00"
2020-10-05,2020100504002485,SEF,46,14,"2,000",9.26,"18,520.00"
2020-10-05,2020100504002885,STC,16,57,100,"3,475.00","347,500.00"
2020-10-05,2020100504002737,STC,17,3,50,"3,480.00","174,000.00"
2020-10-05,2020100504002731,STC,26,34,100,"3,485.00","348,500.00"
2020-10-05,2020100504002730,STC,56,34,20,"3,486.00","69,720.00"
2020-10-05,2020100504002483,STC,51,28,20,"3,500.00","70,000.00"
2020-10-05,2020100504002422,CCBLPO,37,48,"11,096",112.00,"1,242,752.00"
2020-10-05,2020100504002227,CMF1,8,48,"10,000",9.60,"96,000.00"
2020-10-05,2020100504002039,CMF1,22,48,"10,000",9.59,"95,900.00"
2020-10-05,2020100504002332,GIMES1,1,19,"1,000",9.22,"9,220.00"
2020-10-05,2020100504002331,GIMES1,1,19,"1,000",9.22,"9,220.00"
2020-10-05,2020100504002330,GIMES1,1,19,"1,000",9.22,"9,220.00"
2020-10-05,2020100504002160,GIMES1,6,28,"5,000",9.25,"46,250.00"
2020-10-05,2020100504002178,LEMF,6,47,"4,000",8.98,"35,920.00"
2020-10-05,2020100504002177,LEMF,1,47,"3,500",8.98,"31,430.00"
2020-10-05,2020100504001967,LEMF,22,58,"2,500",8.81,"22,025.00"
2020-10-05,2020100504002410,LUK,42,53,100,8.91,891.00
2020-10-05,2020100504002118,LUK,7,52,200,8.80,"1,760.00"
2020-10-05,2020100504002099,LUK,57,42,100,8.74,874.00
2020-10-05,2020100504001988,LUK,57,53,200,8.74,"1,748.00"
2020-10-05,2020100504001951,LUK,57,55,100,8.74,874.00
2020-10-05,2020100504002144,NBF2,19,58,200,8.80,"1,760.00"
2020-10-05,2020100504001980,NBF2,22,21,900,8.77,"7,893.00"
2020-10-05,2020100504001979,NBF2,3,21,100,8.80,880.00
2020-10-05,2020100504001959,NBF2,19,28,200,8.82,"1,764.00"
2020-10-05,2020100504001958,NBF2,19,28,600,8.82,"5,292.00"
2020-10-05,2020100504002275,NEF,14,38,"1,000",8.96,"8,960.00"
2020-10-05,2020100504002251,NEF,14,38,"4,000",8.96,"35,840.00"
2020-10-05,2020100504002250,NEF,14,43,"2,000",8.96,"17,920.00"
2020-10-05,2020100504002249,NEF,14,56,"2,000",8.96,"17,920.00"
2020-10-05,2020100504002248,NEF,14,43,"2,000",8.95,"17,900.00"
2020-10-05,2020100504002171,NEF,38,45,"2,414",8.95,"21,605.30"
2020-10-05,2020100504002170,NEF,38,43,461,8.95,"4,125.95"
2020-10-05,2020100504002169,NEF,38,6,"1,127",8.94,"10,075.38"
2020-10-05,2020100504002168,NEF,38,6,"2,253",8.94,"20,141.82"
2020-10-05,2020100504002000,NEF,1,43,190,8.95,"1,700.50"
2020-10-05,2020100504001978,NEF,1,41,"1,690",8.90,"15,041.00"
2020-10-05,2020100504002159,NIBLPF,6,28,"1,000",9.02,"9,020.00"
2020-10-05,2020100504002158,NIBLPF,6,6,"2,525",8.90,"22,472.50"
2020-10-05,2020100504002069,NIBLPF,1,36,"1,515",8.85,"13,407.75"
2020-10-05,2020100504001981,NIBLPF,19,58,"1,263",8.68,"10,962.84"
2020-10-05,2020100504001966,NIBLPF,1,41,"2,500",8.90,"22,250.00"
2020-10-05,2020100504002322,NIBPO,13,44,50,363.00,"18,150.00"
2020-10-05,2020100504002267,NIBPO,13,32,200,363.00,"72,600.00"
2020-10-05,2020100504002220,NIBPO,13,35,200,363.00,"72,600.00"
2020-10-05,2020100504002018,NIBPO,8,22,88,362.00,"31,856.00"
2020-10-05,2020100504001990,NIBSF1,1,57,"4,000",9.91,"39,640.00"
2020-10-05,2020100504002388,NMB50,1,56,"1,000",9.27,"9,270.00"
2020-10-05,2020100504002384,NMB50,1,41,100,9.27,927.00
2020-10-05,2020100504002347,NMBHF1,51,47,"2,000",9.47,"18,940.00"
2020-10-05,2020100504002223,NMBHF1,34,47,100,9.47,947.00
2020-10-05,2020100504002219,NMBHF1,34,47,100,9.47,947.00
2020-10-05,2020100504002050,RBCLPO,59,59,9,"10,500.00","94,500.00"
2020-10-05,2020100504002023,RBCLPO,6,59,21,"10,452.00","219,492.00"
2020-10-05,2020100504001945,RBCLPO,22,59,20,"10,650.00","213,000.00"
2020-10-05,2020100504002444,RLI,53,38,10,623.00,"6,230.00"
2020-10-05,2020100504002443,RLI,53,38,10,623.00,"6,230.00"
2020-10-05,2020100504002442,RLI,53,11,10,623.00,"6,230.00"
2020-10-05,2020100504002441,RLI,53,52,10,623.00,"6,230.00"
2020-10-05,2020100504002440,RLI,53,43,10,623.00,"6,230.00"
2020-10-05,2020100504002439,RLI,53,28,10,623.00,"6,230.00"
2020-10-05,2020100504001950,RLI,44,21,10,624.00,"6,240.00"
2020-10-05,2020100504001949,RLI,44,56,10,624.00,"6,240.00"
2020-10-05,2020100504001948,RLI,44,16,10,624.00,"6,240.00"
2020-10-05,2020100504001947,RLI,44,59,10,624.00,"6,240.00"
2020-10-05,2020100504001946,RLI,44,56,10,624.00,"6,240.00"
2020-10-05,2020100504001957,RLI,40,26,10,625.00,"6,250.00"
2020-10-05,2020100504001956,RLI,40,45,10,625.00,"6,250.00"
2020-10-05,2020100504001955,RLI,40,58,10,625.00,"6,250.00"
2020-10-05,2020100504001954,RLI,22,38,10,624.00,"6,240.00"
2020-10-05,2020100504001953,RLI,22,16,10,624.00,"6,240.00"
2020-10-05,2020100504001952,RLI,44,56,10,624.00,"6,240.00"
2020-10-05,2020100504001965,RLI,40,51,120,625.00,"75,000.00"
2020-10-05,2020100504001964,RLI,40,18,10,625.00,"6,250.00"
2020-10-05,2020100504001963,RLI,40,56,10,625.00,"6,250.00"
2020-10-05,2020100504001962,RLI,40,8,10,625.00,"6,250.00"
2020-10-05,2020100504001961,RLI,40,56,10,625.00,"6,250.00"
2020-10-05,2020100504001960,RLI,40,58,10,625.00,"6,250.00"
2020-10-05,2020100504001975,RLI,22,28,10,624.00,"6,240.00"
2020-10-05,2020100504001973,RLI,49,51,40,625.00,"25,000.00"
2020-10-05,2020100504001972,RLI,22,6,10,624.00,"6,240.00"
2020-10-05,2020100504001970,RLI,22,56,10,624.00,"6,240.00"
2020-10-05,2020100504001969,RLI,22,43,10,624.00,"6,240.00"
2020-10-05,2020100504001968,RLI,22,56,10,624.00,"6,240.00"
2020-10-05,2020100504001985,RLI,11,29,10,624.00,"6,240.00"
2020-10-05,2020100504001984,RLI,11,57,10,624.00,"6,240.00"
2020-10-05,2020100504001983,RLI,11,51,530,624.00,"330,720.00"
2020-10-05,2020100504001982,RLI,22,51,10,624.00,"6,240.00"
2020-10-05,2020100504001977,RLI,22,28,10,624.00,"6,240.00"
2020-10-05,2020100504001976,RLI,22,21,10,624.00,"6,240.00"
2020-10-05,2020100504001993,RLI,11,39,10,624.00,"6,240.00"
2020-10-05,2020100504001992,RLI,11,47,10,624.00,"6,240.00"
2020-10-05,2020100504001991,RLI,11,39,10,624.00,"6,240.00"
2020-10-05,2020100504001989,RLI,11,57,10,624.00,"6,240.00"
2020-10-05,2020100504001987,RLI,11,57,10,624.00,"6,240.00"
2020-10-05,2020100504001986,RLI,11,42,10,624.00,"6,240.00"
2020-10-05,2020100504001999,RLI,11,39,10,624.00,"6,240.00"
2020-10-05,2020100504001998,RLI,11,39,10,624.00,"6,240.00"
2020-10-05,2020100504001997,RLI,11,45,10,624.00,"6,240.00"
2020-10-05,2020100504001996,RLI,11,39,10,624.00,"6,240.00"
2020-10-05,2020100504001995,RLI,11,39,10,624.00,"6,240.00"
2020-10-05,2020100504001994,RLI,11,39,10,624.00,"6,240.00"
2020-10-05,2020100504002006,RLI,11,39,10,624.00,"6,240.00"
2020-10-05,2020100504002005,RLI,11,16,10,624.00,"6,240.00"
2020-10-05,2020100504002004,RLI,11,22,10,624.00,"6,240.00"
2020-10-05,2020100504002003,RLI,11,28,10,624.00,"6,240.00"
2020-10-05,2020100504002002,RLI,11,39,10,624.00,"6,240.00"
2020-10-05,2020100504002001,RLI,11,42,10,624.00,"6,240.00"
2020-10-05,2020100504002012,RLI,11,1,10,624.00,"6,240.00"
2020-10-05,2020100504002011,RLI,58,5,10,625.00,"6,250.00"
2020-10-05,2020100504002010,RLI,58,36,10,625.00,"6,250.00"
2020-10-05,2020100504002009,RLI,58,45,10,625.00,"6,250.00"
2020-10-05,2020100504002008,RLI,58,26,10,625.00,"6,250.00"
2020-10-05,2020100504002007,RLI,11,39,10,624.00,"6,240.00"
2020-10-05,2020100504002019,RLI,11,21,10,624.00,"6,240.00"
2020-10-05,2020100504002017,RLI,11,21,10,624.00,"6,240.00"
2020-10-05,2020100504002016,RLI,11,48,10,624.00,"6,240.00"
2020-10-05,2020100504002015,RLI,11,59,10,624.00,"6,240.00"
2020-10-05,2020100504002014,RLI,11,28,10,624.00,"6,240.00"
2020-10-05,2020100504002013,RLI,11,58,10,624.00,"6,240.00"
2020-10-05,2020100504002026,RLI,11,59,10,624.00,"6,240.00"
2020-10-05,2020100504002025,RLI,11,42,10,624.00,"6,240.00"
2020-10-05,2020100504002024,RLI,11,38,10,624.00,"6,240.00"
2020-10-05,2020100504002022,RLI,11,21,10,624.00,"6,240.00"
2020-10-05,2020100504002021,RLI,11,39,10,624.00,"6,240.00"
2020-10-05,2020100504002020,RLI,11,21,10,624.00,"6,240.00"
2020-10-05,2020100504002032,RLI,11,51,10,624.00,"6,240.00"
2020-10-05,2020100504002031,RLI,11,21,10,624.00,"6,240.00"
2020-10-05,2020100504002030,RLI,11,38,10,624.00,"6,240.00"
2020-10-05,2020100504002029,RLI,11,28,10,624.00,"6,240.00"
2020-10-05,2020100504002028,RLI,11,56,10,624.00,"6,240.00"
2020-10-05,2020100504002027,RLI,11,21,10,624.00,"6,240.00"
2020-10-05,2020100504002038,RLI,11,21,10,624.00,"6,240.00"
2020-10-05,2020100504002037,RLI,11,26,10,624.00,"6,240.00"
2020-10-05,2020100504002036,RLI,11,21,10,624.00,"6,240.00"
2020-10-05,2020100504002035,RLI,11,52,10,624.00,"6,240.00"
2020-10-05,2020100504002034,RLI,11,38,10,624.00,"6,240.00"
2020-10-05,2020100504002033,RLI,11,39,10,624.00,"6,240.00"
2020-10-05,2020100504002045,RLI,45,59,10,624.00,"6,240.00"
2020-10-05,2020100504002044,RLI,51,43,10,625.00,"6,250.00"
2020-10-05,2020100504002043,RLI,51,45,10,625.00,"6,250.00"
2020-10-05,2020100504002042,RLI,45,25,10,624.00,"6,240.00"
2020-10-05,2020100504002041,RLI,45,8,10,624.00,"6,240.00"
2020-10-05,2020100504002040,RLI,11,32,10,624.00,"6,240.00"
2020-10-05,2020100504002052,RLI,45,40,10,624.00,"6,240.00"
2020-10-05,2020100504002051,RLI,45,28,10,624.00,"6,240.00"
2020-10-05,2020100504002049,RLI,45,17,10,624.00,"6,240.00"
2020-10-05,2020100504002048,RLI,45,39,10,624.00,"6,240.00"
2020-10-05,2020100504002047,RLI,45,28,10,624.00,"6,240.00"
2020-10-05,2020100504002046,RLI,45,38,10,624.00,"6,240.00"
2020-10-05,2020100504002060,RLI,45,10,10,624.00,"6,240.00"
2020-10-05,2020100504002059,RLI,45,39,10,624.00,"6,240.00"
2020-10-05,2020100504002058,RLI,45,47,10,624.00,"6,240.00"
2020-10-05,2020100504002057,RLI,45,39,10,624.00,"6,240.00"
2020-10-05,2020100504002054,RLI,45,39,10,624.00,"6,240.00"
2020-10-05,2020100504002053,RLI,45,59,10,624.00,"6,240.00"
2020-10-05,2020100504002066,RLI,45,32,10,624.00,"6,240.00"
2020-10-05,2020100504002065,RLI,45,28,10,624.00,"6,240.00"
2020-10-05,2020100504002064,RLI,45,34,10,624.00,"6,240.00"
2020-10-05,2020100504002063,RLI,45,17,10,624.00,"6,240.00"
2020-10-05,2020100504002062,RLI,45,39,10,624.00,"6,240.00"
2020-10-05,2020100504002061,RLI,45,32,10,624.00,"6,240.00"
2020-10-05,2020100504002073,RLI,45,4,10,624.00,"6,240.00"
2020-10-05,2020100504002072,RLI,45,28,10,624.00,"6,240.00"
2020-10-05,2020100504002071,RLI,45,32,10,624.00,"6,240.00"
2020-10-05,2020100504002070,RLI,45,48,10,624.00,"6,240.00"
2020-10-05,2020100504002068,RLI,45,57,10,624.00,"6,240.00"
2020-10-05,2020100504002067,RLI,45,32,10,624.00,"6,240.00"
2020-10-05,2020100504002079,RLI,49,32,10,624.00,"6,240.00"
2020-10-05,2020100504002078,RLI,49,17,10,624.00,"6,240.00"
2020-10-05,2020100504002077,RLI,49,32,10,624.00,"6,240.00"
2020-10-05,2020100504002076,RLI,45,38,10,624.00,"6,240.00"
2020-10-05,2020100504002075,RLI,45,58,10,624.00,"6,240.00"
2020-10-05,2020100504002074,RLI,45,42,10,624.00,"6,240.00"
2020-10-05,2020100504002086,RLI,49,28,10,624.00,"6,240.00"
2020-10-05,2020100504002085,RLI,49,53,10,624.00,"6,240.00"
2020-10-05,2020100504002084,RLI,49,10,10,624.00,"6,240.00"
2020-10-05,2020100504002083,RLI,49,17,10,624.00,"6,240.00"
2020-10-05,2020100504002081,RLI,49,17,10,624.00,"6,240.00"
2020-10-05,2020100504002080,RLI,49,21,10,624.00,"6,240.00"
2020-10-05,2020100504002093,RLI,49,51,10,624.00,"6,240.00"
2020-10-05,2020100504002092,RLI,49,21,10,624.00,"6,240.00"
2020-10-05,2020100504002091,RLI,49,13,10,624.00,"6,240.00"
2020-10-05,2020100504002090,RLI,49,58,10,624.00,"6,240.00"
2020-10-05,2020100504002089,RLI,49,47,10,624.00,"6,240.00"
2020-10-05,2020100504002087,RLI,49,57,10,624.00,"6,240.00"
2020-10-05,2020100504002100,RLI,34,57,10,624.00,"6,240.00"
2020-10-05,2020100504002098,RLI,49,38,10,624.00,"6,240.00"
2020-10-05,2020100504002097,RLI,49,21,10,624.00,"6,240.00"
2020-10-05,2020100504002096,RLI,49,57,10,624.00,"6,240.00"
2020-10-05,2020100504002095,RLI,49,6,10,624.00,"6,240.00"
2020-10-05,2020100504002094,RLI,49,21,10,624.00,"6,240.00"
2020-10-05,2020100504002106,RLI,22,58,10,624.00,"6,240.00"
2020-10-05,2020100504002105,RLI,22,56,10,624.00,"6,240.00"
2020-10-05,2020100504002104,RLI,22,21,10,624.00,"6,240.00"
2020-10-05,2020100504002103,RLI,34,40,10,624.00,"6,240.00"
2020-10-05,2020100504002102,RLI,34,21,10,624.00,"6,240.00"
2020-10-05,2020100504002101,RLI,34,57,10,624.00,"6,240.00"
2020-10-05,2020100504002112,RLI,22,21,10,624.00,"6,240.00"
2020-10-05,2020100504002111,RLI,22,10,10,624.00,"6,240.00"
2020-10-05,2020100504002110,RLI,22,28,10,624.00,"6,240.00"
2020-10-05,2020100504002109,RLI,22,21,10,624.00,"6,240.00"
2020-10-05,2020100504002108,RLI,22,21,10,624.00,"6,240.00"
2020-10-05,2020100504002107,RLI,22,21,10,624.00,"6,240.00"
2020-10-05,2020100504002119,RLI,51,50,10,624.00,"6,240.00"
2020-10-05,2020100504002117,RLI,51,58,10,624.00,"6,240.00"
2020-10-05,2020100504002116,RLI,17,41,10,624.00,"6,240.00"
2020-10-05,2020100504002115,RLI,17,57,10,624.00,"6,240.00"
2020-10-05,2020100504002114,RLI,17,21,10,624.00,"6,240.00"
2020-10-05,2020100504002113,RLI,22,16,10,624.00,"6,240.00"
2020-10-05,2020100504002125,RLI,47,10,10,624.00,"6,240.00"
2020-10-05,2020100504002124,RLI,47,16,10,624.00,"6,240.00"
2020-10-05,2020100504002123,RLI,57,43,10,625.00,"6,250.00"
2020-10-05,2020100504002122,RLI,51,57,10,624.00,"6,240.00"
2020-10-05,2020100504002121,RLI,51,58,10,624.00,"6,240.00"
2020-10-05,2020100504002120,RLI,51,50,10,624.00,"6,240.00"
2020-10-05,2020100504002131,RLI,34,4,10,625.00,"6,250.00"
2020-10-05,2020100504002130,RLI,34,4,10,625.00,"6,250.00"
2020-10-05,2020100504002129,RLI,47,42,10,624.00,"6,240.00"
2020-10-05,2020100504002128,RLI,47,59,10,624.00,"6,240.00"
2020-10-05,2020100504002127,RLI,47,56,10,624.00,"6,240.00"
2020-10-05,2020100504002126,RLI,47,3,10,624.00,"6,240.00"
2020-10-05,2020100504002137,RLI,34,34,10,625.00,"6,250.00"
2020-10-05,2020100504002136,RLI,34,28,10,625.00,"6,250.00"
2020-10-05,2020100504002135,RLI,34,57,10,625.00,"6,250.00"
2020-10-05,2020100504002134,RLI,34,21,10,625.00,"6,250.00"
2020-10-05,2020100504002133,RLI,34,41,10,625.00,"6,250.00"
2020-10-05,2020100504002132,RLI,34,34,10,625.00,"6,250.00"
2020-10-05,2020100504002143,RLI,47,26,10,624.00,"6,240.00"
2020-10-05,2020100504002142,RLI,47,44,10,624.00,"6,240.00"
2020-10-05,2020100504002141,RLI,47,26,10,624.00,"6,240.00"
2020-10-05,2020100504002140,RLI,47,17,10,624.00,"6,240.00"
2020-10-05,2020100504002139,RLI,34,57,10,625.00,"6,250.00"
2020-10-05,2020100504002138,RLI,34,49,10,625.00,"6,250.00"
2020-10-05,2020100504002150,RLI,43,50,10,624.00,"6,240.00"
2020-10-05,2020100504002149,RLI,43,49,10,624.00,"6,240.00"
2020-10-05,2020100504002148,RLI,43,16,10,624.00,"6,240.00"
2020-10-05,2020100504002147,RLI,43,22,10,624.00,"6,240.00"
2020-10-05,2020100504002146,RLI,43,41,10,624.00,"6,240.00"
2020-10-05,2020100504002145,RLI,43,39,10,624.00,"6,240.00"
2020-10-05,2020100504002156,RLI,51,16,10,623.00,"6,230.00"
2020-10-05,2020100504002155,RLI,51,10,10,623.00,"6,230.00"
2020-10-05,2020100504002154,RLI,43,46,10,624.00,"6,240.00"
2020-10-05,2020100504002153,RLI,43,49,10,624.00,"6,240.00"
2020-10-05,2020100504002152,RLI,43,22,10,624.00,"6,240.00"
2020-10-05,2020100504002151,RLI,43,49,10,624.00,"6,240.00"
2020-10-05,2020100504002165,RLI,51,38,10,623.00,"6,230.00"
2020-10-05,2020100504002164,RLI,51,51,10,623.00,"6,230.00"
2020-10-05,2020100504002163,RLI,51,47,10,623.00,"6,230.00"
2020-10-05,2020100504002162,RLI,51,21,10,623.00,"6,230.00"
2020-10-05,2020100504002161,RLI,51,28,10,623.00,"6,230.00"
2020-10-05,2020100504002157,RLI,51,49,10,623.00,"6,230.00"
2020-10-05,2020100504002175,RLI,51,38,10,623.00,"6,230.00"
2020-10-05,2020100504002174,RLI,51,51,10,623.00,"6,230.00"
2020-10-05,2020100504002173,RLI,51,7,10,623.00,"6,230.00"
2020-10-05,2020100504002172,RLI,51,38,10,623.00,"6,230.00"
2020-10-05,2020100504002167,RLI,51,42,10,623.00,"6,230.00"
2020-10-05,2020100504002166,RLI,51,28,10,623.00,"6,230.00"
2020-10-05,2020100504002183,RLI,6,10,10,623.00,"6,230.00"
2020-10-05,2020100504002182,RLI,6,22,10,623.00,"6,230.00"
2020-10-05,2020100504002181,RLI,1,55,10,623.00,"6,230.00"
2020-10-05,2020100504002180,RLI,1,36,10,623.00,"6,230.00"
2020-10-05,2020100504002179,RLI,1,10,10,623.00,"6,230.00"
2020-10-05,2020100504002176,RLI,51,26,10,623.00,"6,230.00"
2020-10-05,2020100504002190,RLI,6,10,10,623.00,"6,230.00"
2020-10-05,2020100504002188,RLI,6,22,10,623.00,"6,230.00"
2020-10-05,2020100504002187,RLI,6,42,10,623.00,"6,230.00"
2020-10-05,2020100504002186,RLI,6,52,10,623.00,"6,230.00"
2020-10-05,2020100504002185,RLI,6,21,10,623.00,"6,230.00"
2020-10-05,2020100504002184,RLI,6,22,10,623.00,"6,230.00"
2020-10-05,2020100504002196,RLI,6,10,10,623.00,"6,230.00"
2020-10-05,2020100504002195,RLI,6,53,10,623.00,"6,230.00"
2020-10-05,2020100504002194,RLI,6,41,10,623.00,"6,230.00"
2020-10-05,2020100504002193,RLI,6,42,10,623.00,"6,230.00"
2020-10-05,2020100504002192,RLI,6,32,10,623.00,"6,230.00"
2020-10-05,2020100504002191,RLI,6,26,10,623.00,"6,230.00"
2020-10-05,2020100504002202,RLI,38,42,10,624.00,"6,240.00"
2020-10-05,2020100504002201,RLI,38,42,10,624.00,"6,240.00"
2020-10-05,2020100504002200,RLI,6,28,10,623.00,"6,230.00"
2020-10-05,2020100504002199,RLI,6,22,10,623.00,"6,230.00"
2020-10-05,2020100504002198,RLI,6,51,10,623.00,"6,230.00"
2020-10-05,2020100504002197,RLI,6,26,10,623.00,"6,230.00"
2020-10-05,2020100504002208,RLI,44,49,10,624.00,"6,240.00"
2020-10-05,2020100504002207,RLI,6,49,10,623.00,"6,230.00"
2020-10-05,2020100504002206,RLI,6,48,10,623.00,"6,230.00"
2020-10-05,2020100504002205,RLI,6,14,10,623.00,"6,230.00"
2020-10-05,2020100504002204,RLI,38,14,10,624.00,"6,240.00"
2020-10-05,2020100504002203,RLI,38,51,10,624.00,"6,240.00"
2020-10-05,2020100504002214,RLI,6,18,10,623.00,"6,230.00"
2020-10-05,2020100504002213,RLI,6,10,10,623.00,"6,230.00"
2020-10-05,2020100504002212,RLI,6,51,10,623.00,"6,230.00"
2020-10-05,2020100504002211,RLI,6,36,10,623.00,"6,230.00"
2020-10-05,2020100504002210,RLI,44,21,10,624.00,"6,240.00"
2020-10-05,2020100504002209,RLI,44,51,10,624.00,"6,240.00"
2020-10-05,2020100504002222,RLI,13,28,10,624.00,"6,240.00"
2020-10-05,2020100504002221,RLI,13,44,10,624.00,"6,240.00"
2020-10-05,2020100504002218,RLI,6,45,10,623.00,"6,230.00"
2020-10-05,2020100504002217,RLI,6,22,10,623.00,"6,230.00"
2020-10-05,2020100504002216,RLI,6,51,10,623.00,"6,230.00"
2020-10-05,2020100504002215,RLI,6,40,10,623.00,"6,230.00"
2020-10-05,2020100504002230,RLI,6,39,10,623.00,"6,230.00"
2020-10-05,2020100504002229,RLI,32,32,10,624.00,"6,240.00"
2020-10-05,2020100504002228,RLI,6,51,10,623.00,"6,230.00"
2020-10-05,2020100504002226,RLI,6,8,10,623.00,"6,230.00"
2020-10-05,2020100504002225,RLI,13,21,10,624.00,"6,240.00"
2020-10-05,2020100504002224,RLI,13,19,10,624.00,"6,240.00"
2020-10-05,2020100504002236,RLI,6,39,10,623.00,"6,230.00"
2020-10-05,2020100504002235,RLI,6,26,10,623.00,"6,230.00"
2020-10-05,2020100504002234,RLI,6,1,10,623.00,"6,230.00"
2020-10-05,2020100504002233,RLI,6,19,10,623.00,"6,230.00"
2020-10-05,2020100504002232,RLI,6,18,10,623.00,"6,230.00"
2020-10-05,2020100504002231,RLI,6,19,10,623.00,"6,230.00"
2020-10-05,2020100504002242,RLI,14,42,10,623.00,"6,230.00"
2020-10-05,2020100504002241,RLI,14,19,10,623.00,"6,230.00"
2020-10-05,2020100504002240,RLI,14,1,10,623.00,"6,230.00"
2020-10-05,2020100504002239,RLI,6,28,10,623.00,"6,230.00"
2020-10-05,2020100504002238,RLI,6,51,10,623.00,"6,230.00"
2020-10-05,2020100504002237,RLI,38,13,10,624.00,"6,240.00"
2020-10-05,2020100504002252,RLI,47,22,10,624.00,"6,240.00"
2020-10-05,2020100504002247,RLI,47,52,10,624.00,"6,240.00"
2020-10-05,2020100504002246,RLI,47,19,10,624.00,"6,240.00"
2020-10-05,2020100504002245,RLI,14,38,10,623.00,"6,230.00"
2020-10-05,2020100504002244,RLI,14,52,10,623.00,"6,230.00"
2020-10-05,2020100504002243,RLI,14,6,10,623.00,"6,230.00"
2020-10-05,2020100504002258,RLI,47,6,10,624.00,"6,240.00"
2020-10-05,2020100504002257,RLI,47,6,10,624.00,"6,240.00"
2020-10-05,2020100504002256,RLI,47,26,10,624.00,"6,240.00"
2020-10-05,2020100504002255,RLI,47,14,10,624.00,"6,240.00"
2020-10-05,2020100504002254,RLI,47,19,10,624.00,"6,240.00"
2020-10-05,2020100504002253,RLI,47,42,10,624.00,"6,240.00"
2020-10-05,2020100504002264,RLI,47,19,10,624.00,"6,240.00"
2020-10-05,2020100504002263,RLI,47,52,10,624.00,"6,240.00"
2020-10-05,2020100504002262,RLI,47,6,10,624.00,"6,240.00"
2020-10-05,2020100504002261,RLI,47,14,10,624.00,"6,240.00"
2020-10-05,2020100504002260,RLI,20,52,10,625.00,"6,250.00"
2020-10-05,2020100504002259,RLI,47,52,10,624.00,"6,240.00"
2020-10-05,2020100504002271,RLI,20,58,10,624.00,"6,240.00"
2020-10-05,2020100504002270,RLI,47,58,20,624.00,"12,480.00"
2020-10-05,2020100504002269,RLI,47,46,10,624.00,"6,240.00"
2020-10-05,2020100504002268,RLI,47,28,10,624.00,"6,240.00"
2020-10-05,2020100504002266,RLI,47,39,10,624.00,"6,240.00"
2020-10-05,2020100504002265,RLI,47,10,10,624.00,"6,240.00"
2020-10-05,2020100504002278,RLI,34,40,10,625.00,"6,250.00"
2020-10-05,2020100504002277,RLI,17,41,10,624.00,"6,240.00"
2020-10-05,2020100504002276,RLI,17,28,10,624.00,"6,240.00"
2020-10-05,2020100504002274,RLI,17,26,10,624.00,"6,240.00"
2020-10-05,2020100504002273,RLI,17,58,50,624.00,"31,200.00"
2020-10-05,2020100504002272,RLI,45,58,50,624.00,"31,200.00"
2020-10-05,2020100504002284,RLI,17,11,10,624.00,"6,240.00"
2020-10-05,2020100504002283,RLI,17,19,10,624.00,"6,240.00"
2020-10-05,2020100504002282,RLI,34,4,10,625.00,"6,250.00"
2020-10-05,2020100504002281,RLI,34,57,10,625.00,"6,250.00"
2020-10-05,2020100504002280,RLI,34,19,10,625.00,"6,250.00"
2020-10-05,2020100504002279,RLI,34,4,10,625.00,"6,250.00"
2020-10-05,2020100504002290,RLI,32,4,10,625.00,"6,250.00"
2020-10-05,2020100504002289,RLI,17,11,10,624.00,"6,240.00"
2020-10-05,2020100504002288,RLI,17,22,10,624.00,"6,240.00"
2020-10-05,2020100504002287,RLI,17,56,10,624.00,"6,240.00"
2020-10-05,2020100504002286,RLI,17,16,10,624.00,"6,240.00"
2020-10-05,2020100504002285,RLI,17,45,10,624.00,"6,240.00"
2020-10-05,2020100504002296,RLI,32,4,10,625.00,"6,250.00"
2020-10-05,2020100504002295,RLI,32,58,10,625.00,"6,250.00"
2020-10-05,2020100504002294,RLI,32,4,10,625.00,"6,250.00"
2020-10-05,2020100504002293,RLI,32,7,10,625.00,"6,250.00"
2020-10-05,2020100504002292,RLI,32,4,10,625.00,"6,250.00"
2020-10-05,2020100504002291,RLI,32,4,10,625.00,"6,250.00"
2020-10-05,2020100504002302,RLI,32,4,10,625.00,"6,250.00"
2020-10-05,2020100504002301,RLI,32,4,10,625.00,"6,250.00"
2020-10-05,2020100504002300,RLI,32,4,10,625.00,"6,250.00"
2020-10-05,2020100504002299,RLI,32,4,10,625.00,"6,250.00"
2020-10-05,2020100504002298,RLI,32,4,10,625.00,"6,250.00"
2020-10-05,2020100504002297,RLI,32,4,10,625.00,"6,250.00"
2020-10-05,2020100504002308,RLI,32,57,10,625.00,"6,250.00"
2020-10-05,2020100504002307,RLI,32,4,10,625.00,"6,250.00"
2020-10-05,2020100504002306,RLI,32,22,10,625.00,"6,250.00"
2020-10-05,2020100504002305,RLI,32,4,10,625.00,"6,250.00"
2020-10-05,2020100504002304,RLI,32,4,10,625.00,"6,250.00"
2020-10-05,2020100504002303,RLI,32,4,10,625.00,"6,250.00"
2020-10-05,2020100504002314,RLI,32,45,10,625.00,"6,250.00"
2020-10-05,2020100504002313,RLI,32,45,10,625.00,"6,250.00"
2020-10-05,2020100504002312,RLI,32,56,10,625.00,"6,250.00"
2020-10-05,2020100504002311,RLI,32,52,10,625.00,"6,250.00"
2020-10-05,2020100504002310,RLI,32,34,10,625.00,"6,250.00"
2020-10-05,2020100504002309,RLI,32,58,10,625.00,"6,250.00"
2020-10-05,2020100504002320,RLI,17,36,10,624.00,"6,240.00"
2020-10-05,2020100504002319,RLI,17,55,10,624.00,"6,240.00"
2020-10-05,2020100504002318,RLI,17,10,10,624.00,"6,240.00"
2020-10-05,2020100504002317,RLI,17,22,10,624.00,"6,240.00"
2020-10-05,2020100504002316,RLI,32,8,10,625.00,"6,250.00"
2020-10-05,2020100504002315,RLI,32,39,10,625.00,"6,250.00"
2020-10-05,2020100504002327,RLI,17,56,10,624.00,"6,240.00"
2020-10-05,2020100504002326,RLI,17,36,10,624.00,"6,240.00"
2020-10-05,2020100504002325,RLI,17,36,10,624.00,"6,240.00"
2020-10-05,2020100504002324,RLI,17,22,10,624.00,"6,240.00"
2020-10-05,2020100504002323,RLI,17,42,10,624.00,"6,240.00"
2020-10-05,2020100504002321,RLI,17,20,10,624.00,"6,240.00"
2020-10-05,2020100504002336,RLI,14,50,10,623.00,"6,230.00"
2020-10-05,2020100504002335,RLI,14,26,10,623.00,"6,230.00"
2020-10-05,2020100504002334,RLI,14,36,10,623.00,"6,230.00"
2020-10-05,2020100504002333,RLI,14,45,10,623.00,"6,230.00"
2020-10-05,2020100504002329,RLI,14,47,10,623.00,"6,230.00"
2020-10-05,2020100504002328,RLI,14,28,10,623.00,"6,230.00"
2020-10-05,2020100504002342,RLI,36,22,10,623.00,"6,230.00"
2020-10-05,2020100504002341,RLI,36,16,10,623.00,"6,230.00"
2020-10-05,2020100504002340,RLI,36,48,10,623.00,"6,230.00"
2020-10-05,2020100504002339,RLI,36,55,10,623.00,"6,230.00"
2020-10-05,2020100504002338,RLI,14,57,10,623.00,"6,230.00"
2020-10-05,2020100504002337,RLI,14,49,10,623.00,"6,230.00"
2020-10-05,2020100504002349,RLI,36,44,10,623.00,"6,230.00"
2020-10-05,2020100504002348,RLI,36,49,10,623.00,"6,230.00"
2020-10-05,2020100504002346,RLI,36,44,10,623.00,"6,230.00"
2020-10-05,2020100504002345,RLI,36,48,10,623.00,"6,230.00"
2020-10-05,2020100504002344,RLI,36,57,10,623.00,"6,230.00"
2020-10-05,2020100504002343,RLI,36,49,10,623.00,"6,230.00"
2020-10-05,2020100504002355,RLI,17,59,10,623.00,"6,230.00"
2020-10-05,2020100504002354,RLI,17,43,10,623.00,"6,230.00"
2020-10-05,2020100504002353,RLI,17,59,10,623.00,"6,230.00"
2020-10-05,2020100504002352,RLI,17,53,10,623.00,"6,230.00"
2020-10-05,2020100504002351,RLI,17,29,10,623.00,"6,230.00"
2020-10-05,2020100504002350,RLI,36,43,10,623.00,"6,230.00"
2020-10-05,2020100504002361,RLI,45,49,10,623.00,"6,230.00"
2020-10-05,2020100504002360,RLI,58,51,10,625.00,"6,250.00"
2020-10-05,2020100504002359,RLI,58,56,10,625.00,"6,250.00"
2020-10-05,2020100504002358,RLI,58,36,10,625.00,"6,250.00"
2020-10-05,2020100504002357,RLI,58,10,10,624.00,"6,240.00"
2020-10-05,2020100504002356,RLI,58,56,10,624.00,"6,240.00"
2020-10-05,2020100504002367,RLI,38,16,10,623.00,"6,230.00"
2020-10-05,2020100504002366,RLI,45,29,10,623.00,"6,230.00"
2020-10-05,2020100504002365,RLI,45,38,10,623.00,"6,230.00"
2020-10-05,2020100504002364,RLI,44,21,10,624.00,"6,240.00"
2020-10-05,2020100504002363,RLI,45,59,10,623.00,"6,230.00"
2020-10-05,2020100504002362,RLI,45,59,10,623.00,"6,230.00"
2020-10-05,2020100504002373,RLI,50,49,10,623.00,"6,230.00"
2020-10-05,2020100504002372,RLI,50,29,10,623.00,"6,230.00"
2020-10-05,2020100504002371,RLI,38,16,10,623.00,"6,230.00"
2020-10-05,2020100504002370,RLI,38,49,10,623.00,"6,230.00"
2020-10-05,2020100504002369,RLI,38,59,10,623.00,"6,230.00"
2020-10-05,2020100504002368,RLI,38,39,10,623.00,"6,230.00"
2020-10-05,2020100504002379,RLI,26,52,10,623.00,"6,230.00"
2020-10-05,2020100504002378,RLI,14,5,10,623.00,"6,230.00"
2020-10-05,2020100504002377,RLI,14,52,10,623.00,"6,230.00"
2020-10-05,2020100504002376,RLI,50,29,10,623.00,"6,230.00"
2020-10-05,2020100504002375,RLI,50,49,10,623.00,"6,230.00"
2020-10-05,2020100504002374,RLI,50,52,10,623.00,"6,230.00"
2020-10-05,2020100504002387,RLI,26,52,10,623.00,"6,230.00"
2020-10-05,2020100504002386,RLI,26,38,10,623.00,"6,230.00"
2020-10-05,2020100504002385,RLI,26,52,10,623.00,"6,230.00"
2020-10-05,2020100504002382,RLI,26,52,10,623.00,"6,230.00"
2020-10-05,2020100504002381,RLI,26,44,10,623.00,"6,230.00"
2020-10-05,2020100504002380,RLI,26,49,10,623.00,"6,230.00"
2020-10-05,2020100504002394,RLI,55,36,10,624.00,"6,240.00"
2020-10-05,2020100504002393,RLI,26,52,10,623.00,"6,230.00"
2020-10-05,2020100504002392,RLI,26,38,10,623.00,"6,230.00"
2020-10-05,2020100504002391,RLI,26,52,10,623.00,"6,230.00"
2020-10-05,2020100504002390,RLI,26,38,10,623.00,"6,230.00"
2020-10-05,2020100504002389,RLI,26,43,10,623.00,"6,230.00"
2020-10-05,2020100504002400,RLI,26,48,10,623.00,"6,230.00"
2020-10-05,2020100504002399,RLI,26,38,10,623.00,"6,230.00"
2020-10-05,2020100504002398,RLI,26,52,10,623.00,"6,230.00"
2020-10-05,2020100504002397,RLI,26,38,10,623.00,"6,230.00"
2020-10-05,2020100504002396,RLI,26,48,10,623.00,"6,230.00"
2020-10-05,2020100504002395,RLI,55,19,10,624.00,"6,240.00"
2020-10-05,2020100504002406,RLI,26,43,10,623.00,"6,230.00"
2020-10-05,2020100504002405,RLI,26,52,10,623.00,"6,230.00"
2020-10-05,2020100504002404,RLI,26,38,10,623.00,"6,230.00"
2020-10-05,2020100504002403,RLI,26,50,10,623.00,"6,230.00"
2020-10-05,2020100504002402,RLI,26,52,10,623.00,"6,230.00"
2020-10-05,2020100504002401,RLI,26,38,10,623.00,"6,230.00"
2020-10-05,2020100504002413,RLI,21,54,10,625.00,"6,250.00"
2020-10-05,2020100504002412,RLI,21,48,10,625.00,"6,250.00"
2020-10-05,2020100504002411,RLI,21,54,10,625.00,"6,250.00"
2020-10-05,2020100504002409,RLI,1,58,10,624.00,"6,240.00"
2020-10-05,2020100504002408,RLI,26,52,10,623.00,"6,230.00"
2020-10-05,2020100504002407,RLI,26,40,10,623.00,"6,230.00"
2020-10-05,2020100504002419,RLI,26,33,10,623.00,"6,230.00"
2020-10-05,2020100504002418,RLI,26,38,10,623.00,"6,230.00"
2020-10-05,2020100504002417,RLI,26,52,10,623.00,"6,230.00"
2020-10-05,2020100504002416,RLI,26,38,10,623.00,"6,230.00"
2020-10-05,2020100504002415,RLI,1,52,10,624.00,"6,240.00"
2020-10-05,2020100504002414,RLI,21,8,10,625.00,"6,250.00"
2020-10-05,2020100504002426,RLI,26,29,100,623.00,"62,300.00"
2020-10-05,2020100504002425,RLI,26,29,180,623.00,"112,140.00"
2020-10-05,2020100504002424,RLI,35,29,290,623.00,"180,670.00"
2020-10-05,2020100504002423,RLI,26,52,10,623.00,"6,230.00"
2020-10-05,2020100504002421,RLI,26,38,10,623.00,"6,230.00"
2020-10-05,2020100504002420,RLI,26,29,10,623.00,"6,230.00"
2020-10-05,2020100504002432,RLI,45,29,100,623.00,"62,300.00"
2020-10-05,2020100504002431,RLI,36,29,50,623.00,"31,150.00"
2020-10-05,2020100504002430,RLI,42,29,100,623.00,"62,300.00"
2020-10-05,2020100504002429,RLI,22,29,50,623.00,"31,150.00"
2020-10-05,2020100504002428,RLI,50,29,800,623.00,"498,400.00"
2020-10-05,2020100504002427,RLI,26,29,100,623.00,"62,300.00"
2020-10-05,2020100504002438,RLI,53,38,10,623.00,"6,230.00"
2020-10-05,2020100504002437,RLI,53,38,10,623.00,"6,230.00"
2020-10-05,2020100504002436,RLI,35,59,10,623.00,"6,230.00"
2020-10-05,2020100504002435,RLI,35,38,10,623.00,"6,230.00"
2020-10-05,2020100504002434,RLI,35,29,30,623.00,"18,690.00"
2020-10-05,2020100504002433,RLI,43,29,200,623.00,"124,600.00"
2020-10-05,2020100504002189,SAEF,49,45,500,10.14,"5,070.00"
2020-10-05,2020100504001971,SAEF,22,58,"2,500",10.15,"25,375.00"
2020-10-05,2020100504002383,SBIBD86,53,39,50,"1,019.00","50,950.00"
2020-10-05,2020100504002088,SEF,22,6,"1,000",9.25,"9,250.00"
2020-10-05,2020100504002082,SEF,22,6,"1,500",9.25,"13,875.00"
2020-10-05,2020100504002056,SEF,22,22,"1,000",9.25,"9,250.00"
2020-10-05,2020100504002055,SEF,22,6,500,9.25,"4,625.00"
2020-10-05,2020100504001974,SEF,22,58,"2,500",9.24,"23,100.00"
2020-10-05,2020100504001779,BBC,37,26,10,"1,628.00","16,280.00"
2020-10-05,2020100504001778,BBC,37,18,10,"1,628.00","16,280.00"
2020-10-05,2020100504001815,LEMF,50,7,"7,600",9.01,"68,476.00"
2020-10-05,2020100504001814,LEMF,50,59,200,9.01,"1,802.00"
2020-10-05,2020100504001809,LEMF,50,29,100,9.00,900.00
2020-10-05,2020100504001799,LEMF,50,6,100,8.84,884.00
2020-10-05,2020100504001874,LUK,7,45,100,8.75,875.00
2020-10-05,2020100504001873,LUK,7,34,100,8.75,875.00
2020-10-05,2020100504001917,NBF2,39,28,"49,000",8.82,"432,180.00"
2020-10-05,2020100504001909,NBF2,22,28,"1,000",8.82,"8,820.00"
2020-10-05,2020100504001773,NBF2,50,41,100,9.00,900.00
2020-10-05,2020100504001772,NBF2,50,17,500,9.00,"4,500.00"
2020-10-05,2020100504001771,NBF2,50,45,"1,000",9.00,"9,000.00"
2020-10-05,2020100504001651,NEF,50,41,"1,690",8.90,"15,041.00"
2020-10-05,2020100504001647,NEF,1,41,"1,207",8.85,"10,681.95"
2020-10-05,2020100504001646,NEF,1,41,"1,207",8.85,"10,681.95"
2020-10-05,2020100504001645,NEF,1,41,"1,207",8.85,"10,681.95"
2020-10-05,2020100504001908,NIBLPF,51,41,"2,525",8.89,"22,447.25"
2020-10-05,2020100504001689,NIBPO,14,17,325,363.00,"117,975.00"
2020-10-05,2020100504001615,NIBPO,51,17,500,363.00,"181,500.00"
2020-10-05,2020100504001592,NIBPO,40,17,175,363.00,"63,525.00"
2020-10-05,2020100504001452,NIBPO,4,4,8,356.00,"2,848.00"
2020-10-05,2020100504001463,NIBSF1,50,8,"6,100",9.90,"60,390.00"
2020-10-05,2020100504001462,NIBSF1,50,50,"20,000",9.89,"197,800.00"
2020-10-05,2020100504001461,NIBSF1,50,17,"5,000",9.88,"49,400.00"
2020-10-05,2020100504001460,NIBSF1,50,7,"5,000",9.87,"49,350.00"
2020-10-05,2020100504001459,NIBSF1,50,37,"15,565",9.87,"153,626.55"
2020-10-05,2020100504001458,NIBSF1,50,7,"5,000",9.84,"49,200.00"
2020-10-05,2020100504001811,NICBF,22,1,100,8.95,895.00
2020-10-05,2020100504001791,NMB50,50,25,500,9.20,"4,600.00"
2020-10-05,2020100504001936,RBCLPO,22,59,20,"10,650.00","213,000.00"
2020-10-05,2020100504001808,RBCLPO,33,59,45,"10,650.00","479,250.00"
2020-10-05,2020100504001807,RBCLPO,33,45,11,"10,650.00","117,150.00"
2020-10-05,2020100504001806,RBCLPO,33,59,20,"10,649.00","212,980.00"
2020-10-05,2020100504001805,RBCLPO,33,49,100,"10,649.00","1,064,900.00"
2020-10-05,2020100504001944,RLI,44,21,10,624.00,"6,240.00"
2020-10-05,2020100504001943,RLI,44,56,10,624.00,"6,240.00"
2020-10-05,2020100504001942,RLI,44,28,10,624.00,"6,240.00"
2020-10-05,2020100504001941,RLI,44,55,10,624.00,"6,240.00"
2020-10-05,2020100504001940,RLI,44,59,10,624.00,"6,240.00"
2020-10-05,2020100504001939,RLI,44,28,10,624.00,"6,240.00"
2020-10-05,2020100504001449,RLI,38,10,10,628.00,"6,280.00"
2020-10-05,2020100504001448,RLI,38,35,10,628.00,"6,280.00"
2020-10-05,2020100504001447,RLI,38,36,10,628.00,"6,280.00"
2020-10-05,2020100504001446,RLI,38,49,10,628.00,"6,280.00"
2020-10-05,2020100504001445,RLI,38,58,10,628.00,"6,280.00"
2020-10-05,2020100504001456,RLI,38,4,10,628.00,"6,280.00"
2020-10-05,2020100504001455,RLI,38,58,10,628.00,"6,280.00"
2020-10-05,2020100504001454,RLI,38,39,10,628.00,"6,280.00"
2020-10-05,2020100504001453,RLI,38,39,10,628.00,"6,280.00"
2020-10-05,2020100504001451,RLI,38,3,10,628.00,"6,280.00"
2020-10-05,2020100504001450,RLI,38,20,10,628.00,"6,280.00"
2020-10-05,2020100504001468,RLI,38,48,10,628.00,"6,280.00"
2020-10-05,2020100504001467,RLI,38,58,10,628.00,"6,280.00"
2020-10-05,2020100504001466,RLI,38,4,10,628.00,"6,280.00"
2020-10-05,2020100504001465,RLI,38,49,10,628.00,"6,280.00"
2020-10-05,2020100504001464,RLI,38,39,10,628.00,"6,280.00"
2020-10-05,2020100504001457,RLI,38,56,10,628.00,"6,280.00"
2020-10-05,2020100504001474,RLI,35,29,10,629.00,"6,290.00"
2020-10-05,2020100504001473,RLI,35,46,10,629.00,"6,290.00"
2020-10-05,2020100504001472,RLI,35,57,10,629.00,"6,290.00"
2020-10-05,2020100504001471,RLI,38,4,10,628.00,"6,280.00"
2020-10-05,2020100504001470,RLI,38,58,10,628.00,"6,280.00"
2020-10-05,2020100504001469,RLI,38,39,10,628.00,"6,280.00"
2020-10-05,2020100504001480,RLI,34,14,10,629.00,"6,290.00"
2020-10-05,2020100504001479,RLI,34,58,10,629.00,"6,290.00"
2020-10-05,2020100504001478,RLI,34,42,10,629.00,"6,290.00"
2020-10-05,2020100504001477,RLI,38,20,10,628.00,"6,280.00"
2020-10-05,2020100504001476,RLI,35,21,10,629.00,"6,290.00"
2020-10-05,2020100504001475,RLI,35,53,10,629.00,"6,290.00"
2020-10-05,2020100504001486,RLI,34,53,10,630.00,"6,300.00"
2020-10-05,2020100504001485,RLI,34,35,10,630.00,"6,300.00"
2020-10-05,2020100504001484,RLI,34,53,10,630.00,"6,300.00"
2020-10-05,2020100504001483,RLI,34,53,10,630.00,"6,300.00"
2020-10-05,2020100504001482,RLI,34,53,10,630.00,"6,300.00"
2020-10-05,2020100504001481,RLI,34,44,10,629.00,"6,290.00"
2020-10-05,2020100504001492,RLI,34,41,10,630.00,"6,300.00"
2020-10-05,2020100504001491,RLI,34,50,10,630.00,"6,300.00"
2020-10-05,2020100504001490,RLI,34,35,10,630.00,"6,300.00"
2020-10-05,2020100504001489,RLI,34,39,10,630.00,"6,300.00"
2020-10-05,2020100504001488,RLI,34,53,10,630.00,"6,300.00"
2020-10-05,2020100504001487,RLI,34,4,10,630.00,"6,300.00"
2020-10-05,2020100504001498,RLI,34,22,10,630.00,"6,300.00"
2020-10-05,2020100504001497,RLI,34,7,10,630.00,"6,300.00"
2020-10-05,2020100504001496,RLI,34,51,10,630.00,"6,300.00"
2020-10-05,2020100504001495,RLI,34,16,10,630.00,"6,300.00"
2020-10-05,2020100504001494,RLI,34,1,10,630.00,"6,300.00"
2020-10-05,2020100504001493,RLI,34,42,10,630.00,"6,300.00"
2020-10-05,2020100504001504,RLI,34,48,10,630.00,"6,300.00"
2020-10-05,2020100504001503,RLI,34,11,10,630.00,"6,300.00"
2020-10-05,2020100504001502,RLI,34,48,10,630.00,"6,300.00"
2020-10-05,2020100504001501,RLI,34,57,10,630.00,"6,300.00"
2020-10-05,2020100504001500,RLI,34,7,10,630.00,"6,300.00"
2020-10-05,2020100504001499,RLI,34,48,10,630.00,"6,300.00"
2020-10-05,2020100504001510,RLI,34,16,10,630.00,"6,300.00"
2020-10-05,2020100504001509,RLI,34,58,10,630.00,"6,300.00"
2020-10-05,2020100504001508,RLI,34,45,10,630.00,"6,300.00"
2020-10-05,2020100504001507,RLI,34,58,10,630.00,"6,300.00"
2020-10-05,2020100504001506,RLI,34,55,10,630.00,"6,300.00"
2020-10-05,2020100504001505,RLI,34,16,10,630.00,"6,300.00"
2020-10-05,2020100504001516,RLI,34,40,10,630.00,"6,300.00"
2020-10-05,2020100504001515,RLI,34,4,10,630.00,"6,300.00"
2020-10-05,2020100504001514,RLI,34,4,10,630.00,"6,300.00"
2020-10-05,2020100504001513,RLI,34,57,10,630.00,"6,300.00"
2020-10-05,2020100504001512,RLI,34,58,10,630.00,"6,300.00"
2020-10-05,2020100504001511,RLI,34,38,10,630.00,"6,300.00"
2020-10-05,2020100504001522,RLI,34,43,10,630.00,"6,300.00"
2020-10-05,2020100504001521,RLI,34,4,10,630.00,"6,300.00"
2020-10-05,2020100504001520,RLI,34,4,10,630.00,"6,300.00"
2020-10-05,2020100504001519,RLI,34,4,10,630.00,"6,300.00"
2020-10-05,2020100504001518,RLI,34,36,10,630.00,"6,300.00"
2020-10-05,2020100504001517,RLI,34,45,10,630.00,"6,300.00"
2020-10-05,2020100504001528,RLI,34,16,10,630.00,"6,300.00"
2020-10-05,2020100504001527,RLI,34,57,10,630.00,"6,300.00"
2020-10-05,2020100504001526,RLI,34,41,10,630.00,"6,300.00"
2020-10-05,2020100504001525,RLI,34,16,10,630.00,"6,300.00"
2020-10-05,2020100504001524,RLI,34,47,10,630.00,"6,300.00"
2020-10-05,2020100504001523,RLI,34,1,10,630.00,"6,300.00"
2020-10-05,2020100504001534,RLI,34,42,10,630.00,"6,300.00"
2020-10-05,2020100504001533,RLI,34,16,10,630.00,"6,300.00"
2020-10-05,2020100504001532,RLI,34,34,500,630.00,"315,000.00"
2020-10-05,2020100504001531,RLI,34,56,10,630.00,"6,300.00"
2020-10-05,2020100504001530,RLI,34,22,10,630.00,"6,300.00"
2020-10-05,2020100504001529,RLI,34,37,10,630.00,"6,300.00"
2020-10-05,2020100504001540,RLI,34,44,10,630.00,"6,300.00"
2020-10-05,2020100504001539,RLI,34,35,10,630.00,"6,300.00"
2020-10-05,2020100504001538,RLI,34,52,10,630.00,"6,300.00"
2020-10-05,2020100504001537,RLI,34,57,10,630.00,"6,300.00"
2020-10-05,2020100504001536,RLI,34,44,10,630.00,"6,300.00"
2020-10-05,2020100504001535,RLI,34,56,10,630.00,"6,300.00"
2020-10-05,2020100504001546,RLI,34,43,10,630.00,"6,300.00"
2020-10-05,2020100504001545,RLI,34,25,10,630.00,"6,300.00"
2020-10-05,2020100504001544,RLI,34,44,10,630.00,"6,300.00"
2020-10-05,2020100504001543,RLI,34,49,10,630.00,"6,300.00"
2020-10-05,2020100504001542,RLI,34,58,10,630.00,"6,300.00"
2020-10-05,2020100504001541,RLI,34,17,10,630.00,"6,300.00"
2020-10-05,2020100504001552,RLI,34,25,10,630.00,"6,300.00"
2020-10-05,2020100504001551,RLI,34,53,10,630.00,"6,300.00"
2020-10-05,2020100504001550,RLI,34,58,10,630.00,"6,300.00"
2020-10-05,2020100504001549,RLI,34,25,10,630.00,"6,300.00"
2020-10-05,2020100504001548,RLI,34,58,10,630.00,"6,300.00"
2020-10-05,2020100504001547,RLI,34,25,10,630.00,"6,300.00"
2020-10-05,2020100504001558,RLI,34,34,10,630.00,"6,300.00"
2020-10-05,2020100504001557,RLI,34,56,10,630.00,"6,300.00"
2020-10-05,2020100504001556,RLI,34,6,10,630.00,"6,300.00"
2020-10-05,2020100504001555,RLI,34,42,10,630.00,"6,300.00"
2020-10-05,2020100504001554,RLI,34,48,20,630.00,"12,600.00"
2020-10-05,2020100504001553,RLI,34,57,10,630.00,"6,300.00"
2020-10-05,2020100504001564,RLI,34,51,10,630.00,"6,300.00"
2020-10-05,2020100504001563,RLI,34,55,10,630.00,"6,300.00"
2020-10-05,2020100504001562,RLI,34,8,10,630.00,"6,300.00"
2020-10-05,2020100504001561,RLI,34,20,10,630.00,"6,300.00"
2020-10-05,2020100504001560,RLI,34,6,10,630.00,"6,300.00"
2020-10-05,2020100504001559,RLI,34,32,10,630.00,"6,300.00"
2020-10-05,2020100504001570,RLI,34,49,10,630.00,"6,300.00"
2020-10-05,2020100504001569,RLI,34,42,10,630.00,"6,300.00"
2020-10-05,2020100504001568,RLI,34,49,10,630.00,"6,300.00"
2020-10-05,2020100504001567,RLI,34,49,10,630.00,"6,300.00"
2020-10-05,2020100504001566,RLI,34,29,10,630.00,"6,300.00"
2020-10-05,2020100504001565,RLI,34,1,10,630.00,"6,300.00"
2020-10-05,2020100504001576,RLI,34,49,10,630.00,"6,300.00"
2020-10-05,2020100504001575,RLI,34,28,10,630.00,"6,300.00"
2020-10-05,2020100504001574,RLI,34,28,10,630.00,"6,300.00"
2020-10-05,2020100504001573,RLI,34,17,10,630.00,"6,300.00"
2020-10-05,2020100504001572,RLI,34,49,10,630.00,"6,300.00"
2020-10-05,2020100504001571,RLI,34,50,10,630.00,"6,300.00"
2020-10-05,2020100504001582,RLI,34,56,10,630.00,"6,300.00"
2020-10-05,2020100504001581,RLI,34,39,10,630.00,"6,300.00"
2020-10-05,2020100504001580,RLI,34,45,10,630.00,"6,300.00"
2020-10-05,2020100504001579,RLI,34,49,10,630.00,"6,300.00"
2020-10-05,2020100504001578,RLI,34,39,10,630.00,"6,300.00"
2020-10-05,2020100504001577,RLI,34,37,10,630.00,"6,300.00"
2020-10-05,2020100504001588,RLI,34,58,10,630.00,"6,300.00"
2020-10-05,2020100504001587,RLI,34,49,10,630.00,"6,300.00"
2020-10-05,2020100504001586,RLI,34,39,10,630.00,"6,300.00"
2020-10-05,2020100504001585,RLI,34,39,10,630.00,"6,300.00"
2020-10-05,2020100504001584,RLI,34,4,10,630.00,"6,300.00"
2020-10-05,2020100504001583,RLI,34,47,10,630.00,"6,300.00"
2020-10-05,2020100504001597,RLI,38,43,10,628.00,"6,280.00"
2020-10-05,2020100504001596,RLI,38,29,10,628.00,"6,280.00"
2020-10-05,2020100504001595,RLI,38,39,10,628.00,"6,280.00"
2020-10-05,2020100504001591,RLI,34,53,70,630.00,"44,100.00"
2020-10-05,2020100504001590,RLI,34,32,10,630.00,"6,300.00"
2020-10-05,2020100504001589,RLI,34,39,10,630.00,"6,300.00"
2020-10-05,2020100504001603,RLI,38,16,10,628.00,"6,280.00"
2020-10-05,2020100504001602,RLI,38,39,10,628.00,"6,280.00"
2020-10-05,2020100504001601,RLI,38,28,10,628.00,"6,280.00"
2020-10-05,2020100504001600,RLI,38,21,10,628.00,"6,280.00"
2020-10-05,2020100504001599,RLI,38,1,10,628.00,"6,280.00"
2020-10-05,2020100504001598,RLI,38,29,10,628.00,"6,280.00"
2020-10-05,2020100504001609,RLI,38,39,10,628.00,"6,280.00"
2020-10-05,2020100504001608,RLI,38,49,10,628.00,"6,280.00"
2020-10-05,2020100504001607,RLI,38,29,10,628.00,"6,280.00"
2020-10-05,2020100504001606,RLI,38,3,10,628.00,"6,280.00"
2020-10-05,2020100504001605,RLI,38,28,10,628.00,"6,280.00"
2020-10-05,2020100504001604,RLI,38,36,10,628.00,"6,280.00"
2020-10-05,2020100504001616,RLI,38,3,10,628.00,"6,280.00"
2020-10-05,2020100504001614,RLI,38,39,10,628.00,"6,280.00"
2020-10-05,2020100504001613,RLI,38,39,10,628.00,"6,280.00"
2020-10-05,2020100504001612,RLI,38,19,10,628.00,"6,280.00"
2020-10-05,2020100504001611,RLI,38,3,10,628.00,"6,280.00"
2020-10-05,2020100504001610,RLI,38,58,10,628.00,"6,280.00"
2020-10-05,2020100504001622,RLI,38,21,10,628.00,"6,280.00"
2020-10-05,2020100504001621,RLI,56,11,10,629.00,"6,290.00"
2020-10-05,2020100504001620,RLI,38,39,10,628.00,"6,280.00"
2020-10-05,2020100504001619,RLI,38,20,10,628.00,"6,280.00"
2020-10-05,2020100504001618,RLI,38,39,10,628.00,"6,280.00"
2020-10-05,2020100504001617,RLI,38,35,10,628.00,"6,280.00"
2020-10-05,2020100504001628,RLI,38,53,10,628.00,"6,280.00"
2020-10-05,2020100504001627,RLI,38,57,10,628.00,"6,280.00"
2020-10-05,2020100504001626,RLI,38,58,10,628.00,"6,280.00"
2020-10-05,2020100504001625,RLI,38,16,10,628.00,"6,280.00"
2020-10-05,2020100504001624,RLI,38,28,10,628.00,"6,280.00"
2020-10-05,2020100504001623,RLI,38,55,10,628.00,"6,280.00"
2020-10-05,2020100504001634,RLI,38,7,10,628.00,"6,280.00"
2020-10-05,2020100504001633,RLI,38,58,10,628.00,"6,280.00"
2020-10-05,2020100504001632,RLI,38,39,10,628.00,"6,280.00"
2020-10-05,2020100504001631,RLI,38,39,10,628.00,"6,280.00"
2020-10-05,2020100504001630,RLI,38,28,10,628.00,"6,280.00"
2020-10-05,2020100504001629,RLI,38,39,10,628.00,"6,280.00"
2020-10-05,2020100504001640,RLI,38,40,10,628.00,"6,280.00"
2020-10-05,2020100504001639,RLI,38,36,10,628.00,"6,280.00"
2020-10-05,2020100504001638,RLI,38,34,10,628.00,"6,280.00"
2020-10-05,2020100504001637,RLI,38,4,10,628.00,"6,280.00"
2020-10-05,2020100504001636,RLI,38,39,10,628.00,"6,280.00"
2020-10-05,2020100504001635,RLI,38,35,10,628.00,"6,280.00"
2020-10-05,2020100504001649,RLI,38,20,10,628.00,"6,280.00"
2020-10-05,2020100504001648,RLI,38,4,10,628.00,"6,280.00"
2020-10-05,2020100504001644,RLI,38,28,10,628.00,"6,280.00"
2020-10-05,2020100504001643,RLI,38,56,10,628.00,"6,280.00"
2020-10-05,2020100504001642,RLI,38,16,10,628.00,"6,280.00"
2020-10-05,2020100504001641,RLI,38,4,10,628.00,"6,280.00"
2020-10-05,2020100504001656,RLI,38,57,10,628.00,"6,280.00"
2020-10-05,2020100504001655,RLI,38,5,10,628.00,"6,280.00"
2020-10-05,2020100504001654,RLI,38,40,10,628.00,"6,280.00"
2020-10-05,2020100504001653,RLI,38,4,10,628.00,"6,280.00"
2020-10-05,2020100504001652,RLI,38,58,10,628.00,"6,280.00"
2020-10-05,2020100504001650,RLI,38,28,10,628.00,"6,280.00"
2020-10-05,2020100504001662,RLI,38,39,10,628.00,"6,280.00"
2020-10-05,2020100504001661,RLI,38,4,10,628.00,"6,280.00"
2020-10-05,2020100504001660,RLI,38,35,10,628.00,"6,280.00"
2020-10-05,2020100504001659,RLI,38,4,10,628.00,"6,280.00"
2020-10-05,2020100504001658,RLI,38,20,10,628.00,"6,280.00"
2020-10-05,2020100504001657,RLI,38,39,10,628.00,"6,280.00"
2020-10-05,2020100504001668,RLI,38,56,10,628.00,"6,280.00"
2020-10-05,2020100504001667,RLI,38,39,10,628.00,"6,280.00"
2020-10-05,2020100504001666,RLI,38,20,10,628.00,"6,280.00"
2020-10-05,2020100504001665,RLI,38,4,10,628.00,"6,280.00"
2020-10-05,2020100504001664,RLI,38,4,10,628.00,"6,280.00"
2020-10-05,2020100504001663,RLI,38,49,10,628.00,"6,280.00"
2020-10-05,2020100504001674,RLI,42,39,10,628.00,"6,280.00"
2020-10-05,2020100504001673,RLI,42,57,10,628.00,"6,280.00"
2020-10-05,2020100504001672,RLI,42,4,10,628.00,"6,280.00"
2020-10-05,2020100504001671,RLI,42,42,10,628.00,"6,280.00"
2020-10-05,2020100504001670,RLI,42,26,10,628.00,"6,280.00"
2020-10-05,2020100504001669,RLI,38,34,10,628.00,"6,280.00"
2020-10-05,2020100504001680,RLI,58,7,10,628.00,"6,280.00"
2020-10-05,2020100504001679,RLI,38,34,10,627.00,"6,270.00"
2020-10-05,2020100504001678,RLI,38,39,10,627.00,"6,270.00"
2020-10-05,2020100504001677,RLI,38,51,10,627.00,"6,270.00"
2020-10-05,2020100504001676,RLI,42,28,10,628.00,"6,280.00"
2020-10-05,2020100504001675,RLI,42,4,10,628.00,"6,280.00"
2020-10-05,2020100504001686,RLI,38,34,10,627.00,"6,270.00"
2020-10-05,2020100504001685,RLI,38,39,10,627.00,"6,270.00"
2020-10-05,2020100504001684,RLI,38,6,10,627.00,"6,270.00"
2020-10-05,2020100504001683,RLI,38,35,10,627.00,"6,270.00"
2020-10-05,2020100504001682,RLI,38,42,10,627.00,"6,270.00"
2020-10-05,2020100504001681,RLI,58,20,10,628.00,"6,280.00"
2020-10-05,2020100504001693,RLI,17,42,10,626.00,"6,260.00"
2020-10-05,2020100504001692,RLI,17,19,10,626.00,"6,260.00"
2020-10-05,2020100504001691,RLI,17,34,10,626.00,"6,260.00"
2020-10-05,2020100504001690,RLI,17,44,10,626.00,"6,260.00"
2020-10-05,2020100504001688,RLI,38,56,10,627.00,"6,270.00"
2020-10-05,2020100504001687,RLI,38,20,10,627.00,"6,270.00"
2020-10-05,2020100504001699,RLI,17,34,10,626.00,"6,260.00"
2020-10-05,2020100504001698,RLI,17,38,10,626.00,"6,260.00"
2020-10-05,2020100504001697,RLI,17,19,10,626.00,"6,260.00"
2020-10-05,2020100504001696,RLI,17,34,10,626.00,"6,260.00"
2020-10-05,2020100504001695,RLI,17,44,10,626.00,"6,260.00"
2020-10-05,2020100504001694,RLI,17,35,10,626.00,"6,260.00"
2020-10-05,2020100504001705,RLI,17,44,10,626.00,"6,260.00"
2020-10-05,2020100504001704,RLI,17,38,10,626.00,"6,260.00"
2020-10-05,2020100504001703,RLI,17,19,10,626.00,"6,260.00"
2020-10-05,2020100504001702,RLI,17,44,10,626.00,"6,260.00"
2020-10-05,2020100504001701,RLI,17,39,10,626.00,"6,260.00"
2020-10-05,2020100504001700,RLI,17,47,10,626.00,"6,260.00"
2020-10-05,2020100504001712,RLI,25,56,10,625.00,"6,250.00"
2020-10-05,2020100504001711,RLI,25,51,10,625.00,"6,250.00"
2020-10-05,2020100504001709,RLI,25,38,10,625.00,"6,250.00"
2020-10-05,2020100504001708,RLI,25,45,10,625.00,"6,250.00"
2020-10-05,2020100504001707,RLI,25,19,10,625.00,"6,250.00"
2020-10-05,2020100504001706,RLI,17,34,10,626.00,"6,260.00"
2020-10-05,2020100504001718,RLI,20,38,10,628.00,"6,280.00"
2020-10-05,2020100504001717,RLI,20,21,10,627.00,"6,270.00"
2020-10-05,2020100504001716,RLI,16,19,10,626.00,"6,260.00"
2020-10-05,2020100504001715,RLI,16,36,10,626.00,"6,260.00"
2020-10-05,2020100504001714,RLI,16,28,10,626.00,"6,260.00"
2020-10-05,2020100504001713,RLI,25,40,10,625.00,"6,250.00"
2020-10-05,2020100504001724,RLI,16,3,10,626.00,"6,260.00"
2020-10-05,2020100504001723,RLI,16,4,10,626.00,"6,260.00"
2020-10-05,2020100504001722,RLI,16,28,10,626.00,"6,260.00"
2020-10-05,2020100504001721,RLI,20,53,10,630.00,"6,300.00"
2020-10-05,2020100504001720,RLI,20,35,10,629.00,"6,290.00"
2020-10-05,2020100504001719,RLI,20,52,10,628.00,"6,280.00"
2020-10-05,2020100504001730,RLI,25,26,10,625.00,"6,250.00"
2020-10-05,2020100504001729,RLI,25,4,10,625.00,"6,250.00"
2020-10-05,2020100504001728,RLI,16,40,10,626.00,"6,260.00"
2020-10-05,2020100504001727,RLI,16,40,10,626.00,"6,260.00"
2020-10-05,2020100504001726,RLI,16,4,10,626.00,"6,260.00"
2020-10-05,2020100504001725,RLI,16,40,10,626.00,"6,260.00"
2020-10-05,2020100504001736,RLI,25,4,10,625.00,"6,250.00"
2020-10-05,2020100504001735,RLI,56,21,10,626.00,"6,260.00"
2020-10-05,2020100504001734,RLI,25,4,10,625.00,"6,250.00"
2020-10-05,2020100504001733,RLI,25,21,10,625.00,"6,250.00"
2020-10-05,2020100504001732,RLI,25,26,10,625.00,"6,250.00"
2020-10-05,2020100504001731,RLI,25,4,10,625.00,"6,250.00"
2020-10-05,2020100504001742,RLI,25,21,10,625.00,"6,250.00"
2020-10-05,2020100504001741,RLI,25,4,10,625.00,"6,250.00"
2020-10-05,2020100504001740,RLI,25,21,10,625.00,"6,250.00"
2020-10-05,2020100504001739,RLI,25,40,10,625.00,"6,250.00"
2020-10-05,2020100504001738,RLI,25,21,10,625.00,"6,250.00"
2020-10-05,2020100504001737,RLI,25,28,10,625.00,"6,250.00"
2020-10-05,2020100504001748,RLI,25,28,10,625.00,"6,250.00"
2020-10-05,2020100504001747,RLI,25,44,10,625.00,"6,250.00"
2020-10-05,2020100504001746,RLI,25,56,10,625.00,"6,250.00"
2020-10-05,2020100504001745,RLI,25,4,10,625.00,"6,250.00"
2020-10-05,2020100504001744,RLI,25,21,10,625.00,"6,250.00"
2020-10-05,2020100504001743,RLI,25,21,10,625.00,"6,250.00"
2020-10-05,2020100504001754,RLI,25,56,10,625.00,"6,250.00"
2020-10-05,2020100504001753,RLI,25,21,10,625.00,"6,250.00"
2020-10-05,2020100504001752,RLI,25,19,10,625.00,"6,250.00"
2020-10-05,2020100504001751,RLI,25,4,10,625.00,"6,250.00"
2020-10-05,2020100504001750,RLI,25,40,10,625.00,"6,250.00"
2020-10-05,2020100504001749,RLI,25,21,10,625.00,"6,250.00"
2020-10-05,2020100504001760,RLI,25,59,10,625.00,"6,250.00"
2020-10-05,2020100504001759,RLI,25,38,10,625.00,"6,250.00"
2020-10-05,2020100504001758,RLI,25,39,10,625.00,"6,250.00"
2020-10-05,2020100504001757,RLI,25,4,10,625.00,"6,250.00"
2020-10-05,2020100504001756,RLI,44,44,10,626.00,"6,260.00"
2020-10-05,2020100504001755,RLI,25,4,10,625.00,"6,250.00"
2020-10-05,2020100504001766,RLI,25,40,10,625.00,"6,250.00"
2020-10-05,2020100504001765,RLI,25,40,10,625.00,"6,250.00"
2020-10-05,2020100504001764,RLI,25,44,10,625.00,"6,250.00"
2020-10-05,2020100504001763,RLI,25,44,10,625.00,"6,250.00"
2020-10-05,2020100504001762,RLI,25,39,10,625.00,"6,250.00"
2020-10-05,2020100504001761,RLI,25,4,10,625.00,"6,250.00"
2020-10-05,2020100504001775,RLI,25,19,10,625.00,"6,250.00"
2020-10-05,2020100504001774,RLI,25,4,10,625.00,"6,250.00"
2020-10-05,2020100504001770,RLI,25,40,10,625.00,"6,250.00"
2020-10-05,2020100504001769,RLI,25,44,10,625.00,"6,250.00"
2020-10-05,2020100504001768,RLI,25,4,10,625.00,"6,250.00"
2020-10-05,2020100504001767,RLI,25,44,10,625.00,"6,250.00"
2020-10-05,2020100504001783,RLI,34,21,10,626.00,"6,260.00"
2020-10-05,2020100504001782,RLI,34,19,10,626.00,"6,260.00"
2020-10-05,2020100504001781,RLI,34,47,10,626.00,"6,260.00"
2020-10-05,2020100504001780,RLI,25,4,10,625.00,"6,250.00"
2020-10-05,2020100504001777,RLI,25,21,10,625.00,"6,250.00"
2020-10-05,2020100504001776,RLI,25,44,10,625.00,"6,250.00"
2020-10-05,2020100504001789,RLI,34,21,10,626.00,"6,260.00"
2020-10-05,2020100504001788,RLI,34,4,10,626.00,"6,260.00"
2020-10-05,2020100504001787,RLI,34,32,10,626.00,"6,260.00"
2020-10-05,2020100504001786,RLI,34,21,10,626.00,"6,260.00"
2020-10-05,2020100504001785,RLI,34,4,10,626.00,"6,260.00"
2020-10-05,2020100504001784,RLI,34,56,10,626.00,"6,260.00"
2020-10-05,2020100504001796,RLI,34,4,10,626.00,"6,260.00"
2020-10-05,2020100504001795,RLI,34,34,10,626.00,"6,260.00"
2020-10-05,2020100504001794,RLI,34,44,10,626.00,"6,260.00"
2020-10-05,2020100504001793,RLI,34,21,10,626.00,"6,260.00"
2020-10-05,2020100504001792,RLI,34,4,10,626.00,"6,260.00"
2020-10-05,2020100504001790,RLI,34,44,10,626.00,"6,260.00"
2020-10-05,2020100504001804,RLI,25,21,10,625.00,"6,250.00"
2020-10-05,2020100504001803,RLI,25,16,10,625.00,"6,250.00"
2020-10-05,2020100504001802,RLI,25,21,10,625.00,"6,250.00"
2020-10-05,2020100504001801,RLI,25,44,10,625.00,"6,250.00"
2020-10-05,2020100504001798,RLI,25,21,10,625.00,"6,250.00"
2020-10-05,2020100504001797,RLI,19,56,10,626.00,"6,260.00"
2020-10-05,2020100504001818,RLI,25,50,10,625.00,"6,250.00"
2020-10-05,2020100504001817,RLI,25,21,10,625.00,"6,250.00"
2020-10-05,2020100504001816,RLI,25,40,10,625.00,"6,250.00"
2020-10-05,2020100504001813,RLI,25,21,10,625.00,"6,250.00"
2020-10-05,2020100504001812,RLI,25,21,10,625.00,"6,250.00"
2020-10-05,2020100504001810,RLI,25,21,10,625.00,"6,250.00"
2020-10-05,2020100504001824,RLI,25,57,10,625.00,"6,250.00"
2020-10-05,2020100504001823,RLI,25,21,10,625.00,"6,250.00"
2020-10-05,2020100504001822,RLI,25,38,10,625.00,"6,250.00"
2020-10-05,2020100504001821,RLI,25,29,10,625.00,"6,250.00"
2020-10-05,2020100504001820,RLI,25,4,10,625.00,"6,250.00"
2020-10-05,2020100504001819,RLI,25,21,10,625.00,"6,250.00"
2020-10-05,2020100504001830,RLI,25,21,10,625.00,"6,250.00"
2020-10-05,2020100504001829,RLI,25,4,10,625.00,"6,250.00"
2020-10-05,2020100504001828,RLI,25,44,10,625.00,"6,250.00"
2020-10-05,2020100504001827,RLI,25,21,10,625.00,"6,250.00"
2020-10-05,2020100504001826,RLI,25,21,10,625.00,"6,250.00"
2020-10-05,2020100504001825,RLI,25,58,10,625.00,"6,250.00"
2020-10-05,2020100504001836,RLI,25,44,10,625.00,"6,250.00"
2020-10-05,2020100504001835,RLI,25,8,10,625.00,"6,250.00"
2020-10-05,2020100504001834,RLI,25,21,10,625.00,"6,250.00"
2020-10-05,2020100504001833,RLI,25,40,10,625.00,"6,250.00"
2020-10-05,2020100504001832,RLI,25,21,10,625.00,"6,250.00"
2020-10-05,2020100504001831,RLI,25,44,10,625.00,"6,250.00"
2020-10-05,2020100504001842,RLI,25,21,10,625.00,"6,250.00"
2020-10-05,2020100504001841,RLI,25,21,10,625.00,"6,250.00"
2020-10-05,2020100504001840,RLI,25,44,10,625.00,"6,250.00"
2020-10-05,2020100504001839,RLI,25,21,10,625.00,"6,250.00"
2020-10-05,2020100504001838,RLI,25,44,10,625.00,"6,250.00"
2020-10-05,2020100504001837,RLI,25,21,10,625.00,"6,250.00"
2020-10-05,2020100504001848,RLI,25,21,10,625.00,"6,250.00"
2020-10-05,2020100504001847,RLI,25,40,10,625.00,"6,250.00"
2020-10-05,2020100504001846,RLI,25,21,10,625.00,"6,250.00"
2020-10-05,2020100504001845,RLI,25,21,10,625.00,"6,250.00"
2020-10-05,2020100504001844,RLI,25,44,10,625.00,"6,250.00"
2020-10-05,2020100504001843,RLI,25,51,10,625.00,"6,250.00"
2020-10-05,2020100504001854,RLI,25,21,10,625.00,"6,250.00"
2020-10-05,2020100504001853,RLI,25,44,10,625.00,"6,250.00"
2020-10-05,2020100504001852,RLI,25,44,10,625.00,"6,250.00"
2020-10-05,2020100504001851,RLI,25,28,10,625.00,"6,250.00"
2020-10-05,2020100504001850,RLI,25,17,10,625.00,"6,250.00"
2020-10-05,2020100504001849,RLI,25,44,10,625.00,"6,250.00"
2020-10-05,2020100504001860,RLI,25,21,10,625.00,"6,250.00"
2020-10-05,2020100504001859,RLI,25,44,10,625.00,"6,250.00"
2020-10-05,2020100504001858,RLI,25,21,10,625.00,"6,250.00"
2020-10-05,2020100504001857,RLI,25,28,10,625.00,"6,250.00"
2020-10-05,2020100504001856,RLI,25,44,10,625.00,"6,250.00"
2020-10-05,2020100504001855,RLI,25,21,10,625.00,"6,250.00"
2020-10-05,2020100504001866,RLI,25,32,10,625.00,"6,250.00"
2020-10-05,2020100504001865,RLI,25,21,10,625.00,"6,250.00"
2020-10-05,2020100504001864,RLI,25,21,10,625.00,"6,250.00"
2020-10-05,2020100504001863,RLI,25,21,10,625.00,"6,250.00"
2020-10-05,2020100504001862,RLI,25,21,10,625.00,"6,250.00"
2020-10-05,2020100504001861,RLI,25,21,10,625.00,"6,250.00"
2020-10-05,2020100504001872,RLI,25,11,10,625.00,"6,250.00"
2020-10-05,2020100504001871,RLI,25,21,10,625.00,"6,250.00"
2020-10-05,2020100504001870,RLI,25,21,10,625.00,"6,250.00"
2020-10-05,2020100504001869,RLI,25,57,10,625.00,"6,250.00"
2020-10-05,2020100504001868,RLI,25,43,10,625.00,"6,250.00"
2020-10-05,2020100504001867,RLI,25,21,10,625.00,"6,250.00"
2020-10-05,2020100504001880,RLI,50,21,10,625.00,"6,250.00"
2020-10-05,2020100504001879,RLI,50,57,10,625.00,"6,250.00"
2020-10-05,2020100504001878,RLI,50,21,10,625.00,"6,250.00"
2020-10-05,2020100504001877,RLI,50,21,10,625.00,"6,250.00"
2020-10-05,2020100504001876,RLI,50,28,10,625.00,"6,250.00"
2020-10-05,2020100504001875,RLI,50,40,10,625.00,"6,250.00"
2020-10-05,2020100504001886,RLI,40,21,10,625.00,"6,250.00"
2020-10-05,2020100504001885,RLI,40,39,10,625.00,"6,250.00"
2020-10-05,2020100504001884,RLI,40,21,10,625.00,"6,250.00"
2020-10-05,2020100504001883,RLI,50,21,10,625.00,"6,250.00"
2020-10-05,2020100504001882,RLI,50,39,10,625.00,"6,250.00"
2020-10-05,2020100504001881,RLI,50,28,10,625.00,"6,250.00"
2020-10-05,2020100504001892,RLI,40,21,10,625.00,"6,250.00"
2020-10-05,2020100504001891,RLI,40,21,10,625.00,"6,250.00"
2020-10-05,2020100504001890,RLI,40,39,10,625.00,"6,250.00"
2020-10-05,2020100504001889,RLI,40,59,10,625.00,"6,250.00"
2020-10-05,2020100504001888,RLI,40,21,10,625.00,"6,250.00"
2020-10-05,2020100504001887,RLI,40,39,10,625.00,"6,250.00"
2020-10-05,2020100504001898,RLI,40,49,10,625.00,"6,250.00"
2020-10-05,2020100504001897,RLI,40,22,10,625.00,"6,250.00"
2020-10-05,2020100504001896,RLI,40,39,10,625.00,"6,250.00"
2020-10-05,2020100504001895,RLI,40,21,10,625.00,"6,250.00"
2020-10-05,2020100504001894,RLI,40,59,10,625.00,"6,250.00"
2020-10-05,2020100504001893,RLI,40,39,10,625.00,"6,250.00"
2020-10-05,2020100504001904,RLI,57,21,10,625.00,"6,250.00"
2020-10-05,2020100504001903,RLI,40,59,10,625.00,"6,250.00"
2020-10-05,2020100504001902,RLI,40,21,10,625.00,"6,250.00"
2020-10-05,2020100504001901,RLI,40,28,10,625.00,"6,250.00"
2020-10-05,2020100504001900,RLI,40,58,10,625.00,"6,250.00"
2020-10-05,2020100504001899,RLI,40,21,10,625.00,"6,250.00"
2020-10-05,2020100504001912,RLI,48,28,10,625.00,"6,250.00"
2020-10-05,2020100504001911,RLI,48,54,10,625.00,"6,250.00"
2020-10-05,2020100504001910,RLI,48,21,10,625.00,"6,250.00"
2020-10-05,2020100504001907,RLI,48,21,10,625.00,"6,250.00"
2020-10-05,2020100504001906,RLI,57,22,10,625.00,"6,250.00"
2020-10-05,2020100504001905,RLI,57,21,10,625.00,"6,250.00"
2020-10-05,2020100504001919,RLI,48,21,10,625.00,"6,250.00"
2020-10-05,2020100504001918,RLI,48,21,10,625.00,"6,250.00"
2020-10-05,2020100504001916,RLI,48,21,10,625.00,"6,250.00"
2020-10-05,2020100504001915,RLI,48,41,10,625.00,"6,250.00"
2020-10-05,2020100504001914,RLI,48,21,10,625.00,"6,250.00"
2020-10-05,2020100504001913,RLI,48,21,10,625.00,"6,250.00"
2020-10-05,2020100504001925,RLI,17,33,10,625.00,"6,250.00"
2020-10-05,2020100504001924,RLI,17,34,10,625.00,"6,250.00"
2020-10-05,2020100504001923,RLI,17,41,10,625.00,"6,250.00"
2020-10-05,2020100504001922,RLI,44,57,10,624.00,"6,240.00"
2020-10-05,2020100504001921,RLI,44,21,10,624.00,"6,240.00"
2020-10-05,2020100504001920,RLI,44,21,10,624.00,"6,240.00"
2020-10-05,2020100504001931,RLI,17,21,10,626.00,"6,260.00"
2020-10-05,2020100504001930,RLI,17,18,10,626.00,"6,260.00"
2020-10-05,2020100504001929,RLI,17,39,10,626.00,"6,260.00"
2020-10-05,2020100504001928,RLI,17,47,10,626.00,"6,260.00"
2020-10-05,2020100504001927,RLI,17,21,10,626.00,"6,260.00"
2020-10-05,2020100504001926,RLI,17,47,10,626.00,"6,260.00"
2020-10-05,2020100504001938,RLI,44,38,10,624.00,"6,240.00"
2020-10-05,2020100504001937,RLI,44,48,10,624.00,"6,240.00"
2020-10-05,2020100504001935,RLI,44,21,10,624.00,"6,240.00"
2020-10-05,2020100504001934,RLI,44,21,10,624.00,"6,240.00"
2020-10-05,2020100504001933,RLI,44,21,10,624.00,"6,240.00"
2020-10-05,2020100504001932,RLI,17,41,10,626.00,"6,260.00"
2020-10-05,2020100504001800,SAEF,44,7,"6,150",10.20,"62,730.00"
2020-10-05,2020100504001710,SAEF,44,56,"3,850",10.20,"39,270.00"
2020-10-05,2020100504001594,SFMF,17,45,200,9.64,"1,928.00"
2020-10-05,2020100504001593,SFMF,17,29,300,9.64,"2,892.00"
2020-10-05,2020100504001253,CMF1,7,28,200,9.75,"1,950.00"
2020-10-05,2020100504001252,CMF1,8,53,200,9.58,"1,916.00"
2020-10-05,2020100504001047,CMF1,57,4,"3,000",9.64,"28,920.00"
2020-10-05,2020100504001394,GIMES1,57,26,"15,000",9.22,"138,300.00"
2020-10-05,2020100504001340,GIMES1,4,19,500,9.19,"4,595.00"
2020-10-05,2020100504001037,GIMES1,37,19,500,9.18,"4,590.00"
2020-10-05,2020100504000956,KBLPO,34,50,"7,678",103.00,"790,834.00"
2020-10-05,2020100504001389,LUK,10,38,200,8.75,"1,750.00"
2020-10-05,2020100504001121,LUK,10,52,"8,750",8.75,"76,562.50"
2020-10-05,2020100504001109,LUK,57,52,"1,700",8.76,"14,892.00"
2020-10-05,2020100504000985,LUK,7,52,"2,000",8.80,"17,600.00"
2020-10-05,2020100504000984,LUK,22,52,"8,550",8.80,"75,240.00"
2020-10-05,2020100504000978,LUK,35,52,"10,000",8.81,"88,100.00"
2020-10-05,2020100504001398,NIBPO,37,17,"1,000",363.00,"363,000.00"
2020-10-05,2020100504001374,NIBPO,55,4,"1,000",364.00,"364,000.00"
2020-10-05,2020100504001426,NICBF,58,19,500,8.92,"4,460.00"
2020-10-05,2020100504001052,NMB50,16,35,100,9.09,909.00
2020-10-05,2020100504001051,NMB50,58,35,200,9.27,"1,854.00"
2020-10-05,2020100504001256,NMBHF1,4,1,"10,100",9.49,"95,849.00"
2020-10-05,2020100504001248,NMBHF1,4,49,"1,735",9.45,"16,395.75"
2020-10-05,2020100504001247,NMBHF1,4,32,806,9.45,"7,616.70"
2020-10-05,2020100504001245,NMBHF1,4,41,832,9.43,"7,845.76"
2020-10-05,2020100504000982,RBCLPO,54,59,20,"10,550.00","211,000.00"
2020-10-05,2020100504000981,RBCLPO,54,14,30,"10,550.00","316,500.00"
2020-10-05,2020100504001444,RLI,38,8,10,628.00,"6,280.00"
2020-10-05,2020100504001443,RLI,38,55,10,628.00,"6,280.00"
2020-10-05,2020100504001442,RLI,38,55,10,628.00,"6,280.00"
2020-10-05,2020100504001441,RLI,38,42,10,628.00,"6,280.00"
2020-10-05,2020100504001440,RLI,38,55,10,628.00,"6,280.00"
2020-10-05,2020100504001439,RLI,38,34,10,628.00,"6,280.00"
2020-10-05,2020100504000945,RLI,25,51,10,623.00,"6,230.00"
2020-10-05,2020100504000951,RLI,25,21,10,623.00,"6,230.00"
2020-10-05,2020100504000950,RLI,25,34,10,623.00,"6,230.00"
2020-10-05,2020100504000949,RLI,25,21,10,623.00,"6,230.00"
2020-10-05,2020100504000948,RLI,25,43,10,623.00,"6,230.00"
2020-10-05,2020100504000947,RLI,25,21,10,623.00,"6,230.00"
2020-10-05,2020100504000946,RLI,25,38,10,623.00,"6,230.00"
2020-10-05,2020100504000958,RLI,25,21,10,623.00,"6,230.00"
2020-10-05,2020100504000957,RLI,25,51,10,623.00,"6,230.00"
2020-10-05,2020100504000955,RLI,1,35,190,625.00,"118,750.00"
2020-10-05,2020100504000954,RLI,1,33,10,625.00,"6,250.00"
2020-10-05,2020100504000953,RLI,25,51,10,623.00,"6,230.00"
2020-10-05,2020100504000952,RLI,25,51,10,623.00,"6,230.00"
2020-10-05,2020100504000964,RLI,25,49,10,623.00,"6,230.00"
2020-10-05,2020100504000963,RLI,25,38,10,623.00,"6,230.00"
2020-10-05,2020100504000962,RLI,25,21,10,623.00,"6,230.00"
2020-10-05,2020100504000961,RLI,25,51,10,623.00,"6,230.00"
2020-10-05,2020100504000960,RLI,25,21,10,623.00,"6,230.00"
2020-10-05,2020100504000959,RLI,25,45,10,623.00,"6,230.00"
2020-10-05,2020100504000970,RLI,25,49,10,623.00,"6,230.00"
2020-10-05,2020100504000969,RLI,25,21,10,623.00,"6,230.00"
2020-10-05,2020100504000968,RLI,25,34,10,623.00,"6,230.00"
2020-10-05,2020100504000967,RLI,25,21,10,623.00,"6,230.00"
2020-10-05,2020100504000966,RLI,25,51,10,623.00,"6,230.00"
2020-10-05,2020100504000965,RLI,25,49,10,623.00,"6,230.00"
2020-10-05,2020100504000976,RLI,25,51,10,623.00,"6,230.00"
2020-10-05,2020100504000975,RLI,25,51,10,623.00,"6,230.00"
2020-10-05,2020100504000974,RLI,25,49,10,623.00,"6,230.00"
2020-10-05,2020100504000973,RLI,25,36,10,623.00,"6,230.00"
2020-10-05,2020100504000972,RLI,25,21,10,623.00,"6,230.00"
2020-10-05,2020100504000971,RLI,25,51,10,623.00,"6,230.00"
2020-10-05,2020100504000987,RLI,25,21,10,623.00,"6,230.00"
2020-10-05,2020100504000986,RLI,25,51,10,623.00,"6,230.00"
2020-10-05,2020100504000983,RLI,25,21,10,623.00,"6,230.00"
2020-10-05,2020100504000980,RLI,25,14,10,623.00,"6,230.00"
2020-10-05,2020100504000979,RLI,25,51,10,623.00,"6,230.00"
2020-10-05,2020100504000977,RLI,25,49,10,623.00,"6,230.00"
2020-10-05,2020100504000993,RLI,1,40,10,625.00,"6,250.00"
2020-10-05,2020100504000992,RLI,1,17,10,625.00,"6,250.00"
2020-10-05,2020100504000991,RLI,1,52,10,625.00,"6,250.00"
2020-10-05,2020100504000990,RLI,1,35,30,625.00,"18,750.00"
2020-10-05,2020100504000989,RLI,1,42,10,624.00,"6,240.00"
2020-10-05,2020100504000988,RLI,25,21,10,623.00,"6,230.00"
2020-10-05,2020100504000999,RLI,25,21,10,623.00,"6,230.00"
2020-10-05,2020100504000998,RLI,25,56,10,623.00,"6,230.00"
2020-10-05,2020100504000997,RLI,25,36,10,623.00,"6,230.00"
2020-10-05,2020100504000996,RLI,25,21,10,623.00,"6,230.00"
2020-10-05,2020100504000995,RLI,1,42,10,626.00,"6,260.00"
2020-10-05,2020100504000994,RLI,1,43,10,626.00,"6,260.00"
2020-10-05,2020100504001005,RLI,19,21,10,624.00,"6,240.00"
2020-10-05,2020100504001004,RLI,19,51,10,624.00,"6,240.00"
2020-10-05,2020100504001003,RLI,25,21,10,623.00,"6,230.00"
2020-10-05,2020100504001002,RLI,25,36,10,623.00,"6,230.00"
2020-10-05,2020100504001001,RLI,25,21,10,623.00,"6,230.00"
2020-10-05,2020100504001000,RLI,25,51,10,623.00,"6,230.00"
2020-10-05,2020100504001011,RLI,19,51,10,624.00,"6,240.00"
2020-10-05,2020100504001010,RLI,19,21,10,624.00,"6,240.00"
2020-10-05,2020100504001009,RLI,19,3,10,624.00,"6,240.00"
2020-10-05,2020100504001008,RLI,19,21,10,624.00,"6,240.00"
2020-10-05,2020100504001007,RLI,19,21,10,624.00,"6,240.00"
2020-10-05,2020100504001006,RLI,19,51,10,624.00,"6,240.00"
2020-10-05,2020100504001017,RLI,19,51,10,624.00,"6,240.00"
2020-10-05,2020100504001016,RLI,19,21,10,624.00,"6,240.00"
2020-10-05,2020100504001015,RLI,19,17,10,624.00,"6,240.00"
2020-10-05,2020100504001014,RLI,19,21,10,624.00,"6,240.00"
2020-10-05,2020100504001013,RLI,19,36,10,624.00,"6,240.00"
2020-10-05,2020100504001012,RLI,19,21,10,624.00,"6,240.00"
2020-10-05,2020100504001023,RLI,28,29,10,625.00,"6,250.00"
2020-10-05,2020100504001022,RLI,19,21,10,624.00,"6,240.00"
2020-10-05,2020100504001021,RLI,19,20,10,624.00,"6,240.00"
2020-10-05,2020100504001020,RLI,13,16,10,625.00,"6,250.00"
2020-10-05,2020100504001019,RLI,13,43,10,625.00,"6,250.00"
2020-10-05,2020100504001018,RLI,13,41,10,625.00,"6,250.00"
2020-10-05,2020100504001029,RLI,28,20,10,625.00,"6,250.00"
2020-10-05,2020100504001028,RLI,28,21,10,625.00,"6,250.00"
2020-10-05,2020100504001027,RLI,28,36,10,625.00,"6,250.00"
2020-10-05,2020100504001026,RLI,28,51,10,625.00,"6,250.00"
2020-10-05,2020100504001025,RLI,28,21,10,625.00,"6,250.00"
2020-10-05,2020100504001024,RLI,28,1,10,625.00,"6,250.00"
2020-10-05,2020100504001035,RLI,13,37,10,626.00,"6,260.00"
2020-10-05,2020100504001034,RLI,28,51,10,625.00,"6,250.00"
2020-10-05,2020100504001033,RLI,28,41,10,625.00,"6,250.00"
2020-10-05,2020100504001032,RLI,28,51,10,625.00,"6,250.00"
2020-10-05,2020100504001031,RLI,28,36,10,625.00,"6,250.00"
2020-10-05,2020100504001030,RLI,28,21,10,625.00,"6,250.00"
2020-10-05,2020100504001042,RLI,28,20,10,625.00,"6,250.00"
2020-10-05,2020100504001041,RLI,28,41,10,625.00,"6,250.00"
2020-10-05,2020100504001040,RLI,28,36,10,625.00,"6,250.00"
2020-10-05,2020100504001039,RLI,28,51,10,625.00,"6,250.00"
2020-10-05,2020100504001038,RLI,28,21,10,625.00,"6,250.00"
2020-10-05,2020100504001036,RLI,28,21,10,625.00,"6,250.00"
2020-10-05,2020100504001049,RLI,28,36,10,625.00,"6,250.00"
2020-10-05,2020100504001048,RLI,28,21,10,625.00,"6,250.00"
2020-10-05,2020100504001046,RLI,28,16,10,625.00,"6,250.00"
2020-10-05,2020100504001045,RLI,28,21,10,625.00,"6,250.00"
2020-10-05,2020100504001044,RLI,28,51,10,625.00,"6,250.00"
2020-10-05,2020100504001043,RLI,28,21,10,625.00,"6,250.00"
2020-10-05,2020100504001057,RLI,28,21,10,625.00,"6,250.00"
2020-10-05,2020100504001056,RLI,28,17,10,625.00,"6,250.00"
2020-10-05,2020100504001055,RLI,28,49,10,625.00,"6,250.00"
2020-10-05,2020100504001054,RLI,28,51,10,625.00,"6,250.00"
2020-10-05,2020100504001053,RLI,28,21,10,625.00,"6,250.00"
2020-10-05,2020100504001050,RLI,28,51,10,625.00,"6,250.00"
2020-10-05,2020100504001063,RLI,35,59,10,626.00,"6,260.00"
2020-10-05,2020100504001062,RLI,28,21,10,625.00,"6,250.00"
2020-10-05,2020100504001061,RLI,28,21,10,625.00,"6,250.00"
2020-10-05,2020100504001060,RLI,28,16,10,625.00,"6,250.00"
2020-10-05,2020100504001059,RLI,28,21,10,625.00,"6,250.00"
2020-10-05,2020100504001058,RLI,28,21,10,625.00,"6,250.00"
2020-10-05,2020100504001069,RLI,28,21,10,625.00,"6,250.00"
2020-10-05,2020100504001068,RLI,28,21,10,625.00,"6,250.00"
2020-10-05,2020100504001067,RLI,28,21,10,625.00,"6,250.00"
2020-10-05,2020100504001066,RLI,28,49,10,625.00,"6,250.00"
2020-10-05,2020100504001065,RLI,28,21,10,625.00,"6,250.00"
2020-10-05,2020100504001064,RLI,28,25,10,625.00,"6,250.00"
2020-10-05,2020100504001075,RLI,34,26,10,626.00,"6,260.00"
2020-10-05,2020100504001074,RLI,34,59,10,626.00,"6,260.00"
2020-10-05,2020100504001073,RLI,34,19,10,626.00,"6,260.00"
2020-10-05,2020100504001072,RLI,34,26,10,626.00,"6,260.00"
2020-10-05,2020100504001071,RLI,34,41,10,626.00,"6,260.00"
2020-10-05,2020100504001070,RLI,28,49,10,625.00,"6,250.00"
2020-10-05,2020100504001081,RLI,28,49,10,625.00,"6,250.00"
2020-10-05,2020100504001080,RLI,28,21,10,625.00,"6,250.00"
2020-10-05,2020100504001079,RLI,28,41,10,625.00,"6,250.00"
2020-10-05,2020100504001078,RLI,28,49,10,625.00,"6,250.00"
2020-10-05,2020100504001077,RLI,28,21,10,625.00,"6,250.00"
2020-10-05,2020100504001076,RLI,28,21,10,625.00,"6,250.00"
2020-10-05,2020100504001087,RLI,16,20,10,626.00,"6,260.00"
2020-10-05,2020100504001086,RLI,19,49,10,625.00,"6,250.00"
2020-10-05,2020100504001085,RLI,19,21,10,625.00,"6,250.00"
2020-10-05,2020100504001084,RLI,59,21,10,625.00,"6,250.00"
2020-10-05,2020100504001083,RLI,28,49,10,625.00,"6,250.00"
2020-10-05,2020100504001082,RLI,28,21,10,625.00,"6,250.00"
2020-10-05,2020100504001093,RLI,16,8,10,626.00,"6,260.00"
2020-10-05,2020100504001092,RLI,16,48,10,626.00,"6,260.00"
2020-10-05,2020100504001091,RLI,16,16,10,626.00,"6,260.00"
2020-10-05,2020100504001090,RLI,16,28,10,626.00,"6,260.00"
2020-10-05,2020100504001089,RLI,16,16,10,626.00,"6,260.00"
2020-10-05,2020100504001088,RLI,16,36,10,626.00,"6,260.00"
2020-10-05,2020100504001099,RLI,1,28,10,626.00,"6,260.00"
2020-10-05,2020100504001098,RLI,1,3,10,626.00,"6,260.00"
2020-10-05,2020100504001097,RLI,1,21,10,626.00,"6,260.00"
2020-10-05,2020100504001096,RLI,16,57,10,626.00,"6,260.00"
2020-10-05,2020100504001095,RLI,16,21,10,626.00,"6,260.00"
2020-10-05,2020100504001094,RLI,16,17,10,626.00,"6,260.00"
2020-10-05,2020100504001105,RLI,19,21,10,625.00,"6,250.00"
2020-10-05,2020100504001104,RLI,19,21,10,625.00,"6,250.00"
2020-10-05,2020100504001103,RLI,19,28,10,625.00,"6,250.00"
2020-10-05,2020100504001102,RLI,19,20,10,625.00,"6,250.00"
2020-10-05,2020100504001101,RLI,19,20,10,625.00,"6,250.00"
