Date,Transact. No.,Symbol,Buyer,Seller,Quantity,Rate,Amount
2019-12-23,2019122301008032,ADBL,22,6,500,412.00,"206,000.00"
2019-12-23,2019122301007682,ADBL,44,6,500,412.00,"206,000.00"
2019-12-23,2019122301007681,ADBL,51,6,125,412.00,"51,500.00"
2019-12-23,2019122301007680,ADBL,35,6,800,412.00,"329,600.00"
2019-12-23,2019122301007679,ADBL,7,6,500,412.00,"206,000.00"
2019-12-23,2019122301007678,ADBL,33,6,500,412.00,"206,000.00"
2019-12-23,2019122301007677,ADBL,51,6,24,412.00,"9,888.00"
2019-12-23,2019122301007613,ADBL,51,38,500,412.00,"206,000.00"
2019-12-23,2019122301007674,AHPC,45,47,86,96.00,"8,256.00"
2019-12-23,2019122301007673,AHPC,26,47,100,96.00,"9,600.00"
2019-12-23,2019122301007672,AHPC,32,47,200,97.00,"19,400.00"
2019-12-23,2019122301008050,ALBSL,42,16,10,507.00,"5,070.00"
2019-12-23,2019122301007947,ALBSL,5,38,10,498.00,"4,980.00"
2019-12-23,2019122301007925,ALBSL,5,38,10,498.00,"4,980.00"
2019-12-23,2019122301007924,ALBSL,5,42,10,495.00,"4,950.00"
2019-12-23,2019122301007877,ALBSL,5,10,200,505.00,"101,000.00"
2019-12-23,2019122301008030,ALICL,46,45,11,365.00,"4,015.00"
2019-12-23,2019122301008029,ALICL,46,50,19,362.00,"6,878.00"
2019-12-23,2019122301007963,ALICL,4,50,274,362.00,"99,188.00"
2019-12-23,2019122301007939,ALICL,4,19,250,362.00,"90,500.00"
2019-12-23,2019122301007855,ALICL,4,56,127,362.00,"45,974.00"
2019-12-23,2019122301007789,ALICL,4,56,300,362.00,"108,600.00"
2019-12-23,2019122301007630,ALICL,4,55,49,362.00,"17,738.00"
2019-12-23,2019122301008048,API,22,44,400,109.00,"43,600.00"
2019-12-23,2019122301008023,API,25,44,30,109.00,"3,270.00"
2019-12-23,2019122301008003,API,46,25,"1,000",107.00,"107,000.00"
2019-12-23,2019122301007906,BBC,45,39,20,"1,715.00","34,300.00"
2019-12-23,2019122301008036,BFC,52,42,"1,000",85.00,"85,000.00"
2019-12-23,2019122301008035,BFC,52,42,200,85.00,"17,000.00"
2019-12-23,2019122301008034,BFC,47,42,100,85.00,"8,500.00"
2019-12-23,2019122301008044,BNT,38,38,110,"6,011.00","661,210.00"
2019-12-23,2019122301008043,BNT,7,38,10,"6,050.00","60,500.00"
2019-12-23,2019122301008042,BNT,22,38,10,"6,085.00","60,850.00"
2019-12-23,2019122301008000,BOKL,13,6,200,218.00,"43,600.00"
2019-12-23,2019122301007907,BOKL,32,11,340,217.00,"73,780.00"
2019-12-23,2019122301007898,BOKL,41,11,10,217.00,"2,170.00"
2019-12-23,2019122301007897,BOKL,32,11,150,217.00,"32,550.00"
2019-12-23,2019122301007850,BOKL,32,16,24,217.00,"5,208.00"
2019-12-23,2019122301007998,BPCL,49,58,200,355.00,"71,000.00"
2019-12-23,2019122301007741,BPCL,6,58,200,355.00,"71,000.00"
2019-12-23,2019122301007708,BPCL,19,41,11,354.00,"3,894.00"
2019-12-23,2019122301007702,BPCL,43,58,50,355.00,"17,750.00"
2019-12-23,2019122301007656,BPCL,16,58,500,355.00,"177,500.00"
2019-12-23,2019122301007655,BPCL,21,58,500,355.00,"177,500.00"
2019-12-23,2019122301007931,CBL,43,8,10,136.00,"1,360.00"
2019-12-23,2019122301007900,CCBL,19,40,30,167.00,"5,010.00"
2019-12-23,2019122301007899,CCBL,19,33,20,166.00,"3,320.00"
2019-12-23,2019122301007722,CCBL,4,33,380,166.00,"63,080.00"
2019-12-23,2019122301007721,CCBL,4,34,100,166.00,"16,600.00"
2019-12-23,2019122301007930,CFCL,44,14,200,116.00,"23,200.00"
2019-12-23,2019122301008027,CHCL,21,40,230,358.00,"82,340.00"
2019-12-23,2019122301008026,CHCL,26,40,200,358.00,"71,600.00"
2019-12-23,2019122301008025,CHCL,36,40,500,358.00,"179,000.00"
2019-12-23,2019122301008024,CHCL,52,40,70,358.00,"25,060.00"
2019-12-23,2019122301007883,CHCL,49,45,37,360.00,"13,320.00"
2019-12-23,2019122301007635,CIT,58,14,20,"1,969.00","39,380.00"
2019-12-23,2019122301007594,CORBL,42,22,200,104.00,"20,800.00"
2019-12-23,2019122301007601,CZBIL,49,35,87,183.00,"15,921.00"
2019-12-23,2019122301007600,CZBIL,1,35,422,183.00,"77,226.00"
2019-12-23,2019122301007599,CZBIL,45,35,30,184.00,"5,520.00"
2019-12-23,2019122301007865,DBBL,28,33,150,139.00,"20,850.00"
2019-12-23,2019122301007707,DBBL,5,34,100,138.00,"13,800.00"
2019-12-23,2019122301008022,DDBL,43,29,500,877.00,"438,500.00"
2019-12-23,2019122301008021,DDBL,43,29,200,877.00,"175,400.00"
2019-12-23,2019122301008020,DDBL,43,18,40,876.00,"35,040.00"
2019-12-23,2019122301008019,DDBL,43,35,106,876.00,"92,856.00"
2019-12-23,2019122301007940,DDBL,8,34,10,872.00,"8,720.00"
2019-12-23,2019122301007830,DDBL,1,29,100,877.00,"87,700.00"
2019-12-23,2019122301007772,DDBL,17,17,100,874.00,"87,400.00"
2019-12-23,2019122301007645,DDBL,7,43,100,875.00,"87,500.00"
2019-12-23,2019122301007967,EBL,41,6,100,529.00,"52,900.00"
2019-12-23,2019122301007966,EBL,44,6,260,529.00,"137,540.00"
2019-12-23,2019122301007839,EBL,25,32,315,530.00,"166,950.00"
2019-12-23,2019122301007728,EBL,25,1,185,530.00,"98,050.00"
2019-12-23,2019122301007727,EBL,35,1,10,530.00,"5,300.00"
2019-12-23,2019122301008011,EIC,49,38,10,280.00,"2,800.00"
2019-12-23,2019122301008010,EIC,49,22,190,278.00,"52,820.00"
2019-12-23,2019122301007958,EIC,45,22,10,278.00,"2,780.00"
2019-12-23,2019122301007957,EIC,45,42,200,275.00,"55,000.00"
2019-12-23,2019122301007956,EIC,45,14,220,275.00,"60,500.00"
2019-12-23,2019122301007871,EIC,58,14,80,275.00,"22,000.00"
2019-12-23,2019122301007602,EIC,29,4,50,272.00,"13,600.00"
2019-12-23,2019122301007609,EIC,41,19,15,273.00,"4,095.00"
2019-12-23,2019122301007608,EIC,41,39,150,273.00,"40,950.00"
2019-12-23,2019122301007607,EIC,41,35,150,273.00,"40,950.00"
2019-12-23,2019122301007606,EIC,41,4,48,272.00,"13,056.00"
2019-12-23,2019122301007605,EIC,41,4,30,272.00,"8,160.00"
2019-12-23,2019122301007604,EIC,41,22,107,272.00,"29,104.00"
2019-12-23,2019122301007870,EIC,58,38,150,275.00,"41,250.00"
2019-12-23,2019122301007869,EIC,58,51,20,275.00,"5,500.00"
2019-12-23,2019122301007868,EIC,58,59,700,274.00,"191,800.00"
2019-12-23,2019122301007867,EIC,58,33,50,274.00,"13,700.00"
2019-12-23,2019122301007854,EIC,49,22,100,273.00,"27,300.00"
2019-12-23,2019122301007853,EIC,49,19,185,273.00,"50,505.00"
2019-12-23,2019122301007977,FMDBL,56,59,10,327.00,"3,270.00"
2019-12-23,2019122301007946,FMDBL,5,43,100,324.00,"32,400.00"
2019-12-23,2019122301007634,FMDBL,19,59,150,327.00,"49,050.00"
2019-12-23,2019122301007737,FOWAD,40,22,19,"1,378.00","26,182.00"
2019-12-23,2019122301007910,GBBL,44,33,90,204.00,"18,360.00"
2019-12-23,2019122301007882,GBBL,44,48,300,203.00,"60,900.00"
2019-12-23,2019122301007881,GBBL,44,48,50,203.00,"10,150.00"
2019-12-23,2019122301007880,GBBL,44,48,50,203.00,"10,150.00"
2019-12-23,2019122301007800,GBBL,44,33,150,204.00,"30,600.00"
2019-12-23,2019122301007799,GBBL,7,33,60,204.00,"12,240.00"
2019-12-23,2019122301007972,GBLBS,38,49,15,318.00,"4,770.00"
2019-12-23,2019122301007971,GBLBS,38,49,15,318.00,"4,770.00"
2019-12-23,2019122301007970,GBLBS,38,49,15,318.00,"4,770.00"
2019-12-23,2019122301007969,GBLBS,38,49,15,318.00,"4,770.00"
2019-12-23,2019122301007701,GBLBS,42,25,15,316.00,"4,740.00"
2019-12-23,2019122301008054,GFCL,43,56,10,137.00,"1,370.00"
2019-12-23,2019122301007740,GGBSL,11,1,40,601.00,"24,040.00"
2019-12-23,2019122301007944,GLBSL,58,39,50,469.00,"23,450.00"
2019-12-23,2019122301008065,GLICL,45,38,100,459.00,"45,900.00"
2019-12-23,2019122301007922,GLICL,53,38,500,459.00,"229,500.00"
2019-12-23,2019122301007733,GLICL,37,16,40,459.00,"18,360.00"
2019-12-23,2019122301008001,GMFBS,55,43,100,576.00,"57,600.00"
2019-12-23,2019122301007632,GMFBS,32,49,10,573.00,"5,730.00"
2019-12-23,2019122301008060,HBL,44,14,48,491.00,"23,568.00"
2019-12-23,2019122301008059,HBL,33,14,200,492.00,"98,400.00"
2019-12-23,2019122301008058,HBL,16,14,500,492.00,"246,000.00"
2019-12-23,2019122301008057,HBL,35,14,20,493.00,"9,860.00"
2019-12-23,2019122301008056,HBL,34,14,24,493.00,"11,832.00"
2019-12-23,2019122301007665,HBL,46,14,100,494.00,"49,400.00"
2019-12-23,2019122301008089,HDL,38,58,10,"1,254.00","12,540.00"
2019-12-23,2019122301008053,HDL,38,58,50,"1,255.00","62,750.00"
2019-12-23,2019122301008017,HDL,37,58,40,"1,241.00","49,640.00"
2019-12-23,2019122301007997,HDL,41,58,100,"1,245.00","124,500.00"
2019-12-23,2019122301007996,HDL,50,58,500,"1,246.00","623,000.00"
2019-12-23,2019122301007995,HDL,37,58,50,"1,246.00","62,300.00"
2019-12-23,2019122301007994,HDL,7,58,100,"1,248.00","124,800.00"
2019-12-23,2019122301007993,HDL,38,58,10,"1,254.00","12,540.00"
2019-12-23,2019122301007904,HGI,37,40,234,290.00,"67,860.00"
2019-12-23,2019122301007862,HIDCL,41,35,16,144.00,"2,304.00"
2019-12-23,2019122301007743,HIDCL,41,42,13,144.00,"1,872.00"
2019-12-23,2019122301007885,HPPL,53,41,10,134.00,"1,340.00"
2019-12-23,2019122301008028,JFL,20,13,10,200.00,"2,000.00"
2019-12-23,2019122301007790,JOSHI,57,59,20,60.00,"1,200.00"
2019-12-23,2019122301008080,JSLBB,10,38,100,"1,207.00","120,700.00"
2019-12-23,2019122301007982,JSLBB,32,38,70,"1,188.00","83,160.00"
2019-12-23,2019122301007981,JSLBB,40,38,100,"1,189.00","118,900.00"
2019-12-23,2019122301007980,JSLBB,10,38,71,"1,190.00","84,490.00"
2019-12-23,2019122301007979,JSLBB,13,38,30,"1,191.00","35,730.00"
2019-12-23,2019122301007978,JSLBB,45,38,29,"1,200.00","34,800.00"
2019-12-23,2019122301007615,JSLBB,45,51,50,"1,200.00","60,000.00"
2019-12-23,2019122301007614,JSLBB,45,1,21,"1,200.00","25,200.00"
2019-12-23,2019122301007686,JSLBB,10,38,100,"1,207.00","120,700.00"
2019-12-23,2019122301007685,JSLBB,10,1,50,"1,201.00","60,050.00"
2019-12-23,2019122301007720,KBL,56,16,10,183.00,"1,830.00"
2019-12-23,2019122301007636,KBL,53,25,100,181.00,"18,100.00"
2019-12-23,2019122301007603,KBL,53,1,100,181.00,"18,100.00"
2019-12-23,2019122301007988,LBBL,33,38,10,194.00,"1,940.00"
2019-12-23,2019122301007654,LBBL,1,17,"2,500",193.00,"482,500.00"
2019-12-23,2019122301007653,LBBL,1,58,55,193.00,"10,615.00"
2019-12-23,2019122301007652,LBBL,1,33,500,193.00,"96,500.00"
2019-12-23,2019122301007651,LBBL,1,53,426,193.00,"82,218.00"
2019-12-23,2019122301007650,LBBL,1,59,300,193.00,"57,900.00"
2019-12-23,2019122301007649,LBBL,1,45,500,193.00,"96,500.00"
2019-12-23,2019122301007648,LBBL,1,4,300,193.00,"57,900.00"
2019-12-23,2019122301007647,LBBL,1,22,100,192.00,"19,200.00"
2019-12-23,2019122301007742,LBL,41,45,282,193.00,"54,426.00"
2019-12-23,2019122301007595,MBL,33,1,100,219.00,"21,900.00"
2019-12-23,2019122301007903,MDB,1,6,20,250.00,"5,000.00"
2019-12-23,2019122301007902,MDB,1,39,15,249.00,"3,735.00"
2019-12-23,2019122301008041,MEGA,59,11,40,184.00,"7,360.00"
2019-12-23,2019122301008040,MEGA,59,11,32,184.00,"5,888.00"
2019-12-23,2019122301008039,MEGA,59,38,"1,480",184.00,"272,320.00"
2019-12-23,2019122301008038,MEGA,59,32,76,184.00,"13,984.00"
2019-12-23,2019122301007642,MEGA,32,11,350,183.00,"64,050.00"
2019-12-23,2019122301007641,MEGA,51,11,500,183.00,"91,500.00"
2019-12-23,2019122301007640,MEGA,19,11,100,183.00,"18,300.00"
2019-12-23,2019122301007639,MEGA,34,11,100,183.00,"18,300.00"
2019-12-23,2019122301007638,MEGA,59,11,106,183.00,"19,398.00"
2019-12-23,2019122301007624,MEGA,59,25,51,183.00,"9,333.00"
2019-12-23,2019122301007908,MEGA,43,38,10,184.00,"1,840.00"
2019-12-23,2019122301007644,MEGA,34,11,39,183.00,"7,137.00"
2019-12-23,2019122301007643,MEGA,28,11,732,183.00,"133,956.00"
2019-12-23,2019122301008084,MERO,16,56,100,455.00,"45,500.00"
2019-12-23,2019122301008073,MERO,6,51,10,454.00,"4,540.00"
2019-12-23,2019122301008072,MERO,6,28,17,454.00,"7,718.00"
2019-12-23,2019122301008071,MERO,6,56,100,454.00,"45,400.00"
2019-12-23,2019122301008070,MERO,6,46,33,454.00,"14,982.00"
2019-12-23,2019122301007726,MERO,13,17,33,453.00,"14,949.00"
2019-12-23,2019122301007725,MERO,13,17,33,453.00,"14,949.00"
2019-12-23,2019122301007724,MERO,13,47,100,453.00,"45,300.00"
2019-12-23,2019122301007738,MFIL,50,49,"15,794",140.00,"2,211,160.00"
2019-12-23,2019122301007688,MLBBL,16,50,10,570.00,"5,700.00"
2019-12-23,2019122301007687,MLBBL,16,34,16,561.00,"8,976.00"
2019-12-23,2019122301007598,MLBBL,16,34,571,561.00,"320,331.00"
2019-12-23,2019122301007637,MPFL,58,33,10,106.00,"1,060.00"
2019-12-23,2019122301008008,MSMBS,32,48,30,564.00,"16,920.00"
2019-12-23,2019122301008004,MSMBS,32,6,10,559.00,"5,590.00"
2019-12-23,2019122301007965,MSMBS,32,6,10,557.00,"5,570.00"
2019-12-23,2019122301007745,MSMBS,32,6,200,547.00,"109,400.00"
2019-12-23,2019122301008086,NABIL,49,53,10,750.00,"7,500.00"
2019-12-23,2019122301008079,NABIL,53,53,500,750.00,"375,000.00"
2019-12-23,2019122301008078,NABIL,57,53,100,750.00,"75,000.00"
2019-12-23,2019122301008077,NABIL,47,53,40,750.00,"30,000.00"
2019-12-23,2019122301008076,NABIL,35,53,20,750.00,"15,000.00"
2019-12-23,2019122301008069,NABIL,47,59,10,750.00,"7,500.00"
2019-12-23,2019122301007769,NABIL,57,6,200,754.00,"150,800.00"
2019-12-23,2019122301007692,NABIL,29,6,10,755.00,"7,550.00"
2019-12-23,2019122301007633,NABIL,57,6,20,755.00,"15,100.00"
2019-12-23,2019122301007628,NABIL,21,6,10,755.00,"7,550.00"
2019-12-23,2019122301007841,NABIL,51,49,500,753.00,"376,500.00"
2019-12-23,2019122301007840,NABIL,49,49,12,753.00,"9,036.00"
2019-12-23,2019122301007837,NABIL,53,6,500,754.00,"377,000.00"
2019-12-23,2019122301007834,NABIL,29,6,100,754.00,"75,400.00"
2019-12-23,2019122301007819,NABIL,52,6,100,754.00,"75,400.00"
2019-12-23,2019122301007770,NABIL,26,6,200,754.00,"150,800.00"
2019-12-23,2019122301007847,NABIL,51,49,100,752.00,"75,200.00"
2019-12-23,2019122301007846,NABIL,26,49,20,752.00,"15,040.00"
2019-12-23,2019122301007845,NABIL,51,49,300,752.00,"225,600.00"
2019-12-23,2019122301007844,NABIL,33,49,500,753.00,"376,500.00"
2019-12-23,2019122301007843,NABIL,32,49,100,753.00,"75,300.00"
2019-12-23,2019122301007842,NABIL,45,49,38,753.00,"28,614.00"
2019-12-23,2019122301007912,NABIL,34,6,35,750.00,"26,250.00"
2019-12-23,2019122301007911,NABIL,42,6,50,750.00,"37,500.00"
2019-12-23,2019122301007873,NABIL,50,53,500,751.00,"375,500.00"
2019-12-23,2019122301007872,NABIL,47,53,500,751.00,"375,500.00"
2019-12-23,2019122301007856,NABIL,29,49,100,752.00,"75,200.00"
2019-12-23,2019122301007848,NABIL,13,49,"4,500",752.00,"3,384,000.00"
2019-12-23,2019122301007918,NABIL,42,6,100,750.00,"75,000.00"
2019-12-23,2019122301007917,NABIL,37,6,100,750.00,"75,000.00"
2019-12-23,2019122301007916,NABIL,53,6,100,750.00,"75,000.00"
2019-12-23,2019122301007915,NABIL,42,6,20,750.00,"15,000.00"
2019-12-23,2019122301007914,NABIL,33,6,200,750.00,"150,000.00"
2019-12-23,2019122301007913,NABIL,47,6,100,750.00,"75,000.00"
2019-12-23,2019122301007955,NABIL,50,6,19,752.00,"14,288.00"
2019-12-23,2019122301007926,NABIL,1,6,100,750.00,"75,000.00"
2019-12-23,2019122301007923,NABIL,35,6,200,750.00,"150,000.00"
2019-12-23,2019122301007921,NABIL,53,6,500,750.00,"375,000.00"
2019-12-23,2019122301007920,NABIL,14,6,25,750.00,"18,750.00"
2019-12-23,2019122301007919,NABIL,52,6,100,750.00,"75,000.00"
2019-12-23,2019122301007991,NABIL,14,53,150,750.00,"112,500.00"
2019-12-23,2019122301007989,NABIL,35,53,50,750.00,"37,500.00"
2019-12-23,2019122301007976,NABIL,29,53,100,750.00,"75,000.00"
2019-12-23,2019122301007975,NABIL,52,53,50,750.00,"37,500.00"
2019-12-23,2019122301007974,NABIL,49,53,100,750.00,"75,000.00"
2019-12-23,2019122301007973,NABIL,57,53,100,750.00,"75,000.00"
2019-12-23,2019122301008052,NABIL,35,59,30,750.00,"22,500.00"
2019-12-23,2019122301008051,NABIL,45,59,110,750.00,"82,500.00"
2019-12-23,2019122301008031,NABIL,45,53,340,750.00,"255,000.00"
2019-12-23,2019122301008005,NABIL,25,53,10,750.00,"7,500.00"
2019-12-23,2019122301008002,NABIL,21,53,100,750.00,"75,000.00"
2019-12-23,2019122301007992,NABIL,36,53,"1,000",750.00,"750,000.00"
2019-12-23,2019122301007719,NADEP,21,45,30,467.00,"14,010.00"
2019-12-23,2019122301007718,NADEP,21,21,100,467.00,"46,700.00"
2019-12-23,2019122301007717,NADEP,21,57,20,465.00,"9,300.00"
2019-12-23,2019122301007716,NADEP,21,58,30,460.00,"13,800.00"
2019-12-23,2019122301007949,NBB,37,19,50,189.00,"9,450.00"
2019-12-23,2019122301007736,NBB,25,3,500,188.00,"94,000.00"
2019-12-23,2019122301007735,NBB,25,40,300,188.00,"56,400.00"
2019-12-23,2019122301007734,NBB,25,16,100,188.00,"18,800.00"
2019-12-23,2019122301007631,NBB,59,41,30,187.00,"5,610.00"
2019-12-23,2019122301007596,NBB,59,34,74,187.00,"13,838.00"
2019-12-23,2019122301008091,NBL,6,33,"3,000",315.00,"945,000.00"
2019-12-23,2019122301007945,NBL,43,33,10,315.00,"3,150.00"
2019-12-23,2019122301007879,NBL,33,1,500,314.00,"157,000.00"
2019-12-23,2019122301007876,NBL,33,8,"1,000",314.00,"314,000.00"
2019-12-23,2019122301007863,NBL,55,33,100,315.00,"31,500.00"
2019-12-23,2019122301007838,NBL,29,33,"1,400",315.00,"441,000.00"
2019-12-23,2019122301007771,NBL,25,33,500,315.00,"157,500.00"
2019-12-23,2019122301007705,NBL,17,33,500,315.00,"157,500.00"
2019-12-23,2019122301007684,NBL,48,33,200,315.00,"63,000.00"
2019-12-23,2019122301007616,NBL,43,33,25,315.00,"7,875.00"
2019-12-23,2019122301008090,NCCB,33,44,50,207.00,"10,350.00"
2019-12-23,2019122301007942,NCCB,59,52,400,207.00,"82,800.00"
2019-12-23,2019122301007927,NCCB,33,52,100,207.00,"20,700.00"
2019-12-23,2019122301007829,NCCB,1,33,462,206.00,"95,172.00"
2019-12-23,2019122301007828,NCCB,32,33,"3,500",206.00,"721,000.00"
2019-12-23,2019122301007827,NCCB,44,33,200,206.00,"41,200.00"
2019-12-23,2019122301007627,NCCB,51,3,795,207.00,"164,565.00"
2019-12-23,2019122301007626,NCCB,25,3,300,207.00,"62,100.00"
2019-12-23,2019122301007625,NCCB,38,3,105,207.00,"21,735.00"
2019-12-23,2019122301007748,NCCB,26,33,531,206.00,"109,386.00"
2019-12-23,2019122301007671,NCCB,38,45,90,207.00,"18,630.00"
2019-12-23,2019122301007670,NCCB,59,45,70,207.00,"14,490.00"
2019-12-23,2019122301007669,NCCB,34,45,100,207.00,"20,700.00"
2019-12-23,2019122301007668,NCCB,6,45,200,207.00,"41,400.00"
2019-12-23,2019122301007667,NCCB,51,45,205,207.00,"42,435.00"
2019-12-23,2019122301007754,NCCB,52,33,500,206.00,"103,000.00"
2019-12-23,2019122301007753,NCCB,13,33,300,206.00,"61,800.00"
2019-12-23,2019122301007752,NCCB,19,33,80,206.00,"16,480.00"
2019-12-23,2019122301007751,NCCB,46,33,40,206.00,"8,240.00"
2019-12-23,2019122301007750,NCCB,38,33,200,206.00,"41,200.00"
2019-12-23,2019122301007749,NCCB,28,33,19,206.00,"3,914.00"
2019-12-23,2019122301007781,NCCB,38,45,100,206.00,"20,600.00"
2019-12-23,2019122301007780,NCCB,44,45,500,206.00,"103,000.00"
2019-12-23,2019122301007779,NCCB,52,45,670,206.00,"138,020.00"
2019-12-23,2019122301007757,NCCB,52,33,330,206.00,"67,980.00"
2019-12-23,2019122301007756,NCCB,40,33,"2,000",206.00,"412,000.00"
2019-12-23,2019122301007755,NCCB,45,33,"1,000",206.00,"206,000.00"
2019-12-23,2019122301007787,NCCB,5,45,500,206.00,"103,000.00"
2019-12-23,2019122301007786,NCCB,34,45,"2,000",206.00,"412,000.00"
2019-12-23,2019122301007785,NCCB,45,45,500,206.00,"103,000.00"
2019-12-23,2019122301007784,NCCB,44,45,200,206.00,"41,200.00"
2019-12-23,2019122301007783,NCCB,41,45,100,206.00,"20,600.00"
2019-12-23,2019122301007782,NCCB,42,45,160,206.00,"32,960.00"
2019-12-23,2019122301007826,NCCB,25,33,500,206.00,"103,000.00"
2019-12-23,2019122301007825,NCCB,46,33,100,206.00,"20,600.00"
2019-12-23,2019122301007824,NCCB,57,33,36,206.00,"7,416.00"
2019-12-23,2019122301007823,NCCB,29,33,37,206.00,"7,622.00"
2019-12-23,2019122301007822,NCCB,36,33,165,206.00,"33,990.00"
2019-12-23,2019122301007788,NCCB,36,45,135,206.00,"27,810.00"
2019-12-23,2019122301008087,NGPL,53,7,"1,000",112.00,"112,000.00"
2019-12-23,2019122301007950,NGPL,42,7,30,113.00,"3,390.00"
2019-12-23,2019122301008049,NIB,16,50,49,430.00,"21,070.00"
2019-12-23,2019122301007852,NIBPO,33,13,100,402.00,"40,200.00"
2019-12-23,2019122301008074,NICA,58,4,"4,800",415.00,"1,992,000.00"
2019-12-23,2019122301008062,NICA,18,4,200,415.00,"83,000.00"
2019-12-23,2019122301007954,NICA,18,40,100,415.00,"41,500.00"
2019-12-23,2019122301007878,NICA,3,49,190,415.00,"78,850.00"
2019-12-23,2019122301008082,NICL,56,56,50,299.00,"14,950.00"
2019-12-23,2019122301008047,NICL,43,56,10,299.00,"2,990.00"
2019-12-23,2019122301007833,NICL,6,57,54,300.00,"16,200.00"
2019-12-23,2019122301007832,NICL,6,51,42,300.00,"12,600.00"
2019-12-23,2019122301007831,NICL,6,1,532,299.00,"159,068.00"
2019-12-23,2019122301007777,NICL,6,50,200,298.00,"59,600.00"
2019-12-23,2019122301007776,NICL,6,25,72,298.00,"21,456.00"
2019-12-23,2019122301007775,NICL,6,42,100,297.00,"29,700.00"
2019-12-23,2019122301007629,NICL,34,44,88,294.00,"25,872.00"
2019-12-23,2019122301007597,NICL,57,44,100,295.00,"29,500.00"
2019-12-23,2019122301007821,NIL,57,47,134,420.00,"56,280.00"
2019-12-23,2019122301007797,NIL,57,47,385,420.00,"161,700.00"
2019-12-23,2019122301007796,NIL,57,28,100,420.00,"42,000.00"
2019-12-23,2019122301007795,NIL,57,57,100,420.00,"42,000.00"
2019-12-23,2019122301007794,NIL,57,50,200,419.00,"83,800.00"
2019-12-23,2019122301007793,NIL,57,22,15,419.00,"6,285.00"
2019-12-23,2019122301007792,NIL,57,3,200,418.00,"83,600.00"
2019-12-23,2019122301008014,NLG,4,58,315,608.00,"191,520.00"
2019-12-23,2019122301008013,NLG,4,52,485,607.00,"294,395.00"
2019-12-23,2019122301007909,NLIC,44,33,10,890.00,"8,900.00"
2019-12-23,2019122301007874,NLIC,53,49,40,888.00,"35,520.00"
2019-12-23,2019122301007864,NLIC,43,42,10,890.00,"8,900.00"
2019-12-23,2019122301007691,NLIC,53,14,20,888.00,"17,760.00"
2019-12-23,2019122301007690,NLIC,34,14,100,889.00,"88,900.00"
2019-12-23,2019122301007610,NLIC,53,25,22,888.00,"19,536.00"
2019-12-23,2019122301008033,NLICL,43,37,96,486.00,"46,656.00"
2019-12-23,2019122301007987,NLICL,43,46,500,486.00,"243,000.00"
2019-12-23,2019122301007986,NLICL,43,59,104,486.00,"50,544.00"
2019-12-23,2019122301007985,NLICL,43,57,200,485.00,"97,000.00"
2019-12-23,2019122301007984,NLICL,43,52,100,485.00,"48,500.00"
2019-12-23,2019122301007941,NMB,4,14,"5,000",327.00,"1,635,000.00"
2019-12-23,2019122301007896,NMB,4,14,"2,010",327.00,"657,270.00"
2019-12-23,2019122301007895,NMB,4,19,200,327.00,"65,400.00"
2019-12-23,2019122301007894,NMB,4,1,506,327.00,"165,462.00"
2019-12-23,2019122301007893,NMB,4,38,"1,000",327.00,"327,000.00"
2019-12-23,2019122301007892,NMB,4,14,100,327.00,"32,700.00"
2019-12-23,2019122301007619,NMB,34,39,20,325.00,"6,500.00"
2019-12-23,2019122301007618,NMB,34,49,105,325.00,"34,125.00"
2019-12-23,2019122301007804,NMB,57,11,70,326.00,"22,820.00"
2019-12-23,2019122301007803,NMB,42,11,11,326.00,"3,586.00"
2019-12-23,2019122301007759,NMB,4,1,30,325.00,"9,750.00"
2019-12-23,2019122301007758,NMB,48,1,70,325.00,"22,750.00"
2019-12-23,2019122301007700,NMB,48,22,50,325.00,"16,250.00"
2019-12-23,2019122301007620,NMB,48,39,380,325.00,"123,500.00"
2019-12-23,2019122301007891,NMB,4,59,50,327.00,"16,350.00"
2019-12-23,2019122301007890,NMB,4,6,12,327.00,"3,924.00"
2019-12-23,2019122301007889,NMB,4,6,12,327.00,"3,924.00"
2019-12-23,2019122301007888,NMB,4,48,320,327.00,"104,640.00"
2019-12-23,2019122301007887,NMB,4,48,200,327.00,"65,400.00"
2019-12-23,2019122301007886,NMB,4,56,590,327.00,"192,930.00"
2019-12-23,2019122301007816,NMBHF1,34,57,300,8.68,"2,604.00"
2019-12-23,2019122301007815,NMBHF1,34,57,300,8.75,"2,625.00"
2019-12-23,2019122301007814,NMBHF1,34,57,400,8.80,"3,520.00"
2019-12-23,2019122301008061,NNLB,10,37,10,515.00,"5,150.00"
2019-12-23,2019122301008016,NNLB,34,52,200,511.00,"102,200.00"
2019-12-23,2019122301008015,NNLB,5,52,100,511.00,"51,100.00"
2019-12-23,2019122301008009,NNLB,10,37,10,515.00,"5,150.00"
2019-12-23,2019122301007937,NSEWA,11,39,20,471.00,"9,420.00"
2019-12-23,2019122301007936,NSEWA,11,56,10,471.00,"4,710.00"
2019-12-23,2019122301007935,NSEWA,11,45,10,471.00,"4,710.00"
2019-12-23,2019122301007623,NUBL,4,22,290,785.00,"227,650.00"
2019-12-23,2019122301007622,NUBL,4,1,10,785.00,"7,850.00"
2019-12-23,2019122301007621,NUBL,4,21,100,785.00,"78,500.00"
2019-12-23,2019122301008075,OHL,26,43,10,455.00,"4,550.00"
2019-12-23,2019122301007611,PCBL,45,38,180,280.00,"50,400.00"
2019-12-23,2019122301007695,PIC,57,32,200,406.00,"81,200.00"
2019-12-23,2019122301007694,PIC,33,32,50,407.00,"20,350.00"
2019-12-23,2019122301007693,PIC,26,32,100,407.00,"40,700.00"
2019-12-23,2019122301008007,PLIC,49,13,23,362.00,"8,326.00"
2019-12-23,2019122301008006,PLIC,49,39,25,361.00,"9,025.00"
2019-12-23,2019122301007934,PLIC,58,16,50,357.00,"17,850.00"
2019-12-23,2019122301007820,PLIC,42,49,50,358.00,"17,900.00"
2019-12-23,2019122301007884,PRIN,13,44,300,336.00,"100,800.00"
2019-12-23,2019122301007901,PRVU,53,55,800,224.00,"179,200.00"
2019-12-23,2019122301007703,RBCLPO,7,33,20,"7,650.00","153,000.00"
2019-12-23,2019122301008037,RHPL,42,33,20,175.00,"3,500.00"
2019-12-23,2019122301007938,RHPL,44,42,20,173.00,"3,460.00"
2019-12-23,2019122301007778,RHPL,44,42,40,173.00,"6,920.00"
2019-12-23,2019122301007774,RHPL,44,16,100,173.00,"17,300.00"
2019-12-23,2019122301007773,RHPL,44,48,40,173.00,"6,920.00"
2019-12-23,2019122301007933,RSDC,38,49,87,322.00,"28,014.00"
2019-12-23,2019122301007932,RSDC,6,49,63,323.00,"20,349.00"
2019-12-23,2019122301008066,SABSL,44,58,10,545.00,"5,450.00"
2019-12-23,2019122301008064,SABSL,42,58,10,545.00,"5,450.00"
2019-12-23,2019122301007948,SABSL,5,42,10,541.00,"5,410.00"
2019-12-23,2019122301008063,SADBL,59,48,12,143.00,"1,716.00"
2019-12-23,2019122301007875,SANIMA,16,52,200,313.00,"62,600.00"
2019-12-23,2019122301007699,SANIMA,4,33,60,314.00,"18,840.00"
2019-12-23,2019122301007698,SANIMA,4,53,100,314.00,"31,400.00"
2019-12-23,2019122301007697,SANIMA,4,20,50,314.00,"15,700.00"
2019-12-23,2019122301007696,SANIMA,4,44,90,314.00,"28,260.00"
2019-12-23,2019122301007689,SANIMA,4,44,300,314.00,"94,200.00"
2019-12-23,2019122301007676,SANIMA,4,44,110,314.00,"34,540.00"
2019-12-23,2019122301007675,SANIMA,4,50,190,314.00,"59,660.00"
2019-12-23,2019122301007646,SANIMA,4,50,300,314.00,"94,200.00"
2019-12-23,2019122301008068,SBL,52,46,50,286.00,"14,300.00"
2019-12-23,2019122301008046,SBL,52,46,"1,000",285.00,"285,000.00"
2019-12-23,2019122301008045,SBL,52,46,200,285.00,"57,000.00"
2019-12-23,2019122301007798,SBL,11,1,100,284.00,"28,400.00"
2019-12-23,2019122301007666,SBL,34,46,200,285.00,"57,000.00"
2019-12-23,2019122301007801,SDESI,45,38,48,586.00,"28,128.00"
2019-12-23,2019122301007768,SDESI,45,17,33,585.00,"19,305.00"
2019-12-23,2019122301007767,SDESI,45,32,27,585.00,"15,795.00"
2019-12-23,2019122301007766,SDESI,45,20,23,584.00,"13,432.00"
2019-12-23,2019122301007765,SDESI,45,21,25,584.00,"14,600.00"
2019-12-23,2019122301007731,SDESI,34,1,100,575.00,"57,500.00"
2019-12-23,2019122301007764,SDESI,45,44,17,584.00,"9,928.00"
2019-12-23,2019122301007763,SDESI,45,52,23,580.00,"13,340.00"
2019-12-23,2019122301007762,SDESI,45,5,50,579.00,"28,950.00"
2019-12-23,2019122301007761,SDESI,45,39,27,578.00,"15,606.00"
2019-12-23,2019122301007760,SDESI,45,39,27,578.00,"15,606.00"
2019-12-23,2019122301007732,SDESI,34,1,100,576.00,"57,600.00"
2019-12-23,2019122301007730,SFFIL,58,13,200,192.00,"38,400.00"
2019-12-23,2019122301007715,SHINE,42,57,10,234.00,"2,340.00"
2019-12-23,2019122301008083,SHIVM,22,22,100,457.00,"45,700.00"
2019-12-23,2019122301007723,SHIVM,22,22,50,457.00,"22,850.00"
2019-12-23,2019122301007714,SHIVM,22,39,35,457.00,"15,995.00"
2019-12-23,2019122301007713,SHIVM,56,39,200,457.00,"91,400.00"
2019-12-23,2019122301007712,SHIVM,56,39,200,457.00,"91,400.00"
2019-12-23,2019122301007711,SHIVM,56,39,200,457.00,"91,400.00"
2019-12-23,2019122301007710,SHIVM,25,39,10,457.00,"4,570.00"
2019-12-23,2019122301007709,SHIVM,49,39,155,457.00,"70,835.00"
2019-12-23,2019122301007706,SHIVM,49,22,25,457.00,"11,425.00"
2019-12-23,2019122301007851,SHL,56,33,100,188.00,"18,800.00"
2019-12-23,2019122301007813,SHPC,41,51,100,175.00,"17,500.00"
2019-12-23,2019122301007812,SHPC,41,41,300,175.00,"52,500.00"
2019-12-23,2019122301007811,SHPC,41,41,300,175.00,"52,500.00"
2019-12-23,2019122301007810,SHPC,41,41,500,175.00,"87,500.00"
2019-12-23,2019122301007809,SHPC,41,3,20,175.00,"3,500.00"
2019-12-23,2019122301007808,SHPC,41,50,600,175.00,"105,000.00"
2019-12-23,2019122301007807,SHPC,41,34,500,174.00,"87,000.00"
2019-12-23,2019122301007806,SHPC,41,6,400,173.00,"69,200.00"
2019-12-23,2019122301007805,SHPC,41,55,350,172.00,"60,200.00"
2019-12-23,2019122301007943,SIC,25,38,40,516.00,"20,640.00"
2019-12-23,2019122301007990,SICL,46,32,11,868.00,"9,548.00"
2019-12-23,2019122301007746,SICL,4,32,320,860.00,"275,200.00"
2019-12-23,2019122301007704,SIFC,17,57,20,145.00,"2,900.00"
2019-12-23,2019122301007866,SIL,25,36,20,416.00,"8,320.00"
2019-12-23,2019122301008081,SJCL,42,57,10,161.00,"1,610.00"
2019-12-23,2019122301008055,SJCL,18,53,20,160.00,"3,200.00"
2019-12-23,2019122301007968,SJCL,18,42,10,160.00,"1,600.00"
2019-12-23,2019122301007802,SJCL,18,42,20,160.00,"3,200.00"
2019-12-23,2019122301007791,SJCL,18,48,20,160.00,"3,200.00"
2019-12-23,2019122301007739,SKBBL,38,53,400,"1,009.00","403,600.00"
2019-12-23,2019122301007849,SLBSL,37,59,10,620.00,"6,200.00"
2019-12-23,2019122301007683,SLBSL,48,40,100,615.00,"61,500.00"
2019-12-23,2019122301008088,SLICL,25,42,30,294.00,"8,820.00"
2019-12-23,2019122301007928,SLICL,25,11,22,295.00,"6,490.00"
2019-12-23,2019122301007905,SLICL,25,59,100,294.00,"29,400.00"
2019-12-23,2019122301007857,SLICL,26,53,100,293.00,"29,300.00"
2019-12-23,2019122301007836,SLICL,39,48,100,294.00,"29,400.00"
2019-12-23,2019122301007835,SLICL,39,26,381,294.00,"112,014.00"
2019-12-23,2019122301007744,SLICL,26,34,266,293.00,"77,938.00"
2019-12-23,2019122301007729,SLICL,26,3,200,293.00,"58,600.00"
2019-12-23,2019122301008093,SPARS,21,34,10,612.00,"6,120.00"
2019-12-23,2019122301008092,SPARS,32,34,"1,000",613.00,"613,000.00"
2019-12-23,2019122301008012,SPARS,32,33,"1,340",612.00,"820,080.00"
2019-12-23,2019122301007964,SPARS,32,33,500,612.00,"306,000.00"
2019-12-23,2019122301007962,SPARS,35,33,20,612.00,"12,240.00"
2019-12-23,2019122301007961,SPARS,40,33,20,613.00,"12,260.00"
2019-12-23,2019122301007662,SPARS,45,20,10,622.00,"6,220.00"
2019-12-23,2019122301007661,SPARS,45,20,10,622.00,"6,220.00"
2019-12-23,2019122301007660,SPARS,45,21,10,622.00,"6,220.00"
2019-12-23,2019122301007659,SPARS,45,55,10,620.00,"6,200.00"
2019-12-23,2019122301007658,SPARS,45,58,10,620.00,"6,200.00"
2019-12-23,2019122301007657,SPARS,45,33,50,620.00,"31,000.00"
2019-12-23,2019122301007960,SPARS,39,33,40,613.00,"24,520.00"
2019-12-23,2019122301007959,SPARS,34,33,80,615.00,"49,200.00"
2019-12-23,2019122301007818,SPARS,34,48,10,615.00,"6,150.00"
2019-12-23,2019122301007747,SPARS,34,58,10,615.00,"6,150.00"
2019-12-23,2019122301007664,SPARS,45,1,50,625.00,"31,250.00"
2019-12-23,2019122301007663,SPARS,45,6,10,625.00,"6,250.00"
2019-12-23,2019122301008067,SPDL,29,39,15,87.00,"1,305.00"
2019-12-23,2019122301008018,SPDL,29,56,10,86.00,860.00
2019-12-23,2019122301007929,SPDL,44,16,"1,200",85.00,"102,000.00"
2019-12-23,2019122301008085,STC,40,51,10,"1,610.00","16,100.00"
2019-12-23,2019122301007983,STC,3,22,10,"1,638.00","16,380.00"
2019-12-23,2019122301007953,TRH,3,38,30,274.00,"8,220.00"
2019-12-23,2019122301007952,TRH,29,38,500,275.00,"137,500.00"
2019-12-23,2019122301007951,TRH,3,38,50,279.00,"13,950.00"
2019-12-23,2019122301007817,UIC,13,50,200,293.00,"58,600.00"
2019-12-23,2019122301007617,UIC,58,21,10,293.00,"2,930.00"
2019-12-23,2019122301007612,UMHL,45,54,956,112.00,"107,072.00"
2019-12-23,2019122301007861,UPPER,25,11,54,235.00,"12,690.00"
2019-12-23,2019122301007860,UPPER,22,11,100,235.00,"23,500.00"
2019-12-23,2019122301007859,UPPER,42,11,100,235.00,"23,500.00"
2019-12-23,2019122301007858,UPPER,32,11,98,235.00,"23,030.00"
2019-12-23,2019122301007999,VLBS,49,37,60,721.00,"43,260.00"
2019-12-23,2019122301007588,ADBL,51,38,476,412.00,"196,112.00"
2019-12-23,2019122301007587,ADBL,28,38,454,412.00,"187,048.00"
2019-12-23,2019122301007474,ADBL,17,45,50,413.00,"20,650.00"
2019-12-23,2019122301007471,ADBL,29,45,254,413.00,"104,902.00"
2019-12-23,2019122301007470,ADBL,29,45,246,413.00,"101,598.00"
2019-12-23,2019122301007283,ADBL,22,45,163,413.00,"67,319.00"
2019-12-23,2019122301007124,ADBL,52,38,20,414.00,"8,280.00"
2019-12-23,2019122301007373,AHPC,32,42,100,97.00,"9,700.00"
2019-12-23,2019122301007372,AHPC,33,42,100,97.00,"9,700.00"
2019-12-23,2019122301007304,AHPC,57,47,100,98.00,"9,800.00"
2019-12-23,2019122301007487,AKPL,13,7,"1,000",115.00,"115,000.00"
2019-12-23,2019122301007421,AKPL,44,7,121,115.00,"13,915.00"
2019-12-23,2019122301007543,ALBSL,18,34,10,508.00,"5,080.00"
2019-12-23,2019122301007518,ALBSL,16,39,50,503.00,"25,150.00"
2019-12-23,2019122301007517,ALBSL,16,7,70,503.00,"35,210.00"
2019-12-23,2019122301007516,ALBSL,16,41,20,503.00,"10,060.00"
2019-12-23,2019122301007515,ALBSL,16,20,80,502.00,"40,160.00"
2019-12-23,2019122301007457,ALBSL,34,56,160,499.00,"79,840.00"
2019-12-23,2019122301007456,ALBSL,34,52,50,498.00,"24,900.00"
2019-12-23,2019122301007463,ALBSL,34,20,120,502.00,"60,240.00"
2019-12-23,2019122301007462,ALBSL,34,47,50,501.00,"25,050.00"
2019-12-23,2019122301007461,ALBSL,34,42,50,500.00,"25,000.00"
2019-12-23,2019122301007460,ALBSL,34,19,10,500.00,"5,000.00"
2019-12-23,2019122301007459,ALBSL,34,13,50,500.00,"25,000.00"
2019-12-23,2019122301007458,ALBSL,34,52,10,500.00,"5,000.00"
2019-12-23,2019122301007552,ALICL,25,19,200,363.00,"72,600.00"
2019-12-23,2019122301007505,ALICL,57,32,"1,000",366.00,"366,000.00"
2019-12-23,2019122301007504,ALICL,57,47,450,366.00,"164,700.00"
2019-12-23,2019122301007503,ALICL,57,22,400,365.00,"146,000.00"
2019-12-23,2019122301007502,ALICL,57,48,200,364.00,"72,800.00"
2019-12-23,2019122301007143,ALICL,25,22,50,365.00,"18,250.00"
2019-12-23,2019122301007142,ALICL,25,40,300,364.00,"109,200.00"
2019-12-23,2019122301007112,ALICL,36,40,700,361.00,"252,700.00"
2019-12-23,2019122301007564,API,25,44,20,109.00,"2,180.00"
2019-12-23,2019122301007563,API,25,51,30,108.00,"3,240.00"
2019-12-23,2019122301007545,API,42,25,300,107.00,"32,100.00"
2019-12-23,2019122301007544,API,46,25,300,107.00,"32,100.00"
2019-12-23,2019122301007371,API,33,11,149,108.00,"16,092.00"
2019-12-23,2019122301007327,API,25,46,28,109.00,"3,052.00"
2019-12-23,2019122301007554,BNT,29,38,10,"6,100.00","61,000.00"
2019-12-23,2019122301007313,BOKL,45,40,29,218.00,"6,322.00"
2019-12-23,2019122301007312,BOKL,45,39,121,218.00,"26,378.00"
2019-12-23,2019122301007553,BPCL,44,44,4,350.00,"1,400.00"
2019-12-23,2019122301007246,BPCL,43,18,22,356.00,"7,832.00"
2019-12-23,2019122301007232,BPCL,43,44,33,355.00,"11,715.00"
2019-12-23,2019122301007231,BPCL,43,44,11,355.00,"3,905.00"
2019-12-23,2019122301007217,BPCL,43,44,22,355.00,"7,810.00"
2019-12-23,2019122301007525,CBL,58,17,10,135.00,"1,350.00"
2019-12-23,2019122301007524,CBL,58,48,290,135.00,"39,150.00"
2019-12-23,2019122301007358,CBL,59,48,100,135.00,"13,500.00"
2019-12-23,2019122301007356,CBL,11,48,500,135.00,"67,500.00"
2019-12-23,2019122301007340,CBL,21,48,30,135.00,"4,050.00"
2019-12-23,2019122301007209,CBL,55,48,80,135.00,"10,800.00"
2019-12-23,2019122301007208,CBL,55,48,20,135.00,"2,700.00"
2019-12-23,2019122301007134,CCBL,17,34,100,166.00,"16,600.00"
2019-12-23,2019122301007133,CCBL,57,34,91,166.00,"15,106.00"
2019-12-23,2019122301007385,CHCL,49,29,500,360.00,"180,000.00"
2019-12-23,2019122301007384,CHCL,49,39,24,360.00,"8,640.00"
2019-12-23,2019122301007383,CHCL,49,52,300,360.00,"108,000.00"
2019-12-23,2019122301007382,CHCL,49,52,99,360.00,"35,640.00"
2019-12-23,2019122301007138,CHCL,7,39,100,360.00,"36,000.00"
2019-12-23,2019122301007235,CIT,21,48,1,"1,969.00","1,969.00"
2019-12-23,2019122301007467,CLBSL,48,39,10,565.00,"5,650.00"
2019-12-23,2019122301007484,CMF1,43,35,"1,000",8.83,"8,830.00"
2019-12-23,2019122301007483,CMF1,43,35,100,8.90,890.00
2019-12-23,2019122301007220,CZBIL,45,34,80,184.00,"14,720.00"
2019-12-23,2019122301007567,DBBL,44,41,400,137.00,"54,800.00"
2019-12-23,2019122301007566,DBBL,34,41,100,138.00,"13,800.00"
2019-12-23,2019122301007523,DBBL,5,32,177,138.00,"24,426.00"
2019-12-23,2019122301007388,DBBL,5,57,500,138.00,"69,000.00"
2019-12-23,2019122301007268,DBBL,44,34,57,137.00,"7,809.00"
2019-12-23,2019122301007267,DBBL,46,34,43,138.00,"5,934.00"
2019-12-23,2019122301007204,DBBL,46,33,957,138.00,"132,066.00"
2019-12-23,2019122301007203,DBBL,57,33,43,138.00,"5,934.00"
2019-12-23,2019122301007490,DDBL,18,29,200,877.00,"175,400.00"
2019-12-23,2019122301007349,EBL,42,38,10,531.00,"5,310.00"
2019-12-23,2019122301007236,EDBL,39,39,100,291.00,"29,100.00"
2019-12-23,2019122301007593,EIC,57,19,500,270.00,"135,000.00"
2019-12-23,2019122301007183,FMDBL,21,58,10,327.00,"3,270.00"
2019-12-23,2019122301007182,FMDBL,21,43,30,327.00,"9,810.00"
2019-12-23,2019122301007181,FMDBL,21,59,90,327.00,"29,430.00"
2019-12-23,2019122301007316,GBBL,7,16,140,204.00,"28,560.00"
2019-12-23,2019122301007315,GBBL,7,16,860,204.00,"175,440.00"
2019-12-23,2019122301007122,GBBL,7,19,100,204.00,"20,400.00"
2019-12-23,2019122301007438,GBLBS,56,49,15,317.00,"4,755.00"
2019-12-23,2019122301007514,GGBSL,29,1,60,602.00,"36,120.00"
2019-12-23,2019122301007513,GGBSL,29,1,50,603.00,"30,150.00"
2019-12-23,2019122301007512,GGBSL,48,1,10,603.00,"6,030.00"
2019-12-23,2019122301007276,GLBSL,57,56,90,469.00,"42,210.00"
2019-12-23,2019122301007275,GLBSL,57,39,500,468.00,"234,000.00"
2019-12-23,2019122301007274,GLBSL,57,43,150,468.00,"70,200.00"
2019-12-23,2019122301007273,GLBSL,57,39,50,467.00,"23,350.00"
2019-12-23,2019122301007272,GLBSL,57,13,30,467.00,"14,010.00"
2019-12-23,2019122301007271,GLBSL,57,7,40,467.00,"18,680.00"
2019-12-23,2019122301007270,GLBSL,57,47,40,466.00,"18,640.00"
2019-12-23,2019122301007269,GLBSL,57,54,30,465.00,"13,950.00"
2019-12-23,2019122301007402,GLICL,45,38,50,460.00,"23,000.00"
2019-12-23,2019122301007401,GLICL,39,38,188,460.00,"86,480.00"
2019-12-23,2019122301007322,GLICL,45,10,200,462.00,"92,400.00"
2019-12-23,2019122301007175,GLICL,7,41,135,465.00,"62,775.00"
2019-12-23,2019122301007174,GLICL,7,5,50,465.00,"23,250.00"
2019-12-23,2019122301007173,GLICL,7,6,158,465.00,"73,470.00"
2019-12-23,2019122301007172,GLICL,7,44,10,464.00,"4,640.00"
2019-12-23,2019122301007171,GLICL,7,43,147,464.00,"68,208.00"
2019-12-23,2019122301007170,GLICL,7,52,500,463.00,"231,500.00"
2019-12-23,2019122301007551,GMFBS,32,48,10,573.00,"5,730.00"
2019-12-23,2019122301007417,GMFBS,16,7,220,575.00,"126,500.00"
2019-12-23,2019122301007331,GMFBS,16,7,100,574.00,"57,400.00"
2019-12-23,2019122301007328,GMFBS,16,41,200,574.00,"114,800.00"
2019-12-23,2019122301007292,GMFBS,16,56,200,574.00,"114,800.00"
2019-12-23,2019122301007145,GMFIL,52,49,80,117.00,"9,360.00"
2019-12-23,2019122301007144,GMFIL,43,49,20,117.00,"2,340.00"
2019-12-23,2019122301007098,HBL,41,17,10,496.00,"4,960.00"
2019-12-23,2019122301007406,HDL,35,54,100,"1,250.00","125,000.00"
2019-12-23,2019122301007405,HDL,4,54,500,"1,251.00","625,500.00"
2019-12-23,2019122301007404,HDL,52,54,100,"1,252.00","125,200.00"
2019-12-23,2019122301007403,HDL,48,54,100,"1,252.00","125,200.00"
2019-12-23,2019122301007381,HGI,38,20,480,289.00,"138,720.00"
2019-12-23,2019122301007368,HGI,52,20,500,289.00,"144,500.00"
2019-12-23,2019122301007361,HGI,45,20,20,289.00,"5,780.00"
2019-12-23,2019122301007357,HGI,57,3,100,288.00,"28,800.00"
2019-12-23,2019122301007147,HGI,58,3,100,291.00,"29,100.00"
2019-12-23,2019122301007105,HGI,58,35,100,291.00,"29,100.00"
2019-12-23,2019122301007227,HPPL,52,13,20,136.00,"2,720.00"
2019-12-23,2019122301007226,HPPL,52,13,10,136.00,"1,360.00"
2019-12-23,2019122301007225,HPPL,52,18,10,135.00,"1,350.00"
2019-12-23,2019122301007314,ICFC,49,28,63,160.00,"10,080.00"
2019-12-23,2019122301007521,IGI,45,43,20,313.00,"6,260.00"
2019-12-23,2019122301007284,IGI,55,43,100,313.00,"31,300.00"
2019-12-23,2019122301007291,ILBS,34,48,10,540.00,"5,400.00"
2019-12-23,2019122301007550,JBBL,57,36,877,171.00,"149,967.00"
2019-12-23,2019122301007473,JBBL,58,36,400,171.00,"68,400.00"
2019-12-23,2019122301007472,JBBL,25,36,"1,181",171.00,"201,951.00"
2019-12-23,2019122301007241,JBBL,57,39,300,172.00,"51,600.00"
2019-12-23,2019122301007240,JBBL,57,13,199,172.00,"34,228.00"
2019-12-23,2019122301007193,JBBL,34,13,296,172.00,"50,912.00"
2019-12-23,2019122301007192,JBBL,34,36,204,172.00,"35,088.00"
2019-12-23,2019122301007151,JBBL,17,36,200,172.00,"34,400.00"
2019-12-23,2019122301007150,JBBL,17,17,700,172.00,"120,400.00"
2019-12-23,2019122301007149,JBBL,17,32,100,172.00,"17,200.00"
2019-12-23,2019122301007129,JBBL,25,47,200,171.00,"34,200.00"
2019-12-23,2019122301007097,JBBL,25,34,410,171.00,"70,110.00"
2019-12-23,2019122301007440,JSLBB,10,19,29,"1,190.00","34,510.00"
2019-12-23,2019122301007153,JSLBB,33,38,20,"1,189.00","23,780.00"
2019-12-23,2019122301007152,JSLBB,10,38,100,"1,190.00","119,000.00"
2019-12-23,2019122301007592,KBL,51,49,144,180.00,"25,920.00"
2019-12-23,2019122301007591,KBL,1,49,419,180.00,"75,420.00"
2019-12-23,2019122301007348,KBL,1,40,54,180.00,"9,720.00"
2019-12-23,2019122301007234,KBL,1,34,16,180.00,"2,880.00"
2019-12-23,2019122301007233,KBL,57,34,24,181.00,"4,344.00"
2019-12-23,2019122301007104,KPCL,43,6,10,84.00,840.00
2019-12-23,2019122301007330,KRBL,32,57,10,104.00,"1,040.00"
2019-12-23,2019122301007329,KRBL,32,17,10,103.00,"1,030.00"
2019-12-23,2019122301007311,KRBL,32,46,909,102.00,"92,718.00"
2019-12-23,2019122301007310,KRBL,32,46,"1,000",102.00,"102,000.00"
2019-12-23,2019122301007135,KSBBL,40,34,500,137.00,"68,500.00"
2019-12-23,2019122301007520,LBBL,33,45,228,191.00,"43,548.00"
2019-12-23,2019122301007519,LBBL,33,45,272,191.00,"51,952.00"
2019-12-23,2019122301007390,LBBL,16,43,662,192.00,"127,104.00"
2019-12-23,2019122301007389,LBBL,16,45,100,192.00,"19,200.00"
2019-12-23,2019122301007180,LBBL,17,57,99,192.00,"19,008.00"
2019-12-23,2019122301007179,LBBL,17,46,901,192.00,"172,992.00"
2019-12-23,2019122301007128,LBBL,33,46,50,191.00,"9,550.00"
2019-12-23,2019122301007259,LBL,41,40,"1,000",193.00,"193,000.00"
2019-12-23,2019122301007168,LGIL,34,58,300,342.00,"102,600.00"
2019-12-23,2019122301007167,LGIL,34,33,200,341.00,"68,200.00"
2019-12-23,2019122301007250,LICN,25,33,11,"1,025.00","11,275.00"
2019-12-23,2019122301007207,LICN,42,25,100,"1,015.00","101,500.00"
2019-12-23,2019122301007119,MBL,33,34,200,219.00,"43,800.00"
2019-12-23,2019122301007478,MEGA,46,38,10,184.00,"1,840.00"
2019-12-23,2019122301007466,MEGA,59,57,100,183.00,"18,300.00"
2019-12-23,2019122301007465,MEGA,21,57,500,183.00,"91,500.00"
2019-12-23,2019122301007161,MEGA,1,32,124,184.00,"22,816.00"
2019-12-23,2019122301007159,MEGA,1,34,100,184.00,"18,400.00"
2019-12-23,2019122301007562,MERO,16,47,200,453.00,"90,600.00"
2019-12-23,2019122301007416,MFIL,19,53,612,142.00,"86,904.00"
2019-12-23,2019122301007387,MFIL,19,7,49,142.00,"6,958.00"
2019-12-23,2019122301007352,MFIL,43,41,10,144.00,"1,440.00"
2019-12-23,2019122301007126,MFIL,19,1,500,142.00,"71,000.00"
2019-12-23,2019122301007400,MLBBL,19,34,30,561.00,"16,830.00"
2019-12-23,2019122301007397,MLBBL,6,34,100,561.00,"56,100.00"
2019-12-23,2019122301007355,MLBBL,56,25,16,566.00,"9,056.00"
2019-12-23,2019122301007354,MLBBL,56,16,50,566.00,"28,300.00"
2019-12-23,2019122301007341,MLBBL,56,54,51,565.00,"28,815.00"
2019-12-23,2019122301007300,MLBBL,33,54,249,565.00,"140,685.00"
2019-12-23,2019122301007299,MLBBL,33,52,101,564.00,"56,964.00"
2019-12-23,2019122301007298,MLBBL,33,33,100,562.00,"56,200.00"
2019-12-23,2019122301007297,MLBBL,33,37,50,561.00,"28,050.00"
2019-12-23,2019122301007296,MLBBL,33,16,200,561.00,"112,200.00"
2019-12-23,2019122301007229,MLBL,26,32,125,174.00,"21,750.00"
2019-12-23,2019122301007103,MLBL,50,32,200,174.00,"34,800.00"
2019-12-23,2019122301007468,MNBBL,46,40,10,279.00,"2,790.00"
2019-12-23,2019122301007228,MNBBL,28,7,400,278.00,"111,200.00"
2019-12-23,2019122301007201,MNBBL,28,57,100,278.00,"27,800.00"
2019-12-23,2019122301007109,MSMBS,32,21,11,549.00,"6,039.00"
2019-12-23,2019122301007108,MSMBS,32,57,11,549.00,"6,039.00"
2019-12-23,2019122301007501,NABIL,29,6,80,755.00,"60,400.00"
2019-12-23,2019122301007430,NABIL,49,53,188,753.00,"141,564.00"
2019-12-23,2019122301007429,NABIL,42,53,200,753.00,"150,600.00"
2019-12-23,2019122301007428,NABIL,6,53,250,753.00,"188,250.00"
2019-12-23,2019122301007427,NABIL,6,53,500,753.00,"376,500.00"
2019-12-23,2019122301007426,NABIL,39,53,17,753.00,"12,801.00"
2019-12-23,2019122301007121,NABIL,35,11,34,755.00,"25,670.00"
2019-12-23,2019122301007113,NABIL,56,43,30,756.00,"22,680.00"
2019-12-23,2019122301007102,NABIL,58,43,100,756.00,"75,600.00"
2019-12-23,2019122301007212,NABIL,38,6,15,755.00,"11,325.00"
2019-12-23,2019122301007211,NABIL,38,6,20,755.00,"15,100.00"
2019-12-23,2019122301007210,NABIL,35,6,326,755.00,"246,130.00"
2019-12-23,2019122301007165,NABIL,48,43,115,756.00,"86,940.00"
2019-12-23,2019122301007162,NABIL,11,43,100,756.00,"75,600.00"
2019-12-23,2019122301007130,NABIL,35,45,50,755.00,"37,750.00"
2019-12-23,2019122301007230,NABIL,39,39,8,758.00,"6,064.00"
2019-12-23,2019122301007218,NABIL,28,53,181,755.00,"136,655.00"
2019-12-23,2019122301007216,NABIL,28,6,19,755.00,"14,345.00"
2019-12-23,2019122301007215,NABIL,19,6,100,755.00,"75,500.00"
2019-12-23,2019122301007214,NABIL,35,6,20,755.00,"15,100.00"
2019-12-23,2019122301007213,NABIL,6,6,500,755.00,"377,500.00"
2019-12-23,2019122301007294,NABIL,56,49,62,756.00,"46,872.00"
2019-12-23,2019122301007281,NABIL,49,49,300,756.00,"226,800.00"
2019-12-23,2019122301007280,NABIL,48,49,500,756.00,"378,000.00"
2019-12-23,2019122301007278,NABIL,25,53,100,755.00,"75,500.00"
2019-12-23,2019122301007249,NABIL,45,49,245,756.00,"185,220.00"
2019-12-23,2019122301007248,NABIL,45,43,55,756.00,"41,580.00"
2019-12-23,2019122301007394,NABIL,45,53,100,754.00,"75,400.00"
2019-12-23,2019122301007393,NABIL,57,53,50,754.00,"37,700.00"
2019-12-23,2019122301007392,NABIL,52,53,50,754.00,"37,700.00"
2019-12-23,2019122301007391,NABIL,5,53,200,754.00,"150,800.00"
2019-12-23,2019122301007378,NABIL,56,6,38,755.00,"28,690.00"
2019-12-23,2019122301007339,NABIL,3,6,25,755.00,"18,875.00"
2019-12-23,2019122301007425,NABIL,29,53,30,753.00,"22,590.00"
2019-12-23,2019122301007424,NABIL,1,53,235,753.00,"176,955.00"
2019-12-23,2019122301007423,NABIL,58,53,40,753.00,"30,120.00"
2019-12-23,2019122301007422,NABIL,58,53,40,753.00,"30,120.00"
2019-12-23,2019122301007396,NABIL,37,53,100,754.00,"75,400.00"
2019-12-23,2019122301007395,NABIL,57,53,100,754.00,"75,400.00"
2019-12-23,2019122301007415,NADEP,34,48,20,465.00,"9,300.00"
2019-12-23,2019122301007408,NADEP,34,41,20,463.00,"9,260.00"
2019-12-23,2019122301007407,NADEP,34,46,20,463.00,"9,260.00"
2019-12-23,2019122301007414,NADEP,34,34,150,465.00,"69,750.00"
2019-12-23,2019122301007413,NADEP,34,38,20,465.00,"9,300.00"
2019-12-23,2019122301007412,NADEP,34,55,20,465.00,"9,300.00"
2019-12-23,2019122301007411,NADEP,34,34,40,465.00,"18,600.00"
2019-12-23,2019122301007410,NADEP,34,35,200,463.00,"92,600.00"
2019-12-23,2019122301007409,NADEP,34,48,10,463.00,"4,630.00"
2019-12-23,2019122301007441,NBB,45,40,500,186.00,"93,000.00"
2019-12-23,2019122301007247,NBB,45,34,96,186.00,"17,856.00"
2019-12-23,2019122301007574,NBL,33,33,"3,904",315.00,"1,229,760.00"
2019-12-23,2019122301007573,NBL,33,50,"1,000",315.00,"315,000.00"
2019-12-23,2019122301007572,NBL,33,25,124,315.00,"39,060.00"
2019-12-23,2019122301007571,NBL,33,17,"10,000",315.00,"3,150,000.00"
2019-12-23,2019122301007570,NBL,33,52,"1,000",315.00,"315,000.00"
2019-12-23,2019122301007569,NBL,33,17,"3,972",315.00,"1,251,180.00"
2019-12-23,2019122301007326,NBL,44,17,"1,853",315.00,"583,695.00"
2019-12-23,2019122301007325,NBL,44,51,100,315.00,"31,500.00"
2019-12-23,2019122301007324,NBL,44,17,"8,047",315.00,"2,534,805.00"
2019-12-23,2019122301007321,NBL,11,17,100,315.00,"31,500.00"
2019-12-23,2019122301007317,NBL,33,52,"2,000",314.00,"628,000.00"
2019-12-23,2019122301007350,NBL,44,17,"3,097",315.00,"975,555.00"
2019-12-23,2019122301007346,NBL,44,17,"6,903",315.00,"2,174,445.00"
2019-12-23,2019122301007345,NBL,44,17,"3,097",315.00,"975,555.00"
2019-12-23,2019122301007338,NBL,54,17,50,315.00,"15,750.00"
2019-12-23,2019122301007336,NBL,44,17,"2,000",315.00,"630,000.00"
2019-12-23,2019122301007333,NBL,16,17,"3,000",315.00,"945,000.00"
2019-12-23,2019122301007565,NBL,43,17,25,315.00,"7,875.00"
2019-12-23,2019122301007527,NBL,58,17,"2,000",315.00,"630,000.00"
2019-12-23,2019122301007479,NBL,20,17,"1,600",315.00,"504,000.00"
2019-12-23,2019122301007469,NBL,33,34,100,314.00,"31,400.00"
2019-12-23,2019122301007370,NBL,5,17,500,315.00,"157,500.00"
2019-12-23,2019122301007351,NBL,44,17,"1,903",315.00,"599,445.00"
2019-12-23,2019122301007538,NCCB,38,14,395,207.00,"81,765.00"
2019-12-23,2019122301007537,NCCB,32,14,105,207.00,"21,735.00"
2019-12-23,2019122301007510,NCCB,16,49,"1,000",208.00,"208,000.00"
2019-12-23,2019122301007453,NCCB,6,49,200,208.00,"41,600.00"
2019-12-23,2019122301007318,NCCB,41,49,500,208.00,"104,000.00"
2019-12-23,2019122301007256,NCCB,13,49,500,208.00,"104,000.00"
2019-12-23,2019122301007536,NGPL,49,38,10,113.00,"1,130.00"
2019-12-23,2019122301007535,NGPL,49,7,990,113.00,"111,870.00"
2019-12-23,2019122301007541,NHPC,34,38,471,51.00,"24,021.00"
2019-12-23,2019122301007540,NHPC,8,38,79,51.00,"4,029.00"
2019-12-23,2019122301007455,NIB,16,52,881,430.00,"378,830.00"
2019-12-23,2019122301007443,NIB,48,53,250,433.00,"108,250.00"
2019-12-23,2019122301007263,NIB,28,52,520,431.00,"224,120.00"
2019-12-23,2019122301007262,NIB,4,52,100,431.00,"43,100.00"
2019-12-23,2019122301007261,NIB,4,52,30,431.00,"12,930.00"
2019-12-23,2019122301007260,NIB,14,52,112,431.00,"48,272.00"
2019-12-23,2019122301007222,NIB,6,53,45,433.00,"19,485.00"
2019-12-23,2019122301007221,NIB,6,25,55,433.00,"23,815.00"
2019-12-23,2019122301007164,NIB,34,52,100,432.00,"43,200.00"
2019-12-23,2019122301007163,NIB,16,52,268,432.00,"115,776.00"
2019-12-23,2019122301007377,NICA,58,6,10,415.00,"4,150.00"
2019-12-23,2019122301007376,NICA,58,33,200,415.00,"83,000.00"
2019-12-23,2019122301007375,NICA,58,1,85,415.00,"35,275.00"
2019-12-23,2019122301007374,NICA,58,4,"2,241",415.00,"930,015.00"
2019-12-23,2019122301007363,NICA,58,4,"2,759",415.00,"1,144,985.00"
2019-12-23,2019122301007362,NICA,58,58,241,415.00,"100,015.00"
2019-12-23,2019122301007323,NICA,32,51,100,414.00,"41,400.00"
2019-12-23,2019122301007288,NICA,32,50,250,414.00,"103,500.00"
2019-12-23,2019122301007287,NICA,32,50,150,414.00,"62,100.00"
2019-12-23,2019122301007244,NICA,32,13,247,414.00,"102,258.00"
2019-12-23,2019122301007190,NICA,32,47,92,414.00,"38,088.00"
2019-12-23,2019122301007353,NICL,16,44,12,297.00,"3,564.00"
2019-12-23,2019122301007379,NIL,43,52,250,418.00,"104,500.00"
2019-12-23,2019122301007293,NLBBL,4,52,40,570.00,"22,800.00"
2019-12-23,2019122301007290,NLBBL,25,52,100,571.00,"57,100.00"
2019-12-23,2019122301007289,NLBBL,59,52,200,571.00,"114,200.00"
2019-12-23,2019122301007531,NLIC,58,42,100,890.00,"89,000.00"
2019-12-23,2019122301007530,NLIC,34,42,50,890.00,"44,500.00"
2019-12-23,2019122301007529,NLIC,50,42,34,890.00,"30,260.00"
2019-12-23,2019122301007486,NLIC,33,58,200,891.00,"178,200.00"
2019-12-23,2019122301007485,NLIC,1,58,200,891.00,"178,200.00"
2019-12-23,2019122301007334,NLIC,41,8,100,891.00,"89,100.00"
2019-12-23,2019122301007111,NLIC,45,40,200,896.00,"179,200.00"
2019-12-23,2019122301007110,NLIC,45,49,100,896.00,"89,600.00"
2019-12-23,2019122301007125,NLICL,45,32,300,487.00,"146,100.00"
2019-12-23,2019122301007586,NMB,4,11,919,326.00,"299,594.00"
2019-12-23,2019122301007585,NMB,4,33,"2,000",326.00,"652,000.00"
2019-12-23,2019122301007584,NMB,4,19,400,326.00,"130,400.00"
2019-12-23,2019122301007583,NMB,4,51,440,326.00,"143,440.00"
2019-12-23,2019122301007582,NMB,4,50,885,326.00,"288,510.00"
2019-12-23,2019122301007581,NMB,4,56,50,326.00,"16,300.00"
2019-12-23,2019122301007189,NMB,45,17,19,326.00,"6,194.00"
2019-12-23,2019122301007160,NMB,57,17,48,326.00,"15,648.00"
2019-12-23,2019122301007132,NMB,35,17,879,325.00,"285,675.00"
2019-12-23,2019122301007131,NMB,32,17,121,325.00,"39,325.00"
2019-12-23,2019122301007107,NMB,17,17,20,326.00,"6,520.00"
2019-12-23,2019122301007106,NMB,17,46,180,326.00,"58,680.00"
2019-12-23,2019122301007264,NMB,35,38,121,325.00,"39,325.00"
2019-12-23,2019122301007257,NMB,37,17,10,326.00,"3,260.00"
2019-12-23,2019122301007245,NMB,37,17,10,326.00,"3,260.00"
2019-12-23,2019122301007219,NMB,37,17,10,326.00,"3,260.00"
2019-12-23,2019122301007206,NMB,7,17,10,326.00,"3,260.00"
2019-12-23,2019122301007205,NMB,45,17,19,326.00,"6,194.00"
2019-12-23,2019122301007491,NMB,28,57,521,325.00,"169,325.00"
2019-12-23,2019122301007332,NMB,34,17,300,326.00,"97,800.00"
2019-12-23,2019122301007295,NMB,37,17,10,326.00,"3,260.00"
2019-12-23,2019122301007286,NMB,37,17,10,326.00,"3,260.00"
2019-12-23,2019122301007266,NMB,28,38,479,325.00,"155,675.00"
2019-12-23,2019122301007265,NMB,42,38,100,325.00,"32,500.00"
2019-12-23,2019122301007549,NMB,34,46,75,325.00,"24,375.00"
2019-12-23,2019122301007496,NMB,52,57,100,325.00,"32,500.00"
2019-12-23,2019122301007495,NMB,4,57,120,325.00,"39,000.00"
2019-12-23,2019122301007494,NMB,4,57,60,325.00,"19,500.00"
2019-12-23,2019122301007493,NMB,4,57,90,325.00,"29,250.00"
2019-12-23,2019122301007492,NMB,4,57,100,325.00,"32,500.00"
2019-12-23,2019122301007580,NMB,4,38,12,326.00,"3,912.00"
2019-12-23,2019122301007579,NMB,4,28,294,326.00,"95,844.00"
2019-12-23,2019122301007559,NMB,4,28,"1,206",326.00,"393,156.00"
2019-12-23,2019122301007558,NMB,4,33,"2,000",326.00,"652,000.00"
2019-12-23,2019122301007557,NMB,4,45,"1,000",326.00,"326,000.00"
2019-12-23,2019122301007556,NMB,4,17,794,326.00,"258,844.00"
2019-12-23,2019122301007337,NTC,43,50,10,659.00,"6,590.00"
2019-12-23,2019122301007301,NTC,51,43,200,650.00,"130,000.00"
2019-12-23,2019122301007279,OHL,44,43,25,451.00,"11,275.00"
2019-12-23,2019122301007526,PCBL,5,38,20,280.00,"5,600.00"
2019-12-23,2019122301007498,PCBL,28,38,50,280.00,"14,000.00"
2019-12-23,2019122301007497,PCBL,45,38,443,280.00,"124,040.00"
2019-12-23,2019122301007452,PCBL,45,45,57,280.00,"15,960.00"
2019-12-23,2019122301007451,PCBL,54,45,50,280.00,"14,000.00"
2019-12-23,2019122301007450,PCBL,35,45,671,280.00,"187,880.00"
2019-12-23,2019122301007449,PCBL,57,45,22,280.00,"6,160.00"
2019-12-23,2019122301007258,PFL,44,37,100,133.00,"13,300.00"
2019-12-23,2019122301007439,PIC,26,41,20,412.00,"8,240.00"
2019-12-23,2019122301007319,PICL,44,10,10,424.00,"4,240.00"
2019-12-23,2019122301007335,PLIC,58,13,200,362.00,"72,400.00"
2019-12-23,2019122301007191,PLIC,25,49,10,362.00,"3,620.00"
2019-12-23,2019122301007146,PMHPL,53,6,10,87.00,870.00
2019-12-23,2019122301007360,PRVU,53,35,20,224.00,"4,480.00"
2019-12-23,2019122301007359,PRVU,51,35,180,224.00,"40,320.00"
2019-12-23,2019122301007577,RBCL,7,6,10,"8,644.00","86,440.00"
2019-12-23,2019122301007528,RHPL,11,41,40,175.00,"7,000.00"
2019-12-23,2019122301007509,RHPL,11,45,40,175.00,"7,000.00"
2019-12-23,2019122301007508,RHPL,11,25,30,174.00,"5,220.00"
2019-12-23,2019122301007507,RHPL,11,34,10,174.00,"1,740.00"
2019-12-23,2019122301007369,RHPL,44,38,"2,000",173.00,"346,000.00"
2019-12-23,2019122301007239,RHPL,44,45,"2,530",173.00,"437,690.00"
2019-12-23,2019122301007238,RHPL,11,45,470,174.00,"81,780.00"
2019-12-23,2019122301007148,RHPL,11,46,"1,000",174.00,"174,000.00"
2019-12-23,2019122301007099,RHPL,11,18,30,174.00,"5,220.00"
2019-12-23,2019122301007576,RMDC,10,55,40,604.00,"24,160.00"
2019-12-23,2019122301007420,RMDC,46,4,10,610.00,"6,100.00"
2019-12-23,2019122301007302,RMDC,42,5,400,609.00,"243,600.00"
2019-12-23,2019122301007223,RRHP,42,7,"1,000",100.00,"100,000.00"
2019-12-23,2019122301007533,RSDC,6,16,37,323.00,"11,951.00"
2019-12-23,2019122301007158,SABSL,47,50,10,550.00,"5,500.00"
2019-12-23,2019122301007157,SABSL,47,45,10,550.00,"5,500.00"
2019-12-23,2019122301007156,SABSL,47,48,10,549.00,"5,490.00"
2019-12-23,2019122301007448,SANIMA,46,50,10,314.00,"3,140.00"
2019-12-23,2019122301007224,SANIMA,16,42,160,313.00,"50,080.00"
2019-12-23,2019122301007137,SANIMA,16,42,416,313.00,"130,208.00"
2019-12-23,2019122301007136,SANIMA,4,42,284,313.00,"88,892.00"
2019-12-23,2019122301007419,SBL,7,46,600,286.00,"171,600.00"
2019-12-23,2019122301007418,SBL,7,34,100,285.00,"28,500.00"
2019-12-23,2019122301007380,SBL,42,34,400,285.00,"114,000.00"
2019-12-23,2019122301007447,SCB,57,11,10,531.00,"5,310.00"
2019-12-23,2019122301007446,SCB,57,45,648,531.00,"344,088.00"
2019-12-23,2019122301007445,SCB,57,40,350,530.00,"185,500.00"
2019-12-23,2019122301007444,SCB,57,11,10,530.00,"5,300.00"
2019-12-23,2019122301007187,SDESI,41,39,14,575.00,"8,050.00"
2019-12-23,2019122301007166,SDESI,41,39,79,575.00,"45,425.00"
2019-12-23,2019122301007243,SFFIL,32,14,50,192.00,"9,600.00"
2019-12-23,2019122301007178,SFFIL,16,43,60,190.00,"11,400.00"
2019-12-23,2019122301007177,SFFIL,16,44,130,190.00,"24,700.00"
2019-12-23,2019122301007176,SFFIL,16,52,50,190.00,"9,500.00"
2019-12-23,2019122301007141,SFFIL,6,52,50,190.00,"9,500.00"
2019-12-23,2019122301007140,SFFIL,6,46,200,190.00,"38,000.00"
2019-12-23,2019122301007139,SFFIL,6,14,50,190.00,"9,500.00"
2019-12-23,2019122301007118,SHINE,22,57,192,234.00,"44,928.00"
2019-12-23,2019122301007555,SHIVM,49,25,20,457.00,"9,140.00"
2019-12-23,2019122301007202,SHIVM,49,56,50,457.00,"22,850.00"
2019-12-23,2019122301007399,SHL,55,33,100,185.00,"18,500.00"
2019-12-23,2019122301007398,SHL,52,33,200,185.00,"37,000.00"
2019-12-23,2019122301007282,SHL,52,33,300,185.00,"55,500.00"
2019-12-23,2019122301007568,SHPC,51,6,100,173.00,"17,300.00"
2019-12-23,2019122301007436,SHPC,41,32,50,173.00,"8,650.00"
2019-12-23,2019122301007435,SHPC,41,29,500,173.00,"86,500.00"
2019-12-23,2019122301007434,SHPC,41,41,200,173.00,"34,600.00"
2019-12-23,2019122301007433,SHPC,41,3,20,173.00,"3,460.00"
2019-12-23,2019122301007432,SHPC,41,6,500,172.00,"86,000.00"
2019-12-23,2019122301007431,SHPC,41,43,200,172.00,"34,400.00"
2019-12-23,2019122301007442,SIC,25,5,43,515.00,"22,145.00"
2019-12-23,2019122301007464,SIL,55,50,100,415.00,"41,500.00"
2019-12-23,2019122301007186,SINDU,38,34,50,132.00,"6,600.00"
2019-12-23,2019122301007185,SINDU,25,34,100,133.00,"13,300.00"
2019-12-23,2019122301007184,SINDU,21,34,50,133.00,"6,650.00"
2019-12-23,2019122301007476,SJCL,19,57,10,161.00,"1,610.00"
2019-12-23,2019122301007475,SJCL,19,16,10,161.00,"1,610.00"
2019-12-23,2019122301007320,SJCL,55,32,70,160.00,"11,200.00"
2019-12-23,2019122301007303,SJCL,29,41,20,159.00,"3,180.00"
2019-12-23,2019122301007277,SJCL,29,45,10,159.00,"1,590.00"
2019-12-23,2019122301007127,SJCL,29,18,20,159.00,"3,180.00"
2019-12-23,2019122301007506,SKBBL,53,53,2,990.00,"1,980.00"
2019-12-23,2019122301007365,SKBBL,58,53,38,"1,009.00","38,342.00"
2019-12-23,2019122301007364,SKBBL,58,29,92,"1,008.00","92,736.00"
2019-12-23,2019122301007347,SKBBL,44,29,189,"1,008.00","190,512.00"
2019-12-23,2019122301007309,SKBBL,44,44,500,"1,008.00","504,000.00"
2019-12-23,2019122301007308,SKBBL,44,14,175,"1,007.00","176,225.00"
2019-12-23,2019122301007252,SKBBL,58,29,100,"1,002.00","100,200.00"
2019-12-23,2019122301007251,SKBBL,58,29,119,"1,003.00","119,357.00"
2019-12-23,2019122301007307,SKBBL,44,53,17,"1,006.00","17,102.00"
2019-12-23,2019122301007306,SKBBL,44,53,19,"1,006.00","19,114.00"
2019-12-23,2019122301007305,SKBBL,44,44,100,"1,006.00","100,600.00"
2019-12-23,2019122301007255,SKBBL,58,29,"1,000","1,000.00","1,000,000.00"
2019-12-23,2019122301007254,SKBBL,58,29,300,"1,001.00","300,300.00"
2019-12-23,2019122301007253,SKBBL,58,29,200,"1,001.00","200,200.00"
2019-12-23,2019122301007575,SLBBL,37,6,10,566.00,"5,660.00"
2019-12-23,2019122301007115,SLBSL,37,14,40,618.00,"24,720.00"
2019-12-23,2019122301007114,SLBSL,37,48,10,618.00,"6,180.00"
2019-12-23,2019122301007546,SLICL,25,58,470,294.00,"138,180.00"
2019-12-23,2019122301007534,SLICL,45,58,22,294.00,"6,468.00"
2019-12-23,2019122301007480,SLICL,36,21,20,292.00,"5,840.00"
2019-12-23,2019122301007477,SLICL,26,57,44,293.00,"12,892.00"
2019-12-23,2019122301007454,SLICL,59,57,197,293.00,"57,721.00"
2019-12-23,2019122301007386,SLICL,59,38,38,293.00,"11,134.00"
2019-12-23,2019122301007117,SLICL,26,48,550,296.00,"162,800.00"
2019-12-23,2019122301007116,SLICL,26,52,450,296.00,"133,200.00"
2019-12-23,2019122301007096,SLICL,25,52,50,296.00,"14,800.00"
2019-12-23,2019122301007095,SLICL,25,58,100,295.00,"29,500.00"
2019-12-23,2019122301007094,SLICL,25,35,19,294.00,"5,586.00"
2019-12-23,2019122301007522,SMFBS,34,34,10,907.00,"9,070.00"
2019-12-23,2019122301007237,SMFBS,45,57,10,890.00,"8,900.00"
2019-12-23,2019122301007437,SMFDB,34,17,98,640.00,"62,720.00"
2019-12-23,2019122301007542,SPARS,34,6,44,619.00,"27,236.00"
2019-12-23,2019122301007367,SPARS,44,13,100,619.00,"61,900.00"
2019-12-23,2019122301007199,SPARS,44,33,500,620.00,"310,000.00"
2019-12-23,2019122301007198,SPARS,44,41,10,620.00,"6,200.00"
2019-12-23,2019122301007197,SPARS,44,39,10,620.00,"6,200.00"
2019-12-23,2019122301007196,SPARS,44,22,100,620.00,"62,000.00"
2019-12-23,2019122301007195,SPARS,44,13,153,620.00,"94,860.00"
2019-12-23,2019122301007194,SPARS,44,42,30,619.00,"18,570.00"
2019-12-23,2019122301007101,SPDL,44,45,800,85.00,"68,000.00"
2019-12-23,2019122301007100,SPDL,14,45,500,85.00,"42,500.00"
2019-12-23,2019122301007188,SRBL,38,41,10,216.00,"2,160.00"
2019-12-23,2019122301007242,STC,33,51,10,"1,609.00","16,090.00"
2019-12-23,2019122301007578,TRH,19,38,200,274.00,"54,800.00"
2019-12-23,2019122301007561,TRH,50,38,100,275.00,"27,500.00"
2019-12-23,2019122301007560,TRH,50,38,290,275.00,"79,750.00"
2019-12-23,2019122301007548,TRH,29,56,30,280.00,"8,400.00"
2019-12-23,2019122301007547,TRH,29,36,190,280.00,"53,200.00"
2019-12-23,2019122301007500,TRH,21,36,800,280.00,"224,000.00"
2019-12-23,2019122301007499,TRH,21,34,200,279.00,"55,800.00"
2019-12-23,2019122301007489,TRH,50,52,210,275.00,"57,750.00"
2019-12-23,2019122301007488,TRH,38,52,90,276.00,"24,840.00"
2019-12-23,2019122301007123,TRH,38,19,10,276.00,"2,760.00"
2019-12-23,2019122301007120,UFL,14,34,10,181.00,"1,810.00"
2019-12-23,2019122301007532,UIC,19,52,10,289.00,"2,890.00"
2019-12-23,2019122301007511,UIC,19,52,10,289.00,"2,890.00"
2019-12-23,2019122301007200,UIC,29,57,40,294.00,"11,760.00"
2019-12-23,2019122301007155,UIC,58,57,10,294.00,"2,940.00"
2019-12-23,2019122301007154,UIC,58,56,30,292.00,"8,760.00"
2019-12-23,2019122301007344,UMHL,45,43,500,112.00,"56,000.00"
2019-12-23,2019122301007343,UMHL,45,6,85,112.00,"9,520.00"
2019-12-23,2019122301007342,UMHL,45,34,59,112.00,"6,608.00"
2019-12-23,2019122301007482,UPCL,41,32,100,73.00,"7,300.00"
2019-12-23,2019122301007481,UPCL,47,32,330,73.00,"24,090.00"
2019-12-23,2019122301007590,UPPER,33,45,96,236.00,"22,656.00"
2019-12-23,2019122301007589,UPPER,33,33,164,236.00,"38,704.00"
2019-12-23,2019122301007539,UPPER,32,49,60,235.00,"14,100.00"
2019-12-23,2019122301007366,UPPER,7,33,86,236.00,"20,296.00"
2019-12-23,2019122301007285,UPPER,32,45,40,235.00,"9,400.00"
2019-12-23,2019122301007169,UPPER,32,18,40,235.00,"9,400.00"
2019-12-23,2019122301007060,ADBL,10,38,50,414.00,"20,700.00"
2019-12-23,2019122301006660,ADBL,22,26,17,413.00,"7,021.00"
2019-12-23,2019122301006659,ADBL,22,22,20,413.00,"8,260.00"
2019-12-23,2019122301006658,ADBL,6,22,50,413.00,"20,650.00"
2019-12-23,2019122301007079,ALBSL,32,52,100,499.00,"49,900.00"
2019-12-23,2019122301007078,ALBSL,32,42,10,499.00,"4,990.00"
2019-12-23,2019122301007077,ALBSL,32,6,70,499.00,"34,930.00"
2019-12-23,2019122301007076,ALBSL,32,1,20,499.00,"9,980.00"
2019-12-23,2019122301007075,ALBSL,32,45,50,498.00,"24,900.00"
2019-12-23,2019122301007074,ALBSL,32,13,10,497.00,"4,970.00"
2019-12-23,2019122301007073,ALBSL,32,48,10,495.00,"4,950.00"
2019-12-23,2019122301006732,ALICL,38,43,300,362.00,"108,600.00"
2019-12-23,2019122301006731,ALICL,25,43,21,362.00,"7,602.00"
2019-12-23,2019122301006728,ALICL,36,25,500,364.00,"182,000.00"
2019-12-23,2019122301006959,API,51,25,200,108.00,"21,600.00"
2019-12-23,2019122301006958,API,51,42,"1,050",108.00,"113,400.00"
2019-12-23,2019122301006750,API,25,42,50,108.00,"5,400.00"
2019-12-23,2019122301006745,API,46,25,"1,200",107.00,"128,400.00"
2019-12-23,2019122301006791,BARUN,56,56,10,81.00,810.00
2019-12-23,2019122301006774,BARUN,56,13,100,80.00,"8,000.00"
2019-12-23,2019122301006769,BARUN,56,56,10,79.00,790.00
2019-12-23,2019122301006619,BFC,52,53,"1,640",86.00,"141,040.00"
2019-12-23,2019122301006689,BOKL,32,41,284,217.00,"61,628.00"
2019-12-23,2019122301006662,BPCL,43,42,10,353.00,"3,530.00"
2019-12-23,2019122301006822,BPCL,43,16,10,357.00,"3,570.00"
2019-12-23,2019122301006821,BPCL,43,42,11,356.00,"3,916.00"
2019-12-23,2019122301006820,BPCL,43,49,77,355.00,"27,335.00"
2019-12-23,2019122301006778,BPCL,43,49,284,355.00,"100,820.00"
2019-12-23,2019122301006727,BPCL,43,21,22,354.00,"7,788.00"
2019-12-23,2019122301007065,CBBL,49,58,30,805.00,"24,150.00"
2019-12-23,2019122301007013,CBBL,49,47,13,805.00,"10,465.00"
2019-12-23,2019122301007038,CCBL,17,41,200,166.00,"33,200.00"
2019-12-23,2019122301007017,CCBL,57,7,407,166.00,"67,562.00"
2019-12-23,2019122301006692,CCBL,4,42,20,165.00,"3,300.00"
2019-12-23,2019122301006691,CCBL,41,42,101,166.00,"16,766.00"
2019-12-23,2019122301006717,CEFL,4,38,100,104.00,"10,400.00"
2019-12-23,2019122301006716,CEFL,4,25,57,103.00,"5,871.00"
2019-12-23,2019122301006802,CFCL,32,58,598,117.00,"69,966.00"
2019-12-23,2019122301006801,CFCL,32,25,200,117.00,"23,400.00"
2019-12-23,2019122301006736,CFCL,52,25,23,117.00,"2,691.00"
2019-12-23,2019122301006693,CFCL,52,25,77,117.00,"9,009.00"
2019-12-23,2019122301006682,CFCL,52,59,77,117.00,"9,009.00"
2019-12-23,2019122301006632,CHCL,49,57,40,358.00,"14,320.00"
2019-12-23,2019122301006631,CHCL,19,57,40,358.00,"14,320.00"
2019-12-23,2019122301006630,CHCL,47,57,120,358.00,"42,960.00"
2019-12-23,2019122301006941,CIT,58,14,50,"1,969.00","98,450.00"
2019-12-23,2019122301006870,CIT,58,3,12,"1,969.00","23,628.00"
2019-12-23,2019122301006770,CIT,58,26,12,"1,969.00","23,628.00"
2019-12-23,2019122301006651,CMF1,43,32,"1,000",9.00,"9,000.00"
2019-12-23,2019122301006705,CZBIL,1,42,78,183.00,"14,274.00"
2019-12-23,2019122301007072,DBBL,59,42,16,138.00,"2,208.00"
2019-12-23,2019122301006974,DBBL,59,25,100,138.00,"13,800.00"
2019-12-23,2019122301006812,DBBL,59,45,220,140.00,"30,800.00"
2019-12-23,2019122301006811,DBBL,59,32,"1,000",140.00,"140,000.00"
2019-12-23,2019122301006810,DBBL,59,45,500,140.00,"70,000.00"
2019-12-23,2019122301006809,DBBL,59,33,"2,000",140.00,"280,000.00"
2019-12-23,2019122301006707,DBBL,59,17,192,139.00,"26,688.00"
2019-12-23,2019122301006706,DBBL,59,17,865,139.00,"120,235.00"
2019-12-23,2019122301006704,DBBL,59,39,"2,680",138.00,"369,840.00"
2019-12-23,2019122301006703,DBBL,55,39,320,138.00,"44,160.00"
2019-12-23,2019122301006773,DBBL,59,43,200,138.00,"27,600.00"
2019-12-23,2019122301006762,DBBL,46,56,170,139.00,"23,630.00"
2019-12-23,2019122301006761,DBBL,46,34,"1,773",139.00,"246,447.00"
2019-12-23,2019122301006760,DBBL,46,36,57,139.00,"7,923.00"
2019-12-23,2019122301006709,DBBL,59,36,943,139.00,"131,077.00"
2019-12-23,2019122301006708,DBBL,59,19,"1,000",139.00,"139,000.00"
2019-12-23,2019122301006808,DBBL,59,39,400,139.00,"55,600.00"
2019-12-23,2019122301006807,DBBL,59,34,500,139.00,"69,500.00"
2019-12-23,2019122301006806,DBBL,59,26,300,139.00,"41,700.00"
2019-12-23,2019122301006805,DBBL,59,13,500,139.00,"69,500.00"
2019-12-23,2019122301006804,DBBL,59,56,80,139.00,"11,120.00"
2019-12-23,2019122301006803,DBBL,59,1,500,139.00,"69,500.00"
2019-12-23,2019122301006915,DDBL,29,51,40,877.00,"35,080.00"
2019-12-23,2019122301006914,DDBL,29,32,117,877.00,"102,609.00"
2019-12-23,2019122301006913,DDBL,29,1,30,875.00,"26,250.00"
2019-12-23,2019122301006839,DDBL,5,1,30,875.00,"26,250.00"
2019-12-23,2019122301006886,DHPL,29,20,390,52.00,"20,280.00"
2019-12-23,2019122301006846,EBL,35,39,341,530.00,"180,730.00"
2019-12-23,2019122301006845,EBL,25,39,10,530.00,"5,300.00"
2019-12-23,2019122301006723,EBL,25,7,90,530.00,"47,700.00"
2019-12-23,2019122301006849,EIC,25,35,100,273.00,"27,300.00"
2019-12-23,2019122301006928,FMDBL,56,43,10,327.00,"3,270.00"
2019-12-23,2019122301006906,FMDBL,42,39,100,325.00,"32,500.00"
2019-12-23,2019122301006844,FMDBL,42,44,"1,000",325.00,"325,000.00"
2019-12-23,2019122301006843,FMDBL,42,50,300,325.00,"97,500.00"
2019-12-23,2019122301006842,FMDBL,42,55,44,325.00,"14,300.00"
2019-12-23,2019122301006841,FMDBL,42,25,50,324.00,"16,200.00"
2019-12-23,2019122301006884,FOWAD,16,10,40,"1,390.00","55,600.00"
2019-12-23,2019122301006883,FOWAD,16,17,30,"1,390.00","41,700.00"
2019-12-23,2019122301006882,FOWAD,16,16,80,"1,390.00","111,200.00"
2019-12-23,2019122301006881,FOWAD,16,51,19,"1,389.00","26,391.00"
2019-12-23,2019122301006880,FOWAD,16,47,30,"1,388.00","41,640.00"
2019-12-23,2019122301006879,FOWAD,16,11,40,"1,388.00","55,520.00"
2019-12-23,2019122301006890,GBBL,7,59,60,204.00,"12,240.00"
2019-12-23,2019122301006889,GBBL,7,42,480,204.00,"97,920.00"
2019-12-23,2019122301006816,GBBL,44,35,184,203.00,"37,352.00"
2019-12-23,2019122301006815,GBBL,47,35,16,203.00,"3,248.00"
2019-12-23,2019122301006814,GBBL,47,25,34,203.00,"6,902.00"
2019-12-23,2019122301006813,GBBL,47,56,100,203.00,"20,300.00"
2019-12-23,2019122301006850,GBLBS,56,35,15,317.00,"4,755.00"
2019-12-23,2019122301007070,GILB,44,39,17,830.00,"14,110.00"
2019-12-23,2019122301006955,GILB,44,42,116,818.00,"94,888.00"
2019-12-23,2019122301006954,GILB,44,42,200,820.00,"164,000.00"
2019-12-23,2019122301006953,GILB,44,42,184,822.00,"151,248.00"
2019-12-23,2019122301007082,GLICL,45,50,100,462.00,"46,200.00"
2019-12-23,2019122301006983,GLICL,16,52,500,461.00,"230,500.00"
2019-12-23,2019122301006854,GLICL,39,45,312,460.00,"143,520.00"
2019-12-23,2019122301006853,GLICL,58,45,500,461.00,"230,500.00"
2019-12-23,2019122301006735,GLICL,29,43,153,464.00,"70,992.00"
2019-12-23,2019122301006823,HBL,3,14,203,494.00,"100,282.00"
2019-12-23,2019122301006888,HDL,41,58,50,"1,258.00","62,900.00"
2019-12-23,2019122301006831,HDL,59,54,200,"1,250.00","250,000.00"
2019-12-23,2019122301006830,HDL,49,54,100,"1,250.00","125,000.00"
2019-12-23,2019122301006829,HDL,43,54,20,"1,250.00","25,000.00"
2019-12-23,2019122301006828,HDL,48,54,200,"1,251.00","250,200.00"
2019-12-23,2019122301006827,HDL,33,54,100,"1,252.00","125,200.00"
2019-12-23,2019122301006826,HDL,35,54,100,"1,254.00","125,400.00"
2019-12-23,2019122301006794,HDL,33,58,50,"1,258.00","62,900.00"
2019-12-23,2019122301006635,HDL,19,47,50,"1,260.00","63,000.00"
2019-12-23,2019122301007090,HGI,45,58,300,293.00,"87,900.00"
2019-12-23,2019122301007062,HGI,16,58,500,293.00,"146,500.00"
2019-12-23,2019122301007061,HGI,7,58,250,293.00,"73,250.00"
2019-12-23,2019122301006885,HGI,7,33,250,293.00,"73,250.00"
2019-12-23,2019122301006649,HGI,52,43,100,296.00,"29,600.00"
2019-12-23,2019122301006648,HGI,52,56,50,296.00,"14,800.00"
2019-12-23,2019122301006715,HIDCL,39,42,11,144.00,"1,584.00"
2019-12-23,2019122301006724,HPPL,53,42,20,134.00,"2,680.00"
2019-12-23,2019122301006790,HURJA,59,50,20,102.00,"2,040.00"
2019-12-23,2019122301006789,HURJA,59,16,20,102.00,"2,040.00"
2019-12-23,2019122301006788,HURJA,59,16,20,102.00,"2,040.00"
2019-12-23,2019122301007047,ICFC,7,28,100,160.00,"16,000.00"
2019-12-23,2019122301007046,ICFC,41,28,37,161.00,"5,957.00"
2019-12-23,2019122301006989,ICFC,35,52,50,162.00,"8,100.00"
2019-12-23,2019122301006988,JBBL,25,10,400,171.00,"68,400.00"
2019-12-23,2019122301006987,JBBL,25,44,"1,000",171.00,"171,000.00"
2019-12-23,2019122301006986,JBBL,25,43,"1,300",171.00,"222,300.00"
2019-12-23,2019122301006985,JBBL,25,10,100,171.00,"17,100.00"
2019-12-23,2019122301006984,JBBL,25,50,409,171.00,"69,939.00"
2019-12-23,2019122301006962,JBBL,25,50,500,171.00,"85,500.00"
2019-12-23,2019122301006946,JBBL,25,50,91,171.00,"15,561.00"
2019-12-23,2019122301006945,JBBL,25,21,31,171.00,"5,301.00"
2019-12-23,2019122301006944,JBBL,25,34,178,171.00,"30,438.00"
2019-12-23,2019122301006943,JBBL,25,1,200,171.00,"34,200.00"
2019-12-23,2019122301006645,JSLBB,17,38,30,"1,202.00","36,060.00"
2019-12-23,2019122301007020,KBL,32,16,10,183.00,"1,830.00"
2019-12-23,2019122301006977,KBL,32,42,222,182.00,"40,404.00"
2019-12-23,2019122301006936,KBL,56,42,15,182.00,"2,730.00"
2019-12-23,2019122301006901,KBL,1,48,500,180.00,"90,000.00"
2019-12-23,2019122301006900,KBL,32,48,"1,000",180.00,"180,000.00"
2019-12-23,2019122301006744,KBL,1,41,11,180.00,"1,980.00"
2019-12-23,2019122301006721,KBL,56,26,13,183.00,"2,379.00"
2019-12-23,2019122301006720,KBL,56,33,100,182.00,"18,200.00"
2019-12-23,2019122301006719,KBL,56,58,242,182.00,"44,044.00"
2019-12-23,2019122301006718,KBL,56,56,100,182.00,"18,200.00"
2019-12-23,2019122301006640,KSBBL,19,53,218,136.00,"29,648.00"
2019-12-23,2019122301007052,LBBL,20,46,99,192.00,"19,008.00"
2019-12-23,2019122301007051,LBBL,20,42,21,192.00,"4,032.00"
2019-12-23,2019122301007050,LBBL,20,32,100,192.00,"19,200.00"
2019-12-23,2019122301007049,LBBL,20,6,438,192.00,"84,096.00"
2019-12-23,2019122301006738,LBBL,25,6,50,192.00,"9,600.00"
2019-12-23,2019122301006737,LBBL,33,14,790,191.00,"150,890.00"
2019-12-23,2019122301006601,LBBL,33,42,27,191.00,"5,157.00"
2019-12-23,2019122301007006,LBL,34,21,768,190.00,"145,920.00"
2019-12-23,2019122301007005,LBL,34,21,"1,000",190.00,"190,000.00"
2019-12-23,2019122301007004,LBL,34,21,"1,000",190.00,"190,000.00"
2019-12-23,2019122301007003,LBL,5,21,50,190.00,"9,500.00"
2019-12-23,2019122301007002,LBL,34,21,275,190.00,"52,250.00"
2019-12-23,2019122301007001,LBL,14,21,500,190.00,"95,000.00"
2019-12-23,2019122301006683,LBL,6,45,100,192.00,"19,200.00"
2019-12-23,2019122301006695,LBL,17,21,349,192.00,"67,008.00"
2019-12-23,2019122301006694,LBL,17,45,651,192.00,"124,992.00"
2019-12-23,2019122301006686,LBL,38,45,100,192.00,"19,200.00"
2019-12-23,2019122301006685,LBL,14,45,300,192.00,"57,600.00"
2019-12-23,2019122301006684,LBL,40,45,63,192.00,"12,096.00"
2019-12-23,2019122301006994,LBL,42,21,200,191.00,"38,200.00"
2019-12-23,2019122301006993,LBL,5,21,100,191.00,"19,100.00"
2019-12-23,2019122301006992,LBL,46,21,100,191.00,"19,100.00"
2019-12-23,2019122301006991,LBL,36,21,500,191.00,"95,500.00"
2019-12-23,2019122301006990,LBL,51,21,100,191.00,"19,100.00"
2019-12-23,2019122301007000,LBL,32,21,200,190.00,"38,000.00"
2019-12-23,2019122301006999,LBL,43,21,"1,000",190.00,"190,000.00"
2019-12-23,2019122301006998,LBL,34,21,130,190.00,"24,700.00"
2019-12-23,2019122301006997,LBL,55,21,50,191.00,"9,550.00"
2019-12-23,2019122301006996,LBL,32,21,500,191.00,"95,500.00"
2019-12-23,2019122301006995,LBL,21,21,50,191.00,"9,550.00"
2019-12-23,2019122301006637,LEMF,34,47,"8,400",7.28,"61,152.00"
2019-12-23,2019122301006927,LGIL,35,17,100,340.00,"34,000.00"
2019-12-23,2019122301006680,LGIL,16,25,500,341.00,"170,500.00"
2019-12-23,2019122301006679,LGIL,16,22,50,340.00,"17,000.00"
2019-12-23,2019122301006678,LGIL,16,38,245,340.00,"83,300.00"
2019-12-23,2019122301006677,LGIL,16,6,50,340.00,"17,000.00"
2019-12-23,2019122301006647,LGIL,49,38,25,340.00,"8,500.00"
2019-12-23,2019122301006646,LGIL,49,45,75,340.00,"25,500.00"
2019-12-23,2019122301006734,LICN,25,25,10,"1,026.00","10,260.00"
2019-12-23,2019122301006725,LICN,50,25,175,"1,008.00","176,400.00"
2019-12-23,2019122301006957,LLBS,18,32,200,680.00,"136,000.00"
2019-12-23,2019122301006931,LLBS,19,32,71,680.00,"48,280.00"
2019-12-23,2019122301006596,LLBS,19,6,654,678.00,"443,412.00"
2019-12-23,2019122301006595,LLBS,19,35,50,677.00,"33,850.00"
2019-12-23,2019122301006714,MBL,14,45,100,220.00,"22,000.00"
2019-12-23,2019122301006840,MDB,21,6,20,250.00,"5,000.00"
2019-12-23,2019122301006798,MDB,1,41,15,246.00,"3,690.00"
2019-12-23,2019122301006636,MDB,17,17,"5,000",250.00,"1,250,000.00"
2019-12-23,2019122301006930,MEGA,57,51,40,185.00,"7,400.00"
2019-12-23,2019122301006624,MEGA,33,25,50,184.00,"9,200.00"
2019-12-23,2019122301006623,MEGA,49,25,50,184.00,"9,200.00"
2019-12-23,2019122301006740,MEGA,1,42,56,184.00,"10,304.00"
2019-12-23,2019122301006642,MEGA,1,25,90,184.00,"16,560.00"
2019-12-23,2019122301006626,MEGA,1,25,130,184.00,"23,920.00"
2019-12-23,2019122301006625,MEGA,40,25,50,184.00,"9,200.00"
2019-12-23,2019122301006961,MERO,38,46,387,450.00,"174,150.00"
2019-12-23,2019122301006960,MERO,48,46,13,450.00,"5,850.00"
2019-12-23,2019122301006942,MERO,48,21,11,450.00,"4,950.00"
2019-12-23,2019122301006891,MERO,48,22,76,450.00,"34,200.00"
2019-12-23,2019122301007059,MFIL,17,25,796,142.00,"113,032.00"
2019-12-23,2019122301007058,MFIL,17,13,530,142.00,"75,260.00"
2019-12-23,2019122301007057,MFIL,17,47,98,142.00,"13,916.00"
2019-12-23,2019122301007056,MFIL,17,1,"1,000",141.00,"141,000.00"
2019-12-23,2019122301007055,MFIL,17,47,"1,000",141.00,"141,000.00"
2019-12-23,2019122301007054,MFIL,17,47,876,141.00,"123,516.00"
2019-12-23,2019122301006652,MHNL,48,6,500,83.00,"41,500.00"
2019-12-23,2019122301007080,MLBL,16,32,100,174.00,"17,400.00"
2019-12-23,2019122301007042,MLBL,46,32,100,174.00,"17,400.00"
2019-12-23,2019122301006907,MSMBS,46,45,20,560.00,"11,200.00"
2019-12-23,2019122301007067,NABIL,35,42,36,755.00,"27,180.00"
2019-12-23,2019122301007045,NABIL,35,49,54,755.00,"40,770.00"
2019-12-23,2019122301007040,NABIL,42,49,27,755.00,"20,385.00"
2019-12-23,2019122301007037,NABIL,40,49,100,755.00,"75,500.00"
2019-12-23,2019122301007034,NABIL,35,49,300,755.00,"226,500.00"
2019-12-23,2019122301007033,NABIL,35,49,"1,000",755.00,"755,000.00"
2019-12-23,2019122301006620,NABIL,6,13,25,757.00,"18,925.00"
2019-12-23,2019122301006598,NABIL,26,13,78,757.00,"59,046.00"
2019-12-23,2019122301006597,NABIL,26,42,22,757.00,"16,654.00"
2019-12-23,2019122301006698,NABIL,49,47,652,757.00,"493,564.00"
2019-12-23,2019122301006697,NABIL,49,13,148,757.00,"112,036.00"
2019-12-23,2019122301006696,NABIL,20,13,22,757.00,"16,654.00"
2019-12-23,2019122301006661,NABIL,16,13,100,757.00,"75,700.00"
2019-12-23,2019122301006655,NABIL,25,13,10,757.00,"7,570.00"
2019-12-23,2019122301006644,NABIL,25,13,100,757.00,"75,700.00"
2019-12-23,2019122301006784,NABIL,16,49,38,758.00,"28,804.00"
2019-12-23,2019122301006783,NABIL,16,6,12,758.00,"9,096.00"
2019-12-23,2019122301006782,NABIL,16,21,150,758.00,"113,700.00"
2019-12-23,2019122301006733,NABIL,49,10,100,757.00,"75,700.00"
2019-12-23,2019122301006729,NABIL,38,32,50,758.00,"37,900.00"
2019-12-23,2019122301006699,NABIL,49,39,100,757.00,"75,700.00"
2019-12-23,2019122301007012,NABIL,6,6,100,757.00,"75,700.00"
2019-12-23,2019122301006933,NABIL,42,6,10,757.00,"7,570.00"
2019-12-23,2019122301006887,NABIL,51,6,58,757.00,"43,906.00"
2019-12-23,2019122301006877,NABIL,51,22,142,757.00,"107,494.00"
2019-12-23,2019122301006800,NABIL,49,53,"1,000",757.00,"757,000.00"
2019-12-23,2019122301006799,NABIL,57,53,100,757.00,"75,700.00"
2019-12-23,2019122301007026,NABIL,57,49,100,756.00,"75,600.00"
2019-12-23,2019122301007025,NABIL,48,49,136,756.00,"102,816.00"
2019-12-23,2019122301007024,NABIL,13,49,300,756.00,"226,800.00"
2019-12-23,2019122301007023,NABIL,54,49,100,756.00,"75,600.00"
2019-12-23,2019122301007022,NABIL,46,49,200,756.00,"151,200.00"
2019-12-23,2019122301007021,NABIL,20,49,33,756.00,"24,948.00"
2019-12-23,2019122301007032,NABIL,32,49,250,755.00,"188,750.00"
2019-12-23,2019122301007031,NABIL,39,49,100,755.00,"75,500.00"
2019-12-23,2019122301007030,NABIL,14,49,500,755.00,"377,500.00"
2019-12-23,2019122301007029,NABIL,41,49,100,756.00,"75,600.00"
2019-12-23,2019122301007028,NABIL,51,49,100,756.00,"75,600.00"
2019-12-23,2019122301007027,NABIL,52,49,100,756.00,"75,600.00"
2019-12-23,2019122301006722,NADEP,59,48,10,463.00,"4,630.00"
2019-12-23,2019122301006837,NBB,29,41,21,187.00,"3,927.00"
2019-12-23,2019122301007084,NBL,46,17,200,315.00,"63,000.00"
2019-12-23,2019122301007068,NBL,57,17,"1,000",315.00,"315,000.00"
2019-12-23,2019122301006924,NBL,37,17,653,315.00,"205,695.00"
2019-12-23,2019122301006923,NBL,37,17,347,315.00,"109,305.00"
2019-12-23,2019122301006917,NBL,37,17,"1,000",315.00,"315,000.00"
2019-12-23,2019122301006867,NBL,33,5,"1,000",314.00,"314,000.00"
2019-12-23,2019122301006836,NBL,37,17,125,315.00,"39,375.00"
2019-12-23,2019122301006726,NBL,22,17,200,315.00,"63,000.00"
2019-12-23,2019122301006688,NBL,33,52,400,314.00,"125,600.00"
2019-12-23,2019122301006969,NCCB,32,49,125,208.00,"26,000.00"
2019-12-23,2019122301006968,NCCB,32,49,175,208.00,"36,400.00"
2019-12-23,2019122301006920,NCCB,32,42,95,207.00,"19,665.00"
2019-12-23,2019122301006919,NCCB,21,42,40,207.00,"8,280.00"
2019-12-23,2019122301006918,NCCB,25,42,182,207.00,"37,674.00"
2019-12-23,2019122301006892,NCCB,25,41,14,207.00,"2,898.00"
2019-12-23,2019122301006793,NCCB,11,49,25,208.00,"5,200.00"
2019-12-23,2019122301006792,NCCB,11,16,175,208.00,"36,400.00"
2019-12-23,2019122301006785,NCCB,32,16,25,208.00,"5,200.00"
2019-12-23,2019122301006926,NFS,32,18,25,151.00,"3,775.00"
2019-12-23,2019122301006925,NFS,22,18,20,151.00,"3,020.00"
2019-12-23,2019122301007039,NGPL,29,7,500,112.00,"56,000.00"
2019-12-23,2019122301006673,NGPL,17,55,11,112.00,"1,232.00"
2019-12-23,2019122301007091,NIB,41,44,44,433.00,"19,052.00"
2019-12-23,2019122301006643,NIB,28,44,200,433.00,"86,600.00"
2019-12-23,2019122301006982,NICA,32,41,11,414.00,"4,554.00"
2019-12-23,2019122301006981,NICA,35,41,20,414.00,"8,280.00"
2019-12-23,2019122301006980,NICA,14,41,100,414.00,"41,400.00"
2019-12-23,2019122301006979,NICA,34,41,24,414.00,"9,936.00"
2019-12-23,2019122301006937,NICA,57,58,12,415.00,"4,980.00"
2019-12-23,2019122301006934,NICA,35,58,200,415.00,"83,000.00"
2019-12-23,2019122301006594,NICA,17,53,20,415.00,"8,300.00"
2019-12-23,2019122301006768,NICA,42,58,100,415.00,"41,500.00"
2019-12-23,2019122301006767,NICA,46,58,300,415.00,"124,500.00"
2019-12-23,2019122301006749,NICA,34,48,63,414.00,"26,082.00"
2019-12-23,2019122301006748,NICA,1,32,107,415.00,"44,405.00"
2019-12-23,2019122301006747,NICA,1,53,39,415.00,"16,185.00"
2019-12-23,2019122301006746,NICA,1,53,19,415.00,"7,885.00"
2019-12-23,2019122301006710,NICGF,19,32,"1,000",8.62,"8,620.00"
2019-12-23,2019122301006629,NICL,42,43,81,303.00,"24,543.00"
2019-12-23,2019122301006610,NICL,42,42,500,303.00,"151,500.00"
2019-12-23,2019122301006609,NICL,42,48,500,303.00,"151,500.00"
2019-12-23,2019122301006608,NICL,42,28,100,302.00,"30,200.00"
2019-12-23,2019122301006607,NICL,42,29,500,302.00,"151,000.00"
2019-12-23,2019122301006606,NICL,42,39,200,302.00,"60,400.00"
2019-12-23,2019122301006605,NICL,42,50,150,302.00,"45,300.00"
2019-12-23,2019122301006604,NICL,42,56,54,300.00,"16,200.00"
2019-12-23,2019122301006603,NICL,42,38,105,300.00,"31,500.00"
2019-12-23,2019122301006602,NICL,42,34,10,300.00,"3,000.00"
2019-12-23,2019122301007018,NIL,34,52,50,418.00,"20,900.00"
2019-12-23,2019122301007010,NLG,6,49,390,609.00,"237,510.00"
2019-12-23,2019122301006973,NLG,6,8,70,608.00,"42,560.00"
2019-12-23,2019122301006972,NLG,6,58,40,606.00,"24,240.00"
2019-12-23,2019122301006912,NLG,21,58,10,606.00,"6,060.00"
2019-12-23,2019122301006873,NLG,26,42,56,605.00,"33,880.00"
2019-12-23,2019122301006872,NLG,26,45,100,605.00,"60,500.00"
2019-12-23,2019122301006871,NLG,26,40,16,605.00,"9,680.00"
2019-12-23,2019122301006776,NLIC,26,39,160,898.00,"143,680.00"
2019-12-23,2019122301006758,NLIC,42,39,200,895.00,"179,000.00"
2019-12-23,2019122301006757,NLIC,22,39,100,895.00,"89,500.00"
2019-12-23,2019122301006739,NLIC,33,8,94,899.00,"84,506.00"
2019-12-23,2019122301006713,NLIC,33,14,50,899.00,"44,950.00"
2019-12-23,2019122301006712,NLIC,33,28,100,899.00,"89,900.00"
2019-12-23,2019122301006711,NLIC,33,43,10,899.00,"8,990.00"
2019-12-23,2019122301006600,NLIC,33,19,35,898.00,"31,430.00"
2019-12-23,2019122301006599,NLIC,33,26,11,898.00,"9,878.00"
2019-12-23,2019122301006741,NLICL,7,44,500,489.00,"244,500.00"
2019-12-23,2019122301007088,NMB,26,46,20,326.00,"6,520.00"
2019-12-23,2019122301007087,NMB,26,41,100,326.00,"32,600.00"
2019-12-23,2019122301007086,NMB,26,14,300,326.00,"97,800.00"
2019-12-23,2019122301007085,NMB,26,58,80,326.00,"26,080.00"
2019-12-23,2019122301007064,NMB,32,6,75,325.00,"24,375.00"
2019-12-23,2019122301006967,NMB,38,58,100,326.00,"32,600.00"
2019-12-23,2019122301006966,NMB,54,58,200,326.00,"65,200.00"
2019-12-23,2019122301006956,NMB,49,58,50,326.00,"16,300.00"
2019-12-23,2019122301006869,NMB,29,58,200,326.00,"65,200.00"
2019-12-23,2019122301006786,NMB,25,58,100,326.00,"32,600.00"
2019-12-23,2019122301006777,NMB,14,58,120,326.00,"39,120.00"
2019-12-23,2019122301006612,NMB,32,42,37,325.00,"12,025.00"
2019-12-23,2019122301006860,NNLB,29,42,50,509.00,"25,450.00"
2019-12-23,2019122301006866,NNLB,52,42,100,505.00,"50,500.00"
2019-12-23,2019122301006865,NNLB,48,42,30,505.00,"15,150.00"
2019-12-23,2019122301006864,NNLB,10,42,10,505.00,"5,050.00"
2019-12-23,2019122301006863,NNLB,19,42,200,506.00,"101,200.00"
2019-12-23,2019122301006862,NNLB,48,42,50,507.00,"25,350.00"
2019-12-23,2019122301006861,NNLB,58,42,20,508.00,"10,160.00"
2019-12-23,2019122301006929,NNLB,10,42,40,505.00,"20,200.00"
2019-12-23,2019122301006676,NTC,7,52,30,652.00,"19,560.00"
2019-12-23,2019122301006675,NTC,7,50,20,650.00,"13,000.00"
2019-12-23,2019122301006674,NTC,7,10,10,649.00,"6,490.00"
2019-12-23,2019122301006951,PCBL,35,34,329,280.00,"92,120.00"
2019-12-23,2019122301006940,PCBL,45,41,12,279.00,"3,348.00"
2019-12-23,2019122301006909,PCBL,37,34,50,280.00,"14,000.00"
2019-12-23,2019122301006759,PCBL,32,34,25,280.00,"7,000.00"
2019-12-23,2019122301006665,PCBL,45,34,407,279.00,"113,553.00"
2019-12-23,2019122301006664,PCBL,22,34,93,279.00,"25,947.00"
2019-12-23,2019122301006622,PCBL,22,48,39,279.00,"10,881.00"
2019-12-23,2019122301006621,PCBL,22,42,23,279.00,"6,417.00"
2019-12-23,2019122301006613,PFL,34,59,400,133.00,"53,200.00"
2019-12-23,2019122301006650,PIC,41,41,100,420.00,"42,000.00"
2019-12-23,2019122301006765,PICL,44,58,100,418.00,"41,800.00"
2019-12-23,2019122301006764,PICL,44,58,100,418.00,"41,800.00"
2019-12-23,2019122301006763,PICL,34,58,450,418.00,"188,100.00"
2019-12-23,2019122301007035,PLIC,50,21,10,360.00,"3,600.00"
2019-12-23,2019122301006952,PLIC,42,38,50,364.00,"18,200.00"
2019-12-23,2019122301006922,PLIC,58,51,10,364.00,"3,640.00"
2019-12-23,2019122301006628,PLIC,58,47,50,365.00,"18,250.00"
2019-12-23,2019122301006627,PLIC,58,29,50,365.00,"18,250.00"
2019-12-23,2019122301006916,PRIN,53,44,200,336.00,"67,200.00"
2019-12-23,2019122301006971,PRVU,26,29,50,225.00,"11,250.00"
2019-12-23,2019122301006970,PRVU,26,45,100,225.00,"22,500.00"
2019-12-23,2019122301006618,PRVU,51,6,320,224.00,"71,680.00"
2019-12-23,2019122301006617,PRVU,49,6,30,224.00,"6,720.00"
2019-12-23,2019122301006616,PRVU,13,6,200,224.00,"44,800.00"
2019-12-23,2019122301006615,PRVU,14,6,50,224.00,"11,200.00"
2019-12-23,2019122301006614,PRVU,26,6,400,224.00,"89,600.00"
2019-12-23,2019122301006858,RADHI,52,42,12,141.00,"1,692.00"
2019-12-23,2019122301006859,RBCL,7,4,10,"8,600.00","86,000.00"
2019-12-23,2019122301006835,RBCL,7,37,10,"8,600.00","86,000.00"
2019-12-23,2019122301006634,RBCL,45,37,90,"8,600.00","774,000.00"
2019-12-23,2019122301006633,RBCL,45,43,10,"8,599.00","85,990.00"
2019-12-23,2019122301006949,RHPL,45,33,120,176.00,"21,120.00"
2019-12-23,2019122301006948,RHPL,45,53,10,176.00,"1,760.00"
2019-12-23,2019122301006947,RHPL,45,16,20,175.00,"3,500.00"
2019-12-23,2019122301006847,RHPL,11,42,40,175.00,"7,000.00"
2019-12-23,2019122301006751,RHPL,44,42,10,173.00,"1,730.00"
2019-12-23,2019122301006639,RHPL,59,58,100,175.00,"17,500.00"
2019-12-23,2019122301006638,RHPL,59,42,40,174.00,"6,960.00"
2019-12-23,2019122301007066,RLFL,4,41,20,110.00,"2,200.00"
2019-12-23,2019122301006795,RSDC,39,51,100,324.00,"32,400.00"
2019-12-23,2019122301006868,SADBL,59,45,500,143.00,"71,500.00"
2019-12-23,2019122301006963,SAPDBL,26,43,209,129.00,"26,961.00"
2019-12-23,2019122301007044,SCB,6,45,102,530.00,"54,060.00"
2019-12-23,2019122301007043,SCB,6,14,48,530.00,"25,440.00"
2019-12-23,2019122301006938,SCB,59,14,47,530.00,"24,910.00"
2019-12-23,2019122301006857,SCB,28,14,45,530.00,"23,850.00"
2019-12-23,2019122301006856,SCB,51,14,100,530.00,"53,000.00"
2019-12-23,2019122301006855,SCB,36,14,260,530.00,"137,800.00"
2019-12-23,2019122301006752,SCB,17,45,60,531.00,"31,860.00"
2019-12-23,2019122301007019,SDESI,41,28,27,575.00,"15,525.00"
2019-12-23,2019122301006690,SEF,3,32,"2,000",8.74,"17,480.00"
2019-12-23,2019122301007071,SHINE,22,4,808,234.00,"189,072.00"
2019-12-23,2019122301007041,SHINE,52,4,50,234.00,"11,700.00"
2019-12-23,2019122301006964,SHINE,57,4,22,234.00,"5,148.00"
2019-12-23,2019122301006876,SHINE,28,4,120,234.00,"28,080.00"
2019-12-23,2019122301006875,SHINE,28,42,100,234.00,"23,400.00"
2019-12-23,2019122301006874,SHINE,28,45,80,234.00,"18,720.00"
2019-12-23,2019122301006700,SHINE,25,39,43,233.00,"10,019.00"
2019-12-23,2019122301006975,SHIVM,49,56,50,457.00,"22,850.00"
2019-12-23,2019122301006838,SHIVM,49,29,20,457.00,"9,140.00"
2019-12-23,2019122301007016,SHL,56,33,500,186.00,"93,000.00"
2019-12-23,2019122301007008,SHL,36,33,100,187.00,"18,700.00"
2019-12-23,2019122301007007,SHL,56,33,100,189.00,"18,900.00"
2019-12-23,2019122301006848,SHL,41,33,200,190.00,"38,000.00"
2019-12-23,2019122301007053,SHPC,37,43,100,172.00,"17,200.00"
2019-12-23,2019122301006950,SHPC,37,55,150,171.00,"25,650.00"
2019-12-23,2019122301006766,SHPC,49,42,35,170.00,"5,950.00"
2019-12-23,2019122301006743,SHPC,41,45,"1,000",172.00,"172,000.00"
2019-12-23,2019122301006670,SIC,25,44,100,518.00,"51,800.00"
2019-12-23,2019122301006669,SIC,25,50,129,515.00,"66,435.00"
2019-12-23,2019122301006668,SIC,25,42,100,515.00,"51,500.00"
2019-12-23,2019122301006667,SIC,25,25,10,514.00,"5,140.00"
2019-12-23,2019122301006666,SIC,25,10,91,513.00,"46,683.00"
2019-12-23,2019122301006939,SICL,4,39,500,869.00,"434,500.00"
2019-12-23,2019122301006932,SICL,4,58,380,868.00,"329,840.00"
2019-12-23,2019122301006911,SICL,40,46,100,860.00,"86,000.00"
2019-12-23,2019122301006910,SICL,6,46,400,860.00,"344,000.00"
2019-12-23,2019122301006878,SICL,32,58,20,868.00,"17,360.00"
2019-12-23,2019122301006663,SICL,46,28,11,872.00,"9,592.00"
2019-12-23,2019122301007081,SJCL,29,47,20,159.00,"3,180.00"
2019-12-23,2019122301007011,SJCL,29,45,20,159.00,"3,180.00"
2019-12-23,2019122301006908,SJCL,29,16,20,159.00,"3,180.00"
2019-12-23,2019122301006825,SJCL,42,32,180,160.00,"28,800.00"
2019-12-23,2019122301006824,SJCL,18,32,750,160.00,"120,000.00"
2019-12-23,2019122301006787,SJCL,18,42,20,160.00,"3,200.00"
2019-12-23,2019122301006771,SJCL,18,42,10,160.00,"1,600.00"
2019-12-23,2019122301006905,SKBBL,38,14,200,"1,007.00","201,400.00"
2019-12-23,2019122301006904,SKBBL,38,18,100,"1,007.00","100,700.00"
2019-12-23,2019122301006903,SKBBL,38,6,200,"1,006.00","201,200.00"
2019-12-23,2019122301006902,SKBBL,38,53,100,"1,005.00","100,500.00"
2019-12-23,2019122301006832,SKBBL,58,53,100,"1,005.00","100,500.00"
2019-12-23,2019122301006702,SKBBL,58,17,40,"1,005.00","40,200.00"
2019-12-23,2019122301006701,SKBBL,58,19,40,"1,005.00","40,200.00"
2019-12-23,2019122301006687,SKBBL,58,45,125,"1,001.00","125,125.00"
2019-12-23,2019122301006657,SKBBL,58,41,11,"1,000.00","11,000.00"
2019-12-23,2019122301006656,SKBBL,58,36,60,"1,000.00","60,000.00"
2019-12-23,2019122301006654,SKBBL,58,14,145,999.00,"144,855.00"
2019-12-23,2019122301006653,SKBBL,58,49,25,999.00,"24,975.00"
2019-12-23,2019122301006742,SLBSL,22,36,150,609.00,"91,350.00"
2019-12-23,2019122301007093,SLICL,25,58,500,294.00,"147,000.00"
2019-12-23,2019122301007083,SLICL,29,35,81,294.00,"23,814.00"
2019-12-23,2019122301007069,SLICL,45,58,300,295.00,"88,500.00"
2019-12-23,2019122301007048,SLICL,25,33,748,295.00,"220,660.00"
2019-12-23,2019122301007015,SLICL,29,54,19,294.00,"5,586.00"
2019-12-23,2019122301007014,SLICL,59,54,60,294.00,"17,640.00"
2019-12-23,2019122301007009,SLICL,59,19,40,294.00,"11,760.00"
2019-12-23,2019122301006976,SLICL,59,25,65,293.00,"19,045.00"
2019-12-23,2019122301006965,SLICL,36,57,100,292.00,"29,200.00"
2019-12-23,2019122301006681,SLICL,39,43,438,292.00,"127,896.00"
2019-12-23,2019122301006978,SMATA,58,54,43,554.00,"23,822.00"
2019-12-23,2019122301006611,SMATA,58,21,40,565.00,"22,600.00"
2019-12-23,2019122301006899,SPARS,32,13,47,620.00,"29,140.00"
2019-12-23,2019122301006898,SPARS,32,26,455,618.00,"281,190.00"
2019-12-23,2019122301006897,SPARS,32,6,100,618.00,"61,800.00"
2019-12-23,2019122301006896,SPARS,32,13,94,617.00,"57,998.00"
2019-12-23,2019122301006895,SPARS,32,39,10,616.00,"6,160.00"
2019-12-23,2019122301006894,SPARS,32,51,34,616.00,"20,944.00"
2019-12-23,2019122301006893,SPARS,32,35,10,615.00,"6,150.00"
2019-12-23,2019122301006775,SRBL,22,42,104,215.00,"22,360.00"
2019-12-23,2019122301006797,STC,16,28,90,"1,632.00","146,880.00"
2019-12-23,2019122301006796,STC,3,28,50,"1,633.00","81,650.00"
2019-12-23,2019122301006851,SWBBL,26,47,50,825.00,"41,250.00"
2019-12-23,2019122301006780,SWBBL,26,35,20,825.00,"16,500.00"
2019-12-23,2019122301006779,SWBBL,50,35,130,825.00,"107,250.00"
2019-12-23,2019122301006935,TMDBL,4,14,18,151.00,"2,718.00"
2019-12-23,2019122301006921,TRH,50,36,10,280.00,"2,800.00"
2019-12-23,2019122301006772,TRH,3,28,50,282.00,"14,100.00"
2019-12-23,2019122301006756,TRH,3,52,120,281.00,"33,720.00"
2019-12-23,2019122301006755,TRH,3,40,50,280.00,"14,000.00"
2019-12-23,2019122301006754,TRH,3,6,60,280.00,"16,800.00"
2019-12-23,2019122301006753,TRH,3,6,90,280.00,"25,200.00"
2019-12-23,2019122301006672,TRH,33,28,"1,000",276.00,"276,000.00"
2019-12-23,2019122301006671,TRH,33,38,100,276.00,"27,600.00"
2019-12-23,2019122301006641,TRH,21,38,"1,000",273.00,"273,000.00"
2019-12-23,2019122301007092,UFL,14,34,10,178.00,"1,780.00"
2019-12-23,2019122301007063,UFL,14,6,20,175.00,"3,500.00"
2019-12-23,2019122301006834,UIC,1,19,200,290.00,"58,000.00"
2019-12-23,2019122301006833,UIC,1,57,15,290.00,"4,350.00"
2019-12-23,2019122301006781,UMHL,22,42,10,110.00,"1,100.00"
2019-12-23,2019122301007089,UPPER,32,56,100,235.00,"23,500.00"
2019-12-23,2019122301007036,UPPER,32,45,40,235.00,"9,400.00"
2019-12-23,2019122301006852,UPPER,32,48,200,235.00,"47,000.00"
2019-12-23,2019122301006819,UPPER,32,33,500,236.00,"118,000.00"
2019-12-23,2019122301006818,UPPER,1,33,"2,000",236.00,"472,000.00"
2019-12-23,2019122301006730,UPPER,32,42,50,235.00,"11,750.00"
2019-12-23,2019122301006817,VLBS,59,46,64,730.00,"46,720.00"
2019-12-23,2019122301006478,ADBL,28,26,20,412.00,"8,240.00"
2019-12-23,2019122301006477,ADBL,56,26,51,412.00,"21,012.00"
2019-12-23,2019122301006330,AKJCL,7,42,65,57.00,"3,705.00"
2019-12-23,2019122301006421,AKPL,44,6,79,115.00,"9,085.00"
2019-12-23,2019122301006491,ALBSL,52,49,10,495.00,"4,950.00"
2019-12-23,2019122301006490,ALBSL,52,55,10,495.00,"4,950.00"
2019-12-23,2019122301006489,ALBSL,52,26,65,495.00,"32,175.00"
2019-12-23,2019122301006488,ALBSL,52,59,10,494.00,"4,940.00"
2019-12-23,2019122301006487,ALBSL,52,13,10,494.00,"4,940.00"
2019-12-23,2019122301006457,ALBSL,38,58,10,492.00,"4,920.00"
2019-12-23,2019122301006358,ALBSL,38,35,10,492.00,"4,920.00"
2019-12-23,2019122301006336,ALBSL,38,34,10,492.00,"4,920.00"
2019-12-23,2019122301006290,ALBSL,38,45,10,492.00,"4,920.00"
2019-12-23,2019122301006379,ALICL,55,22,50,365.00,"18,250.00"
2019-12-23,2019122301006378,ALICL,55,57,50,365.00,"18,250.00"
2019-12-23,2019122301006122,ALICL,36,25,221,365.00,"80,665.00"
2019-12-23,2019122301006512,API,25,42,50,108.00,"5,400.00"
2019-12-23,2019122301006508,API,13,25,"1,389",106.00,"147,234.00"
2019-12-23,2019122301006507,API,46,25,500,106.00,"53,000.00"
2019-12-23,2019122301006506,API,32,25,50,106.00,"5,300.00"
2019-12-23,2019122301006505,API,55,25,50,106.00,"5,300.00"
2019-12-23,2019122301006504,API,51,25,200,106.00,"21,200.00"
2019-12-23,2019122301006101,API,53,25,110,106.00,"11,660.00"
2019-12-23,2019122301006100,API,50,25,500,106.00,"53,000.00"
2019-12-23,2019122301006099,API,29,25,300,106.00,"31,800.00"
2019-12-23,2019122301006098,API,1,25,"3,990",106.00,"422,940.00"
2019-12-23,2019122301006097,API,10,25,100,107.00,"10,700.00"
2019-12-23,2019122301006503,API,41,25,50,106.00,"5,300.00"
2019-12-23,2019122301006502,API,53,25,890,106.00,"94,340.00"
2019-12-23,2019122301006501,API,1,25,500,107.00,"53,500.00"
2019-12-23,2019122301006456,API,14,42,"1,000",108.00,"108,000.00"
2019-12-23,2019122301006351,API,21,42,"1,000",108.00,"108,000.00"
2019-12-23,2019122301006207,API,25,42,50,108.00,"5,400.00"
2019-12-23,2019122301006288,BOKL,32,28,42,217.00,"9,114.00"
2019-12-23,2019122301006287,BOKL,32,28,358,217.00,"77,686.00"
2019-12-23,2019122301006556,BPCL,43,42,11,353.00,"3,883.00"
2019-12-23,2019122301006479,BPCL,40,42,11,352.00,"3,872.00"
2019-12-23,2019122301006454,BPCL,41,49,400,353.00,"141,200.00"
2019-12-23,2019122301006453,BPCL,33,49,20,353.00,"7,060.00"
2019-12-23,2019122301006452,BPCL,8,49,500,353.00,"176,500.00"
2019-12-23,2019122301006451,BPCL,6,49,50,353.00,"17,650.00"
2019-12-23,2019122301006342,BPCL,8,21,22,354.00,"7,788.00"
2019-12-23,2019122301006252,BPCL,8,21,22,354.00,"7,788.00"
2019-12-23,2019122301006251,BPCL,8,21,22,353.00,"7,766.00"
2019-12-23,2019122301006166,BPCL,8,21,22,355.00,"7,810.00"
2019-12-23,2019122301006165,BPCL,8,21,22,354.00,"7,788.00"
2019-12-23,2019122301006114,BPCL,8,21,22,355.00,"7,810.00"
2019-12-23,2019122301006438,BPCL,39,49,100,356.00,"35,600.00"
2019-12-23,2019122301006428,BPCL,8,21,22,354.00,"7,788.00"
2019-12-23,2019122301006427,BPCL,8,21,22,354.00,"7,788.00"
2019-12-23,2019122301006375,BPCL,8,21,22,354.00,"7,788.00"
2019-12-23,2019122301006344,BPCL,8,21,22,354.00,"7,788.00"
2019-12-23,2019122301006343,BPCL,8,21,22,354.00,"7,788.00"
2019-12-23,2019122301006444,BPCL,57,49,100,354.00,"35,400.00"
2019-12-23,2019122301006443,BPCL,35,49,34,354.00,"12,036.00"
2019-12-23,2019122301006442,BPCL,35,49,20,354.00,"7,080.00"
2019-12-23,2019122301006441,BPCL,25,49,500,355.00,"177,500.00"
2019-12-23,2019122301006440,BPCL,8,49,58,355.00,"20,590.00"
2019-12-23,2019122301006439,BPCL,41,49,15,355.00,"5,325.00"
2019-12-23,2019122301006450,BPCL,36,49,22,354.00,"7,788.00"
2019-12-23,2019122301006449,BPCL,36,49,66,354.00,"23,364.00"
2019-12-23,2019122301006448,BPCL,35,49,53,354.00,"18,762.00"
2019-12-23,2019122301006447,BPCL,22,49,101,354.00,"35,754.00"
2019-12-23,2019122301006446,BPCL,40,49,500,354.00,"177,000.00"
2019-12-23,2019122301006445,BPCL,42,49,100,354.00,"35,400.00"
2019-12-23,2019122301006548,CBBL,49,34,10,805.00,"8,050.00"
2019-12-23,2019122301006547,CBBL,49,38,40,800.00,"32,000.00"
2019-12-23,2019122301006546,CBBL,49,51,20,800.00,"16,000.00"
2019-12-23,2019122301006545,CBBL,49,58,200,795.00,"159,000.00"
2019-12-23,2019122301006544,CBBL,49,35,137,795.00,"108,915.00"
2019-12-23,2019122301006543,CBBL,49,39,50,793.00,"39,650.00"
2019-12-23,2019122301006345,CBBL,49,44,500,791.00,"395,500.00"
2019-12-23,2019122301006590,CBL,21,48,788,135.00,"106,380.00"
2019-12-23,2019122301006589,CBL,21,6,100,135.00,"13,500.00"
2019-12-23,2019122301006588,CBL,21,34,112,135.00,"15,120.00"
2019-12-23,2019122301006587,CBL,42,48,15,134.00,"2,010.00"
2019-12-23,2019122301006586,CBL,21,48,107,134.00,"14,338.00"
2019-12-23,2019122301006542,CBL,57,34,100,135.00,"13,500.00"
2019-12-23,2019122301006431,CBL,34,34,"1,210",135.00,"163,350.00"
2019-12-23,2019122301006430,CBL,34,34,165,135.00,"22,275.00"
2019-12-23,2019122301006429,CBL,34,4,125,135.00,"16,875.00"
2019-12-23,2019122301006259,CBL,21,20,193,134.00,"25,862.00"
2019-12-23,2019122301006533,CCBL,41,42,29,166.00,"4,814.00"
2019-12-23,2019122301006475,CHCL,5,29,320,359.00,"114,880.00"
2019-12-23,2019122301006455,CHCL,5,42,26,359.00,"9,334.00"
2019-12-23,2019122301006392,CHCL,5,42,148,359.00,"53,132.00"
2019-12-23,2019122301006422,CIT,58,20,127,"1,969.00","250,063.00"
2019-12-23,2019122301006377,CIT,58,11,10,"1,969.00","19,690.00"
2019-12-23,2019122301006376,CIT,58,8,112,"1,969.00","220,528.00"
2019-12-23,2019122301006367,CIT,57,8,88,"1,969.00","173,272.00"
2019-12-23,2019122301006366,CIT,57,1,30,"1,969.00","59,070.00"
2019-12-23,2019122301006365,CIT,57,13,100,"1,969.00","196,900.00"
2019-12-23,2019122301006262,CIT,29,49,10,"1,969.00","19,690.00"
2019-12-23,2019122301006271,CIT,41,49,20,"1,969.00","39,380.00"
2019-12-23,2019122301006270,CIT,49,49,100,"1,969.00","196,900.00"
2019-12-23,2019122301006269,CIT,17,49,200,"1,969.00","393,800.00"
2019-12-23,2019122301006268,CIT,14,49,50,"1,969.00","98,450.00"
2019-12-23,2019122301006267,CIT,16,49,150,"1,969.00","295,350.00"
2019-12-23,2019122301006266,CIT,29,49,90,"1,969.00","177,210.00"
2019-12-23,2019122301006277,CIT,5,49,20,"1,969.00","39,380.00"
2019-12-23,2019122301006276,CIT,51,49,100,"1,969.00","196,900.00"
2019-12-23,2019122301006275,CIT,34,49,100,"1,969.00","196,900.00"
2019-12-23,2019122301006274,CIT,29,49,500,"1,969.00","984,500.00"
2019-12-23,2019122301006273,CIT,22,49,100,"1,969.00","196,900.00"
2019-12-23,2019122301006272,CIT,40,49,50,"1,969.00","98,450.00"
2019-12-23,2019122301006364,CIT,57,49,290,"1,969.00","571,010.00"
2019-12-23,2019122301006363,CIT,57,16,122,"1,968.00","240,096.00"
2019-12-23,2019122301006350,CIT,7,16,35,"1,968.00","68,880.00"
2019-12-23,2019122301006331,CIT,35,49,10,"1,969.00","19,690.00"
2019-12-23,2019122301006289,CIT,47,49,120,"1,969.00","236,280.00"
2019-12-23,2019122301006278,CIT,33,49,100,"1,969.00","196,900.00"
2019-12-23,2019122301006162,CZBIL,49,48,81,183.00,"14,823.00"
2019-12-23,2019122301006161,CZBIL,49,41,"1,030",183.00,"188,490.00"
2019-12-23,2019122301006160,CZBIL,6,41,970,183.00,"177,510.00"
2019-12-23,2019122301006159,CZBIL,6,19,105,183.00,"19,215.00"
2019-12-23,2019122301006577,DBBL,55,39,680,138.00,"93,840.00"
2019-12-23,2019122301006576,DBBL,57,39,320,138.00,"44,160.00"
