Date,Transact. No.,Symbol,Buyer,Seller,Quantity,Rate,Amount
2020-06-30,2020063001002722,ADBL,39,14,600,350.00,"210,000.00"
2020-06-30,2020063001002721,ADBL,52,14,50,351.00,"17,550.00"
2020-06-30,2020063001002598,ADBL,34,34,500,352.00,"176,000.00"
2020-06-30,2020063001002511,ADBL,39,34,200,350.00,"70,000.00"
2020-06-30,2020063001002513,AHPC,34,19,"1,209",94.00,"113,646.00"
2020-06-30,2020063001002512,AHPC,34,58,10,94.00,940.00
2020-06-30,2020063001002734,AKPL,48,41,10,122.00,"1,220.00"
2020-06-30,2020063001002632,AKPL,1,28,"1,000",121.00,"121,000.00"
2020-06-30,2020063001002560,ALBSL,16,25,10,537.00,"5,370.00"
2020-06-30,2020063001002837,ALICL,35,57,293,539.00,"157,927.00"
2020-06-30,2020063001002836,ALICL,35,35,25,539.00,"13,475.00"
2020-06-30,2020063001002835,ALICL,35,25,500,536.00,"268,000.00"
2020-06-30,2020063001002612,ALICL,58,35,25,539.00,"13,475.00"
2020-06-30,2020063001002495,API,44,25,10,111.00,"1,110.00"
2020-06-30,2020063001002898,BOKL,7,39,90,217.00,"19,530.00"
2020-06-30,2020063001002897,BOKL,7,55,10,216.00,"2,160.00"
2020-06-30,2020063001002776,BOKL,49,58,100,215.00,"21,500.00"
2020-06-30,2020063001002594,BOKL,52,58,25,215.00,"5,375.00"
2020-06-30,2020063001002483,BOKL,6,58,500,215.00,"107,500.00"
2020-06-30,2020063001002447,BPCL,39,13,500,332.00,"166,000.00"
2020-06-30,2020063001002446,BPCL,39,11,200,332.00,"66,400.00"
2020-06-30,2020063001002445,BPCL,39,16,20,332.00,"6,640.00"
2020-06-30,2020063001002444,BPCL,39,47,10,332.00,"3,320.00"
2020-06-30,2020063001002443,BPCL,39,47,20,330.00,"6,600.00"
2020-06-30,2020063001002442,BPCL,39,13,50,329.00,"16,450.00"
2020-06-30,2020063001002877,CBBL,50,40,198,982.00,"194,436.00"
2020-06-30,2020063001002860,CBBL,50,52,10,980.00,"9,800.00"
2020-06-30,2020063001002427,CBBL,21,35,10,968.00,"9,680.00"
2020-06-30,2020063001002846,CBL,19,50,50,134.00,"6,700.00"
2020-06-30,2020063001002870,CCBL,56,58,100,158.00,"15,800.00"
2020-06-30,2020063001002639,CCBL,56,52,100,157.00,"15,700.00"
2020-06-30,2020063001002723,CFCL,33,41,200,122.00,"24,400.00"
2020-06-30,2020063001002909,CHCL,16,28,200,368.00,"73,600.00"
2020-06-30,2020063001002908,CHCL,16,10,50,368.00,"18,400.00"
2020-06-30,2020063001002907,CHCL,16,11,180,367.00,"66,060.00"
2020-06-30,2020063001002906,CHCL,16,1,"2,000",367.00,"734,000.00"
2020-06-30,2020063001002747,CHCL,53,11,20,367.00,"7,340.00"
2020-06-30,2020063001002746,CHCL,53,19,200,365.00,"73,000.00"
2020-06-30,2020063001002852,EBL,35,13,200,609.00,"121,800.00"
2020-06-30,2020063001002824,EBL,7,19,160,600.00,"96,000.00"
2020-06-30,2020063001002778,EBL,28,13,300,609.00,"182,700.00"
2020-06-30,2020063001002741,EBL,7,11,50,600.00,"30,000.00"
2020-06-30,2020063001002429,EBL,58,11,10,598.00,"5,980.00"
2020-06-30,2020063001002865,GBBL,35,1,350,210.00,"73,500.00"
2020-06-30,2020063001002630,GBBL,39,46,200,212.00,"42,400.00"
2020-06-30,2020063001002602,GBBL,35,46,150,210.00,"31,500.00"
2020-06-30,2020063001002599,GBBL,3,46,500,210.00,"105,000.00"
2020-06-30,2020063001002438,GBBL,59,46,300,210.00,"63,000.00"
2020-06-30,2020063001002900,GBIME,39,54,200,244.00,"48,800.00"
2020-06-30,2020063001002872,GBIME,18,45,800,243.00,"194,400.00"
2020-06-30,2020063001002871,GBIME,28,45,200,243.00,"48,600.00"
2020-06-30,2020063001002812,GBIME,18,45,"1,000",242.00,"242,000.00"
2020-06-30,2020063001002716,GBIME,34,34,500,242.00,"121,000.00"
2020-06-30,2020063001002601,GBIME,17,54,100,244.00,"24,400.00"
2020-06-30,2020063001002436,GBIME,13,25,50,242.00,"12,100.00"
2020-06-30,2020063001002550,GBIME,39,54,584,244.00,"142,496.00"
2020-06-30,2020063001002549,GBIME,39,35,400,244.00,"97,600.00"
2020-06-30,2020063001002548,GBIME,39,59,100,243.00,"24,300.00"
2020-06-30,2020063001002547,GBIME,39,5,140,243.00,"34,020.00"
2020-06-30,2020063001002546,GBIME,39,25,776,242.00,"187,792.00"
2020-06-30,2020063001002452,GBIME,17,25,500,242.00,"121,000.00"
2020-06-30,2020063001002913,GILB,45,40,13,"1,135.00","14,755.00"
2020-06-30,2020063001002593,GLBSL,45,26,10,619.00,"6,190.00"
2020-06-30,2020063001002592,GLBSL,45,55,10,618.00,"6,180.00"
2020-06-30,2020063001002591,GLBSL,45,41,20,610.00,"12,200.00"
2020-06-30,2020063001002432,GLICL,39,1,28,413.00,"11,564.00"
2020-06-30,2020063001002841,HBL,13,50,100,489.00,"48,900.00"
2020-06-30,2020063001002588,HDHPC,6,39,20,88.00,"1,760.00"
2020-06-30,2020063001002587,HDHPC,6,19,50,87.00,"4,350.00"
2020-06-30,2020063001002905,HDL,6,35,100,"1,457.00","145,700.00"
2020-06-30,2020063001002859,HDL,6,53,50,"1,457.00","72,850.00"
2020-06-30,2020063001002828,HDL,6,13,30,"1,457.00","43,710.00"
2020-06-30,2020063001002774,HDL,6,25,50,"1,457.00","72,850.00"
2020-06-30,2020063001002773,HDL,6,35,100,"1,457.00","145,700.00"
2020-06-30,2020063001002772,HDL,6,10,100,"1,457.00","145,700.00"
2020-06-30,2020063001002420,HDL,58,54,20,"1,440.00","28,800.00"
2020-06-30,2020063001002574,HDL,50,39,50,"1,448.00","72,400.00"
2020-06-30,2020063001002552,HDL,38,49,750,"1,445.00","1,083,750.00"
2020-06-30,2020063001002544,HDL,22,49,100,"1,445.00","144,500.00"
2020-06-30,2020063001002496,HDL,38,54,140,"1,440.00","201,600.00"
2020-06-30,2020063001002457,HDL,58,54,60,"1,440.00","86,400.00"
2020-06-30,2020063001002421,HDL,58,54,40,"1,440.00","57,600.00"
2020-06-30,2020063001002653,HDL,59,45,300,"1,450.00","435,000.00"
2020-06-30,2020063001002652,HDL,59,45,100,"1,450.00","145,000.00"
2020-06-30,2020063001002651,HDL,59,58,50,"1,450.00","72,500.00"
2020-06-30,2020063001002633,HDL,22,33,270,"1,447.00","390,690.00"
2020-06-30,2020063001002611,HDL,38,50,100,"1,445.00","144,500.00"
2020-06-30,2020063001002575,HDL,50,33,10,"1,448.00","14,480.00"
2020-06-30,2020063001002759,HDL,6,28,100,"1,456.00","145,600.00"
2020-06-30,2020063001002758,HDL,6,34,10,"1,456.00","14,560.00"
2020-06-30,2020063001002757,HDL,6,10,100,"1,455.00","145,500.00"
2020-06-30,2020063001002743,HDL,59,25,200,"1,450.00","290,000.00"
2020-06-30,2020063001002655,HDL,59,11,20,"1,450.00","29,000.00"
2020-06-30,2020063001002654,HDL,59,1,100,"1,450.00","145,000.00"
2020-06-30,2020063001002765,HDL,6,28,50,"1,457.00","72,850.00"
2020-06-30,2020063001002764,HDL,6,47,100,"1,457.00","145,700.00"
2020-06-30,2020063001002763,HDL,6,48,50,"1,457.00","72,850.00"
2020-06-30,2020063001002762,HDL,6,49,80,"1,457.00","116,560.00"
2020-06-30,2020063001002761,HDL,6,13,50,"1,457.00","72,850.00"
2020-06-30,2020063001002760,HDL,6,21,40,"1,457.00","58,280.00"
2020-06-30,2020063001002771,HDL,6,58,100,"1,457.00","145,700.00"
2020-06-30,2020063001002770,HDL,6,56,130,"1,457.00","189,410.00"
2020-06-30,2020063001002769,HDL,6,10,200,"1,457.00","291,400.00"
2020-06-30,2020063001002768,HDL,6,6,100,"1,457.00","145,700.00"
2020-06-30,2020063001002767,HDL,6,47,100,"1,457.00","145,700.00"
2020-06-30,2020063001002766,HDL,6,56,200,"1,457.00","291,400.00"
2020-06-30,2020063001002839,HGI,13,43,10,325.00,"3,250.00"
2020-06-30,2020063001002867,HURJA,42,38,20,93.00,"1,860.00"
2020-06-30,2020063001002866,HURJA,42,6,20,93.00,"1,860.00"
2020-06-30,2020063001002856,IGI,34,3,10,360.00,"3,600.00"
2020-06-30,2020063001002430,IGI,34,26,75,353.00,"26,475.00"
2020-06-30,2020063001002456,ILBS,57,21,11,620.00,"6,820.00"
2020-06-30,2020063001002455,ILBS,57,14,150,620.00,"93,000.00"
2020-06-30,2020063001002454,ILBS,57,21,11,615.00,"6,765.00"
2020-06-30,2020063001002453,ILBS,57,36,20,615.00,"12,300.00"
2020-06-30,2020063001002878,KBL,6,58,300,177.00,"53,100.00"
2020-06-30,2020063001002875,KBL,34,58,200,177.00,"35,400.00"
2020-06-30,2020063001002571,KBL,58,35,590,178.00,"105,020.00"
2020-06-30,2020063001002570,KBL,58,19,"1,000",178.00,"178,000.00"
2020-06-30,2020063001002569,KBL,58,4,410,177.00,"72,570.00"
2020-06-30,2020063001002873,KRBL,29,57,700,98.00,"68,600.00"
2020-06-30,2020063001002501,KSBBL,25,32,100,144.00,"14,400.00"
2020-06-30,2020063001002600,LBBL,28,59,100,179.00,"17,900.00"
2020-06-30,2020063001002543,LBBL,53,26,300,178.00,"53,400.00"
2020-06-30,2020063001002542,LBBL,53,51,25,178.00,"4,450.00"
2020-06-30,2020063001002492,LBBL,33,32,91,175.00,"15,925.00"
2020-06-30,2020063001002491,LBBL,10,32,500,175.00,"87,500.00"
2020-06-30,2020063001002724,LGIL,59,28,36,390.00,"14,040.00"
2020-06-30,2020063001002559,LGIL,45,28,64,390.00,"24,960.00"
2020-06-30,2020063001002558,LGIL,45,36,136,387.00,"52,632.00"
2020-06-30,2020063001002557,LGIL,45,19,300,386.00,"115,800.00"
2020-06-30,2020063001002580,LICN,19,33,137,"1,250.00","171,250.00"
2020-06-30,2020063001002579,LICN,19,46,113,"1,240.00","140,120.00"
2020-06-30,2020063001002914,MBL,33,22,10,220.00,"2,200.00"
2020-06-30,2020063001002590,MBL,57,59,150,217.00,"32,550.00"
2020-06-30,2020063001002589,MBL,57,51,47,217.00,"10,199.00"
2020-06-30,2020063001002581,MBL,28,28,500,217.00,"108,500.00"
2020-06-30,2020063001002493,MBL,57,38,500,215.00,"107,500.00"
2020-06-30,2020063001002879,MEGA,50,16,100,200.00,"20,000.00"
2020-06-30,2020063001002850,MEGA,6,45,300,201.00,"60,300.00"
2020-06-30,2020063001002634,MEGA,50,25,759,200.00,"151,800.00"
2020-06-30,2020063001002607,MEGA,58,25,241,200.00,"48,200.00"
2020-06-30,2020063001002606,MEGA,58,14,500,200.00,"100,000.00"
2020-06-30,2020063001002514,MEGA,39,44,279,200.00,"55,800.00"
2020-06-30,2020063001002473,MEGA,39,44,"1,221",200.00,"244,200.00"
2020-06-30,2020063001002472,MEGA,39,28,500,199.00,"99,500.00"
2020-06-30,2020063001002471,MEGA,39,41,279,199.00,"55,521.00"
2020-06-30,2020063001002605,MEGA,58,10,79,200.00,"15,800.00"
2020-06-30,2020063001002567,MEGA,41,10,50,200.00,"10,000.00"
2020-06-30,2020063001002517,MEGA,39,10,571,200.00,"114,200.00"
2020-06-30,2020063001002516,MEGA,39,42,"1,000",200.00,"200,000.00"
2020-06-30,2020063001002515,MEGA,39,21,150,200.00,"30,000.00"
2020-06-30,2020063001002638,MFIL,14,39,78,252.00,"19,656.00"
2020-06-30,2020063001002637,MFIL,22,39,150,253.00,"37,950.00"
2020-06-30,2020063001002503,MLBBL,36,48,10,616.00,"6,160.00"
2020-06-30,2020063001002756,MLBL,42,22,100,187.00,"18,700.00"
2020-06-30,2020063001002910,MNBBL,17,58,17,300.00,"5,100.00"
2020-06-30,2020063001002876,MNBBL,1,58,683,300.00,"204,900.00"
2020-06-30,2020063001002849,MNBBL,17,58,300,300.00,"90,000.00"
2020-06-30,2020063001002848,MNBBL,17,42,300,300.00,"90,000.00"
2020-06-30,2020063001002754,MNBBL,41,42,200,300.00,"60,000.00"
2020-06-30,2020063001002751,MNBBL,1,10,50,299.00,"14,950.00"
2020-06-30,2020063001002440,MNBBL,58,40,50,294.00,"14,700.00"
2020-06-30,2020063001002561,MNBBL,1,40,267,294.00,"78,498.00"
2020-06-30,2020063001002868,NABIL,49,44,50,725.00,"36,250.00"
2020-06-30,2020063001002794,NABIL,37,54,14,726.00,"10,164.00"
2020-06-30,2020063001002793,NABIL,37,52,36,726.00,"26,136.00"
2020-06-30,2020063001002733,NABIL,37,52,14,726.00,"10,164.00"
2020-06-30,2020063001002732,NABIL,37,45,50,726.00,"36,300.00"
2020-06-30,2020063001002731,NABIL,37,35,56,725.00,"40,600.00"
2020-06-30,2020063001002730,NABIL,37,21,94,725.00,"68,150.00"
2020-06-30,2020063001002729,NABIL,37,57,36,724.00,"26,064.00"
2020-06-30,2020063001002728,NABIL,37,13,50,724.00,"36,200.00"
2020-06-30,2020063001002441,NABIL,13,38,250,720.00,"180,000.00"
2020-06-30,2020063001002641,NBB,6,17,400,189.00,"75,600.00"
2020-06-30,2020063001002451,NBB,6,6,438,188.00,"82,344.00"
2020-06-30,2020063001002851,NBL,41,44,15,245.00,"3,675.00"
2020-06-30,2020063001002789,NBL,33,16,10,246.00,"2,460.00"
2020-06-30,2020063001002788,NBL,33,45,50,244.00,"12,200.00"
2020-06-30,2020063001002596,NBL,48,25,500,242.00,"121,000.00"
2020-06-30,2020063001002595,NBL,48,28,"1,614",242.00,"390,588.00"
2020-06-30,2020063001002439,NBL,19,13,50,241.00,"12,050.00"
2020-06-30,2020063001002435,NBL,42,13,100,241.00,"24,100.00"
2020-06-30,2020063001002725,NCCB,8,20,"1,000",176.00,"176,000.00"
2020-06-30,2020063001002843,NHDL,22,41,10,115.00,"1,150.00"
2020-06-30,2020063001002842,NHDL,22,41,10,115.00,"1,150.00"
2020-06-30,2020063001002916,NIB,21,56,270,425.00,"114,750.00"
2020-06-30,2020063001002915,NIB,33,56,30,425.00,"12,750.00"
2020-06-30,2020063001002777,NIBPO,32,19,200,349.00,"69,800.00"
2020-06-30,2020063001002917,NICA,28,28,500,506.00,"253,000.00"
2020-06-30,2020063001002780,NICA,48,42,500,500.00,"250,000.00"
2020-06-30,2020063001002779,NICA,48,28,780,500.00,"390,000.00"
2020-06-30,2020063001002753,NICA,39,28,220,500.00,"110,000.00"
2020-06-30,2020063001002752,NICA,39,33,780,500.00,"390,000.00"
2020-06-30,2020063001002750,NICA,49,28,500,499.00,"249,500.00"
2020-06-30,2020063001002718,NICA,13,28,190,498.00,"94,620.00"
2020-06-30,2020063001002631,NICA,43,28,10,498.00,"4,980.00"
2020-06-30,2020063001002582,NICA,35,28,200,498.00,"99,600.00"
2020-06-30,2020063001002449,NICA,17,28,100,498.00,"49,800.00"
2020-06-30,2020063001002829,NICL,34,34,300,349.00,"104,700.00"
2020-06-30,2020063001002825,NICL,57,33,500,350.00,"175,000.00"
2020-06-30,2020063001002556,NICL,14,6,20,344.00,"6,880.00"
2020-06-30,2020063001002736,NIL,14,53,90,508.00,"45,720.00"
2020-06-30,2020063001002735,NIL,48,53,10,508.00,"5,080.00"
2020-06-30,2020063001002717,NIL,48,43,500,508.00,"254,000.00"
2020-06-30,2020063001002649,NIL,48,53,100,508.00,"50,800.00"
2020-06-30,2020063001002629,NLBBL,46,6,75,627.00,"47,025.00"
2020-06-30,2020063001002628,NLBBL,46,13,30,627.00,"18,810.00"
2020-06-30,2020063001002627,NLBBL,46,29,380,627.00,"238,260.00"
2020-06-30,2020063001002882,NLIC,49,43,281,"1,177.00","330,737.00"
2020-06-30,2020063001002880,NLIC,42,45,200,"1,170.00","234,000.00"
2020-06-30,2020063001002874,NLIC,35,43,50,"1,177.00","58,850.00"
2020-06-30,2020063001002858,NLIC,6,43,135,"1,177.00","158,895.00"
2020-06-30,2020063001002857,NLIC,58,43,34,"1,177.00","40,018.00"
2020-06-30,2020063001002844,NLIC,6,25,40,"1,177.00","47,080.00"
2020-06-30,2020063001002434,NLIC,13,43,500,"1,172.00","586,000.00"
2020-06-30,2020063001002433,NLIC,13,53,30,"1,172.00","35,160.00"
2020-06-30,2020063001002428,NLIC,46,19,100,"1,172.00","117,200.00"
2020-06-30,2020063001002426,NLIC,39,33,25,"1,170.00","29,250.00"
2020-06-30,2020063001002463,NLIC,58,57,40,"1,175.00","47,000.00"
2020-06-30,2020063001002462,NLIC,58,14,260,"1,175.00","305,500.00"
2020-06-30,2020063001002461,NLIC,58,25,50,"1,175.00","58,750.00"
2020-06-30,2020063001002460,NLIC,58,34,150,"1,175.00","176,250.00"
2020-06-30,2020063001002459,NLIC,58,55,447,"1,175.00","525,225.00"
2020-06-30,2020063001002448,NLIC,56,55,50,"1,175.00","58,750.00"
2020-06-30,2020063001002469,NLIC,58,1,30,"1,177.00","35,310.00"
2020-06-30,2020063001002468,NLIC,58,39,61,"1,177.00","71,797.00"
2020-06-30,2020063001002467,NLIC,58,50,300,"1,177.00","353,100.00"
2020-06-30,2020063001002466,NLIC,58,57,50,"1,177.00","58,850.00"
2020-06-30,2020063001002465,NLIC,58,6,50,"1,176.00","58,800.00"
2020-06-30,2020063001002464,NLIC,58,41,20,"1,175.00","23,500.00"
2020-06-30,2020063001002478,NLIC,6,58,100,"1,177.00","117,700.00"
2020-06-30,2020063001002477,NLIC,6,34,200,"1,177.00","235,400.00"
2020-06-30,2020063001002476,NLIC,6,25,50,"1,177.00","58,850.00"
2020-06-30,2020063001002475,NLIC,6,14,25,"1,177.00","29,425.00"
2020-06-30,2020063001002474,NLIC,6,51,158,"1,177.00","185,966.00"
2020-06-30,2020063001002470,NLIC,58,51,42,"1,177.00","49,434.00"
2020-06-30,2020063001002500,NLIC,6,54,200,"1,177.00","235,400.00"
2020-06-30,2020063001002494,NLIC,6,11,100,"1,177.00","117,700.00"
2020-06-30,2020063001002484,NLIC,6,38,10,"1,177.00","11,770.00"
2020-06-30,2020063001002481,NLIC,6,37,123,"1,177.00","144,771.00"
2020-06-30,2020063001002480,NLIC,6,43,10,"1,177.00","11,770.00"
2020-06-30,2020063001002479,NLIC,6,52,50,"1,177.00","58,850.00"
2020-06-30,2020063001002643,NLIC,57,1,35,"1,177.00","41,195.00"
2020-06-30,2020063001002642,NLIC,57,43,41,"1,177.00","48,257.00"
2020-06-30,2020063001002640,NLIC,49,53,50,"1,175.00","58,750.00"
2020-06-30,2020063001002573,NLIC,39,43,285,"1,177.00","335,445.00"
2020-06-30,2020063001002572,NLIC,6,43,174,"1,177.00","204,798.00"
2020-06-30,2020063001002555,NLIC,6,19,500,"1,177.00","588,500.00"
2020-06-30,2020063001002748,NLIC,6,36,25,"1,170.00","29,250.00"
2020-06-30,2020063001002745,NLIC,6,36,425,"1,170.00","497,250.00"
2020-06-30,2020063001002744,NLIC,49,36,50,"1,175.00","58,750.00"
2020-06-30,2020063001002647,NLIC,52,54,100,"1,177.00","117,700.00"
2020-06-30,2020063001002645,NLIC,57,54,174,"1,177.00","204,798.00"
2020-06-30,2020063001002644,NLIC,57,34,250,"1,177.00","294,250.00"
2020-06-30,2020063001002787,NLIC,58,34,450,"1,177.00","529,650.00"
2020-06-30,2020063001002786,NLIC,58,44,200,"1,177.00","235,400.00"
2020-06-30,2020063001002785,NLIC,58,21,116,"1,177.00","136,532.00"
2020-06-30,2020063001002784,NLIC,39,21,84,"1,177.00","98,868.00"
2020-06-30,2020063001002783,NLIC,39,54,26,"1,177.00","30,602.00"
2020-06-30,2020063001002782,NLIC,39,58,100,"1,176.00","117,600.00"
2020-06-30,2020063001002902,NMB,33,41,92,365.00,"33,580.00"
2020-06-30,2020063001002853,NMB,37,1,92,365.00,"33,580.00"
2020-06-30,2020063001002814,NMB,25,1,100,365.00,"36,500.00"
2020-06-30,2020063001002792,NMB,38,33,94,360.00,"33,840.00"
2020-06-30,2020063001002791,NMB,39,33,169,360.00,"60,840.00"
2020-06-30,2020063001002790,NMB,1,33,50,360.00,"18,000.00"
2020-06-30,2020063001002506,NMB,34,1,500,365.00,"182,500.00"
2020-06-30,2020063001002505,NMB,46,1,440,367.00,"161,480.00"
2020-06-30,2020063001002504,NMB,52,1,23,368.00,"8,464.00"
2020-06-30,2020063001002424,NMB,48,25,100,369.00,"36,900.00"
2020-06-30,2020063001002423,NMB,38,25,500,369.00,"184,500.00"
2020-06-30,2020063001002775,NMB,28,1,250,365.00,"91,250.00"
2020-06-30,2020063001002636,NMB,49,1,85,365.00,"31,025.00"
2020-06-30,2020063001002635,NMB,49,21,15,364.00,"5,460.00"
2020-06-30,2020063001002509,NMB,53,1,10,365.00,"3,650.00"
2020-06-30,2020063001002508,NMB,4,1,300,365.00,"109,500.00"
2020-06-30,2020063001002507,NMB,51,1,200,365.00,"73,000.00"
2020-06-30,2020063001002816,NMBMF,33,38,38,700.00,"26,600.00"
2020-06-30,2020063001002815,NMBMF,33,38,15,700.00,"10,500.00"
2020-06-30,2020063001002904,NRIC,34,8,40,344.00,"13,760.00"
2020-06-30,2020063001002896,NRIC,40,57,10,344.00,"3,440.00"
2020-06-30,2020063001002895,NRIC,40,22,40,344.00,"13,760.00"
2020-06-30,2020063001002894,NRIC,40,51,20,344.00,"6,880.00"
2020-06-30,2020063001002893,NRIC,40,38,40,344.00,"13,760.00"
2020-06-30,2020063001002892,NRIC,40,50,40,344.00,"13,760.00"
2020-06-30,2020063001002523,NRIC,49,25,50,344.00,"17,200.00"
2020-06-30,2020063001002522,NRIC,49,7,40,344.00,"13,760.00"
2020-06-30,2020063001002521,NRIC,49,56,50,344.00,"17,200.00"
2020-06-30,2020063001002520,NRIC,49,42,40,344.00,"13,760.00"
2020-06-30,2020063001002519,NRIC,49,36,50,344.00,"17,200.00"
2020-06-30,2020063001002518,NRIC,49,47,30,344.00,"10,320.00"
2020-06-30,2020063001002529,NRIC,49,41,40,344.00,"13,760.00"
2020-06-30,2020063001002528,NRIC,49,1,40,344.00,"13,760.00"
2020-06-30,2020063001002527,NRIC,49,6,50,344.00,"17,200.00"
2020-06-30,2020063001002526,NRIC,49,1,40,344.00,"13,760.00"
2020-06-30,2020063001002525,NRIC,49,55,40,344.00,"13,760.00"
2020-06-30,2020063001002524,NRIC,49,1,40,344.00,"13,760.00"
2020-06-30,2020063001002535,NRIC,49,34,40,344.00,"13,760.00"
2020-06-30,2020063001002534,NRIC,49,58,50,344.00,"17,200.00"
2020-06-30,2020063001002533,NRIC,49,56,40,344.00,"13,760.00"
2020-06-30,2020063001002532,NRIC,49,43,50,344.00,"17,200.00"
2020-06-30,2020063001002531,NRIC,49,43,40,344.00,"13,760.00"
2020-06-30,2020063001002530,NRIC,49,45,50,344.00,"17,200.00"
2020-06-30,2020063001002541,NRIC,49,14,30,344.00,"10,320.00"
2020-06-30,2020063001002540,NRIC,49,59,40,344.00,"13,760.00"
2020-06-30,2020063001002539,NRIC,49,37,40,344.00,"13,760.00"
2020-06-30,2020063001002538,NRIC,49,41,20,344.00,"6,880.00"
2020-06-30,2020063001002537,NRIC,49,47,40,344.00,"13,760.00"
2020-06-30,2020063001002536,NRIC,49,40,50,344.00,"17,200.00"
2020-06-30,2020063001002615,NRIC,40,53,40,344.00,"13,760.00"
2020-06-30,2020063001002566,NRIC,42,50,50,344.00,"17,200.00"
2020-06-30,2020063001002565,NRIC,42,38,40,344.00,"13,760.00"
2020-06-30,2020063001002564,NRIC,42,19,50,344.00,"17,200.00"
2020-06-30,2020063001002563,NRIC,42,8,40,344.00,"13,760.00"
2020-06-30,2020063001002562,NRIC,42,14,20,344.00,"6,880.00"
2020-06-30,2020063001002621,NRIC,40,40,40,344.00,"13,760.00"
2020-06-30,2020063001002620,NRIC,40,47,50,344.00,"17,200.00"
2020-06-30,2020063001002619,NRIC,40,35,40,344.00,"13,760.00"
2020-06-30,2020063001002618,NRIC,40,59,50,344.00,"17,200.00"
2020-06-30,2020063001002617,NRIC,40,10,50,344.00,"17,200.00"
2020-06-30,2020063001002616,NRIC,40,21,40,344.00,"13,760.00"
2020-06-30,2020063001002648,NRIC,45,43,20,344.00,"6,880.00"
2020-06-30,2020063001002626,NRIC,40,43,20,344.00,"6,880.00"
2020-06-30,2020063001002625,NRIC,40,52,40,344.00,"13,760.00"
2020-06-30,2020063001002624,NRIC,40,19,40,344.00,"13,760.00"
2020-06-30,2020063001002623,NRIC,40,16,40,344.00,"13,760.00"
2020-06-30,2020063001002622,NRIC,40,56,50,344.00,"17,200.00"
2020-06-30,2020063001002661,NRIC,40,22,40,344.00,"13,760.00"
2020-06-30,2020063001002660,NRIC,40,25,50,344.00,"17,200.00"
2020-06-30,2020063001002659,NRIC,40,49,20,344.00,"6,880.00"
2020-06-30,2020063001002658,NRIC,57,49,20,344.00,"6,880.00"
2020-06-30,2020063001002657,NRIC,57,1,40,344.00,"13,760.00"
2020-06-30,2020063001002656,NRIC,57,56,40,344.00,"13,760.00"
2020-06-30,2020063001002667,NRIC,40,46,40,344.00,"13,760.00"
2020-06-30,2020063001002666,NRIC,40,25,10,344.00,"3,440.00"
2020-06-30,2020063001002665,NRIC,40,58,50,344.00,"17,200.00"
2020-06-30,2020063001002664,NRIC,40,16,40,344.00,"13,760.00"
2020-06-30,2020063001002663,NRIC,40,14,40,344.00,"13,760.00"
2020-06-30,2020063001002662,NRIC,40,43,40,344.00,"13,760.00"
2020-06-30,2020063001002673,NRIC,11,52,30,344.00,"10,320.00"
2020-06-30,2020063001002672,NRIC,40,52,10,344.00,"3,440.00"
2020-06-30,2020063001002671,NRIC,40,58,40,344.00,"13,760.00"
2020-06-30,2020063001002670,NRIC,40,1,40,344.00,"13,760.00"
2020-06-30,2020063001002669,NRIC,40,8,40,344.00,"13,760.00"
2020-06-30,2020063001002668,NRIC,40,56,40,344.00,"13,760.00"
2020-06-30,2020063001002679,NRIC,11,16,40,344.00,"13,760.00"
2020-06-30,2020063001002678,NRIC,11,58,40,344.00,"13,760.00"
2020-06-30,2020063001002677,NRIC,11,51,40,344.00,"13,760.00"
2020-06-30,2020063001002676,NRIC,11,47,40,344.00,"13,760.00"
2020-06-30,2020063001002675,NRIC,11,49,50,344.00,"17,200.00"
2020-06-30,2020063001002674,NRIC,11,56,40,344.00,"13,760.00"
2020-06-30,2020063001002685,NRIC,11,6,40,344.00,"13,760.00"
2020-06-30,2020063001002684,NRIC,11,56,40,344.00,"13,760.00"
2020-06-30,2020063001002683,NRIC,11,14,40,344.00,"13,760.00"
2020-06-30,2020063001002682,NRIC,11,43,40,344.00,"13,760.00"
2020-06-30,2020063001002681,NRIC,11,29,40,344.00,"13,760.00"
2020-06-30,2020063001002680,NRIC,11,48,50,344.00,"17,200.00"
2020-06-30,2020063001002691,NRIC,11,6,40,344.00,"13,760.00"
2020-06-30,2020063001002690,NRIC,11,50,50,344.00,"17,200.00"
2020-06-30,2020063001002689,NRIC,11,20,40,344.00,"13,760.00"
2020-06-30,2020063001002688,NRIC,11,49,50,344.00,"17,200.00"
2020-06-30,2020063001002687,NRIC,11,1,50,344.00,"17,200.00"
2020-06-30,2020063001002686,NRIC,11,56,40,344.00,"13,760.00"
2020-06-30,2020063001002697,NRIC,11,43,40,344.00,"13,760.00"
2020-06-30,2020063001002696,NRIC,11,35,40,344.00,"13,760.00"
2020-06-30,2020063001002695,NRIC,11,8,50,344.00,"17,200.00"
2020-06-30,2020063001002694,NRIC,11,6,50,344.00,"17,200.00"
2020-06-30,2020063001002693,NRIC,11,1,40,344.00,"13,760.00"
2020-06-30,2020063001002692,NRIC,11,16,40,344.00,"13,760.00"
2020-06-30,2020063001002703,NRIC,11,10,40,344.00,"13,760.00"
2020-06-30,2020063001002702,NRIC,11,36,40,344.00,"13,760.00"
2020-06-30,2020063001002701,NRIC,11,48,40,344.00,"13,760.00"
2020-06-30,2020063001002700,NRIC,11,41,40,344.00,"13,760.00"
2020-06-30,2020063001002699,NRIC,11,49,40,344.00,"13,760.00"
2020-06-30,2020063001002698,NRIC,11,25,50,344.00,"17,200.00"
2020-06-30,2020063001002738,NRIC,29,47,20,344.00,"6,880.00"
2020-06-30,2020063001002708,NRIC,11,47,20,344.00,"6,880.00"
2020-06-30,2020063001002707,NRIC,11,58,40,344.00,"13,760.00"
2020-06-30,2020063001002706,NRIC,11,59,40,344.00,"13,760.00"
2020-06-30,2020063001002705,NRIC,11,58,50,344.00,"17,200.00"
2020-06-30,2020063001002704,NRIC,11,59,40,344.00,"13,760.00"
2020-06-30,2020063001002806,NRIC,34,56,40,344.00,"13,760.00"
2020-06-30,2020063001002805,NRIC,34,40,40,344.00,"13,760.00"
2020-06-30,2020063001002804,NRIC,34,20,40,344.00,"13,760.00"
2020-06-30,2020063001002803,NRIC,34,43,40,344.00,"13,760.00"
2020-06-30,2020063001002740,NRIC,29,46,40,344.00,"13,760.00"
2020-06-30,2020063001002739,NRIC,29,29,40,344.00,"13,760.00"
2020-06-30,2020063001002827,NRIC,11,6,30,344.00,"10,320.00"
2020-06-30,2020063001002826,NRIC,11,35,30,344.00,"10,320.00"
2020-06-30,2020063001002810,NRIC,34,35,20,344.00,"6,880.00"
2020-06-30,2020063001002809,NRIC,34,34,40,344.00,"13,760.00"
2020-06-30,2020063001002808,NRIC,34,47,40,344.00,"13,760.00"
2020-06-30,2020063001002807,NRIC,34,16,40,344.00,"13,760.00"
2020-06-30,2020063001002885,NRIC,40,56,40,344.00,"13,760.00"
2020-06-30,2020063001002884,NRIC,40,22,50,344.00,"17,200.00"
2020-06-30,2020063001002883,NRIC,40,25,30,344.00,"10,320.00"
2020-06-30,2020063001002864,NRIC,38,56,40,344.00,"13,760.00"
2020-06-30,2020063001002863,NRIC,38,32,50,344.00,"17,200.00"
2020-06-30,2020063001002862,NRIC,38,6,10,344.00,"3,440.00"
2020-06-30,2020063001002891,NRIC,40,1,40,344.00,"13,760.00"
2020-06-30,2020063001002890,NRIC,40,43,40,344.00,"13,760.00"
2020-06-30,2020063001002889,NRIC,40,59,40,344.00,"13,760.00"
2020-06-30,2020063001002888,NRIC,40,16,30,344.00,"10,320.00"
2020-06-30,2020063001002887,NRIC,40,35,40,344.00,"13,760.00"
2020-06-30,2020063001002886,NRIC,40,19,40,344.00,"13,760.00"
2020-06-30,2020063001002742,NSEWA,43,21,10,546.00,"5,460.00"
2020-06-30,2020063001002918,NTC,59,49,15,639.00,"9,585.00"
2020-06-30,2020063001002869,NTC,59,51,10,627.00,"6,270.00"
2020-06-30,2020063001002499,NTC,58,42,11,615.00,"6,765.00"
2020-06-30,2020063001002498,NTC,58,45,35,608.00,"21,280.00"
2020-06-30,2020063001002840,PCBL,18,25,"1,000",242.00,"242,000.00"
2020-06-30,2020063001002755,PCBL,34,25,200,242.00,"48,400.00"
2020-06-30,2020063001002727,PCBL,34,25,200,242.00,"48,400.00"
2020-06-30,2020063001002650,PCBL,52,25,50,242.00,"12,100.00"
2020-06-30,2020063001002597,PRIN,41,49,70,346.00,"24,220.00"
2020-06-30,2020063001002488,PRVU,19,44,50,222.00,"11,100.00"
2020-06-30,2020063001002487,PRVU,49,44,500,222.00,"111,000.00"
2020-06-30,2020063001002486,PRVU,41,44,50,223.00,"11,150.00"
2020-06-30,2020063001002485,PRVU,58,44,400,223.00,"89,200.00"
2020-06-30,2020063001002425,RADHI,38,38,10,184.00,"1,840.00"
2020-06-30,2020063001002458,RBCL,56,7,10,"8,739.00","87,390.00"
2020-06-30,2020063001002912,RHPL,59,35,10,143.00,"1,430.00"
2020-06-30,2020063001002911,RHPL,59,35,10,143.00,"1,430.00"
2020-06-30,2020063001002899,RHPL,34,34,520,142.00,"73,840.00"
2020-06-30,2020063001002720,RLFL,3,37,82,128.00,"10,496.00"
2020-06-30,2020063001002719,RLFL,3,38,300,127.00,"38,100.00"
2020-06-30,2020063001002510,RMDC,48,19,400,583.00,"233,200.00"
2020-06-30,2020063001002614,SANIMA,28,42,220,326.00,"71,720.00"
2020-06-30,2020063001002613,SANIMA,28,58,100,326.00,"32,600.00"
2020-06-30,2020063001002437,SANIMA,1,32,220,320.00,"70,400.00"
2020-06-30,2020063001002422,SANIMA,10,19,"1,000",319.00,"319,000.00"
2020-06-30,2020063001002833,SBI,39,19,200,405.00,"81,000.00"
2020-06-30,2020063001002715,SBI,14,35,300,406.00,"121,800.00"
2020-06-30,2020063001002714,SBI,14,6,200,405.00,"81,000.00"
2020-06-30,2020063001002713,SBI,14,36,500,405.00,"202,500.00"
2020-06-30,2020063001002726,SBL,49,8,100,283.00,"28,300.00"
2020-06-30,2020063001002502,SBL,58,25,"1,000",280.00,"280,000.00"
2020-06-30,2020063001002497,SBL,34,52,50,279.00,"13,950.00"
2020-06-30,2020063001002811,SCB,17,45,50,588.00,"29,400.00"
2020-06-30,2020063001002861,SHIVM,38,56,70,550.00,"38,500.00"
2020-06-30,2020063001002855,SHIVM,38,26,10,550.00,"5,500.00"
2020-06-30,2020063001002854,SHIVM,38,49,630,550.00,"346,500.00"
2020-06-30,2020063001002838,SHIVM,5,49,500,550.00,"275,000.00"
2020-06-30,2020063001002823,SHIVM,14,49,720,550.00,"396,000.00"
2020-06-30,2020063001002603,SHIVM,38,4,500,545.00,"272,500.00"
2020-06-30,2020063001002795,SHIVM,38,58,210,550.00,"115,500.00"
2020-06-30,2020063001002712,SHIVM,38,47,100,549.00,"54,900.00"
2020-06-30,2020063001002711,SHIVM,38,4,500,549.00,"274,500.00"
2020-06-30,2020063001002710,SHIVM,38,52,200,548.00,"109,600.00"
2020-06-30,2020063001002709,SHIVM,38,16,30,547.00,"16,410.00"
2020-06-30,2020063001002801,SHIVM,38,21,440,550.00,"242,000.00"
2020-06-30,2020063001002800,SHIVM,38,21,200,550.00,"110,000.00"
2020-06-30,2020063001002799,SHIVM,38,13,100,550.00,"55,000.00"
2020-06-30,2020063001002798,SHIVM,38,37,"1,000",550.00,"550,000.00"
2020-06-30,2020063001002797,SHIVM,38,26,50,550.00,"27,500.00"
2020-06-30,2020063001002796,SHIVM,38,42,"1,000",550.00,"550,000.00"
2020-06-30,2020063001002822,SHIVM,14,13,100,550.00,"55,000.00"
2020-06-30,2020063001002821,SHIVM,14,28,500,550.00,"275,000.00"
2020-06-30,2020063001002820,SHIVM,14,14,500,550.00,"275,000.00"
2020-06-30,2020063001002819,SHIVM,14,34,100,550.00,"55,000.00"
2020-06-30,2020063001002818,SHIVM,14,58,20,550.00,"11,000.00"
2020-06-30,2020063001002817,SHIVM,14,21,60,550.00,"33,000.00"
2020-06-30,2020063001002901,SHPC,38,53,10,208.00,"2,080.00"
2020-06-30,2020063001002610,SHPC,57,21,100,204.00,"20,400.00"
2020-06-30,2020063001002609,SHPC,57,21,200,204.00,"40,800.00"
2020-06-30,2020063001002608,SHPC,57,21,190,204.00,"38,760.00"
2020-06-30,2020063001002586,SHPC,38,21,10,204.00,"2,040.00"
2020-06-30,2020063001002585,SHPC,38,7,500,203.00,"101,500.00"
2020-06-30,2020063001002584,SHPC,29,45,470,202.00,"94,940.00"
2020-06-30,2020063001002583,SHPC,38,45,30,202.00,"6,060.00"
2020-06-30,2020063001002482,SHPC,29,56,10,202.00,"2,020.00"
2020-06-30,2020063001002830,SICL,35,1,475,907.00,"430,825.00"
2020-06-30,2020063001002813,SICL,57,1,160,907.00,"145,120.00"
2020-06-30,2020063001002802,SICL,35,49,20,905.00,"18,100.00"
2020-06-30,2020063001002749,SICL,39,1,365,907.00,"331,055.00"
2020-06-30,2020063001002554,SICL,57,52,150,905.00,"135,750.00"
2020-06-30,2020063001002553,SICL,57,46,280,903.00,"252,840.00"
2020-06-30,2020063001002450,SICL,3,46,100,903.00,"90,300.00"
2020-06-30,2020063001002431,SICL,3,49,30,900.00,"27,000.00"
2020-06-30,2020063001002781,SJCL,56,52,190,130.00,"24,700.00"
2020-06-30,2020063001002604,SJCL,53,52,10,130.00,"1,300.00"
2020-06-30,2020063001002903,SLICL,22,59,50,396.00,"19,800.00"
2020-06-30,2020063001002881,SLICL,22,32,21,396.00,"8,316.00"
2020-06-30,2020063001002737,SMB,34,57,10,795.00,"7,950.00"
2020-06-30,2020063001002568,SPARS,38,48,10,688.00,"6,880.00"
2020-06-30,2020063001002545,SPDL,29,45,15,98.00,"1,470.00"
2020-06-30,2020063001002847,SRBL,10,52,859,220.00,"188,980.00"
2020-06-30,2020063002000001,SRBLD83,45,45,100,"1,000.00","100,000.00"
2020-06-30,2020063001002845,STC,51,51,20,"2,743.00","54,860.00"
2020-06-30,2020063001002490,STC,40,6,30,"2,735.00","82,050.00"
2020-06-30,2020063001002489,STC,40,52,20,"2,735.00","54,700.00"
2020-06-30,2020063001002832,SWBBL,39,43,25,"1,109.00","27,725.00"
2020-06-30,2020063001002831,SWBBL,39,57,200,"1,108.00","221,600.00"
2020-06-30,2020063001002551,SWBBL,39,57,300,"1,108.00","332,400.00"
2020-06-30,2020063001002578,UPPER,45,39,"1,275",228.00,"290,700.00"
2020-06-30,2020063001002577,UPPER,42,39,200,230.00,"46,000.00"
2020-06-30,2020063001002576,UPPER,35,39,25,231.00,"5,775.00"
2020-06-30,2020063001002834,VLBS,46,54,83,915.00,"75,945.00"
2020-06-30,2020063001002646,VLBS,46,25,10,915.00,"9,150.00"
2020-06-30,2020063001002400,ADBL,13,28,318,345.00,"109,710.00"
2020-06-30,2020063001002386,ADBL,57,45,12,342.00,"4,104.00"
2020-06-30,2020063001002341,ADBL,13,45,200,342.00,"68,400.00"
2020-06-30,2020063001002314,ADBL,45,11,17,341.00,"5,797.00"
2020-06-30,2020063001001982,ADBL,14,35,62,347.00,"21,514.00"
2020-06-30,2020063001001961,ADBL,14,13,75,348.00,"26,100.00"
2020-06-30,2020063001001960,ADBL,14,14,100,348.00,"34,800.00"
2020-06-30,2020063001001959,ADBL,14,14,483,348.00,"168,084.00"
2020-06-30,2020063001001962,AHPC,35,13,"1,783",93.00,"165,819.00"
2020-06-30,2020063001002410,AKPL,57,28,760,120.00,"91,200.00"
2020-06-30,2020063001002397,AKPL,57,28,53,120.00,"6,360.00"
2020-06-30,2020063001002396,AKPL,19,28,50,120.00,"6,000.00"
2020-06-30,2020063001002395,AKPL,51,28,897,120.00,"107,640.00"
2020-06-30,2020063001002339,AKPL,51,45,13,120.00,"1,560.00"
2020-06-30,2020063001002274,AKPL,6,41,15,122.00,"1,830.00"
2020-06-30,2020063001002124,AKPL,41,38,"1,000",121.00,"121,000.00"
2020-06-30,2020063001002009,AKPL,51,47,90,120.00,"10,800.00"
2020-06-30,2020063001002181,ALICL,5,38,100,534.00,"53,400.00"
2020-06-30,2020063001002143,ALICL,5,22,100,534.00,"53,400.00"
2020-06-30,2020063001002099,ALICL,8,55,500,534.00,"267,000.00"
2020-06-30,2020063001001970,ALICL,46,34,50,535.00,"26,750.00"
2020-06-30,2020063001001969,ALICL,46,16,100,535.00,"53,500.00"
2020-06-30,2020063001001943,ALICL,34,11,300,528.00,"158,400.00"
2020-06-30,2020063001001942,ALICL,34,21,50,528.00,"26,400.00"
2020-06-30,2020063001002390,API,44,25,50,109.00,"5,450.00"
2020-06-30,2020063001002161,API,29,45,430,107.00,"46,010.00"
2020-06-30,2020063001002114,API,58,45,20,107.00,"2,140.00"
2020-06-30,2020063001002090,API,19,45,50,107.00,"5,350.00"
2020-06-30,2020063001002088,API,37,45,500,107.00,"53,500.00"
2020-06-30,2020063001002329,BOKL,25,11,20,213.00,"4,260.00"
2020-06-30,2020063001002142,BOKL,25,50,100,213.00,"21,300.00"
2020-06-30,2020063001002062,BPCL,21,47,15,326.00,"4,890.00"
2020-06-30,2020063001002061,BPCL,21,38,92,326.00,"29,992.00"
2020-06-30,2020063001002044,BPCL,45,16,20,324.00,"6,480.00"
2020-06-30,2020063001002043,BPCL,45,19,70,324.00,"22,680.00"
2020-06-30,2020063001002042,BPCL,45,37,100,324.00,"32,400.00"
2020-06-30,2020063001001957,BPCL,36,19,80,324.00,"25,920.00"
2020-06-30,2020063001002413,CBBL,41,52,90,980.00,"88,200.00"
2020-06-30,2020063001002126,CBBL,41,4,10,966.00,"9,660.00"
2020-06-30,2020063001002212,CBL,52,21,68,134.00,"9,112.00"
2020-06-30,2020063001002211,CBL,52,39,200,134.00,"26,800.00"
2020-06-30,2020063001002348,CCBL,41,16,200,155.00,"31,000.00"
2020-06-30,2020063001002347,CCBL,41,19,20,155.00,"3,100.00"
2020-06-30,2020063001002089,CFCL,33,25,190,120.00,"22,800.00"
2020-06-30,2020063001002040,CFCL,33,25,10,120.00,"1,200.00"
2020-06-30,2020063001002165,CHCL,46,13,235,360.00,"84,600.00"
2020-06-30,2020063001002164,CHCL,53,13,20,360.00,"7,200.00"
2020-06-30,2020063001002163,CHCL,56,13,345,360.00,"124,200.00"
2020-06-30,2020063001002162,CHCL,14,13,"1,000",361.00,"361,000.00"
2020-06-30,2020063001001997,CHCL,56,17,55,360.00,"19,800.00"
2020-06-30,2020063001001996,CHCL,41,17,150,361.00,"54,150.00"
2020-06-30,2020063001002076,CIT,49,49,50,"2,277.00","113,850.00"
2020-06-30,2020063001002372,CZBIL,41,39,190,180.00,"34,200.00"
2020-06-30,2020063001002371,CZBIL,41,5,300,180.00,"54,000.00"
2020-06-30,2020063001002370,CZBIL,41,48,10,179.00,"1,790.00"
2020-06-30,2020063001001995,CZBIL,5,1,410,177.00,"72,570.00"
2020-06-30,2020063001001994,CZBIL,57,1,90,177.00,"15,930.00"
2020-06-30,2020063001002245,CZBILP,33,35,"29,000",150.00,"4,350,000.00"
2020-06-30,2020063001001975,DDBL,49,47,17,763.00,"12,971.00"
2020-06-30,2020063001001974,DDBL,49,47,40,760.00,"30,400.00"
2020-06-30,2020063001002359,EBL,49,11,10,587.00,"5,870.00"
2020-06-30,2020063001001979,EBL,56,44,50,591.00,"29,550.00"
2020-06-30,2020063001002326,EDBL,57,43,20,308.00,"6,160.00"
2020-06-30,2020063001002228,EIC,39,37,200,361.00,"72,200.00"
2020-06-30,2020063001002227,EIC,10,57,10,357.00,"3,570.00"
2020-06-30,2020063001002167,EIC,57,57,290,357.00,"103,530.00"
2020-06-30,2020063001002151,EIC,10,1,175,361.00,"63,175.00"
2020-06-30,2020063001002116,EIC,10,45,100,360.00,"36,000.00"
2020-06-30,2020063001002068,EIC,57,47,10,357.00,"3,570.00"
2020-06-30,2020063001002004,EIC,57,57,100,357.00,"35,700.00"
2020-06-30,2020063001002388,FMDBL,34,36,10,418.00,"4,180.00"
2020-06-30,2020063001002327,FOWAD,55,40,100,"1,407.00","140,700.00"
2020-06-30,2020063001002365,GBBL,39,46,50,210.00,"10,500.00"
2020-06-30,2020063001002226,GBBL,34,45,"1,000",210.00,"210,000.00"
2020-06-30,2020063001002405,GBIME,17,11,20,241.00,"4,820.00"
2020-06-30,2020063001002398,GBIME,57,25,474,242.00,"114,708.00"
2020-06-30,2020063001002316,GBIME,49,57,350,241.00,"84,350.00"
2020-06-30,2020063001002262,GBIME,49,5,150,241.00,"36,150.00"
2020-06-30,2020063001002219,GBIME,17,35,50,241.00,"12,050.00"
2020-06-30,2020063001002139,GBIME,44,35,300,241.00,"72,300.00"
2020-06-30,2020063001002110,GBIME,6,35,300,241.00,"72,300.00"
2020-06-30,2020063001002060,GBIME,47,8,400,240.00,"96,000.00"
2020-06-30,2020063001002059,GBIME,11,8,100,240.00,"24,000.00"
2020-06-30,2020063001002006,GBIME,8,35,500,241.00,"120,500.00"
2020-06-30,2020063001002145,GBLBS,32,19,15,390.00,"5,850.00"
2020-06-30,2020063001002194,GFCL,39,45,50,146.00,"7,300.00"
2020-06-30,2020063001002141,GFCL,34,45,425,144.00,"61,200.00"
2020-06-30,2020063001001935,GGBSL,39,52,10,665.00,"6,650.00"
2020-06-30,2020063001002389,GILB,25,40,123,"1,113.00","136,899.00"
2020-06-30,2020063001002278,GILB,44,38,35,"1,100.00","38,500.00"
2020-06-30,2020063001002237,GILB,38,38,465,"1,100.00","511,500.00"
2020-06-30,2020063001002236,GILB,38,58,45,"1,100.00","49,500.00"
2020-06-30,2020063001002238,GUFL,37,35,500,105.00,"52,500.00"
2020-06-30,2020063001002285,HDHPC,6,14,100,87.00,"8,700.00"
2020-06-30,2020063001002284,HDHPC,6,51,20,87.00,"1,740.00"
2020-06-30,2020063001002283,HDHPC,6,13,760,86.00,"65,360.00"
2020-06-30,2020063001002210,HDHPC,39,13,240,86.00,"20,640.00"
2020-06-30,2020063001002209,HDHPC,39,38,30,86.00,"2,580.00"
2020-06-30,2020063001002208,HDHPC,39,55,30,85.00,"2,550.00"
2020-06-30,2020063001002207,HDHPC,39,45,100,85.00,"8,500.00"
2020-06-30,2020063001002206,HDHPC,39,41,100,85.00,"8,500.00"
2020-06-30,2020063001002012,HDHPC,11,42,100,85.00,"8,500.00"
2020-06-30,2020063001002419,HDL,46,54,200,"1,440.00","288,000.00"
2020-06-30,2020063001002418,HDL,35,54,10,"1,440.00","14,400.00"
2020-06-30,2020063001002417,HDL,26,54,100,"1,441.00","144,100.00"
2020-06-30,2020063001002416,HDL,46,54,30,"1,444.00","43,320.00"
2020-06-30,2020063001002414,HDL,46,7,50,"1,444.00","72,200.00"
2020-06-30,2020063001002404,HDL,57,7,30,"1,444.00","43,320.00"
2020-06-30,2020063001001933,HDL,18,25,100,"1,440.00","144,000.00"
2020-06-30,2020063001002019,HDL,35,48,500,"1,448.00","724,000.00"
2020-06-30,2020063001002018,HDL,35,58,400,"1,447.00","578,800.00"
2020-06-30,2020063001002017,HDL,35,21,10,"1,447.00","14,470.00"
2020-06-30,2020063001001991,HDL,25,28,100,"1,446.00","144,600.00"
2020-06-30,2020063001001956,HDL,19,21,90,"1,447.00","130,230.00"
2020-06-30,2020063001001955,HDL,19,13,10,"1,446.00","14,460.00"
2020-06-30,2020063001002052,HDL,18,57,50,"1,440.00","72,000.00"
2020-06-30,2020063001002039,HDL,57,7,10,"1,445.00","14,450.00"
2020-06-30,2020063001002038,HDL,17,7,10,"1,445.00","14,450.00"
2020-06-30,2020063001002031,HDL,17,59,255,"1,448.00","369,240.00"
2020-06-30,2020063001002030,HDL,17,10,10,"1,448.00","14,480.00"
2020-06-30,2020063001002020,HDL,35,10,90,"1,448.00","130,320.00"
2020-06-30,2020063001002102,HDL,38,7,80,"1,445.00","115,600.00"
2020-06-30,2020063001002101,HDL,38,19,50,"1,444.00","72,200.00"
2020-06-30,2020063001002056,HDL,35,57,40,"1,440.00","57,600.00"
2020-06-30,2020063001002055,HDL,36,57,100,"1,440.00","144,000.00"
2020-06-30,2020063001002054,HDL,17,57,10,"1,440.00","14,400.00"
2020-06-30,2020063001002053,HDL,18,57,100,"1,440.00","144,000.00"
2020-06-30,2020063001002152,HDL,51,59,45,"1,448.00","65,160.00"
2020-06-30,2020063001002122,HDL,1,59,30,"1,448.00","43,440.00"
2020-06-30,2020063001002106,HDL,38,59,70,"1,448.00","101,360.00"
2020-06-30,2020063001002105,HDL,38,54,200,"1,447.00","289,400.00"
2020-06-30,2020063001002104,HDL,38,46,100,"1,447.00","144,700.00"
2020-06-30,2020063001002103,HDL,38,4,500,"1,446.00","723,000.00"
2020-06-30,2020063001002260,HDL,14,14,55,"1,448.00","79,640.00"
2020-06-30,2020063001002259,HDL,14,4,500,"1,447.00","723,500.00"
2020-06-30,2020063001002258,HDL,14,4,500,"1,446.00","723,000.00"
2020-06-30,2020063001002231,HDL,41,14,20,"1,448.00","28,960.00"
2020-06-30,2020063001002196,HDL,51,14,25,"1,448.00","36,200.00"
2020-06-30,2020063001002190,HDL,14,58,50,"1,450.00","72,500.00"
2020-06-30,2020063001002393,HDL,6,4,100,"1,444.00","144,400.00"
2020-06-30,2020063001002337,HDL,50,4,300,"1,444.00","433,200.00"
2020-06-30,2020063001002305,HDL,57,4,100,"1,444.00","144,400.00"
2020-06-30,2020063001002277,HDL,45,49,100,"1,445.00","144,500.00"
2020-06-30,2020063001002276,HDL,7,49,50,"1,446.00","72,300.00"
2020-06-30,2020063001002261,HDL,14,39,50,"1,448.00","72,400.00"
2020-06-30,2020063001002293,HGI,39,43,10,319.00,"3,190.00"
2020-06-30,2020063001002292,HGI,39,54,435,319.00,"138,765.00"
2020-06-30,2020063001002250,HGI,58,54,25,319.00,"7,975.00"
2020-06-30,2020063001002202,HGI,42,54,40,319.00,"12,760.00"
2020-06-30,2020063001002309,JBBL,14,57,155,165.00,"25,575.00"
2020-06-30,2020063001002308,JBBL,14,47,45,164.00,"7,380.00"
2020-06-30,2020063001002010,JBBL,29,57,300,165.00,"49,500.00"
2020-06-30,2020063001001947,JBBL,29,57,200,165.00,"33,000.00"
2020-06-30,2020063001001989,JSLBB,6,37,100,"1,369.00","136,900.00"
2020-06-30,2020063001001936,KMCDB,10,39,10,726.00,"7,260.00"
2020-06-30,2020063001001940,KMCDB,10,39,10,726.00,"7,260.00"
2020-06-30,2020063001001939,KMCDB,10,39,10,726.00,"7,260.00"
2020-06-30,2020063001001938,KMCDB,10,39,10,726.00,"7,260.00"
2020-06-30,2020063001001937,KMCDB,10,39,10,726.00,"7,260.00"
2020-06-30,2020063001002198,KPCL,58,59,10,104.00,"1,040.00"
2020-06-30,2020063001002188,KPCL,58,44,10,104.00,"1,040.00"
2020-06-30,2020063001002401,KRBL,45,57,300,98.00,"29,400.00"
2020-06-30,2020063001002399,LBBL,59,35,25,174.00,"4,350.00"
2020-06-30,2020063001002385,LBBL,6,48,100,176.00,"17,600.00"
2020-06-30,2020063001002189,LBBL,34,1,133,175.00,"23,275.00"
2020-06-30,2020063001002033,LBBL,17,1,20,176.00,"3,520.00"
2020-06-30,2020063001002168,LBBL,14,1,25,175.00,"4,375.00"
2020-06-30,2020063001002324,LBL,39,48,40,195.00,"7,800.00"
2020-06-30,2020063001002323,LBL,57,48,100,195.00,"19,500.00"
2020-06-30,2020063001002322,LBL,57,48,100,196.00,"19,600.00"
2020-06-30,2020063001002180,LBL,34,6,238,198.00,"47,124.00"
2020-06-30,2020063001002138,LGIL,39,28,100,383.00,"38,300.00"
2020-06-30,2020063001002137,LGIL,39,47,21,379.00,"7,959.00"
2020-06-30,2020063001002118,LICN,49,49,"1,000","1,235.00","1,235,000.00"
2020-06-30,2020063001002087,LICN,25,14,30,"1,233.00","36,990.00"
2020-06-30,2020063001001973,LICN,57,28,"1,000","1,230.00","1,230,000.00"
2020-06-30,2020063001001972,LICN,57,25,50,"1,224.00","61,200.00"
2020-06-30,2020063001002187,LLBS,36,42,75,909.00,"68,175.00"
2020-06-30,2020063001002315,MBL,17,38,"1,000",215.00,"215,000.00"
2020-06-30,2020063001002230,MBL,1,42,75,213.00,"15,975.00"
2020-06-30,2020063001002229,MBL,1,35,200,213.00,"42,600.00"
2020-06-30,2020063001002008,MBL,38,35,200,213.00,"42,600.00"
2020-06-30,2020063001001954,MBL,59,35,100,213.00,"21,300.00"
2020-06-30,2020063001001953,MBL,59,34,100,213.00,"21,300.00"
2020-06-30,2020063001002281,MEGA,52,44,500,200.00,"100,000.00"
2020-06-30,2020063001002048,MERO,39,56,100,535.00,"53,500.00"
2020-06-30,2020063001002047,MERO,39,16,10,535.00,"5,350.00"
2020-06-30,2020063001002221,MFIL,55,4,450,257.00,"115,650.00"
2020-06-30,2020063001002067,MFIL,46,4,50,257.00,"12,850.00"
2020-06-30,2020063001002066,MFIL,46,16,100,257.00,"25,700.00"
2020-06-30,2020063001001946,MFIL,14,34,50,252.00,"12,600.00"
2020-06-30,2020063001001945,MFIL,14,16,100,252.00,"25,200.00"
2020-06-30,2020063001001944,MFIL,14,19,272,251.00,"68,272.00"
2020-06-30,2020063001002387,MNBBL,6,40,200,294.00,"58,800.00"
2020-06-30,2020063001002355,MNBBL,16,40,105,293.00,"30,765.00"
2020-06-30,2020063001002254,MNBBL,57,40,200,294.00,"58,800.00"
2020-06-30,2020063001001967,MNBBL,49,54,485,295.00,"143,075.00"
2020-06-30,2020063001002100,MNBBL,41,40,500,300.00,"150,000.00"
2020-06-30,2020063001002071,MNBBL,41,35,270,299.00,"80,730.00"
2020-06-30,2020063001002051,MNBBL,41,34,215,298.00,"64,070.00"
2020-06-30,2020063001002050,MNBBL,41,40,100,298.00,"29,800.00"
2020-06-30,2020063001002049,MNBBL,41,55,40,297.00,"11,880.00"
2020-06-30,2020063001002150,MNBBL,7,40,200,294.00,"58,800.00"
2020-06-30,2020063001002132,MNBBL,37,40,500,294.00,"147,000.00"
2020-06-30,2020063001002131,MNBBL,22,40,30,295.00,"8,850.00"
2020-06-30,2020063001002130,MNBBL,49,40,15,295.00,"4,425.00"
2020-06-30,2020063001002129,MNBBL,41,40,45,298.00,"13,410.00"
2020-06-30,2020063001002384,NABIL,17,55,264,714.00,"188,496.00"
2020-06-30,2020063001002383,NABIL,25,55,36,715.00,"25,740.00"
2020-06-30,2020063001002290,NABIL,25,28,10,715.00,"7,150.00"
2020-06-30,2020063001002289,NABIL,25,13,20,715.00,"14,300.00"
2020-06-30,2020063001002288,NABIL,25,44,39,715.00,"27,885.00"
2020-06-30,2020063001002287,NABIL,25,44,195,714.00,"139,230.00"
2020-06-30,2020063001001999,NABIL,49,51,20,712.00,"14,240.00"
2020-06-30,2020063001001998,NABIL,49,1,14,712.00,"9,968.00"
2020-06-30,2020063001001966,NABIL,43,40,185,710.00,"131,350.00"
2020-06-30,2020063001002109,NABIL,35,46,300,713.00,"213,900.00"
2020-06-30,2020063001002108,NABIL,51,46,200,714.00,"142,800.00"
2020-06-30,2020063001002021,NABIL,14,1,100,714.00,"71,400.00"
2020-06-30,2020063001002016,NABIL,49,28,10,712.00,"7,120.00"
2020-06-30,2020063001002001,NABIL,49,1,534,712.00,"380,208.00"
2020-06-30,2020063001002000,NABIL,49,1,466,712.00,"331,792.00"
2020-06-30,2020063001002275,NABIL,35,40,240,713.00,"171,120.00"
2020-06-30,2020063001002264,NABIL,42,44,80,714.00,"57,120.00"
2020-06-30,2020063001002263,NABIL,34,44,10,714.00,"7,140.00"
2020-06-30,2020063001002240,NABIL,6,44,11,715.00,"7,865.00"
2020-06-30,2020063001002239,NABIL,6,54,39,715.00,"27,885.00"
2020-06-30,2020063001002224,NABIL,50,13,15,715.00,"10,725.00"
2020-06-30,2020063001002160,NADEP,19,46,153,530.00,"81,090.00"
2020-06-30,2020063001001934,NADEP,19,6,23,525.00,"12,075.00"
2020-06-30,2020063001002317,NBL,41,45,30,240.00,"7,200.00"
2020-06-30,2020063001002310,NBL,41,40,371,240.00,"89,040.00"
2020-06-30,2020063001002246,NBL,55,45,100,240.00,"24,000.00"
2020-06-30,2020063001001981,NBL,58,40,85,238.00,"20,230.00"
2020-06-30,2020063001001980,NBL,55,40,100,239.00,"23,900.00"
2020-06-30,2020063001002368,NCCB,35,41,80,175.00,"14,000.00"
2020-06-30,2020063001002179,NCCB,35,45,262,175.00,"45,850.00"
2020-06-30,2020063001002027,NCCB,21,36,126,173.00,"21,798.00"
2020-06-30,2020063001002255,NHPC,45,32,"2,320",50.00,"116,000.00"
2020-06-30,2020063001002214,NHPC,45,32,"1,500",50.00,"75,000.00"
2020-06-30,2020063001002200,NHPC,38,32,100,50.00,"5,000.00"
2020-06-30,2020063001002172,NHPC,1,32,80,50.00,"4,000.00"
2020-06-30,2020063001002249,NIB,33,40,86,425.00,"36,550.00"
2020-06-30,2020063001002248,NIB,48,40,80,425.00,"34,000.00"
2020-06-30,2020063001002159,NIB,48,6,159,425.00,"67,575.00"
2020-06-30,2020063001002091,NIB,48,58,40,425.00,"17,000.00"
2020-06-30,2020063001001978,NIB,48,45,100,425.00,"42,500.00"
2020-06-30,2020063001001931,NIB,48,40,621,425.00,"263,925.00"
2020-06-30,2020063001001930,NIB,11,40,50,425.00,"21,250.00"
2020-06-30,2020063001001968,NIBPO,17,58,10,348.00,"3,480.00"
2020-06-30,2020063001002375,NICA,50,18,400,499.00,"199,600.00"
2020-06-30,2020063001002374,NICA,50,52,79,499.00,"39,421.00"
2020-06-30,2020063001002220,NICA,41,4,180,495.00,"89,100.00"
2020-06-30,2020063001002170,NICA,45,4,300,495.00,"148,500.00"
2020-06-30,2020063001002070,NICA,49,4,20,495.00,"9,900.00"
2020-06-30,2020063001001993,NICA,35,35,130,495.00,"64,350.00"
2020-06-30,2020063001001992,NICA,35,45,50,494.00,"24,700.00"
2020-06-30,2020063001001965,NICA,58,35,10,495.00,"4,950.00"
2020-06-30,2020063001001964,NICA,37,35,10,495.00,"4,950.00"
2020-06-30,2020063001001963,NICA,37,35,190,495.00,"94,050.00"
2020-06-30,2020063001001958,NICA,43,35,10,495.00,"4,950.00"
2020-06-30,2020063001002354,NIL,48,16,100,508.00,"50,800.00"
2020-06-30,2020063001002353,NIL,48,51,100,507.00,"50,700.00"
2020-06-30,2020063001002352,NIL,48,34,50,506.00,"25,300.00"
2020-06-30,2020063001002351,NIL,48,40,200,506.00,"101,200.00"
2020-06-30,2020063001002350,NIL,48,57,100,506.00,"50,600.00"
2020-06-30,2020063001002269,NIL,59,43,475,499.00,"237,025.00"
2020-06-30,2020063001002127,NIL,39,43,25,499.00,"12,475.00"
2020-06-30,2020063001002349,NIL,48,44,840,506.00,"425,040.00"
2020-06-30,2020063001002313,NIL,48,38,250,505.00,"126,250.00"
2020-06-30,2020063001002312,NIL,48,41,100,505.00,"50,500.00"
2020-06-30,2020063001002311,NIL,48,36,75,500.00,"37,500.00"
2020-06-30,2020063001002271,NIL,59,36,125,500.00,"62,500.00"
2020-06-30,2020063001002270,NIL,59,55,300,499.00,"149,700.00"
2020-06-30,2020063001002267,NLBBL,28,14,200,624.00,"124,800.00"
2020-06-30,2020063001002134,NLG,29,16,100,528.00,"52,800.00"
2020-06-30,2020063001002133,NLG,29,49,10,527.00,"5,270.00"
2020-06-30,2020063001002117,NLG,26,56,100,527.00,"52,700.00"
2020-06-30,2020063001002392,NLIC,58,33,175,"1,170.00","204,750.00"
2020-06-30,2020063001002381,NLIC,58,41,20,"1,170.00","23,400.00"
2020-06-30,2020063001002380,NLIC,58,42,10,"1,170.00","11,700.00"
2020-06-30,2020063001002379,NLIC,58,45,25,"1,170.00","29,250.00"
2020-06-30,2020063001002378,NLIC,58,42,20,"1,170.00","23,400.00"
2020-06-30,2020063001002377,NLIC,58,43,260,"1,169.00","303,940.00"
2020-06-30,2020063001002029,NLIC,59,43,400,"1,158.00","463,200.00"
2020-06-30,2020063001002003,NLIC,57,32,100,"1,157.00","115,700.00"
2020-06-30,2020063001002002,NLIC,57,36,180,"1,157.00","208,260.00"
2020-06-30,2020063001001983,NLIC,1,56,500,"1,155.00","577,500.00"
2020-06-30,2020063001001929,NLIC,1,49,150,"1,155.00","173,250.00"
2020-06-30,2020063001001928,NLIC,1,54,400,"1,155.00","462,000.00"
2020-06-30,2020063001002135,NLIC,6,46,44,"1,160.00","51,040.00"
2020-06-30,2020063001002080,NLIC,6,36,35,"1,160.00","40,600.00"
2020-06-30,2020063001002079,NLIC,6,59,20,"1,160.00","23,200.00"
2020-06-30,2020063001002078,NLIC,6,32,100,"1,160.00","116,000.00"
2020-06-30,2020063001002041,NLIC,57,57,13,"1,157.00","15,041.00"
2020-06-30,2020063001002037,NLIC,34,28,200,"1,159.00","231,800.00"
2020-06-30,2020063001002247,NLIC,41,44,300,"1,161.00","348,300.00"
2020-06-30,2020063001002234,NLIC,6,56,300,"1,160.00","348,000.00"
2020-06-30,2020063001002218,NLIC,17,56,200,"1,160.00","232,000.00"
2020-06-30,2020063001002154,NLIC,49,45,100,"1,163.00","116,300.00"
2020-06-30,2020063001002147,NLIC,49,10,100,"1,163.00","116,300.00"
2020-06-30,2020063001002144,NLIC,1,19,100,"1,162.00","116,200.00"
2020-06-30,2020063001002306,NLIC,34,50,300,"1,164.00","349,200.00"
2020-06-30,2020063001002301,NLIC,6,50,200,"1,164.00","232,800.00"
2020-06-30,2020063001002280,NLIC,34,43,100,"1,162.00","116,200.00"
2020-06-30,2020063001002268,NLIC,6,43,300,"1,162.00","348,600.00"
2020-06-30,2020063001002266,NLIC,34,43,100,"1,162.00","116,200.00"
2020-06-30,2020063001002265,NLIC,34,45,100,"1,162.00","116,200.00"
2020-06-30,2020063001002376,NLIC,41,43,50,"1,169.00","58,450.00"
2020-06-30,2020063001002366,NLIC,48,43,100,"1,169.00","116,900.00"
2020-06-30,2020063001002357,NLIC,4,43,90,"1,169.00","105,210.00"
2020-06-30,2020063001002356,NLIC,4,6,10,"1,169.00","11,690.00"
2020-06-30,2020063001002336,NLIC,58,58,500,"1,165.00","582,500.00"
2020-06-30,2020063001002335,NLIC,58,10,100,"1,165.00","116,500.00"
2020-06-30,2020063001002373,NLICL,39,32,200,572.00,"114,400.00"
2020-06-30,2020063001002298,NLICL,29,46,44,572.00,"25,168.00"
2020-06-30,2020063001002205,NLICL,29,54,800,572.00,"457,600.00"
2020-06-30,2020063001002204,NLICL,29,25,250,570.00,"142,500.00"
2020-06-30,2020063001002203,NLICL,29,19,206,568.00,"117,008.00"
2020-06-30,2020063001001948,NLICL,7,54,200,561.00,"112,200.00"
2020-06-30,2020063001002358,NMB,17,28,432,370.00,"159,840.00"
2020-06-30,2020063001002342,NMB,17,33,68,369.00,"25,092.00"
2020-06-30,2020063001002299,NMB,46,45,60,367.00,"22,020.00"
2020-06-30,2020063001002297,NMB,45,33,20,369.00,"7,380.00"
2020-06-30,2020063001002294,NMB,1,33,80,369.00,"29,520.00"
2020-06-30,2020063001002256,NMB,49,33,332,369.00,"122,508.00"
2020-06-30,2020063001002098,NMB,44,6,100,370.00,"37,000.00"
2020-06-30,2020063001002058,NMB,49,33,168,369.00,"61,992.00"
2020-06-30,2020063001002045,NMB,37,33,100,369.00,"36,900.00"
2020-06-30,2020063001002028,NMB,22,33,12,369.00,"4,428.00"
2020-06-30,2020063001002235,NMB,35,43,100,371.00,"37,100.00"
2020-06-30,2020063001002158,NMB,7,33,831,372.00,"309,132.00"
2020-06-30,2020063001002157,NMB,7,38,19,371.00,"7,049.00"
2020-06-30,2020063001002156,NMB,7,57,"1,000",370.00,"370,000.00"
2020-06-30,2020063001002155,NMB,7,45,150,370.00,"55,500.00"
2020-06-30,2020063001002140,NMB,44,45,100,370.00,"37,000.00"
2020-06-30,2020063001002032,NMBMF,33,26,100,687.00,"68,700.00"
2020-06-30,2020063001002007,NMBMF,33,38,15,674.00,"10,110.00"
2020-06-30,2020063001002411,NRIC,58,47,10,344.00,"3,440.00"
2020-06-30,2020063001002409,NRIC,49,16,30,344.00,"10,320.00"
2020-06-30,2020063001002402,NRIC,42,16,10,344.00,"3,440.00"
2020-06-30,2020063001002333,NRIC,13,43,40,344.00,"13,760.00"
2020-06-30,2020063001002332,NRIC,13,16,20,344.00,"6,880.00"
2020-06-30,2020063001002331,NRIC,13,1,40,344.00,"13,760.00"
2020-06-30,2020063001001922,NRIC,11,47,40,344.00,"13,760.00"
2020-06-30,2020063001001921,NRIC,11,11,40,344.00,"13,760.00"
2020-06-30,2020063001001920,NRIC,11,6,40,344.00,"13,760.00"
2020-06-30,2020063001002015,NRIC,36,43,10,344.00,"3,440.00"
2020-06-30,2020063001002014,NRIC,36,56,40,344.00,"13,760.00"
2020-06-30,2020063001002013,NRIC,36,58,50,344.00,"17,200.00"
2020-06-30,2020063001001925,NRIC,11,1,40,344.00,"13,760.00"
2020-06-30,2020063001001924,NRIC,11,35,40,344.00,"13,760.00"
2020-06-30,2020063001001923,NRIC,11,17,40,344.00,"13,760.00"
2020-06-30,2020063001002064,NRIC,26,40,50,344.00,"17,200.00"
2020-06-30,2020063001002063,NRIC,26,40,40,344.00,"13,760.00"
2020-06-30,2020063001002026,NRIC,45,10,40,344.00,"13,760.00"
2020-06-30,2020063001002025,NRIC,45,56,40,344.00,"13,760.00"
2020-06-30,2020063001002024,NRIC,45,58,40,344.00,"13,760.00"
2020-06-30,2020063001002023,NRIC,45,43,30,344.00,"10,320.00"
2020-06-30,2020063001002093,NRIC,44,46,40,344.00,"13,760.00"
2020-06-30,2020063001002092,NRIC,44,16,20,344.00,"6,880.00"
2020-06-30,2020063001002074,NRIC,36,16,20,344.00,"6,880.00"
2020-06-30,2020063001002073,NRIC,36,53,50,344.00,"17,200.00"
2020-06-30,2020063001002072,NRIC,36,59,30,344.00,"10,320.00"
2020-06-30,2020063001002065,NRIC,26,59,10,344.00,"3,440.00"
2020-06-30,2020063001002183,NRIC,7,22,50,344.00,"17,200.00"
2020-06-30,2020063001002182,NRIC,7,33,30,344.00,"10,320.00"
2020-06-30,2020063001002121,NRIC,17,33,10,344.00,"3,440.00"
2020-06-30,2020063001002120,NRIC,17,41,50,344.00,"17,200.00"
2020-06-30,2020063001002119,NRIC,17,8,40,344.00,"13,760.00"
2020-06-30,2020063001002094,NRIC,44,56,40,344.00,"13,760.00"
2020-06-30,2020063001002193,NRIC,17,58,10,344.00,"3,440.00"
2020-06-30,2020063001002192,NRIC,17,19,50,344.00,"17,200.00"
2020-06-30,2020063001002191,NRIC,17,4,40,344.00,"13,760.00"
2020-06-30,2020063001002186,NRIC,7,38,40,344.00,"13,760.00"
2020-06-30,2020063001002185,NRIC,7,37,40,344.00,"13,760.00"
2020-06-30,2020063001002184,NRIC,7,16,40,344.00,"13,760.00"
2020-06-30,2020063001002304,NRIC,42,16,30,344.00,"10,320.00"
2020-06-30,2020063001002303,NRIC,42,59,40,344.00,"13,760.00"
2020-06-30,2020063001002302,NRIC,42,10,40,344.00,"13,760.00"
2020-06-30,2020063001002242,NRIC,11,56,20,344.00,"6,880.00"
2020-06-30,2020063001002217,NRIC,38,56,30,344.00,"10,320.00"
2020-06-30,2020063001002216,NRIC,38,58,30,344.00,"10,320.00"
2020-06-30,2020063001002406,NTC,58,45,11,608.00,"6,688.00"
2020-06-30,2020063001002291,NUBL,7,58,100,909.00,"90,900.00"
2020-06-30,2020063001002252,NUBL,7,5,30,905.00,"27,150.00"
2020-06-30,2020063001002034,NUBL,26,5,20,905.00,"18,100.00"
2020-06-30,2020063001002123,OHL,51,13,25,306.00,"7,650.00"
2020-06-30,2020063001002415,PCBL,59,39,200,242.00,"48,400.00"
2020-06-30,2020063001002334,PCBL,41,40,107,240.00,"25,680.00"
2020-06-30,2020063001002321,PCBL,41,35,270,240.00,"64,800.00"
2020-06-30,2020063001002320,PCBL,45,35,27,241.00,"6,507.00"
2020-06-30,2020063001002319,PCBL,29,35,10,241.00,"2,410.00"
2020-06-30,2020063001002318,PCBL,56,35,693,241.00,"167,013.00"
2020-06-30,2020063001002005,PCBL,49,45,43,241.00,"10,363.00"
2020-06-30,2020063001002253,PCBL,56,45,100,241.00,"24,100.00"
2020-06-30,2020063001002113,PCBL,56,40,207,241.00,"49,887.00"
2020-06-30,2020063001002112,PCBL,49,40,252,241.00,"60,732.00"
2020-06-30,2020063001002111,PCBL,29,40,100,242.00,"24,200.00"
2020-06-30,2020063001002096,PCBL,49,53,174,243.00,"42,282.00"
2020-06-30,2020063001002095,PCBL,49,56,326,243.00,"79,218.00"
2020-06-30,2020063001002407,PIC,42,51,10,497.00,"4,970.00"
2020-06-30,2020063001002125,PLIC,6,53,100,525.00,"52,500.00"
2020-06-30,2020063001002369,PRVU,45,28,30,224.00,"6,720.00"
2020-06-30,2020063001002241,PRVU,58,43,50,225.00,"11,250.00"
2020-06-30,2020063001002166,PRVU,17,35,200,226.00,"45,200.00"
2020-06-30,2020063001002115,PRVU,10,35,500,226.00,"113,000.00"
2020-06-30,2020063001001977,PRVU,42,5,200,223.00,"44,600.00"
2020-06-30,2020063001001976,PRVU,42,35,200,223.00,"44,600.00"
2020-06-30,2020063001001952,PRVU,37,51,100,220.00,"22,000.00"
2020-06-30,2020063001001951,PRVU,37,39,134,220.00,"29,480.00"
2020-06-30,2020063001001941,PRVU,47,4,500,219.00,"109,500.00"
2020-06-30,2020063001002391,RADHI,38,38,10,181.00,"1,810.00"
2020-06-30,2020063001002367,RADHI,38,38,10,178.00,"1,780.00"
2020-06-30,2020063001002340,RADHI,38,38,10,175.00,"1,750.00"
2020-06-30,2020063001002195,RADHI,38,46,160,172.00,"27,520.00"
2020-06-30,2020063001002081,RADHI,38,42,93,170.00,"15,810.00"
2020-06-30,2020063001002128,RBCL,42,7,10,"8,568.00","85,680.00"
2020-06-30,2020063001002346,RHPL,22,46,572,141.00,"80,652.00"
2020-06-30,2020063001002223,RMDC,19,49,13,572.00,"7,436.00"
2020-06-30,2020063001002222,RMDC,19,34,10,572.00,"5,720.00"
2020-06-30,2020063001002213,RMDC,45,21,34,570.00,"19,380.00"
2020-06-30,2020063001002201,RMDC,41,21,10,570.00,"5,700.00"
2020-06-30,2020063001002171,RMDC,45,21,50,570.00,"28,500.00"
2020-06-30,2020063001002086,SABSL,22,41,11,677.00,"7,447.00"
2020-06-30,2020063001002046,SABSL,42,21,11,670.00,"7,370.00"
2020-06-30,2020063001001932,SADBL,29,4,40,139.00,"5,560.00"
2020-06-30,2020063001001926,SADBL,29,45,144,139.00,"20,016.00"
2020-06-30,2020063001002330,SANIMA,57,1,200,315.00,"63,000.00"
2020-06-30,2020063001002084,SANIMA,57,40,652,315.00,"205,380.00"
2020-06-30,2020063001002083,SANIMA,59,40,120,316.00,"37,920.00"
2020-06-30,2020063001002082,SANIMA,5,40,50,321.00,"16,050.00"
2020-06-30,2020063001002343,SBI,25,1,28,405.00,"11,340.00"
2020-06-30,2020063001002360,SBL,57,50,200,278.00,"55,600.00"
2020-06-30,2020063001002273,SBL,1,45,301,276.00,"83,076.00"
2020-06-30,2020063001002272,SBL,1,16,150,275.00,"41,250.00"
2020-06-30,2020063001002225,SBL,13,6,500,274.00,"137,000.00"
2020-06-30,2020063001002169,SBL,22,6,20,274.00,"5,480.00"
2020-06-30,2020063001002146,SBL,11,47,23,272.00,"6,256.00"
2020-06-30,2020063001002136,SBL,11,28,10,272.00,"2,720.00"
2020-06-30,2020063001002394,SCB,17,11,100,580.00,"58,000.00"
2020-06-30,2020063001002022,SCB,16,44,50,573.00,"28,650.00"
2020-06-30,2020063001001971,SCB,25,36,280,570.00,"159,600.00"
2020-06-30,2020063001002345,SDESI,25,35,10,759.00,"7,590.00"
2020-06-30,2020063001002364,SHINE,21,4,70,220.00,"15,400.00"
2020-06-30,2020063001002300,SHIVM,39,16,50,547.00,"27,350.00"
2020-06-30,2020063001002244,SHIVM,38,16,900,547.00,"492,300.00"
2020-06-30,2020063001002243,SHIVM,38,32,100,546.00,"54,600.00"
2020-06-30,2020063001002153,SHIVM,1,16,20,547.00,"10,940.00"
2020-06-30,2020063001002069,SHIVM,51,59,10,545.00,"5,450.00"
2020-06-30,2020063001002408,SICL,33,1,50,899.00,"44,950.00"
2020-06-30,2020063001002149,SICL,38,6,100,900.00,"90,000.00"
2020-06-30,2020063001002148,SICL,38,19,132,899.00,"118,668.00"
2020-06-30,2020063001002085,SICL,52,19,50,899.00,"44,950.00"
2020-06-30,2020063001002363,SJCL,42,21,20,128.00,"2,560.00"
2020-06-30,2020063001002362,SJCL,42,25,200,128.00,"25,600.00"
2020-06-30,2020063001002361,SJCL,42,32,20,128.00,"2,560.00"
2020-06-30,2020063001002325,SJCL,19,52,240,127.00,"30,480.00"
2020-06-30,2020063001002077,SJCL,41,21,20,125.00,"2,500.00"
2020-06-30,2020063001002338,SKBBL,38,52,50,"1,082.00","54,100.00"
2020-06-30,2020063001002178,SKBBL,38,17,450,"1,082.00","486,900.00"
2020-06-30,2020063001002177,SKBBL,38,34,19,"1,082.00","20,558.00"
2020-06-30,2020063001002176,SKBBL,38,39,75,"1,082.00","81,150.00"
2020-06-30,2020063001002175,SKBBL,38,14,90,"1,082.00","97,380.00"
2020-06-30,2020063001002174,SKBBL,38,58,31,"1,080.00","33,480.00"
2020-06-30,2020063001002173,SKBBL,38,53,10,"1,070.00","10,700.00"
2020-06-30,2020063001002328,SLBBL,45,45,75,740.00,"55,500.00"
2020-06-30,2020063001002233,SLBBL,49,45,200,740.00,"148,000.00"
2020-06-30,2020063001002232,SLBBL,42,45,25,740.00,"18,500.00"
2020-06-30,2020063001002035,SLBSL,42,58,10,699.00,"6,990.00"
2020-06-30,2020063001002279,SLICL,19,59,50,395.00,"19,750.00"
2020-06-30,2020063001002197,SLICL,6,13,500,396.00,"198,000.00"
2020-06-30,2020063001001950,SLICL,5,53,225,396.00,"89,100.00"
2020-06-30,2020063001001949,SLICL,5,32,500,396.00,"198,000.00"
2020-06-30,2020063001002097,SMFBS,19,6,200,850.00,"170,000.00"
2020-06-30,2020063001001990,SPARS,45,48,100,675.00,"67,500.00"
2020-06-30,2020063001002344,SPDL,22,45,15,97.00,"1,455.00"
2020-06-30,2020063001002107,SPDL,13,45,12,96.00,"1,152.00"
2020-06-30,2020063001002382,SRBL,19,52,50,224.00,"11,200.00"
2020-06-30,2020063001002296,SRBL,19,56,"1,000",220.00,"220,000.00"
2020-06-30,2020063001002295,SRBL,19,35,50,219.00,"10,950.00"
2020-06-30,2020063001002036,SRBL,57,56,"1,000",218.00,"218,000.00"
2020-06-30,2020063001002307,SWBBL,44,19,12,"1,110.00","13,320.00"
2020-06-30,2020063001001988,SWBBL,39,28,100,"1,094.00","109,400.00"
2020-06-30,2020063001001987,SWBBL,39,40,200,"1,094.00","218,800.00"
2020-06-30,2020063001001986,SWBBL,39,53,800,"1,090.00","872,000.00"
2020-06-30,2020063001001985,SWBBL,39,58,62,"1,080.00","66,960.00"
2020-06-30,2020063001001984,SWBBL,39,56,35,"1,075.00","37,625.00"
2020-06-30,2020063001002057,TRH,33,20,120,180.00,"21,600.00"
2020-06-30,2020063001002251,UIC,34,19,100,311.00,"31,100.00"
2020-06-30,2020063001002199,UIC,42,39,20,311.00,"6,220.00"
2020-06-30,2020063001002412,UPPER,11,52,50,232.00,"11,600.00"
2020-06-30,2020063001002403,UPPER,35,52,100,232.00,"23,200.00"
2020-06-30,2020063001002286,UPPER,1,32,293,231.00,"67,683.00"
2020-06-30,2020063001002257,UPPER,1,13,40,231.00,"9,240.00"
2020-06-30,2020063001002215,UPPER,58,52,50,232.00,"11,600.00"
2020-06-30,2020063001002075,UPPER,6,19,200,233.00,"46,600.00"
2020-06-30,2020063001002011,UPPER,1,52,200,231.00,"46,200.00"
2020-06-30,2020063001002282,VLBS,46,22,10,898.00,"8,980.00"
2020-06-30,2020063001001927,VLBS,42,6,10,881.00,"8,810.00"
2020-06-30,2020063001001649,ADBL,14,58,18,342.00,"6,156.00"
2020-06-30,2020063001001562,AKPL,42,45,"1,270",120.00,"152,400.00"
2020-06-30,2020063001001518,AKPL,42,45,400,120.00,"48,000.00"
2020-06-30,2020063001001480,AKPL,46,45,300,120.00,"36,000.00"
2020-06-30,2020063001001884,ALICL,45,29,100,527.00,"52,700.00"
2020-06-30,2020063001001883,ALICL,45,39,50,527.00,"26,350.00"
2020-06-30,2020063001001682,ALICL,46,29,100,527.00,"52,700.00"
2020-06-30,2020063001001484,ALICL,41,57,300,525.00,"157,500.00"
2020-06-30,2020063001001575,API,44,25,50,109.00,"5,450.00"
2020-06-30,2020063001001570,API,44,6,200,107.00,"21,400.00"
2020-06-30,2020063001001569,API,44,50,30,107.00,"3,210.00"
2020-06-30,2020063001001568,API,44,42,"9,700",107.00,"1,037,900.00"
2020-06-30,2020063001001828,BOKL,1,39,200,212.00,"42,400.00"
2020-06-30,2020063001001687,BOKL,55,50,50,210.00,"10,500.00"
2020-06-30,2020063001001656,BOKL,46,50,50,210.00,"10,500.00"
2020-06-30,2020063001001528,BOKL,7,8,268,213.00,"57,084.00"
2020-06-30,2020063001001526,BOKL,46,11,100,210.00,"21,000.00"
2020-06-30,2020063001001523,BOKL,7,16,50,210.00,"10,500.00"
2020-06-30,2020063001001493,BPCL,57,25,115,318.00,"36,570.00"
2020-06-30,2020063001001760,CBBL,55,34,500,963.00,"481,500.00"
2020-06-30,2020063001001717,CBBL,5,54,200,962.00,"192,400.00"
2020-06-30,2020063001001657,CBBL,28,54,200,962.00,"192,400.00"
2020-06-30,2020063001001635,CBBL,25,1,60,948.00,"56,880.00"
2020-06-30,2020063001001778,CBL,17,21,69,132.00,"9,108.00"
2020-06-30,2020063001001777,CBL,17,13,50,132.00,"6,600.00"
2020-06-30,2020063001001776,CBL,17,26,60,131.00,"7,860.00"
2020-06-30,2020063001001636,CBL,10,26,"1,000",131.00,"131,000.00"
2020-06-30,2020063001001522,CBL,32,26,200,131.00,"26,200.00"
2020-06-30,2020063001001601,CCBL,57,16,100,154.00,"15,400.00"
2020-06-30,2020063001001444,CCBL,53,26,46,152.00,"6,992.00"
2020-06-30,2020063001001781,CHCL,42,11,20,367.00,"7,340.00"
2020-06-30,2020063001001505,CIT,49,5,25,"2,277.00","56,925.00"
2020-06-30,2020063001001761,CZBIL,57,26,10,177.00,"1,770.00"
2020-06-30,2020063001001694,DDBL,25,13,375,749.00,"280,875.00"
2020-06-30,2020063001001572,DDBL,53,13,65,749.00,"48,685.00"
2020-06-30,2020063001001501,DDBL,39,13,60,749.00,"44,940.00"
2020-06-30,2020063001001500,DDBL,39,51,10,749.00,"7,490.00"
2020-06-30,2020063001001499,DDBL,39,6,30,749.00,"22,470.00"
2020-06-30,2020063001001730,EIC,19,29,20,350.00,"7,000.00"
2020-06-30,2020063001001460,EIC,28,21,60,347.00,"20,820.00"
2020-06-30,2020063001001459,EIC,28,26,28,347.00,"9,716.00"
2020-06-30,2020063001001458,EIC,57,26,30,347.00,"10,410.00"
2020-06-30,2020063001001428,EIC,39,26,200,347.00,"69,400.00"
2020-06-30,2020063001001775,FMDBL,37,56,38,410.00,"15,580.00"
2020-06-30,2020063001001774,FMDBL,42,56,20,410.00,"8,200.00"
2020-06-30,2020063001001786,FOWAD,36,6,19,"1,400.00","26,600.00"
2020-06-30,2020063001001838,GBBL,39,47,100,206.00,"20,600.00"
2020-06-30,2020063001001787,GBBL,39,38,50,202.00,"10,100.00"
2020-06-30,2020063001001712,GBBL,39,39,58,202.00,"11,716.00"
2020-06-30,2020063001001815,GBIME,11,5,60,243.00,"14,580.00"
2020-06-30,2020063001001814,GBIME,11,54,"1,000",242.00,"242,000.00"
2020-06-30,2020063001001813,GBIME,11,25,490,242.00,"118,580.00"
2020-06-30,2020063001001812,GBIME,11,32,100,239.00,"23,900.00"
2020-06-30,2020063001001737,GBIME,59,25,10,242.00,"2,420.00"
2020-06-30,2020063001001736,GBIME,59,13,50,240.00,"12,000.00"
2020-06-30,2020063001001445,GBIME,55,3,200,236.00,"47,200.00"
2020-06-30,2020063001001706,GBIME,29,13,50,240.00,"12,000.00"
2020-06-30,2020063001001705,GBIME,29,8,200,240.00,"48,000.00"
2020-06-30,2020063001001663,GBIME,1,10,"1,000",238.00,"238,000.00"
2020-06-30,2020063001001615,GBIME,1,59,50,238.00,"11,900.00"
2020-06-30,2020063001001488,GBIME,55,41,92,236.00,"21,712.00"
2020-06-30,2020063001001486,GBIME,59,8,100,240.00,"24,000.00"
2020-06-30,2020063001001769,GBLBS,29,52,15,385.00,"5,775.00"
2020-06-30,2020063001001726,GBLBS,16,25,100,392.00,"39,200.00"
2020-06-30,2020063001001603,GBLBS,29,10,31,385.00,"11,935.00"
2020-06-30,2020063001001602,GBLBS,51,10,10,386.00,"3,860.00"
2020-06-30,2020063001001580,GBLBS,52,10,50,390.00,"19,500.00"
2020-06-30,2020063001001579,GBLBS,33,10,10,390.00,"3,900.00"
2020-06-30,2020063001001506,GBLBS,33,14,15,395.00,"5,925.00"
2020-06-30,2020063001001450,GBLBS,33,1,185,390.00,"72,150.00"
2020-06-30,2020063001001449,GBLBS,33,44,334,387.00,"129,258.00"
2020-06-30,2020063001001720,GFCL,13,45,50,144.00,"7,200.00"
2020-06-30,2020063001001553,GILB,56,40,100,"1,092.00","109,200.00"
2020-06-30,2020063001001527,GILB,38,13,490,"1,072.00","525,280.00"
2020-06-30,2020063001001524,GILB,42,13,10,"1,072.00","10,720.00"
2020-06-30,2020063001001489,GILB,45,38,"1,000","1,071.00","1,071,000.00"
2020-06-30,2020063001001427,GLBSL,46,58,20,607.00,"12,140.00"
2020-06-30,2020063001001885,GLICL,33,45,50,405.00,"20,250.00"
2020-06-30,2020063001001770,GLICL,59,26,12,402.00,"4,824.00"
2020-06-30,2020063001001607,GLICL,13,45,150,405.00,"60,750.00"
2020-06-30,2020063001001571,GLICL,45,45,50,405.00,"20,250.00"
2020-06-30,2020063001001557,GLICL,1,35,166,400.00,"66,400.00"
2020-06-30,2020063001001515,GLICL,35,26,390,404.00,"157,560.00"
2020-06-30,2020063001001438,GLICL,1,45,85,400.00,"34,000.00"
2020-06-30,2020063001001437,GLICL,13,45,15,400.00,"6,000.00"
2020-06-30,2020063001001692,GUFL,34,5,500,107.00,"53,500.00"
2020-06-30,2020063001001836,HBL,46,16,40,480.00,"19,200.00"
2020-06-30,2020063001001421,HBL,25,16,60,471.00,"28,260.00"
2020-06-30,2020063001001890,HDL,18,39,100,"1,440.00","144,000.00"
2020-06-30,2020063001001872,HDL,18,53,100,"1,440.00","144,000.00"
2020-06-30,2020063001001870,HDL,37,10,100,"1,440.00","144,000.00"
2020-06-30,2020063001001869,HDL,58,10,100,"1,440.00","144,000.00"
2020-06-30,2020063001001835,HDL,19,54,200,"1,440.00","288,000.00"
2020-06-30,2020063001001834,HDL,19,28,100,"1,439.00","143,900.00"
2020-06-30,2020063001001447,HDL,5,14,90,"1,427.00","128,430.00"
2020-06-30,2020063001001446,HDL,49,14,10,"1,428.00","14,280.00"
2020-06-30,2020063001001420,HDL,46,4,100,"1,432.00","143,200.00"
2020-06-30,2020063001001531,HDL,19,29,50,"1,431.00","71,550.00"
2020-06-30,2020063001001530,HDL,19,58,70,"1,430.00","100,100.00"
2020-06-30,2020063001001517,HDL,35,58,30,"1,430.00","42,900.00"
2020-06-30,2020063001001503,HDL,35,41,70,"1,430.00","100,100.00"
2020-06-30,2020063001001498,HDL,35,41,30,"1,430.00","42,900.00"
2020-06-30,2020063001001454,HDL,57,4,10,"1,432.00","14,320.00"
2020-06-30,2020063001001686,HDL,51,7,100,"1,435.00","143,500.00"
2020-06-30,2020063001001640,HDL,35,53,110,"1,435.00","157,850.00"
2020-06-30,2020063001001629,HDL,19,53,100,"1,435.00","143,500.00"
2020-06-30,2020063001001604,HDL,3,4,130,"1,432.00","186,160.00"
2020-06-30,2020063001001581,HDL,42,58,200,"1,431.00","286,200.00"
2020-06-30,2020063001001532,HDL,19,4,130,"1,432.00","186,160.00"
2020-06-30,2020063001001783,HDL,35,58,32,"1,435.00","45,920.00"
2020-06-30,2020063001001752,HDL,3,58,179,"1,432.00","256,328.00"
2020-06-30,2020063001001751,HDL,35,58,18,"1,436.00","25,848.00"
2020-06-30,2020063001001750,HDL,35,53,32,"1,435.00","45,920.00"
2020-06-30,2020063001001732,HDL,51,53,30,"1,435.00","43,050.00"
2020-06-30,2020063001001697,HDL,26,58,50,"1,436.00","71,800.00"
2020-06-30,2020063001001833,HDL,19,58,68,"1,438.00","97,784.00"
2020-06-30,2020063001001832,HDL,19,57,50,"1,438.00","71,900.00"
2020-06-30,2020063001001831,HDL,19,5,50,"1,438.00","71,900.00"
2020-06-30,2020063001001830,HDL,19,58,28,"1,436.00","40,208.00"
2020-06-30,2020063001001810,HDL,18,32,50,"1,435.00","71,750.00"
2020-06-30,2020063001001809,HDL,17,32,100,"1,435.00","143,500.00"
2020-06-30,2020063001001788,HGI,48,43,10,313.00,"3,130.00"
2020-06-30,2020063001001621,HGI,38,43,10,307.00,"3,070.00"
2020-06-30,2020063001001707,HIDCL,52,5,389,124.00,"48,236.00"
2020-06-30,2020063001001521,HIDCL,13,42,50,122.00,"6,100.00"
2020-06-30,2020063001001714,IGI,38,42,524,347.00,"181,828.00"
2020-06-30,2020063001001606,JBBL,42,57,50,165.00,"8,250.00"
2020-06-30,2020063001001605,JBBL,42,8,50,165.00,"8,250.00"
2020-06-30,2020063001001841,KBL,20,1,"1,000",175.00,"175,000.00"
2020-06-30,2020063001001829,KBL,22,1,500,175.00,"87,500.00"
2020-06-30,2020063001001785,KBL,26,26,658,174.00,"114,492.00"
2020-06-30,2020063001001746,KMCDB,10,39,10,716.00,"7,160.00"
2020-06-30,2020063001001745,KMCDB,10,39,10,716.00,"7,160.00"
2020-06-30,2020063001001744,KMCDB,10,39,10,716.00,"7,160.00"
2020-06-30,2020063001001743,KMCDB,10,39,10,716.00,"7,160.00"
2020-06-30,2020063001001713,KMCDB,25,26,10,703.00,"7,030.00"
2020-06-30,2020063001001560,KMCDB,25,11,400,702.00,"280,800.00"
2020-06-30,2020063001001559,KMCDB,25,6,10,700.00,"7,000.00"
2020-06-30,2020063001001442,KMCDB,25,40,181,690.00,"124,890.00"
2020-06-30,2020063001001441,KMCDB,25,41,10,690.00,"6,900.00"
2020-06-30,2020063001001440,KMCDB,25,32,10,689.00,"6,890.00"
2020-06-30,2020063001001439,KMCDB,25,59,10,688.00,"6,880.00"
2020-06-30,2020063001001759,LBBL,39,1,71,176.00,"12,496.00"
2020-06-30,2020063001001669,LBBL,14,1,25,175.00,"4,375.00"
2020-06-30,2020063001001668,LBBL,14,1,25,175.00,"4,375.00"
2020-06-30,2020063001001582,LBBL,46,26,73,175.00,"12,775.00"
2020-06-30,2020063001001758,LGIL,11,5,31,376.00,"11,656.00"
2020-06-30,2020063001001674,LGIL,55,28,50,372.00,"18,600.00"
2020-06-30,2020063001001477,LGIL,39,5,50,365.00,"18,250.00"
2020-06-30,2020063001001789,LICN,7,44,29,"1,209.00","35,061.00"
2020-06-30,2020063001001768,LICN,11,44,21,"1,211.00","25,431.00"
2020-06-30,2020063001001767,LICN,11,14,10,"1,211.00","12,110.00"
2020-06-30,2020063001001766,LICN,11,40,200,"1,211.00","242,200.00"
2020-06-30,2020063001001765,LICN,11,33,200,"1,211.00","242,200.00"
2020-06-30,2020063001001764,LICN,11,51,10,"1,211.00","12,110.00"
2020-06-30,2020063001001525,LICN,5,28,50,"1,186.00","59,300.00"
2020-06-30,2020063001001479,LICN,25,28,100,"1,186.00","118,600.00"
2020-06-30,2020063001001478,LICN,5,28,100,"1,186.00","118,600.00"
2020-06-30,2020063001001763,LICN,11,28,59,"1,210.00","71,390.00"
2020-06-30,2020063001001762,LICN,11,25,100,"1,209.00","120,900.00"
2020-06-30,2020063001001757,LICN,7,28,120,"1,205.00","144,600.00"
2020-06-30,2020063001001735,LICN,49,28,150,"1,205.00","180,750.00"
2020-06-30,2020063001001608,LICN,25,14,50,"1,200.00","60,000.00"
2020-06-30,2020063001001552,LICN,19,14,50,"1,200.00","60,000.00"
2020-06-30,2020063001001873,MEGA,25,58,"2,000",199.00,"398,000.00"
2020-06-30,2020063001001822,MEGA,25,25,90,196.00,"17,640.00"
2020-06-30,2020063001001719,MEGA,29,25,10,196.00,"1,960.00"
2020-06-30,2020063001001667,MEGA,57,52,45,193.00,"8,685.00"
2020-06-30,2020063001001685,MERO,17,41,980,525.00,"514,500.00"
2020-06-30,2020063001001684,MERO,17,52,43,525.00,"22,575.00"
2020-06-30,2020063001001683,MERO,17,45,43,515.00,"22,145.00"
2020-06-30,2020063001001825,MLBL,52,59,20,184.00,"3,680.00"
2020-06-30,2020063001001753,MLBL,57,5,116,181.00,"20,996.00"
2020-06-30,2020063001001461,MLBL,46,14,"2,000",178.00,"356,000.00"
2020-06-30,2020063001001430,MLBL,59,17,116,175.00,"20,300.00"
2020-06-30,2020063001001729,MNBBL,28,54,325,295.00,"95,875.00"
2020-06-30,2020063001001703,MNBBL,58,54,50,295.00,"14,750.00"
2020-06-30,2020063001001547,MNBBL,42,54,40,295.00,"11,800.00"
2020-06-30,2020063001001529,MNBBL,14,54,100,295.00,"29,500.00"
2020-06-30,2020063001001887,NABIL,41,1,450,712.00,"320,400.00"
2020-06-30,2020063001001886,NABIL,41,45,50,711.00,"35,550.00"
2020-06-30,2020063001001725,NABIL,43,52,15,710.00,"10,650.00"
2020-06-30,2020063001001704,NABIL,46,28,50,706.00,"35,300.00"
2020-06-30,2020063001001662,NABIL,13,52,35,710.00,"24,850.00"
2020-06-30,2020063001001654,NABIL,6,1,50,712.00,"35,600.00"
2020-06-30,2020063001001622,NABIL,58,1,486,712.00,"346,032.00"
2020-06-30,2020063001001574,NABIL,58,39,14,712.00,"9,968.00"
2020-06-30,2020063001001487,NABIL,57,6,50,712.00,"35,600.00"
2020-06-30,2020063001001453,NABIL,47,21,50,715.00,"35,750.00"
2020-06-30,2020063001001452,NABIL,47,52,50,715.00,"35,750.00"
2020-06-30,2020063001001451,NABIL,47,36,400,715.00,"286,000.00"
2020-06-30,2020063001001631,NADEP,25,14,470,516.00,"242,520.00"
2020-06-30,2020063001001630,NADEP,25,51,30,516.00,"15,480.00"
2020-06-30,2020063001001516,NADEP,25,14,23,516.00,"11,868.00"
2020-06-30,2020063001001755,NBB,19,58,250,186.00,"46,500.00"
2020-06-30,2020063001001754,NBB,19,48,10,184.00,"1,840.00"
2020-06-30,2020063001001426,NBB,11,52,323,183.00,"59,109.00"
2020-06-30,2020063001001782,NBL,49,32,142,240.00,"34,080.00"
2020-06-30,2020063001001650,NBL,7,49,"1,105",240.00,"265,200.00"
2020-06-30,2020063001001638,NBL,59,49,100,240.00,"24,000.00"
2020-06-30,2020063001001632,NBL,58,16,250,238.00,"59,500.00"
2020-06-30,2020063001001613,NBL,39,49,100,240.00,"24,000.00"
2020-06-30,2020063001001610,NBL,58,45,300,238.00,"71,400.00"
2020-06-30,2020063001001494,NBL,59,7,500,240.00,"120,000.00"
2020-06-30,2020063001001609,NBL,34,45,200,238.00,"47,600.00"
2020-06-30,2020063001001576,NBL,34,33,225,238.00,"53,550.00"
2020-06-30,2020063001001520,NBL,52,49,200,240.00,"48,000.00"
2020-06-30,2020063001001507,NBL,25,49,500,240.00,"120,000.00"
2020-06-30,2020063001001497,NBL,25,10,500,240.00,"120,000.00"
2020-06-30,2020063001001496,NBL,25,7,500,240.00,"120,000.00"
2020-06-30,2020063001001724,NCCB,42,36,100,173.00,"17,300.00"
2020-06-30,2020063001001721,NCCB,5,32,200,172.00,"34,400.00"
2020-06-30,2020063001001889,NHPC,58,32,900,49.98,"44,982.00"
2020-06-30,2020063001001820,NIB,11,32,50,425.00,"21,250.00"
2020-06-30,2020063001001689,NIB,11,32,100,425.00,"42,500.00"
2020-06-30,2020063001001612,NIB,47,32,200,425.00,"85,000.00"
2020-06-30,2020063001001611,NIB,14,32,100,425.00,"42,500.00"
2020-06-30,2020063001001561,NIB,11,34,98,425.00,"41,650.00"
2020-06-30,2020063001001548,NIB,11,33,72,425.00,"30,600.00"
2020-06-30,2020063001001676,NICA,14,4,480,486.00,"233,280.00"
2020-06-30,2020063001001675,NICA,39,4,20,487.00,"9,740.00"
2020-06-30,2020063001001578,NICA,33,45,"1,000",487.00,"487,000.00"
2020-06-30,2020063001001563,NICA,46,46,42,490.00,"20,580.00"
2020-06-30,2020063001001457,NICA,58,19,200,487.00,"97,400.00"
2020-06-30,2020063001001456,NICA,22,19,100,488.00,"48,800.00"
2020-06-30,2020063001001455,NICA,56,19,200,489.00,"97,800.00"
2020-06-30,2020063001001871,NLIC,57,4,100,"1,155.00","115,500.00"
2020-06-30,2020063001001821,NLIC,54,54,400,"1,155.00","462,000.00"
2020-06-30,2020063001001780,NLIC,10,36,150,"1,157.00","173,550.00"
2020-06-30,2020063001001779,NLIC,10,53,50,"1,155.00","57,750.00"
2020-06-30,2020063001001742,NLIC,45,36,100,"1,157.00","115,700.00"
2020-06-30,2020063001001711,NLIC,6,36,50,"1,157.00","57,850.00"
2020-06-30,2020063001001481,NLIC,28,43,37,"1,147.00","42,439.00"
2020-06-30,2020063001001425,NLIC,42,43,500,"1,147.00","573,500.00"
2020-06-30,2020063001001424,NLIC,17,43,100,"1,150.00","115,000.00"
2020-06-30,2020063001001423,NLIC,46,43,50,"1,150.00","57,500.00"
2020-06-30,2020063001001422,NLIC,1,43,113,"1,156.00","130,628.00"
2020-06-30,2020063001001691,NLIC,6,36,20,"1,157.00","23,140.00"
2020-06-30,2020063001001690,NLIC,6,43,480,"1,157.00","555,360.00"
2020-06-30,2020063001001652,NLIC,13,45,100,"1,156.00","115,600.00"
2020-06-30,2020063001001634,NLIC,28,4,190,"1,147.00","217,930.00"
2020-06-30,2020063001001633,NLIC,53,4,10,"1,150.00","11,500.00"
2020-06-30,2020063001001485,NLIC,57,43,20,"1,157.00","23,140.00"
2020-06-30,2020063001001878,NMB,59,33,490,369.00,"180,810.00"
2020-06-30,2020063001001877,NMB,57,33,230,370.00,"85,100.00"
2020-06-30,2020063001001798,NMB,36,38,20,371.00,"7,420.00"
2020-06-30,2020063001001790,NMB,57,53,120,370.00,"44,400.00"
2020-06-30,2020063001001749,NMB,1,38,33,371.00,"12,243.00"
2020-06-30,2020063001001748,NMB,1,38,467,371.00,"173,257.00"
2020-06-30,2020063001001738,NMB,57,45,50,370.00,"18,500.00"
2020-06-30,2020063001001710,NMB,22,38,100,371.00,"37,100.00"
2020-06-30,2020063001001696,NMB,57,57,100,370.00,"37,000.00"
2020-06-30,2020063001001639,NMB,57,13,500,370.00,"185,000.00"
2020-06-30,2020063001001508,NMB,59,13,10,369.00,"3,690.00"
2020-06-30,2020063001001491,NMB,22,13,120,369.00,"44,280.00"
2020-06-30,2020063001001919,NRIC,11,26,40,344.00,"13,760.00"
2020-06-30,2020063001001918,NRIC,11,41,30,344.00,"10,320.00"
2020-06-30,2020063001001917,NRIC,11,43,40,344.00,"13,760.00"
2020-06-30,2020063001001916,NRIC,11,34,40,344.00,"13,760.00"
2020-06-30,2020063001001915,NRIC,11,25,40,344.00,"13,760.00"
2020-06-30,2020063001001914,NRIC,11,11,40,344.00,"13,760.00"
2020-06-30,2020063001001468,NRIC,6,18,50,344.00,"17,200.00"
2020-06-30,2020063001001467,NRIC,6,53,40,344.00,"13,760.00"
2020-06-30,2020063001001466,NRIC,6,19,40,344.00,"13,760.00"
2020-06-30,2020063001001465,NRIC,6,54,20,344.00,"6,880.00"
2020-06-30,2020063001001474,NRIC,6,18,40,344.00,"13,760.00"
2020-06-30,2020063001001473,NRIC,6,5,50,344.00,"17,200.00"
2020-06-30,2020063001001472,NRIC,6,49,40,344.00,"13,760.00"
2020-06-30,2020063001001471,NRIC,6,59,40,344.00,"13,760.00"
2020-06-30,2020063001001470,NRIC,6,52,50,344.00,"17,200.00"
2020-06-30,2020063001001469,NRIC,6,56,50,344.00,"17,200.00"
2020-06-30,2020063001001512,NRIC,56,41,40,344.00,"13,760.00"
2020-06-30,2020063001001511,NRIC,56,56,50,344.00,"17,200.00"
2020-06-30,2020063001001510,NRIC,56,37,40,344.00,"13,760.00"
2020-06-30,2020063001001509,NRIC,56,56,10,344.00,"3,440.00"
2020-06-30,2020063001001476,NRIC,6,56,30,344.00,"10,320.00"
2020-06-30,2020063001001475,NRIC,6,55,50,344.00,"17,200.00"
2020-06-30,2020063001001537,NRIC,17,6,40,344.00,"13,760.00"
2020-06-30,2020063001001536,NRIC,17,51,40,344.00,"13,760.00"
2020-06-30,2020063001001535,NRIC,17,58,40,344.00,"13,760.00"
2020-06-30,2020063001001534,NRIC,17,51,40,344.00,"13,760.00"
2020-06-30,2020063001001533,NRIC,17,37,40,344.00,"13,760.00"
2020-06-30,2020063001001513,NRIC,56,37,10,344.00,"3,440.00"
2020-06-30,2020063001001543,NRIC,6,47,40,344.00,"13,760.00"
2020-06-30,2020063001001542,NRIC,6,22,40,344.00,"13,760.00"
2020-06-30,2020063001001541,NRIC,6,29,20,344.00,"6,880.00"
2020-06-30,2020063001001540,NRIC,17,29,20,344.00,"6,880.00"
2020-06-30,2020063001001539,NRIC,17,1,40,344.00,"13,760.00"
2020-06-30,2020063001001538,NRIC,17,26,40,344.00,"13,760.00"
2020-06-30,2020063001001564,NRIC,56,28,10,344.00,"3,440.00"
2020-06-30,2020063001001551,NRIC,42,28,20,344.00,"6,880.00"
2020-06-30,2020063001001550,NRIC,42,16,30,344.00,"10,320.00"
2020-06-30,2020063001001546,NRIC,41,16,10,344.00,"3,440.00"
2020-06-30,2020063001001545,NRIC,41,56,40,344.00,"13,760.00"
2020-06-30,2020063001001544,NRIC,41,14,50,344.00,"17,200.00"
2020-06-30,2020063001001588,NRIC,52,47,40,344.00,"13,760.00"
2020-06-30,2020063001001587,NRIC,52,59,40,344.00,"13,760.00"
2020-06-30,2020063001001586,NRIC,52,48,50,344.00,"17,200.00"
2020-06-30,2020063001001585,NRIC,52,43,40,344.00,"13,760.00"
2020-06-30,2020063001001584,NRIC,52,8,50,344.00,"17,200.00"
2020-06-30,2020063001001583,NRIC,52,28,10,344.00,"3,440.00"
2020-06-30,2020063001001594,NRIC,52,35,40,344.00,"13,760.00"
2020-06-30,2020063001001593,NRIC,52,46,40,344.00,"13,760.00"
2020-06-30,2020063001001592,NRIC,52,56,40,344.00,"13,760.00"
2020-06-30,2020063001001591,NRIC,52,35,40,344.00,"13,760.00"
2020-06-30,2020063001001590,NRIC,52,54,40,344.00,"13,760.00"
2020-06-30,2020063001001589,NRIC,52,41,40,344.00,"13,760.00"
2020-06-30,2020063001001600,NRIC,52,46,20,344.00,"6,880.00"
2020-06-30,2020063001001599,NRIC,52,19,40,344.00,"13,760.00"
2020-06-30,2020063001001598,NRIC,52,42,40,344.00,"13,760.00"
2020-06-30,2020063001001597,NRIC,52,51,40,344.00,"13,760.00"
2020-06-30,2020063001001596,NRIC,52,16,50,344.00,"17,200.00"
2020-06-30,2020063001001595,NRIC,52,41,40,344.00,"13,760.00"
2020-06-30,2020063001001773,NRIC,34,45,10,344.00,"3,440.00"
2020-06-30,2020063001001772,NRIC,34,55,40,344.00,"13,760.00"
2020-06-30,2020063001001734,NRIC,29,16,10,344.00,"3,440.00"
2020-06-30,2020063001001666,NRIC,7,16,40,344.00,"13,760.00"
2020-06-30,2020063001001665,NRIC,7,16,40,344.00,"13,760.00"
2020-06-30,2020063001001664,NRIC,7,46,20,344.00,"6,880.00"
2020-06-30,2020063001001847,NRIC,11,47,40,344.00,"13,760.00"
2020-06-30,2020063001001846,NRIC,11,57,40,344.00,"13,760.00"
2020-06-30,2020063001001845,NRIC,11,25,40,344.00,"13,760.00"
2020-06-30,2020063001001844,NRIC,11,8,40,344.00,"13,760.00"
2020-06-30,2020063001001843,NRIC,11,1,40,344.00,"13,760.00"
2020-06-30,2020063001001842,NRIC,11,45,30,344.00,"10,320.00"
2020-06-30,2020063001001853,NRIC,11,22,50,344.00,"17,200.00"
2020-06-30,2020063001001852,NRIC,11,19,40,344.00,"13,760.00"
2020-06-30,2020063001001851,NRIC,11,43,40,344.00,"13,760.00"
2020-06-30,2020063001001850,NRIC,11,1,50,344.00,"17,200.00"
2020-06-30,2020063001001849,NRIC,11,17,40,344.00,"13,760.00"
2020-06-30,2020063001001848,NRIC,11,58,40,344.00,"13,760.00"
2020-06-30,2020063001001859,NRIC,11,58,40,344.00,"13,760.00"
2020-06-30,2020063001001858,NRIC,11,48,40,344.00,"13,760.00"
2020-06-30,2020063001001857,NRIC,11,53,40,344.00,"13,760.00"
2020-06-30,2020063001001856,NRIC,11,6,50,344.00,"17,200.00"
2020-06-30,2020063001001855,NRIC,11,25,40,344.00,"13,760.00"
2020-06-30,2020063001001854,NRIC,11,47,40,344.00,"13,760.00"
2020-06-30,2020063001001865,NRIC,11,43,40,344.00,"13,760.00"
2020-06-30,2020063001001864,NRIC,11,56,40,344.00,"13,760.00"
2020-06-30,2020063001001863,NRIC,11,54,40,344.00,"13,760.00"
2020-06-30,2020063001001862,NRIC,11,37,40,344.00,"13,760.00"
2020-06-30,2020063001001861,NRIC,11,56,40,344.00,"13,760.00"
2020-06-30,2020063001001860,NRIC,11,56,50,344.00,"17,200.00"
2020-06-30,2020063001001895,NRIC,11,41,50,344.00,"17,200.00"
2020-06-30,2020063001001894,NRIC,11,59,40,344.00,"13,760.00"
2020-06-30,2020063001001893,NRIC,11,1,50,344.00,"17,200.00"
2020-06-30,2020063001001892,NRIC,11,40,50,344.00,"17,200.00"
2020-06-30,2020063001001891,NRIC,11,43,30,344.00,"10,320.00"
2020-06-30,2020063001001866,NRIC,11,43,10,344.00,"3,440.00"
2020-06-30,2020063001001901,NRIC,11,1,40,344.00,"13,760.00"
2020-06-30,2020063001001900,NRIC,11,51,40,344.00,"13,760.00"
2020-06-30,2020063001001899,NRIC,11,26,30,344.00,"10,320.00"
2020-06-30,2020063001001898,NRIC,11,59,40,344.00,"13,760.00"
2020-06-30,2020063001001897,NRIC,11,58,40,344.00,"13,760.00"
2020-06-30,2020063001001896,NRIC,11,50,40,344.00,"13,760.00"
2020-06-30,2020063001001907,NRIC,11,51,50,344.00,"17,200.00"
2020-06-30,2020063001001906,NRIC,11,16,40,344.00,"13,760.00"
2020-06-30,2020063001001905,NRIC,11,55,40,344.00,"13,760.00"
2020-06-30,2020063001001904,NRIC,11,10,50,344.00,"17,200.00"
2020-06-30,2020063001001903,NRIC,11,16,40,344.00,"13,760.00"
2020-06-30,2020063001001902,NRIC,11,52,50,344.00,"17,200.00"
2020-06-30,2020063001001913,NRIC,11,45,50,344.00,"17,200.00"
2020-06-30,2020063001001912,NRIC,11,58,40,344.00,"13,760.00"
2020-06-30,2020063001001911,NRIC,11,59,40,344.00,"13,760.00"
2020-06-30,2020063001001910,NRIC,11,26,40,344.00,"13,760.00"
2020-06-30,2020063001001909,NRIC,11,37,50,344.00,"17,200.00"
2020-06-30,2020063001001908,NRIC,11,28,40,344.00,"13,760.00"
2020-06-30,2020063001001791,NTC,26,25,200,601.00,"120,200.00"
2020-06-30,2020063001001840,NUBL,38,35,100,909.00,"90,900.00"
2020-06-30,2020063001001839,NUBL,38,13,400,909.00,"363,600.00"
2020-06-30,2020063001001731,OHL,29,13,10,306.00,"3,060.00"
2020-06-30,2020063001001708,OHL,53,13,10,306.00,"3,060.00"
2020-06-30,2020063001001876,PCBL,49,4,10,241.00,"2,410.00"
2020-06-30,2020063001001811,PCBL,38,56,300,243.00,"72,900.00"
2020-06-30,2020063001001797,PCBL,19,56,190,243.00,"46,170.00"
2020-06-30,2020063001001796,PCBL,19,48,10,242.00,"2,420.00"
2020-06-30,2020063001001673,PCBL,49,38,95,241.00,"22,895.00"
2020-06-30,2020063001001672,PCBL,51,38,105,241.00,"25,305.00"
2020-06-30,2020063001001671,PCBL,1,38,300,242.00,"72,600.00"
2020-06-30,2020063001001882,PIC,29,51,20,488.00,"9,760.00"
2020-06-30,2020063001001695,PICL,39,22,125,410.00,"51,250.00"
2020-06-30,2020063001001718,PLIC,34,22,100,517.00,"51,700.00"
2020-06-30,2020063001001627,PLIC,39,40,100,527.00,"52,700.00"
2020-06-30,2020063001001723,PRVU,37,52,200,216.00,"43,200.00"
2020-06-30,2020063001001722,PRVU,41,52,200,217.00,"43,400.00"
2020-06-30,2020063001001679,PRVU,37,21,100,219.00,"21,900.00"
2020-06-30,2020063001001661,PRVU,1,1,210,218.00,"45,780.00"
2020-06-30,2020063001001660,PRVU,1,51,90,218.00,"19,620.00"
2020-06-30,2020063001001625,PRVU,32,51,10,218.00,"2,180.00"
2020-06-30,2020063001001432,PRVU,34,51,70,216.00,"15,120.00"
2020-06-30,2020063001001431,PRVU,34,22,205,216.00,"44,280.00"
2020-06-30,2020063001001837,RADHI,38,38,10,169.00,"1,690.00"
2020-06-30,2020063001001464,RBCL,22,41,10,"8,400.00","84,000.00"
2020-06-30,2020063001001888,RHPC,42,56,178,78.00,"13,884.00"
2020-06-30,2020063001001794,RHPL,19,21,40,141.00,"5,640.00"
2020-06-30,2020063001001659,RMDC,19,34,10,561.00,"5,610.00"
2020-06-30,2020063001001658,RMDC,19,21,10,560.00,"5,600.00"
2020-06-30,2020063001001807,RSDC,34,37,195,424.00,"82,680.00"
2020-06-30,2020063001001806,RSDC,34,29,168,416.00,"69,888.00"
2020-06-30,2020063001001805,RSDC,34,41,36,415.00,"14,940.00"
2020-06-30,2020063001001804,RSDC,34,37,23,409.00,"9,407.00"
2020-06-30,2020063001001433,RSDC,20,44,44,400.00,"17,600.00"
2020-06-30,2020063001001793,SABSL,42,14,11,670.00,"7,370.00"
2020-06-30,2020063001001792,SABSL,42,14,11,670.00,"7,370.00"
2020-06-30,2020063001001626,SABSL,59,56,21,660.00,"13,860.00"
2020-06-30,2020063001001880,SADBL,36,45,156,139.00,"21,684.00"
2020-06-30,2020063001001879,SADBL,36,51,500,139.00,"69,500.00"
2020-06-30,2020063001001784,SAEF,57,16,"4,000",8.40,"33,600.00"
2020-06-30,2020063001001740,SAEF,57,16,800,8.57,"6,856.00"
2020-06-30,2020063001001827,SANIMA,5,44,200,321.00,"64,200.00"
2020-06-30,2020063001001826,SANIMA,5,41,50,320.00,"16,000.00"
2020-06-30,2020063001001823,SANIMA,38,39,110,316.00,"34,760.00"
2020-06-30,2020063001001728,SANIMA,46,41,50,320.00,"16,000.00"
2020-06-30,2020063001001727,SANIMA,46,41,100,320.00,"32,000.00"
2020-06-30,2020063001001693,SANIMA,59,13,80,315.00,"25,200.00"
2020-06-30,2020063001001648,SANIMA,59,13,19,315.00,"5,985.00"
2020-06-30,2020063001001647,SANIMA,59,38,381,315.00,"120,015.00"
2020-06-30,2020063001001646,SANIMA,59,19,100,314.00,"31,400.00"
2020-06-30,2020063001001504,SANIMA,7,19,100,314.00,"31,400.00"
2020-06-30,2020063001001490,SANIMA,7,52,148,314.00,"46,472.00"
2020-06-30,2020063001001429,SANIMA,29,52,100,314.00,"31,400.00"
2020-06-30,2020063001001565,SAPDBL,34,16,302,107.00,"32,314.00"
2020-06-30,2020063001001681,SBI,1,32,13,400.00,"5,200.00"
2020-06-30,2020063001001680,SBI,57,32,10,400.00,"4,000.00"
2020-06-30,2020063001001741,SBL,25,1,"1,000",271.00,"271,000.00"
2020-06-30,2020063001001733,SBL,57,47,43,271.00,"11,653.00"
2020-06-30,2020063001001443,SBL,34,28,10,270.00,"2,700.00"
2020-06-30,2020063001001715,SCB,29,36,10,570.00,"5,700.00"
2020-06-30,2020063001001623,SCB,53,32,93,565.00,"52,545.00"
2020-06-30,2020063001001573,SCB,34,36,200,570.00,"114,000.00"
2020-06-30,2020063001001558,SCB,36,36,10,570.00,"5,700.00"
2020-06-30,2020063001001514,SCB,46,51,150,561.00,"84,150.00"
2020-06-30,2020063001001502,SCB,51,51,10,561.00,"5,610.00"
2020-06-30,2020063001001483,SCB,58,55,208,560.00,"116,480.00"
2020-06-30,2020063001001482,SCB,56,45,100,559.00,"55,900.00"
2020-06-30,2020063001001448,SCB,39,55,"1,000",560.00,"560,000.00"
2020-06-30,2020063001001716,SHINE,44,57,200,216.00,"43,200.00"
2020-06-30,2020063001001624,SHINE,26,57,300,216.00,"64,800.00"
2020-06-30,2020063001001881,SHIVM,49,49,10,545.00,"5,450.00"
2020-06-30,2020063001001824,SHIVM,38,52,300,541.00,"162,300.00"
2020-06-30,2020063001001747,SHIVM,6,49,50,547.00,"27,350.00"
2020-06-30,2020063001001688,SHIVM,38,6,200,541.00,"108,200.00"
2020-06-30,2020063001001463,SHIVM,34,38,20,547.00,"10,940.00"
2020-06-30,2020063001001462,SHIVM,34,48,80,547.00,"43,760.00"
2020-06-30,2020063001001434,SHIVM,57,48,20,547.00,"10,940.00"
2020-06-30,2020063001001620,SHIVM,38,58,40,550.00,"22,000.00"
2020-06-30,2020063001001619,SHIVM,38,38,180,547.00,"98,460.00"
2020-06-30,2020063001001618,SHIVM,38,32,200,547.00,"109,400.00"
2020-06-30,2020063001001617,SHIVM,38,28,370,546.00,"202,020.00"
2020-06-30,2020063001001616,SHIVM,38,49,10,545.00,"5,450.00"
2020-06-30,2020063001001700,SHPC,35,47,100,199.00,"19,900.00"
2020-06-30,2020063001001699,SHPC,39,47,400,199.00,"79,600.00"
2020-06-30,2020063001001698,SHPC,6,47,100,199.00,"19,900.00"
2020-06-30,2020063001001875,SIC,17,8,300,580.00,"174,000.00"
2020-06-30,2020063001001874,SIC,17,19,20,580.00,"11,600.00"
2020-06-30,2020063001001492,SIC,49,32,80,576.00,"46,080.00"
2020-06-30,2020063001001868,SICL,14,39,500,886.00,"443,000.00"
2020-06-30,2020063001001867,SICL,14,19,25,868.00,"21,700.00"
2020-06-30,2020063001001739,SICL,41,36,10,869.00,"8,690.00"
2020-06-30,2020063001001808,SIFC,10,8,175,143.00,"25,025.00"
2020-06-30,2020063001001702,SIL,21,39,15,459.00,"6,885.00"
2020-06-30,2020063001001701,SIL,21,25,10,459.00,"4,590.00"
2020-06-30,2020063001001795,SKBBL,56,53,40,"1,070.00","42,800.00"
2020-06-30,2020063001001678,SKBBL,38,52,100,"1,070.00","107,000.00"
2020-06-30,2020063001001677,SKBBL,38,35,100,"1,060.00","106,000.00"
2020-06-30,2020063001001614,SKBBL,38,14,400,"1,070.00","428,000.00"
2020-06-30,2020063001001577,SKBBL,38,14,100,"1,070.00","107,000.00"
2020-06-30,2020063001001803,SLBBL,17,6,107,740.00,"79,180.00"
2020-06-30,2020063001001802,SLBBL,17,13,537,736.00,"395,232.00"
2020-06-30,2020063001001801,SLBBL,17,57,268,735.00,"196,980.00"
2020-06-30,2020063001001800,SLBBL,17,57,69,735.00,"50,715.00"
2020-06-30,2020063001001799,SLBBL,17,55,53,735.00,"38,955.00"
2020-06-30,2020063001001819,SLICL,29,22,750,393.00,"294,750.00"
2020-06-30,2020063001001818,SLICL,29,40,410,393.00,"161,130.00"
2020-06-30,2020063001001817,SLICL,29,16,100,393.00,"39,300.00"
2020-06-30,2020063001001816,SLICL,29,59,10,390.00,"3,900.00"
2020-06-30,2020063001001709,SLICL,58,16,100,386.00,"38,600.00"
2020-06-30,2020063001001556,SLICL,35,25,50,381.00,"19,050.00"
2020-06-30,2020063001001519,SLICL,10,13,400,379.00,"151,600.00"
2020-06-30,2020063001001495,SLICL,28,13,160,372.00,"59,520.00"
2020-06-30,2020063001001651,SRBL,19,38,200,220.00,"44,000.00"
2020-06-30,2020063001001637,SRBL,1,38,300,220.00,"66,000.00"
2020-06-30,2020063001001567,STC,45,52,20,"2,682.00","53,640.00"
2020-06-30,2020063001001566,STC,45,39,20,"2,682.00","53,640.00"
2020-06-30,2020063001001645,SWBBL,35,44,450,"1,073.00","482,850.00"
2020-06-30,2020063001001644,SWBBL,35,57,400,"1,070.00","428,000.00"
2020-06-30,2020063001001643,SWBBL,35,19,164,"1,070.00","175,480.00"
2020-06-30,2020063001001670,UIC,5,59,100,311.00,"31,100.00"
2020-06-30,2020063001001653,UIC,39,13,200,311.00,"62,200.00"
2020-06-30,2020063001001555,UIC,49,19,35,310.00,"10,850.00"
2020-06-30,2020063001001554,UIC,29,19,100,310.00,"31,000.00"
2020-06-30,2020063001001436,UIC,28,16,200,311.00,"62,200.00"
2020-06-30,2020063001001435,UIC,28,5,100,311.00,"31,100.00"
2020-06-30,2020063001001655,UPCL,52,38,100,67.00,"6,700.00"
2020-06-30,2020063001001628,UPCL,25,45,50,66.00,"3,300.00"
2020-06-30,2020063001001771,UPPER,51,45,100,232.00,"23,200.00"
2020-06-30,2020063001001549,UPPER,13,52,500,231.00,"115,500.00"
2020-06-30,2020063001001756,VLBS,41,40,190,881.00,"167,390.00"
2020-06-30,2020063001001642,VLBS,19,40,10,881.00,"8,810.00"
2020-06-30,2020063001001641,VLBS,19,13,90,881.00,"79,290.00"
2020-06-30,2020063001001297,ADBL,41,16,250,336.00,"84,000.00"
2020-06-30,2020063001001241,ADBL,58,21,11,332.00,"3,652.00"
2020-06-30,2020063001001211,ADBL,34,26,36,332.00,"11,952.00"
2020-06-30,2020063001001164,ADBL,53,26,100,332.00,"33,200.00"
2020-06-30,2020063001001163,ADBL,33,26,40,333.00,"13,320.00"
2020-06-30,2020063001001135,ADBL,11,32,30,337.00,"10,110.00"
2020-06-30,2020063001001013,ADBL,3,6,305,332.00,"101,260.00"
2020-06-30,2020063001001391,AHPC,52,13,108,93.00,"10,044.00"
2020-06-30,2020063001001390,AHPC,46,13,609,93.00,"56,637.00"
2020-06-30,2020063001001410,AKPL,57,45,30,120.00,"3,600.00"
2020-06-30,2020063001001346,AKPL,48,41,50,120.00,"6,000.00"
2020-06-30,2020063001001107,AKPL,29,45,"2,000",118.00,"236,000.00"
2020-06-30,2020063001001001,AKPL,19,7,"1,000",117.00,"117,000.00"
2020-06-30,2020063001001290,ALBSL,10,21,11,536.00,"5,896.00"
2020-06-30,2020063001001392,ALICL,42,35,10,521.00,"5,210.00"
2020-06-30,2020063001001318,ALICL,39,22,200,525.00,"105,000.00"
2020-06-30,2020063001001317,ALICL,39,38,50,525.00,"26,250.00"
2020-06-30,2020063001001057,ALICL,51,22,600,521.00,"312,600.00"
2020-06-30,2020063001001036,ALICL,58,38,50,525.00,"26,250.00"
2020-06-30,2020063001001311,BOKL,48,21,151,206.00,"31,106.00"
2020-06-30,2020063001001308,BOKL,38,39,100,209.00,"20,900.00"
2020-06-30,2020063001001307,BOKL,38,25,50,209.00,"10,450.00"
2020-06-30,2020063001001306,BOKL,38,11,61,208.00,"12,688.00"
2020-06-30,2020063001001250,BOKL,6,25,200,209.00,"41,800.00"
2020-06-30,2020063001001219,BOKL,11,5,200,208.00,"41,600.00"
2020-06-30,2020063001000934,BOKL,44,26,123,205.00,"25,215.00"
2020-06-30,2020063001001393,BPCL,42,14,300,320.00,"96,000.00"
2020-06-30,2020063001001309,BPCL,51,47,10,320.00,"3,200.00"
2020-06-30,2020063001001063,BPCL,11,43,12,314.00,"3,768.00"
2020-06-30,2020063001001062,BPCL,11,43,12,314.00,"3,768.00"
2020-06-30,2020063001001061,BPCL,11,43,12,314.00,"3,768.00"
2020-06-30,2020063001001060,BPCL,11,43,12,314.00,"3,768.00"
2020-06-30,2020063001001139,CBBL,7,38,39,945.00,"36,855.00"
2020-06-30,2020063001001020,CBBL,50,38,51,945.00,"48,195.00"
2020-06-30,2020063001001019,CBBL,50,6,39,940.00,"36,660.00"
2020-06-30,2020063001001338,CBL,34,21,440,130.00,"57,200.00"
2020-06-30,2020063001001337,CBL,34,6,10,129.00,"1,290.00"
2020-06-30,2020063001001207,CBL,56,21,10,130.00,"1,300.00"
2020-06-30,2020063001001193,CBL,51,38,"1,500",129.00,"193,500.00"
2020-06-30,2020063001001341,CCBL,19,26,44,152.00,"6,688.00"
2020-06-30,2020063001001268,CCBL,52,26,400,152.00,"60,800.00"
2020-06-30,2020063001001191,CCBL,56,26,10,152.00,"1,520.00"
2020-06-30,2020063001001048,CCBL,48,16,100,151.00,"15,100.00"
2020-06-30,2020063001001015,CCBL,19,37,56,150.00,"8,400.00"
2020-06-30,2020063001000925,CCBL,41,16,100,149.00,"14,900.00"
2020-06-30,2020063001001281,CHCL,25,7,500,367.00,"183,500.00"
2020-06-30,2020063001001368,CZBIL,5,5,300,178.00,"53,400.00"
2020-06-30,2020063001001195,CZBIL,39,26,86,175.00,"15,050.00"
2020-06-30,2020063001001159,CZBIL,39,38,115,173.00,"19,895.00"
2020-06-30,2020063001001049,CZBIL,11,38,200,173.00,"34,600.00"
2020-06-30,2020063001001284,DDBL,34,6,100,749.00,"74,900.00"
2020-06-30,2020063001001068,DDBL,25,38,50,748.00,"37,400.00"
2020-06-30,2020063001001280,EBL,1,25,30,580.00,"17,400.00"
2020-06-30,2020063001001279,EBL,39,25,20,583.00,"11,660.00"
2020-06-30,2020063001001278,EBL,13,25,100,583.00,"58,300.00"
2020-06-30,2020063001001277,EBL,34,25,50,584.00,"29,200.00"
2020-06-30,2020063001001227,EBL,34,34,50,585.00,"29,250.00"
2020-06-30,2020063001001367,EIC,39,26,20,347.00,"6,940.00"
2020-06-30,2020063001001326,EIC,48,26,100,347.00,"34,700.00"
2020-06-30,2020063001001347,FMDBL,33,41,50,410.00,"20,500.00"
2020-06-30,2020063001001408,GBIME,55,6,85,236.00,"20,060.00"
2020-06-30,2020063001001402,GBIME,53,13,50,239.00,"11,950.00"
2020-06-30,2020063001001389,GBIME,53,13,50,239.00,"11,950.00"
2020-06-30,2020063001001388,GBIME,53,5,200,238.00,"47,600.00"
2020-06-30,2020063001001370,GBIME,17,13,100,239.00,"23,900.00"
2020-06-30,2020063001001369,GBIME,17,40,160,239.00,"38,240.00"
2020-06-30,2020063001000958,GBIME,17,10,871,232.00,"202,072.00"
2020-06-30,2020063001000957,GBIME,42,10,70,235.00,"16,450.00"
2020-06-30,2020063001000931,GBIME,17,10,129,232.00,"29,928.00"
2020-06-30,2020063001001028,GBIME,17,10,500,232.00,"116,000.00"
2020-06-30,2020063001001027,GBIME,17,10,241,232.00,"55,912.00"
2020-06-30,2020063001001026,GBIME,8,10,60,233.00,"13,980.00"
2020-06-30,2020063001000983,GBIME,42,55,200,236.00,"47,200.00"
2020-06-30,2020063001000977,GBIME,5,52,500,235.00,"117,500.00"
2020-06-30,2020063001000959,GBIME,17,10,259,232.00,"60,088.00"
2020-06-30,2020063001001151,GBIME,41,26,50,231.00,"11,550.00"
2020-06-30,2020063001001150,GBIME,21,26,100,231.00,"23,100.00"
2020-06-30,2020063001001149,GBIME,59,26,50,231.00,"11,550.00"
2020-06-30,2020063001001130,GBIME,42,34,21,233.00,"4,893.00"
2020-06-30,2020063001001129,GBIME,42,10,79,232.00,"18,328.00"
2020-06-30,2020063001001079,GBIME,45,10,100,232.00,"23,200.00"
2020-06-30,2020063001001328,GBIME,1,40,740,239.00,"176,860.00"
2020-06-30,2020063001001327,GBIME,1,55,260,236.00,"61,360.00"
2020-06-30,2020063001001283,GBIME,32,55,10,236.00,"2,360.00"
2020-06-30,2020063001001282,GBIME,32,6,65,235.00,"15,275.00"
2020-06-30,2020063001001222,GBIME,42,59,21,232.00,"4,872.00"
2020-06-30,2020063001001158,GBIME,42,34,29,232.00,"6,728.00"
2020-06-30,2020063001001064,GBLBS,8,10,100,385.00,"38,500.00"
2020-06-30,2020063001001052,GBLBS,26,10,200,386.00,"77,200.00"
2020-06-30,2020063001001002,GBLBS,38,44,705,387.00,"272,835.00"
2020-06-30,2020063001001387,GLICL,13,45,85,400.00,"34,000.00"
2020-06-30,2020063001001386,GLICL,17,45,15,400.00,"6,000.00"
2020-06-30,2020063001001248,GLICL,17,50,35,400.00,"14,000.00"
2020-06-30,2020063001001247,GLICL,51,50,15,402.00,"6,030.00"
2020-06-30,2020063001001136,GLICL,10,59,70,403.00,"28,210.00"
2020-06-30,2020063001001014,GLICL,38,26,100,404.00,"40,400.00"
2020-06-30,2020063001001409,HDL,14,4,130,"1,432.00","186,160.00"
2020-06-30,2020063001001399,HDL,14,45,100,"1,432.00","143,200.00"
2020-06-30,2020063001001394,HDL,14,43,60,"1,432.00","85,920.00"
2020-06-30,2020063001001381,HDL,14,4,210,"1,432.00","300,720.00"
2020-06-30,2020063001001372,HDL,5,55,50,"1,427.00","71,350.00"
2020-06-30,2020063001001362,HDL,39,4,100,"1,432.00","143,200.00"
2020-06-30,2020063001000922,HDL,5,45,100,"1,428.00","142,800.00"
2020-06-30,2020063001001054,HDL,46,25,140,"1,424.00","199,360.00"
2020-06-30,2020063001000990,HDL,58,58,50,"1,428.00","71,400.00"
2020-06-30,2020063001000965,HDL,55,58,200,"1,428.00","285,600.00"
2020-06-30,2020063001000964,HDL,14,58,200,"1,428.00","285,600.00"
2020-06-30,2020063001000926,HDL,14,58,200,"1,428.00","285,600.00"
