Date,Transact. No.,Symbol,Buyer,Seller,Quantity,Rate,Amount
2020-10-01,2020100104003550,CMF1,43,16,100,10.11,"1,011.00"
2020-10-01,2020100104003170,CMF1,42,7,100,10.12,"1,012.00"
2020-10-01,2020100104003572,GIMES1,19,46,"6,000",9.34,"56,040.00"
2020-10-01,2020100104003565,LUK,22,25,700,8.95,"6,265.00"
2020-10-01,2020100104003551,LUK,22,52,"1,000",8.95,"8,950.00"
2020-10-01,2020100104003433,LUK,22,38,"1,000",8.95,"8,950.00"
2020-10-01,2020100104003424,LUK,22,10,"3,000",8.95,"26,850.00"
2020-10-01,2020100104003588,NBF2,56,21,100,8.97,897.00
2020-10-01,2020100104003261,NBF2,58,42,100,8.97,897.00
2020-10-01,2020100104003656,NEF,56,1,100,8.90,890.00
2020-10-01,2020100104003655,NEF,6,1,"4,000",8.90,"35,600.00"
2020-10-01,2020100104003654,NEF,6,1,181,8.90,"1,610.90"
2020-10-01,2020100104003648,NEF,6,55,483,8.90,"4,298.70"
2020-10-01,2020100104003411,NEF,6,55,966,8.90,"8,597.40"
2020-10-01,2020100104003247,NEF,6,25,633,8.90,"5,633.70"
2020-10-01,2020100104003639,NIBLPF,19,4,"3,485",8.95,"31,190.75"
2020-10-01,2020100104003638,NIBLPF,19,26,"2,588",8.94,"23,136.72"
2020-10-01,2020100104003486,NIBLPF,50,11,"2,525",8.81,"22,245.25"
2020-10-01,2020100104003440,NIBPO,34,6,500,360.00,"180,000.00"
2020-10-01,2020100104003313,NIBPO,28,49,258,363.00,"93,654.00"
2020-10-01,2020100104003303,NIBPO,28,49,742,360.00,"267,120.00"
2020-10-01,2020100104003268,NIBPO,22,49,100,360.00,"36,000.00"
2020-10-01,2020100104003267,NIBPO,55,49,500,360.00,"180,000.00"
2020-10-01,2020100104003266,NIBPO,13,49,"3,000",360.00,"1,080,000.00"
2020-10-01,2020100104003265,NIBPO,34,49,58,360.00,"20,880.00"
2020-10-01,2020100104003264,NIBPO,22,49,300,361.00,"108,300.00"
2020-10-01,2020100104003263,NIBPO,55,49,300,361.00,"108,300.00"
2020-10-01,2020100104003238,NICGF,34,7,100,9.60,960.00
2020-10-01,2020100104003353,NMB50,34,42,500,9.47,"4,735.00"
2020-10-01,2020100104003644,RBCLPO,33,44,50,"10,330.00","516,500.00"
2020-10-01,2020100104003643,RBCLPO,49,44,10,"10,331.00","103,310.00"
2020-10-01,2020100104003642,RBCLPO,17,44,10,"10,332.00","103,320.00"
2020-10-01,2020100104003482,RBCLPO,33,44,30,"10,500.00","315,000.00"
2020-10-01,2020100104003481,RBCLPO,33,43,50,"10,500.00","525,000.00"
2020-10-01,2020100104003480,RBCLPO,33,33,20,"10,490.00","209,800.00"
2020-10-01,2020100104003253,RBCLPO,33,32,20,"10,450.00","209,000.00"
2020-10-01,2020100104003252,RBCLPO,33,32,10,"10,450.00","104,500.00"
2020-10-01,2020100104003479,RBCLPO,33,32,20,"10,480.00","209,600.00"
2020-10-01,2020100104003478,RBCLPO,33,51,10,"10,479.00","104,790.00"
2020-10-01,2020100104003477,RBCLPO,33,34,20,"10,478.00","209,560.00"
2020-10-01,2020100104003476,RBCLPO,33,51,10,"10,477.00","104,770.00"
2020-10-01,2020100104003475,RBCLPO,33,32,20,"10,450.00","209,000.00"
2020-10-01,2020100104003403,RBCLPO,33,33,20,"10,400.00","208,000.00"
2020-10-01,2020100104003657,RLI,5,28,10,630.00,"6,300.00"
2020-10-01,2020100104003653,RLI,5,42,10,630.00,"6,300.00"
2020-10-01,2020100104003652,RLI,45,40,10,630.00,"6,300.00"
2020-10-01,2020100104003651,RLI,45,36,80,630.00,"50,400.00"
2020-10-01,2020100104003650,RLI,45,35,10,630.00,"6,300.00"
2020-10-01,2020100104003649,RLI,45,5,40,630.00,"25,200.00"
2020-10-01,2020100104003163,RLI,34,58,10,630.00,"6,300.00"
2020-10-01,2020100104003162,RLI,34,6,10,630.00,"6,300.00"
2020-10-01,2020100104003161,RLI,34,54,10,630.00,"6,300.00"
2020-10-01,2020100104003160,RLI,34,56,10,630.00,"6,300.00"
2020-10-01,2020100104003159,RLI,34,21,10,630.00,"6,300.00"
2020-10-01,2020100104003158,RLI,34,47,10,630.00,"6,300.00"
2020-10-01,2020100104003169,RLI,34,52,10,630.00,"6,300.00"
2020-10-01,2020100104003168,RLI,34,6,10,630.00,"6,300.00"
2020-10-01,2020100104003167,RLI,34,47,10,630.00,"6,300.00"
2020-10-01,2020100104003166,RLI,34,49,10,630.00,"6,300.00"
2020-10-01,2020100104003165,RLI,34,54,10,630.00,"6,300.00"
2020-10-01,2020100104003164,RLI,34,40,10,630.00,"6,300.00"
2020-10-01,2020100104003176,RLI,34,34,10,630.00,"6,300.00"
2020-10-01,2020100104003175,RLI,34,59,10,630.00,"6,300.00"
2020-10-01,2020100104003174,RLI,34,52,10,630.00,"6,300.00"
2020-10-01,2020100104003173,RLI,34,34,10,630.00,"6,300.00"
2020-10-01,2020100104003172,RLI,34,14,10,630.00,"6,300.00"
2020-10-01,2020100104003171,RLI,34,28,10,630.00,"6,300.00"
2020-10-01,2020100104003182,RLI,34,20,10,630.00,"6,300.00"
2020-10-01,2020100104003181,RLI,34,56,10,630.00,"6,300.00"
2020-10-01,2020100104003180,RLI,34,34,10,630.00,"6,300.00"
2020-10-01,2020100104003179,RLI,34,17,10,630.00,"6,300.00"
2020-10-01,2020100104003178,RLI,34,40,10,630.00,"6,300.00"
2020-10-01,2020100104003177,RLI,34,51,10,630.00,"6,300.00"
2020-10-01,2020100104003188,RLI,58,58,10,631.00,"6,310.00"
2020-10-01,2020100104003187,RLI,34,34,10,630.00,"6,300.00"
2020-10-01,2020100104003186,RLI,34,42,10,630.00,"6,300.00"
2020-10-01,2020100104003185,RLI,34,49,10,630.00,"6,300.00"
2020-10-01,2020100104003184,RLI,34,17,10,630.00,"6,300.00"
2020-10-01,2020100104003183,RLI,34,47,10,630.00,"6,300.00"
2020-10-01,2020100104003194,RLI,58,58,10,631.00,"6,310.00"
2020-10-01,2020100104003193,RLI,58,58,10,631.00,"6,310.00"
2020-10-01,2020100104003192,RLI,58,58,10,631.00,"6,310.00"
2020-10-01,2020100104003191,RLI,58,39,10,631.00,"6,310.00"
2020-10-01,2020100104003190,RLI,58,55,10,631.00,"6,310.00"
2020-10-01,2020100104003189,RLI,58,39,10,631.00,"6,310.00"
2020-10-01,2020100104003200,RLI,34,20,10,630.00,"6,300.00"
2020-10-01,2020100104003199,RLI,34,58,10,630.00,"6,300.00"
2020-10-01,2020100104003198,RLI,34,13,10,630.00,"6,300.00"
2020-10-01,2020100104003197,RLI,34,17,10,630.00,"6,300.00"
2020-10-01,2020100104003196,RLI,34,56,10,630.00,"6,300.00"
2020-10-01,2020100104003195,RLI,34,58,10,630.00,"6,300.00"
2020-10-01,2020100104003206,RLI,52,8,10,631.00,"6,310.00"
2020-10-01,2020100104003205,RLI,52,34,280,631.00,"176,680.00"
2020-10-01,2020100104003204,RLI,52,40,10,631.00,"6,310.00"
2020-10-01,2020100104003203,RLI,52,58,10,631.00,"6,310.00"
2020-10-01,2020100104003202,RLI,52,22,10,631.00,"6,310.00"
2020-10-01,2020100104003201,RLI,34,52,10,630.00,"6,300.00"
2020-10-01,2020100104003212,RLI,52,34,10,632.00,"6,320.00"
2020-10-01,2020100104003211,RLI,52,39,10,632.00,"6,320.00"
2020-10-01,2020100104003210,RLI,52,8,10,632.00,"6,320.00"
2020-10-01,2020100104003209,RLI,52,29,10,632.00,"6,320.00"
2020-10-01,2020100104003208,RLI,52,29,10,632.00,"6,320.00"
2020-10-01,2020100104003207,RLI,52,42,10,631.00,"6,310.00"
2020-10-01,2020100104003218,RLI,52,40,10,632.00,"6,320.00"
2020-10-01,2020100104003217,RLI,52,39,10,632.00,"6,320.00"
2020-10-01,2020100104003216,RLI,52,5,10,632.00,"6,320.00"
2020-10-01,2020100104003215,RLI,52,43,10,632.00,"6,320.00"
2020-10-01,2020100104003214,RLI,52,3,10,632.00,"6,320.00"
2020-10-01,2020100104003213,RLI,52,5,10,632.00,"6,320.00"
2020-10-01,2020100104003224,RLI,52,41,10,633.00,"6,330.00"
2020-10-01,2020100104003223,RLI,52,8,10,633.00,"6,330.00"
2020-10-01,2020100104003222,RLI,52,56,10,633.00,"6,330.00"
2020-10-01,2020100104003221,RLI,52,22,10,633.00,"6,330.00"
2020-10-01,2020100104003220,RLI,52,7,10,633.00,"6,330.00"
2020-10-01,2020100104003219,RLI,52,52,10,633.00,"6,330.00"
2020-10-01,2020100104003231,RLI,34,6,10,630.00,"6,300.00"
2020-10-01,2020100104003230,RLI,34,40,10,630.00,"6,300.00"
2020-10-01,2020100104003229,RLI,34,28,10,630.00,"6,300.00"
2020-10-01,2020100104003228,RLI,34,21,10,630.00,"6,300.00"
2020-10-01,2020100104003227,RLI,34,56,10,630.00,"6,300.00"
2020-10-01,2020100104003225,RLI,52,29,10,633.00,"6,330.00"
2020-10-01,2020100104003237,RLI,36,40,10,630.00,"6,300.00"
2020-10-01,2020100104003236,RLI,36,28,10,630.00,"6,300.00"
2020-10-01,2020100104003235,RLI,36,45,10,630.00,"6,300.00"
2020-10-01,2020100104003234,RLI,34,56,10,630.00,"6,300.00"
2020-10-01,2020100104003233,RLI,34,29,10,630.00,"6,300.00"
2020-10-01,2020100104003232,RLI,34,28,10,630.00,"6,300.00"
2020-10-01,2020100104003244,RLI,36,34,10,630.00,"6,300.00"
2020-10-01,2020100104003243,RLI,36,56,10,630.00,"6,300.00"
2020-10-01,2020100104003242,RLI,36,47,10,630.00,"6,300.00"
2020-10-01,2020100104003241,RLI,36,45,10,630.00,"6,300.00"
2020-10-01,2020100104003240,RLI,36,59,10,630.00,"6,300.00"
2020-10-01,2020100104003239,RLI,36,28,10,630.00,"6,300.00"
2020-10-01,2020100104003251,RLI,51,17,10,630.00,"6,300.00"
2020-10-01,2020100104003250,RLI,51,28,10,630.00,"6,300.00"
2020-10-01,2020100104003249,RLI,51,34,10,630.00,"6,300.00"
2020-10-01,2020100104003248,RLI,51,34,10,630.00,"6,300.00"
2020-10-01,2020100104003246,RLI,51,22,10,630.00,"6,300.00"
2020-10-01,2020100104003245,RLI,36,28,10,630.00,"6,300.00"
2020-10-01,2020100104003259,RLI,55,59,10,631.00,"6,310.00"
2020-10-01,2020100104003258,RLI,55,37,10,631.00,"6,310.00"
2020-10-01,2020100104003257,RLI,55,42,10,631.00,"6,310.00"
2020-10-01,2020100104003256,RLI,55,56,10,631.00,"6,310.00"
2020-10-01,2020100104003255,RLI,55,59,10,631.00,"6,310.00"
2020-10-01,2020100104003254,RLI,55,56,10,631.00,"6,310.00"
2020-10-01,2020100104003272,RLI,44,49,10,631.00,"6,310.00"
2020-10-01,2020100104003271,RLI,44,58,10,631.00,"6,310.00"
2020-10-01,2020100104003270,RLI,51,26,10,630.00,"6,300.00"
2020-10-01,2020100104003269,RLI,51,40,10,630.00,"6,300.00"
2020-10-01,2020100104003262,RLI,51,26,10,630.00,"6,300.00"
2020-10-01,2020100104003260,RLI,55,43,10,632.00,"6,320.00"
2020-10-01,2020100104003280,RLI,19,34,10,631.00,"6,310.00"
2020-10-01,2020100104003279,RLI,19,47,10,631.00,"6,310.00"
2020-10-01,2020100104003278,RLI,19,47,10,631.00,"6,310.00"
2020-10-01,2020100104003275,RLI,34,26,10,630.00,"6,300.00"
2020-10-01,2020100104003274,RLI,51,26,10,630.00,"6,300.00"
2020-10-01,2020100104003273,RLI,44,34,10,631.00,"6,310.00"
2020-10-01,2020100104003286,RLI,52,16,10,631.00,"6,310.00"
2020-10-01,2020100104003285,RLI,52,34,10,631.00,"6,310.00"
2020-10-01,2020100104003284,RLI,52,48,10,631.00,"6,310.00"
2020-10-01,2020100104003283,RLI,52,38,10,631.00,"6,310.00"
2020-10-01,2020100104003282,RLI,34,49,10,630.00,"6,300.00"
2020-10-01,2020100104003281,RLI,19,52,10,631.00,"6,310.00"
2020-10-01,2020100104003292,RLI,56,58,10,631.00,"6,310.00"
2020-10-01,2020100104003291,RLI,52,20,10,631.00,"6,310.00"
2020-10-01,2020100104003290,RLI,52,20,10,631.00,"6,310.00"
2020-10-01,2020100104003289,RLI,52,29,10,631.00,"6,310.00"
2020-10-01,2020100104003288,RLI,52,6,10,631.00,"6,310.00"
2020-10-01,2020100104003287,RLI,52,25,10,631.00,"6,310.00"
2020-10-01,2020100104003298,RLI,56,21,10,631.00,"6,310.00"
2020-10-01,2020100104003297,RLI,56,20,10,631.00,"6,310.00"
2020-10-01,2020100104003296,RLI,56,58,10,631.00,"6,310.00"
2020-10-01,2020100104003295,RLI,56,39,10,631.00,"6,310.00"
2020-10-01,2020100104003294,RLI,56,20,10,631.00,"6,310.00"
2020-10-01,2020100104003293,RLI,56,20,10,631.00,"6,310.00"
2020-10-01,2020100104003305,RLI,34,21,10,630.00,"6,300.00"
2020-10-01,2020100104003304,RLI,34,20,10,630.00,"6,300.00"
2020-10-01,2020100104003302,RLI,56,8,150,631.00,"94,650.00"
2020-10-01,2020100104003301,RLI,56,20,10,631.00,"6,310.00"
2020-10-01,2020100104003300,RLI,56,52,10,631.00,"6,310.00"
2020-10-01,2020100104003299,RLI,56,47,10,631.00,"6,310.00"
2020-10-01,2020100104003314,RLI,34,20,10,630.00,"6,300.00"
2020-10-01,2020100104003312,RLI,34,45,10,630.00,"6,300.00"
2020-10-01,2020100104003311,RLI,34,20,10,630.00,"6,300.00"
2020-10-01,2020100104003309,RLI,34,39,10,630.00,"6,300.00"
2020-10-01,2020100104003307,RLI,34,45,10,630.00,"6,300.00"
2020-10-01,2020100104003306,RLI,34,20,10,630.00,"6,300.00"
2020-10-01,2020100104003320,RLI,33,47,10,630.00,"6,300.00"
2020-10-01,2020100104003319,RLI,3,8,10,631.00,"6,310.00"
2020-10-01,2020100104003318,RLI,33,45,10,630.00,"6,300.00"
2020-10-01,2020100104003317,RLI,33,56,10,630.00,"6,300.00"
2020-10-01,2020100104003316,RLI,33,20,10,630.00,"6,300.00"
2020-10-01,2020100104003315,RLI,33,47,10,630.00,"6,300.00"
2020-10-01,2020100104003326,RLI,32,56,10,630.00,"6,300.00"
2020-10-01,2020100104003325,RLI,18,39,10,630.00,"6,300.00"
2020-10-01,2020100104003324,RLI,18,42,10,630.00,"6,300.00"
2020-10-01,2020100104003323,RLI,18,45,10,630.00,"6,300.00"
2020-10-01,2020100104003322,RLI,18,40,10,630.00,"6,300.00"
2020-10-01,2020100104003321,RLI,18,1,10,630.00,"6,300.00"
2020-10-01,2020100104003332,RLI,35,47,10,630.00,"6,300.00"
2020-10-01,2020100104003331,RLI,35,42,10,630.00,"6,300.00"
2020-10-01,2020100104003330,RLI,35,58,10,630.00,"6,300.00"
2020-10-01,2020100104003329,RLI,3,8,10,631.00,"6,310.00"
2020-10-01,2020100104003328,RLI,32,56,10,630.00,"6,300.00"
2020-10-01,2020100104003327,RLI,32,49,10,630.00,"6,300.00"
2020-10-01,2020100104003338,RLI,35,56,10,630.00,"6,300.00"
2020-10-01,2020100104003337,RLI,35,38,10,630.00,"6,300.00"
2020-10-01,2020100104003336,RLI,35,17,10,630.00,"6,300.00"
2020-10-01,2020100104003335,RLI,35,45,10,630.00,"6,300.00"
2020-10-01,2020100104003334,RLI,35,45,10,630.00,"6,300.00"
2020-10-01,2020100104003333,RLI,35,56,10,630.00,"6,300.00"
2020-10-01,2020100104003344,RLI,35,47,10,630.00,"6,300.00"
2020-10-01,2020100104003343,RLI,35,58,10,630.00,"6,300.00"
2020-10-01,2020100104003342,RLI,35,45,10,630.00,"6,300.00"
2020-10-01,2020100104003341,RLI,35,16,10,630.00,"6,300.00"
2020-10-01,2020100104003340,RLI,35,48,10,630.00,"6,300.00"
2020-10-01,2020100104003339,RLI,35,49,10,630.00,"6,300.00"
2020-10-01,2020100104003350,RLI,35,6,10,630.00,"6,300.00"
2020-10-01,2020100104003349,RLI,35,45,10,630.00,"6,300.00"
2020-10-01,2020100104003348,RLI,35,16,10,630.00,"6,300.00"
2020-10-01,2020100104003347,RLI,35,45,10,630.00,"6,300.00"
2020-10-01,2020100104003346,RLI,35,49,10,630.00,"6,300.00"
2020-10-01,2020100104003345,RLI,3,8,10,631.00,"6,310.00"
2020-10-01,2020100104003358,RLI,46,58,10,631.00,"6,310.00"
2020-10-01,2020100104003357,RLI,46,22,10,631.00,"6,310.00"
2020-10-01,2020100104003356,RLI,46,8,30,631.00,"18,930.00"
2020-10-01,2020100104003355,RLI,35,42,10,630.00,"6,300.00"
2020-10-01,2020100104003354,RLI,35,44,10,630.00,"6,300.00"
2020-10-01,2020100104003352,RLI,35,49,10,630.00,"6,300.00"
2020-10-01,2020100104003364,RLI,44,48,10,631.00,"6,310.00"
2020-10-01,2020100104003363,RLI,44,42,10,631.00,"6,310.00"
2020-10-01,2020100104003362,RLI,3,21,10,632.00,"6,320.00"
2020-10-01,2020100104003361,RLI,44,40,10,631.00,"6,310.00"
2020-10-01,2020100104003360,RLI,46,38,10,631.00,"6,310.00"
2020-10-01,2020100104003359,RLI,46,22,10,631.00,"6,310.00"
2020-10-01,2020100104003370,RLI,35,49,10,630.00,"6,300.00"
2020-10-01,2020100104003369,RLI,35,1,10,630.00,"6,300.00"
2020-10-01,2020100104003368,RLI,44,41,10,631.00,"6,310.00"
2020-10-01,2020100104003367,RLI,44,59,10,631.00,"6,310.00"
2020-10-01,2020100104003366,RLI,44,49,10,631.00,"6,310.00"
2020-10-01,2020100104003365,RLI,44,44,10,631.00,"6,310.00"
2020-10-01,2020100104003376,RLI,35,44,10,630.00,"6,300.00"
2020-10-01,2020100104003375,RLI,58,49,10,631.00,"6,310.00"
2020-10-01,2020100104003374,RLI,58,1,10,631.00,"6,310.00"
2020-10-01,2020100104003373,RLI,58,26,10,631.00,"6,310.00"
2020-10-01,2020100104003372,RLI,58,45,10,631.00,"6,310.00"
2020-10-01,2020100104003371,RLI,58,38,10,631.00,"6,310.00"
2020-10-01,2020100104003382,RLI,52,42,10,631.00,"6,310.00"
2020-10-01,2020100104003381,RLI,52,49,10,631.00,"6,310.00"
2020-10-01,2020100104003380,RLI,52,33,20,631.00,"12,620.00"
2020-10-01,2020100104003379,RLI,52,56,10,631.00,"6,310.00"
2020-10-01,2020100104003378,RLI,52,48,10,631.00,"6,310.00"
2020-10-01,2020100104003377,RLI,52,37,10,631.00,"6,310.00"
2020-10-01,2020100104003388,RLI,35,59,10,630.00,"6,300.00"
2020-10-01,2020100104003387,RLI,35,17,10,630.00,"6,300.00"
2020-10-01,2020100104003386,RLI,35,42,10,630.00,"6,300.00"
2020-10-01,2020100104003385,RLI,52,17,10,631.00,"6,310.00"
2020-10-01,2020100104003384,RLI,52,38,10,631.00,"6,310.00"
2020-10-01,2020100104003383,RLI,52,14,10,631.00,"6,310.00"
2020-10-01,2020100104003394,RLI,38,58,10,631.00,"6,310.00"
2020-10-01,2020100104003393,RLI,38,47,10,631.00,"6,310.00"
2020-10-01,2020100104003392,RLI,38,42,10,631.00,"6,310.00"
2020-10-01,2020100104003391,RLI,38,47,10,631.00,"6,310.00"
2020-10-01,2020100104003390,RLI,35,49,10,630.00,"6,300.00"
2020-10-01,2020100104003389,RLI,35,47,10,630.00,"6,300.00"
2020-10-01,2020100104003400,RLI,38,59,10,631.00,"6,310.00"
2020-10-01,2020100104003399,RLI,38,45,10,631.00,"6,310.00"
2020-10-01,2020100104003398,RLI,38,44,10,631.00,"6,310.00"
2020-10-01,2020100104003397,RLI,38,47,10,631.00,"6,310.00"
2020-10-01,2020100104003396,RLI,38,34,10,631.00,"6,310.00"
2020-10-01,2020100104003395,RLI,38,3,10,631.00,"6,310.00"
2020-10-01,2020100104003407,RLI,35,59,10,630.00,"6,300.00"
2020-10-01,2020100104003406,RLI,35,47,10,630.00,"6,300.00"
2020-10-01,2020100104003405,RLI,35,48,10,630.00,"6,300.00"
2020-10-01,2020100104003404,RLI,35,38,10,630.00,"6,300.00"
2020-10-01,2020100104003402,RLI,35,47,10,630.00,"6,300.00"
2020-10-01,2020100104003401,RLI,35,58,10,630.00,"6,300.00"
2020-10-01,2020100104003414,RLI,21,35,10,631.00,"6,310.00"
2020-10-01,2020100104003413,RLI,21,22,10,631.00,"6,310.00"
2020-10-01,2020100104003412,RLI,21,38,10,631.00,"6,310.00"
2020-10-01,2020100104003410,RLI,35,28,10,630.00,"6,300.00"
2020-10-01,2020100104003409,RLI,44,38,10,631.00,"6,310.00"
2020-10-01,2020100104003408,RLI,44,35,10,631.00,"6,310.00"
2020-10-01,2020100104003420,RLI,21,8,10,631.00,"6,310.00"
2020-10-01,2020100104003419,RLI,21,59,10,631.00,"6,310.00"
2020-10-01,2020100104003418,RLI,21,49,10,631.00,"6,310.00"
2020-10-01,2020100104003417,RLI,21,42,10,631.00,"6,310.00"
2020-10-01,2020100104003416,RLI,21,26,10,631.00,"6,310.00"
2020-10-01,2020100104003415,RLI,21,58,10,631.00,"6,310.00"
2020-10-01,2020100104003427,RLI,21,8,10,631.00,"6,310.00"
2020-10-01,2020100104003426,RLI,21,45,10,631.00,"6,310.00"
2020-10-01,2020100104003425,RLI,21,59,10,631.00,"6,310.00"
2020-10-01,2020100104003423,RLI,21,58,10,631.00,"6,310.00"
2020-10-01,2020100104003422,RLI,21,45,10,631.00,"6,310.00"
2020-10-01,2020100104003421,RLI,21,41,10,631.00,"6,310.00"
2020-10-01,2020100104003434,RLI,21,6,10,631.00,"6,310.00"
2020-10-01,2020100104003432,RLI,21,6,10,631.00,"6,310.00"
2020-10-01,2020100104003431,RLI,21,8,10,631.00,"6,310.00"
2020-10-01,2020100104003430,RLI,21,38,10,631.00,"6,310.00"
2020-10-01,2020100104003429,RLI,21,41,10,631.00,"6,310.00"
2020-10-01,2020100104003428,RLI,21,17,10,631.00,"6,310.00"
2020-10-01,2020100104003441,RLI,49,39,10,632.00,"6,320.00"
2020-10-01,2020100104003439,RLI,21,38,10,631.00,"6,310.00"
2020-10-01,2020100104003438,RLI,21,58,10,631.00,"6,310.00"
2020-10-01,2020100104003437,RLI,21,11,10,631.00,"6,310.00"
2020-10-01,2020100104003436,RLI,21,8,10,631.00,"6,310.00"
2020-10-01,2020100104003435,RLI,21,38,10,631.00,"6,310.00"
2020-10-01,2020100104003447,RLI,21,48,10,631.00,"6,310.00"
2020-10-01,2020100104003446,RLI,21,40,10,631.00,"6,310.00"
2020-10-01,2020100104003445,RLI,49,17,10,632.00,"6,320.00"
2020-10-01,2020100104003444,RLI,49,4,10,632.00,"6,320.00"
2020-10-01,2020100104003443,RLI,49,35,10,632.00,"6,320.00"
2020-10-01,2020100104003442,RLI,49,35,10,632.00,"6,320.00"
2020-10-01,2020100104003453,RLI,21,41,10,631.00,"6,310.00"
2020-10-01,2020100104003452,RLI,21,6,10,631.00,"6,310.00"
2020-10-01,2020100104003451,RLI,21,47,10,631.00,"6,310.00"
2020-10-01,2020100104003450,RLI,21,26,10,631.00,"6,310.00"
2020-10-01,2020100104003449,RLI,21,33,10,631.00,"6,310.00"
2020-10-01,2020100104003448,RLI,21,59,10,631.00,"6,310.00"
2020-10-01,2020100104003459,RLI,21,21,10,631.00,"6,310.00"
2020-10-01,2020100104003458,RLI,21,43,10,631.00,"6,310.00"
2020-10-01,2020100104003457,RLI,21,58,10,631.00,"6,310.00"
2020-10-01,2020100104003456,RLI,21,59,10,631.00,"6,310.00"
2020-10-01,2020100104003455,RLI,21,36,10,631.00,"6,310.00"
2020-10-01,2020100104003454,RLI,21,38,10,631.00,"6,310.00"
2020-10-01,2020100104003465,RLI,21,3,10,631.00,"6,310.00"
2020-10-01,2020100104003464,RLI,21,38,10,631.00,"6,310.00"
2020-10-01,2020100104003463,RLI,21,17,10,631.00,"6,310.00"
2020-10-01,2020100104003462,RLI,21,40,10,631.00,"6,310.00"
2020-10-01,2020100104003461,RLI,21,47,10,631.00,"6,310.00"
2020-10-01,2020100104003460,RLI,21,40,10,631.00,"6,310.00"
2020-10-01,2020100104003471,RLI,3,5,10,632.00,"6,320.00"
2020-10-01,2020100104003470,RLI,3,36,10,631.00,"6,310.00"
2020-10-01,2020100104003469,RLI,21,45,10,631.00,"6,310.00"
2020-10-01,2020100104003468,RLI,21,43,10,631.00,"6,310.00"
2020-10-01,2020100104003467,RLI,21,49,10,631.00,"6,310.00"
2020-10-01,2020100104003466,RLI,21,58,10,631.00,"6,310.00"
2020-10-01,2020100104003485,RLI,35,3,10,630.00,"6,300.00"
2020-10-01,2020100104003484,RLI,35,58,10,630.00,"6,300.00"
2020-10-01,2020100104003483,RLI,35,21,10,630.00,"6,300.00"
2020-10-01,2020100104003474,RLI,35,3,10,630.00,"6,300.00"
2020-10-01,2020100104003473,RLI,19,59,10,631.00,"6,310.00"
2020-10-01,2020100104003472,RLI,35,44,10,630.00,"6,300.00"
2020-10-01,2020100104003492,RLI,35,14,10,630.00,"6,300.00"
2020-10-01,2020100104003491,RLI,35,29,10,630.00,"6,300.00"
2020-10-01,2020100104003490,RLI,35,38,10,630.00,"6,300.00"
2020-10-01,2020100104003489,RLI,35,40,10,630.00,"6,300.00"
2020-10-01,2020100104003488,RLI,19,58,10,631.00,"6,310.00"
2020-10-01,2020100104003487,RLI,35,49,10,630.00,"6,300.00"
2020-10-01,2020100104003498,RLI,34,36,10,630.00,"6,300.00"
2020-10-01,2020100104003497,RLI,34,58,10,630.00,"6,300.00"
2020-10-01,2020100104003496,RLI,34,58,10,630.00,"6,300.00"
2020-10-01,2020100104003495,RLI,34,6,10,630.00,"6,300.00"
2020-10-01,2020100104003494,RLI,34,21,10,630.00,"6,300.00"
2020-10-01,2020100104003493,RLI,35,40,10,630.00,"6,300.00"
2020-10-01,2020100104003504,RLI,34,49,10,630.00,"6,300.00"
2020-10-01,2020100104003503,RLI,34,17,10,630.00,"6,300.00"
2020-10-01,2020100104003502,RLI,55,14,10,631.00,"6,310.00"
2020-10-01,2020100104003501,RLI,55,42,10,631.00,"6,310.00"
2020-10-01,2020100104003500,RLI,55,5,100,631.00,"63,100.00"
2020-10-01,2020100104003499,RLI,34,45,10,630.00,"6,300.00"
2020-10-01,2020100104003510,RLI,42,13,10,632.00,"6,320.00"
2020-10-01,2020100104003509,RLI,42,42,10,632.00,"6,320.00"
2020-10-01,2020100104003508,RLI,42,6,10,632.00,"6,320.00"
2020-10-01,2020100104003507,RLI,34,40,10,630.00,"6,300.00"
2020-10-01,2020100104003506,RLI,34,3,10,630.00,"6,300.00"
2020-10-01,2020100104003505,RLI,34,51,10,630.00,"6,300.00"
2020-10-01,2020100104003516,RLI,42,34,10,632.00,"6,320.00"
2020-10-01,2020100104003515,RLI,42,19,10,632.00,"6,320.00"
2020-10-01,2020100104003514,RLI,42,52,10,632.00,"6,320.00"
2020-10-01,2020100104003513,RLI,42,22,10,632.00,"6,320.00"
2020-10-01,2020100104003512,RLI,42,54,10,632.00,"6,320.00"
2020-10-01,2020100104003511,RLI,42,45,10,632.00,"6,320.00"
2020-10-01,2020100104003522,RLI,34,49,10,630.00,"6,300.00"
2020-10-01,2020100104003521,RLI,34,21,10,630.00,"6,300.00"
2020-10-01,2020100104003520,RLI,34,58,10,630.00,"6,300.00"
2020-10-01,2020100104003519,RLI,34,58,10,630.00,"6,300.00"
2020-10-01,2020100104003518,RLI,19,59,10,632.00,"6,320.00"
2020-10-01,2020100104003517,RLI,42,28,10,632.00,"6,320.00"
2020-10-01,2020100104003528,RLI,34,17,10,630.00,"6,300.00"
2020-10-01,2020100104003527,RLI,34,38,10,630.00,"6,300.00"
2020-10-01,2020100104003526,RLI,34,21,10,630.00,"6,300.00"
2020-10-01,2020100104003525,RLI,34,51,10,630.00,"6,300.00"
2020-10-01,2020100104003524,RLI,34,36,10,630.00,"6,300.00"
2020-10-01,2020100104003523,RLI,34,11,10,630.00,"6,300.00"
2020-10-01,2020100104003534,RLI,34,36,10,630.00,"6,300.00"
2020-10-01,2020100104003533,RLI,34,58,10,630.00,"6,300.00"
2020-10-01,2020100104003532,RLI,34,49,10,630.00,"6,300.00"
2020-10-01,2020100104003531,RLI,34,16,10,630.00,"6,300.00"
2020-10-01,2020100104003530,RLI,34,45,10,630.00,"6,300.00"
2020-10-01,2020100104003529,RLI,34,34,10,630.00,"6,300.00"
2020-10-01,2020100104003540,RLI,46,36,10,632.00,"6,320.00"
2020-10-01,2020100104003539,RLI,46,45,10,632.00,"6,320.00"
2020-10-01,2020100104003538,RLI,46,58,10,632.00,"6,320.00"
2020-10-01,2020100104003537,RLI,34,59,10,630.00,"6,300.00"
2020-10-01,2020100104003536,RLI,34,29,10,630.00,"6,300.00"
2020-10-01,2020100104003535,RLI,19,36,10,632.00,"6,320.00"
2020-10-01,2020100104003546,RLI,46,21,10,632.00,"6,320.00"
2020-10-01,2020100104003545,RLI,46,6,10,632.00,"6,320.00"
2020-10-01,2020100104003544,RLI,46,59,10,632.00,"6,320.00"
2020-10-01,2020100104003543,RLI,46,58,10,632.00,"6,320.00"
2020-10-01,2020100104003542,RLI,46,21,10,632.00,"6,320.00"
2020-10-01,2020100104003541,RLI,46,49,10,632.00,"6,320.00"
2020-10-01,2020100104003555,RLI,34,21,10,631.00,"6,310.00"
2020-10-01,2020100104003554,RLI,34,36,10,631.00,"6,310.00"
2020-10-01,2020100104003553,RLI,34,49,10,630.00,"6,300.00"
2020-10-01,2020100104003552,RLI,46,6,40,632.00,"25,280.00"
2020-10-01,2020100104003548,RLI,46,58,10,632.00,"6,320.00"
2020-10-01,2020100104003547,RLI,46,36,10,632.00,"6,320.00"
2020-10-01,2020100104003562,RLI,34,21,10,631.00,"6,310.00"
2020-10-01,2020100104003561,RLI,34,36,10,631.00,"6,310.00"
2020-10-01,2020100104003560,RLI,34,34,10,631.00,"6,310.00"
2020-10-01,2020100104003559,RLI,34,45,10,631.00,"6,310.00"
2020-10-01,2020100104003558,RLI,34,59,10,631.00,"6,310.00"
2020-10-01,2020100104003556,RLI,34,6,10,631.00,"6,310.00"
2020-10-01,2020100104003569,RLI,34,16,10,630.00,"6,300.00"
2020-10-01,2020100104003568,RLI,34,40,10,630.00,"6,300.00"
2020-10-01,2020100104003567,RLI,34,21,10,630.00,"6,300.00"
2020-10-01,2020100104003566,RLI,34,34,10,630.00,"6,300.00"
2020-10-01,2020100104003564,RLI,34,17,10,631.00,"6,310.00"
2020-10-01,2020100104003563,RLI,34,44,10,631.00,"6,310.00"
2020-10-01,2020100104003576,RLI,35,49,10,631.00,"6,310.00"
2020-10-01,2020100104003575,RLI,35,34,10,631.00,"6,310.00"
2020-10-01,2020100104003574,RLI,35,59,10,631.00,"6,310.00"
2020-10-01,2020100104003573,RLI,35,38,10,631.00,"6,310.00"
2020-10-01,2020100104003571,RLI,34,21,10,630.00,"6,300.00"
2020-10-01,2020100104003570,RLI,34,28,10,630.00,"6,300.00"
2020-10-01,2020100104003582,RLI,35,21,10,631.00,"6,310.00"
2020-10-01,2020100104003581,RLI,35,4,10,631.00,"6,310.00"
2020-10-01,2020100104003580,RLI,35,47,10,631.00,"6,310.00"
2020-10-01,2020100104003579,RLI,35,40,10,631.00,"6,310.00"
2020-10-01,2020100104003578,RLI,35,49,10,631.00,"6,310.00"
2020-10-01,2020100104003577,RLI,35,16,10,631.00,"6,310.00"
2020-10-01,2020100104003590,RLI,19,25,10,631.00,"6,310.00"
2020-10-01,2020100104003589,RLI,19,28,10,631.00,"6,310.00"
2020-10-01,2020100104003586,RLI,34,21,10,630.00,"6,300.00"
2020-10-01,2020100104003585,RLI,44,29,10,631.00,"6,310.00"
2020-10-01,2020100104003584,RLI,44,16,10,631.00,"6,310.00"
2020-10-01,2020100104003583,RLI,44,17,10,631.00,"6,310.00"
2020-10-01,2020100104003598,RLI,34,58,10,630.00,"6,300.00"
2020-10-01,2020100104003597,RLI,34,21,10,630.00,"6,300.00"
2020-10-01,2020100104003594,RLI,50,6,30,632.00,"18,960.00"
2020-10-01,2020100104003593,RLI,34,26,10,630.00,"6,300.00"
2020-10-01,2020100104003592,RLI,34,29,10,630.00,"6,300.00"
2020-10-01,2020100104003591,RLI,19,38,10,631.00,"6,310.00"
2020-10-01,2020100104003606,RLI,34,32,10,630.00,"6,300.00"
2020-10-01,2020100104003605,RLI,34,42,10,630.00,"6,300.00"
2020-10-01,2020100104003604,RLI,34,40,10,630.00,"6,300.00"
2020-10-01,2020100104003603,RLI,34,6,10,630.00,"6,300.00"
2020-10-01,2020100104003602,RLI,34,42,10,630.00,"6,300.00"
2020-10-01,2020100104003599,RLI,34,42,10,630.00,"6,300.00"
2020-10-01,2020100104003612,RLI,42,42,10,630.00,"6,300.00"
2020-10-01,2020100104003611,RLI,42,29,10,630.00,"6,300.00"
2020-10-01,2020100104003610,RLI,42,40,10,630.00,"6,300.00"
2020-10-01,2020100104003609,RLI,34,45,10,630.00,"6,300.00"
2020-10-01,2020100104003608,RLI,34,42,10,630.00,"6,300.00"
2020-10-01,2020100104003607,RLI,34,55,10,630.00,"6,300.00"
2020-10-01,2020100104003618,RLI,42,21,10,630.00,"6,300.00"
2020-10-01,2020100104003617,RLI,49,56,11,631.00,"6,941.00"
2020-10-01,2020100104003616,RLI,49,58,10,631.00,"6,310.00"
2020-10-01,2020100104003615,RLI,49,38,10,631.00,"6,310.00"
2020-10-01,2020100104003614,RLI,42,40,10,630.00,"6,300.00"
2020-10-01,2020100104003613,RLI,42,25,10,630.00,"6,300.00"
2020-10-01,2020100104003624,RLI,48,40,10,630.00,"6,300.00"
2020-10-01,2020100104003623,RLI,48,21,10,630.00,"6,300.00"
2020-10-01,2020100104003622,RLI,45,56,40,631.00,"25,240.00"
2020-10-01,2020100104003621,RLI,42,57,10,630.00,"6,300.00"
2020-10-01,2020100104003620,RLI,42,58,10,630.00,"6,300.00"
2020-10-01,2020100104003619,RLI,42,48,10,630.00,"6,300.00"
2020-10-01,2020100104003630,RLI,48,29,10,630.00,"6,300.00"
2020-10-01,2020100104003629,RLI,48,29,10,630.00,"6,300.00"
2020-10-01,2020100104003628,RLI,48,1,10,630.00,"6,300.00"
2020-10-01,2020100104003627,RLI,48,40,10,630.00,"6,300.00"
2020-10-01,2020100104003626,RLI,58,56,150,631.00,"94,650.00"
2020-10-01,2020100104003625,RLI,48,29,10,630.00,"6,300.00"
2020-10-01,2020100104003636,RLI,47,44,10,630.00,"6,300.00"
2020-10-01,2020100104003635,RLI,45,55,10,630.00,"6,300.00"
2020-10-01,2020100104003634,RLI,45,29,10,630.00,"6,300.00"
2020-10-01,2020100104003633,RLI,48,40,10,630.00,"6,300.00"
2020-10-01,2020100104003632,RLI,48,21,10,630.00,"6,300.00"
2020-10-01,2020100104003631,RLI,48,32,10,630.00,"6,300.00"
2020-10-01,2020100104003647,RLI,45,38,10,630.00,"6,300.00"
2020-10-01,2020100104003646,RLI,50,56,130,631.00,"82,030.00"
2020-10-01,2020100104003645,RLI,34,56,200,631.00,"126,200.00"
2020-10-01,2020100104003641,RLI,45,29,10,630.00,"6,300.00"
2020-10-01,2020100104003640,RLI,45,17,10,630.00,"6,300.00"
2020-10-01,2020100104003637,RLI,45,14,10,630.00,"6,300.00"
2020-10-01,2020100104003601,SAEF,6,21,500,10.48,"5,240.00"
2020-10-01,2020100104003310,SAEF,6,59,150,10.47,"1,570.50"
2020-10-01,2020100104003276,SAEF,6,7,100,10.47,"1,047.00"
2020-10-01,2020100104003600,SAND2085,42,21,25,"1,015.00","25,375.00"
2020-10-01,2020100104003549,SEF,26,36,500,9.17,"4,585.00"
2020-10-01,2020100104003308,SEF,6,7,"1,000",9.16,"9,160.00"
2020-10-01,2020100104003277,SEF,6,59,150,9.16,"1,374.00"
2020-10-01,2020100104003226,SEF,6,57,"1,000",9.16,"9,160.00"
2020-10-01,2020100104003351,SFMF,33,42,"5,000",9.69,"48,450.00"
2020-10-01,2020100104003596,STC,37,45,40,"3,480.00","139,200.00"
2020-10-01,2020100104003595,STC,37,51,10,"3,470.00","34,700.00"
2020-10-01,2020100104003587,STC,36,51,10,"3,466.00","34,660.00"
2020-10-01,2020100104003049,CMF1,42,16,"4,900",10.12,"49,588.00"
2020-10-01,2020100104003025,CMF1,42,16,100,10.12,"1,012.00"
2020-10-01,2020100104003024,CMF1,42,56,"4,900",10.12,"49,588.00"
2020-10-01,2020100104002857,CMF1,56,56,100,10.12,"1,012.00"
2020-10-01,2020100104002692,CMF1,22,35,300,10.14,"3,042.00"
2020-10-01,2020100104003022,GIMES1,56,32,100,9.35,935.00
2020-10-01,2020100104002746,GIMES1,21,32,100,9.35,935.00
2020-10-01,2020100104002859,LEMF,51,55,"1,000",8.85,"8,850.00"
2020-10-01,2020100104002858,LEMF,51,45,"2,000",8.80,"17,600.00"
2020-10-01,2020100104003046,LUK,22,38,"1,000",8.95,"8,950.00"
2020-10-01,2020100104003045,LUK,22,58,"1,000",8.95,"8,950.00"
2020-10-01,2020100104003044,LUK,22,58,100,8.92,892.00
2020-10-01,2020100104003043,LUK,22,55,"1,000",8.92,"8,920.00"
2020-10-01,2020100104003042,LUK,22,58,500,8.92,"4,460.00"
2020-10-01,2020100104003103,NEF,6,22,500,8.90,"4,450.00"
2020-10-01,2020100104002786,NEF,6,19,483,8.90,"4,298.70"
2020-10-01,2020100104002883,NIBLPF,51,28,650,8.96,"5,824.00"
2020-10-01,2020100104002882,NIBLPF,51,41,"5,555",8.95,"49,717.25"
2020-10-01,2020100104002881,NIBLPF,51,52,510,8.95,"4,564.50"
2020-10-01,2020100104002880,NIBLPF,51,19,285,8.90,"2,536.50"
2020-10-01,2020100104002795,NIBLPF,34,19,220,8.90,"1,958.00"
2020-10-01,2020100104003081,NIBPO,55,32,200,361.00,"72,200.00"
2020-10-01,2020100104002752,NIBPO,34,36,192,360.00,"69,120.00"
2020-10-01,2020100104002751,NIBPO,6,36,110,360.00,"39,600.00"
2020-10-01,2020100104002665,NIBPO,6,17,790,360.00,"284,400.00"
2020-10-01,2020100104002664,NIBPO,32,17,200,360.00,"72,000.00"
2020-10-01,2020100104003059,NICBF,48,42,500,8.90,"4,450.00"
2020-10-01,2020100104003094,NMBHF1,7,58,924,10.00,"9,240.00"
2020-10-01,2020100104002933,NMBHF1,49,36,"3,650",9.97,"36,390.50"
2020-10-01,2020100104002932,NMBHF1,56,36,511,9.98,"5,099.78"
2020-10-01,2020100104002921,NMBHF1,56,36,"1,161",9.98,"11,586.78"
2020-10-01,2020100104002920,NMBHF1,49,36,"3,000",9.99,"29,970.00"
2020-10-01,2020100104002852,NMBHF1,7,58,"3,237",10.00,"32,370.00"
2020-10-01,2020100104002796,NMBHF1,56,19,832,9.98,"8,303.36"
2020-10-01,2020100104002678,NMBHF1,22,7,300,10.14,"3,042.00"
2020-10-01,2020100104002671,NMBHF1,7,25,"4,161",10.10,"42,026.10"
2020-10-01,2020100104003114,RBCLPO,49,32,10,"10,450.00","104,500.00"
2020-10-01,2020100104002683,RBCLPO,40,37,50,"10,500.00","525,000.00"
2020-10-01,2020100104002682,RBCLPO,40,26,10,"10,500.00","105,000.00"
2020-10-01,2020100104002681,RBCLPO,40,41,10,"10,450.00","104,500.00"
2020-10-01,2020100104002680,RBCLPO,40,17,15,"10,425.00","156,375.00"
2020-10-01,2020100104003157,RLI,34,49,10,630.00,"6,300.00"
2020-10-01,2020100104003156,RLI,34,57,10,630.00,"6,300.00"
2020-10-01,2020100104003155,RLI,34,28,10,630.00,"6,300.00"
2020-10-01,2020100104003154,RLI,34,40,10,630.00,"6,300.00"
2020-10-01,2020100104003153,RLI,34,39,10,630.00,"6,300.00"
2020-10-01,2020100104003152,RLI,34,59,10,630.00,"6,300.00"
2020-10-01,2020100104002666,RLI,34,56,10,631.00,"6,310.00"
2020-10-01,2020100104002661,RLI,34,8,10,631.00,"6,310.00"
2020-10-01,2020100104002660,RLI,34,28,10,631.00,"6,310.00"
2020-10-01,2020100104002659,RLI,34,6,10,631.00,"6,310.00"
2020-10-01,2020100104002658,RLI,34,22,10,631.00,"6,310.00"
2020-10-01,2020100104002673,RLI,34,59,10,631.00,"6,310.00"
2020-10-01,2020100104002672,RLI,34,19,10,631.00,"6,310.00"
2020-10-01,2020100104002670,RLI,34,55,10,631.00,"6,310.00"
2020-10-01,2020100104002669,RLI,34,56,10,631.00,"6,310.00"
2020-10-01,2020100104002668,RLI,34,56,10,631.00,"6,310.00"
2020-10-01,2020100104002667,RLI,34,26,10,631.00,"6,310.00"
2020-10-01,2020100104002684,RLI,34,55,10,631.00,"6,310.00"
2020-10-01,2020100104002679,RLI,34,59,10,631.00,"6,310.00"
2020-10-01,2020100104002677,RLI,34,38,10,631.00,"6,310.00"
2020-10-01,2020100104002676,RLI,34,26,10,631.00,"6,310.00"
2020-10-01,2020100104002675,RLI,34,56,10,631.00,"6,310.00"
2020-10-01,2020100104002674,RLI,34,8,10,631.00,"6,310.00"
2020-10-01,2020100104002690,RLI,34,38,10,631.00,"6,310.00"
2020-10-01,2020100104002689,RLI,34,20,10,631.00,"6,310.00"
2020-10-01,2020100104002688,RLI,34,50,10,631.00,"6,310.00"
2020-10-01,2020100104002687,RLI,34,17,10,631.00,"6,310.00"
2020-10-01,2020100104002686,RLI,34,26,10,631.00,"6,310.00"
2020-10-01,2020100104002685,RLI,34,20,10,631.00,"6,310.00"
2020-10-01,2020100104002697,RLI,57,45,10,631.00,"6,310.00"
2020-10-01,2020100104002696,RLI,57,29,10,631.00,"6,310.00"
2020-10-01,2020100104002695,RLI,34,20,10,631.00,"6,310.00"
2020-10-01,2020100104002694,RLI,34,54,10,631.00,"6,310.00"
2020-10-01,2020100104002693,RLI,34,45,10,631.00,"6,310.00"
2020-10-01,2020100104002691,RLI,34,53,10,631.00,"6,310.00"
2020-10-01,2020100104002704,RLI,34,45,10,632.00,"6,320.00"
2020-10-01,2020100104002703,RLI,57,57,10,631.00,"6,310.00"
2020-10-01,2020100104002702,RLI,57,26,10,631.00,"6,310.00"
2020-10-01,2020100104002701,RLI,57,40,10,631.00,"6,310.00"
2020-10-01,2020100104002699,RLI,57,40,10,631.00,"6,310.00"
2020-10-01,2020100104002698,RLI,48,42,10,632.00,"6,320.00"
2020-10-01,2020100104002710,RLI,34,36,10,632.00,"6,320.00"
2020-10-01,2020100104002709,RLI,34,13,10,632.00,"6,320.00"
2020-10-01,2020100104002708,RLI,34,22,10,632.00,"6,320.00"
2020-10-01,2020100104002707,RLI,34,41,10,632.00,"6,320.00"
2020-10-01,2020100104002706,RLI,34,56,10,632.00,"6,320.00"
2020-10-01,2020100104002705,RLI,34,8,10,632.00,"6,320.00"
2020-10-01,2020100104002716,RLI,34,54,10,633.00,"6,330.00"
2020-10-01,2020100104002715,RLI,34,54,10,633.00,"6,330.00"
2020-10-01,2020100104002714,RLI,34,57,10,633.00,"6,330.00"
2020-10-01,2020100104002713,RLI,34,14,10,633.00,"6,330.00"
2020-10-01,2020100104002712,RLI,34,45,10,632.00,"6,320.00"
2020-10-01,2020100104002711,RLI,34,21,10,632.00,"6,320.00"
2020-10-01,2020100104002722,RLI,34,34,10,633.00,"6,330.00"
2020-10-01,2020100104002721,RLI,34,22,10,633.00,"6,330.00"
2020-10-01,2020100104002720,RLI,34,42,10,633.00,"6,330.00"
2020-10-01,2020100104002719,RLI,34,57,10,633.00,"6,330.00"
2020-10-01,2020100104002718,RLI,34,1,10,633.00,"6,330.00"
2020-10-01,2020100104002717,RLI,34,45,10,633.00,"6,330.00"
2020-10-01,2020100104002728,RLI,45,55,10,631.00,"6,310.00"
2020-10-01,2020100104002727,RLI,45,57,10,631.00,"6,310.00"
2020-10-01,2020100104002726,RLI,45,38,10,631.00,"6,310.00"
2020-10-01,2020100104002725,RLI,57,55,10,631.00,"6,310.00"
2020-10-01,2020100104002724,RLI,57,28,10,631.00,"6,310.00"
2020-10-01,2020100104002723,RLI,56,38,10,632.00,"6,320.00"
2020-10-01,2020100104002734,RLI,34,51,10,632.00,"6,320.00"
2020-10-01,2020100104002733,RLI,45,51,10,631.00,"6,310.00"
2020-10-01,2020100104002732,RLI,45,28,10,631.00,"6,310.00"
2020-10-01,2020100104002731,RLI,45,55,10,631.00,"6,310.00"
2020-10-01,2020100104002730,RLI,45,28,10,631.00,"6,310.00"
2020-10-01,2020100104002729,RLI,45,4,10,631.00,"6,310.00"
2020-10-01,2020100104002740,RLI,45,28,10,631.00,"6,310.00"
2020-10-01,2020100104002739,RLI,45,38,10,631.00,"6,310.00"
2020-10-01,2020100104002738,RLI,56,55,10,632.00,"6,320.00"
2020-10-01,2020100104002737,RLI,45,51,10,631.00,"6,310.00"
2020-10-01,2020100104002736,RLI,45,28,10,631.00,"6,310.00"
2020-10-01,2020100104002735,RLI,45,38,10,631.00,"6,310.00"
2020-10-01,2020100104002747,RLI,45,39,10,631.00,"6,310.00"
2020-10-01,2020100104002745,RLI,45,38,10,631.00,"6,310.00"
2020-10-01,2020100104002744,RLI,45,41,10,631.00,"6,310.00"
2020-10-01,2020100104002743,RLI,45,17,10,631.00,"6,310.00"
2020-10-01,2020100104002742,RLI,45,51,10,631.00,"6,310.00"
2020-10-01,2020100104002741,RLI,45,43,10,631.00,"6,310.00"
2020-10-01,2020100104002755,RLI,57,41,10,631.00,"6,310.00"
2020-10-01,2020100104002754,RLI,57,51,10,631.00,"6,310.00"
2020-10-01,2020100104002753,RLI,57,51,10,631.00,"6,310.00"
2020-10-01,2020100104002750,RLI,57,34,10,631.00,"6,310.00"
2020-10-01,2020100104002749,RLI,57,17,10,631.00,"6,310.00"
2020-10-01,2020100104002748,RLI,45,17,10,631.00,"6,310.00"
2020-10-01,2020100104002761,RLI,33,39,10,630.00,"6,300.00"
2020-10-01,2020100104002760,RLI,57,51,10,631.00,"6,310.00"
2020-10-01,2020100104002759,RLI,57,26,10,631.00,"6,310.00"
2020-10-01,2020100104002758,RLI,57,38,10,631.00,"6,310.00"
2020-10-01,2020100104002757,RLI,57,42,10,631.00,"6,310.00"
2020-10-01,2020100104002756,RLI,57,18,10,631.00,"6,310.00"
2020-10-01,2020100104002767,RLI,33,55,10,630.00,"6,300.00"
2020-10-01,2020100104002766,RLI,33,49,10,630.00,"6,300.00"
2020-10-01,2020100104002765,RLI,33,45,10,630.00,"6,300.00"
2020-10-01,2020100104002764,RLI,33,51,10,630.00,"6,300.00"
2020-10-01,2020100104002763,RLI,33,51,10,630.00,"6,300.00"
2020-10-01,2020100104002762,RLI,33,57,10,630.00,"6,300.00"
2020-10-01,2020100104002773,RLI,33,44,10,630.00,"6,300.00"
2020-10-01,2020100104002772,RLI,33,55,10,630.00,"6,300.00"
2020-10-01,2020100104002771,RLI,33,56,10,630.00,"6,300.00"
2020-10-01,2020100104002770,RLI,33,51,10,630.00,"6,300.00"
2020-10-01,2020100104002769,RLI,33,44,10,630.00,"6,300.00"
2020-10-01,2020100104002768,RLI,33,39,10,630.00,"6,300.00"
2020-10-01,2020100104002779,RLI,33,39,10,630.00,"6,300.00"
2020-10-01,2020100104002778,RLI,33,22,10,630.00,"6,300.00"
2020-10-01,2020100104002777,RLI,33,51,10,630.00,"6,300.00"
2020-10-01,2020100104002776,RLI,33,41,10,630.00,"6,300.00"
2020-10-01,2020100104002775,RLI,33,55,10,630.00,"6,300.00"
2020-10-01,2020100104002774,RLI,33,45,10,630.00,"6,300.00"
2020-10-01,2020100104002785,RLI,33,47,10,630.00,"6,300.00"
2020-10-01,2020100104002784,RLI,33,39,10,630.00,"6,300.00"
2020-10-01,2020100104002783,RLI,33,22,10,630.00,"6,300.00"
2020-10-01,2020100104002782,RLI,33,55,10,630.00,"6,300.00"
2020-10-01,2020100104002781,RLI,33,51,10,630.00,"6,300.00"
2020-10-01,2020100104002780,RLI,33,45,10,630.00,"6,300.00"
2020-10-01,2020100104002792,RLI,33,35,10,630.00,"6,300.00"
2020-10-01,2020100104002791,RLI,33,28,10,630.00,"6,300.00"
2020-10-01,2020100104002790,RLI,33,51,10,630.00,"6,300.00"
2020-10-01,2020100104002789,RLI,33,44,10,630.00,"6,300.00"
2020-10-01,2020100104002788,RLI,33,38,10,630.00,"6,300.00"
2020-10-01,2020100104002787,RLI,33,38,10,630.00,"6,300.00"
2020-10-01,2020100104002800,RLI,32,18,10,631.00,"6,310.00"
2020-10-01,2020100104002799,RLI,33,51,10,630.00,"6,300.00"
2020-10-01,2020100104002798,RLI,33,50,10,630.00,"6,300.00"
2020-10-01,2020100104002797,RLI,33,51,10,630.00,"6,300.00"
2020-10-01,2020100104002794,RLI,33,51,10,630.00,"6,300.00"
2020-10-01,2020100104002793,RLI,33,39,10,630.00,"6,300.00"
2020-10-01,2020100104002807,RLI,33,51,10,630.00,"6,300.00"
2020-10-01,2020100104002806,RLI,33,48,10,630.00,"6,300.00"
2020-10-01,2020100104002804,RLI,33,51,10,630.00,"6,300.00"
2020-10-01,2020100104002803,RLI,33,48,10,630.00,"6,300.00"
2020-10-01,2020100104002802,RLI,33,51,10,630.00,"6,300.00"
2020-10-01,2020100104002801,RLI,32,22,10,631.00,"6,310.00"
2020-10-01,2020100104002813,RLI,22,21,10,630.00,"6,300.00"
2020-10-01,2020100104002812,RLI,22,51,10,630.00,"6,300.00"
2020-10-01,2020100104002811,RLI,33,55,10,630.00,"6,300.00"
2020-10-01,2020100104002810,RLI,33,39,10,630.00,"6,300.00"
2020-10-01,2020100104002809,RLI,33,17,10,630.00,"6,300.00"
2020-10-01,2020100104002808,RLI,33,50,10,630.00,"6,300.00"
2020-10-01,2020100104002819,RLI,22,51,10,630.00,"6,300.00"
2020-10-01,2020100104002818,RLI,22,48,10,630.00,"6,300.00"
2020-10-01,2020100104002817,RLI,22,35,10,630.00,"6,300.00"
2020-10-01,2020100104002816,RLI,22,56,10,630.00,"6,300.00"
2020-10-01,2020100104002815,RLI,22,51,10,630.00,"6,300.00"
2020-10-01,2020100104002814,RLI,22,39,10,630.00,"6,300.00"
2020-10-01,2020100104002825,RLI,39,1,10,630.00,"6,300.00"
2020-10-01,2020100104002824,RLI,39,51,10,630.00,"6,300.00"
2020-10-01,2020100104002823,RLI,39,16,10,630.00,"6,300.00"
2020-10-01,2020100104002822,RLI,39,37,10,630.00,"6,300.00"
2020-10-01,2020100104002821,RLI,22,55,10,630.00,"6,300.00"
2020-10-01,2020100104002820,RLI,22,51,10,630.00,"6,300.00"
2020-10-01,2020100104002831,RLI,6,51,10,631.00,"6,310.00"
2020-10-01,2020100104002830,RLI,6,56,10,631.00,"6,310.00"
2020-10-01,2020100104002829,RLI,6,39,10,631.00,"6,310.00"
2020-10-01,2020100104002828,RLI,6,39,10,631.00,"6,310.00"
2020-10-01,2020100104002827,RLI,6,51,10,631.00,"6,310.00"
2020-10-01,2020100104002826,RLI,6,17,10,631.00,"6,310.00"
2020-10-01,2020100104002839,RLI,39,51,10,630.00,"6,300.00"
2020-10-01,2020100104002836,RLI,6,51,10,631.00,"6,310.00"
2020-10-01,2020100104002835,RLI,6,57,10,631.00,"6,310.00"
2020-10-01,2020100104002834,RLI,6,8,10,631.00,"6,310.00"
2020-10-01,2020100104002833,RLI,6,45,10,631.00,"6,310.00"
2020-10-01,2020100104002832,RLI,6,22,10,631.00,"6,310.00"
2020-10-01,2020100104002845,RLI,58,51,10,630.00,"6,300.00"
2020-10-01,2020100104002844,RLI,39,32,10,630.00,"6,300.00"
2020-10-01,2020100104002843,RLI,39,55,10,630.00,"6,300.00"
2020-10-01,2020100104002842,RLI,39,46,10,630.00,"6,300.00"
2020-10-01,2020100104002841,RLI,39,51,10,630.00,"6,300.00"
2020-10-01,2020100104002840,RLI,39,55,10,630.00,"6,300.00"
2020-10-01,2020100104002851,RLI,44,8,10,631.00,"6,310.00"
2020-10-01,2020100104002850,RLI,44,8,10,631.00,"6,310.00"
2020-10-01,2020100104002849,RLI,58,55,10,630.00,"6,300.00"
2020-10-01,2020100104002848,RLI,58,53,10,630.00,"6,300.00"
2020-10-01,2020100104002847,RLI,58,39,10,630.00,"6,300.00"
2020-10-01,2020100104002846,RLI,58,51,10,630.00,"6,300.00"
2020-10-01,2020100104002861,RLI,41,55,10,630.00,"6,300.00"
2020-10-01,2020100104002860,RLI,58,51,10,630.00,"6,300.00"
2020-10-01,2020100104002856,RLI,58,10,10,630.00,"6,300.00"
2020-10-01,2020100104002855,RLI,58,55,10,630.00,"6,300.00"
2020-10-01,2020100104002854,RLI,58,51,10,630.00,"6,300.00"
2020-10-01,2020100104002853,RLI,58,20,10,630.00,"6,300.00"
2020-10-01,2020100104002868,RLI,33,20,10,630.00,"6,300.00"
2020-10-01,2020100104002867,RLI,33,41,10,630.00,"6,300.00"
2020-10-01,2020100104002865,RLI,33,51,10,630.00,"6,300.00"
2020-10-01,2020100104002864,RLI,33,40,10,630.00,"6,300.00"
2020-10-01,2020100104002863,RLI,33,39,10,630.00,"6,300.00"
2020-10-01,2020100104002862,RLI,41,41,10,630.00,"6,300.00"
2020-10-01,2020100104002874,RLI,49,57,10,630.00,"6,300.00"
2020-10-01,2020100104002873,RLI,33,41,10,630.00,"6,300.00"
2020-10-01,2020100104002872,RLI,33,51,10,630.00,"6,300.00"
2020-10-01,2020100104002871,RLI,33,40,10,630.00,"6,300.00"
2020-10-01,2020100104002870,RLI,33,44,10,630.00,"6,300.00"
2020-10-01,2020100104002869,RLI,33,55,10,630.00,"6,300.00"
2020-10-01,2020100104002884,RLI,3,41,10,630.00,"6,300.00"
2020-10-01,2020100104002879,RLI,3,40,10,630.00,"6,300.00"
2020-10-01,2020100104002878,RLI,3,55,10,630.00,"6,300.00"
2020-10-01,2020100104002877,RLI,3,48,10,630.00,"6,300.00"
2020-10-01,2020100104002876,RLI,3,38,10,630.00,"6,300.00"
2020-10-01,2020100104002875,RLI,3,40,10,630.00,"6,300.00"
2020-10-01,2020100104002890,RLI,3,38,10,630.00,"6,300.00"
2020-10-01,2020100104002889,RLI,3,51,10,630.00,"6,300.00"
2020-10-01,2020100104002888,RLI,3,40,10,630.00,"6,300.00"
2020-10-01,2020100104002887,RLI,3,41,10,630.00,"6,300.00"
2020-10-01,2020100104002886,RLI,3,38,10,630.00,"6,300.00"
2020-10-01,2020100104002885,RLI,3,51,10,630.00,"6,300.00"
2020-10-01,2020100104002896,RLI,3,41,10,630.00,"6,300.00"
2020-10-01,2020100104002895,RLI,3,51,10,630.00,"6,300.00"
2020-10-01,2020100104002894,RLI,3,38,10,630.00,"6,300.00"
2020-10-01,2020100104002893,RLI,3,22,10,630.00,"6,300.00"
2020-10-01,2020100104002892,RLI,3,29,10,630.00,"6,300.00"
2020-10-01,2020100104002891,RLI,3,58,10,630.00,"6,300.00"
2020-10-01,2020100104002902,RLI,41,55,10,630.00,"6,300.00"
2020-10-01,2020100104002901,RLI,41,51,10,630.00,"6,300.00"
2020-10-01,2020100104002900,RLI,41,38,10,630.00,"6,300.00"
2020-10-01,2020100104002899,RLI,41,41,10,630.00,"6,300.00"
2020-10-01,2020100104002898,RLI,3,18,10,630.00,"6,300.00"
2020-10-01,2020100104002897,RLI,3,55,10,630.00,"6,300.00"
2020-10-01,2020100104002908,RLI,41,58,10,630.00,"6,300.00"
2020-10-01,2020100104002907,RLI,41,38,10,630.00,"6,300.00"
2020-10-01,2020100104002906,RLI,41,39,10,630.00,"6,300.00"
2020-10-01,2020100104002905,RLI,41,55,10,630.00,"6,300.00"
2020-10-01,2020100104002904,RLI,41,51,10,630.00,"6,300.00"
2020-10-01,2020100104002903,RLI,41,38,10,630.00,"6,300.00"
2020-10-01,2020100104002914,RLI,33,21,10,630.00,"6,300.00"
2020-10-01,2020100104002913,RLI,33,36,10,630.00,"6,300.00"
2020-10-01,2020100104002912,RLI,33,46,10,630.00,"6,300.00"
2020-10-01,2020100104002911,RLI,33,39,10,630.00,"6,300.00"
2020-10-01,2020100104002910,RLI,33,38,10,630.00,"6,300.00"
2020-10-01,2020100104002909,RLI,41,51,10,630.00,"6,300.00"
2020-10-01,2020100104002922,RLI,33,39,10,630.00,"6,300.00"
2020-10-01,2020100104002919,RLI,33,36,10,630.00,"6,300.00"
2020-10-01,2020100104002918,RLI,33,18,10,630.00,"6,300.00"
2020-10-01,2020100104002917,RLI,33,38,10,630.00,"6,300.00"
2020-10-01,2020100104002916,RLI,33,32,10,630.00,"6,300.00"
2020-10-01,2020100104002915,RLI,33,39,10,630.00,"6,300.00"
2020-10-01,2020100104002928,RLI,33,13,10,630.00,"6,300.00"
2020-10-01,2020100104002927,RLI,33,56,10,630.00,"6,300.00"
2020-10-01,2020100104002926,RLI,33,45,10,630.00,"6,300.00"
2020-10-01,2020100104002925,RLI,33,58,10,630.00,"6,300.00"
2020-10-01,2020100104002924,RLI,33,51,10,630.00,"6,300.00"
2020-10-01,2020100104002923,RLI,33,56,10,630.00,"6,300.00"
2020-10-01,2020100104002936,RLI,4,58,10,631.00,"6,310.00"
2020-10-01,2020100104002935,RLI,33,56,10,630.00,"6,300.00"
2020-10-01,2020100104002934,RLI,33,13,10,630.00,"6,300.00"
2020-10-01,2020100104002931,RLI,33,56,10,630.00,"6,300.00"
2020-10-01,2020100104002930,RLI,33,51,10,630.00,"6,300.00"
2020-10-01,2020100104002929,RLI,33,39,10,630.00,"6,300.00"
2020-10-01,2020100104002942,RLI,33,51,10,630.00,"6,300.00"
2020-10-01,2020100104002941,RLI,33,38,10,630.00,"6,300.00"
2020-10-01,2020100104002940,RLI,33,45,10,630.00,"6,300.00"
2020-10-01,2020100104002939,RLI,4,40,10,631.00,"6,310.00"
2020-10-01,2020100104002938,RLI,4,21,10,631.00,"6,310.00"
2020-10-01,2020100104002937,RLI,4,40,10,631.00,"6,310.00"
2020-10-01,2020100104002948,RLI,33,39,10,630.00,"6,300.00"
2020-10-01,2020100104002947,RLI,33,45,10,630.00,"6,300.00"
2020-10-01,2020100104002946,RLI,33,55,10,630.00,"6,300.00"
2020-10-01,2020100104002945,RLI,33,16,10,630.00,"6,300.00"
2020-10-01,2020100104002944,RLI,33,56,10,630.00,"6,300.00"
2020-10-01,2020100104002943,RLI,33,32,10,630.00,"6,300.00"
2020-10-01,2020100104002954,RLI,33,51,10,630.00,"6,300.00"
2020-10-01,2020100104002953,RLI,33,33,10,630.00,"6,300.00"
2020-10-01,2020100104002952,RLI,33,55,10,630.00,"6,300.00"
2020-10-01,2020100104002951,RLI,33,39,10,630.00,"6,300.00"
2020-10-01,2020100104002950,RLI,33,13,10,630.00,"6,300.00"
2020-10-01,2020100104002949,RLI,33,56,10,630.00,"6,300.00"
2020-10-01,2020100104002960,RLI,33,55,10,630.00,"6,300.00"
2020-10-01,2020100104002959,RLI,33,39,10,630.00,"6,300.00"
2020-10-01,2020100104002958,RLI,33,18,10,630.00,"6,300.00"
2020-10-01,2020100104002957,RLI,33,21,10,630.00,"6,300.00"
2020-10-01,2020100104002956,RLI,55,20,10,631.00,"6,310.00"
2020-10-01,2020100104002955,RLI,55,20,10,631.00,"6,310.00"
2020-10-01,2020100104002966,RLI,55,48,10,632.00,"6,320.00"
2020-10-01,2020100104002965,RLI,55,41,10,632.00,"6,320.00"
2020-10-01,2020100104002964,RLI,55,56,10,632.00,"6,320.00"
2020-10-01,2020100104002963,RLI,55,40,10,631.00,"6,310.00"
2020-10-01,2020100104002962,RLI,33,48,10,630.00,"6,300.00"
2020-10-01,2020100104002961,RLI,33,51,10,630.00,"6,300.00"
2020-10-01,2020100104002972,RLI,55,21,10,633.00,"6,330.00"
2020-10-01,2020100104002971,RLI,55,44,10,632.00,"6,320.00"
2020-10-01,2020100104002970,RLI,16,51,10,631.00,"6,310.00"
2020-10-01,2020100104002969,RLI,16,26,10,631.00,"6,310.00"
2020-10-01,2020100104002968,RLI,16,16,10,631.00,"6,310.00"
2020-10-01,2020100104002967,RLI,33,22,10,630.00,"6,300.00"
2020-10-01,2020100104002978,RLI,16,58,10,631.00,"6,310.00"
2020-10-01,2020100104002977,RLI,55,21,10,633.00,"6,330.00"
2020-10-01,2020100104002976,RLI,55,21,10,633.00,"6,330.00"
2020-10-01,2020100104002975,RLI,55,21,10,633.00,"6,330.00"
2020-10-01,2020100104002974,RLI,55,10,10,633.00,"6,330.00"
2020-10-01,2020100104002973,RLI,55,21,10,633.00,"6,330.00"
2020-10-01,2020100104002984,RLI,16,55,10,631.00,"6,310.00"
2020-10-01,2020100104002983,RLI,16,39,10,631.00,"6,310.00"
2020-10-01,2020100104002982,RLI,16,49,10,631.00,"6,310.00"
2020-10-01,2020100104002981,RLI,16,56,10,631.00,"6,310.00"
2020-10-01,2020100104002980,RLI,16,1,10,631.00,"6,310.00"
2020-10-01,2020100104002979,RLI,16,51,10,631.00,"6,310.00"
2020-10-01,2020100104002990,RLI,16,49,10,631.00,"6,310.00"
2020-10-01,2020100104002989,RLI,16,55,10,631.00,"6,310.00"
2020-10-01,2020100104002988,RLI,16,51,10,631.00,"6,310.00"
2020-10-01,2020100104002987,RLI,16,58,10,631.00,"6,310.00"
2020-10-01,2020100104002986,RLI,16,51,10,631.00,"6,310.00"
2020-10-01,2020100104002985,RLI,16,26,10,631.00,"6,310.00"
2020-10-01,2020100104002996,RLI,16,43,10,631.00,"6,310.00"
2020-10-01,2020100104002995,RLI,16,58,10,631.00,"6,310.00"
2020-10-01,2020100104002994,RLI,16,11,10,631.00,"6,310.00"
2020-10-01,2020100104002993,RLI,16,50,40,631.00,"25,240.00"
2020-10-01,2020100104002992,RLI,16,16,10,631.00,"6,310.00"
2020-10-01,2020100104002991,RLI,16,39,10,631.00,"6,310.00"
2020-10-01,2020100104003002,RLI,44,58,10,632.00,"6,320.00"
2020-10-01,2020100104003001,RLI,44,46,10,632.00,"6,320.00"
2020-10-01,2020100104003000,RLI,16,43,10,631.00,"6,310.00"
2020-10-01,2020100104002999,RLI,16,6,10,631.00,"6,310.00"
2020-10-01,2020100104002998,RLI,16,55,10,631.00,"6,310.00"
2020-10-01,2020100104002997,RLI,16,38,10,631.00,"6,310.00"
2020-10-01,2020100104003008,RLI,44,39,10,632.00,"6,320.00"
2020-10-01,2020100104003007,RLI,44,55,10,632.00,"6,320.00"
2020-10-01,2020100104003006,RLI,44,28,10,632.00,"6,320.00"
2020-10-01,2020100104003005,RLI,44,39,10,632.00,"6,320.00"
2020-10-01,2020100104003004,RLI,44,45,10,632.00,"6,320.00"
2020-10-01,2020100104003003,RLI,44,39,10,632.00,"6,320.00"
2020-10-01,2020100104003014,RLI,44,45,10,632.00,"6,320.00"
2020-10-01,2020100104003013,RLI,44,38,10,633.00,"6,330.00"
2020-10-01,2020100104003012,RLI,44,16,10,633.00,"6,330.00"
2020-10-01,2020100104003011,RLI,44,58,10,633.00,"6,330.00"
2020-10-01,2020100104003010,RLI,44,36,10,633.00,"6,330.00"
2020-10-01,2020100104003009,RLI,16,57,10,633.00,"6,330.00"
2020-10-01,2020100104003020,RLI,44,32,10,632.00,"6,320.00"
2020-10-01,2020100104003019,RLI,44,54,10,632.00,"6,320.00"
2020-10-01,2020100104003018,RLI,16,55,10,634.00,"6,340.00"
2020-10-01,2020100104003017,RLI,44,55,10,632.00,"6,320.00"
2020-10-01,2020100104003016,RLI,44,39,10,632.00,"6,320.00"
2020-10-01,2020100104003015,RLI,16,40,10,633.00,"6,330.00"
2020-10-01,2020100104003029,RLI,44,34,10,632.00,"6,320.00"
2020-10-01,2020100104003028,RLI,44,32,10,632.00,"6,320.00"
2020-10-01,2020100104003027,RLI,44,55,10,632.00,"6,320.00"
2020-10-01,2020100104003026,RLI,44,22,10,632.00,"6,320.00"
2020-10-01,2020100104003023,RLI,44,44,10,632.00,"6,320.00"
2020-10-01,2020100104003021,RLI,44,39,10,632.00,"6,320.00"
2020-10-01,2020100104003035,RLI,16,39,10,631.00,"6,310.00"
2020-10-01,2020100104003034,RLI,16,55,10,631.00,"6,310.00"
2020-10-01,2020100104003033,RLI,16,58,10,631.00,"6,310.00"
2020-10-01,2020100104003032,RLI,52,55,10,632.00,"6,320.00"
2020-10-01,2020100104003031,RLI,16,22,10,634.00,"6,340.00"
2020-10-01,2020100104003030,RLI,44,32,10,632.00,"6,320.00"
2020-10-01,2020100104003041,RLI,16,28,10,631.00,"6,310.00"
2020-10-01,2020100104003040,RLI,16,55,10,631.00,"6,310.00"
2020-10-01,2020100104003039,RLI,16,38,10,631.00,"6,310.00"
2020-10-01,2020100104003038,RLI,16,59,10,631.00,"6,310.00"
2020-10-01,2020100104003037,RLI,16,39,10,631.00,"6,310.00"
2020-10-01,2020100104003036,RLI,16,58,10,631.00,"6,310.00"
2020-10-01,2020100104003053,RLI,37,56,50,631.00,"31,550.00"
2020-10-01,2020100104003052,RLI,16,56,80,631.00,"50,480.00"
2020-10-01,2020100104003051,RLI,16,28,10,631.00,"6,310.00"
2020-10-01,2020100104003050,RLI,16,48,10,631.00,"6,310.00"
2020-10-01,2020100104003048,RLI,16,39,10,631.00,"6,310.00"
2020-10-01,2020100104003047,RLI,16,58,10,631.00,"6,310.00"
2020-10-01,2020100104003060,RLI,48,49,10,630.00,"6,300.00"
2020-10-01,2020100104003058,RLI,16,49,10,631.00,"6,310.00"
2020-10-01,2020100104003057,RLI,48,39,10,630.00,"6,300.00"
2020-10-01,2020100104003056,RLI,48,56,160,630.00,"100,800.00"
2020-10-01,2020100104003055,RLI,51,56,100,630.00,"63,000.00"
2020-10-01,2020100104003054,RLI,33,56,160,630.00,"100,800.00"
2020-10-01,2020100104003066,RLI,34,39,10,629.00,"6,290.00"
2020-10-01,2020100104003065,RLI,34,36,10,629.00,"6,290.00"
2020-10-01,2020100104003064,RLI,34,55,10,629.00,"6,290.00"
2020-10-01,2020100104003063,RLI,34,49,10,629.00,"6,290.00"
2020-10-01,2020100104003062,RLI,48,55,10,630.00,"6,300.00"
2020-10-01,2020100104003061,RLI,48,39,10,630.00,"6,300.00"
2020-10-01,2020100104003072,RLI,34,17,10,629.00,"6,290.00"
2020-10-01,2020100104003071,RLI,34,1,10,629.00,"6,290.00"
2020-10-01,2020100104003070,RLI,34,21,10,629.00,"6,290.00"
2020-10-01,2020100104003069,RLI,34,39,10,629.00,"6,290.00"
2020-10-01,2020100104003068,RLI,34,49,10,629.00,"6,290.00"
2020-10-01,2020100104003067,RLI,16,39,10,630.00,"6,300.00"
2020-10-01,2020100104003078,RLI,34,41,10,629.00,"6,290.00"
2020-10-01,2020100104003077,RLI,34,38,10,629.00,"6,290.00"
2020-10-01,2020100104003076,RLI,34,55,10,629.00,"6,290.00"
2020-10-01,2020100104003075,RLI,34,7,10,629.00,"6,290.00"
2020-10-01,2020100104003074,RLI,34,36,10,629.00,"6,290.00"
2020-10-01,2020100104003073,RLI,34,49,10,629.00,"6,290.00"
2020-10-01,2020100104003085,RLI,38,49,10,630.00,"6,300.00"
2020-10-01,2020100104003084,RLI,38,39,10,630.00,"6,300.00"
2020-10-01,2020100104003083,RLI,38,29,10,630.00,"6,300.00"
2020-10-01,2020100104003082,RLI,34,21,10,629.00,"6,290.00"
2020-10-01,2020100104003080,RLI,34,55,10,629.00,"6,290.00"
2020-10-01,2020100104003079,RLI,34,45,10,629.00,"6,290.00"
2020-10-01,2020100104003091,RLI,38,54,10,630.00,"6,300.00"
2020-10-01,2020100104003090,RLI,38,35,10,630.00,"6,300.00"
2020-10-01,2020100104003089,RLI,38,39,10,630.00,"6,300.00"
2020-10-01,2020100104003088,RLI,38,45,10,630.00,"6,300.00"
2020-10-01,2020100104003087,RLI,38,45,10,630.00,"6,300.00"
2020-10-01,2020100104003086,RLI,38,55,10,630.00,"6,300.00"
2020-10-01,2020100104003098,RLI,34,49,10,630.00,"6,300.00"
2020-10-01,2020100104003097,RLI,34,33,10,630.00,"6,300.00"
2020-10-01,2020100104003096,RLI,44,29,10,629.00,"6,290.00"
2020-10-01,2020100104003095,RLI,34,4,10,629.00,"6,290.00"
2020-10-01,2020100104003093,RLI,34,45,10,629.00,"6,290.00"
2020-10-01,2020100104003092,RLI,38,35,10,630.00,"6,300.00"
2020-10-01,2020100104003105,RLI,34,57,10,630.00,"6,300.00"
2020-10-01,2020100104003104,RLI,34,32,10,630.00,"6,300.00"
2020-10-01,2020100104003102,RLI,34,41,10,630.00,"6,300.00"
2020-10-01,2020100104003101,RLI,34,32,10,630.00,"6,300.00"
2020-10-01,2020100104003100,RLI,34,38,10,630.00,"6,300.00"
2020-10-01,2020100104003099,RLI,34,22,10,630.00,"6,300.00"
2020-10-01,2020100104003111,RLI,34,28,10,630.00,"6,300.00"
2020-10-01,2020100104003110,RLI,34,35,10,630.00,"6,300.00"
2020-10-01,2020100104003109,RLI,34,44,10,630.00,"6,300.00"
2020-10-01,2020100104003108,RLI,34,32,10,630.00,"6,300.00"
2020-10-01,2020100104003107,RLI,34,41,10,630.00,"6,300.00"
2020-10-01,2020100104003106,RLI,34,26,10,630.00,"6,300.00"
2020-10-01,2020100104003118,RLI,34,7,10,630.00,"6,300.00"
2020-10-01,2020100104003117,RLI,34,22,10,630.00,"6,300.00"
2020-10-01,2020100104003116,RLI,34,32,10,630.00,"6,300.00"
2020-10-01,2020100104003115,RLI,34,26,10,630.00,"6,300.00"
2020-10-01,2020100104003113,RLI,34,32,10,630.00,"6,300.00"
2020-10-01,2020100104003112,RLI,34,22,10,630.00,"6,300.00"
2020-10-01,2020100104003124,RLI,34,37,10,630.00,"6,300.00"
2020-10-01,2020100104003123,RLI,34,1,10,630.00,"6,300.00"
2020-10-01,2020100104003122,RLI,34,26,10,630.00,"6,300.00"
2020-10-01,2020100104003121,RLI,34,58,10,630.00,"6,300.00"
2020-10-01,2020100104003120,RLI,34,42,10,630.00,"6,300.00"
2020-10-01,2020100104003119,RLI,34,58,10,630.00,"6,300.00"
2020-10-01,2020100104003133,RLI,34,5,10,630.00,"6,300.00"
2020-10-01,2020100104003132,RLI,34,58,10,630.00,"6,300.00"
2020-10-01,2020100104003131,RLI,34,22,10,630.00,"6,300.00"
2020-10-01,2020100104003130,RLI,34,40,10,630.00,"6,300.00"
2020-10-01,2020100104003128,RLI,34,59,10,630.00,"6,300.00"
2020-10-01,2020100104003125,RLI,34,58,10,630.00,"6,300.00"
2020-10-01,2020100104003139,RLI,34,39,10,630.00,"6,300.00"
2020-10-01,2020100104003138,RLI,34,47,10,630.00,"6,300.00"
2020-10-01,2020100104003137,RLI,34,54,10,630.00,"6,300.00"
2020-10-01,2020100104003136,RLI,34,58,10,630.00,"6,300.00"
2020-10-01,2020100104003135,RLI,34,40,10,630.00,"6,300.00"
2020-10-01,2020100104003134,RLI,34,58,10,630.00,"6,300.00"
2020-10-01,2020100104003145,RLI,34,58,10,630.00,"6,300.00"
2020-10-01,2020100104003144,RLI,34,54,10,630.00,"6,300.00"
2020-10-01,2020100104003143,RLI,34,45,10,630.00,"6,300.00"
2020-10-01,2020100104003142,RLI,34,34,10,630.00,"6,300.00"
2020-10-01,2020100104003141,RLI,34,6,10,630.00,"6,300.00"
2020-10-01,2020100104003140,RLI,34,28,10,630.00,"6,300.00"
2020-10-01,2020100104003151,RLI,34,54,10,630.00,"6,300.00"
2020-10-01,2020100104003150,RLI,34,47,10,630.00,"6,300.00"
2020-10-01,2020100104003149,RLI,34,41,10,630.00,"6,300.00"
2020-10-01,2020100104003148,RLI,34,58,10,630.00,"6,300.00"
2020-10-01,2020100104003147,RLI,34,58,10,630.00,"6,300.00"
2020-10-01,2020100104003146,RLI,34,34,10,630.00,"6,300.00"
2020-10-01,2020100104003129,SAEF,7,41,"8,910",10.51,"93,644.10"
2020-10-01,2020100104003127,SAEF,7,6,"3,500",10.50,"36,750.00"
2020-10-01,2020100104003126,SAEF,7,37,"1,900",10.50,"19,950.00"
2020-10-01,2020100104002866,SAEF,7,45,"3,000",10.46,"31,380.00"
2020-10-01,2020100104002838,SAEF,7,36,100,10.46,"1,046.00"
2020-10-01,2020100104002837,SAEF,58,36,200,10.46,"2,092.00"
2020-10-01,2020100104002805,SAEF,58,36,300,10.46,"3,138.00"
2020-10-01,2020100104002700,SAEF,45,37,100,10.50,"1,050.00"
2020-10-01,2020100104002663,SAEF,19,41,"1,090",10.51,"11,455.90"
2020-10-01,2020100104002662,SAEF,19,42,500,10.51,"5,255.00"
2020-10-01,2020100104002618,CMF1,34,22,"5,000",9.97,"49,850.00"
2020-10-01,2020100104002617,CMF1,34,1,"1,000",9.94,"9,940.00"
2020-10-01,2020100104002616,CMF1,34,7,"5,000",9.93,"49,650.00"
2020-10-01,2020100104002615,CMF1,34,41,"2,500",9.90,"24,750.00"
2020-10-01,2020100104002527,CMF1,43,25,"2,500",9.78,"24,450.00"
2020-10-01,2020100104002520,CMF1,43,39,"2,300",9.75,"22,425.00"
2020-10-01,2020100104002492,CMF1,46,39,"1,000",9.75,"9,750.00"
2020-10-01,2020100104002480,CMF1,14,22,"2,000",9.71,"19,420.00"
2020-10-01,2020100104002393,CMF1,46,16,100,9.71,971.00
2020-10-01,2020100104002588,LUK,34,49,100,8.85,885.00
2020-10-01,2020100104002502,LUK,34,49,200,8.85,"1,770.00"
2020-10-01,2020100104002545,NBF2,58,56,400,8.97,"3,588.00"
2020-10-01,2020100104002515,NBF2,11,56,100,8.97,897.00
2020-10-01,2020100104002408,NBF2,34,34,150,8.90,"1,335.00"
2020-10-01,2020100104002526,NEF,6,22,483,8.90,"4,298.70"
2020-10-01,2020100104002523,NEF,47,28,517,9.05,"4,678.85"
2020-10-01,2020100104002522,NEF,47,42,414,9.00,"3,726.00"
2020-10-01,2020100104002483,NEF,6,22,271,8.90,"2,411.90"
2020-10-01,2020100104002482,NEF,6,22,212,8.90,"1,886.80"
2020-10-01,2020100104002337,NEF,6,39,"2,788",8.90,"24,813.20"
2020-10-01,2020100104002336,NEF,6,39,"4,000",8.90,"35,600.00"
2020-10-01,2020100104002285,NEF,6,54,"3,909",8.90,"34,790.10"
2020-10-01,2020100104002284,NEF,6,54,"1,723",8.90,"15,334.70"
2020-10-01,2020100104002256,NEF,6,45,"2,277",8.90,"20,265.30"
2020-10-01,2020100104002255,NEF,6,45,137,8.90,"1,219.30"
2020-10-01,2020100104002580,NIBLPF,34,35,200,8.90,"1,780.00"
2020-10-01,2020100104002512,NIBPO,6,16,100,360.00,"36,000.00"
2020-10-01,2020100104002511,NIBPO,20,16,100,360.00,"36,000.00"
2020-10-01,2020100104002510,NIBPO,11,16,500,361.00,"180,500.00"
2020-10-01,2020100104002509,NIBPO,44,16,300,361.00,"108,300.00"
2020-10-01,2020100104002351,NIBPO,1,49,500,363.00,"181,500.00"
2020-10-01,2020100104002321,NMBHF1,7,4,646,10.05,"6,492.30"
2020-10-01,2020100104002318,NMBHF1,7,54,"2,887",10.00,"28,870.00"
2020-10-01,2020100104002295,NMBHF1,11,54,"5,000",10.00,"50,000.00"
2020-10-01,2020100104002286,NMBHF1,7,4,"1,004",10.05,"10,090.20"
2020-10-01,2020100104002177,NMBHF1,7,56,"3,752",9.99,"37,482.48"
2020-10-01,2020100104002576,RBCLPO,54,13,100,"10,400.00","1,040,000.00"
2020-10-01,2020100104002366,RBCLPO,35,8,17,"10,353.00","176,001.00"
2020-10-01,2020100104002348,RBCLPO,6,37,10,"10,350.00","103,500.00"
2020-10-01,2020100104002342,RBCLPO,6,37,40,"10,350.00","414,000.00"
2020-10-01,2020100104002328,RBCLPO,40,59,20,"10,348.00","206,960.00"
2020-10-01,2020100104002327,RBCLPO,40,21,10,"10,348.00","103,480.00"
2020-10-01,2020100104002326,RBCLPO,40,51,10,"10,347.00","103,470.00"
2020-10-01,2020100104002315,RBCLPO,40,57,30,"10,325.00","309,750.00"
2020-10-01,2020100104002239,RBCLPO,6,34,10,"10,325.00","103,250.00"
2020-10-01,2020100104002657,RLI,34,54,10,631.00,"6,310.00"
2020-10-01,2020100104002656,RLI,34,28,10,631.00,"6,310.00"
2020-10-01,2020100104002655,RLI,34,28,10,631.00,"6,310.00"
2020-10-01,2020100104002654,RLI,34,49,10,631.00,"6,310.00"
2020-10-01,2020100104002653,RLI,34,58,10,631.00,"6,310.00"
2020-10-01,2020100104002652,RLI,34,56,10,631.00,"6,310.00"
2020-10-01,2020100104002162,RLI,47,21,10,633.00,"6,330.00"
2020-10-01,2020100104002161,RLI,47,42,10,633.00,"6,330.00"
2020-10-01,2020100104002160,RLI,47,28,10,633.00,"6,330.00"
2020-10-01,2020100104002159,RLI,34,57,10,632.00,"6,320.00"
2020-10-01,2020100104002158,RLI,34,28,10,632.00,"6,320.00"
2020-10-01,2020100104002168,RLI,47,58,10,633.00,"6,330.00"
2020-10-01,2020100104002167,RLI,47,57,10,633.00,"6,330.00"
2020-10-01,2020100104002166,RLI,47,28,10,633.00,"6,330.00"
2020-10-01,2020100104002165,RLI,47,51,10,633.00,"6,330.00"
2020-10-01,2020100104002164,RLI,45,18,10,634.00,"6,340.00"
2020-10-01,2020100104002163,RLI,47,39,10,633.00,"6,330.00"
2020-10-01,2020100104002174,RLI,34,42,10,632.00,"6,320.00"
2020-10-01,2020100104002173,RLI,34,28,10,632.00,"6,320.00"
2020-10-01,2020100104002172,RLI,34,5,10,632.00,"6,320.00"
2020-10-01,2020100104002171,RLI,28,33,10,633.00,"6,330.00"
2020-10-01,2020100104002170,RLI,47,59,10,633.00,"6,330.00"
2020-10-01,2020100104002169,RLI,47,39,10,633.00,"6,330.00"
2020-10-01,2020100104002181,RLI,47,41,10,633.00,"6,330.00"
2020-10-01,2020100104002180,RLI,47,5,10,633.00,"6,330.00"
2020-10-01,2020100104002179,RLI,47,28,10,633.00,"6,330.00"
2020-10-01,2020100104002178,RLI,47,39,10,633.00,"6,330.00"
2020-10-01,2020100104002176,RLI,47,45,10,633.00,"6,330.00"
2020-10-01,2020100104002175,RLI,47,51,10,633.00,"6,330.00"
2020-10-01,2020100104002187,RLI,38,11,10,633.00,"6,330.00"
2020-10-01,2020100104002186,RLI,38,40,10,633.00,"6,330.00"
2020-10-01,2020100104002185,RLI,47,45,10,633.00,"6,330.00"
2020-10-01,2020100104002184,RLI,47,58,10,633.00,"6,330.00"
2020-10-01,2020100104002183,RLI,47,49,10,633.00,"6,330.00"
2020-10-01,2020100104002182,RLI,47,7,10,633.00,"6,330.00"
2020-10-01,2020100104002193,RLI,38,38,10,633.00,"6,330.00"
2020-10-01,2020100104002192,RLI,38,32,10,633.00,"6,330.00"
2020-10-01,2020100104002191,RLI,38,16,10,633.00,"6,330.00"
2020-10-01,2020100104002190,RLI,38,51,10,633.00,"6,330.00"
2020-10-01,2020100104002189,RLI,38,59,10,633.00,"6,330.00"
2020-10-01,2020100104002188,RLI,38,41,10,633.00,"6,330.00"
2020-10-01,2020100104002199,RLI,40,22,10,633.00,"6,330.00"
2020-10-01,2020100104002198,RLI,34,5,10,632.00,"6,320.00"
2020-10-01,2020100104002197,RLI,34,28,10,632.00,"6,320.00"
2020-10-01,2020100104002196,RLI,34,5,10,632.00,"6,320.00"
2020-10-01,2020100104002195,RLI,34,41,10,632.00,"6,320.00"
2020-10-01,2020100104002194,RLI,50,36,10,633.00,"6,330.00"
2020-10-01,2020100104002205,RLI,40,42,10,633.00,"6,330.00"
2020-10-01,2020100104002204,RLI,40,11,10,633.00,"6,330.00"
2020-10-01,2020100104002203,RLI,40,36,10,633.00,"6,330.00"
2020-10-01,2020100104002202,RLI,40,14,10,633.00,"6,330.00"
2020-10-01,2020100104002201,RLI,34,28,10,632.00,"6,320.00"
2020-10-01,2020100104002200,RLI,34,36,10,632.00,"6,320.00"
2020-10-01,2020100104002211,RLI,34,26,10,632.00,"6,320.00"
2020-10-01,2020100104002210,RLI,34,26,10,632.00,"6,320.00"
2020-10-01,2020100104002209,RLI,34,36,10,632.00,"6,320.00"
2020-10-01,2020100104002208,RLI,34,39,10,632.00,"6,320.00"
2020-10-01,2020100104002207,RLI,34,26,10,632.00,"6,320.00"
2020-10-01,2020100104002206,RLI,34,47,10,632.00,"6,320.00"
2020-10-01,2020100104002217,RLI,34,40,10,632.00,"6,320.00"
2020-10-01,2020100104002216,RLI,34,41,10,632.00,"6,320.00"
2020-10-01,2020100104002215,RLI,34,28,10,632.00,"6,320.00"
2020-10-01,2020100104002214,RLI,34,45,10,632.00,"6,320.00"
2020-10-01,2020100104002213,RLI,34,32,10,632.00,"6,320.00"
2020-10-01,2020100104002212,RLI,34,14,10,632.00,"6,320.00"
2020-10-01,2020100104002223,RLI,34,28,10,632.00,"6,320.00"
2020-10-01,2020100104002222,RLI,34,43,10,632.00,"6,320.00"
2020-10-01,2020100104002221,RLI,49,6,10,633.00,"6,330.00"
2020-10-01,2020100104002220,RLI,34,42,10,632.00,"6,320.00"
2020-10-01,2020100104002219,RLI,34,50,10,632.00,"6,320.00"
2020-10-01,2020100104002218,RLI,34,11,10,632.00,"6,320.00"
2020-10-01,2020100104002229,RLI,34,44,10,632.00,"6,320.00"
2020-10-01,2020100104002228,RLI,34,44,10,632.00,"6,320.00"
2020-10-01,2020100104002227,RLI,34,6,10,632.00,"6,320.00"
2020-10-01,2020100104002226,RLI,26,44,10,633.00,"6,330.00"
2020-10-01,2020100104002225,RLI,26,32,10,633.00,"6,330.00"
2020-10-01,2020100104002224,RLI,26,32,10,633.00,"6,330.00"
2020-10-01,2020100104002235,RLI,34,26,10,632.00,"6,320.00"
2020-10-01,2020100104002234,RLI,34,28,10,632.00,"6,320.00"
2020-10-01,2020100104002233,RLI,34,11,10,632.00,"6,320.00"
2020-10-01,2020100104002232,RLI,34,59,10,632.00,"6,320.00"
2020-10-01,2020100104002231,RLI,34,45,10,632.00,"6,320.00"
2020-10-01,2020100104002230,RLI,34,49,10,632.00,"6,320.00"
2020-10-01,2020100104002242,RLI,57,32,10,633.00,"6,330.00"
2020-10-01,2020100104002241,RLI,34,56,10,632.00,"6,320.00"
2020-10-01,2020100104002240,RLI,34,7,10,632.00,"6,320.00"
2020-10-01,2020100104002238,RLI,34,26,10,632.00,"6,320.00"
2020-10-01,2020100104002237,RLI,34,28,10,632.00,"6,320.00"
2020-10-01,2020100104002236,RLI,34,42,10,632.00,"6,320.00"
2020-10-01,2020100104002248,RLI,34,17,10,632.00,"6,320.00"
2020-10-01,2020100104002247,RLI,34,25,10,632.00,"6,320.00"
2020-10-01,2020100104002246,RLI,34,28,10,632.00,"6,320.00"
2020-10-01,2020100104002245,RLI,34,51,10,632.00,"6,320.00"
2020-10-01,2020100104002244,RLI,57,13,10,633.00,"6,330.00"
2020-10-01,2020100104002243,RLI,57,26,10,633.00,"6,330.00"
2020-10-01,2020100104002254,RLI,34,22,10,632.00,"6,320.00"
2020-10-01,2020100104002253,RLI,34,26,10,632.00,"6,320.00"
2020-10-01,2020100104002252,RLI,34,53,10,632.00,"6,320.00"
2020-10-01,2020100104002251,RLI,34,28,10,632.00,"6,320.00"
2020-10-01,2020100104002250,RLI,34,49,10,632.00,"6,320.00"
2020-10-01,2020100104002249,RLI,34,14,10,632.00,"6,320.00"
2020-10-01,2020100104002262,RLI,34,36,10,632.00,"6,320.00"
2020-10-01,2020100104002261,RLI,34,28,10,632.00,"6,320.00"
2020-10-01,2020100104002260,RLI,34,11,10,632.00,"6,320.00"
2020-10-01,2020100104002259,RLI,34,26,10,632.00,"6,320.00"
2020-10-01,2020100104002258,RLI,34,28,10,632.00,"6,320.00"
2020-10-01,2020100104002257,RLI,34,22,10,632.00,"6,320.00"
2020-10-01,2020100104002268,RLI,34,26,10,632.00,"6,320.00"
2020-10-01,2020100104002267,RLI,34,28,10,632.00,"6,320.00"
2020-10-01,2020100104002266,RLI,34,59,10,632.00,"6,320.00"
2020-10-01,2020100104002265,RLI,34,34,10,632.00,"6,320.00"
2020-10-01,2020100104002264,RLI,34,26,10,632.00,"6,320.00"
2020-10-01,2020100104002263,RLI,34,6,10,632.00,"6,320.00"
2020-10-01,2020100104002274,RLI,34,17,10,632.00,"6,320.00"
2020-10-01,2020100104002273,RLI,34,25,10,632.00,"6,320.00"
2020-10-01,2020100104002272,RLI,34,26,10,632.00,"6,320.00"
2020-10-01,2020100104002271,RLI,34,28,10,632.00,"6,320.00"
2020-10-01,2020100104002270,RLI,34,21,10,632.00,"6,320.00"
2020-10-01,2020100104002269,RLI,34,55,10,632.00,"6,320.00"
2020-10-01,2020100104002280,RLI,34,14,10,632.00,"6,320.00"
2020-10-01,2020100104002279,RLI,16,32,10,633.00,"6,330.00"
2020-10-01,2020100104002278,RLI,34,41,10,632.00,"6,320.00"
2020-10-01,2020100104002277,RLI,34,28,10,632.00,"6,320.00"
2020-10-01,2020100104002276,RLI,34,14,10,632.00,"6,320.00"
2020-10-01,2020100104002275,RLI,34,28,10,632.00,"6,320.00"
2020-10-01,2020100104002289,RLI,34,28,10,632.00,"6,320.00"
2020-10-01,2020100104002288,RLI,34,14,10,632.00,"6,320.00"
2020-10-01,2020100104002287,RLI,34,33,10,632.00,"6,320.00"
2020-10-01,2020100104002283,RLI,34,26,10,632.00,"6,320.00"
2020-10-01,2020100104002282,RLI,34,14,10,632.00,"6,320.00"
2020-10-01,2020100104002281,RLI,34,28,10,632.00,"6,320.00"
2020-10-01,2020100104002296,RLI,34,28,10,632.00,"6,320.00"
2020-10-01,2020100104002294,RLI,34,26,10,632.00,"6,320.00"
2020-10-01,2020100104002293,RLI,34,51,10,632.00,"6,320.00"
2020-10-01,2020100104002292,RLI,34,29,10,632.00,"6,320.00"
2020-10-01,2020100104002291,RLI,34,41,10,632.00,"6,320.00"
2020-10-01,2020100104002290,RLI,34,22,10,632.00,"6,320.00"
2020-10-01,2020100104002302,RLI,34,39,10,632.00,"6,320.00"
2020-10-01,2020100104002301,RLI,34,7,10,632.00,"6,320.00"
2020-10-01,2020100104002300,RLI,34,14,10,632.00,"6,320.00"
2020-10-01,2020100104002299,RLI,57,58,10,633.00,"6,330.00"
2020-10-01,2020100104002298,RLI,57,58,10,633.00,"6,330.00"
2020-10-01,2020100104002297,RLI,57,58,10,633.00,"6,330.00"
2020-10-01,2020100104002308,RLI,57,45,10,634.00,"6,340.00"
2020-10-01,2020100104002307,RLI,57,55,10,634.00,"6,340.00"
2020-10-01,2020100104002306,RLI,57,56,10,634.00,"6,340.00"
2020-10-01,2020100104002305,RLI,57,38,10,634.00,"6,340.00"
2020-10-01,2020100104002304,RLI,57,51,10,634.00,"6,340.00"
2020-10-01,2020100104002303,RLI,57,42,10,634.00,"6,340.00"
2020-10-01,2020100104002314,RLI,42,49,10,632.00,"6,320.00"
2020-10-01,2020100104002313,RLI,42,28,10,632.00,"6,320.00"
2020-10-01,2020100104002312,RLI,34,37,10,632.00,"6,320.00"
2020-10-01,2020100104002311,RLI,34,7,10,632.00,"6,320.00"
2020-10-01,2020100104002310,RLI,34,29,10,632.00,"6,320.00"
2020-10-01,2020100104002309,RLI,34,29,10,632.00,"6,320.00"
2020-10-01,2020100104002323,RLI,42,49,10,632.00,"6,320.00"
2020-10-01,2020100104002322,RLI,42,11,10,632.00,"6,320.00"
2020-10-01,2020100104002320,RLI,42,28,10,632.00,"6,320.00"
2020-10-01,2020100104002319,RLI,42,7,10,632.00,"6,320.00"
2020-10-01,2020100104002317,RLI,42,14,10,632.00,"6,320.00"
2020-10-01,2020100104002316,RLI,42,28,10,632.00,"6,320.00"
2020-10-01,2020100104002332,RLI,33,58,10,632.00,"6,320.00"
2020-10-01,2020100104002331,RLI,33,51,10,632.00,"6,320.00"
2020-10-01,2020100104002330,RLI,33,7,10,632.00,"6,320.00"
2020-10-01,2020100104002329,RLI,33,36,10,632.00,"6,320.00"
2020-10-01,2020100104002325,RLI,42,28,10,632.00,"6,320.00"
2020-10-01,2020100104002324,RLI,42,16,10,632.00,"6,320.00"
2020-10-01,2020100104002340,RLI,59,28,10,632.00,"6,320.00"
2020-10-01,2020100104002339,RLI,59,45,10,632.00,"6,320.00"
2020-10-01,2020100104002338,RLI,59,16,10,632.00,"6,320.00"
2020-10-01,2020100104002335,RLI,59,56,10,632.00,"6,320.00"
2020-10-01,2020100104002334,RLI,10,45,10,632.00,"6,320.00"
2020-10-01,2020100104002333,RLI,33,28,10,632.00,"6,320.00"
2020-10-01,2020100104002347,RLI,59,28,10,632.00,"6,320.00"
2020-10-01,2020100104002346,RLI,59,28,10,632.00,"6,320.00"
2020-10-01,2020100104002345,RLI,59,45,10,632.00,"6,320.00"
2020-10-01,2020100104002344,RLI,57,56,10,633.00,"6,330.00"
2020-10-01,2020100104002343,RLI,59,7,10,632.00,"6,320.00"
2020-10-01,2020100104002341,RLI,59,36,10,632.00,"6,320.00"
2020-10-01,2020100104002355,RLI,49,56,10,633.00,"6,330.00"
2020-10-01,2020100104002354,RLI,34,28,10,632.00,"6,320.00"
2020-10-01,2020100104002353,RLI,34,11,10,632.00,"6,320.00"
2020-10-01,2020100104002352,RLI,34,28,10,632.00,"6,320.00"
2020-10-01,2020100104002350,RLI,57,36,10,633.00,"6,330.00"
2020-10-01,2020100104002349,RLI,59,56,10,632.00,"6,320.00"
2020-10-01,2020100104002361,RLI,49,28,10,633.00,"6,330.00"
2020-10-01,2020100104002360,RLI,49,38,10,633.00,"6,330.00"
2020-10-01,2020100104002359,RLI,49,42,10,633.00,"6,330.00"
2020-10-01,2020100104002358,RLI,49,28,10,633.00,"6,330.00"
2020-10-01,2020100104002357,RLI,49,18,10,633.00,"6,330.00"
2020-10-01,2020100104002356,RLI,49,56,10,633.00,"6,330.00"
2020-10-01,2020100104002368,RLI,49,28,10,633.00,"6,330.00"
2020-10-01,2020100104002367,RLI,49,26,10,633.00,"6,330.00"
2020-10-01,2020100104002365,RLI,49,18,10,633.00,"6,330.00"
2020-10-01,2020100104002364,RLI,49,28,10,633.00,"6,330.00"
2020-10-01,2020100104002363,RLI,49,28,10,633.00,"6,330.00"
2020-10-01,2020100104002362,RLI,49,36,10,633.00,"6,330.00"
2020-10-01,2020100104002374,RLI,1,1,10,634.00,"6,340.00"
2020-10-01,2020100104002373,RLI,1,28,10,634.00,"6,340.00"
2020-10-01,2020100104002372,RLI,1,14,10,634.00,"6,340.00"
2020-10-01,2020100104002371,RLI,1,48,10,634.00,"6,340.00"
2020-10-01,2020100104002370,RLI,1,36,10,634.00,"6,340.00"
2020-10-01,2020100104002369,RLI,49,18,10,633.00,"6,330.00"
2020-10-01,2020100104002380,RLI,1,42,10,634.00,"6,340.00"
2020-10-01,2020100104002379,RLI,1,28,10,634.00,"6,340.00"
2020-10-01,2020100104002378,RLI,1,14,10,634.00,"6,340.00"
2020-10-01,2020100104002377,RLI,1,22,10,634.00,"6,340.00"
2020-10-01,2020100104002376,RLI,1,18,10,634.00,"6,340.00"
2020-10-01,2020100104002375,RLI,1,1,10,634.00,"6,340.00"
2020-10-01,2020100104002386,RLI,1,46,10,634.00,"6,340.00"
2020-10-01,2020100104002385,RLI,1,28,10,634.00,"6,340.00"
2020-10-01,2020100104002384,RLI,1,14,10,634.00,"6,340.00"
2020-10-01,2020100104002383,RLI,1,18,10,634.00,"6,340.00"
2020-10-01,2020100104002382,RLI,1,44,10,634.00,"6,340.00"
2020-10-01,2020100104002381,RLI,1,48,10,634.00,"6,340.00"
2020-10-01,2020100104002392,RLI,49,14,10,633.00,"6,330.00"
2020-10-01,2020100104002391,RLI,49,19,10,633.00,"6,330.00"
2020-10-01,2020100104002390,RLI,56,28,10,634.00,"6,340.00"
2020-10-01,2020100104002389,RLI,1,14,10,634.00,"6,340.00"
2020-10-01,2020100104002388,RLI,1,18,10,634.00,"6,340.00"
2020-10-01,2020100104002387,RLI,1,48,10,634.00,"6,340.00"
2020-10-01,2020100104002399,RLI,49,14,10,633.00,"6,330.00"
2020-10-01,2020100104002398,RLI,49,49,10,633.00,"6,330.00"
2020-10-01,2020100104002397,RLI,49,14,10,633.00,"6,330.00"
2020-10-01,2020100104002396,RLI,49,48,10,633.00,"6,330.00"
2020-10-01,2020100104002395,RLI,49,28,10,633.00,"6,330.00"
2020-10-01,2020100104002394,RLI,49,55,10,633.00,"6,330.00"
2020-10-01,2020100104002405,RLI,49,40,10,633.00,"6,330.00"
2020-10-01,2020100104002404,RLI,49,14,10,633.00,"6,330.00"
2020-10-01,2020100104002403,RLI,49,11,10,633.00,"6,330.00"
2020-10-01,2020100104002402,RLI,49,48,10,633.00,"6,330.00"
2020-10-01,2020100104002401,RLI,49,14,10,633.00,"6,330.00"
2020-10-01,2020100104002400,RLI,49,55,10,633.00,"6,330.00"
2020-10-01,2020100104002412,RLI,26,32,10,633.00,"6,330.00"
2020-10-01,2020100104002411,RLI,26,41,10,633.00,"6,330.00"
2020-10-01,2020100104002410,RLI,26,46,10,633.00,"6,330.00"
2020-10-01,2020100104002409,RLI,26,14,10,633.00,"6,330.00"
2020-10-01,2020100104002407,RLI,49,41,10,633.00,"6,330.00"
2020-10-01,2020100104002406,RLI,49,14,10,633.00,"6,330.00"
2020-10-01,2020100104002418,RLI,26,43,10,633.00,"6,330.00"
2020-10-01,2020100104002417,RLI,26,55,10,633.00,"6,330.00"
2020-10-01,2020100104002416,RLI,26,14,10,633.00,"6,330.00"
2020-10-01,2020100104002415,RLI,26,46,10,633.00,"6,330.00"
2020-10-01,2020100104002414,RLI,26,18,10,633.00,"6,330.00"
2020-10-01,2020100104002413,RLI,26,14,10,633.00,"6,330.00"
2020-10-01,2020100104002424,RLI,34,14,10,632.00,"6,320.00"
2020-10-01,2020100104002423,RLI,34,17,10,632.00,"6,320.00"
2020-10-01,2020100104002422,RLI,34,18,10,632.00,"6,320.00"
2020-10-01,2020100104002421,RLI,34,29,10,632.00,"6,320.00"
2020-10-01,2020100104002420,RLI,34,14,10,632.00,"6,320.00"
2020-10-01,2020100104002419,RLI,57,11,10,633.00,"6,330.00"
2020-10-01,2020100104002430,RLI,34,14,10,632.00,"6,320.00"
2020-10-01,2020100104002429,RLI,34,51,10,632.00,"6,320.00"
2020-10-01,2020100104002428,RLI,34,14,10,632.00,"6,320.00"
2020-10-01,2020100104002427,RLI,34,39,10,632.00,"6,320.00"
2020-10-01,2020100104002426,RLI,34,55,10,632.00,"6,320.00"
2020-10-01,2020100104002425,RLI,34,32,10,632.00,"6,320.00"
2020-10-01,2020100104002436,RLI,34,21,10,632.00,"6,320.00"
2020-10-01,2020100104002435,RLI,34,22,10,632.00,"6,320.00"
2020-10-01,2020100104002434,RLI,34,55,10,632.00,"6,320.00"
2020-10-01,2020100104002433,RLI,34,22,10,632.00,"6,320.00"
2020-10-01,2020100104002432,RLI,34,55,10,632.00,"6,320.00"
2020-10-01,2020100104002431,RLI,34,43,10,632.00,"6,320.00"
2020-10-01,2020100104002442,RLI,1,55,10,632.00,"6,320.00"
2020-10-01,2020100104002441,RLI,1,58,10,632.00,"6,320.00"
2020-10-01,2020100104002440,RLI,1,21,10,632.00,"6,320.00"
2020-10-01,2020100104002439,RLI,1,55,10,632.00,"6,320.00"
2020-10-01,2020100104002438,RLI,45,21,10,632.00,"6,320.00"
2020-10-01,2020100104002437,RLI,45,19,10,632.00,"6,320.00"
2020-10-01,2020100104002448,RLI,1,37,10,632.00,"6,320.00"
2020-10-01,2020100104002447,RLI,1,21,10,632.00,"6,320.00"
2020-10-01,2020100104002446,RLI,1,18,10,632.00,"6,320.00"
2020-10-01,2020100104002445,RLI,1,21,10,632.00,"6,320.00"
2020-10-01,2020100104002444,RLI,1,53,10,632.00,"6,320.00"
2020-10-01,2020100104002443,RLI,1,21,10,632.00,"6,320.00"
2020-10-01,2020100104002455,RLI,19,22,10,632.00,"6,320.00"
2020-10-01,2020100104002453,RLI,19,21,10,632.00,"6,320.00"
2020-10-01,2020100104002452,RLI,19,21,10,632.00,"6,320.00"
2020-10-01,2020100104002451,RLI,19,55,10,632.00,"6,320.00"
2020-10-01,2020100104002450,RLI,19,43,10,632.00,"6,320.00"
2020-10-01,2020100104002449,RLI,19,21,10,632.00,"6,320.00"
2020-10-01,2020100104002461,RLI,19,43,10,632.00,"6,320.00"
2020-10-01,2020100104002460,RLI,19,49,10,632.00,"6,320.00"
2020-10-01,2020100104002459,RLI,6,21,10,633.00,"6,330.00"
2020-10-01,2020100104002458,RLI,6,45,10,633.00,"6,330.00"
2020-10-01,2020100104002457,RLI,6,33,10,633.00,"6,330.00"
2020-10-01,2020100104002456,RLI,6,45,10,633.00,"6,330.00"
2020-10-01,2020100104002467,RLI,45,21,10,632.00,"6,320.00"
2020-10-01,2020100104002466,RLI,45,49,10,632.00,"6,320.00"
2020-10-01,2020100104002465,RLI,45,43,10,632.00,"6,320.00"
2020-10-01,2020100104002464,RLI,49,21,10,632.00,"6,320.00"
2020-10-01,2020100104002463,RLI,49,21,10,632.00,"6,320.00"
2020-10-01,2020100104002462,RLI,49,55,10,632.00,"6,320.00"
2020-10-01,2020100104002473,RLI,34,55,10,631.00,"6,310.00"
2020-10-01,2020100104002472,RLI,34,21,10,631.00,"6,310.00"
2020-10-01,2020100104002471,RLI,34,21,10,631.00,"6,310.00"
2020-10-01,2020100104002470,RLI,45,59,10,632.00,"6,320.00"
2020-10-01,2020100104002469,RLI,45,21,10,632.00,"6,320.00"
2020-10-01,2020100104002468,RLI,45,55,10,632.00,"6,320.00"
2020-10-01,2020100104002479,RLI,34,45,10,631.00,"6,310.00"
2020-10-01,2020100104002478,RLI,32,41,10,632.00,"6,320.00"
2020-10-01,2020100104002477,RLI,34,55,10,631.00,"6,310.00"
2020-10-01,2020100104002476,RLI,34,21,10,631.00,"6,310.00"
2020-10-01,2020100104002475,RLI,34,21,10,631.00,"6,310.00"
2020-10-01,2020100104002474,RLI,34,43,10,631.00,"6,310.00"
2020-10-01,2020100104002490,RLI,21,51,10,632.00,"6,320.00"
2020-10-01,2020100104002489,RLI,21,33,10,632.00,"6,320.00"
2020-10-01,2020100104002488,RLI,21,21,10,632.00,"6,320.00"
2020-10-01,2020100104002487,RLI,21,22,10,632.00,"6,320.00"
2020-10-01,2020100104002485,RLI,34,34,10,631.00,"6,310.00"
2020-10-01,2020100104002481,RLI,34,55,10,631.00,"6,310.00"
2020-10-01,2020100104002498,RLI,21,17,10,632.00,"6,320.00"
2020-10-01,2020100104002497,RLI,21,58,10,632.00,"6,320.00"
2020-10-01,2020100104002495,RLI,21,36,10,632.00,"6,320.00"
2020-10-01,2020100104002494,RLI,21,11,10,632.00,"6,320.00"
2020-10-01,2020100104002493,RLI,21,45,10,632.00,"6,320.00"
2020-10-01,2020100104002491,RLI,21,48,10,632.00,"6,320.00"
2020-10-01,2020100104002505,RLI,34,28,10,631.00,"6,310.00"
2020-10-01,2020100104002504,RLI,21,36,10,632.00,"6,320.00"
2020-10-01,2020100104002503,RLI,21,56,10,632.00,"6,320.00"
2020-10-01,2020100104002501,RLI,21,28,10,632.00,"6,320.00"
2020-10-01,2020100104002500,RLI,21,18,10,632.00,"6,320.00"
2020-10-01,2020100104002499,RLI,21,28,10,632.00,"6,320.00"
2020-10-01,2020100104002516,RLI,45,28,10,632.00,"6,320.00"
2020-10-01,2020100104002514,RLI,45,45,10,632.00,"6,320.00"
2020-10-01,2020100104002513,RLI,45,28,10,632.00,"6,320.00"
2020-10-01,2020100104002508,RLI,34,25,10,631.00,"6,310.00"
2020-10-01,2020100104002507,RLI,34,51,10,631.00,"6,310.00"
2020-10-01,2020100104002506,RLI,34,28,10,631.00,"6,310.00"
2020-10-01,2020100104002525,RLI,45,28,10,632.00,"6,320.00"
2020-10-01,2020100104002524,RLI,45,26,10,632.00,"6,320.00"
2020-10-01,2020100104002521,RLI,45,45,10,632.00,"6,320.00"
2020-10-01,2020100104002519,RLI,45,28,10,632.00,"6,320.00"
2020-10-01,2020100104002518,RLI,45,56,10,632.00,"6,320.00"
2020-10-01,2020100104002517,RLI,45,35,10,632.00,"6,320.00"
2020-10-01,2020100104002534,RLI,45,47,10,632.00,"6,320.00"
2020-10-01,2020100104002532,RLI,45,28,10,632.00,"6,320.00"
2020-10-01,2020100104002531,RLI,44,44,10,633.00,"6,330.00"
2020-10-01,2020100104002530,RLI,44,22,30,633.00,"18,990.00"
2020-10-01,2020100104002529,RLI,44,1,10,633.00,"6,330.00"
2020-10-01,2020100104002528,RLI,45,28,10,632.00,"6,320.00"
2020-10-01,2020100104002540,RLI,45,55,10,632.00,"6,320.00"
2020-10-01,2020100104002539,RLI,45,51,10,632.00,"6,320.00"
2020-10-01,2020100104002538,RLI,45,28,10,632.00,"6,320.00"
2020-10-01,2020100104002537,RLI,45,49,10,632.00,"6,320.00"
2020-10-01,2020100104002536,RLI,45,55,10,632.00,"6,320.00"
2020-10-01,2020100104002535,RLI,45,16,10,632.00,"6,320.00"
2020-10-01,2020100104002547,RLI,34,59,10,631.00,"6,310.00"
2020-10-01,2020100104002546,RLI,34,44,10,631.00,"6,310.00"
2020-10-01,2020100104002544,RLI,34,36,10,631.00,"6,310.00"
2020-10-01,2020100104002543,RLI,34,59,10,631.00,"6,310.00"
2020-10-01,2020100104002542,RLI,45,34,10,632.00,"6,320.00"
2020-10-01,2020100104002541,RLI,45,28,10,632.00,"6,320.00"
2020-10-01,2020100104002553,RLI,34,49,10,631.00,"6,310.00"
2020-10-01,2020100104002552,RLI,34,17,10,631.00,"6,310.00"
2020-10-01,2020100104002551,RLI,34,59,10,631.00,"6,310.00"
2020-10-01,2020100104002550,RLI,34,43,10,631.00,"6,310.00"
2020-10-01,2020100104002549,RLI,34,56,10,631.00,"6,310.00"
2020-10-01,2020100104002548,RLI,34,43,10,631.00,"6,310.00"
2020-10-01,2020100104002559,RLI,44,18,10,632.00,"6,320.00"
2020-10-01,2020100104002558,RLI,44,53,10,632.00,"6,320.00"
2020-10-01,2020100104002557,RLI,44,32,10,632.00,"6,320.00"
2020-10-01,2020100104002556,RLI,44,25,10,632.00,"6,320.00"
2020-10-01,2020100104002555,RLI,44,56,10,632.00,"6,320.00"
2020-10-01,2020100104002554,RLI,34,59,10,631.00,"6,310.00"
2020-10-01,2020100104002565,RLI,44,34,10,632.00,"6,320.00"
2020-10-01,2020100104002564,RLI,44,49,10,632.00,"6,320.00"
2020-10-01,2020100104002563,RLI,57,14,10,633.00,"6,330.00"
2020-10-01,2020100104002562,RLI,57,22,10,633.00,"6,330.00"
2020-10-01,2020100104002561,RLI,44,32,10,632.00,"6,320.00"
2020-10-01,2020100104002560,RLI,44,14,10,632.00,"6,320.00"
2020-10-01,2020100104002571,RLI,44,57,10,632.00,"6,320.00"
2020-10-01,2020100104002570,RLI,44,29,10,632.00,"6,320.00"
2020-10-01,2020100104002569,RLI,44,40,10,632.00,"6,320.00"
2020-10-01,2020100104002568,RLI,44,32,10,632.00,"6,320.00"
2020-10-01,2020100104002567,RLI,44,17,10,632.00,"6,320.00"
2020-10-01,2020100104002566,RLI,44,57,10,632.00,"6,320.00"
2020-10-01,2020100104002578,RLI,44,17,10,632.00,"6,320.00"
2020-10-01,2020100104002577,RLI,44,4,10,632.00,"6,320.00"
2020-10-01,2020100104002575,RLI,44,16,10,632.00,"6,320.00"
2020-10-01,2020100104002574,RLI,44,17,10,632.00,"6,320.00"
2020-10-01,2020100104002573,RLI,44,32,10,632.00,"6,320.00"
2020-10-01,2020100104002572,RLI,44,39,10,632.00,"6,320.00"
2020-10-01,2020100104002585,RLI,34,17,10,632.00,"6,320.00"
2020-10-01,2020100104002584,RLI,34,17,10,632.00,"6,320.00"
2020-10-01,2020100104002583,RLI,44,14,10,632.00,"6,320.00"
2020-10-01,2020100104002582,RLI,44,17,10,632.00,"6,320.00"
2020-10-01,2020100104002581,RLI,44,17,10,632.00,"6,320.00"
2020-10-01,2020100104002579,RLI,44,7,10,632.00,"6,320.00"
2020-10-01,2020100104002592,RLI,34,49,10,632.00,"6,320.00"
2020-10-01,2020100104002591,RLI,34,18,10,632.00,"6,320.00"
2020-10-01,2020100104002590,RLI,34,35,10,632.00,"6,320.00"
2020-10-01,2020100104002589,RLI,34,49,10,632.00,"6,320.00"
2020-10-01,2020100104002587,RLI,34,1,10,632.00,"6,320.00"
2020-10-01,2020100104002586,RLI,34,49,10,632.00,"6,320.00"
2020-10-01,2020100104002598,RLI,34,48,10,632.00,"6,320.00"
2020-10-01,2020100104002597,RLI,34,49,10,632.00,"6,320.00"
2020-10-01,2020100104002596,RLI,34,51,10,632.00,"6,320.00"
2020-10-01,2020100104002595,RLI,34,38,10,632.00,"6,320.00"
2020-10-01,2020100104002594,RLI,34,1,10,632.00,"6,320.00"
2020-10-01,2020100104002593,RLI,34,20,10,632.00,"6,320.00"
2020-10-01,2020100104002604,RLI,34,55,10,632.00,"6,320.00"
2020-10-01,2020100104002603,RLI,34,28,10,632.00,"6,320.00"
2020-10-01,2020100104002602,RLI,34,58,10,632.00,"6,320.00"
2020-10-01,2020100104002601,RLI,34,49,10,632.00,"6,320.00"
2020-10-01,2020100104002600,RLI,34,28,10,632.00,"6,320.00"
2020-10-01,2020100104002599,RLI,34,13,10,632.00,"6,320.00"
2020-10-01,2020100104002610,RLI,34,51,10,631.00,"6,310.00"
2020-10-01,2020100104002609,RLI,34,1,10,631.00,"6,310.00"
2020-10-01,2020100104002608,RLI,34,25,10,631.00,"6,310.00"
2020-10-01,2020100104002607,RLI,34,26,10,631.00,"6,310.00"
2020-10-01,2020100104002606,RLI,34,49,10,631.00,"6,310.00"
2020-10-01,2020100104002605,RLI,34,28,10,631.00,"6,310.00"
2020-10-01,2020100104002620,RLI,34,38,10,631.00,"6,310.00"
2020-10-01,2020100104002619,RLI,34,53,10,631.00,"6,310.00"
2020-10-01,2020100104002614,RLI,34,55,10,631.00,"6,310.00"
2020-10-01,2020100104002613,RLI,34,18,10,631.00,"6,310.00"
2020-10-01,2020100104002612,RLI,34,49,10,631.00,"6,310.00"
2020-10-01,2020100104002611,RLI,34,20,10,631.00,"6,310.00"
2020-10-01,2020100104002626,RLI,45,35,10,632.00,"6,320.00"
2020-10-01,2020100104002625,RLI,45,3,10,632.00,"6,320.00"
2020-10-01,2020100104002624,RLI,34,58,10,631.00,"6,310.00"
2020-10-01,2020100104002623,RLI,34,47,10,631.00,"6,310.00"
2020-10-01,2020100104002622,RLI,34,36,10,631.00,"6,310.00"
2020-10-01,2020100104002621,RLI,34,38,10,631.00,"6,310.00"
2020-10-01,2020100104002632,RLI,45,44,10,632.00,"6,320.00"
2020-10-01,2020100104002631,RLI,45,1,10,632.00,"6,320.00"
2020-10-01,2020100104002630,RLI,45,7,10,632.00,"6,320.00"
2020-10-01,2020100104002629,RLI,45,37,10,632.00,"6,320.00"
2020-10-01,2020100104002628,RLI,45,1,10,632.00,"6,320.00"
2020-10-01,2020100104002627,RLI,45,38,10,632.00,"6,320.00"
2020-10-01,2020100104002638,RLI,34,45,10,631.00,"6,310.00"
2020-10-01,2020100104002637,RLI,45,1,10,632.00,"6,320.00"
2020-10-01,2020100104002636,RLI,45,19,10,632.00,"6,320.00"
2020-10-01,2020100104002635,RLI,45,45,10,632.00,"6,320.00"
2020-10-01,2020100104002634,RLI,45,45,10,632.00,"6,320.00"
2020-10-01,2020100104002633,RLI,45,57,10,632.00,"6,320.00"
2020-10-01,2020100104002644,RLI,34,49,10,631.00,"6,310.00"
2020-10-01,2020100104002643,RLI,34,29,10,631.00,"6,310.00"
2020-10-01,2020100104002642,RLI,34,28,10,631.00,"6,310.00"
2020-10-01,2020100104002641,RLI,34,6,10,631.00,"6,310.00"
2020-10-01,2020100104002640,RLI,34,49,10,631.00,"6,310.00"
2020-10-01,2020100104002639,RLI,34,28,10,631.00,"6,310.00"
2020-10-01,2020100104002651,RLI,34,6,10,631.00,"6,310.00"
2020-10-01,2020100104002650,RLI,34,45,10,631.00,"6,310.00"
2020-10-01,2020100104002649,RLI,34,38,10,631.00,"6,310.00"
2020-10-01,2020100104002648,RLI,34,28,10,631.00,"6,310.00"
2020-10-01,2020100104002647,RLI,34,49,10,631.00,"6,310.00"
2020-10-01,2020100104002646,RLI,34,28,10,631.00,"6,310.00"
2020-10-01,2020100104002484,SAEF,19,22,"5,000",10.51,"52,550.00"
2020-10-01,2020100104002454,SAEF,19,29,"1,410",10.51,"14,819.10"
2020-10-01,2020100104002533,SBIBD86,14,21,50,"1,000.00","50,000.00"
2020-10-01,2020100104002645,SEF,26,45,500,9.15,"4,575.00"
2020-10-01,2020100104002486,SEF,26,22,"2,000",9.15,"18,300.00"
2020-10-01,2020100104002496,STC,59,21,50,"3,500.00","175,000.00"
2020-10-01,2020100104002042,CMF1,7,22,"9,000",9.71,"87,390.00"
2020-10-01,2020100104002008,GIMES1,6,28,"2,500",9.30,"23,250.00"
2020-10-01,2020100104002002,GIMES1,6,28,747,9.30,"6,947.10"
2020-10-01,2020100104001973,GIMES1,6,29,"4,571",9.30,"42,510.30"
2020-10-01,2020100104001706,LEMF,48,44,"3,000",8.70,"26,100.00"
2020-10-01,2020100104002133,LUK,57,50,100,8.86,886.00
2020-10-01,2020100104002057,LUK,57,57,200,8.85,"1,770.00"
2020-10-01,2020100104002015,LUK,26,54,500,8.84,"4,420.00"
2020-10-01,2020100104001995,LUK,26,42,100,8.84,884.00
2020-10-01,2020100104001819,LUK,7,58,500,8.92,"4,460.00"
2020-10-01,2020100104001740,LUK,7,21,100,8.90,890.00
2020-10-01,2020100104002048,NBF2,36,49,500,8.90,"4,450.00"
2020-10-01,2020100104001892,NBF2,48,49,500,8.80,"4,400.00"
2020-10-01,2020100104001880,NBF2,11,34,100,8.97,897.00
2020-10-01,2020100104001864,NBF2,7,34,250,8.97,"2,242.50"
2020-10-01,2020100104001860,NBF2,7,28,250,8.97,"2,242.50"
2020-10-01,2020100104001659,NBF2,48,39,"4,000",8.80,"35,200.00"
2020-10-01,2020100104001658,NBF2,48,39,300,8.80,"2,640.00"
2020-10-01,2020100104001983,NEF,6,4,"2,414",8.90,"21,484.60"
2020-10-01,2020100104001865,NEF,48,26,"7,978",9.00,"71,802.00"
2020-10-01,2020100104001846,NEF,48,34,241,9.00,"2,169.00"
2020-10-01,2020100104001765,NEF,48,13,241,9.00,"2,169.00"
2020-10-01,2020100104001761,NEF,48,41,"1,449",9.00,"13,041.00"
2020-10-01,2020100104001703,NEF,48,42,483,9.00,"4,347.00"
2020-10-01,2020100104001691,NEF,48,41,"2,414",9.00,"21,726.00"
2020-10-01,2020100104001690,NEF,48,4,"2,414",9.00,"21,726.00"
2020-10-01,2020100104001687,NEF,48,57,"2,414",9.00,"21,726.00"
2020-10-01,2020100104001665,NEF,48,25,"2,366",9.00,"21,294.00"
2020-10-01,2020100104002011,NIBLPF,34,28,808,8.90,"7,191.20"
2020-10-01,2020100104001902,NIBLPF,34,43,772,8.90,"6,870.80"
2020-10-01,2020100104001769,NIBLPF,48,43,"20,000",8.90,"178,000.00"
2020-10-01,2020100104002079,NICBF,36,57,200,8.82,"1,764.00"
2020-10-01,2020100104001922,NICBF,41,45,"2,000",8.78,"17,560.00"
2020-10-01,2020100104001921,NICBF,41,28,300,8.78,"2,634.00"
2020-10-01,2020100104001858,NICBF,47,28,200,8.80,"1,760.00"
2020-10-01,2020100104002125,NICGF,34,16,100,9.60,960.00
2020-10-01,2020100104002001,NMBHF1,28,4,"2,511",10.05,"25,235.55"
2020-10-01,2020100104001753,NMBHF1,28,21,832,10.05,"8,361.60"
2020-10-01,2020100104001749,NMBHF1,28,21,832,10.05,"8,361.60"
2020-10-01,2020100104001723,NMBHF1,28,4,"4,161",10.05,"41,818.05"
2020-10-01,2020100104001720,NMBHF1,28,42,832,10.05,"8,361.60"
2020-10-01,2020100104002157,RLI,34,58,10,632.00,"6,320.00"
2020-10-01,2020100104002156,RLI,34,28,10,632.00,"6,320.00"
2020-10-01,2020100104002155,RLI,34,5,10,632.00,"6,320.00"
2020-10-01,2020100104002154,RLI,34,28,10,632.00,"6,320.00"
2020-10-01,2020100104002153,RLI,34,26,10,632.00,"6,320.00"
2020-10-01,2020100104002152,RLI,34,36,10,632.00,"6,320.00"
2020-10-01,2020100104001664,RLI,33,39,10,636.00,"6,360.00"
2020-10-01,2020100104001663,RLI,33,10,50,636.00,"31,800.00"
2020-10-01,2020100104001662,RLI,33,52,10,636.00,"6,360.00"
2020-10-01,2020100104001661,RLI,33,39,10,636.00,"6,360.00"
2020-10-01,2020100104001660,RLI,33,33,10,636.00,"6,360.00"
2020-10-01,2020100104001671,RLI,17,22,10,634.00,"6,340.00"
2020-10-01,2020100104001670,RLI,51,29,70,635.00,"44,450.00"
2020-10-01,2020100104001669,RLI,51,39,10,635.00,"6,350.00"
2020-10-01,2020100104001668,RLI,51,39,10,635.00,"6,350.00"
2020-10-01,2020100104001667,RLI,51,39,10,635.00,"6,350.00"
2020-10-01,2020100104001666,RLI,48,39,10,635.00,"6,350.00"
2020-10-01,2020100104001677,RLI,34,57,10,633.00,"6,330.00"
2020-10-01,2020100104001676,RLI,34,39,10,633.00,"6,330.00"
2020-10-01,2020100104001675,RLI,34,29,430,633.00,"272,190.00"
2020-10-01,2020100104001674,RLI,34,41,10,633.00,"6,330.00"
2020-10-01,2020100104001673,RLI,8,34,10,633.00,"6,330.00"
2020-10-01,2020100104001672,RLI,8,28,10,633.00,"6,330.00"
2020-10-01,2020100104001683,RLI,52,43,10,632.00,"6,320.00"
2020-10-01,2020100104001682,RLI,52,39,10,632.00,"6,320.00"
2020-10-01,2020100104001681,RLI,34,22,10,633.00,"6,330.00"
2020-10-01,2020100104001680,RLI,34,58,10,633.00,"6,330.00"
2020-10-01,2020100104001679,RLI,34,53,10,633.00,"6,330.00"
2020-10-01,2020100104001678,RLI,34,43,10,633.00,"6,330.00"
2020-10-01,2020100104001692,RLI,59,38,10,631.00,"6,310.00"
2020-10-01,2020100104001689,RLI,52,56,40,632.00,"25,280.00"
2020-10-01,2020100104001688,RLI,52,58,10,632.00,"6,320.00"
2020-10-01,2020100104001686,RLI,52,28,10,632.00,"6,320.00"
2020-10-01,2020100104001685,RLI,52,51,10,632.00,"6,320.00"
2020-10-01,2020100104001684,RLI,52,57,10,632.00,"6,320.00"
2020-10-01,2020100104001698,RLI,47,57,10,631.00,"6,310.00"
2020-10-01,2020100104001697,RLI,47,43,10,631.00,"6,310.00"
2020-10-01,2020100104001696,RLI,47,56,10,631.00,"6,310.00"
2020-10-01,2020100104001695,RLI,47,16,10,631.00,"6,310.00"
2020-10-01,2020100104001694,RLI,47,22,10,631.00,"6,310.00"
2020-10-01,2020100104001693,RLI,59,40,10,631.00,"6,310.00"
2020-10-01,2020100104001705,RLI,19,45,10,630.00,"6,300.00"
2020-10-01,2020100104001704,RLI,26,39,10,630.00,"6,300.00"
2020-10-01,2020100104001702,RLI,47,56,20,631.00,"12,620.00"
2020-10-01,2020100104001701,RLI,47,42,10,631.00,"6,310.00"
2020-10-01,2020100104001700,RLI,47,40,10,631.00,"6,310.00"
2020-10-01,2020100104001699,RLI,47,14,10,631.00,"6,310.00"
2020-10-01,2020100104001713,RLI,19,58,10,630.00,"6,300.00"
2020-10-01,2020100104001712,RLI,19,14,10,630.00,"6,300.00"
2020-10-01,2020100104001711,RLI,19,21,10,630.00,"6,300.00"
2020-10-01,2020100104001709,RLI,19,48,10,630.00,"6,300.00"
2020-10-01,2020100104001708,RLI,19,52,10,630.00,"6,300.00"
2020-10-01,2020100104001707,RLI,19,28,10,630.00,"6,300.00"
2020-10-01,2020100104001719,RLI,19,57,60,630.00,"37,800.00"
2020-10-01,2020100104001718,RLI,19,14,10,630.00,"6,300.00"
2020-10-01,2020100104001717,RLI,19,22,10,630.00,"6,300.00"
2020-10-01,2020100104001716,RLI,19,43,10,630.00,"6,300.00"
2020-10-01,2020100104001715,RLI,19,52,10,630.00,"6,300.00"
2020-10-01,2020100104001714,RLI,19,46,130,630.00,"81,900.00"
2020-10-01,2020100104001727,RLI,44,28,10,628.00,"6,280.00"
2020-10-01,2020100104001726,RLI,44,48,10,628.00,"6,280.00"
2020-10-01,2020100104001725,RLI,43,57,10,629.00,"6,290.00"
2020-10-01,2020100104001724,RLI,43,53,10,629.00,"6,290.00"
2020-10-01,2020100104001722,RLI,47,28,10,629.00,"6,290.00"
2020-10-01,2020100104001721,RLI,47,33,10,629.00,"6,290.00"
2020-10-01,2020100104001733,RLI,38,58,10,628.00,"6,280.00"
2020-10-01,2020100104001732,RLI,38,28,10,628.00,"6,280.00"
2020-10-01,2020100104001731,RLI,47,29,10,628.00,"6,280.00"
2020-10-01,2020100104001730,RLI,44,4,10,628.00,"6,280.00"
2020-10-01,2020100104001729,RLI,44,51,10,628.00,"6,280.00"
2020-10-01,2020100104001728,RLI,44,16,10,628.00,"6,280.00"
2020-10-01,2020100104001739,RLI,42,8,10,628.00,"6,280.00"
2020-10-01,2020100104001738,RLI,42,8,10,628.00,"6,280.00"
2020-10-01,2020100104001737,RLI,42,36,10,628.00,"6,280.00"
2020-10-01,2020100104001736,RLI,38,28,10,628.00,"6,280.00"
2020-10-01,2020100104001735,RLI,38,43,10,628.00,"6,280.00"
2020-10-01,2020100104001734,RLI,38,43,10,628.00,"6,280.00"
2020-10-01,2020100104001746,RLI,42,8,10,628.00,"6,280.00"
2020-10-01,2020100104001745,RLI,42,39,10,628.00,"6,280.00"
2020-10-01,2020100104001744,RLI,42,28,10,628.00,"6,280.00"
2020-10-01,2020100104001743,RLI,42,58,10,628.00,"6,280.00"
2020-10-01,2020100104001742,RLI,42,36,10,628.00,"6,280.00"
2020-10-01,2020100104001741,RLI,42,36,10,628.00,"6,280.00"
2020-10-01,2020100104001754,RLI,57,51,10,627.00,"6,270.00"
2020-10-01,2020100104001752,RLI,57,45,10,627.00,"6,270.00"
2020-10-01,2020100104001751,RLI,57,28,10,627.00,"6,270.00"
2020-10-01,2020100104001750,RLI,57,58,10,627.00,"6,270.00"
2020-10-01,2020100104001748,RLI,57,42,10,627.00,"6,270.00"
2020-10-01,2020100104001747,RLI,42,51,10,628.00,"6,280.00"
2020-10-01,2020100104001760,RLI,11,58,10,627.00,"6,270.00"
2020-10-01,2020100104001759,RLI,57,50,10,627.00,"6,270.00"
2020-10-01,2020100104001758,RLI,57,28,10,627.00,"6,270.00"
2020-10-01,2020100104001757,RLI,57,21,10,627.00,"6,270.00"
2020-10-01,2020100104001756,RLI,57,28,10,627.00,"6,270.00"
2020-10-01,2020100104001755,RLI,57,42,10,627.00,"6,270.00"
2020-10-01,2020100104001768,RLI,39,42,10,626.00,"6,260.00"
2020-10-01,2020100104001767,RLI,39,50,10,626.00,"6,260.00"
2020-10-01,2020100104001766,RLI,39,28,10,626.00,"6,260.00"
2020-10-01,2020100104001764,RLI,39,49,10,626.00,"6,260.00"
2020-10-01,2020100104001763,RLI,39,48,10,626.00,"6,260.00"
2020-10-01,2020100104001762,RLI,39,28,10,626.00,"6,260.00"
2020-10-01,2020100104001775,RLI,39,28,10,626.00,"6,260.00"
2020-10-01,2020100104001774,RLI,39,58,10,626.00,"6,260.00"
2020-10-01,2020100104001773,RLI,39,10,10,626.00,"6,260.00"
2020-10-01,2020100104001772,RLI,39,28,10,626.00,"6,260.00"
2020-10-01,2020100104001771,RLI,39,58,10,626.00,"6,260.00"
2020-10-01,2020100104001770,RLI,39,38,10,626.00,"6,260.00"
2020-10-01,2020100104001781,RLI,39,28,10,626.00,"6,260.00"
2020-10-01,2020100104001780,RLI,39,17,10,626.00,"6,260.00"
2020-10-01,2020100104001779,RLI,39,48,10,626.00,"6,260.00"
2020-10-01,2020100104001778,RLI,39,13,10,626.00,"6,260.00"
2020-10-01,2020100104001777,RLI,39,28,10,626.00,"6,260.00"
2020-10-01,2020100104001776,RLI,39,10,10,626.00,"6,260.00"
2020-10-01,2020100104001787,RLI,39,49,10,626.00,"6,260.00"
2020-10-01,2020100104001786,RLI,39,58,10,626.00,"6,260.00"
2020-10-01,2020100104001785,RLI,39,28,10,626.00,"6,260.00"
2020-10-01,2020100104001784,RLI,39,28,10,626.00,"6,260.00"
2020-10-01,2020100104001783,RLI,39,56,10,626.00,"6,260.00"
2020-10-01,2020100104001782,RLI,39,29,150,626.00,"93,900.00"
2020-10-01,2020100104001793,RLI,55,51,10,627.00,"6,270.00"
2020-10-01,2020100104001792,RLI,39,28,10,626.00,"6,260.00"
2020-10-01,2020100104001791,RLI,39,28,10,626.00,"6,260.00"
2020-10-01,2020100104001790,RLI,39,56,10,626.00,"6,260.00"
2020-10-01,2020100104001789,RLI,39,49,10,626.00,"6,260.00"
2020-10-01,2020100104001788,RLI,39,28,10,626.00,"6,260.00"
2020-10-01,2020100104001799,RLI,55,43,10,627.00,"6,270.00"
2020-10-01,2020100104001798,RLI,55,49,10,627.00,"6,270.00"
2020-10-01,2020100104001797,RLI,55,47,10,627.00,"6,270.00"
2020-10-01,2020100104001796,RLI,55,58,10,627.00,"6,270.00"
2020-10-01,2020100104001795,RLI,55,45,10,627.00,"6,270.00"
2020-10-01,2020100104001794,RLI,55,43,10,627.00,"6,270.00"
2020-10-01,2020100104001805,RLI,55,58,10,627.00,"6,270.00"
2020-10-01,2020100104001804,RLI,55,38,10,627.00,"6,270.00"
2020-10-01,2020100104001803,RLI,55,39,10,627.00,"6,270.00"
2020-10-01,2020100104001802,RLI,55,39,10,627.00,"6,270.00"
2020-10-01,2020100104001801,RLI,55,28,10,627.00,"6,270.00"
2020-10-01,2020100104001800,RLI,55,28,10,627.00,"6,270.00"
2020-10-01,2020100104001811,RLI,57,8,10,628.00,"6,280.00"
2020-10-01,2020100104001810,RLI,57,8,10,628.00,"6,280.00"
2020-10-01,2020100104001809,RLI,55,7,10,627.00,"6,270.00"
2020-10-01,2020100104001808,RLI,55,58,10,627.00,"6,270.00"
2020-10-01,2020100104001807,RLI,55,58,10,627.00,"6,270.00"
2020-10-01,2020100104001806,RLI,55,49,10,627.00,"6,270.00"
2020-10-01,2020100104001817,RLI,57,50,10,626.00,"6,260.00"
