Date,Transact. No.,Symbol,Buyer,Seller,Quantity,Rate,Amount
2020-07-09,2020070901014632,ADBL,58,50,100,368.00,"36,800.00"
2020-07-09,2020070901014341,ADBL,58,26,150,368.00,"55,200.00"
2020-07-09,2020070901014417,AKPL,21,34,26,115.00,"2,990.00"
2020-07-09,2020070901014416,AKPL,1,34,500,115.00,"57,500.00"
2020-07-09,2020070901014415,AKPL,29,34,"1,000",115.00,"115,000.00"
2020-07-09,2020070901014414,AKPL,47,34,474,115.00,"54,510.00"
2020-07-09,2020070901014266,AKPL,45,34,500,116.00,"58,000.00"
2020-07-09,2020070901014252,AKPL,43,34,100,116.00,"11,600.00"
2020-07-09,2020070901014387,ALBSL,16,26,11,735.00,"8,085.00"
2020-07-09,2020070901014488,ALICL,42,38,50,580.00,"29,000.00"
2020-07-09,2020070901014332,ALICL,38,34,500,585.00,"292,500.00"
2020-07-09,2020070901014331,ALICL,38,55,100,583.00,"58,300.00"
2020-07-09,2020070901014305,ALICL,14,38,100,581.00,"58,100.00"
2020-07-09,2020070901014643,API,44,26,10,107.00,"1,070.00"
2020-07-09,2020070901014583,API,51,26,100,107.00,"10,700.00"
2020-07-09,2020070901014395,API,50,42,100,106.00,"10,600.00"
2020-07-09,2020070901014338,API,25,34,12,108.00,"1,296.00"
2020-07-09,2020070901014321,API,50,25,288,106.00,"30,528.00"
2020-07-09,2020070901014320,API,5,25,182,106.00,"19,292.00"
2020-07-09,2020070901014319,API,10,25,30,107.00,"3,210.00"
2020-07-09,2020070901014444,BBC,18,19,50,"1,608.00","80,400.00"
2020-07-09,2020070901014443,BBC,48,19,10,"1,608.00","16,080.00"
2020-07-09,2020070901014169,BOKL,21,34,10,218.00,"2,180.00"
2020-07-09,2020070901014604,BPCL,33,45,100,357.00,"35,700.00"
2020-07-09,2020070901014603,BPCL,6,45,300,358.00,"107,400.00"
2020-07-09,2020070901014553,BPCL,32,40,126,360.00,"45,360.00"
2020-07-09,2020070901014480,BPCL,32,35,697,358.00,"249,526.00"
2020-07-09,2020070901014448,BPCL,43,35,13,358.00,"4,654.00"
2020-07-09,2020070901014329,BPCL,26,35,290,358.00,"103,820.00"
2020-07-09,2020070901014550,CBBL,58,55,30,"1,019.00","30,570.00"
2020-07-09,2020070901014259,CBBL,58,35,572,"1,017.00","581,724.00"
2020-07-09,2020070901014258,CBBL,5,35,100,"1,017.00","101,700.00"
2020-07-09,2020070901014491,CBL,41,8,70,140.00,"9,800.00"
2020-07-09,2020070901014398,CBL,33,44,108,139.00,"15,012.00"
2020-07-09,2020070901014325,CBL,32,8,200,140.00,"28,000.00"
2020-07-09,2020070901014278,CCBL,35,17,772,165.00,"127,380.00"
2020-07-09,2020070901014277,CCBL,35,40,107,165.00,"17,655.00"
2020-07-09,2020070901014276,CCBL,35,43,169,165.00,"27,885.00"
2020-07-09,2020070901014275,CCBL,35,6,22,165.00,"3,630.00"
2020-07-09,2020070901014274,CCBL,35,33,225,165.00,"37,125.00"
2020-07-09,2020070901014273,CCBL,35,44,203,164.00,"33,292.00"
2020-07-09,2020070901014622,CHCL,56,16,237,392.00,"92,904.00"
2020-07-09,2020070901014521,CHCL,52,41,81,387.00,"31,347.00"
2020-07-09,2020070901014513,CHCL,52,43,42,387.00,"16,254.00"
2020-07-09,2020070901014234,CHCL,52,44,237,387.00,"91,719.00"
2020-07-09,2020070901014478,CIT,42,51,15,"2,457.00","36,855.00"
2020-07-09,2020070901014412,CIT,45,11,38,"2,435.00","92,530.00"
2020-07-09,2020070901014411,CIT,43,11,100,"2,437.00","243,700.00"
2020-07-09,2020070901014410,CIT,42,11,12,"2,438.00","29,256.00"
2020-07-09,2020070901014264,CIT,38,11,50,"2,448.00","122,400.00"
2020-07-09,2020070901014236,CIT,43,56,80,"2,448.00","195,840.00"
2020-07-09,2020070901014609,CORBL,42,34,100,128.00,"12,800.00"
2020-07-09,2020070901014569,DDBL,44,51,300,839.00,"251,700.00"
2020-07-09,2020070901014568,DDBL,44,39,100,839.00,"83,900.00"
2020-07-09,2020070901014567,DDBL,44,44,100,839.00,"83,900.00"
2020-07-09,2020070901014566,DDBL,44,47,80,839.00,"67,120.00"
2020-07-09,2020070901014307,DDBL,42,33,90,838.00,"75,420.00"
2020-07-09,2020070901014611,EBL,50,26,200,654.00,"130,800.00"
2020-07-09,2020070901014610,EBL,48,26,50,654.00,"32,700.00"
2020-07-09,2020070901014546,EIC,49,37,71,404.00,"28,684.00"
2020-07-09,2020070901014378,EIC,49,57,703,403.00,"283,309.00"
2020-07-09,2020070901014377,EIC,36,57,86,403.00,"34,658.00"
2020-07-09,2020070901014376,EIC,11,57,77,404.00,"31,108.00"
2020-07-09,2020070901014375,EIC,16,57,10,405.00,"4,050.00"
2020-07-09,2020070901014190,EIC,11,4,23,404.00,"9,292.00"
2020-07-09,2020070901014189,EIC,45,4,77,404.00,"31,108.00"
2020-07-09,2020070901014637,FMDBL,38,36,20,513.00,"10,260.00"
2020-07-09,2020070901014636,FMDBL,38,6,50,512.00,"25,600.00"
2020-07-09,2020070901014635,FMDBL,38,22,50,512.00,"25,600.00"
2020-07-09,2020070901014201,FMDBL,10,22,50,512.00,"25,600.00"
2020-07-09,2020070901014366,GBBL,42,53,120,220.00,"26,400.00"
2020-07-09,2020070901014358,GBBL,42,47,21,220.00,"4,620.00"
2020-07-09,2020070901014498,GBIME,32,11,100,243.00,"24,300.00"
2020-07-09,2020070901014630,GBLBS,58,48,250,489.00,"122,250.00"
2020-07-09,2020070901014629,GBLBS,58,13,300,488.00,"146,400.00"
2020-07-09,2020070901014626,GBLBS,58,21,15,485.00,"7,275.00"
2020-07-09,2020070901014531,GBLBS,58,57,285,485.00,"138,225.00"
2020-07-09,2020070901014516,GBLBS,58,48,250,485.00,"121,250.00"
2020-07-09,2020070901014165,GBLBS,58,46,10,485.00,"4,850.00"
2020-07-09,2020070901014641,GGBSL,45,57,10,742.00,"7,420.00"
2020-07-09,2020070901014535,GGBSL,58,57,250,736.00,"184,000.00"
2020-07-09,2020070901014183,GILB,10,49,10,"1,290.00","12,900.00"
2020-07-09,2020070901014562,GLICL,44,25,100,480.00,"48,000.00"
2020-07-09,2020070901014462,GLICL,10,25,20,480.00,"9,600.00"
2020-07-09,2020070901014458,GLICL,10,32,50,476.00,"23,800.00"
2020-07-09,2020070901014450,GMFBS,58,26,10,775.00,"7,750.00"
2020-07-09,2020070901014294,GUFL,8,39,600,119.00,"71,400.00"
2020-07-09,2020070901014447,HBL,55,6,370,516.00,"190,920.00"
2020-07-09,2020070901014446,HBL,47,6,100,517.00,"51,700.00"
2020-07-09,2020070901014613,HDL,4,26,10,"1,538.00","15,380.00"
2020-07-09,2020070901014578,HDL,4,55,40,"1,538.00","61,520.00"
2020-07-09,2020070901014438,HDL,6,32,25,"1,540.00","38,500.00"
2020-07-09,2020070901014197,HDL,4,32,50,"1,540.00","77,000.00"
2020-07-09,2020070901014445,HGI,49,38,20,423.00,"8,460.00"
2020-07-09,2020070901014219,HGI,58,48,500,422.00,"211,000.00"
2020-07-09,2020070901014164,HGI,58,17,285,422.00,"120,270.00"
2020-07-09,2020070901014401,ICFC,58,10,10,180.00,"1,800.00"
2020-07-09,2020070901014400,ICFC,14,10,"1,000",181.00,"181,000.00"
2020-07-09,2020070901014250,ICFC,14,17,500,183.00,"91,500.00"
2020-07-09,2020070901014249,ICFC,14,48,"2,000",183.00,"366,000.00"
2020-07-09,2020070901014248,ICFC,14,17,105,183.00,"19,215.00"
2020-07-09,2020070901014247,ICFC,14,17,500,182.00,"91,000.00"
2020-07-09,2020070901014246,ICFC,14,34,123,182.00,"22,386.00"
2020-07-09,2020070901014640,JBBL,25,47,45,166.00,"7,470.00"
2020-07-09,2020070901014639,JBBL,25,25,73,166.00,"12,118.00"
2020-07-09,2020070901014638,JBBL,25,47,82,166.00,"13,612.00"
2020-07-09,2020070901014271,JBBL,39,25,250,165.00,"41,250.00"
2020-07-09,2020070901014313,KBL,58,6,100,187.00,"18,700.00"
2020-07-09,2020070901014203,KBL,22,16,100,187.00,"18,700.00"
2020-07-09,2020070901014186,KBL,10,17,102,186.00,"18,972.00"
2020-07-09,2020070901014407,KMCDB,1,35,10,780.00,"7,800.00"
2020-07-09,2020070901014348,KMCDB,1,1,10,780.00,"7,800.00"
2020-07-09,2020070901014204,KMCDB,1,1,10,780.00,"7,800.00"
2020-07-09,2020070901014173,KPCL,39,25,10,102.00,"1,020.00"
2020-07-09,2020070901014188,KPCL,39,25,10,104.00,"1,040.00"
2020-07-09,2020070901014187,KPCL,39,38,20,103.00,"2,060.00"
2020-07-09,2020070901014174,KPCL,39,58,10,102.00,"1,020.00"
2020-07-09,2020070901014253,LBL,44,13,"2,240",209.00,"468,160.00"
2020-07-09,2020070901014590,LGIL,33,54,10,462.00,"4,620.00"
2020-07-09,2020070901014215,LGIL,25,17,40,457.00,"18,280.00"
2020-07-09,2020070901014587,LLBS,58,48,148,"1,080.00","159,840.00"
2020-07-09,2020070901014586,LLBS,58,48,352,"1,081.00","380,512.00"
2020-07-09,2020070901014561,LLBS,58,34,27,"1,081.00","29,187.00"
2020-07-09,2020070901014367,LLBS,58,28,121,"1,081.00","130,801.00"
2020-07-09,2020070901014312,LLBS,58,4,24,"1,080.00","25,920.00"
2020-07-09,2020070901014571,MBL,6,54,49,220.00,"10,780.00"
2020-07-09,2020070901014570,MBL,6,5,390,220.00,"85,800.00"
2020-07-09,2020070901014456,MBL,33,5,10,220.00,"2,200.00"
2020-07-09,2020070901014237,MBL,50,17,219,217.00,"47,523.00"
2020-07-09,2020070901014591,MDB,7,38,100,318.00,"31,800.00"
2020-07-09,2020070901014490,MDB,18,38,100,318.00,"31,800.00"
2020-07-09,2020070901014489,MDB,14,38,124,318.00,"39,432.00"
2020-07-09,2020070901014545,MEGA,16,19,44,206.00,"9,064.00"
2020-07-09,2020070901014544,MEGA,16,40,200,206.00,"41,200.00"
2020-07-09,2020070901014543,MEGA,16,45,"2,068",206.00,"426,008.00"
2020-07-09,2020070901014346,MEGA,1,45,134,206.00,"27,604.00"
2020-07-09,2020070901014345,MEGA,1,43,99,206.00,"20,394.00"
2020-07-09,2020070901014344,MEGA,1,48,200,206.00,"41,200.00"
2020-07-09,2020070901014343,MEGA,1,4,67,206.00,"13,802.00"
2020-07-09,2020070901014333,MEGA,14,4,50,206.00,"10,300.00"
2020-07-09,2020070901014212,MERO,46,51,148,622.00,"92,056.00"
2020-07-09,2020070901014493,MFIL,39,26,518,288.00,"149,184.00"
2020-07-09,2020070901014492,MFIL,39,25,10,288.00,"2,880.00"
2020-07-09,2020070901014311,MFIL,6,25,10,288.00,"2,880.00"
2020-07-09,2020070901014310,MFIL,6,19,40,285.00,"11,400.00"
2020-07-09,2020070901014272,MFIL,55,1,564,284.00,"160,176.00"
2020-07-09,2020070901014509,MLBL,6,58,258,181.00,"46,698.00"
2020-07-09,2020070901014508,MLBL,55,58,300,181.00,"54,300.00"
2020-07-09,2020070901014507,MLBL,33,58,100,181.00,"18,100.00"
2020-07-09,2020070901014506,MLBL,45,58,500,181.00,"90,500.00"
2020-07-09,2020070901014505,MLBL,6,58,31,181.00,"5,611.00"
2020-07-09,2020070901014292,MLBL,26,16,40,182.00,"7,280.00"
2020-07-09,2020070901014496,MLBL,14,16,250,182.00,"45,500.00"
2020-07-09,2020070901014380,MNBBL,35,47,13,304.00,"3,952.00"
2020-07-09,2020070901014360,MNBBL,17,51,327,307.00,"100,389.00"
2020-07-09,2020070901014359,MNBBL,17,6,63,306.00,"19,278.00"
2020-07-09,2020070901014479,NABIL,40,51,68,742.00,"50,456.00"
2020-07-09,2020070901014465,NABIL,58,25,"1,280",741.00,"948,480.00"
2020-07-09,2020070901014464,NABIL,58,25,20,741.00,"14,820.00"
2020-07-09,2020070901014460,NABIL,58,17,200,741.00,"148,200.00"
2020-07-09,2020070901014394,NABIL,10,51,120,742.00,"89,040.00"
2020-07-09,2020070901014368,NABIL,22,16,10,743.00,"7,430.00"
2020-07-09,2020070901014251,NABIL,17,16,310,743.00,"230,330.00"
2020-07-09,2020070901014177,NABIL,58,6,990,741.00,"733,590.00"
2020-07-09,2020070901014176,NABIL,22,6,10,742.00,"7,420.00"
2020-07-09,2020070901014463,NBB,44,54,100,198.00,"19,800.00"
2020-07-09,2020070901014281,NBB,44,46,715,197.00,"140,855.00"
2020-07-09,2020070901014280,NBB,44,28,450,197.00,"88,650.00"
2020-07-09,2020070901014255,NBB,44,49,"2,000",196.00,"392,000.00"
2020-07-09,2020070901014254,NBB,44,33,164,195.00,"31,980.00"
2020-07-09,2020070901014474,NBL,43,16,"1,131",244.00,"275,964.00"
2020-07-09,2020070901014473,NBL,43,28,"1,000",244.00,"244,000.00"
2020-07-09,2020070901014472,NBL,43,44,869,244.00,"212,036.00"
2020-07-09,2020070901014385,NBL,26,44,"1,000",244.00,"244,000.00"
2020-07-09,2020070901014357,NBL,43,58,"1,000",243.00,"243,000.00"
2020-07-09,2020070901014356,NBL,43,58,"1,000",243.00,"243,000.00"
2020-07-09,2020070901014536,NCCB,6,36,200,185.00,"37,000.00"
2020-07-09,2020070901014499,NCCB,33,36,10,185.00,"1,850.00"
2020-07-09,2020070901014484,NCCB,43,36,100,185.00,"18,500.00"
2020-07-09,2020070901014455,NEF,34,41,100,8.68,868.00
2020-07-09,2020070901014593,NIB,25,58,23,440.00,"10,120.00"
2020-07-09,2020070901014469,NIB,51,58,22,440.00,"9,680.00"
2020-07-09,2020070901014361,NIBPO,58,39,"1,900",358.00,"680,200.00"
2020-07-09,2020070901014552,NICA,58,46,10,502.00,"5,020.00"
2020-07-09,2020070901014551,NICA,58,50,200,502.00,"100,400.00"
2020-07-09,2020070901014436,NICA,32,4,200,504.00,"100,800.00"
2020-07-09,2020070901014423,NICA,58,32,677,502.00,"339,854.00"
2020-07-09,2020070901014422,NICA,47,32,100,502.00,"50,200.00"
2020-07-09,2020070901014421,NICA,29,32,50,503.00,"25,150.00"
2020-07-09,2020070901014420,NICA,38,32,173,503.00,"87,019.00"
2020-07-09,2020070901014391,NICA,38,10,27,503.00,"13,581.00"
2020-07-09,2020070901014628,NICL,29,44,490,440.00,"215,600.00"
2020-07-09,2020070901014542,NICL,58,44,500,440.00,"220,000.00"
2020-07-09,2020070901014389,NICL,58,44,10,440.00,"4,400.00"
2020-07-09,2020070901014388,NICL,58,42,223,435.00,"97,005.00"
2020-07-09,2020070901014293,NICL,58,42,277,437.00,"121,049.00"
2020-07-09,2020070901014263,NICL,58,52,500,437.00,"218,500.00"
2020-07-09,2020070901014262,NICL,58,6,223,436.00,"97,228.00"
2020-07-09,2020070901014226,NICL,41,55,181,434.00,"78,554.00"
2020-07-09,2020070901014208,NICL,39,6,12,436.00,"5,232.00"
2020-07-09,2020070902000020,NICLBSL,14,38,10,364.00,"3,640.00"
2020-07-09,2020070902000019,NICLBSL,14,34,10,364.00,"3,640.00"
2020-07-09,2020070902000018,NICLBSL,14,56,10,364.00,"3,640.00"
2020-07-09,2020070902000017,NICLBSL,14,49,10,364.00,"3,640.00"
2020-07-09,2020070902000016,NICLBSL,14,51,10,364.00,"3,640.00"
2020-07-09,2020070902000015,NICLBSL,14,53,10,364.00,"3,640.00"
2020-07-09,2020070902000002,NICLBSL,4,48,10,337.00,"3,370.00"
2020-07-09,2020070902000001,NICLBSL,47,29,10,331.00,"3,310.00"
2020-07-09,2020070902000008,NICLBSL,14,6,10,364.00,"3,640.00"
2020-07-09,2020070902000007,NICLBSL,14,42,10,364.00,"3,640.00"
2020-07-09,2020070902000006,NICLBSL,17,32,10,362.00,"3,620.00"
2020-07-09,2020070902000005,NICLBSL,43,42,10,355.00,"3,550.00"
2020-07-09,2020070902000004,NICLBSL,5,48,10,349.00,"3,490.00"
2020-07-09,2020070902000003,NICLBSL,47,11,20,343.00,"6,860.00"
2020-07-09,2020070902000014,NICLBSL,14,28,10,364.00,"3,640.00"
2020-07-09,2020070902000013,NICLBSL,14,42,20,364.00,"7,280.00"
2020-07-09,2020070902000012,NICLBSL,14,47,10,364.00,"3,640.00"
2020-07-09,2020070902000011,NICLBSL,14,28,10,364.00,"3,640.00"
2020-07-09,2020070902000010,NICLBSL,14,58,10,364.00,"3,640.00"
2020-07-09,2020070902000009,NICLBSL,14,22,20,364.00,"7,280.00"
2020-07-09,2020070901014594,NIL,42,53,200,600.00,"120,000.00"
2020-07-09,2020070901014468,NIL,1,43,50,603.00,"30,150.00"
2020-07-09,2020070901014261,NIL,42,17,500,600.00,"300,000.00"
2020-07-09,2020070901014589,NLBBL,7,26,14,734.00,"10,276.00"
2020-07-09,2020070901014634,NLIC,44,4,200,"1,228.00","245,600.00"
2020-07-09,2020070901014582,NLIC,26,4,400,"1,228.00","491,200.00"
2020-07-09,2020070901014579,NLIC,35,4,200,"1,228.00","245,600.00"
2020-07-09,2020070901014534,NLIC,5,4,100,"1,228.00","122,800.00"
2020-07-09,2020070901014530,NLIC,34,10,200,"1,227.00","245,400.00"
2020-07-09,2020070901014406,NLIC,34,4,50,"1,228.00","61,400.00"
2020-07-09,2020070901014270,NLIC,56,33,126,"1,227.00","154,602.00"
2020-07-09,2020070901014269,NLIC,56,6,22,"1,227.00","26,994.00"
2020-07-09,2020070901014268,NLIC,56,6,22,"1,227.00","26,994.00"
2020-07-09,2020070901014171,NLIC,32,33,"1,000","1,225.00","1,225,000.00"
2020-07-09,2020070901014170,NLIC,32,41,250,"1,225.00","306,250.00"
2020-07-09,2020070901014364,NLIC,40,4,100,"1,228.00","122,800.00"
2020-07-09,2020070901014316,NLIC,34,47,200,"1,227.00","245,400.00"
2020-07-09,2020070901014315,NLIC,34,14,50,"1,227.00","61,350.00"
2020-07-09,2020070901014314,NLIC,34,33,274,"1,227.00","336,198.00"
2020-07-09,2020070901014291,NLIC,16,50,50,"1,226.00","61,300.00"
2020-07-09,2020070901014290,NLIC,21,50,50,"1,226.00","61,300.00"
2020-07-09,2020070901014299,NLICL,57,17,74,679.00,"50,246.00"
2020-07-09,2020070901014612,NMB,53,16,40,385.00,"15,400.00"
2020-07-09,2020070901014601,NMB,41,16,381,385.00,"146,685.00"
2020-07-09,2020070901014600,NMB,41,38,30,385.00,"11,550.00"
2020-07-09,2020070901014599,NMB,41,50,35,385.00,"13,475.00"
2020-07-09,2020070901014598,NMB,41,34,13,385.00,"5,005.00"
2020-07-09,2020070901014597,NMB,41,16,"1,000",385.00,"385,000.00"
2020-07-09,2020070901014596,NMB,41,8,"1,541",385.00,"593,285.00"
2020-07-09,2020070901014449,NMB,25,8,100,385.00,"38,500.00"
2020-07-09,2020070901014318,NMB,53,8,49,385.00,"18,865.00"
2020-07-09,2020070901014633,NRIC,40,7,40,504.00,"20,160.00"
2020-07-09,2020070901014625,NRIC,45,25,10,506.00,"5,060.00"
2020-07-09,2020070901014624,NRIC,45,39,40,505.00,"20,200.00"
2020-07-09,2020070901014623,NRIC,45,4,320,505.00,"161,600.00"
2020-07-09,2020070901014607,NRIC,48,4,180,505.00,"90,900.00"
2020-07-09,2020070901014595,NRIC,48,25,30,505.00,"15,150.00"
2020-07-09,2020070901014178,NRIC,55,51,40,506.00,"20,240.00"
2020-07-09,2020070901014168,NRIC,55,1,50,506.00,"25,300.00"
2020-07-09,2020070901014167,NRIC,55,36,40,506.00,"20,240.00"
2020-07-09,2020070901014166,NRIC,55,33,40,506.00,"20,240.00"
2020-07-09,2020070901014207,NRIC,50,58,30,507.00,"15,210.00"
2020-07-09,2020070901014206,NRIC,50,20,10,507.00,"5,070.00"
2020-07-09,2020070901014198,NRIC,1,18,40,506.00,"20,240.00"
2020-07-09,2020070901014192,NRIC,1,50,20,506.00,"10,120.00"
2020-07-09,2020070901014191,NRIC,55,50,20,506.00,"10,120.00"
2020-07-09,2020070901014182,NRIC,55,29,40,506.00,"20,240.00"
2020-07-09,2020070901014222,NRIC,42,39,20,506.00,"10,120.00"
2020-07-09,2020070901014221,NRIC,42,36,50,506.00,"25,300.00"
2020-07-09,2020070901014220,NRIC,42,18,50,506.00,"25,300.00"
2020-07-09,2020070901014213,NRIC,42,6,40,506.00,"20,240.00"
2020-07-09,2020070901014211,NRIC,42,51,40,506.00,"20,240.00"
2020-07-09,2020070901014209,NRIC,1,21,40,506.00,"20,240.00"
2020-07-09,2020070901014235,NRIC,32,18,40,505.00,"20,200.00"
2020-07-09,2020070901014233,NRIC,16,58,410,507.00,"207,870.00"
2020-07-09,2020070901014232,NRIC,16,1,40,507.00,"20,280.00"
2020-07-09,2020070901014231,NRIC,16,21,50,507.00,"25,350.00"
2020-07-09,2020070901014228,NRIC,32,34,20,505.00,"10,100.00"
2020-07-09,2020070901014223,NRIC,32,39,20,505.00,"10,100.00"
2020-07-09,2020070901014279,NRIC,45,51,40,506.00,"20,240.00"
2020-07-09,2020070901014265,NRIC,32,28,40,505.00,"20,200.00"
2020-07-09,2020070901014260,NRIC,32,36,40,505.00,"20,200.00"
2020-07-09,2020070901014256,NRIC,32,39,40,505.00,"20,200.00"
2020-07-09,2020070901014245,NRIC,32,7,40,505.00,"20,200.00"
2020-07-09,2020070901014243,NRIC,32,25,40,505.00,"20,200.00"
2020-07-09,2020070901014296,NRIC,47,39,30,506.00,"15,180.00"
2020-07-09,2020070901014295,NRIC,47,39,30,506.00,"15,180.00"
2020-07-09,2020070901014287,NRIC,32,39,40,505.00,"20,200.00"
2020-07-09,2020070901014285,NRIC,32,49,40,505.00,"20,200.00"
2020-07-09,2020070901014283,NRIC,32,18,30,505.00,"15,150.00"
2020-07-09,2020070901014282,NRIC,45,18,10,506.00,"5,060.00"
2020-07-09,2020070901014309,NRIC,32,1,40,505.00,"20,200.00"
2020-07-09,2020070901014308,NRIC,32,39,40,505.00,"20,200.00"
2020-07-09,2020070901014306,NRIC,47,5,50,506.00,"25,300.00"
2020-07-09,2020070901014303,NRIC,47,14,10,506.00,"5,060.00"
2020-07-09,2020070901014301,NRIC,47,18,40,506.00,"20,240.00"
2020-07-09,2020070901014300,NRIC,47,7,40,506.00,"20,240.00"
2020-07-09,2020070901014335,NRIC,40,39,30,506.00,"15,180.00"
2020-07-09,2020070901014334,NRIC,40,38,20,505.00,"10,100.00"
2020-07-09,2020070901014328,NRIC,45,38,20,505.00,"10,100.00"
2020-07-09,2020070901014326,NRIC,13,57,40,505.00,"20,200.00"
2020-07-09,2020070901014323,NRIC,13,18,10,505.00,"5,050.00"
2020-07-09,2020070901014322,NRIC,32,18,30,505.00,"15,150.00"
2020-07-09,2020070901014351,NRIC,25,49,40,505.00,"20,200.00"
2020-07-09,2020070901014342,NRIC,40,46,40,504.00,"20,160.00"
2020-07-09,2020070901014340,NRIC,40,39,10,504.00,"5,040.00"
2020-07-09,2020070901014339,NRIC,40,39,30,504.00,"15,120.00"
2020-07-09,2020070901014337,NRIC,40,7,40,504.00,"20,160.00"
2020-07-09,2020070901014336,NRIC,40,25,50,506.00,"25,300.00"
2020-07-09,2020070901014390,NRIC,25,39,40,505.00,"20,200.00"
2020-07-09,2020070901014379,NRIC,25,57,40,505.00,"20,200.00"
2020-07-09,2020070901014370,NRIC,25,7,40,505.00,"20,200.00"
2020-07-09,2020070901014362,NRIC,25,39,40,505.00,"20,200.00"
2020-07-09,2020070901014353,NRIC,35,25,100,506.00,"50,600.00"
2020-07-09,2020070901014352,NRIC,25,21,40,505.00,"20,200.00"
2020-07-09,2020070901014425,NRIC,25,41,40,505.00,"20,200.00"
2020-07-09,2020070901014405,NRIC,25,7,40,505.00,"20,200.00"
2020-07-09,2020070901014399,NRIC,25,46,50,505.00,"25,250.00"
2020-07-09,2020070901014397,NRIC,25,49,40,505.00,"20,200.00"
2020-07-09,2020070901014396,NRIC,25,39,40,505.00,"20,200.00"
2020-07-09,2020070901014393,NRIC,25,37,50,505.00,"25,250.00"
2020-07-09,2020070901014452,NRIC,1,4,200,504.00,"100,800.00"
2020-07-09,2020070901014451,NRIC,40,4,150,504.00,"75,600.00"
2020-07-09,2020070901014434,NRIC,1,6,100,505.00,"50,500.00"
2020-07-09,2020070901014433,NRIC,36,6,500,505.00,"252,500.00"
2020-07-09,2020070901014432,NRIC,36,6,50,505.00,"25,250.00"
2020-07-09,2020070901014431,NRIC,18,6,100,505.00,"50,500.00"
2020-07-09,2020070901014466,NRIC,48,6,200,505.00,"101,000.00"
2020-07-09,2020070901014461,NRIC,50,21,40,504.00,"20,160.00"
2020-07-09,2020070901014459,NRIC,48,6,60,505.00,"30,300.00"
2020-07-09,2020070901014457,NRIC,49,6,300,505.00,"151,500.00"
2020-07-09,2020070901014454,NRIC,50,4,130,504.00,"65,520.00"
2020-07-09,2020070901014453,NRIC,13,4,20,504.00,"10,080.00"
2020-07-09,2020070901014503,NRIC,50,57,50,504.00,"25,200.00"
2020-07-09,2020070901014502,NRIC,35,6,"1,000",505.00,"505,000.00"
2020-07-09,2020070901014497,NRIC,54,6,200,505.00,"101,000.00"
2020-07-09,2020070901014483,NRIC,19,6,100,505.00,"50,500.00"
2020-07-09,2020070901014475,NRIC,50,37,40,504.00,"20,160.00"
2020-07-09,2020070901014467,NRIC,50,36,140,504.00,"70,560.00"
2020-07-09,2020070901014547,NRIC,41,39,40,503.00,"20,120.00"
2020-07-09,2020070901014537,NRIC,29,46,30,504.00,"15,120.00"
2020-07-09,2020070901014519,NRIC,36,3,430,503.00,"216,290.00"
2020-07-09,2020070901014518,NRIC,50,3,50,504.00,"25,200.00"
2020-07-09,2020070901014517,NRIC,28,6,500,505.00,"252,500.00"
2020-07-09,2020070901014504,NRIC,50,38,50,504.00,"25,200.00"
2020-07-09,2020070901014572,NRIC,35,44,80,505.00,"40,400.00"
2020-07-09,2020070901014558,NRIC,35,21,40,505.00,"20,200.00"
2020-07-09,2020070901014557,NRIC,35,59,40,505.00,"20,200.00"
2020-07-09,2020070901014556,NRIC,35,39,40,505.00,"20,200.00"
2020-07-09,2020070901014555,NRIC,35,6,280,505.00,"141,400.00"
2020-07-09,2020070901014554,NRIC,35,46,20,504.00,"10,080.00"
2020-07-09,2020070901014585,NRIC,48,5,50,505.00,"25,250.00"
2020-07-09,2020070901014584,NRIC,48,46,40,504.00,"20,160.00"
2020-07-09,2020070901014576,NRIC,13,44,60,503.00,"30,180.00"
2020-07-09,2020070901014575,NRIC,21,44,200,503.00,"100,600.00"
2020-07-09,2020070901014574,NRIC,41,44,200,503.00,"100,600.00"
2020-07-09,2020070901014573,NRIC,41,44,260,503.00,"130,780.00"
2020-07-09,2020070901014419,NTC,11,49,70,634.00,"44,380.00"
2020-07-09,2020070901014418,NTC,11,54,100,630.00,"63,000.00"
2020-07-09,2020070901014302,NTC,42,49,100,629.00,"62,900.00"
2020-07-09,2020070901014435,PCBL,59,34,100,255.00,"25,500.00"
2020-07-09,2020070901014317,PCBL,59,17,62,255.00,"15,810.00"
2020-07-09,2020070901014184,PCBL,59,34,200,255.00,"51,000.00"
2020-07-09,2020070901014349,PFL,10,17,13,146.00,"1,898.00"
2020-07-09,2020070901014642,PIC,58,10,500,613.00,"306,500.00"
2020-07-09,2020070901014606,PIC,10,57,195,606.00,"118,170.00"
2020-07-09,2020070901014539,PIC,10,29,50,612.00,"30,600.00"
2020-07-09,2020070901014373,PIC,10,17,122,606.00,"73,932.00"
2020-07-09,2020070901014487,PICL,56,25,90,479.00,"43,110.00"
2020-07-09,2020070901014486,PICL,56,6,20,479.00,"9,580.00"
2020-07-09,2020070901014485,PICL,56,45,240,477.00,"114,480.00"
2020-07-09,2020070901014363,PMHPL,35,56,10,72.00,720.00
2020-07-09,2020070901014181,PROFL,49,19,500,100.00,"50,000.00"
2020-07-09,2020070901014180,PROFL,36,19,50,100.00,"5,000.00"
2020-07-09,2020070901014621,PRVU,58,44,64,232.00,"14,848.00"
2020-07-09,2020070901014620,PRVU,58,52,400,232.00,"92,800.00"
2020-07-09,2020070901014619,PRVU,58,7,120,232.00,"27,840.00"
2020-07-09,2020070901014618,PRVU,58,47,955,232.00,"221,560.00"
2020-07-09,2020070901014617,PRVU,58,55,100,232.00,"23,200.00"
2020-07-09,2020070901014616,PRVU,58,55,200,232.00,"46,400.00"
2020-07-09,2020070901014297,PRVU,58,42,153,230.00,"35,190.00"
2020-07-09,2020070901014286,PRVU,17,1,"1,000",231.00,"231,000.00"
2020-07-09,2020070901014615,PRVU,58,10,100,232.00,"23,200.00"
2020-07-09,2020070901014614,PRVU,58,6,230,231.00,"53,130.00"
2020-07-09,2020070901014602,PRVU,21,6,10,231.00,"2,310.00"
2020-07-09,2020070901014514,PRVU,21,6,10,231.00,"2,310.00"
2020-07-09,2020070901014430,PRVU,43,6,50,231.00,"11,550.00"
2020-07-09,2020070901014298,PRVU,58,42,47,230.00,"10,810.00"
2020-07-09,2020070901014580,RADHI,18,13,"1,000",174.00,"174,000.00"
2020-07-09,2020070901014214,RADHI,38,22,11,174.00,"1,914.00"
2020-07-09,2020070901014477,RHPC,42,57,986,83.00,"81,838.00"
2020-07-09,2020070901014476,RHPC,39,57,14,84.00,"1,176.00"
2020-07-09,2020070901014510,RSDC,33,35,10,498.00,"4,980.00"
2020-07-09,2020070901014437,RSDC,45,28,159,497.00,"79,023.00"
2020-07-09,2020070901014402,RSDC,56,36,49,495.00,"24,255.00"
2020-07-09,2020070901014413,SABSL,42,26,11,790.00,"8,690.00"
2020-07-09,2020070901014210,SABSL,13,57,286,795.00,"227,370.00"
2020-07-09,2020070901014560,SANIMA,44,33,320,323.00,"103,360.00"
2020-07-09,2020070901014559,SANIMA,44,47,30,323.00,"9,690.00"
2020-07-09,2020070901014404,SBI,18,17,169,407.00,"68,783.00"
2020-07-09,2020070901014244,SBI,44,13,"1,000",406.00,"406,000.00"
2020-07-09,2020070901014330,SBL,1,47,38,289.00,"10,982.00"
2020-07-09,2020070901014631,SCB,25,52,150,612.00,"91,800.00"
2020-07-09,2020070901014482,SCB,25,36,50,612.00,"30,600.00"
2020-07-09,2020070901014481,SCB,44,36,500,613.00,"306,500.00"
2020-07-09,2020070901014227,SCB,25,1,10,612.00,"6,120.00"
2020-07-09,2020070901014495,SDESI,25,43,10,910.00,"9,100.00"
2020-07-09,2020070901014494,SDESI,25,38,50,900.00,"45,000.00"
2020-07-09,2020070901014381,SDESI,22,22,1,890.00,890.00
2020-07-09,2020070901014369,SDESI,25,54,15,899.00,"13,485.00"
2020-07-09,2020070901014347,SDESI,34,44,13,887.00,"11,531.00"
2020-07-09,2020070901014627,SHINE,36,4,173,216.00,"37,368.00"
2020-07-09,2020070901014403,SHINE,25,47,10,215.00,"2,150.00"
2020-07-09,2020070901014384,SHINE,25,1,91,215.00,"19,565.00"
2020-07-09,2020070901014383,SHINE,51,1,50,215.00,"10,750.00"
2020-07-09,2020070901014382,SHINE,6,1,259,215.00,"55,685.00"
2020-07-09,2020070901014284,SHIVM,42,25,400,600.00,"240,000.00"
2020-07-09,2020070901014242,SHIVM,42,59,100,600.00,"60,000.00"
2020-07-09,2020070901014241,SHIVM,42,42,50,600.00,"30,000.00"
2020-07-09,2020070901014240,SHIVM,42,40,200,600.00,"120,000.00"
2020-07-09,2020070901014239,SHIVM,42,36,500,598.00,"299,000.00"
2020-07-09,2020070901014238,SHIVM,42,38,75,598.00,"44,850.00"
2020-07-09,2020070901014230,SHIVM,44,38,425,598.00,"254,150.00"
2020-07-09,2020070901014229,SHIVM,44,25,75,597.00,"44,775.00"
2020-07-09,2020070901014605,SHL,32,25,300,163.00,"48,900.00"
2020-07-09,2020070901014565,SHL,32,43,127,162.00,"20,574.00"
2020-07-09,2020070901014564,SHPC,58,11,45,219.00,"9,855.00"
2020-07-09,2020070901014563,SHPC,58,47,128,217.00,"27,776.00"
2020-07-09,2020070901014529,SHPC,58,47,72,217.00,"15,624.00"
2020-07-09,2020070901014528,SHPC,58,59,703,216.00,"151,848.00"
2020-07-09,2020070901014527,SHPC,58,14,120,216.00,"25,920.00"
2020-07-09,2020070901014526,SHPC,58,28,"1,000",216.00,"216,000.00"
2020-07-09,2020070901014525,SHPC,58,28,500,215.00,"107,500.00"
2020-07-09,2020070901014524,SHPC,58,29,50,215.00,"10,750.00"
2020-07-09,2020070901014523,SHPC,58,49,55,215.00,"11,825.00"
2020-07-09,2020070901014440,SHPC,58,38,53,214.00,"11,342.00"
2020-07-09,2020070901014439,SHPC,58,40,664,214.00,"142,096.00"
2020-07-09,2020070901014442,SIC,28,17,30,672.00,"20,160.00"
2020-07-09,2020070901014441,SIC,33,17,100,672.00,"67,200.00"
2020-07-09,2020070901014592,SICL,48,29,200,995.00,"199,000.00"
2020-07-09,2020070901014200,SICL,42,50,200,997.00,"199,400.00"
2020-07-09,2020070901014199,SICL,5,50,100,998.00,"99,800.00"
2020-07-09,2020070901014501,SICL,48,17,26,995.00,"25,870.00"
2020-07-09,2020070901014500,SICL,45,17,121,996.00,"120,516.00"
2020-07-09,2020070901014372,SICL,45,50,379,996.00,"377,484.00"
2020-07-09,2020070901014371,SICL,42,50,66,997.00,"65,802.00"
2020-07-09,2020070901014327,SICL,42,26,200,997.00,"199,400.00"
2020-07-09,2020070901014172,SIL,34,44,100,581.00,"58,100.00"
2020-07-09,2020070901014374,SJCL,58,59,10,139.00,"1,390.00"
2020-07-09,2020070901014350,SJCL,41,16,20,136.00,"2,720.00"
2020-07-09,2020070901014225,SJCL,41,16,10,136.00,"1,360.00"
2020-07-09,2020070901014224,SJCL,16,16,10,137.00,"1,370.00"
2020-07-09,2020070901014202,SJCL,16,16,20,137.00,"2,740.00"
2020-07-09,2020070901014304,SJCL,41,16,20,136.00,"2,720.00"
2020-07-09,2020070901014257,SJCL,41,16,20,136.00,"2,720.00"
2020-07-09,2020070901014538,SKBBL,25,4,20,"1,200.00","24,000.00"
2020-07-09,2020070901014588,SLBBL,58,29,200,852.00,"170,400.00"
2020-07-09,2020070901014581,SLBBL,5,7,44,854.00,"37,576.00"
2020-07-09,2020070901014511,SLBBL,58,48,44,852.00,"37,488.00"
2020-07-09,2020070901014424,SLBBL,58,29,300,853.00,"255,900.00"
2020-07-09,2020070901014355,SLBBL,56,29,150,853.00,"127,950.00"
2020-07-09,2020070901014324,SLBBL,50,29,70,854.00,"59,780.00"
2020-07-09,2020070901014549,SLICL,29,4,500,453.00,"226,500.00"
2020-07-09,2020070901014533,SLICL,49,34,160,450.00,"72,000.00"
2020-07-09,2020070901014512,SLICL,49,3,86,450.00,"38,700.00"
2020-07-09,2020070901014218,SLICL,49,28,"1,000",450.00,"450,000.00"
2020-07-09,2020070901014217,SLICL,49,48,100,450.00,"45,000.00"
2020-07-09,2020070901014216,SLICL,49,4,161,450.00,"72,450.00"
2020-07-09,2020070901014196,SLICL,50,53,61,445.00,"27,145.00"
2020-07-09,2020070901014195,SLICL,52,53,100,445.00,"44,500.00"
2020-07-09,2020070901014194,SLICL,26,53,146,445.00,"64,970.00"
2020-07-09,2020070901014193,SLICL,46,53,243,447.00,"108,621.00"
2020-07-09,2020070901014541,SMFBS,38,29,10,932.00,"9,320.00"
2020-07-09,2020070901014540,SMFBS,38,52,10,931.00,"9,310.00"
2020-07-09,2020070901014471,SPDL,41,45,126,101.00,"12,726.00"
2020-07-09,2020070901014267,SPDL,47,22,15,100.00,"1,500.00"
2020-07-09,2020070901014532,SRBL,6,52,121,226.00,"27,346.00"
2020-07-09,2020070901014409,SRBL,26,48,68,224.00,"15,232.00"
2020-07-09,2020070901014408,SRBL,52,48,207,224.00,"46,368.00"
2020-07-09,2020070901014520,STC,1,13,10,"2,740.00","27,400.00"
2020-07-09,2020070901014179,STC,55,38,20,"2,739.00","54,780.00"
2020-07-09,2020070901014608,SWBBL,25,1,55,"1,132.00","62,260.00"
2020-07-09,2020070901014429,SWBBL,51,48,100,"1,150.00","115,000.00"
2020-07-09,2020070901014428,SWBBL,58,48,14,"1,150.00","16,100.00"
2020-07-09,2020070901014427,SWBBL,48,48,100,"1,155.00","115,500.00"
2020-07-09,2020070901014426,SWBBL,42,48,50,"1,155.00","57,750.00"
2020-07-09,2020070901014175,SWBBL,42,26,50,"1,155.00","57,750.00"
2020-07-09,2020070901014522,UIC,44,6,73,375.00,"27,375.00"
2020-07-09,2020070901014515,UIC,44,55,70,375.00,"26,250.00"
2020-07-09,2020070901014392,UIC,44,5,67,375.00,"25,125.00"
2020-07-09,2020070901014386,UIC,34,6,77,377.00,"29,029.00"
2020-07-09,2020070901014577,UPPER,52,34,10,230.00,"2,300.00"
2020-07-09,2020070901014470,UPPER,52,58,40,230.00,"9,200.00"
2020-07-09,2020070901014365,UPPER,52,26,40,230.00,"9,200.00"
2020-07-09,2020070901014548,VLBS,53,57,116,978.00,"113,448.00"
2020-07-09,2020070901014289,VLBS,50,47,22,980.00,"21,560.00"
2020-07-09,2020070901014288,VLBS,50,46,70,975.00,"68,250.00"
2020-07-09,2020070901014185,VLBS,34,25,13,971.00,"12,623.00"
2020-07-09,2020070901014205,VLBS,34,45,250,971.00,"242,750.00"
2020-07-09,2020070901014354,WOMI,22,22,1,944.00,944.00
2020-07-09,2020070901013907,ADBL,6,17,68,370.00,"25,160.00"
2020-07-09,2020070901013906,ADBL,6,34,200,370.00,"74,000.00"
2020-07-09,2020070901013905,ADBL,6,57,33,370.00,"12,210.00"
2020-07-09,2020070901013904,ADBL,6,35,500,370.00,"185,000.00"
2020-07-09,2020070901013903,ADBL,6,51,24,368.00,"8,832.00"
2020-07-09,2020070901013859,ADBL,59,51,92,369.00,"33,948.00"
2020-07-09,2020070901014092,AHPC,45,50,652,93.00,"60,636.00"
2020-07-09,2020070901014091,AHPC,46,50,100,93.00,"9,300.00"
2020-07-09,2020070901014090,AHPC,17,50,150,93.00,"13,950.00"
2020-07-09,2020070901014089,AHPC,58,50,98,93.00,"9,114.00"
2020-07-09,2020070901013902,AKJCL,48,38,10,48.30,483.00
2020-07-09,2020070901013684,AKJCL,48,22,10,48.30,483.00
2020-07-09,2020070901013672,AKJCL,48,29,10,48.30,483.00
2020-07-09,2020070901013920,AKPL,58,34,50,116.00,"5,800.00"
2020-07-09,2020070901013753,AKPL,47,22,13,115.00,"1,495.00"
2020-07-09,2020070901014161,ALBSL,16,53,11,735.00,"8,085.00"
2020-07-09,2020070901014006,ALBSL,26,53,34,733.00,"24,922.00"
2020-07-09,2020070901014014,ALICL,42,45,50,580.00,"29,000.00"
2020-07-09,2020070901013743,ALICL,42,36,218,580.00,"126,440.00"
2020-07-09,2020070901013683,ALICL,42,34,200,580.00,"116,000.00"
2020-07-09,2020070901014079,API,51,34,100,108.00,"10,800.00"
2020-07-09,2020070901014008,API,51,26,300,107.00,"32,100.00"
2020-07-09,2020070901013742,BOKL,48,33,410,217.00,"88,970.00"
2020-07-09,2020070901014001,BPCL,26,17,210,358.00,"75,180.00"
2020-07-09,2020070901013961,BPCL,33,38,12,357.00,"4,284.00"
2020-07-09,2020070901013924,BPCL,32,54,12,359.00,"4,308.00"
2020-07-09,2020070901013787,BPCL,33,22,24,357.00,"8,568.00"
2020-07-09,2020070901014105,CBBL,55,44,100,"1,016.00","101,600.00"
2020-07-09,2020070901013844,CBBL,54,36,290,"1,015.00","294,350.00"
2020-07-09,2020070901013794,CBBL,34,55,20,"1,020.00","20,400.00"
2020-07-09,2020070901013678,CBBL,34,57,80,"1,020.00","81,600.00"
2020-07-09,2020070901013843,CBBL,49,36,100,"1,016.00","101,600.00"
2020-07-09,2020070901013842,CBBL,40,36,200,"1,016.00","203,200.00"
2020-07-09,2020070901013841,CBBL,25,36,60,"1,016.00","60,960.00"
2020-07-09,2020070901013840,CBBL,51,36,50,"1,016.00","50,800.00"
2020-07-09,2020070901013839,CBBL,16,36,50,"1,017.00","50,850.00"
2020-07-09,2020070901013838,CBBL,21,36,50,"1,017.00","50,850.00"
2020-07-09,2020070901014037,CBL,33,47,370,139.00,"51,430.00"
2020-07-09,2020070901013952,CBL,33,55,500,139.00,"69,500.00"
2020-07-09,2020070901013768,CBL,33,57,140,139.00,"19,460.00"
2020-07-09,2020070901013757,CBL,33,49,115,139.00,"15,985.00"
2020-07-09,2020070901013756,CBL,33,8,"3,016",139.00,"419,224.00"
2020-07-09,2020070901014026,CHCL,52,17,27,387.00,"10,449.00"
2020-07-09,2020070901014025,CHCL,1,17,100,388.00,"38,800.00"
2020-07-09,2020070901013934,CHCL,42,41,339,389.00,"131,871.00"
2020-07-09,2020070901014080,CIT,43,56,20,"2,448.00","48,960.00"
2020-07-09,2020070901013967,CIT,35,56,50,"2,448.00","122,400.00"
2020-07-09,2020070901013717,CIT,17,56,50,"2,448.00","122,400.00"
2020-07-09,2020070901014009,CORBL,42,34,200,126.00,"25,200.00"
2020-07-09,2020070901013966,CORBL,42,34,100,124.00,"12,400.00"
2020-07-09,2020070901014067,CZBIL,44,17,160,185.00,"29,600.00"
2020-07-09,2020070901014066,CZBIL,56,17,90,186.00,"16,740.00"
2020-07-09,2020070901014065,CZBIL,51,17,150,186.00,"27,900.00"
2020-07-09,2020070901014064,CZBIL,39,17,100,186.00,"18,600.00"
2020-07-09,2020070901013932,DDBL,42,44,200,838.00,"167,600.00"
2020-07-09,2020070901013808,DDBL,42,42,22,838.00,"18,436.00"
2020-07-09,2020070901013807,DDBL,42,41,10,838.00,"8,380.00"
2020-07-09,2020070901013806,DDBL,42,13,480,838.00,"402,240.00"
2020-07-09,2020070901013805,DDBL,42,48,118,837.00,"98,766.00"
2020-07-09,2020070901013763,DDBL,6,48,32,837.00,"26,784.00"
2020-07-09,2020070901013762,DDBL,6,54,15,837.00,"12,555.00"
2020-07-09,2020070901013761,DDBL,6,6,35,837.00,"29,295.00"
2020-07-09,2020070901014086,EBL,46,17,27,654.00,"17,658.00"
2020-07-09,2020070901014085,EBL,41,17,100,655.00,"65,500.00"
2020-07-09,2020070901013809,EIC,45,7,23,404.00,"9,292.00"
2020-07-09,2020070901013782,EIC,34,7,77,405.00,"31,185.00"
2020-07-09,2020070901014075,FMDBL,34,58,90,507.00,"45,630.00"
2020-07-09,2020070901014074,FMDBL,26,58,30,507.00,"15,210.00"
2020-07-09,2020070901014073,FMDBL,38,58,300,508.00,"152,400.00"
2020-07-09,2020070901014072,FMDBL,45,58,50,508.00,"25,400.00"
2020-07-09,2020070901014071,FMDBL,40,58,130,509.00,"66,170.00"
2020-07-09,2020070901014024,FMDBL,38,28,72,510.00,"36,720.00"
2020-07-09,2020070901014003,FMDBL,6,28,45,510.00,"22,950.00"
2020-07-09,2020070901014002,FMDBL,6,50,155,510.00,"79,050.00"
2020-07-09,2020070901013883,FMDBL,56,50,140,510.00,"71,400.00"
2020-07-09,2020070901013828,FMDBL,40,33,70,509.00,"35,630.00"
2020-07-09,2020070901013827,FMDBL,47,33,20,509.00,"10,180.00"
2020-07-09,2020070901013697,FMDBL,17,50,250,510.00,"127,500.00"
2020-07-09,2020070901013779,FOWAD,58,28,346,"1,505.00","520,730.00"
2020-07-09,2020070901013778,FOWAD,25,28,54,"1,505.00","81,270.00"
2020-07-09,2020070901013770,GBBL,42,47,83,220.00,"18,260.00"
2020-07-09,2020070901013712,GBBL,32,35,"1,000",221.00,"221,000.00"
2020-07-09,2020070901014124,GBIME,29,17,373,241.00,"89,893.00"
2020-07-09,2020070901014123,GBIME,16,17,100,241.00,"24,100.00"
2020-07-09,2020070901014122,GBIME,29,17,27,241.00,"6,507.00"
2020-07-09,2020070901014004,GBIME,40,11,20,243.00,"4,860.00"
2020-07-09,2020070901014000,GBIME,29,52,140,241.00,"33,740.00"
2020-07-09,2020070901013999,GBIME,42,52,50,242.00,"12,100.00"
2020-07-09,2020070901013963,GBIME,53,11,250,243.00,"60,750.00"
2020-07-09,2020070901013814,GBIME,29,52,480,241.00,"115,680.00"
2020-07-09,2020070901013813,GBIME,42,52,20,242.00,"4,840.00"
2020-07-09,2020070901014106,GBLBS,58,33,10,485.00,"4,850.00"
2020-07-09,2020070901013715,GBLBS,58,36,300,485.00,"145,500.00"
2020-07-09,2020070901014120,GILB,10,41,20,"1,290.00","25,800.00"
2020-07-09,2020070901013673,GILB,10,41,20,"1,290.00","25,800.00"
2020-07-09,2020070901013706,GLICL,10,57,73,476.00,"34,748.00"
2020-07-09,2020070901013991,HDL,57,26,100,"1,542.00","154,200.00"
2020-07-09,2020070901013990,HDL,57,14,50,"1,541.00","77,050.00"
2020-07-09,2020070901013951,HDL,58,43,10,"1,540.00","15,400.00"
2020-07-09,2020070901013950,HDL,58,55,105,"1,540.00","161,700.00"
2020-07-09,2020070901013917,HDL,57,55,95,"1,540.00","146,300.00"
2020-07-09,2020070901013916,HDL,57,49,100,"1,540.00","154,000.00"
2020-07-09,2020070901013736,HDL,43,57,25,"1,527.00","38,175.00"
2020-07-09,2020070901013915,HDL,57,58,90,"1,540.00","138,600.00"
2020-07-09,2020070901013914,HDL,57,28,115,"1,539.00","176,985.00"
2020-07-09,2020070901013913,HDL,57,28,100,"1,538.00","153,800.00"
2020-07-09,2020070901013873,HDL,58,11,610,"1,538.00","938,180.00"
2020-07-09,2020070901013833,HDL,58,11,390,"1,538.00","599,820.00"
2020-07-09,2020070901013832,HDL,58,55,110,"1,535.00","168,850.00"
2020-07-09,2020070901014163,HGI,58,17,58,423.00,"24,534.00"
2020-07-09,2020070901013887,HGI,58,49,10,423.00,"4,230.00"
2020-07-09,2020070901013886,HGI,58,49,932,423.00,"394,236.00"
2020-07-09,2020070901013879,HGI,58,49,68,423.00,"28,764.00"
2020-07-09,2020070901013878,HGI,58,11,200,423.00,"84,600.00"
2020-07-09,2020070901013877,HGI,58,43,32,422.00,"13,504.00"
2020-07-09,2020070901013700,HPPL,6,6,134,135.00,"18,090.00"
2020-07-09,2020070901014044,ILBS,55,45,15,758.00,"11,370.00"
2020-07-09,2020070901014043,ILBS,55,25,50,758.00,"37,900.00"
2020-07-09,2020070901014042,ILBS,4,51,20,751.00,"15,020.00"
2020-07-09,2020070901014157,JBBL,39,47,82,165.00,"13,530.00"
2020-07-09,2020070901014156,JBBL,39,47,40,165.00,"6,600.00"
2020-07-09,2020070901014155,JBBL,39,47,85,165.00,"14,025.00"
2020-07-09,2020070901014013,JBBL,28,55,100,164.00,"16,400.00"
2020-07-09,2020070901013759,JFL,8,32,461,154.00,"70,994.00"
2020-07-09,2020070901013758,JFL,56,32,39,154.00,"6,006.00"
2020-07-09,2020070901013664,JFL,56,45,11,154.00,"1,694.00"
2020-07-09,2020070901013777,KBL,51,16,400,187.00,"74,800.00"
2020-07-09,2020070901013845,KKHC,48,22,16,49.10,785.60
2020-07-09,2020070901013870,KMCDB,1,55,10,780.00,"7,800.00"
2020-07-09,2020070901013874,KPCL,38,22,10,101.00,"1,010.00"
2020-07-09,2020070901014005,KPCL,38,38,10,101.00,"1,010.00"
2020-07-09,2020070901014084,KRBL,22,47,214,100.00,"21,400.00"
2020-07-09,2020070901013945,LBBL,6,33,"1,110",182.00,"202,020.00"
2020-07-09,2020070901013834,LBBL,11,55,44,181.00,"7,964.00"
2020-07-09,2020070901013909,LGIL,56,6,12,460.00,"5,520.00"
2020-07-09,2020070901013811,LGIL,56,58,178,458.00,"81,524.00"
2020-07-09,2020070901013784,LGIL,56,33,22,458.00,"10,076.00"
2020-07-09,2020070901013783,LGIL,56,33,200,458.00,"91,600.00"
2020-07-09,2020070901013995,MBL,45,43,25,219.00,"5,475.00"
2020-07-09,2020070901013901,MBL,45,58,200,218.00,"43,600.00"
2020-07-09,2020070901013900,MBL,45,10,300,218.00,"65,400.00"
2020-07-09,2020070901013899,MBL,45,10,500,218.00,"109,000.00"
2020-07-09,2020070901013898,MEGA,1,4,383,206.00,"78,898.00"
2020-07-09,2020070901013897,MEGA,1,29,327,206.00,"67,362.00"
2020-07-09,2020070901013896,MEGA,1,39,790,206.00,"162,740.00"
2020-07-09,2020070901014150,MERO,58,51,500,622.00,"311,000.00"
2020-07-09,2020070901014128,MERO,58,51,102,622.00,"63,444.00"
2020-07-09,2020070901014127,MERO,58,45,299,620.00,"185,380.00"
2020-07-09,2020070901014126,MERO,58,32,84,618.00,"51,912.00"
2020-07-09,2020070901014125,MERO,58,54,15,617.00,"9,255.00"
2020-07-09,2020070901013716,MERO,22,45,30,611.00,"18,330.00"
2020-07-09,2020070901013931,MFIL,28,4,959,279.00,"267,561.00"
2020-07-09,2020070901013930,MFIL,42,4,41,280.00,"11,480.00"
2020-07-09,2020070901013856,MFIL,42,45,59,280.00,"16,520.00"
2020-07-09,2020070901013837,MNBBL,35,25,472,304.00,"143,488.00"
2020-07-09,2020070901013836,MNBBL,1,25,983,305.00,"299,815.00"
2020-07-09,2020070901013748,MNBBL,1,47,17,305.00,"5,185.00"
2020-07-09,2020070901013747,MNBBL,57,47,50,305.00,"15,250.00"
2020-07-09,2020070901014148,NABIL,58,28,790,741.00,"585,390.00"
2020-07-09,2020070901014147,NABIL,22,28,10,742.00,"7,420.00"
2020-07-09,2020070901013679,NADEP,56,5,23,593.00,"13,639.00"
2020-07-09,2020070901013674,NADEP,41,45,17,599.00,"10,183.00"
2020-07-09,2020070901013949,NBB,13,42,140,194.00,"27,160.00"
2020-07-09,2020070901013948,NBB,1,42,50,194.00,"9,700.00"
2020-07-09,2020070901013884,NBB,40,55,500,194.00,"97,000.00"
2020-07-09,2020070901013781,NBB,56,33,500,195.00,"97,500.00"
2020-07-09,2020070901013727,NBB,40,47,47,194.00,"9,118.00"
2020-07-09,2020070901014152,NBL,21,44,100,244.00,"24,400.00"
2020-07-09,2020070901014062,NBL,34,44,31,244.00,"7,564.00"
2020-07-09,2020070901014061,NBL,34,25,49,244.00,"11,956.00"
2020-07-09,2020070901014060,NBL,34,47,100,244.00,"24,400.00"
2020-07-09,2020070901014059,NBL,34,34,20,244.00,"4,880.00"
2020-07-09,2020070901013854,NBL,43,47,293,244.00,"71,492.00"
2020-07-09,2020070901013754,NBL,17,16,378,244.00,"92,232.00"
2020-07-09,2020070901013686,NBL,43,47,29,243.00,"7,047.00"
2020-07-09,2020070901013853,NBL,43,28,"1,378",244.00,"336,232.00"
2020-07-09,2020070901013852,NBL,43,44,29,243.00,"7,047.00"
2020-07-09,2020070901013848,NBL,38,44,"1,000",243.00,"243,000.00"
2020-07-09,2020070901013847,NBL,13,44,"1,000",243.00,"243,000.00"
2020-07-09,2020070901013846,NBL,43,44,971,243.00,"235,953.00"
2020-07-09,2020070901013755,NBL,17,28,622,244.00,"151,768.00"
2020-07-09,2020070901013735,NCCB,56,56,"1,000",184.00,"184,000.00"
2020-07-09,2020070901013734,NCCB,56,28,"1,000",184.00,"184,000.00"
2020-07-09,2020070901013733,NCCB,56,28,94,184.00,"17,296.00"
2020-07-09,2020070901013795,NGPL,25,44,11,114.00,"1,254.00"
2020-07-09,2020070901013944,NIB,49,58,547,440.00,"240,680.00"
2020-07-09,2020070901013943,NIB,49,13,300,440.00,"132,000.00"
2020-07-09,2020070901013942,NIB,49,25,100,440.00,"44,000.00"
2020-07-09,2020070901013941,NIB,49,57,90,440.00,"39,600.00"
2020-07-09,2020070901013940,NIB,49,44,100,439.00,"43,900.00"
2020-07-09,2020070901013939,NIB,49,51,437,439.00,"191,843.00"
2020-07-09,2020070901013938,NIB,49,48,33,439.00,"14,487.00"
2020-07-09,2020070901013937,NIB,49,51,393,438.00,"172,134.00"
2020-07-09,2020070901013894,NIB,22,59,300,437.00,"131,100.00"
2020-07-09,2020070901013741,NIB,1,51,97,438.00,"42,486.00"
2020-07-09,2020070901014070,NICA,33,4,140,504.00,"70,560.00"
2020-07-09,2020070901014034,NICA,58,28,977,503.00,"491,431.00"
2020-07-09,2020070901014030,NICA,33,4,560,504.00,"282,240.00"
2020-07-09,2020070901013908,NICA,54,4,300,504.00,"151,200.00"
2020-07-09,2020070901013860,NICA,42,28,796,504.00,"401,184.00"
2020-07-09,2020070901013810,NICA,42,26,400,504.00,"201,600.00"
2020-07-09,2020070901013800,NICA,42,39,100,504.00,"50,400.00"
2020-07-09,2020070901013780,NICA,42,51,704,504.00,"354,816.00"
2020-07-09,2020070901013671,NICA,58,47,45,503.00,"22,635.00"
2020-07-09,2020070901014151,NICL,39,6,31,435.00,"13,485.00"
2020-07-09,2020070901014104,NICL,41,6,50,434.00,"21,700.00"
2020-07-09,2020070901014045,NICL,41,34,500,434.00,"217,000.00"
2020-07-09,2020070901013964,NICL,41,6,50,434.00,"21,700.00"
2020-07-09,2020070901013767,NICL,58,57,207,433.00,"89,631.00"
2020-07-09,2020070901013876,NIL,42,34,50,600.00,"30,000.00"
2020-07-09,2020070901013868,NIL,42,39,284,605.00,"171,820.00"
2020-07-09,2020070901013867,NIL,42,44,100,605.00,"60,500.00"
2020-07-09,2020070901013866,NIL,42,14,511,605.00,"309,155.00"
2020-07-09,2020070901013865,NIL,42,55,200,605.00,"121,000.00"
2020-07-09,2020070901013864,NIL,42,14,500,604.00,"302,000.00"
2020-07-09,2020070901013863,NIL,42,43,300,604.00,"181,200.00"
2020-07-09,2020070901013862,NIL,42,14,105,603.00,"63,315.00"
2020-07-09,2020070901014103,NLIC,34,28,775,"1,223.00","947,825.00"
2020-07-09,2020070901014102,NLIC,14,28,20,"1,224.00","24,480.00"
2020-07-09,2020070901014101,NLIC,35,28,25,"1,224.00","30,600.00"
2020-07-09,2020070901014100,NLIC,14,28,22,"1,224.00","26,928.00"
2020-07-09,2020070901014099,NLIC,57,28,278,"1,224.00","340,272.00"
2020-07-09,2020070901014098,NLIC,42,28,100,"1,225.00","122,500.00"
2020-07-09,2020070901013726,NLIC,6,4,51,"1,228.00","62,628.00"
2020-07-09,2020070901013725,NLIC,6,6,22,"1,228.00","27,016.00"
2020-07-09,2020070901013724,NLIC,6,6,22,"1,228.00","27,016.00"
2020-07-09,2020070901013723,NLIC,6,54,15,"1,228.00","18,420.00"
2020-07-09,2020070901013722,NLIC,6,6,22,"1,228.00","27,016.00"
2020-07-09,2020070901013721,NLIC,6,6,22,"1,228.00","27,016.00"
2020-07-09,2020070901013745,NLIC,58,39,300,"1,226.00","367,800.00"
2020-07-09,2020070901013744,NLIC,50,39,70,"1,227.00","85,890.00"
2020-07-09,2020070901013731,NLIC,56,4,14,"1,228.00","17,192.00"
2020-07-09,2020070901013730,NLIC,50,4,130,"1,227.00","159,510.00"
2020-07-09,2020070901013729,NLIC,25,4,20,"1,227.00","24,540.00"
2020-07-09,2020070901013728,NLIC,21,4,50,"1,227.00","61,350.00"
2020-07-09,2020070901013869,NLIC,34,21,200,"1,225.00","245,000.00"
2020-07-09,2020070901013791,NLIC,34,4,50,"1,225.00","61,250.00"
2020-07-09,2020070901013790,NLIC,41,4,70,"1,228.00","85,960.00"
2020-07-09,2020070901013789,NLIC,41,4,30,"1,226.00","36,780.00"
2020-07-09,2020070901013752,NLIC,28,4,70,"1,226.00","85,820.00"
2020-07-09,2020070901013746,NLIC,28,39,30,"1,226.00","36,780.00"
2020-07-09,2020070901014097,NLIC,35,28,300,"1,225.00","367,500.00"
2020-07-09,2020070901014096,NLIC,38,28,200,"1,225.00","245,000.00"
2020-07-09,2020070901014095,NLIC,34,28,180,"1,225.00","220,500.00"
2020-07-09,2020070901014094,NLIC,58,28,200,"1,226.00","245,200.00"
2020-07-09,2020070901014093,NLIC,58,28,200,"1,226.00","245,200.00"
2020-07-09,2020070901014033,NLIC,34,11,100,"1,225.00","122,500.00"
2020-07-09,2020070901014028,NLICL,57,11,"1,000",685.00,"685,000.00"
2020-07-09,2020070901014027,NLICL,57,43,100,684.00,"68,400.00"
2020-07-09,2020070901013926,NLICL,42,54,100,680.00,"68,000.00"
2020-07-09,2020070901013925,NLICL,35,54,50,680.00,"34,000.00"
2020-07-09,2020070901014129,NMB,41,45,45,383.00,"17,235.00"
2020-07-09,2020070901014119,NMB,41,53,98,383.00,"37,534.00"
2020-07-09,2020070901013935,NMB,6,8,10,385.00,"3,850.00"
2020-07-09,2020070901013911,NMB,41,8,300,385.00,"115,500.00"
2020-07-09,2020070901013910,NMB,41,36,200,384.00,"76,800.00"
2020-07-09,2020070901013857,NMB,41,52,45,383.00,"17,235.00"
2020-07-09,2020070901013738,NMB,28,36,100,384.00,"38,400.00"
2020-07-09,2020070901013705,NMB,41,5,82,383.00,"31,406.00"
2020-07-09,2020070901014162,NRIC,55,58,40,506.00,"20,240.00"
2020-07-09,2020070901014159,NRIC,55,49,50,506.00,"25,300.00"
2020-07-09,2020070901014158,NRIC,55,56,50,506.00,"25,300.00"
2020-07-09,2020070901014154,NRIC,55,50,40,506.00,"20,240.00"
2020-07-09,2020070901014130,NRIC,55,18,40,506.00,"20,240.00"
2020-07-09,2020070901014118,NRIC,55,47,30,506.00,"15,180.00"
2020-07-09,2020070901013677,NRIC,50,21,40,504.00,"20,160.00"
2020-07-09,2020070901013670,NRIC,50,52,40,504.00,"20,160.00"
2020-07-09,2020070901013668,NRIC,50,21,40,504.00,"20,160.00"
2020-07-09,2020070901013667,NRIC,50,29,10,504.00,"5,040.00"
2020-07-09,2020070901013666,NRIC,21,29,30,504.00,"15,120.00"
2020-07-09,2020070901013688,NRIC,50,38,40,504.00,"20,160.00"
2020-07-09,2020070901013687,NRIC,50,57,50,504.00,"25,200.00"
2020-07-09,2020070901013685,NRIC,50,21,40,504.00,"20,160.00"
2020-07-09,2020070901013682,NRIC,50,49,40,504.00,"20,160.00"
2020-07-09,2020070901013681,NRIC,50,28,50,504.00,"25,200.00"
2020-07-09,2020070901013680,NRIC,50,29,50,504.00,"25,200.00"
2020-07-09,2020070901013714,NRIC,50,28,40,504.00,"20,160.00"
2020-07-09,2020070901013711,NRIC,50,21,40,504.00,"20,160.00"
2020-07-09,2020070901013710,NRIC,50,38,40,504.00,"20,160.00"
2020-07-09,2020070901013703,NRIC,50,44,20,504.00,"10,080.00"
2020-07-09,2020070901013698,NRIC,50,52,50,504.00,"25,200.00"
2020-07-09,2020070901013696,NRIC,50,40,40,504.00,"20,160.00"
2020-07-09,2020070901013765,NRIC,50,56,40,504.00,"20,160.00"
2020-07-09,2020070901013764,NRIC,50,35,40,504.00,"20,160.00"
2020-07-09,2020070901013751,NRIC,50,21,40,504.00,"20,160.00"
2020-07-09,2020070901013749,NRIC,50,45,40,504.00,"20,160.00"
2020-07-09,2020070901013740,NRIC,50,16,40,504.00,"20,160.00"
2020-07-09,2020070901013739,NRIC,50,38,40,504.00,"20,160.00"
2020-07-09,2020070901013796,NRIC,41,21,50,504.00,"25,200.00"
2020-07-09,2020070901013793,NRIC,41,54,40,504.00,"20,160.00"
2020-07-09,2020070901013788,NRIC,41,39,50,504.00,"25,200.00"
2020-07-09,2020070901013786,NRIC,50,50,40,504.00,"20,160.00"
2020-07-09,2020070901013785,NRIC,50,54,40,504.00,"20,160.00"
2020-07-09,2020070901013769,NRIC,50,21,50,504.00,"25,200.00"
2020-07-09,2020070901013815,NRIC,41,21,50,504.00,"25,200.00"
2020-07-09,2020070901013804,NRIC,41,57,40,504.00,"20,160.00"
2020-07-09,2020070901013803,NRIC,41,56,50,504.00,"25,200.00"
2020-07-09,2020070901013802,NRIC,41,45,50,504.00,"25,200.00"
2020-07-09,2020070901013801,NRIC,41,38,40,504.00,"20,160.00"
2020-07-09,2020070901013797,NRIC,41,49,40,504.00,"20,160.00"
2020-07-09,2020070901013851,NRIC,36,38,40,504.00,"20,160.00"
2020-07-09,2020070901013849,NRIC,36,35,40,504.00,"20,160.00"
2020-07-09,2020070901013830,NRIC,42,21,30,504.00,"15,120.00"
2020-07-09,2020070901013829,NRIC,41,21,10,504.00,"5,040.00"
2020-07-09,2020070901013824,NRIC,41,38,40,504.00,"20,160.00"
2020-07-09,2020070901013817,NRIC,41,50,40,504.00,"20,160.00"
2020-07-09,2020070901013880,NRIC,44,38,40,504.00,"20,160.00"
2020-07-09,2020070901013875,NRIC,44,49,40,504.00,"20,160.00"
2020-07-09,2020070901013872,NRIC,44,39,40,504.00,"20,160.00"
2020-07-09,2020070901013861,NRIC,36,43,40,504.00,"20,160.00"
2020-07-09,2020070901013858,NRIC,36,45,40,504.00,"20,160.00"
2020-07-09,2020070901013855,NRIC,36,38,40,504.00,"20,160.00"
2020-07-09,2020070901013929,NRIC,53,57,20,504.00,"10,080.00"
2020-07-09,2020070901013928,NRIC,53,16,40,504.00,"20,160.00"
2020-07-09,2020070901013927,NRIC,53,45,40,504.00,"20,160.00"
2020-07-09,2020070901013918,NRIC,36,38,40,503.00,"20,120.00"
2020-07-09,2020070901013893,NRIC,44,38,40,504.00,"20,160.00"
2020-07-09,2020070901013882,NRIC,44,7,40,504.00,"20,160.00"
2020-07-09,2020070901013971,NRIC,40,32,40,505.00,"20,200.00"
2020-07-09,2020070901013970,NRIC,40,32,40,505.00,"20,200.00"
2020-07-09,2020070901013969,NRIC,40,17,50,504.00,"25,200.00"
2020-07-09,2020070901013968,NRIC,40,57,680,504.00,"342,720.00"
2020-07-09,2020070901013946,NRIC,36,38,40,503.00,"20,120.00"
2020-07-09,2020070901013936,NRIC,36,49,50,503.00,"25,150.00"
2020-07-09,2020070901013977,NRIC,40,38,40,505.00,"20,200.00"
2020-07-09,2020070901013976,NRIC,40,14,40,505.00,"20,200.00"
2020-07-09,2020070901013975,NRIC,40,49,50,505.00,"25,250.00"
2020-07-09,2020070901013974,NRIC,40,52,20,505.00,"10,100.00"
2020-07-09,2020070901013973,NRIC,40,32,40,505.00,"20,200.00"
2020-07-09,2020070901013972,NRIC,40,32,40,505.00,"20,200.00"
2020-07-09,2020070901013983,NRIC,40,38,40,505.00,"20,200.00"
2020-07-09,2020070901013982,NRIC,40,21,40,505.00,"20,200.00"
2020-07-09,2020070901013981,NRIC,40,45,40,505.00,"20,200.00"
2020-07-09,2020070901013980,NRIC,40,38,50,505.00,"25,250.00"
2020-07-09,2020070901013979,NRIC,40,38,50,505.00,"25,250.00"
2020-07-09,2020070901013978,NRIC,40,38,40,505.00,"20,200.00"
2020-07-09,2020070901013989,NRIC,40,58,40,505.00,"20,200.00"
2020-07-09,2020070901013988,NRIC,40,57,40,505.00,"20,200.00"
2020-07-09,2020070901013987,NRIC,40,41,50,505.00,"25,250.00"
2020-07-09,2020070901013986,NRIC,40,57,40,505.00,"20,200.00"
2020-07-09,2020070901013985,NRIC,40,21,40,505.00,"20,200.00"
2020-07-09,2020070901013984,NRIC,40,45,40,505.00,"20,200.00"
2020-07-09,2020070901014012,NRIC,40,10,50,505.00,"25,250.00"
2020-07-09,2020070901014010,NRIC,40,47,50,505.00,"25,250.00"
2020-07-09,2020070901013996,NRIC,40,50,40,505.00,"20,200.00"
2020-07-09,2020070901013994,NRIC,40,45,40,505.00,"20,200.00"
2020-07-09,2020070901013993,NRIC,40,51,40,505.00,"20,200.00"
2020-07-09,2020070901013992,NRIC,40,36,40,505.00,"20,200.00"
2020-07-09,2020070901014041,NRIC,36,50,40,505.00,"20,200.00"
2020-07-09,2020070901014029,NRIC,36,58,40,505.00,"20,200.00"
2020-07-09,2020070901014023,NRIC,36,50,900,505.00,"454,500.00"
2020-07-09,2020070901014022,NRIC,40,50,100,505.00,"50,500.00"
2020-07-09,2020070901014021,NRIC,40,51,50,505.00,"25,250.00"
2020-07-09,2020070901014016,NRIC,40,50,40,505.00,"20,200.00"
2020-07-09,2020070901014057,NRIC,49,19,40,506.00,"20,240.00"
2020-07-09,2020070901014056,NRIC,49,19,40,506.00,"20,240.00"
2020-07-09,2020070901014055,NRIC,49,19,40,506.00,"20,240.00"
2020-07-09,2020070901014054,NRIC,49,26,40,506.00,"20,240.00"
2020-07-09,2020070901014053,NRIC,49,26,40,506.00,"20,240.00"
2020-07-09,2020070901014052,NRIC,49,6,40,506.00,"20,240.00"
2020-07-09,2020070901014088,NRIC,55,50,40,504.00,"20,160.00"
2020-07-09,2020070901014076,NRIC,42,28,20,505.00,"10,100.00"
2020-07-09,2020070901014069,NRIC,42,45,40,505.00,"20,200.00"
2020-07-09,2020070901014068,NRIC,42,18,20,505.00,"10,100.00"
2020-07-09,2020070901014063,NRIC,36,18,20,505.00,"10,100.00"
2020-07-09,2020070901014058,NRIC,49,47,10,506.00,"5,060.00"
2020-07-09,2020070901014117,NRIC,55,28,20,505.00,"10,100.00"
2020-07-09,2020070901014115,NRIC,40,58,30,504.00,"15,120.00"
2020-07-09,2020070901014114,NRIC,55,58,10,504.00,"5,040.00"
2020-07-09,2020070901014113,NRIC,55,49,40,504.00,"20,160.00"
2020-07-09,2020070901014110,NRIC,55,58,40,504.00,"20,160.00"
2020-07-09,2020070901014107,NRIC,55,29,20,504.00,"10,080.00"
2020-07-09,2020070901013704,NTC,7,41,50,630.00,"31,500.00"
2020-07-09,2020070901013953,NUBL,38,49,41,955.00,"39,155.00"
2020-07-09,2020070901013921,NUBL,56,34,50,955.00,"47,750.00"
2020-07-09,2020070901014121,OHL,21,46,66,324.00,"21,384.00"
2020-07-09,2020070901013775,PCBL,59,50,300,255.00,"76,500.00"
2020-07-09,2020070901013774,PCBL,59,38,322,255.00,"82,110.00"
2020-07-09,2020070901013750,PCBL,42,5,98,254.00,"24,892.00"
2020-07-09,2020070901013701,PCBL,42,55,100,254.00,"25,400.00"
2020-07-09,2020070901013895,PFL,10,22,14,146.00,"2,044.00"
2020-07-09,2020070901013699,PICL,36,39,100,475.00,"47,500.00"
2020-07-09,2020070901014015,PLIC,49,45,25,530.00,"13,250.00"
2020-07-09,2020070901013826,PLIC,49,53,92,530.00,"48,760.00"
2020-07-09,2020070901013825,PLIC,52,53,100,531.00,"53,100.00"
2020-07-09,2020070901014035,PMHPL,35,53,10,72.00,720.00
2020-07-09,2020070901013962,PMHPL,35,22,10,72.00,720.00
2020-07-09,2020070901014011,PPCL,42,22,10,108.00,"1,080.00"
2020-07-09,2020070901013965,PRIN,29,22,10,464.00,"4,640.00"
2020-07-09,2020070901013835,PRIN,39,6,50,460.00,"23,000.00"
2020-07-09,2020070901013760,PRVU,58,6,347,230.00,"79,810.00"
2020-07-09,2020070901014040,RADHI,18,22,11,171.00,"1,881.00"
2020-07-09,2020070901013713,RBCLPO,45,34,10,"7,840.00","78,400.00"
2020-07-09,2020070901013816,RHPL,13,38,40,148.00,"5,920.00"
2020-07-09,2020070901014051,RMDC,37,53,54,640.00,"34,560.00"
2020-07-09,2020070901013919,RMDC,49,53,25,640.00,"16,000.00"
2020-07-09,2020070901014108,RRHP,1,22,10,90.00,900.00
2020-07-09,2020070901013732,RRHP,1,53,10,90.00,900.00
2020-07-09,2020070901013955,RSDC,45,53,30,494.00,"14,820.00"
2020-07-09,2020070901013885,SABSL,42,25,11,790.00,"8,690.00"
2020-07-09,2020070901013771,SANIMA,44,13,"2,000",321.00,"642,000.00"
2020-07-09,2020070901013720,SANIMA,1,13,100,322.00,"32,200.00"
2020-07-09,2020070901013719,SANIMA,45,13,30,322.00,"9,660.00"
2020-07-09,2020070901013718,SANIMA,49,13,41,322.00,"13,202.00"
2020-07-09,2020070901014020,SBL,1,55,16,289.00,"4,624.00"
2020-07-09,2020070901014019,SBL,34,55,69,289.00,"19,941.00"
2020-07-09,2020070901014018,SBL,57,55,15,290.00,"4,350.00"
2020-07-09,2020070901013881,SBL,34,53,81,289.00,"23,409.00"
2020-07-09,2020070901013709,SBL,33,39,100,290.00,"29,000.00"
2020-07-09,2020070901013708,SBL,33,48,"1,000",290.00,"290,000.00"
2020-07-09,2020070901013707,SBL,33,47,60,290.00,"17,400.00"
2020-07-09,2020070901014145,SCB,49,6,264,619.00,"163,416.00"
2020-07-09,2020070901014144,SCB,49,55,20,615.00,"12,300.00"
2020-07-09,2020070901014143,SCB,49,6,16,613.00,"9,808.00"
2020-07-09,2020070901014046,SCB,44,6,500,611.00,"305,500.00"
2020-07-09,2020070901013892,SCB,51,6,100,613.00,"61,300.00"
2020-07-09,2020070901013891,SCB,19,6,20,613.00,"12,260.00"
2020-07-09,2020070901013890,SCB,50,6,50,613.00,"30,650.00"
2020-07-09,2020070901013889,SCB,42,6,100,614.00,"61,400.00"
2020-07-09,2020070901013888,SCB,50,6,214,614.00,"131,396.00"
2020-07-09,2020070901013702,SCB,50,39,60,614.00,"36,840.00"
2020-07-09,2020070901014133,SDESI,34,57,120,887.00,"106,440.00"
2020-07-09,2020070901014132,SDESI,59,57,30,887.00,"26,610.00"
2020-07-09,2020070901014131,SDESI,45,57,100,887.00,"88,700.00"
2020-07-09,2020070901014078,SDESI,22,35,20,888.00,"17,760.00"
2020-07-09,2020070901014077,SDESI,39,35,29,888.00,"25,752.00"
2020-07-09,2020070901013912,SDESI,39,33,15,888.00,"13,320.00"
2020-07-09,2020070901013676,SDESI,43,33,100,890.00,"89,000.00"
2020-07-09,2020070901013675,SDESI,25,33,36,891.00,"32,076.00"
2020-07-09,2020070901014081,SHINE,33,4,500,216.00,"108,000.00"
2020-07-09,2020070901014039,SHINE,6,55,41,215.00,"8,815.00"
2020-07-09,2020070901014038,SHINE,6,55,159,215.00,"34,185.00"
2020-07-09,2020070901014031,SHINE,42,4,100,216.00,"21,600.00"
2020-07-09,2020070901013997,SHINE,22,4,465,216.00,"100,440.00"
2020-07-09,2020070901013850,SHINE,58,4,500,216.00,"108,000.00"
2020-07-09,2020070901013954,SHIVM,42,58,"1,770",592.00,"1,047,840.00"
2020-07-09,2020070901013831,SHIVM,38,58,500,591.00,"295,500.00"
2020-07-09,2020070901014087,SHL,32,36,326,161.00,"52,486.00"
2020-07-09,2020070901014146,SHPC,58,26,"1,000",213.00,"213,000.00"
2020-07-09,2020070901013776,SIC,42,48,290,675.00,"195,750.00"
2020-07-09,2020070901014153,SJCL,16,16,20,137.00,"2,740.00"
2020-07-09,2020070901014109,SJCL,16,16,20,137.00,"2,740.00"
2020-07-09,2020070901014017,SJCL,16,16,10,137.00,"1,370.00"
2020-07-09,2020070901013998,SJCL,16,16,20,137.00,"2,740.00"
2020-07-09,2020070901013947,SJCL,14,54,500,138.00,"69,000.00"
2020-07-09,2020070901013812,SJCL,16,16,20,137.00,"2,740.00"
2020-07-09,2020070901013669,SJCL,16,16,20,137.00,"2,740.00"
2020-07-09,2020070901014160,SKBBL,10,41,"2,000","1,200.00","2,400,000.00"
2020-07-09,2020070901014116,SKBBL,49,14,323,"1,196.00","386,308.00"
2020-07-09,2020070901014083,SKBBL,49,32,10,"1,196.00","11,960.00"
2020-07-09,2020070901014007,SKBBL,49,32,67,"1,196.00","80,132.00"
2020-07-09,2020070901013871,SKBBL,21,32,10,"1,200.00","12,000.00"
2020-07-09,2020070901013823,SKBBL,21,39,190,"1,200.00","228,000.00"
2020-07-09,2020070901013822,SKBBL,21,39,400,"1,200.00","480,000.00"
2020-07-09,2020070901013821,SKBBL,21,39,400,"1,200.00","480,000.00"
2020-07-09,2020070901013820,SKBBL,21,39,400,"1,200.00","480,000.00"
2020-07-09,2020070901013819,SKBBL,21,39,400,"1,200.00","480,000.00"
2020-07-09,2020070901013818,SKBBL,22,39,10,"1,202.00","12,020.00"
2020-07-09,2020070901013792,SKBBL,46,32,13,"1,203.00","15,639.00"
2020-07-09,2020070901014036,SLBSL,5,55,70,867.00,"60,690.00"
2020-07-09,2020070901013960,SLICL,50,4,"1,000",450.00,"450,000.00"
2020-07-09,2020070901013959,SLICL,21,4,50,452.00,"22,600.00"
2020-07-09,2020070901013958,SLICL,29,4,174,452.00,"78,648.00"
2020-07-09,2020070901013957,SLICL,44,4,500,453.00,"226,500.00"
2020-07-09,2020070901013956,SLICL,10,4,115,454.00,"52,210.00"
2020-07-09,2020070901013766,SMB,35,21,10,901.00,"9,010.00"
2020-07-09,2020070901014112,SRBL,58,52,10,226.00,"2,260.00"
2020-07-09,2020070901014050,SRBL,52,53,227,224.00,"50,848.00"
2020-07-09,2020070901014049,SRBL,35,53,150,225.00,"33,750.00"
2020-07-09,2020070901014048,SRBL,39,53,100,225.00,"22,500.00"
2020-07-09,2020070901014047,SRBL,49,53,24,225.00,"5,400.00"
2020-07-09,2020070901013737,SRBL,50,52,269,226.00,"60,794.00"
2020-07-09,2020070901013773,STC,58,13,30,"2,710.00","81,300.00"
2020-07-09,2020070901013772,STC,58,14,100,"2,709.00","270,900.00"
2020-07-09,2020070901013923,UIC,45,39,55,378.00,"20,790.00"
2020-07-09,2020070901013922,UIC,45,55,20,378.00,"7,560.00"
2020-07-09,2020070901013695,UIC,44,36,30,374.00,"11,220.00"
2020-07-09,2020070901013694,UIC,16,36,300,374.00,"112,200.00"
2020-07-09,2020070901013693,UIC,39,36,200,374.00,"74,800.00"
2020-07-09,2020070901013692,UIC,6,36,100,374.00,"37,400.00"
2020-07-09,2020070901013691,UIC,38,36,44,374.00,"16,456.00"
2020-07-09,2020070901013690,UIC,8,36,126,375.00,"47,250.00"
2020-07-09,2020070901013689,UIC,8,13,100,375.00,"37,500.00"
2020-07-09,2020070901013665,UIC,8,6,100,375.00,"37,500.00"
2020-07-09,2020070901014149,UPCL,42,55,500,69.00,"34,500.00"
2020-07-09,2020070901014142,UPPER,32,56,500,232.00,"116,000.00"
2020-07-09,2020070901014141,UPPER,32,56,40,232.00,"9,280.00"
2020-07-09,2020070901014140,UPPER,32,56,40,232.00,"9,280.00"
2020-07-09,2020070901014139,UPPER,32,56,40,232.00,"9,280.00"
2020-07-09,2020070901014138,UPPER,32,56,50,232.00,"11,600.00"
2020-07-09,2020070901014137,UPPER,32,56,50,232.00,"11,600.00"
2020-07-09,2020070901013933,UPPER,52,58,50,230.00,"11,500.00"
2020-07-09,2020070901013799,UPPER,52,58,10,230.00,"2,300.00"
2020-07-09,2020070901013798,UPPER,42,58,30,230.00,"6,900.00"
2020-07-09,2020070901014136,UPPER,32,56,40,232.00,"9,280.00"
2020-07-09,2020070901014135,UPPER,32,56,40,232.00,"9,280.00"
2020-07-09,2020070901014134,UPPER,32,28,487,232.00,"112,984.00"
2020-07-09,2020070901014082,UPPER,52,58,40,230.00,"9,200.00"
2020-07-09,2020070901014032,UPPER,52,58,40,230.00,"9,200.00"
2020-07-09,2020070901014111,VLBS,34,47,21,971.00,"20,391.00"
2020-07-09,2020070901013579,ADBL,59,52,28,369.00,"10,332.00"
2020-07-09,2020070901013578,ADBL,25,52,172,369.00,"63,468.00"
2020-07-09,2020070901013176,ADBL,45,6,30,370.00,"11,100.00"
2020-07-09,2020070901013497,ADBL,25,41,224,369.00,"82,656.00"
2020-07-09,2020070901013453,ADBL,6,6,7,369.00,"2,583.00"
2020-07-09,2020070901013568,AHPC,32,29,338,94.00,"31,772.00"
2020-07-09,2020070901013643,AKPL,33,34,300,116.00,"34,800.00"
2020-07-09,2020070901013642,AKPL,1,34,250,116.00,"29,000.00"
2020-07-09,2020070901013641,AKPL,45,34,138,116.00,"16,008.00"
2020-07-09,2020070901013508,ALBSL,18,49,11,734.00,"8,074.00"
2020-07-09,2020070901013328,ALICL,49,58,250,586.00,"146,500.00"
2020-07-09,2020070901013327,ALICL,49,52,50,585.00,"29,250.00"
2020-07-09,2020070901013611,API,51,49,500,107.00,"53,500.00"
2020-07-09,2020070901013610,API,51,26,176,107.00,"18,832.00"
2020-07-09,2020070901013243,BOKL,58,50,637,217.00,"138,229.00"
2020-07-09,2020070901013663,BPCL,33,39,761,357.00,"271,677.00"
2020-07-09,2020070901013662,BPCL,55,39,239,357.00,"85,323.00"
2020-07-09,2020070901013661,BPCL,32,39,"1,448",358.00,"518,384.00"
2020-07-09,2020070901013660,BPCL,32,39,552,358.00,"197,616.00"
2020-07-09,2020070901013502,BPCL,32,6,124,358.00,"44,392.00"
2020-07-09,2020070901013501,BPCL,40,6,276,359.00,"99,084.00"
2020-07-09,2020070901013289,BPCL,40,22,24,359.00,"8,616.00"
2020-07-09,2020070901013481,CBBL,4,57,20,"1,020.00","20,400.00"
2020-07-09,2020070901013314,CBL,19,45,55,137.00,"7,535.00"
2020-07-09,2020070901013571,CCBL,36,6,32,163.00,"5,216.00"
2020-07-09,2020070901013280,CCBL,36,45,51,163.00,"8,313.00"
2020-07-09,2020070901013259,CCBL,36,32,273,163.00,"44,499.00"
2020-07-09,2020070901013435,CHCL,42,17,461,389.00,"179,329.00"
2020-07-09,2020070901013434,CHCL,45,17,50,390.00,"19,500.00"
2020-07-09,2020070901013323,CHL,25,57,"2,412",78.00,"188,136.00"
2020-07-09,2020070901013325,CIT,11,39,100,"2,437.00","243,700.00"
2020-07-09,2020070901013165,CIT,45,25,10,"2,450.00","24,500.00"
2020-07-09,2020070901013650,CLBSL,58,46,10,706.00,"7,060.00"
2020-07-09,2020070901013340,CLBSL,28,58,460,675.00,"310,500.00"
2020-07-09,2020070901013339,CLBSL,28,57,200,672.00,"134,400.00"
2020-07-09,2020070901013498,CZBIL,6,6,2,186.00,372.00
2020-07-09,2020070901013274,DHPL,11,39,168,50.00,"8,400.00"
2020-07-09,2020070901013585,EBL,46,40,10,654.00,"6,540.00"
2020-07-09,2020070901013533,EBL,46,6,32,654.00,"20,928.00"
2020-07-09,2020070901013480,EBL,42,36,336,660.00,"221,760.00"
2020-07-09,2020070901013479,EBL,42,51,155,659.00,"102,145.00"
2020-07-09,2020070901013478,EBL,42,38,59,658.00,"38,822.00"
2020-07-09,2020070901013477,EBL,42,1,30,658.00,"19,740.00"
2020-07-09,2020070901013297,EBL,28,44,500,655.00,"327,500.00"
2020-07-09,2020070901013296,EBL,1,44,300,655.00,"196,500.00"
2020-07-09,2020070901013476,EBL,42,55,50,658.00,"32,900.00"
2020-07-09,2020070901013475,EBL,42,17,230,657.00,"151,110.00"
2020-07-09,2020070901013474,EBL,42,19,100,656.00,"65,600.00"
2020-07-09,2020070901013473,EBL,42,55,40,655.00,"26,200.00"
2020-07-09,2020070901013439,EBL,28,55,500,655.00,"327,500.00"
2020-07-09,2020070901013569,EIC,34,6,23,405.00,"9,315.00"
2020-07-09,2020070901013178,FMDBL,39,50,100,510.00,"51,000.00"
2020-07-09,2020070901013456,FOWAD,58,7,100,"1,518.00","151,800.00"
2020-07-09,2020070901013403,FOWAD,25,34,50,"1,505.00","75,250.00"
2020-07-09,2020070901013545,GBBL,42,7,275,220.00,"60,500.00"
2020-07-09,2020070901013544,GBBL,42,1,300,220.00,"66,000.00"
2020-07-09,2020070901013526,GBBL,16,7,73,221.00,"16,133.00"
2020-07-09,2020070901013388,GBBL,16,47,27,221.00,"5,967.00"
2020-07-09,2020070901013249,GBBL,33,47,26,221.00,"5,746.00"
2020-07-09,2020070901013561,GBIME,29,35,353,241.00,"85,073.00"
2020-07-09,2020070901013560,GBIME,26,35,200,241.00,"48,200.00"
2020-07-09,2020070901013559,GBIME,42,35,37,241.00,"8,917.00"
2020-07-09,2020070901013558,GBIME,42,35,10,242.00,"2,420.00"
2020-07-09,2020070901013417,GBIME,42,28,963,241.00,"232,083.00"
2020-07-09,2020070901013416,GBIME,8,28,690,241.00,"166,290.00"
2020-07-09,2020070901013415,GBIME,57,28,100,242.00,"24,200.00"
2020-07-09,2020070901013414,GBIME,46,28,247,242.00,"59,774.00"
2020-07-09,2020070901013399,GBIME,46,14,19,242.00,"4,598.00"
2020-07-09,2020070901013342,GBIME,46,36,200,242.00,"48,400.00"
2020-07-09,2020070901013326,GBIME,46,47,34,242.00,"8,228.00"
2020-07-09,2020070901013519,GBLBS,58,58,300,485.00,"145,500.00"
2020-07-09,2020070901013518,GBLBS,58,48,100,485.00,"48,500.00"
2020-07-09,2020070901013517,GBLBS,58,44,52,485.00,"25,220.00"
2020-07-09,2020070901013554,GLBSL,45,25,10,605.00,"6,050.00"
2020-07-09,2020070901013573,GLICL,50,7,110,478.00,"52,580.00"
2020-07-09,2020070901013572,GLICL,26,7,50,478.00,"23,900.00"
2020-07-09,2020070901013429,GLICL,22,25,180,480.00,"86,400.00"
2020-07-09,2020070901013241,GLICL,54,18,100,480.00,"48,000.00"
2020-07-09,2020070901013375,GMFBS,58,17,20,780.00,"15,600.00"
2020-07-09,2020070901013450,HDL,58,58,410,"1,540.00","631,400.00"
2020-07-09,2020070901013449,HDL,58,14,50,"1,540.00","77,000.00"
2020-07-09,2020070901013448,HDL,58,58,500,"1,540.00","770,000.00"
2020-07-09,2020070901013447,HDL,58,26,200,"1,539.00","307,800.00"
2020-07-09,2020070901013446,HDL,58,11,140,"1,538.00","215,320.00"
2020-07-09,2020070901013413,HDL,42,25,60,"1,537.00","92,220.00"
2020-07-09,2020070901013412,HDL,42,54,500,"1,535.00","767,500.00"
2020-07-09,2020070901013411,HDL,42,26,30,"1,535.00","46,050.00"
2020-07-09,2020070901013410,HDL,42,44,180,"1,535.00","276,300.00"
2020-07-09,2020070901013409,HDL,42,25,50,"1,530.00","76,500.00"
2020-07-09,2020070901013408,HDL,42,48,35,"1,530.00","53,550.00"
2020-07-09,2020070901013294,HDL,33,48,15,"1,530.00","22,950.00"
2020-07-09,2020070901013597,HGI,29,6,108,420.00,"45,360.00"
2020-07-09,2020070901013400,HGI,29,45,100,420.00,"42,000.00"
2020-07-09,2020070901013423,HURJA,19,45,20,91.00,"1,820.00"
2020-07-09,2020070901013422,HURJA,19,49,10,91.00,910.00
2020-07-09,2020070901013532,ICFC,14,35,115,181.00,"20,815.00"
2020-07-09,2020070901013531,ICFC,14,4,"2,000",181.00,"362,000.00"
2020-07-09,2020070901013207,JBBL,1,47,14,165.00,"2,310.00"
2020-07-09,2020070901013206,JBBL,1,47,100,165.00,"16,500.00"
2020-07-09,2020070901013205,JBBL,1,47,500,165.00,"82,500.00"
2020-07-09,2020070901013204,JBBL,1,47,136,165.00,"22,440.00"
2020-07-09,2020070901013203,JBBL,1,51,10,165.00,"1,650.00"
2020-07-09,2020070901013202,JBBL,1,47,204,165.00,"33,660.00"
2020-07-09,2020070901013201,JBBL,1,47,36,165.00,"5,940.00"
2020-07-09,2020070901013311,JSLBB,42,48,10,"1,600.00","16,000.00"
2020-07-09,2020070901013310,JSLBB,42,25,20,"1,600.00","32,000.00"
2020-07-09,2020070901013653,KMCDB,57,17,10,776.00,"7,760.00"
2020-07-09,2020070901013507,KMCDB,1,29,34,773.00,"26,282.00"
2020-07-09,2020070901013506,KMCDB,5,29,40,774.00,"30,960.00"
2020-07-09,2020070901013505,KMCDB,10,29,50,775.00,"38,750.00"
2020-07-09,2020070901013170,KMCDB,10,21,10,775.00,"7,750.00"
2020-07-09,2020070901013488,KMCDB,10,33,10,775.00,"7,750.00"
2020-07-09,2020070901013452,KMCDB,10,38,10,775.00,"7,750.00"
2020-07-09,2020070901013313,KMCDB,10,22,10,775.00,"7,750.00"
2020-07-09,2020070901013246,KMCDB,10,21,10,775.00,"7,750.00"
2020-07-09,2020070901013504,KPCL,38,53,10,101.00,"1,010.00"
2020-07-09,2020070901013457,LBBL,11,42,184,181.00,"33,304.00"
2020-07-09,2020070901013521,LBL,44,26,"1,000",209.00,"209,000.00"
2020-07-09,2020070901013405,LBL,44,48,500,209.00,"104,500.00"
2020-07-09,2020070901013245,LEMF,42,32,"2,000",8.16,"16,320.00"
2020-07-09,2020070901013552,LGIL,25,25,"1,000",460.00,"460,000.00"
2020-07-09,2020070901013349,LGIL,56,44,70,463.00,"32,410.00"
2020-07-09,2020070901013233,LGIL,56,44,100,463.00,"46,300.00"
2020-07-09,2020070901013232,LGIL,56,45,39,463.00,"18,057.00"
2020-07-09,2020070901013231,LGIL,56,51,45,462.00,"20,790.00"
2020-07-09,2020070901013230,LGIL,56,54,20,461.00,"9,220.00"
2020-07-09,2020070901013229,LGIL,56,40,126,460.00,"57,960.00"
2020-07-09,2020070901013424,LICN,39,34,148,"1,322.00","195,656.00"
2020-07-09,2020070901013615,MBL,50,33,50,217.00,"10,850.00"
2020-07-09,2020070901013598,MBL,50,34,165,217.00,"35,805.00"
2020-07-09,2020070901013395,MBL,33,34,343,217.00,"74,431.00"
2020-07-09,2020070901013394,MBL,33,59,66,217.00,"14,322.00"
2020-07-09,2020070901013393,MBL,33,45,21,217.00,"4,557.00"
2020-07-09,2020070901013392,MBL,33,53,70,217.00,"15,190.00"
2020-07-09,2020070901013648,MEGA,13,39,500,206.00,"103,000.00"
2020-07-09,2020070901013248,MEGA,1,39,500,206.00,"103,000.00"
2020-07-09,2020070901013261,MEGA,1,45,50,205.00,"10,250.00"
2020-07-09,2020070901013618,MFIL,28,28,500,285.00,"142,500.00"
2020-07-09,2020070901013617,MFIL,28,26,"1,990",285.00,"567,150.00"
2020-07-09,2020070901013616,MFIL,28,16,500,285.00,"142,500.00"
2020-07-09,2020070901013266,MFIL,6,26,10,285.00,"2,850.00"
2020-07-09,2020070901013307,MNBBL,57,47,38,305.00,"11,590.00"
2020-07-09,2020070901013192,MNBBL,57,47,12,305.00,"3,660.00"
2020-07-09,2020070901013553,NABIL,6,16,20,743.00,"14,860.00"
2020-07-09,2020070901013196,NABIL,45,6,100,741.00,"74,100.00"
2020-07-09,2020070901013174,NABIL,58,6,895,741.00,"663,195.00"
2020-07-09,2020070901013592,NBB,34,33,444,195.00,"86,580.00"
2020-07-09,2020070901013421,NBB,33,21,300,195.00,"58,500.00"
2020-07-09,2020070901013420,NBB,33,55,444,195.00,"86,580.00"
2020-07-09,2020070901013240,NBB,40,45,10,194.00,"1,940.00"
2020-07-09,2020070901013594,NBL,43,57,849,243.00,"206,307.00"
2020-07-09,2020070901013419,NBL,43,47,88,243.00,"21,384.00"
2020-07-09,2020070901013336,NBL,43,14,60,243.00,"14,580.00"
2020-07-09,2020070901013335,NBL,17,14,15,243.00,"3,645.00"
2020-07-09,2020070901013565,NCCB,56,28,816,184.00,"150,144.00"
2020-07-09,2020070901013564,NCCB,56,6,184,184.00,"33,856.00"
2020-07-09,2020070901013509,NCCB,45,6,493,184.00,"90,712.00"
2020-07-09,2020070901013404,NCCB,34,6,80,184.00,"14,720.00"
2020-07-09,2020070901013179,NCCB,56,56,"3,000",183.00,"549,000.00"
2020-07-09,2020070901013172,NEF,39,11,"1,900",8.51,"16,169.00"
2020-07-09,2020070901013639,NIB,22,5,31,437.00,"13,547.00"
2020-07-09,2020070901013603,NIB,39,51,125,438.00,"54,750.00"
2020-07-09,2020070901013591,NIB,39,39,100,438.00,"43,800.00"
2020-07-09,2020070901013383,NIB,39,53,346,438.00,"151,548.00"
2020-07-09,2020070901013382,NIB,51,53,100,438.00,"43,800.00"
2020-07-09,2020070901013381,NIB,16,53,50,438.00,"21,900.00"
2020-07-09,2020070901013380,NIB,43,53,29,438.00,"12,702.00"
2020-07-09,2020070901013379,NIB,44,53,46,438.00,"20,148.00"
2020-07-09,2020070901013378,NIB,44,40,51,438.00,"22,338.00"
2020-07-09,2020070901013198,NIB,44,56,250,438.00,"109,500.00"
2020-07-09,2020070901013319,NIBPO,58,4,65,358.00,"23,270.00"
2020-07-09,2020070901013318,NIBPO,41,4,35,358.00,"12,530.00"
2020-07-09,2020070901013377,NICA,58,42,121,503.00,"60,863.00"
2020-07-09,2020070901013305,NICA,58,17,837,503.00,"421,011.00"
2020-07-09,2020070901013219,NICA,58,47,20,503.00,"10,060.00"
2020-07-09,2020070901013199,NICA,19,28,150,505.00,"75,750.00"
2020-07-09,2020070901013593,NICL,10,6,105,436.00,"45,780.00"
2020-07-09,2020070901013574,NICL,57,7,80,432.00,"34,560.00"
2020-07-09,2020070901013427,NICL,54,6,60,436.00,"26,160.00"
2020-07-09,2020070901013333,NICL,55,6,500,436.00,"218,000.00"
2020-07-09,2020070901013562,NIL,41,43,200,604.00,"120,800.00"
2020-07-09,2020070901013384,NIL,42,7,39,600.00,"23,400.00"
2020-07-09,2020070901013346,NIL,42,14,"1,000",601.00,"601,000.00"
2020-07-09,2020070901013624,NLBBL,58,25,230,729.00,"167,670.00"
2020-07-09,2020070901013623,NLBBL,58,40,50,729.00,"36,450.00"
2020-07-09,2020070901013622,NLBBL,58,45,500,729.00,"364,500.00"
2020-07-09,2020070901013621,NLBBL,58,11,90,728.00,"65,520.00"
2020-07-09,2020070901013525,NLBBL,35,25,11,719.00,"7,909.00"
2020-07-09,2020070901013358,NLBBL,35,54,150,720.00,"108,000.00"
2020-07-09,2020070901013330,NLBBL,11,54,50,720.00,"36,000.00"
2020-07-09,2020070901013546,NLIC,6,6,4,"1,227.00","4,908.00"
2020-07-09,2020070901013536,NLIC,56,14,86,"1,228.00","105,608.00"
2020-07-09,2020070901013324,NLIC,38,34,10,"1,228.00","12,280.00"
2020-07-09,2020070901013260,NLIC,35,4,200,"1,229.00","245,800.00"
2020-07-09,2020070901013251,NLIC,58,4,200,"1,228.00","245,600.00"
2020-07-09,2020070901013173,NLIC,58,49,100,"1,229.00","122,900.00"
2020-07-09,2020070901013482,NLICL,45,22,100,685.00,"68,500.00"
2020-07-09,2020070901013354,NLICL,17,34,150,689.00,"103,350.00"
2020-07-09,2020070901013353,NLICL,17,52,50,689.00,"34,450.00"
2020-07-09,2020070901013352,NLICL,17,10,50,687.00,"34,350.00"
2020-07-09,2020070901013351,NLICL,17,40,50,686.00,"34,300.00"
2020-07-09,2020070901013350,NLICL,17,4,200,686.00,"137,200.00"
2020-07-09,2020070901013657,NMB,41,53,64,383.00,"24,512.00"
2020-07-09,2020070901013656,NMB,57,53,112,383.00,"42,896.00"
2020-07-09,2020070901013655,NMB,22,53,108,383.00,"41,364.00"
2020-07-09,2020070901013596,NMB,40,52,455,385.00,"175,175.00"
2020-07-09,2020070901013595,NMB,40,16,545,385.00,"209,825.00"
2020-07-09,2020070901013550,NMB,58,16,"1,000",384.00,"384,000.00"
2020-07-09,2020070901013362,NMB,50,48,158,383.00,"60,514.00"
2020-07-09,2020070901013256,NMB,41,25,200,384.00,"76,800.00"
2020-07-09,2020070901013182,NMB,50,6,42,383.00,"16,086.00"
2020-07-09,2020070901013166,NMB,26,25,52,384.00,"19,968.00"
2020-07-09,2020070901013549,NMB,58,25,198,384.00,"76,032.00"
2020-07-09,2020070901013527,NMB,14,25,50,384.00,"19,200.00"
2020-07-09,2020070901013490,NMB,35,25,200,384.00,"76,800.00"
2020-07-09,2020070901013459,NMB,42,25,100,384.00,"38,400.00"
2020-07-09,2020070901013364,NMB,22,48,42,383.00,"16,086.00"
2020-07-09,2020070901013363,NMB,34,48,300,383.00,"114,900.00"
2020-07-09,2020070901013462,NMBMF,35,28,50,790.00,"39,500.00"
2020-07-09,2020070901013281,NMFBS,10,54,10,"1,504.00","15,040.00"
2020-07-09,2020070901013227,NMFBS,10,40,26,"1,503.00","39,078.00"
2020-07-09,2020070901013649,NRIC,21,29,50,504.00,"25,200.00"
2020-07-09,2020070901013647,NRIC,53,57,50,505.00,"25,250.00"
2020-07-09,2020070901013646,NRIC,53,57,40,505.00,"20,200.00"
2020-07-09,2020070901013645,NRIC,53,43,10,505.00,"5,050.00"
2020-07-09,2020070901013644,NRIC,21,21,40,504.00,"20,160.00"
2020-07-09,2020070901013637,NRIC,21,29,40,504.00,"20,160.00"
2020-07-09,2020070901013190,NRIC,26,49,40,502.00,"20,080.00"
2020-07-09,2020070901013189,NRIC,26,47,40,502.00,"20,080.00"
2020-07-09,2020070901013177,NRIC,26,57,460,502.00,"230,920.00"
2020-07-09,2020070901013175,NRIC,28,57,40,502.00,"20,080.00"
2020-07-09,2020070901013171,NRIC,28,40,40,502.00,"20,080.00"
2020-07-09,2020070901013169,NRIC,28,21,40,502.00,"20,080.00"
2020-07-09,2020070901013208,NRIC,26,6,50,502.00,"25,100.00"
2020-07-09,2020070901013200,NRIC,26,39,40,502.00,"20,080.00"
2020-07-09,2020070901013197,NRIC,26,41,20,502.00,"10,040.00"
2020-07-09,2020070901013195,NRIC,56,39,40,503.00,"20,120.00"
2020-07-09,2020070901013194,NRIC,56,56,10,503.00,"5,030.00"
2020-07-09,2020070901013191,NRIC,26,58,40,502.00,"20,080.00"
2020-07-09,2020070901013222,NRIC,26,25,50,502.00,"25,100.00"
2020-07-09,2020070901013221,NRIC,26,41,40,502.00,"20,080.00"
2020-07-09,2020070901013218,NRIC,26,22,40,502.00,"20,080.00"
2020-07-09,2020070901013217,NRIC,26,50,40,502.00,"20,080.00"
2020-07-09,2020070901013216,NRIC,26,28,40,502.00,"20,080.00"
2020-07-09,2020070901013215,NRIC,26,42,40,502.00,"20,080.00"
2020-07-09,2020070901013239,NRIC,55,47,40,502.00,"20,080.00"
2020-07-09,2020070901013238,NRIC,25,29,20,502.00,"10,040.00"
2020-07-09,2020070901013237,NRIC,34,29,20,502.00,"10,040.00"
2020-07-09,2020070901013236,NRIC,34,49,20,502.00,"10,040.00"
2020-07-09,2020070901013235,NRIC,26,49,20,502.00,"10,040.00"
2020-07-09,2020070901013234,NRIC,26,39,40,502.00,"20,080.00"
2020-07-09,2020070901013263,NRIC,32,46,10,502.00,"5,020.00"
2020-07-09,2020070901013262,NRIC,55,46,30,502.00,"15,060.00"
2020-07-09,2020070901013258,NRIC,55,29,40,502.00,"20,080.00"
2020-07-09,2020070901013250,NRIC,55,41,40,502.00,"20,080.00"
2020-07-09,2020070901013244,NRIC,55,38,50,502.00,"25,100.00"
2020-07-09,2020070901013242,NRIC,50,55,20,503.00,"10,060.00"
2020-07-09,2020070901013271,NRIC,6,39,508,501.00,"254,508.00"
2020-07-09,2020070901013270,NRIC,32,39,860,502.00,"431,720.00"
2020-07-09,2020070901013269,NRIC,32,39,40,502.00,"20,080.00"
2020-07-09,2020070901013268,NRIC,32,45,40,502.00,"20,080.00"
2020-07-09,2020070901013267,NRIC,32,49,40,502.00,"20,080.00"
2020-07-09,2020070901013264,NRIC,32,41,10,502.00,"5,020.00"
2020-07-09,2020070901013300,NRIC,40,47,50,502.00,"25,100.00"
2020-07-09,2020070901013299,NRIC,8,21,40,501.00,"20,040.00"
2020-07-09,2020070901013298,NRIC,8,38,30,501.00,"15,030.00"
2020-07-09,2020070901013282,NRIC,8,21,40,501.00,"20,040.00"
2020-07-09,2020070901013273,NRIC,21,39,494,501.00,"247,494.00"
2020-07-09,2020070901013272,NRIC,55,39,138,501.00,"69,138.00"
2020-07-09,2020070901013309,NRIC,50,21,30,502.00,"15,060.00"
2020-07-09,2020070901013308,NRIC,40,21,10,502.00,"5,020.00"
2020-07-09,2020070901013304,NRIC,40,41,20,502.00,"10,040.00"
2020-07-09,2020070901013303,NRIC,40,41,40,502.00,"20,080.00"
2020-07-09,2020070901013302,NRIC,40,17,40,502.00,"20,080.00"
2020-07-09,2020070901013301,NRIC,40,29,40,502.00,"20,080.00"
2020-07-09,2020070901013341,NRIC,50,38,40,502.00,"20,080.00"
2020-07-09,2020070901013338,NRIC,50,50,40,502.00,"20,080.00"
2020-07-09,2020070901013337,NRIC,50,21,40,502.00,"20,080.00"
2020-07-09,2020070901013322,NRIC,50,18,50,502.00,"25,100.00"
2020-07-09,2020070901013321,NRIC,50,39,40,502.00,"20,080.00"
2020-07-09,2020070901013320,NRIC,50,41,40,502.00,"20,080.00"
2020-07-09,2020070901013357,NRIC,19,57,50,503.00,"25,150.00"
2020-07-09,2020070901013356,NRIC,19,39,50,503.00,"25,150.00"
2020-07-09,2020070901013355,NRIC,19,55,30,503.00,"15,090.00"
2020-07-09,2020070901013347,NRIC,50,21,40,502.00,"20,080.00"
2020-07-09,2020070901013345,NRIC,50,18,40,502.00,"20,080.00"
2020-07-09,2020070901013343,NRIC,50,39,50,502.00,"25,100.00"
2020-07-09,2020070901013385,NRIC,17,39,40,503.00,"20,120.00"
2020-07-09,2020070901013373,NRIC,17,21,40,503.00,"20,120.00"
2020-07-09,2020070901013367,NRIC,19,49,40,503.00,"20,120.00"
2020-07-09,2020070901013366,NRIC,19,39,40,503.00,"20,120.00"
2020-07-09,2020070901013361,NRIC,19,36,40,503.00,"20,120.00"
2020-07-09,2020070901013359,NRIC,19,38,40,503.00,"20,120.00"
2020-07-09,2020070901013406,NRIC,50,21,40,502.00,"20,080.00"
2020-07-09,2020070901013402,NRIC,50,36,40,502.00,"20,080.00"
2020-07-09,2020070901013398,NRIC,50,39,40,502.00,"20,080.00"
2020-07-09,2020070901013396,NRIC,50,42,40,502.00,"20,080.00"
2020-07-09,2020070901013387,NRIC,50,21,30,502.00,"15,060.00"
2020-07-09,2020070901013386,NRIC,17,21,20,503.00,"10,060.00"
2020-07-09,2020070901013436,NRIC,40,38,20,503.00,"10,060.00"
2020-07-09,2020070901013433,NRIC,50,39,40,502.00,"20,080.00"
2020-07-09,2020070901013426,NRIC,50,39,40,502.00,"20,080.00"
2020-07-09,2020070901013425,NRIC,50,21,40,502.00,"20,080.00"
2020-07-09,2020070901013418,NRIC,50,38,40,502.00,"20,080.00"
2020-07-09,2020070901013407,NRIC,50,25,50,502.00,"25,100.00"
2020-07-09,2020070901013464,NRIC,22,40,50,503.00,"25,150.00"
2020-07-09,2020070901013463,NRIC,22,49,50,503.00,"25,150.00"
2020-07-09,2020070901013460,NRIC,22,39,40,503.00,"20,120.00"
2020-07-09,2020070901013442,NRIC,40,39,40,503.00,"20,120.00"
2020-07-09,2020070901013438,NRIC,6,32,19,504.00,"9,576.00"
2020-07-09,2020070901013437,NRIC,6,47,40,504.00,"20,160.00"
2020-07-09,2020070901013503,NRIC,22,39,40,503.00,"20,120.00"
2020-07-09,2020070901013500,NRIC,22,29,40,503.00,"20,120.00"
2020-07-09,2020070901013496,NRIC,22,21,50,503.00,"25,150.00"
2020-07-09,2020070901013489,NRIC,22,16,40,503.00,"20,120.00"
2020-07-09,2020070901013485,NRIC,22,39,40,503.00,"20,120.00"
2020-07-09,2020070901013484,NRIC,22,29,10,503.00,"5,030.00"
2020-07-09,2020070901013534,NRIC,36,40,40,503.00,"20,120.00"
2020-07-09,2020070901013529,NRIC,6,21,10,503.00,"5,030.00"
2020-07-09,2020070901013528,NRIC,22,21,30,503.00,"15,090.00"
2020-07-09,2020070901013523,NRIC,22,16,40,503.00,"20,120.00"
2020-07-09,2020070901013520,NRIC,22,21,40,503.00,"20,120.00"
2020-07-09,2020070901013516,NRIC,22,48,30,503.00,"15,090.00"
2020-07-09,2020070901013542,NRIC,40,32,40,504.00,"20,160.00"
2020-07-09,2020070901013541,NRIC,40,32,40,504.00,"20,160.00"
2020-07-09,2020070901013540,NRIC,40,32,40,504.00,"20,160.00"
2020-07-09,2020070901013539,NRIC,40,43,40,504.00,"20,160.00"
2020-07-09,2020070901013538,NRIC,40,32,21,504.00,"10,584.00"
2020-07-09,2020070901013535,NRIC,36,21,40,503.00,"20,120.00"
2020-07-09,2020070901013567,NRIC,40,4,200,504.00,"100,800.00"
2020-07-09,2020070901013566,NRIC,36,21,40,503.00,"20,120.00"
2020-07-09,2020070901013563,NRIC,36,8,40,503.00,"20,120.00"
2020-07-09,2020070901013548,NRIC,36,21,40,503.00,"20,120.00"
2020-07-09,2020070901013547,NRIC,54,4,100,504.00,"50,400.00"
2020-07-09,2020070901013543,NRIC,40,4,19,504.00,"9,576.00"
2020-07-09,2020070901013584,NRIC,58,22,50,504.00,"25,200.00"
2020-07-09,2020070901013583,NRIC,58,41,30,504.00,"15,120.00"
2020-07-09,2020070901013582,NRIC,58,4,"1,000",504.00,"504,000.00"
2020-07-09,2020070901013581,NRIC,58,4,681,504.00,"343,224.00"
2020-07-09,2020070901013580,NRIC,36,21,40,503.00,"20,120.00"
2020-07-09,2020070901013570,NRIC,36,20,40,503.00,"20,120.00"
2020-07-09,2020070901013634,NRIC,21,49,40,504.00,"20,160.00"
2020-07-09,2020070901013625,NRIC,58,21,40,504.00,"20,160.00"
2020-07-09,2020070901013614,NRIC,58,16,40,504.00,"20,160.00"
2020-07-09,2020070901013612,NRIC,58,29,40,504.00,"20,160.00"
2020-07-09,2020070901013599,NRIC,58,21,40,504.00,"20,160.00"
2020-07-09,2020070901013586,NRIC,58,8,40,504.00,"20,160.00"
2020-07-09,2020070901013209,NSEWA,34,4,10,623.00,"6,230.00"
2020-07-09,2020070901013493,NTC,7,39,280,628.00,"175,840.00"
2020-07-09,2020070901013492,NTC,25,39,120,629.00,"75,480.00"
2020-07-09,2020070901013491,NTC,1,39,100,630.00,"63,000.00"
2020-07-09,2020070901013228,NTC,1,1,100,630.00,"63,000.00"
2020-07-09,2020070901013472,NUBL,38,52,39,955.00,"37,245.00"
2020-07-09,2020070901013441,NUBL,38,34,50,955.00,"47,750.00"
2020-07-09,2020070901013389,NUBL,38,4,20,950.00,"19,000.00"
2020-07-09,2020070901013372,NUBL,17,4,50,952.00,"47,600.00"
2020-07-09,2020070901013371,NUBL,43,4,200,953.00,"190,600.00"
2020-07-09,2020070901013370,NUBL,21,4,10,953.00,"9,530.00"
2020-07-09,2020070901013369,NUBL,8,4,200,954.00,"190,800.00"
2020-07-09,2020070901013368,NUBL,43,4,20,954.00,"19,080.00"
2020-07-09,2020070901013168,NUBL,43,47,10,954.00,"9,540.00"
2020-07-09,2020070901013255,OHL,42,36,"1,032",318.00,"328,176.00"
2020-07-09,2020070901013254,OHL,55,36,300,318.00,"95,400.00"
2020-07-09,2020070901013253,OHL,6,36,18,318.00,"5,724.00"
2020-07-09,2020070901013252,OHL,42,36,150,320.00,"48,000.00"
2020-07-09,2020070901013652,PCBL,42,47,64,254.00,"16,256.00"
2020-07-09,2020070901013537,PCBL,42,33,42,254.00,"10,668.00"
2020-07-09,2020070901013530,PCBL,42,35,100,254.00,"25,400.00"
2020-07-09,2020070901013522,PCBL,26,38,300,255.00,"76,500.00"
2020-07-09,2020070901013483,PCBL,42,11,97,254.00,"24,638.00"
2020-07-09,2020070901013290,PCBL,42,28,500,254.00,"127,000.00"
2020-07-09,2020070901013193,PCBL,59,35,200,251.00,"50,200.00"
2020-07-09,2020070901013288,PCBL,42,42,275,254.00,"69,850.00"
2020-07-09,2020070901013287,PCBL,42,47,500,254.00,"127,000.00"
2020-07-09,2020070901013286,PCBL,42,47,102,254.00,"25,908.00"
2020-07-09,2020070901013285,PCBL,42,26,90,253.00,"22,770.00"
2020-07-09,2020070901013284,PCBL,42,58,400,252.00,"100,800.00"
2020-07-09,2020070901013283,PCBL,42,42,438,252.00,"110,376.00"
2020-07-09,2020070901013654,PIC,34,6,20,605.00,"12,100.00"
2020-07-09,2020070901013365,PIC,11,41,100,603.00,"60,300.00"
2020-07-09,2020070901013620,PLIC,57,7,62,535.00,"33,170.00"
2020-07-09,2020070901013609,PLIC,57,14,562,535.00,"300,670.00"
2020-07-09,2020070901013608,PLIC,57,6,500,535.00,"267,500.00"
2020-07-09,2020070901013607,PLIC,57,48,50,535.00,"26,750.00"
2020-07-09,2020070901013606,PLIC,57,29,25,535.00,"13,375.00"
2020-07-09,2020070901013605,PLIC,57,58,540,534.00,"288,360.00"
2020-07-09,2020070901013604,PLIC,57,26,200,534.00,"106,800.00"
2020-07-09,2020070901013499,PLIC,26,25,100,531.00,"53,100.00"
2020-07-09,2020070901013445,PPCL,42,49,30,108.00,"3,240.00"
2020-07-09,2020070901013524,PRIN,51,50,20,456.00,"9,120.00"
2020-07-09,2020070901013348,RBCL,56,53,20,"8,957.00","179,140.00"
2020-07-09,2020070901013265,RHPL,13,49,40,148.00,"5,920.00"
2020-07-09,2020070901013278,RLFL,56,36,100,123.00,"12,300.00"
2020-07-09,2020070901013277,RLFL,33,36,200,123.00,"24,600.00"
2020-07-09,2020070901013276,RLFL,33,36,100,123.00,"12,300.00"
2020-07-09,2020070901013275,RLFL,42,36,45,123.00,"5,535.00"
2020-07-09,2020070901013334,RRHP,1,22,10,90.00,900.00
2020-07-09,2020070901013590,RSDC,19,14,4,494.00,"1,976.00"
2020-07-09,2020070901013589,RSDC,10,14,32,495.00,"15,840.00"
2020-07-09,2020070901013588,RSDC,45,14,100,496.00,"49,600.00"
2020-07-09,2020070901013587,RSDC,13,14,100,497.00,"49,700.00"
2020-07-09,2020070901013444,RSDC,50,35,70,498.00,"34,860.00"
2020-07-09,2020070901013344,RSDC,33,35,100,498.00,"49,800.00"
2020-07-09,2020070901013626,SANIMA,1,47,50,323.00,"16,150.00"
2020-07-09,2020070901013164,SANIMA,44,34,600,323.00,"193,800.00"
2020-07-09,2020070901013514,SBI,48,36,486,411.00,"199,746.00"
2020-07-09,2020070901013513,SBI,48,25,210,411.00,"86,310.00"
2020-07-09,2020070901013512,SBI,48,6,478,409.00,"195,502.00"
2020-07-09,2020070901013511,SBI,48,11,26,409.00,"10,634.00"
2020-07-09,2020070901013510,SBI,48,13,200,408.00,"81,600.00"
2020-07-09,2020070901013212,SBI,44,45,15,406.00,"6,090.00"
2020-07-09,2020070901013602,SBL,34,14,50,289.00,"14,450.00"
2020-07-09,2020070901013551,SCB,35,39,40,617.00,"24,680.00"
2020-07-09,2020070901013515,SCB,45,6,55,619.00,"34,045.00"
2020-07-09,2020070901013391,SCB,17,6,40,619.00,"24,760.00"
2020-07-09,2020070901013390,SCB,17,8,10,619.00,"6,190.00"
2020-07-09,2020070901013295,SCB,35,45,160,617.00,"98,720.00"
2020-07-09,2020070901013214,SCB,45,45,30,617.00,"18,510.00"
2020-07-09,2020070901013181,SCB,51,45,10,617.00,"6,170.00"
2020-07-09,2020070901013180,SCB,51,1,10,615.00,"6,150.00"
2020-07-09,2020070901013443,SDESI,25,7,44,891.00,"39,204.00"
2020-07-09,2020070901013465,SHINE,6,47,29,215.00,"6,235.00"
2020-07-09,2020070901013651,SHIVM,14,58,240,591.00,"141,840.00"
2020-07-09,2020070901013632,SHIVM,10,58,"3,000",591.00,"1,773,000.00"
2020-07-09,2020070901013631,SHIVM,14,58,100,592.00,"59,200.00"
2020-07-09,2020070901013630,SHIVM,48,58,250,592.00,"148,000.00"
2020-07-09,2020070901013629,SHIVM,21,58,100,592.00,"59,200.00"
2020-07-09,2020070901013628,SHIVM,25,58,10,592.00,"5,920.00"
2020-07-09,2020070901013293,SHIVM,14,4,100,600.00,"60,000.00"
2020-07-09,2020070901013292,SHIVM,14,4,50,600.00,"30,000.00"
2020-07-09,2020070901013291,SHIVM,14,16,200,600.00,"120,000.00"
2020-07-09,2020070901013247,SHIVM,33,4,50,599.00,"29,950.00"
2020-07-09,2020070901013627,SHIVM,46,58,300,593.00,"177,900.00"
2020-07-09,2020070901013317,SHIVM,44,50,100,603.00,"60,300.00"
2020-07-09,2020070901013316,SHIVM,44,6,300,602.00,"180,600.00"
2020-07-09,2020070901013315,SHIVM,44,51,100,600.00,"60,000.00"
2020-07-09,2020070901013471,SHL,59,36,325,158.00,"51,350.00"
2020-07-09,2020070901013470,SHL,6,36,500,159.00,"79,500.00"
2020-07-09,2020070901013469,SHL,34,36,200,159.00,"31,800.00"
2020-07-09,2020070901013468,SHL,34,36,175,160.00,"28,000.00"
2020-07-09,2020070901013467,SHL,49,36,200,160.00,"32,000.00"
2020-07-09,2020070901013466,SHL,45,36,100,161.00,"16,100.00"
2020-07-09,2020070901013213,SHPC,58,18,11,212.00,"2,332.00"
2020-07-09,2020070901013461,SICL,25,50,55,"1,000.00","55,000.00"
2020-07-09,2020070901013376,SICL,55,59,100,"1,001.00","100,100.00"
2020-07-09,2020070901013226,SINDU,8,57,34,131.00,"4,454.00"
2020-07-09,2020070901013225,SINDU,8,50,113,131.00,"14,803.00"
2020-07-09,2020070901013224,SINDU,8,49,24,131.00,"3,144.00"
2020-07-09,2020070901013223,SINDU,8,37,22,131.00,"2,882.00"
2020-07-09,2020070901013638,SJCL,16,16,20,137.00,"2,740.00"
2020-07-09,2020070901013613,SJCL,16,16,20,137.00,"2,740.00"
2020-07-09,2020070901013575,SJCL,16,16,20,137.00,"2,740.00"
2020-07-09,2020070901013486,SJCL,16,16,20,137.00,"2,740.00"
2020-07-09,2020070901013451,SJCL,16,16,20,137.00,"2,740.00"
2020-07-09,2020070901013257,SJCL,16,16,20,137.00,"2,740.00"
2020-07-09,2020070901013220,SJCL,16,16,20,137.00,"2,740.00"
2020-07-09,2020070901013167,SJCL,13,54,220,138.00,"30,360.00"
2020-07-09,2020070901013401,SJCL,16,16,20,137.00,"2,740.00"
2020-07-09,2020070901013360,SJCL,16,16,20,137.00,"2,740.00"
2020-07-09,2020070901013329,SJCL,16,16,20,137.00,"2,740.00"
2020-07-09,2020070901013306,SJCL,16,16,20,137.00,"2,740.00"
2020-07-09,2020070901013279,SJCL,16,16,20,137.00,"2,740.00"
2020-07-09,2020070901013633,SKBBL,46,14,100,"1,203.00","120,300.00"
2020-07-09,2020070901013458,SKBBL,49,29,150,"1,205.00","180,750.00"
2020-07-09,2020070901013440,SKBBL,49,40,25,"1,204.00","30,100.00"
2020-07-09,2020070901013428,SKBBL,46,42,87,"1,203.00","104,661.00"
2020-07-09,2020070901013312,SKBBL,49,41,150,"1,203.00","180,450.00"
2020-07-09,2020070901013188,SKBBL,38,35,500,"1,202.00","601,000.00"
2020-07-09,2020070901013187,SKBBL,38,32,65,"1,201.00","78,065.00"
2020-07-09,2020070901013186,SKBBL,38,42,30,"1,201.00","36,030.00"
2020-07-09,2020070901013185,SKBBL,38,32,65,"1,201.00","78,065.00"
2020-07-09,2020070901013184,SKBBL,38,32,65,"1,201.00","78,065.00"
2020-07-09,2020070901013183,SKBBL,38,32,65,"1,201.00","78,065.00"
2020-07-09,2020070901013495,SLICL,54,8,110,455.00,"50,050.00"
2020-07-09,2020070901013494,SLICL,54,16,90,454.00,"40,860.00"
2020-07-09,2020070901013487,SLICL,29,7,91,452.00,"41,132.00"
2020-07-09,2020070901013432,SLICL,10,16,410,454.00,"186,140.00"
2020-07-09,2020070901013431,SLICL,10,20,50,453.00,"22,650.00"
2020-07-09,2020070901013430,SLICL,10,55,40,453.00,"18,120.00"
2020-07-09,2020070901013636,SMFBS,38,32,20,920.00,"18,400.00"
2020-07-09,2020070901013635,SMFBS,16,32,180,930.00,"167,400.00"
2020-07-09,2020070901013659,SRBL,50,52,231,226.00,"52,206.00"
2020-07-09,2020070901013658,SRBL,26,52,169,226.00,"38,194.00"
2020-07-09,2020070901013577,SRBL,26,47,31,226.00,"7,006.00"
2020-07-09,2020070901013576,SRBL,22,47,30,226.00,"6,780.00"
2020-07-09,2020070901013640,SWBBL,10,50,70,"1,168.00","81,760.00"
2020-07-09,2020070901013455,SWBBL,58,28,80,"1,150.00","92,000.00"
2020-07-09,2020070901013454,SWBBL,17,28,20,"1,151.00","23,020.00"
2020-07-09,2020070901013619,UIC,8,6,24,375.00,"9,000.00"
2020-07-09,2020070901013374,UIC,55,32,100,378.00,"37,800.00"
2020-07-09,2020070901013211,UIC,8,32,50,375.00,"18,750.00"
2020-07-09,2020070901013210,UIC,8,48,100,375.00,"37,500.00"
2020-07-09,2020070901013397,UNHPL,34,19,50,49.98,"2,499.00"
2020-07-09,2020070901013601,UPPER,42,6,20,230.00,"4,600.00"
2020-07-09,2020070901013600,UPPER,20,6,20,230.00,"4,600.00"
2020-07-09,2020070901013557,UPPER,1,39,90,231.00,"20,790.00"
2020-07-09,2020070901013556,UPPER,10,39,40,231.00,"9,240.00"
2020-07-09,2020070901013555,UPPER,1,39,850,231.00,"196,350.00"
2020-07-09,2020070901013332,VLBS,34,48,442,971.00,"429,182.00"
2020-07-09,2020070901013331,VLBS,34,47,49,970.00,"47,530.00"
2020-07-09,2020070901013111,ADBL,25,44,423,369.00,"156,087.00"
2020-07-09,2020070901012779,ADBL,45,44,11,369.00,"4,059.00"
2020-07-09,2020070901012703,ADBL,6,18,64,368.00,"23,552.00"
2020-07-09,2020070901012676,ADBL,52,6,250,367.00,"91,750.00"
2020-07-09,2020070901012790,ADBL,6,45,11,368.00,"4,048.00"
2020-07-09,2020070901012882,AKJCL,34,22,10,48.02,480.20
2020-07-09,2020070901012664,AKPL,45,22,13,116.00,"1,508.00"
2020-07-09,2020070901013119,ALBSL,26,25,11,733.00,"8,063.00"
2020-07-09,2020070901013085,ALBSL,26,25,60,733.00,"43,980.00"
2020-07-09,2020070901012839,ALBSL,26,52,11,733.00,"8,063.00"
2020-07-09,2020070901012667,ALBSL,18,45,100,732.00,"73,200.00"
2020-07-09,2020070901013052,ALICL,50,35,395,585.00,"231,075.00"
2020-07-09,2020070901013038,ALICL,50,35,105,585.00,"61,425.00"
2020-07-09,2020070901013037,ALICL,50,16,22,585.00,"12,870.00"
2020-07-09,2020070901013036,ALICL,50,35,"1,363",584.00,"795,992.00"
2020-07-09,2020070901013035,ALICL,50,40,710,583.00,"413,930.00"
2020-07-09,2020070901013163,API,51,26,100,107.00,"10,700.00"
2020-07-09,2020070901013096,BFC,14,8,10,88.00,880.00
2020-07-09,2020070901013084,BFC,8,29,100,89.00,"8,900.00"
2020-07-09,2020070901012968,BOKL,49,50,13,217.00,"2,821.00"
2020-07-09,2020070901012910,BPCL,45,41,199,360.00,"71,640.00"
2020-07-09,2020070901012909,BPCL,45,39,184,360.00,"66,240.00"
2020-07-09,2020070901012715,CBBL,46,51,50,"1,023.00","51,150.00"
2020-07-09,2020070901013003,CBL,1,25,678,138.00,"93,564.00"
2020-07-09,2020070901012733,CBL,6,25,200,138.00,"27,600.00"
2020-07-09,2020070901012677,CBL,19,19,30,137.00,"4,110.00"
2020-07-09,2020070901013118,CCBL,26,32,127,163.00,"20,701.00"
2020-07-09,2020070901013117,CCBL,26,39,53,163.00,"8,639.00"
2020-07-09,2020070901013061,CHCL,45,51,200,393.00,"78,600.00"
2020-07-09,2020070901012837,CHL,25,57,665,78.00,"51,870.00"
2020-07-09,2020070901013094,CLBSL,45,57,100,672.00,"67,200.00"
2020-07-09,2020070901012956,EBL,46,43,15,654.00,"9,810.00"
2020-07-09,2020070901012701,EBL,46,14,296,654.00,"193,584.00"
2020-07-09,2020070901012816,FOWAD,45,7,100,"1,518.00","151,800.00"
2020-07-09,2020070901012911,GBBL,33,46,54,221.00,"11,934.00"
2020-07-09,2020070901012937,GBIME,8,49,196,242.00,"47,432.00"
2020-07-09,2020070901012820,GBIME,14,49,100,242.00,"24,200.00"
2020-07-09,2020070901012762,GBIME,8,51,200,241.00,"48,200.00"
2020-07-09,2020070901013072,GILB,19,49,39,"1,294.00","50,466.00"
2020-07-09,2020070901013071,GILB,19,14,11,"1,286.00","14,146.00"
2020-07-09,2020070901012787,GILB,42,13,50,"1,285.00","64,250.00"
2020-07-09,2020070901012786,GILB,42,51,45,"1,283.00","57,735.00"
2020-07-09,2020070901013053,GLICL,45,45,100,480.00,"48,000.00"
2020-07-09,2020070901012957,GLICL,21,40,50,481.00,"24,050.00"
2020-07-09,2020070901013105,GMFBS,43,7,10,769.00,"7,690.00"
2020-07-09,2020070901012831,GMFBS,1,29,10,775.00,"7,750.00"
2020-07-09,2020070901012830,GMFBS,1,6,10,774.00,"7,740.00"
2020-07-09,2020070901012829,GMFBS,1,29,10,774.00,"7,740.00"
2020-07-09,2020070901013089,HDL,58,29,500,"1,534.00","767,000.00"
2020-07-09,2020070901012984,HGI,57,38,60,420.00,"25,200.00"
2020-07-09,2020070901012983,HGI,57,21,100,420.00,"42,000.00"
2020-07-09,2020070901012982,HGI,57,45,100,420.00,"42,000.00"
2020-07-09,2020070901012981,HGI,57,46,200,420.00,"84,000.00"
2020-07-09,2020070901012980,HGI,57,52,50,420.00,"21,000.00"
2020-07-09,2020070901012979,HGI,57,43,100,419.00,"41,900.00"
2020-07-09,2020070901012825,HGI,58,46,500,415.00,"207,500.00"
2020-07-09,2020070901012824,HGI,58,53,30,414.00,"12,420.00"
2020-07-09,2020070901012823,HGI,58,5,100,414.00,"41,400.00"
2020-07-09,2020070901012978,HGI,57,10,189,418.00,"79,002.00"
2020-07-09,2020070901012977,HGI,57,34,100,418.00,"41,800.00"
2020-07-09,2020070901012976,HGI,57,13,400,418.00,"167,200.00"
2020-07-09,2020070901012975,HGI,57,17,200,418.00,"83,600.00"
2020-07-09,2020070901012974,HGI,57,52,50,417.00,"20,850.00"
2020-07-09,2020070901012826,HGI,58,57,80,415.00,"33,200.00"
2020-07-09,2020070901012898,HPPL,6,6,134,135.00,"18,090.00"
2020-07-09,2020070901012672,ICFC,58,52,225,180.00,"40,500.00"
2020-07-09,2020070901013158,JFL,6,3,216,154.00,"33,264.00"
2020-07-09,2020070901012732,JSLBB,45,38,40,"1,599.00","63,960.00"
2020-07-09,2020070901013056,KBL,41,21,51,187.00,"9,537.00"
2020-07-09,2020070901013055,KBL,41,49,200,187.00,"37,400.00"
2020-07-09,2020070901012683,KKHC,17,22,16,49.00,784.00
2020-07-09,2020070901013140,KMCDB,5,40,10,774.00,"7,740.00"
2020-07-09,2020070901013099,KMCDB,5,21,10,774.00,"7,740.00"
2020-07-09,2020070901013064,KMCDB,5,21,10,774.00,"7,740.00"
2020-07-09,2020070901013002,KMCDB,36,6,20,784.00,"15,680.00"
2020-07-09,2020070901012959,KMCDB,5,21,10,774.00,"7,740.00"
2020-07-09,2020070901012784,KMCDB,57,41,10,777.00,"7,770.00"
2020-07-09,2020070901012685,KMCDB,57,59,10,777.00,"7,770.00"
2020-07-09,2020070901012934,KMCDB,5,57,20,774.00,"15,480.00"
2020-07-09,2020070901012933,KMCDB,55,57,200,775.00,"155,000.00"
2020-07-09,2020070901012932,KMCDB,36,57,50,776.00,"38,800.00"
2020-07-09,2020070901012931,KMCDB,26,57,50,776.00,"38,800.00"
2020-07-09,2020070901012930,KMCDB,45,57,80,776.00,"62,080.00"
2020-07-09,2020070901012918,KPCL,47,22,10,100.00,"1,000.00"
2020-07-09,2020070901012691,KPCL,47,22,10,100.00,"1,000.00"
2020-07-09,2020070901012850,KPCL,49,59,10,101.00,"1,010.00"
2020-07-09,2020070901012849,KPCL,49,49,10,101.00,"1,010.00"
2020-07-09,2020070901012848,KPCL,49,49,10,101.00,"1,010.00"
2020-07-09,2020070901012847,KPCL,49,26,10,101.00,"1,010.00"
2020-07-09,2020070901012846,KPCL,49,46,10,101.00,"1,010.00"
2020-07-09,2020070901012856,KPCL,49,57,10,101.00,"1,010.00"
2020-07-09,2020070901012855,KPCL,49,57,50,101.00,"5,050.00"
2020-07-09,2020070901012854,KPCL,49,49,10,101.00,"1,010.00"
2020-07-09,2020070901012853,KPCL,49,59,10,101.00,"1,010.00"
2020-07-09,2020070901012852,KPCL,49,59,10,101.00,"1,010.00"
2020-07-09,2020070901012851,KPCL,49,59,10,101.00,"1,010.00"
2020-07-09,2020070901012917,KRBL,22,57,65,100.00,"6,500.00"
2020-07-09,2020070901012740,LBBL,35,21,210,180.00,"37,800.00"
2020-07-09,2020070901012721,LBBL,35,22,143,180.00,"25,740.00"
2020-07-09,2020070901012705,LBBL,42,42,106,181.00,"19,186.00"
2020-07-09,2020070901012704,LBBL,42,28,44,181.00,"7,964.00"
2020-07-09,2020070901013153,LBL,34,45,200,210.00,"42,000.00"
2020-07-09,2020070901013102,LBL,44,18,171,209.00,"35,739.00"
2020-07-09,2020070901013101,LBL,28,18,450,210.00,"94,500.00"
2020-07-09,2020070901013073,LICN,47,4,375,"1,323.00","496,125.00"
2020-07-09,2020070901012885,LICN,57,13,100,"1,320.00","132,000.00"
2020-07-09,2020070901012884,LICN,57,34,400,"1,319.00","527,600.00"
2020-07-09,2020070901012812,LICN,28,34,100,"1,319.00","131,900.00"
2020-07-09,2020070901013104,MBL,55,53,30,217.00,"6,510.00"
2020-07-09,2020070901013043,MBL,17,33,200,216.00,"43,200.00"
2020-07-09,2020070901013033,MBL,17,33,200,216.00,"43,200.00"
2020-07-09,2020070901012836,MBL,26,48,"1,000",216.00,"216,000.00"
2020-07-09,2020070901012668,MBL,44,33,"1,000",215.00,"215,000.00"
2020-07-09,2020070901013070,MDB,14,17,376,318.00,"119,568.00"
2020-07-09,2020070901012876,MEGA,1,1,175,205.00,"35,875.00"
2020-07-09,2020070901012875,MEGA,35,1,108,205.00,"22,140.00"
2020-07-09,2020070901012739,MERO,22,28,50,611.00,"30,550.00"
2020-07-09,2020070901012738,MERO,45,28,100,611.00,"61,100.00"
