Date,Transact. No.,Symbol,Buyer,Seller,Quantity,Rate,Amount
2021-01-17,2021011703023240,ALBSL,33,7,75,"1,330.00","99,750.00"
2021-01-17,2021011703023151,ALBSL,33,4,25,"1,329.00","33,225.00"
2021-01-17,2021011703022934,ALBSL,38,7,89,"1,330.00","118,370.00"
2021-01-17,2021011703022933,ALBSL,38,11,11,"1,330.00","14,630.00"
2021-01-17,2021011703023111,ALICL,38,43,10,"1,083.00","10,830.00"
2021-01-17,2021011703022945,ALICL,34,38,50,"1,084.00","54,200.00"
2021-01-17,2021011703022944,ALICL,34,38,50,"1,084.00","54,200.00"
2021-01-17,2021011703023220,BBC,17,52,100,"2,805.00","280,500.00"
2021-01-17,2021011703023000,BFC,34,52,300,152.00,"45,600.00"
2021-01-17,2021011703022850,BFC,49,28,163,153.00,"24,939.00"
2021-01-17,2021011703022849,BFC,49,49,100,153.00,"15,300.00"
2021-01-17,2021011703022848,BFC,49,45,267,153.00,"40,851.00"
2021-01-17,2021011703023307,CFCL,43,41,100,206.00,"20,600.00"
2021-01-17,2021011703023243,CFCL,52,41,71,206.00,"14,626.00"
2021-01-17,2021011703023165,CFCL,6,41,229,206.00,"47,174.00"
2021-01-17,2021011703023164,CFCL,6,41,71,206.00,"14,626.00"
2021-01-17,2021011703023320,CIT,14,35,80,"3,455.00","276,400.00"
2021-01-17,2021011703023239,CIT,52,35,20,"3,455.00","69,100.00"
2021-01-17,2021011703023228,CIT,52,57,50,"3,455.00","172,750.00"
2021-01-17,2021011703023227,CIT,42,57,100,"3,455.00","345,500.00"
2021-01-17,2021011703023074,CIT,39,42,82,"3,455.00","283,310.00"
2021-01-17,2021011703023067,CIT,56,42,18,"3,455.00","62,190.00"
2021-01-17,2021011703022853,CIT,42,54,10,"3,453.00","34,530.00"
2021-01-17,2021011703023066,CIT,56,50,30,"3,455.00","103,650.00"
2021-01-17,2021011703023042,CIT,42,10,30,"3,453.00","103,590.00"
2021-01-17,2021011703022905,CIT,59,56,10,"3,455.00","34,550.00"
2021-01-17,2021011703022904,CIT,59,45,20,"3,455.00","69,100.00"
2021-01-17,2021011703022861,CIT,10,45,10,"3,454.00","34,540.00"
2021-01-17,2021011703022860,CIT,10,44,10,"3,454.00","34,540.00"
2021-01-17,2021011703022891,CMF1,43,59,100,10.18,"1,018.00"
2021-01-17,2021011703022890,CMF1,43,42,100,10.17,"1,017.00"
2021-01-17,2021011703022889,CMF1,43,19,"1,000",10.15,"10,150.00"
2021-01-17,2021011703022888,CMF1,43,28,100,10.10,"1,010.00"
2021-01-17,2021011703022887,CMF1,43,34,300,10.10,"3,030.00"
2021-01-17,2021011703023260,DDBL,26,13,70,"1,565.00","109,550.00"
2021-01-17,2021011703023259,DDBL,26,13,50,"1,566.00","78,300.00"
2021-01-17,2021011703023258,DDBL,19,13,270,"1,566.00","422,820.00"
2021-01-17,2021011703023148,DDBL,17,29,295,"1,570.00","463,150.00"
2021-01-17,2021011703023147,DDBL,17,50,100,"1,570.00","157,000.00"
2021-01-17,2021011703023146,DDBL,17,29,350,"1,570.00","549,500.00"
2021-01-17,2021011703022902,DDBL,26,29,100,"1,570.00","157,000.00"
2021-01-17,2021011703023145,DDBL,17,10,50,"1,569.00","78,450.00"
2021-01-17,2021011703023144,DDBL,17,29,250,"1,569.00","392,250.00"
2021-01-17,2021011703023143,DDBL,17,52,100,"1,568.00","156,800.00"
2021-01-17,2021011703023142,DDBL,17,11,20,"1,568.00","31,360.00"
2021-01-17,2021011703023075,DDBL,6,25,300,"1,567.00","470,100.00"
2021-01-17,2021011703023070,DDBL,38,29,50,"1,569.00","78,450.00"
2021-01-17,2021011703023270,EDBL,42,17,250,382.00,"95,500.00"
2021-01-17,2021011703023231,EDBL,29,26,40,381.00,"15,240.00"
2021-01-17,2021011703023225,EDBL,17,17,65,382.00,"24,830.00"
2021-01-17,2021011703022998,EDBL,29,11,10,381.00,"3,810.00"
2021-01-17,2021011703023224,EDBL,17,38,85,382.00,"32,470.00"
2021-01-17,2021011703023117,EDBL,25,38,115,382.00,"43,930.00"
2021-01-17,2021011703023116,EDBL,25,51,385,382.00,"147,070.00"
2021-01-17,2021011703023172,FMDBL,11,17,110,692.00,"76,120.00"
2021-01-17,2021011703023083,FMDBL,43,6,954,690.00,"658,260.00"
2021-01-17,2021011703023082,FMDBL,49,6,46,691.00,"31,786.00"
2021-01-17,2021011703022886,FMDBL,49,43,954,691.00,"659,214.00"
2021-01-17,2021011703022885,FMDBL,56,43,300,691.00,"207,300.00"
2021-01-17,2021011703022884,FMDBL,21,43,100,692.00,"69,200.00"
2021-01-17,2021011703022883,FMDBL,35,43,10,692.00,"6,920.00"
2021-01-17,2021011703023153,FOWAD,16,57,50,"2,385.00","119,250.00"
2021-01-17,2021011703023152,FOWAD,16,14,50,"2,385.00","119,250.00"
2021-01-17,2021011703023232,GBBL,34,17,100,357.00,"35,700.00"
2021-01-17,2021011703023040,GBBL,34,25,200,357.00,"71,400.00"
2021-01-17,2021011703023039,GBBL,44,25,300,357.00,"107,100.00"
2021-01-17,2021011703022854,GBBL,44,41,200,357.00,"71,400.00"
2021-01-17,2021011703023280,GBLBS,34,17,47,676.00,"31,772.00"
2021-01-17,2021011703023279,GBLBS,34,25,53,675.00,"35,775.00"
2021-01-17,2021011703023278,GBLBS,34,25,500,675.00,"337,500.00"
2021-01-17,2021011703023261,GBLBS,50,25,30,675.00,"20,250.00"
2021-01-17,2021011703023236,GBLBS,29,25,100,675.00,"67,500.00"
2021-01-17,2021011703023171,GBLBS,28,25,100,675.00,"67,500.00"
2021-01-17,2021011703023079,GBLBS,38,25,200,675.00,"135,000.00"
2021-01-17,2021011703023078,GBLBS,42,25,17,675.00,"11,475.00"
2021-01-17,2021011703022937,GBLBS,42,34,183,675.00,"123,525.00"
2021-01-17,2021011703022846,GBLBS,16,17,55,674.00,"37,070.00"
2021-01-17,2021011703023313,GFCL,58,47,80,228.00,"18,240.00"
2021-01-17,2021011703023199,GFCL,42,10,40,229.00,"9,160.00"
2021-01-17,2021011703023198,GFCL,42,10,400,229.00,"91,600.00"
2021-01-17,2021011703022864,GFCL,58,10,200,229.00,"45,800.00"
2021-01-17,2021011703023110,GLICL,48,39,96,667.00,"64,032.00"
2021-01-17,2021011703023109,GLICL,48,16,94,667.00,"62,698.00"
2021-01-17,2021011703023108,GLICL,48,57,10,666.00,"6,660.00"
2021-01-17,2021011703023107,GLICL,48,42,170,665.00,"113,050.00"
2021-01-17,2021011703023097,GLICL,29,42,200,665.00,"133,000.00"
2021-01-17,2021011703022892,GLICL,1,57,20,663.00,"13,260.00"
2021-01-17,2021011703022867,GLICL,4,57,30,663.00,"19,890.00"
2021-01-17,2021011703022866,GLICL,29,57,100,663.00,"66,300.00"
2021-01-17,2021011703023282,GMFBS,57,44,100,"1,290.00","129,000.00"
2021-01-17,2021011703023135,GMFBS,47,44,100,"1,290.00","129,000.00"
2021-01-17,2021011703022844,GMFBS,53,44,42,"1,290.00","54,180.00"
2021-01-17,2021011703023252,GMFIL,26,36,10,203.00,"2,030.00"
2021-01-17,2021011703022873,GRDBL,42,45,70,175.00,"12,250.00"
2021-01-17,2021011703023184,GUFL,38,33,372,291.00,"108,252.00"
2021-01-17,2021011703023183,GUFL,38,5,"5,000",291.00,"1,455,000.00"
2021-01-17,2021011703023182,GUFL,38,36,500,290.00,"145,000.00"
2021-01-17,2021011703023181,GUFL,38,39,400,290.00,"116,000.00"
2021-01-17,2021011703023180,GUFL,38,19,100,290.00,"29,000.00"
2021-01-17,2021011703023179,GUFL,38,1,308,290.00,"89,320.00"
2021-01-17,2021011703022939,GUFL,38,16,"1,000",289.00,"289,000.00"
2021-01-17,2021011703022938,GUFL,38,33,990,289.00,"286,110.00"
2021-01-17,2021011703023178,GUFL,38,21,20,290.00,"5,800.00"
2021-01-17,2021011703023177,GUFL,38,38,"1,000",290.00,"290,000.00"
2021-01-17,2021011703023176,GUFL,38,4,120,290.00,"34,800.00"
2021-01-17,2021011703023175,GUFL,38,48,180,288.00,"51,840.00"
2021-01-17,2021011703023076,GUFL,41,48,100,288.00,"28,800.00"
2021-01-17,2021011703022940,GUFL,38,59,100,289.00,"28,900.00"
2021-01-17,2021011703023288,HIDCL,46,16,34,304.00,"10,336.00"
2021-01-17,2021011703023207,HIDCL,46,49,150,304.00,"45,600.00"
2021-01-17,2021011703023149,HIDCL,46,56,11,304.00,"3,344.00"
2021-01-17,2021011703023123,ICFC,43,25,100,289.00,"28,900.00"
2021-01-17,2021011703023050,ICFC,38,25,200,289.00,"57,800.00"
2021-01-17,2021011703023047,ICFC,17,22,23,288.00,"6,624.00"
2021-01-17,2021011703023037,ICFC,17,14,105,288.00,"30,240.00"
2021-01-17,2021011703022978,ICFC,17,14,172,288.00,"49,536.00"
2021-01-17,2021011703022977,ICFC,4,14,200,288.00,"57,600.00"
2021-01-17,2021011703022976,ICFC,35,14,120,288.00,"34,560.00"
2021-01-17,2021011703022991,ILBS,21,57,11,"1,375.00","15,125.00"
2021-01-17,2021011703022901,ILBS,21,57,11,"1,375.00","15,125.00"
2021-01-17,2021011703023044,JBBL,52,6,330,228.00,"75,240.00"
2021-01-17,2021011703023035,JBBL,52,34,170,228.00,"38,760.00"
2021-01-17,2021011703023033,JBBL,17,34,965,228.00,"220,020.00"
2021-01-17,2021011703023028,JBBL,17,41,170,228.00,"38,760.00"
2021-01-17,2021011703022878,JBBL,17,58,300,228.00,"68,400.00"
2021-01-17,2021011703022871,JBBL,17,39,100,228.00,"22,800.00"
2021-01-17,2021011703022984,JFL,17,22,99,260.00,"25,740.00"
2021-01-17,2021011703022983,JFL,17,13,101,260.00,"26,260.00"
2021-01-17,2021011703023256,KMCDB,44,7,20,"1,095.00","21,900.00"
2021-01-17,2021011703023255,KMCDB,44,47,10,"1,095.00","10,950.00"
2021-01-17,2021011703023254,KMCDB,44,11,10,"1,095.00","10,950.00"
2021-01-17,2021011703023253,KMCDB,44,41,10,"1,095.00","10,950.00"
2021-01-17,2021011703023221,KMCDB,25,39,10,"1,090.00","10,900.00"
2021-01-17,2021011703023055,KMCDB,55,22,100,"1,074.00","107,400.00"
2021-01-17,2021011703023054,KMCDB,55,57,40,"1,070.00","42,800.00"
2021-01-17,2021011703022992,KMCDB,35,57,10,"1,070.00","10,700.00"
2021-01-17,2021011703023312,KRBL,52,51,248,158.00,"39,184.00"
2021-01-17,2021011703023311,KRBL,52,58,252,158.00,"39,816.00"
2021-01-17,2021011703023309,KRBL,6,16,50,156.00,"7,800.00"
2021-01-17,2021011703023308,KRBL,46,16,650,156.00,"101,400.00"
2021-01-17,2021011703022966,KRBL,42,58,48,158.00,"7,584.00"
2021-01-17,2021011703022965,KRBL,42,40,200,158.00,"31,600.00"
2021-01-17,2021011703022964,KRBL,42,32,200,158.00,"31,600.00"
2021-01-17,2021011703022963,KRBL,42,50,300,158.00,"47,400.00"
2021-01-17,2021011703022962,KRBL,42,39,100,158.00,"15,800.00"
2021-01-17,2021011703022961,KRBL,42,32,500,158.00,"79,000.00"
2021-01-17,2021011703022960,KRBL,42,1,152,157.00,"23,864.00"
2021-01-17,2021011703023053,LBBL,33,49,"1,750",244.00,"427,000.00"
2021-01-17,2021011703023052,LBBL,33,55,"1,050",244.00,"256,200.00"
2021-01-17,2021011703023051,LBBL,33,35,136,244.00,"33,184.00"
2021-01-17,2021011703023002,LBBL,48,43,357,242.00,"86,394.00"
2021-01-17,2021011703022911,LBBL,34,44,"1,000",243.00,"243,000.00"
2021-01-17,2021011703022910,LBBL,25,44,82,243.00,"19,926.00"
2021-01-17,2021011703022870,LBBL,39,35,410,244.00,"100,040.00"
2021-01-17,2021011703022847,LBBL,47,35,500,244.00,"122,000.00"
2021-01-17,2021011703022917,LBBL,44,44,200,243.00,"48,600.00"
2021-01-17,2021011703022916,LBBL,49,44,200,243.00,"48,600.00"
2021-01-17,2021011703022915,LBBL,39,44,"2,000",243.00,"486,000.00"
2021-01-17,2021011703022914,LBBL,25,44,"1,000",243.00,"243,000.00"
2021-01-17,2021011703022913,LBBL,48,44,200,243.00,"48,600.00"
2021-01-17,2021011703022912,LBBL,39,44,625,243.00,"151,875.00"
2021-01-17,2021011703022923,LBBL,26,44,300,242.00,"72,600.00"
2021-01-17,2021011703022922,LBBL,25,44,500,242.00,"121,000.00"
2021-01-17,2021011703022921,LBBL,45,44,500,242.00,"121,000.00"
2021-01-17,2021011703022920,LBBL,21,44,"1,000",242.00,"242,000.00"
2021-01-17,2021011703022919,LBBL,50,44,300,243.00,"72,900.00"
2021-01-17,2021011703022918,LBBL,16,44,200,243.00,"48,600.00"
2021-01-17,2021011703022929,LBBL,34,44,500,242.00,"121,000.00"
2021-01-17,2021011703022928,LBBL,59,44,500,242.00,"121,000.00"
2021-01-17,2021011703022927,LBBL,48,44,50,242.00,"12,100.00"
2021-01-17,2021011703022926,LBBL,25,44,500,242.00,"121,000.00"
2021-01-17,2021011703022925,LBBL,38,44,200,242.00,"48,400.00"
2021-01-17,2021011703022924,LBBL,54,44,"10,000",242.00,"2,420,000.00"
2021-01-17,2021011703022930,LBBL,48,44,143,242.00,"34,606.00"
2021-01-17,2021011703023291,LICN,58,49,10,"2,235.00","22,350.00"
2021-01-17,2021011703023250,LICN,19,49,50,"2,235.00","111,750.00"
2021-01-17,2021011703023138,LICN,46,1,50,"2,231.00","111,550.00"
2021-01-17,2021011703023027,LICN,42,49,42,"2,235.00","93,870.00"
2021-01-17,2021011703023026,LICN,42,3,33,"2,234.00","73,722.00"
2021-01-17,2021011703023025,LICN,42,13,25,"2,233.00","55,825.00"
2021-01-17,2021011703022990,LICN,25,3,10,"2,234.00","22,340.00"
2021-01-17,2021011703023134,LLBS,33,20,150,"1,587.00","238,050.00"
2021-01-17,2021011703023081,MERO,25,50,20,"1,060.00","21,200.00"
2021-01-17,2021011703023114,MFIL,58,41,20,388.00,"7,760.00"
2021-01-17,2021011703023113,MFIL,49,41,80,388.00,"31,040.00"
2021-01-17,2021011703023095,MFIL,49,41,20,388.00,"7,760.00"
2021-01-17,2021011703022931,MFIL,19,34,200,388.00,"77,600.00"
2021-01-17,2021011703022900,MFIL,38,42,100,388.00,"38,800.00"
2021-01-17,2021011703022899,MFIL,38,43,939,388.00,"364,332.00"
2021-01-17,2021011703022839,MFIL,59,43,200,388.00,"77,600.00"
2021-01-17,2021011703023275,MLBL,40,44,"1,500",278.00,"417,000.00"
2021-01-17,2021011703023274,MLBL,33,44,"1,000",278.00,"278,000.00"
2021-01-17,2021011703023273,MLBL,42,44,420,278.00,"116,760.00"
2021-01-17,2021011703023272,MLBL,14,44,300,278.00,"83,400.00"
2021-01-17,2021011703023271,MLBL,52,44,"1,126",278.00,"313,028.00"
2021-01-17,2021011703022985,MLBL,34,44,"1,000",279.00,"279,000.00"
2021-01-17,2021011703022982,MLBL,33,17,40,281.00,"11,240.00"
2021-01-17,2021011703022972,MLBL,33,26,100,280.00,"28,000.00"
2021-01-17,2021011703022971,MLBL,33,14,110,280.00,"30,800.00"
2021-01-17,2021011703022875,MLBL,33,40,46,279.00,"12,834.00"
2021-01-17,2021011703022874,MLBL,33,44,"5,000",279.00,"1,395,000.00"
2021-01-17,2021011703023302,MMFDB,20,16,44,"1,400.00","61,600.00"
2021-01-17,2021011703023301,MMFDB,20,45,100,"1,399.00","139,900.00"
2021-01-17,2021011703023300,MMFDB,20,3,71,"1,399.00","99,329.00"
2021-01-17,2021011703023299,MMFDB,20,52,100,"1,395.00","139,500.00"
2021-01-17,2021011703023298,MMFDB,20,57,10,"1,395.00","13,950.00"
2021-01-17,2021011703023297,MMFDB,20,49,80,"1,395.00","111,600.00"
2021-01-17,2021011703023219,MMFDB,54,17,160,"1,370.00","219,200.00"
2021-01-17,2021011703023204,MMFDB,34,10,10,"1,394.00","13,940.00"
2021-01-17,2021011703023137,MMFDB,20,10,"1,000","1,394.00","1,394,000.00"
2021-01-17,2021011703023001,MMFDB,54,57,20,"1,370.00","27,400.00"
2021-01-17,2021011703023296,MMFDB,20,6,40,"1,394.00","55,760.00"
2021-01-17,2021011703023295,MMFDB,20,34,215,"1,394.00","299,710.00"
2021-01-17,2021011703023294,MMFDB,20,10,90,"1,394.00","125,460.00"
2021-01-17,2021011703023293,MMFDB,20,20,100,"1,393.00","139,300.00"
2021-01-17,2021011703023292,MMFDB,20,44,150,"1,370.00","205,500.00"
2021-01-17,2021011703023290,MMFDB,3,44,50,"1,370.00","68,500.00"
2021-01-17,2021011703023244,MNBBL,52,10,10,382.00,"3,820.00"
2021-01-17,2021011703022951,MNBBL,54,34,97,380.00,"36,860.00"
2021-01-17,2021011703022842,MNBBL,53,50,10,383.00,"3,830.00"
2021-01-17,2021011703022950,MNBBL,35,34,20,381.00,"7,620.00"
2021-01-17,2021011703022949,MNBBL,45,34,124,381.00,"47,244.00"
2021-01-17,2021011703022948,MNBBL,26,34,500,381.00,"190,500.00"
2021-01-17,2021011703022947,MNBBL,22,34,10,381.00,"3,810.00"
2021-01-17,2021011703022946,MNBBL,22,34,249,381.00,"94,869.00"
2021-01-17,2021011703023141,MPFL,34,32,"2,000",171.00,"342,000.00"
2021-01-17,2021011703022952,MSLB,1,55,64,"1,728.00","110,592.00"
2021-01-17,2021011703023024,MSMBS,34,47,44,"1,052.00","46,288.00"
2021-01-17,2021011703023023,MSMBS,34,57,50,"1,050.00","52,500.00"
2021-01-17,2021011703023022,MSMBS,34,22,22,"1,050.00","23,100.00"
2021-01-17,2021011703023021,MSMBS,34,21,100,"1,050.00","105,000.00"
2021-01-17,2021011703023020,MSMBS,34,28,60,"1,050.00","63,000.00"
2021-01-17,2021011703023019,MSMBS,34,51,20,"1,050.00","21,000.00"
2021-01-17,2021011703023006,MSMBS,34,58,30,"1,035.00","31,050.00"
2021-01-17,2021011703023005,MSMBS,34,25,22,"1,034.00","22,748.00"
2021-01-17,2021011703023012,MSMBS,34,59,20,"1,040.00","20,800.00"
2021-01-17,2021011703023011,MSMBS,34,51,20,"1,040.00","20,800.00"
2021-01-17,2021011703023010,MSMBS,34,16,249,"1,040.00","258,960.00"
2021-01-17,2021011703023009,MSMBS,34,51,22,"1,040.00","22,880.00"
2021-01-17,2021011703023008,MSMBS,34,35,15,"1,038.00","15,570.00"
2021-01-17,2021011703023007,MSMBS,34,58,11,"1,037.00","11,407.00"
2021-01-17,2021011703023018,MSMBS,34,26,43,"1,050.00","45,150.00"
2021-01-17,2021011703023017,MSMBS,34,19,118,"1,048.00","123,664.00"
2021-01-17,2021011703023016,MSMBS,34,13,50,"1,048.00","52,400.00"
2021-01-17,2021011703023015,MSMBS,34,49,40,"1,048.00","41,920.00"
2021-01-17,2021011703023014,MSMBS,34,49,11,"1,048.00","11,528.00"
2021-01-17,2021011703023013,MSMBS,34,26,99,"1,045.00","103,455.00"
2021-01-17,2021011703023069,NBF2,11,42,500,10.09,"5,045.00"
2021-01-17,2021011703022845,NEF,40,56,241,10.55,"2,542.55"
2021-01-17,2021011703023222,NFS,5,26,200,246.00,"49,200.00"
2021-01-17,2021011703023170,NFS,34,26,240,246.00,"59,040.00"
2021-01-17,2021011703023169,NFS,34,42,10,246.00,"2,460.00"
2021-01-17,2021011703023168,NFS,34,16,50,246.00,"12,300.00"
2021-01-17,2021011703023167,NFS,34,16,100,246.00,"24,600.00"
2021-01-17,2021011703022979,NFS,26,16,100,246.00,"24,600.00"
2021-01-17,2021011703023277,NICBF,41,59,800,10.50,"8,400.00"
2021-01-17,2021011703023276,NICBF,41,42,200,10.50,"2,100.00"
2021-01-17,2021011703023246,NLIC,56,33,21,"2,463.00","51,723.00"
2021-01-17,2021011703023245,NLIC,56,35,79,"2,463.00","194,577.00"
2021-01-17,2021011703023139,NLIC,17,35,16,"2,463.00","39,408.00"
2021-01-17,2021011703023096,NLIC,56,35,150,"2,463.00","369,450.00"
2021-01-17,2021011703023065,NLIC,34,58,121,"2,460.00","297,660.00"
2021-01-17,2021011703023064,NLIC,34,58,10,"2,460.00","24,600.00"
2021-01-17,2021011703022843,NLIC,6,35,100,"2,463.00","246,300.00"
2021-01-17,2021011703023057,NLIC,17,58,20,"2,462.00","49,240.00"
2021-01-17,2021011703023056,NLIC,54,58,359,"2,462.00","883,858.00"
2021-01-17,2021011703023004,NLIC,57,35,100,"2,463.00","246,300.00"
2021-01-17,2021011703022994,NLIC,54,51,25,"2,462.00","61,550.00"
2021-01-17,2021011703022908,NLIC,35,35,10,"2,463.00","24,630.00"
2021-01-17,2021011703022862,NLIC,42,35,25,"2,463.00","61,575.00"
2021-01-17,2021011703023063,NLIC,59,58,10,"2,460.00","24,600.00"
2021-01-17,2021011703023062,NLIC,43,58,50,"2,460.00","123,000.00"
2021-01-17,2021011703023061,NLIC,52,58,50,"2,460.00","123,000.00"
2021-01-17,2021011703023060,NLIC,44,58,50,"2,460.00","123,000.00"
2021-01-17,2021011703023059,NLIC,8,58,130,"2,460.00","319,800.00"
2021-01-17,2021011703023058,NLIC,58,58,200,"2,462.00","492,400.00"
2021-01-17,2021011703023289,NLICL,50,59,142,"1,075.00","152,650.00"
2021-01-17,2021011703023248,NLICL,3,59,50,"1,075.00","53,750.00"
2021-01-17,2021011703023140,NLICL,52,59,45,"1,075.00","48,375.00"
2021-01-17,2021011703023133,NLICL,51,59,68,"1,075.00","73,100.00"
2021-01-17,2021011703023132,NLICL,32,59,50,"1,075.00","53,750.00"
2021-01-17,2021011703023131,NLICL,1,59,200,"1,075.00","215,000.00"
2021-01-17,2021011703023041,NLICL,46,26,300,"1,076.00","322,800.00"
2021-01-17,2021011703022856,NLICL,45,33,220,"1,075.00","236,500.00"
2021-01-17,2021011703022855,NLICL,51,33,10,"1,076.00","10,760.00"
2021-01-17,2021011703023130,NLICL,35,59,50,"1,075.00","53,750.00"
2021-01-17,2021011703023129,NLICL,58,59,200,"1,075.00","215,000.00"
2021-01-17,2021011703023128,NLICL,41,59,10,"1,075.00","10,750.00"
2021-01-17,2021011703023127,NLICL,22,59,50,"1,075.00","53,750.00"
2021-01-17,2021011703023126,NLICL,45,59,115,"1,075.00","123,625.00"
2021-01-17,2021011703023125,NLICL,33,59,20,"1,076.00","21,520.00"
2021-01-17,2021011703023045,NMB50,11,59,"10,000",10.90,"109,000.00"
2021-01-17,2021011703023106,NMFBS,33,20,26,"2,460.00","63,960.00"
2021-01-17,2021011703023105,NMFBS,33,20,26,"2,460.00","63,960.00"
2021-01-17,2021011703023104,NMFBS,33,21,26,"2,455.00","63,830.00"
2021-01-17,2021011703023103,NMFBS,33,25,65,"2,454.00","159,510.00"
2021-01-17,2021011703023003,NMFBS,59,20,20,"2,454.00","49,080.00"
2021-01-17,2021011703023235,NRIC,5,39,60,"1,536.00","92,160.00"
2021-01-17,2021011703023234,NRIC,29,39,200,"1,536.00","307,200.00"
2021-01-17,2021011703023233,NRIC,17,39,40,"1,536.00","61,440.00"
2021-01-17,2021011703023218,NRIC,57,26,215,"1,535.00","330,025.00"
2021-01-17,2021011703023217,NRIC,47,26,40,"1,536.00","61,440.00"
2021-01-17,2021011703023216,NRIC,6,26,20,"1,536.00","30,720.00"
2021-01-17,2021011703022840,NRIC,22,48,20,"1,535.00","30,700.00"
2021-01-17,2021011703022954,NRIC,58,28,300,"1,534.00","460,200.00"
2021-01-17,2021011703022953,NRIC,29,28,10,"1,534.00","15,340.00"
2021-01-17,2021011703022932,NRIC,29,48,40,"1,534.00","61,360.00"
2021-01-17,2021011703022876,NRIC,26,48,100,"1,535.00","153,500.00"
2021-01-17,2021011703022872,NRIC,42,48,40,"1,535.00","61,400.00"
2021-01-17,2021011703022869,NRIC,55,34,500,"1,535.00","767,500.00"
2021-01-17,2021011703022973,NRIC,42,48,20,"1,535.00","30,700.00"
2021-01-17,2021011703022959,NRIC,53,28,70,"1,534.00","107,380.00"
2021-01-17,2021011703022958,NRIC,40,28,100,"1,534.00","153,400.00"
2021-01-17,2021011703022957,NRIC,44,28,20,"1,534.00","30,680.00"
2021-01-17,2021011703022956,NRIC,58,28,200,"1,534.00","306,800.00"
2021-01-17,2021011703022955,NRIC,58,28,300,"1,534.00","460,200.00"
2021-01-17,2021011703023034,NRIC,43,50,60,"1,535.00","92,100.00"
2021-01-17,2021011703022989,NRIC,38,48,100,"1,535.00","153,500.00"
2021-01-17,2021011703022988,NRIC,38,51,120,"1,535.00","184,200.00"
2021-01-17,2021011703022987,NRIC,38,48,115,"1,535.00","176,525.00"
2021-01-17,2021011703022981,NRIC,39,59,25,"1,534.00","38,350.00"
2021-01-17,2021011703022980,NRIC,53,59,30,"1,534.00","46,020.00"
2021-01-17,2021011703023215,NRIC,19,26,25,"1,536.00","38,400.00"
2021-01-17,2021011703023166,NRIC,19,42,75,"1,536.00","115,200.00"
2021-01-17,2021011703023162,NRIC,57,57,30,"1,538.00","46,140.00"
2021-01-17,2021011703023161,NRIC,57,11,20,"1,537.00","30,740.00"
2021-01-17,2021011703023068,NRIC,57,48,40,"1,535.00","61,400.00"
2021-01-17,2021011703023048,NRIC,57,50,40,"1,535.00","61,400.00"
2021-01-17,2021011703022995,NRN,45,5,10,368.00,"3,680.00"
2021-01-17,2021011703022907,NRN,45,49,10,368.00,"3,680.00"
2021-01-17,2021011703022882,NRN,42,49,25,369.00,"9,225.00"
2021-01-17,2021011703022881,NRN,42,52,50,369.00,"18,450.00"
2021-01-17,2021011703022880,NRN,42,21,100,369.00,"36,900.00"
2021-01-17,2021011703022879,NRN,42,17,325,369.00,"119,925.00"
2021-01-17,2021011703023247,NTC,26,33,125,"1,359.00","169,875.00"
2021-01-17,2021011703023242,NTC,53,33,10,"1,359.00","13,590.00"
2021-01-17,2021011703023226,NTC,53,33,100,"1,359.00","135,900.00"
2021-01-17,2021011703023223,NTC,19,33,200,"1,359.00","271,800.00"
2021-01-17,2021011703023214,NTC,42,38,60,"1,358.00","81,480.00"
2021-01-17,2021011703023213,NTC,44,38,350,"1,358.00","475,300.00"
2021-01-17,2021011703022967,NTC,38,49,100,"1,359.00","135,900.00"
2021-01-17,2021011703022903,NTC,19,39,100,"1,358.00","135,800.00"
2021-01-17,2021011703022898,NTC,10,49,500,"1,359.00","679,500.00"
2021-01-17,2021011703022897,NTC,53,49,70,"1,359.00","95,130.00"
2021-01-17,2021011703022863,NTC,58,34,100,"1,359.00","135,900.00"
2021-01-17,2021011703023046,NTC,34,49,45,"1,359.00","61,155.00"
2021-01-17,2021011703023038,NTC,19,49,100,"1,359.00","135,900.00"
2021-01-17,2021011703023036,NTC,35,49,10,"1,359.00","13,590.00"
2021-01-17,2021011703022996,NTC,8,49,220,"1,359.00","298,980.00"
2021-01-17,2021011703022993,NTC,34,49,200,"1,359.00","271,800.00"
2021-01-17,2021011703022986,NTC,43,49,50,"1,359.00","67,950.00"
2021-01-17,2021011703023085,NTC,26,49,200,"1,359.00","271,800.00"
2021-01-17,2021011703023084,NTC,57,49,100,"1,359.00","135,900.00"
2021-01-17,2021011703023077,NTC,40,49,200,"1,359.00","271,800.00"
2021-01-17,2021011703023072,NTC,42,49,100,"1,359.00","135,900.00"
2021-01-17,2021011703023071,NTC,44,49,350,"1,359.00","475,650.00"
2021-01-17,2021011703023049,NTC,21,49,30,"1,359.00","40,770.00"
2021-01-17,2021011703023156,NTC,52,49,200,"1,359.00","271,800.00"
2021-01-17,2021011703023136,NTC,14,49,100,"1,359.00","135,900.00"
2021-01-17,2021011703023122,NTC,35,49,200,"1,359.00","271,800.00"
2021-01-17,2021011703023121,NTC,49,49,100,"1,359.00","135,900.00"
2021-01-17,2021011703023115,NTC,41,49,50,"1,359.00","67,950.00"
2021-01-17,2021011703023112,NTC,57,49,100,"1,359.00","135,900.00"
2021-01-17,2021011703023212,NTC,42,38,50,"1,358.00","67,900.00"
2021-01-17,2021011703023211,NTC,19,38,33,"1,358.00","44,814.00"
2021-01-17,2021011703023208,NTC,57,33,20,"1,359.00","27,180.00"
2021-01-17,2021011703023173,NTC,6,33,20,"1,359.00","27,180.00"
2021-01-17,2021011703023159,NTC,58,33,25,"1,359.00","33,975.00"
2021-01-17,2021011703023158,NTC,58,49,975,"1,359.00","1,325,025.00"
2021-01-17,2021011703023257,NUBL,56,20,50,"1,401.00","70,050.00"
2021-01-17,2021011703022877,NUBL,4,38,100,"1,400.00","140,000.00"
2021-01-17,2021011703022997,PFL,29,53,100,217.00,"21,700.00"
2021-01-17,2021011704000016,PLI,34,13,10,298.00,"2,980.00"
2021-01-17,2021011704000015,PLI,34,10,10,298.00,"2,980.00"
2021-01-17,2021011704000014,PLI,34,10,10,298.00,"2,980.00"
2021-01-17,2021011704000013,PLI,34,57,10,298.00,"2,980.00"
2021-01-17,2021011704000012,PLI,34,51,10,298.00,"2,980.00"
2021-01-17,2021011704000011,PLI,34,21,10,298.00,"2,980.00"
2021-01-17,2021011704000004,PLI,48,34,10,291.00,"2,910.00"
2021-01-17,2021011704000003,PLI,48,34,10,286.00,"2,860.00"
2021-01-17,2021011704000002,PLI,55,6,10,281.00,"2,810.00"
2021-01-17,2021011704000001,PLI,49,48,10,276.00,"2,760.00"
2021-01-17,2021011704000010,PLI,34,42,10,298.00,"2,980.00"
2021-01-17,2021011704000009,PLI,34,4,10,298.00,"2,980.00"
2021-01-17,2021011704000008,PLI,34,34,10,298.00,"2,980.00"
2021-01-17,2021011704000007,PLI,34,11,10,298.00,"2,980.00"
2021-01-17,2021011704000006,PLI,34,34,10,298.00,"2,980.00"
2021-01-17,2021011704000005,PLI,48,34,10,296.00,"2,960.00"
2021-01-17,2021011703023237,PLIC,57,22,100,809.00,"80,900.00"
2021-01-17,2021011703022894,PLIC,22,22,200,809.00,"161,800.00"
2021-01-17,2021011703023120,RLFL,57,8,10,196.00,"1,960.00"
2021-01-17,2021011703023119,RLFL,57,6,100,195.00,"19,500.00"
2021-01-17,2021011703023118,RLFL,57,45,390,194.00,"75,660.00"
2021-01-17,2021011703023197,RLI,5,52,30,632.00,"18,960.00"
2021-01-17,2021011703023196,RLI,22,52,50,632.00,"31,600.00"
2021-01-17,2021011703023195,RLI,21,52,80,632.00,"50,560.00"
2021-01-17,2021011703023194,RLI,1,52,60,632.00,"37,920.00"
2021-01-17,2021011703023193,RLI,46,52,30,632.00,"18,960.00"
2021-01-17,2021011703023192,RLI,29,52,150,632.00,"94,800.00"
2021-01-17,2021011703023174,RLI,28,48,14,634.00,"8,876.00"
2021-01-17,2021011703023163,RLI,36,42,10,633.00,"6,330.00"
2021-01-17,2021011703022868,RLI,40,48,40,634.00,"25,360.00"
2021-01-17,2021011703023191,RLI,22,52,100,632.00,"63,200.00"
2021-01-17,2021011703023190,RLI,33,52,500,632.00,"316,000.00"
2021-01-17,2021011703023189,RLI,57,52,10,632.00,"6,320.00"
2021-01-17,2021011703023188,RLI,54,52,20,633.00,"12,660.00"
2021-01-17,2021011703023187,RLI,11,52,100,633.00,"63,300.00"
2021-01-17,2021011703023186,RLI,36,52,660,633.00,"417,780.00"
2021-01-17,2021011703023043,RSDC,14,7,100,710.00,"71,000.00"
2021-01-17,2021011703023102,SABSL,46,36,88,"1,170.00","102,960.00"
2021-01-17,2021011703023101,SABSL,46,6,11,"1,170.00","12,870.00"
2021-01-17,2021011703023100,SABSL,46,34,11,"1,170.00","12,870.00"
2021-01-17,2021011703023099,SABSL,46,36,190,"1,170.00","222,300.00"
2021-01-17,2021011703023303,SADBL,34,29,200,220.00,"44,000.00"
2021-01-17,2021011703023200,SADBL,42,51,770,220.00,"169,400.00"
2021-01-17,2021011703022999,SADBL,14,51,230,220.00,"50,600.00"
2021-01-17,2021011703022975,SADBL,14,49,50,220.00,"11,000.00"
2021-01-17,2021011703022974,SADBL,14,19,220,220.00,"48,400.00"
2021-01-17,2021011703022896,SADBL,1,39,76,219.00,"16,644.00"
2021-01-17,2021011703022895,SADBL,36,39,24,220.00,"5,280.00"
2021-01-17,2021011703023203,SADBL,42,34,930,221.00,"205,530.00"
2021-01-17,2021011703023202,SADBL,42,13,100,221.00,"22,100.00"
2021-01-17,2021011703023201,SADBL,42,48,200,221.00,"44,200.00"
2021-01-17,2021011703022941,SAPDBL,58,29,500,169.00,"84,500.00"
2021-01-17,2021011703022943,SDLBSL,33,49,80,"1,233.00","98,640.00"
2021-01-17,2021011703022852,SDLBSL,58,49,20,"1,235.00","24,700.00"
2021-01-17,2021011703022851,SDLBSL,58,49,10,"1,235.00","12,350.00"
2021-01-17,2021011703023269,SEF,34,25,500,10.95,"5,475.00"
2021-01-17,2021011703023268,SEF,34,48,"2,000",10.95,"21,900.00"
2021-01-17,2021011703023267,SEF,34,39,700,10.95,"7,665.00"
2021-01-17,2021011703023266,SEF,34,17,"15,900",10.94,"173,946.00"
2021-01-17,2021011703023265,SEF,34,58,"1,000",10.93,"10,930.00"
2021-01-17,2021011703023264,SEF,34,51,"2,000",10.93,"21,860.00"
2021-01-17,2021011703023263,SEF,34,14,"1,000",10.92,"10,920.00"
2021-01-17,2021011703023262,SEF,34,19,"1,000",10.91,"10,910.00"
2021-01-17,2021011703023249,SFCL,54,56,10,169.00,"1,690.00"
2021-01-17,2021011703022841,SFCL,54,56,10,169.00,"1,690.00"
2021-01-17,2021011703022857,SFMF,49,59,"6,650",10.99,"73,083.50"
2021-01-17,2021011703023317,SHINE,38,32,17,275.00,"4,675.00"
2021-01-17,2021011703023316,SHINE,38,11,83,275.00,"22,825.00"
2021-01-17,2021011703023238,SHINE,57,11,221,275.00,"60,775.00"
2021-01-17,2021011703023206,SHINE,57,4,"1,288",275.00,"354,200.00"
2021-01-17,2021011703023185,SHINE,49,34,100,276.00,"27,600.00"
2021-01-17,2021011703023124,SHINE,13,34,500,276.00,"138,000.00"
2021-01-17,2021011703022906,SHINE,57,4,"3,000",275.00,"825,000.00"
2021-01-17,2021011703023205,SHL,34,47,150,198.00,"29,700.00"
2021-01-17,2021011703023080,SINDU,17,39,350,169.00,"59,150.00"
2021-01-17,2021011703022936,SINDU,51,39,290,169.00,"49,010.00"
2021-01-17,2021011703022935,SINDU,51,22,10,169.00,"1,690.00"
2021-01-17,2021011703022969,SKBBL,17,32,15,"1,603.00","24,045.00"
2021-01-17,2021011703022968,SKBBL,17,28,10,"1,603.00","16,030.00"
2021-01-17,2021011703023281,SLBBL,42,28,100,"1,274.00","127,400.00"
2021-01-17,2021011703023073,SLBBL,43,39,80,"1,268.00","101,440.00"
2021-01-17,2021011703022838,SLBBL,57,41,10,"1,275.00","12,750.00"
2021-01-17,2021011703022837,SLBBL,57,47,190,"1,275.00","242,250.00"
2021-01-17,2021011703023306,SLBS,28,51,175,"1,414.00","247,450.00"
2021-01-17,2021011703023305,SLBS,28,35,25,"1,414.00","35,350.00"
2021-01-17,2021011703023319,SLICL,4,6,100,770.00,"77,000.00"
2021-01-17,2021011703023251,SLICL,59,6,500,770.00,"385,000.00"
2021-01-17,2021011703023230,SLICL,4,6,15,770.00,"11,550.00"
2021-01-17,2021011703023229,SLICL,4,35,85,769.00,"65,365.00"
2021-01-17,2021011703023157,SLICL,56,35,200,769.00,"153,800.00"
2021-01-17,2021011703023155,SLICL,4,35,100,769.00,"76,900.00"
2021-01-17,2021011703023154,SLICL,46,35,315,769.00,"242,235.00"
2021-01-17,2021011703023098,SLICL,46,8,285,769.00,"219,165.00"
2021-01-17,2021011703023029,SLICL,46,8,200,769.00,"153,800.00"
2021-01-17,2021011703022942,SLICL,46,42,200,769.00,"153,800.00"
2021-01-17,2021011703023318,SMB,8,1,15,"1,299.00","19,485.00"
2021-01-17,2021011703023310,SMFDB,32,39,100,"1,055.00","105,500.00"
2021-01-17,2021011703023160,SNLB,34,26,20,"1,195.00","23,900.00"
2021-01-17,2021011703022970,SNLB,28,56,330,"1,188.00","392,040.00"
2021-01-17,2021011703022909,STC,10,39,20,"7,623.00","152,460.00"
2021-01-17,2021011703023315,SWBBL,53,45,25,"1,810.00","45,250.00"
2021-01-17,2021011703023314,SWBBL,53,34,75,"1,809.00","135,675.00"
2021-01-17,2021011703023241,SWBBL,36,34,25,"1,809.00","45,225.00"
2021-01-17,2021011703023032,SWBBL,37,34,187,"1,809.00","338,283.00"
2021-01-17,2021011703023031,SWBBL,37,34,50,"1,807.00","90,350.00"
2021-01-17,2021011703023030,SWBBL,37,11,23,"1,807.00","41,561.00"
2021-01-17,2021011703022859,SWBBL,58,54,20,"1,806.00","36,120.00"
2021-01-17,2021011703022858,SWBBL,58,32,68,"1,806.00","122,808.00"
2021-01-17,2021011703023210,SWBBL,50,35,24,"1,809.00","43,416.00"
2021-01-17,2021011703023209,SWBBL,50,34,13,"1,809.00","23,517.00"
2021-01-17,2021011703023150,SWBBL,58,18,30,"1,806.00","54,180.00"
2021-01-17,2021011703022865,TRH,51,48,"1,000",304.00,"304,000.00"
2021-01-17,2021011703023304,UFL,16,35,100,330.00,"33,000.00"
2021-01-17,2021011703022893,UFL,16,7,20,330.00,"6,600.00"
2021-01-17,2021011703023094,USLB,32,21,22,"1,488.00","32,736.00"
2021-01-17,2021011703023093,USLB,32,44,100,"1,486.00","148,600.00"
2021-01-17,2021011703023092,USLB,32,41,70,"1,485.00","103,950.00"
2021-01-17,2021011703023091,USLB,32,45,20,"1,485.00","29,700.00"
2021-01-17,2021011703023090,USLB,32,4,22,"1,485.00","32,670.00"
2021-01-17,2021011703023089,USLB,32,6,22,"1,484.00","32,648.00"
2021-01-17,2021011703023088,USLB,32,43,32,"1,480.00","47,360.00"
2021-01-17,2021011703023087,USLB,32,28,34,"1,480.00","50,320.00"
2021-01-17,2021011703023086,USLB,32,33,70,"1,479.00","103,530.00"
2021-01-17,2021011703023287,VLBS,29,42,63,"1,225.00","77,175.00"
2021-01-17,2021011703023286,VLBS,29,35,50,"1,225.00","61,250.00"
2021-01-17,2021011703023285,VLBS,29,19,50,"1,225.00","61,250.00"
2021-01-17,2021011703023284,VLBS,29,47,20,"1,225.00","24,500.00"
2021-01-17,2021011703023283,VLBS,29,50,17,"1,225.00","20,825.00"
2021-01-17,2021011703022622,ALICL,34,57,10,"1,085.00","10,850.00"
2021-01-17,2021011703022473,ALICL,38,39,250,"1,081.00","270,250.00"
2021-01-17,2021011703022409,ALICL,38,39,250,"1,081.00","270,250.00"
2021-01-17,2021011703022759,BFC,34,46,300,152.00,"45,600.00"
2021-01-17,2021011703022544,BFC,34,44,200,152.00,"30,400.00"
2021-01-17,2021011703022760,CBBL,34,47,19,"1,350.00","25,650.00"
2021-01-17,2021011703022649,CBBL,59,20,65,"1,355.00","88,075.00"
2021-01-17,2021011703022648,CBBL,59,33,15,"1,355.00","20,325.00"
2021-01-17,2021011703022540,CBBL,34,1,31,"1,350.00","41,850.00"
2021-01-17,2021011703022539,CBBL,37,1,69,"1,350.00","93,150.00"
2021-01-17,2021011703022451,CBBL,38,59,56,"1,354.00","75,824.00"
2021-01-17,2021011703022369,CFCL,52,42,220,206.00,"45,320.00"
2021-01-17,2021011703022784,CIT,51,55,10,"3,453.00","34,530.00"
2021-01-17,2021011703022602,CIT,51,55,10,"3,453.00","34,530.00"
2021-01-17,2021011703022458,CIT,39,38,10,"3,448.00","34,480.00"
2021-01-17,2021011703022344,CIT,57,51,20,"3,450.00","69,000.00"
2021-01-17,2021011703022541,DDBL,6,29,50,"1,570.00","78,500.00"
2021-01-17,2021011703022474,DDBL,57,16,30,"1,570.00","47,100.00"
2021-01-17,2021011703022457,DDBL,19,16,30,"1,566.00","46,980.00"
2021-01-17,2021011703022456,DDBL,32,16,20,"1,566.00","31,320.00"
2021-01-17,2021011703022455,DDBL,51,16,10,"1,570.00","15,700.00"
2021-01-17,2021011703022791,FMDBL,35,39,200,692.00,"138,400.00"
2021-01-17,2021011703022790,FMDBL,28,17,63,693.00,"43,659.00"
2021-01-17,2021011703022614,FMDBL,28,17,110,693.00,"76,230.00"
2021-01-17,2021011703022462,FMDBL,53,29,100,694.00,"69,400.00"
2021-01-17,2021011703022461,FMDBL,57,29,10,694.00,"6,940.00"
2021-01-17,2021011703022811,FOWAD,17,34,94,"2,385.00","224,190.00"
2021-01-17,2021011703022810,FOWAD,58,34,13,"2,385.00","31,005.00"
2021-01-17,2021011703022799,FOWAD,58,56,10,"2,385.00","23,850.00"
2021-01-17,2021011703022710,FOWAD,47,52,10,"2,386.00","23,860.00"
2021-01-17,2021011703022373,GBBL,47,6,196,357.00,"69,972.00"
2021-01-17,2021011703022372,GBBL,34,6,"1,000",357.00,"357,000.00"
2021-01-17,2021011703022371,GBBL,33,6,804,357.00,"287,028.00"
2021-01-17,2021011703022603,GBLBS,58,34,100,675.00,"67,500.00"
2021-01-17,2021011703022492,GBLBS,49,34,100,675.00,"67,500.00"
2021-01-17,2021011703022491,GBLBS,7,34,20,675.00,"13,500.00"
2021-01-17,2021011703022415,GBLBS,35,46,500,677.00,"338,500.00"
2021-01-17,2021011703022820,GILB,14,38,16,"1,539.00","24,624.00"
2021-01-17,2021011703022819,GILB,14,52,53,"1,535.00","81,355.00"
2021-01-17,2021011703022818,GILB,14,44,200,"1,535.00","307,000.00"
2021-01-17,2021011703022817,GILB,14,36,30,"1,535.00","46,050.00"
2021-01-17,2021011703022816,GILB,14,47,153,"1,535.00","234,855.00"
2021-01-17,2021011703022815,GILB,14,5,54,"1,533.00","82,782.00"
2021-01-17,2021011703022814,GILB,14,55,54,"1,526.00","82,404.00"
2021-01-17,2021011703022367,GILB,6,11,11,"1,520.00","16,720.00"
2021-01-17,2021011703022366,GILB,37,11,14,"1,520.00","21,280.00"
2021-01-17,2021011703022731,GLICL,4,42,30,666.00,"19,980.00"
2021-01-17,2021011703022730,GLICL,57,42,80,666.00,"53,280.00"
2021-01-17,2021011703022724,GLICL,10,16,56,667.00,"37,352.00"
2021-01-17,2021011703022723,GLICL,10,42,14,667.00,"9,338.00"
2021-01-17,2021011703022722,GLICL,10,58,100,667.00,"66,700.00"
2021-01-17,2021011703022721,GLICL,10,52,200,667.00,"133,400.00"
2021-01-17,2021011703022720,GLICL,10,22,80,667.00,"53,360.00"
2021-01-17,2021011703022719,GLICL,10,16,50,667.00,"33,350.00"
2021-01-17,2021011703022460,GLICL,57,44,181,666.00,"120,546.00"
2021-01-17,2021011703022758,GMFBS,16,44,60,"1,290.00","77,400.00"
2021-01-17,2021011703022757,GMFBS,16,14,40,"1,289.00","51,560.00"
2021-01-17,2021011703022647,GMFBS,53,44,80,"1,290.00","103,200.00"
2021-01-17,2021011703022545,GMFBS,14,44,100,"1,290.00","129,000.00"
2021-01-17,2021011703022475,GMFBS,54,44,280,"1,292.00","361,760.00"
2021-01-17,2021011703022410,GMFBS,53,50,100,"1,294.00","129,400.00"
2021-01-17,2021011703022543,GRDBL,3,45,50,175.00,"8,750.00"
2021-01-17,2021011703022542,GRDBL,3,28,100,175.00,"17,500.00"
2021-01-17,2021011703022827,GUFL,39,33,10,289.00,"2,890.00"
2021-01-17,2021011703022806,GUFL,38,34,500,288.00,"144,000.00"
2021-01-17,2021011703022805,GUFL,38,52,50,288.00,"14,400.00"
2021-01-17,2021011703022755,GUFL,38,38,200,287.00,"57,400.00"
2021-01-17,2021011703022687,GUFL,38,7,500,286.00,"143,000.00"
2021-01-17,2021011703022519,GUFL,38,25,190,286.00,"54,340.00"
2021-01-17,2021011703022518,GUFL,38,6,500,285.00,"142,500.00"
2021-01-17,2021011703022379,GUFL,38,52,100,285.00,"28,500.00"
2021-01-17,2021011703022378,GUFL,38,35,"1,000",285.00,"285,000.00"
2021-01-17,2021011703022377,GUFL,38,5,220,285.00,"62,700.00"
2021-01-17,2021011703022798,ILBS,21,57,11,"1,375.00","15,125.00"
2021-01-17,2021011703022597,ILBS,21,39,100,"1,375.00","137,500.00"
2021-01-17,2021011703022459,ILBS,46,39,100,"1,378.00","137,800.00"
2021-01-17,2021011703022803,JBBL,17,39,465,228.00,"106,020.00"
2021-01-17,2021011703022802,JBBL,39,39,60,228.00,"13,680.00"
2021-01-17,2021011703022407,JBBL,36,8,43,228.00,"9,804.00"
2021-01-17,2021011703022601,JFL,32,13,385,260.00,"100,100.00"
2021-01-17,2021011703022498,JFL,16,58,500,259.00,"129,500.00"
2021-01-17,2021011703022621,KMCDB,44,36,94,"1,076.00","101,144.00"
2021-01-17,2021011703022620,KMCDB,44,7,100,"1,075.00","107,500.00"
2021-01-17,2021011703022619,KMCDB,44,1,117,"1,074.00","125,658.00"
2021-01-17,2021011703022618,KMCDB,44,35,97,"1,074.00","104,178.00"
2021-01-17,2021011703022617,KMCDB,44,34,100,"1,070.00","107,000.00"
2021-01-17,2021011703022616,KMCDB,44,39,20,"1,070.00","21,400.00"
2021-01-17,2021011703022349,KMCDB,44,49,20,"1,055.00","21,100.00"
2021-01-17,2021011703022348,KMCDB,44,58,10,"1,055.00","10,550.00"
2021-01-17,2021011703022347,KMCDB,44,45,25,"1,055.00","26,375.00"
2021-01-17,2021011703022355,KMCDB,44,42,10,"1,059.00","10,590.00"
2021-01-17,2021011703022354,KMCDB,44,22,24,"1,059.00","25,416.00"
2021-01-17,2021011703022353,KMCDB,44,41,10,"1,059.00","10,590.00"
2021-01-17,2021011703022352,KMCDB,44,19,495,"1,059.00","524,205.00"
2021-01-17,2021011703022351,KMCDB,44,33,70,"1,058.00","74,060.00"
2021-01-17,2021011703022350,KMCDB,44,49,50,"1,055.00","52,750.00"
2021-01-17,2021011703022361,KMCDB,44,42,50,"1,060.00","53,000.00"
2021-01-17,2021011703022360,KMCDB,44,37,20,"1,060.00","21,200.00"
2021-01-17,2021011703022359,KMCDB,44,50,10,"1,060.00","10,600.00"
2021-01-17,2021011703022358,KMCDB,44,39,50,"1,060.00","53,000.00"
2021-01-17,2021011703022357,KMCDB,44,17,10,"1,060.00","10,600.00"
2021-01-17,2021011703022356,KMCDB,44,44,500,"1,059.00","529,500.00"
2021-01-17,2021011703022615,KMCDB,44,29,220,"1,069.00","235,180.00"
2021-01-17,2021011703022495,KMCDB,25,29,13,"1,069.00","13,897.00"
2021-01-17,2021011703022365,KMCDB,44,34,10,"1,060.00","10,600.00"
2021-01-17,2021011703022364,KMCDB,44,45,10,"1,060.00","10,600.00"
2021-01-17,2021011703022363,KMCDB,44,7,100,"1,060.00","106,000.00"
2021-01-17,2021011703022362,KMCDB,44,7,10,"1,060.00","10,600.00"
2021-01-17,2021011703022656,KRBL,49,36,100,157.00,"15,700.00"
2021-01-17,2021011703022655,KRBL,49,57,400,157.00,"62,800.00"
2021-01-17,2021011703022595,KRBL,52,57,600,157.00,"94,200.00"
2021-01-17,2021011703022594,KRBL,52,43,150,157.00,"23,550.00"
2021-01-17,2021011703022593,KRBL,52,6,100,157.00,"15,700.00"
2021-01-17,2021011703022592,KRBL,52,48,50,157.00,"7,850.00"
2021-01-17,2021011703022591,KRBL,52,54,100,157.00,"15,700.00"
2021-01-17,2021011703022590,KRBL,52,32,"1,000",157.00,"157,000.00"
2021-01-17,2021011703022804,LBBL,44,35,500,244.00,"122,000.00"
2021-01-17,2021011703022653,LBBL,25,43,18,243.00,"4,374.00"
2021-01-17,2021011703022652,LBBL,33,43,982,243.00,"238,626.00"
2021-01-17,2021011703022497,LBBL,40,35,47,244.00,"11,468.00"
2021-01-17,2021011703022496,LBBL,40,44,"1,953",244.00,"476,532.00"
2021-01-17,2021011703022399,LICN,58,3,57,"2,230.00","127,110.00"
2021-01-17,2021011703022821,LLBS,34,19,74,"1,607.00","118,918.00"
2021-01-17,2021011703022406,MDB,44,19,11,360.00,"3,960.00"
2021-01-17,2021011703022405,MDB,44,36,100,360.00,"36,000.00"
2021-01-17,2021011703022404,MDB,44,16,64,360.00,"23,040.00"
2021-01-17,2021011703022403,MDB,44,21,50,360.00,"18,000.00"
2021-01-17,2021011703022402,MDB,44,45,100,359.00,"35,900.00"
2021-01-17,2021011703022401,MDB,44,45,80,358.00,"28,640.00"
2021-01-17,2021011703022400,MDB,44,53,295,357.00,"105,315.00"
2021-01-17,2021011703022686,MERO,25,43,20,"1,060.00","21,200.00"
2021-01-17,2021011703022685,MERO,25,25,34,"1,060.00","36,040.00"
2021-01-17,2021011703022684,MERO,25,17,10,"1,059.00","10,590.00"
2021-01-17,2021011703022521,MERO,6,25,16,"1,060.00","16,960.00"
2021-01-17,2021011703022520,MERO,6,34,34,"1,060.00","36,040.00"
2021-01-17,2021011703022787,MFIL,33,43,500,388.00,"194,000.00"
2021-01-17,2021011703022786,MFIL,58,43,361,388.00,"140,068.00"
2021-01-17,2021011703022664,MFIL,58,52,50,388.00,"19,400.00"
2021-01-17,2021011703022663,MFIL,58,32,"1,000",388.00,"388,000.00"
2021-01-17,2021011703022662,MFIL,58,17,589,388.00,"228,532.00"
2021-01-17,2021011703022657,MFIL,34,17,200,388.00,"77,600.00"
2021-01-17,2021011703022387,MFIL,25,1,10,387.00,"3,870.00"
2021-01-17,2021011703022386,MFIL,25,47,"5,000",387.00,"1,935,000.00"
2021-01-17,2021011703022385,MFIL,25,52,40,387.00,"15,480.00"
2021-01-17,2021011703022382,MFIL,45,4,140,386.00,"54,040.00"
2021-01-17,2021011703022381,MFIL,58,4,60,386.00,"23,160.00"
2021-01-17,2021011703022345,MFIL,43,52,50,387.00,"19,350.00"
2021-01-17,2021011703022393,MFIL,25,36,100,388.00,"38,800.00"
2021-01-17,2021011703022392,MFIL,25,56,50,388.00,"19,400.00"
2021-01-17,2021011703022391,MFIL,25,26,"1,500",388.00,"582,000.00"
2021-01-17,2021011703022390,MFIL,25,43,500,388.00,"194,000.00"
2021-01-17,2021011703022389,MFIL,25,38,300,387.00,"116,100.00"
2021-01-17,2021011703022388,MFIL,25,44,150,387.00,"58,050.00"
2021-01-17,2021011703022481,MFIL,58,57,300,388.00,"116,400.00"
2021-01-17,2021011703022398,MFIL,25,57,"1,700",388.00,"659,600.00"
2021-01-17,2021011703022397,MFIL,25,40,90,388.00,"34,920.00"
2021-01-17,2021011703022396,MFIL,25,26,100,388.00,"38,800.00"
2021-01-17,2021011703022395,MFIL,25,36,100,388.00,"38,800.00"
2021-01-17,2021011703022394,MFIL,25,22,360,388.00,"139,680.00"
2021-01-17,2021011703022490,MFIL,19,43,71,388.00,"27,548.00"
2021-01-17,2021011703022489,MFIL,19,17,200,388.00,"77,600.00"
2021-01-17,2021011703022488,MFIL,19,42,29,388.00,"11,252.00"
2021-01-17,2021011703022484,MFIL,58,42,"2,171",388.00,"842,348.00"
2021-01-17,2021011703022483,MFIL,58,8,50,388.00,"19,400.00"
2021-01-17,2021011703022482,MFIL,58,55,479,388.00,"185,852.00"
2021-01-17,2021011703022555,MFIL,58,59,100,388.00,"38,800.00"
2021-01-17,2021011703022554,MFIL,58,14,100,388.00,"38,800.00"
2021-01-17,2021011703022553,MFIL,58,45,10,388.00,"3,880.00"
2021-01-17,2021011703022552,MFIL,58,18,500,388.00,"194,000.00"
2021-01-17,2021011703022551,MFIL,58,18,500,388.00,"194,000.00"
2021-01-17,2021011703022550,MFIL,58,43,929,388.00,"360,452.00"
2021-01-17,2021011703022587,MFIL,33,17,211,388.00,"81,868.00"
2021-01-17,2021011703022586,MFIL,33,33,289,388.00,"112,132.00"
2021-01-17,2021011703022582,MFIL,29,55,100,387.00,"38,700.00"
2021-01-17,2021011703022558,MFIL,58,33,211,388.00,"81,868.00"
2021-01-17,2021011703022557,MFIL,58,5,500,388.00,"194,000.00"
2021-01-17,2021011703022556,MFIL,58,45,150,388.00,"58,200.00"
2021-01-17,2021011703022718,MLBBL,59,58,10,"1,471.00","14,710.00"
2021-01-17,2021011703022717,MLBBL,59,6,90,"1,443.00","129,870.00"
2021-01-17,2021011703022771,MLBL,52,33,"1,874",278.00,"520,972.00"
2021-01-17,2021011703022770,MLBL,17,33,126,278.00,"35,028.00"
2021-01-17,2021011703022683,MMFDB,20,49,20,"1,395.00","27,900.00"
2021-01-17,2021011703022682,MMFDB,20,50,100,"1,394.00","139,400.00"
2021-01-17,2021011703022681,MMFDB,20,34,10,"1,394.00","13,940.00"
2021-01-17,2021011703022538,MMFDB,54,20,20,"1,370.00","27,400.00"
2021-01-17,2021011703022537,MMFDB,1,20,20,"1,370.00","27,400.00"
2021-01-17,2021011703022536,MMFDB,50,20,100,"1,370.00","137,000.00"
2021-01-17,2021011703022523,MMFDB,50,20,190,"1,377.00","261,630.00"
2021-01-17,2021011703022522,MMFDB,43,20,30,"1,378.00","41,340.00"
2021-01-17,2021011703022529,MMFDB,32,20,100,"1,370.00","137,000.00"
2021-01-17,2021011703022528,MMFDB,45,20,100,"1,370.00","137,000.00"
2021-01-17,2021011703022527,MMFDB,26,20,100,"1,371.00","137,100.00"
2021-01-17,2021011703022526,MMFDB,22,20,300,"1,375.00","412,500.00"
2021-01-17,2021011703022525,MMFDB,1,20,100,"1,375.00","137,500.00"
2021-01-17,2021011703022524,MMFDB,17,20,50,"1,376.00","68,800.00"
2021-01-17,2021011703022535,MMFDB,45,20,70,"1,370.00","95,900.00"
2021-01-17,2021011703022534,MMFDB,45,20,100,"1,370.00","137,000.00"
2021-01-17,2021011703022533,MMFDB,38,20,100,"1,370.00","137,000.00"
2021-01-17,2021011703022532,MMFDB,16,20,100,"1,370.00","137,000.00"
2021-01-17,2021011703022531,MMFDB,14,20,70,"1,370.00","95,900.00"
2021-01-17,2021011703022530,MMFDB,56,20,50,"1,370.00","68,500.00"
2021-01-17,2021011703022725,MSLB,26,38,204,"1,723.00","351,492.00"
2021-01-17,2021011703022548,MSLB,11,38,20,"1,723.00","34,460.00"
2021-01-17,2021011703022669,NFS,34,52,100,245.00,"24,500.00"
2021-01-17,2021011703022797,NIBLPF,42,53,"10,787",11.38,"122,756.06"
2021-01-17,2021011703022745,NIBLPF,42,53,"3,747",11.37,"42,603.39"
2021-01-17,2021011703022667,NLBBL,44,52,238,"1,264.00","300,832.00"
2021-01-17,2021011703022666,NLBBL,44,58,216,"1,264.00","273,024.00"
2021-01-17,2021011703022665,NLBBL,44,6,46,"1,263.00","58,098.00"
2021-01-17,2021011703022795,NLIC,46,35,20,"2,463.00","49,260.00"
2021-01-17,2021011703022783,NLIC,46,57,80,"2,463.00","197,040.00"
2021-01-17,2021011703022782,NLIC,32,57,20,"2,463.00","49,260.00"
2021-01-17,2021011703022743,NLIC,54,29,22,"2,462.00","54,164.00"
2021-01-17,2021011703022742,NLIC,14,56,34,"2,463.00","83,742.00"
2021-01-17,2021011703022741,NLIC,39,56,16,"2,463.00","39,408.00"
2021-01-17,2021011703022726,NLIC,39,56,14,"2,463.00","34,482.00"
2021-01-17,2021011703022651,NLIC,39,58,10,"2,463.00","24,630.00"
2021-01-17,2021011703022589,NLIC,54,37,84,"2,462.00","206,808.00"
2021-01-17,2021011703022588,NLIC,17,37,16,"2,463.00","39,408.00"
2021-01-17,2021011703022781,NLICL,45,33,665,"1,075.00","714,875.00"
2021-01-17,2021011703022780,NLICL,22,33,100,"1,075.00","107,500.00"
2021-01-17,2021011703022779,NLICL,51,33,100,"1,075.00","107,500.00"
2021-01-17,2021011703022778,NLICL,14,33,500,"1,075.00","537,500.00"
2021-01-17,2021011703022777,NLICL,42,33,10,"1,075.00","10,750.00"
2021-01-17,2021011703022776,NLICL,38,33,50,"1,075.00","53,750.00"
2021-01-17,2021011703022468,NLICL,34,37,300,"1,077.00","323,100.00"
2021-01-17,2021011703022412,NLICL,14,54,300,"1,075.00","322,500.00"
2021-01-17,2021011703022411,NLICL,44,54,100,"1,075.00","107,500.00"
2021-01-17,2021011703022775,NLICL,14,33,300,"1,075.00","322,500.00"
2021-01-17,2021011703022774,NLICL,44,33,45,"1,076.00","48,420.00"
2021-01-17,2021011703022773,NLICL,53,33,100,"1,077.00","107,700.00"
2021-01-17,2021011703022772,NLICL,39,33,900,"1,077.00","969,300.00"
2021-01-17,2021011703022688,NLICL,39,37,100,"1,077.00","107,700.00"
2021-01-17,2021011703022613,NLICL,14,59,200,"1,075.00","215,000.00"
2021-01-17,2021011703022727,NMB50,49,59,"10,000",10.90,"109,000.00"
2021-01-17,2021011703022836,NMFBS,59,37,26,"2,451.00","63,726.00"
2021-01-17,2021011703022835,NMFBS,59,32,26,"2,450.00","63,700.00"
2021-01-17,2021011703022834,NMFBS,59,47,26,"2,450.00","63,700.00"
2021-01-17,2021011703022833,NMFBS,59,45,10,"2,450.00","24,500.00"
2021-01-17,2021011703022832,NMFBS,59,38,100,"2,450.00","245,000.00"
2021-01-17,2021011703022831,NMFBS,59,50,100,"2,449.00","244,900.00"
2021-01-17,2021011703022830,NMFBS,59,41,100,"2,449.00","244,900.00"
2021-01-17,2021011703022829,NMFBS,59,16,57,"2,449.00","139,593.00"
2021-01-17,2021011703022828,NMFBS,59,36,28,"2,448.00","68,544.00"
2021-01-17,2021011703022808,NRIC,42,48,60,"1,535.00","92,100.00"
2021-01-17,2021011703022801,NRIC,29,7,50,"1,534.00","76,700.00"
2021-01-17,2021011703022800,NRIC,58,7,100,"1,534.00","153,400.00"
2021-01-17,2021011703022756,NRIC,39,48,100,"1,535.00","153,500.00"
2021-01-17,2021011703022748,NRIC,29,48,300,"1,535.00","460,500.00"
2021-01-17,2021011703022744,NRIC,11,48,50,"1,535.00","76,750.00"
2021-01-17,2021011703022414,NRIC,38,25,300,"1,538.00","461,400.00"
2021-01-17,2021011703022507,NRIC,51,57,50,"1,537.00","76,850.00"
2021-01-17,2021011703022506,NRIC,42,57,50,"1,537.00","76,850.00"
2021-01-17,2021011703022505,NRIC,48,57,200,"1,537.00","307,400.00"
2021-01-17,2021011703022504,NRIC,28,57,70,"1,537.00","107,590.00"
2021-01-17,2021011703022503,NRIC,18,57,10,"1,538.00","15,380.00"
2021-01-17,2021011703022494,NRIC,18,58,30,"1,538.00","46,140.00"
2021-01-17,2021011703022513,NRIC,58,57,35,"1,537.00","53,795.00"
2021-01-17,2021011703022512,NRIC,28,57,17,"1,537.00","26,129.00"
2021-01-17,2021011703022511,NRIC,1,57,20,"1,537.00","30,740.00"
2021-01-17,2021011703022510,NRIC,37,57,100,"1,537.00","153,700.00"
2021-01-17,2021011703022509,NRIC,1,57,60,"1,537.00","92,220.00"
2021-01-17,2021011703022508,NRIC,52,57,100,"1,537.00","153,700.00"
2021-01-17,2021011703022560,NRIC,40,36,62,"1,536.00","95,232.00"
2021-01-17,2021011703022559,NRIC,11,36,50,"1,536.00","76,800.00"
2021-01-17,2021011703022517,NRIC,40,57,38,"1,536.00","58,368.00"
2021-01-17,2021011703022516,NRIC,39,57,100,"1,536.00","153,600.00"
2021-01-17,2021011703022515,NRIC,32,57,100,"1,536.00","153,600.00"
2021-01-17,2021011703022514,NRIC,19,57,50,"1,536.00","76,800.00"
2021-01-17,2021011703022566,NRIC,59,36,93,"1,535.00","142,755.00"
2021-01-17,2021011703022565,NRIC,8,36,235,"1,535.00","360,725.00"
2021-01-17,2021011703022564,NRIC,35,36,200,"1,536.00","307,200.00"
2021-01-17,2021011703022563,NRIC,40,36,100,"1,536.00","153,600.00"
2021-01-17,2021011703022562,NRIC,50,36,100,"1,536.00","153,600.00"
2021-01-17,2021011703022561,NRIC,25,36,50,"1,536.00","76,800.00"
2021-01-17,2021011703022572,NRIC,56,36,200,"1,535.00","307,000.00"
2021-01-17,2021011703022571,NRIC,19,36,20,"1,535.00","30,700.00"
2021-01-17,2021011703022570,NRIC,48,36,50,"1,535.00","76,750.00"
2021-01-17,2021011703022569,NRIC,33,36,50,"1,535.00","76,750.00"
2021-01-17,2021011703022568,NRIC,59,36,150,"1,535.00","230,250.00"
2021-01-17,2021011703022567,NRIC,52,36,50,"1,535.00","76,750.00"
2021-01-17,2021011703022578,NRIC,17,36,40,"1,535.00","61,400.00"
2021-01-17,2021011703022577,NRIC,21,36,50,"1,535.00","76,750.00"
2021-01-17,2021011703022576,NRIC,28,36,100,"1,535.00","153,500.00"
2021-01-17,2021011703022575,NRIC,46,36,100,"1,535.00","153,500.00"
2021-01-17,2021011703022574,NRIC,11,36,50,"1,535.00","76,750.00"
2021-01-17,2021011703022573,NRIC,1,36,20,"1,535.00","30,700.00"
2021-01-17,2021011703022696,NRIC,34,48,100,"1,535.00","153,500.00"
2021-01-17,2021011703022695,NRIC,16,48,20,"1,535.00","30,700.00"
2021-01-17,2021011703022694,NRIC,4,48,100,"1,538.00","153,800.00"
2021-01-17,2021011703022581,NRIC,16,36,30,"1,535.00","46,050.00"
2021-01-17,2021011703022580,NRIC,32,36,100,"1,535.00","153,500.00"
2021-01-17,2021011703022579,NRIC,50,36,100,"1,535.00","153,500.00"
2021-01-17,2021011703022702,NRIC,10,48,50,"1,535.00","76,750.00"
2021-01-17,2021011703022701,NRIC,25,48,100,"1,535.00","153,500.00"
2021-01-17,2021011703022700,NRIC,51,48,50,"1,535.00","76,750.00"
2021-01-17,2021011703022699,NRIC,38,48,100,"1,535.00","153,500.00"
2021-01-17,2021011703022698,NRIC,58,48,50,"1,535.00","76,750.00"
2021-01-17,2021011703022697,NRIC,48,48,10,"1,535.00","15,350.00"
2021-01-17,2021011703022708,NRIC,53,48,100,"1,535.00","153,500.00"
2021-01-17,2021011703022707,NRIC,6,48,100,"1,535.00","153,500.00"
2021-01-17,2021011703022706,NRIC,29,48,100,"1,535.00","153,500.00"
2021-01-17,2021011703022705,NRIC,26,48,165,"1,535.00","253,275.00"
2021-01-17,2021011703022704,NRIC,44,48,50,"1,535.00","76,750.00"
2021-01-17,2021011703022703,NRIC,57,48,100,"1,535.00","153,500.00"
2021-01-17,2021011703022768,NRN,29,17,75,369.00,"27,675.00"
2021-01-17,2021011703022767,NRN,29,25,10,369.00,"3,690.00"
2021-01-17,2021011703022766,NRN,29,53,115,369.00,"42,435.00"
2021-01-17,2021011703022480,NRN,45,49,10,368.00,"3,680.00"
2021-01-17,2021011703022449,NRN,45,56,10,368.00,"3,680.00"
2021-01-17,2021011703022826,NTC,49,34,20,"1,359.00","27,180.00"
2021-01-17,2021011703022825,NTC,41,34,150,"1,359.00","203,850.00"
2021-01-17,2021011703022809,NTC,19,44,25,"1,358.00","33,950.00"
2021-01-17,2021011703022747,NTC,49,34,400,"1,359.00","543,600.00"
2021-01-17,2021011703022746,NTC,16,34,10,"1,359.00","13,590.00"
2021-01-17,2021011703022734,NTC,19,46,150,"1,358.00","203,700.00"
2021-01-17,2021011703022380,NTC,8,34,50,"1,359.00","67,950.00"
2021-01-17,2021011703022376,NTC,57,34,270,"1,359.00","366,930.00"
2021-01-17,2021011703022370,NTC,54,34,100,"1,359.00","135,900.00"
2021-01-17,2021011703022479,NTC,57,46,20,"1,358.00","27,160.00"
2021-01-17,2021011703022478,NTC,58,46,100,"1,358.00","135,800.00"
2021-01-17,2021011703022477,NTC,26,46,30,"1,358.00","40,740.00"
2021-01-17,2021011703022476,NTC,26,5,50,"1,358.00","67,900.00"
2021-01-17,2021011703022448,NTC,46,34,36,"1,359.00","48,924.00"
2021-01-17,2021011703022413,NTC,26,19,100,"1,358.00","135,800.00"
2021-01-17,2021011703022606,NTC,17,35,50,"1,358.00","67,900.00"
2021-01-17,2021011703022605,NTC,39,35,50,"1,358.00","67,900.00"
2021-01-17,2021011703022600,NTC,51,35,30,"1,358.00","40,740.00"
2021-01-17,2021011703022598,NTC,54,35,700,"1,358.00","950,600.00"
2021-01-17,2021011703022487,NTC,49,35,200,"1,358.00","271,600.00"
2021-01-17,2021011703022485,NTC,57,35,30,"1,358.00","40,740.00"
2021-01-17,2021011703022716,NTC,19,35,17,"1,358.00","23,086.00"
2021-01-17,2021011703022713,NTC,18,35,100,"1,358.00","135,800.00"
2021-01-17,2021011703022709,NTC,19,35,100,"1,358.00","135,800.00"
2021-01-17,2021011703022660,NTC,1,35,200,"1,358.00","271,600.00"
2021-01-17,2021011703022659,NTC,58,35,50,"1,358.00","67,900.00"
2021-01-17,2021011703022658,NTC,58,35,10,"1,358.00","13,580.00"
2021-01-17,2021011703022625,NUBL,26,11,21,"1,405.00","29,505.00"
2021-01-17,2021011703022624,NUBL,26,3,429,"1,405.00","602,745.00"
2021-01-17,2021011703022623,NUBL,26,17,50,"1,404.00","70,200.00"
2021-01-17,2021011703022342,NUBL,35,3,"1,741","1,405.00","2,446,105.00"
2021-01-17,2021011703022341,NUBL,35,49,200,"1,405.00","281,000.00"
2021-01-17,2021011703022340,NUBL,35,58,59,"1,405.00","82,895.00"
2021-01-17,2021011703022728,OHL,29,37,50,479.00,"23,950.00"
2021-01-17,2021011703022824,PFL,36,36,66,218.00,"14,388.00"
2021-01-17,2021011703022823,PFL,36,42,107,218.00,"23,326.00"
2021-01-17,2021011703022822,PFL,36,46,27,218.00,"5,886.00"
2021-01-17,2021011703022788,PFL,4,41,42,218.00,"9,156.00"
2021-01-17,2021011703022604,PFL,35,55,27,217.00,"5,859.00"
2021-01-17,2021011703022346,PFL,40,53,50,216.00,"10,800.00"
2021-01-17,2021011703022813,PLIC,54,22,100,809.00,"80,900.00"
2021-01-17,2021011703022789,PLIC,44,22,100,809.00,"80,900.00"
2021-01-17,2021011703022733,PLIC,25,25,150,808.00,"121,200.00"
2021-01-17,2021011703022732,PLIC,25,13,261,807.00,"210,627.00"
2021-01-17,2021011703022807,PROFL,41,26,400,137.00,"54,800.00"
2021-01-17,2021011703022338,PROFL,32,26,"1,000",137.00,"137,000.00"
2021-01-17,2021011703022337,PROFL,42,26,"1,000",137.00,"137,000.00"
2021-01-17,2021011703022712,RLFL,57,45,60,194.00,"11,640.00"
2021-01-17,2021011703022711,RLFL,57,57,300,193.00,"57,900.00"
2021-01-17,2021011703022493,RLFL,29,50,50,192.00,"9,600.00"
2021-01-17,2021011703022715,RLI,6,14,10,634.00,"6,340.00"
2021-01-17,2021011703022714,RLI,6,42,10,634.00,"6,340.00"
2021-01-17,2021011703022668,RLI,36,49,10,633.00,"6,330.00"
2021-01-17,2021011703022650,RLI,36,29,10,633.00,"6,330.00"
2021-01-17,2021011703022596,RLI,36,8,10,633.00,"6,330.00"
2021-01-17,2021011703022469,RLI,22,29,10,633.00,"6,330.00"
2021-01-17,2021011703022454,RLI,40,46,340,635.00,"215,900.00"
2021-01-17,2021011703022453,RLI,40,52,500,634.00,"317,000.00"
2021-01-17,2021011703022452,RLI,40,38,10,634.00,"6,340.00"
2021-01-17,2021011703022408,RLI,42,38,450,634.00,"285,300.00"
2021-01-17,2021011703022383,RLI,42,19,50,634.00,"31,700.00"
2021-01-17,2021011703022339,RLI,29,56,10,634.00,"6,340.00"
2021-01-17,2021011703022794,RMDC,54,29,80,"1,165.00","93,200.00"
2021-01-17,2021011703022793,RMDC,49,29,20,"1,165.00","23,300.00"
2021-01-17,2021011703022792,RMDC,28,29,200,"1,165.00","233,000.00"
2021-01-17,2021011703022646,RSDC,40,7,204,710.00,"144,840.00"
2021-01-17,2021011703022645,RSDC,40,42,150,710.00,"106,500.00"
2021-01-17,2021011703022644,RSDC,40,51,21,710.00,"14,910.00"
2021-01-17,2021011703022643,RSDC,40,50,50,709.00,"35,450.00"
2021-01-17,2021011703022642,RSDC,40,57,67,709.00,"47,503.00"
2021-01-17,2021011703022641,RSDC,40,55,100,709.00,"70,900.00"
2021-01-17,2021011703022628,RSDC,40,48,400,707.00,"282,800.00"
2021-01-17,2021011703022627,RSDC,40,57,50,706.00,"35,300.00"
2021-01-17,2021011703022626,RSDC,40,8,70,706.00,"49,420.00"
2021-01-17,2021011703022634,RSDC,40,38,40,708.00,"28,320.00"
2021-01-17,2021011703022633,RSDC,40,58,100,708.00,"70,800.00"
2021-01-17,2021011703022632,RSDC,40,59,100,708.00,"70,800.00"
2021-01-17,2021011703022631,RSDC,40,50,100,707.00,"70,700.00"
2021-01-17,2021011703022630,RSDC,40,44,383,707.00,"270,781.00"
2021-01-17,2021011703022629,RSDC,40,35,200,707.00,"141,400.00"
2021-01-17,2021011703022640,RSDC,40,6,10,709.00,"7,090.00"
2021-01-17,2021011703022639,RSDC,40,44,95,709.00,"67,355.00"
2021-01-17,2021011703022638,RSDC,40,46,100,709.00,"70,900.00"
2021-01-17,2021011703022637,RSDC,40,14,200,708.00,"141,600.00"
2021-01-17,2021011703022636,RSDC,40,58,40,708.00,"28,320.00"
2021-01-17,2021011703022635,RSDC,40,43,20,708.00,"14,160.00"
2021-01-17,2021011703022368,SABSL,44,36,10,"1,170.00","11,700.00"
2021-01-17,2021011703022785,SADBL,36,49,100,220.00,"22,000.00"
2021-01-17,2021011703022765,SADBL,36,13,"1,000",220.00,"220,000.00"
2021-01-17,2021011703022764,SADBL,36,11,100,220.00,"22,000.00"
2021-01-17,2021011703022763,SADBL,36,6,576,220.00,"126,720.00"
2021-01-17,2021011703022762,SADBL,36,32,200,220.00,"44,000.00"
2021-01-17,2021011703022754,SADBL,1,57,"1,000",219.00,"219,000.00"
2021-01-17,2021011703022599,SADBL,1,19,500,219.00,"109,500.00"
2021-01-17,2021011703022463,SADBL,1,13,200,219.00,"43,800.00"
2021-01-17,2021011703022693,SAPDBL,58,14,143,168.00,"24,024.00"
2021-01-17,2021011703022692,SAPDBL,58,47,300,168.00,"50,400.00"
2021-01-17,2021011703022691,SAPDBL,58,11,"1,043",168.00,"175,224.00"
2021-01-17,2021011703022690,SAPDBL,58,45,500,168.00,"84,000.00"
2021-01-17,2021011703022689,SAPDBL,58,34,100,168.00,"16,800.00"
2021-01-17,2021011703022375,SAPDBL,53,45,200,167.00,"33,400.00"
2021-01-17,2021011703022374,SAPDBL,53,22,392,167.00,"65,464.00"
2021-01-17,2021011703022546,SDLBSL,58,11,10,"1,235.00","12,350.00"
2021-01-17,2021011703022502,SFCL,33,56,240,167.00,"40,080.00"
2021-01-17,2021011703022501,SFCL,44,56,10,167.00,"1,670.00"
2021-01-17,2021011703022500,SFCL,38,56,100,167.00,"16,700.00"
2021-01-17,2021011703022499,SFCL,59,56,200,167.00,"33,400.00"
2021-01-17,2021011703022753,SHINE,57,4,300,276.00,"82,800.00"
2021-01-17,2021011703022752,SHINE,55,4,"1,500",276.00,"414,000.00"
2021-01-17,2021011703022751,SHINE,38,4,300,276.00,"82,800.00"
2021-01-17,2021011703022750,SHINE,47,4,"1,000",276.00,"276,000.00"
2021-01-17,2021011703022749,SHINE,3,4,25,276.00,"6,900.00"
2021-01-17,2021011703022729,SHINE,3,53,500,276.00,"138,000.00"
2021-01-17,2021011703022583,SHINE,3,38,300,276.00,"82,800.00"
2021-01-17,2021011703022547,SHINE,21,32,100,277.00,"27,700.00"
2021-01-17,2021011703022464,SHL,34,49,100,198.00,"19,800.00"
2021-01-17,2021011703022761,SKBBL,5,28,50,"1,603.00","80,150.00"
2021-01-17,2021011703022467,SKBBL,5,28,10,"1,603.00","16,030.00"
2021-01-17,2021011703022466,SKBBL,5,39,30,"1,603.00","48,090.00"
2021-01-17,2021011703022465,SKBBL,5,57,10,"1,603.00","16,030.00"
2021-01-17,2021011703022486,SLBBL,43,34,10,"1,265.00","12,650.00"
2021-01-17,2021011703022472,SLBBL,59,47,10,"1,275.00","12,750.00"
2021-01-17,2021011703022471,SLBBL,59,47,50,"1,274.00","63,700.00"
2021-01-17,2021011703022470,SLBBL,59,13,10,"1,273.00","12,730.00"
2021-01-17,2021011703022680,SLBS,51,36,87,"1,415.00","123,105.00"
2021-01-17,2021011703022679,SLBS,51,42,38,"1,415.00","53,770.00"
2021-01-17,2021011703022678,SLBS,51,59,38,"1,415.00","53,770.00"
2021-01-17,2021011703022677,SLBS,51,58,30,"1,413.00","42,390.00"
2021-01-17,2021011703022676,SLBS,51,41,41,"1,413.00","57,933.00"
2021-01-17,2021011703022675,SLBS,51,19,28,"1,412.00","39,536.00"
2021-01-17,2021011703022674,SLBS,51,25,100,"1,410.00","141,000.00"
2021-01-17,2021011703022673,SLBS,51,28,18,"1,409.00","25,362.00"
2021-01-17,2021011703022672,SLBS,51,42,10,"1,400.00","14,000.00"
2021-01-17,2021011703022671,SLBS,51,55,100,"1,400.00","140,000.00"
2021-01-17,2021011703022670,SLBS,51,43,10,"1,396.00","13,960.00"
2021-01-17,2021011703022796,SLICL,3,6,300,770.00,"231,000.00"
2021-01-17,2021011703022769,SLICL,40,6,200,770.00,"154,000.00"
2021-01-17,2021011703022549,SLICL,59,38,350,759.00,"265,650.00"
2021-01-17,2021011703022447,SLICL,4,6,355,770.00,"273,350.00"
2021-01-17,2021011703022446,SLICL,4,14,100,770.00,"77,000.00"
2021-01-17,2021011703022445,SLICL,4,22,310,770.00,"238,700.00"
2021-01-17,2021011703022420,SLICL,4,13,50,765.00,"38,250.00"
2021-01-17,2021011703022419,SLICL,4,26,43,765.00,"32,895.00"
2021-01-17,2021011703022418,SLICL,4,5,10,765.00,"7,650.00"
2021-01-17,2021011703022417,SLICL,4,5,262,765.00,"200,430.00"
2021-01-17,2021011703022416,SLICL,4,43,200,764.00,"152,800.00"
2021-01-17,2021011703022426,SLICL,4,34,200,767.00,"153,400.00"
2021-01-17,2021011703022425,SLICL,4,42,40,767.00,"30,680.00"
2021-01-17,2021011703022424,SLICL,4,5,10,766.00,"7,660.00"
2021-01-17,2021011703022423,SLICL,4,42,"5,000",766.00,"3,830,000.00"
2021-01-17,2021011703022422,SLICL,4,56,650,766.00,"497,900.00"
2021-01-17,2021011703022421,SLICL,4,39,200,765.00,"153,000.00"
2021-01-17,2021011703022432,SLICL,4,5,10,767.00,"7,670.00"
2021-01-17,2021011703022431,SLICL,4,11,100,767.00,"76,700.00"
2021-01-17,2021011703022430,SLICL,4,34,10,767.00,"7,670.00"
2021-01-17,2021011703022429,SLICL,4,54,199,767.00,"152,633.00"
2021-01-17,2021011703022428,SLICL,4,53,100,767.00,"76,700.00"
2021-01-17,2021011703022427,SLICL,4,34,500,767.00,"383,500.00"
2021-01-17,2021011703022438,SLICL,4,13,527,769.00,"405,263.00"
2021-01-17,2021011703022437,SLICL,4,58,50,768.00,"38,400.00"
2021-01-17,2021011703022436,SLICL,4,22,200,768.00,"153,600.00"
2021-01-17,2021011703022435,SLICL,4,25,100,768.00,"76,800.00"
2021-01-17,2021011703022434,SLICL,4,4,50,768.00,"38,400.00"
2021-01-17,2021011703022433,SLICL,4,32,200,768.00,"153,600.00"
2021-01-17,2021011703022444,SLICL,4,58,100,769.00,"76,900.00"
2021-01-17,2021011703022443,SLICL,4,45,150,769.00,"115,350.00"
2021-01-17,2021011703022442,SLICL,4,52,100,769.00,"76,900.00"
2021-01-17,2021011703022441,SLICL,4,50,24,769.00,"18,456.00"
2021-01-17,2021011703022440,SLICL,4,11,50,769.00,"38,450.00"
2021-01-17,2021011703022439,SLICL,4,50,100,769.00,"76,900.00"
2021-01-17,2021011703022585,SMFDB,55,39,100,"1,056.00","105,600.00"
2021-01-17,2021011703022584,SMFDB,46,39,100,"1,057.00","105,700.00"
2021-01-17,2021011703022661,SNLB,11,56,20,"1,188.00","23,760.00"
2021-01-17,2021011703022450,SNLB,16,56,100,"1,188.00","118,800.00"
2021-01-17,2021011703022740,TRH,6,45,100,305.00,"30,500.00"
2021-01-17,2021011703022739,TRH,6,14,20,305.00,"6,100.00"
2021-01-17,2021011703022738,TRH,6,59,90,305.00,"27,450.00"
2021-01-17,2021011703022737,TRH,6,58,20,305.00,"6,100.00"
2021-01-17,2021011703022736,TRH,6,40,"1,000",305.00,"305,000.00"
2021-01-17,2021011703022735,TRH,6,26,200,305.00,"61,000.00"
2021-01-17,2021011703022812,UFL,16,56,500,330.00,"165,000.00"
2021-01-17,2021011703022654,UFL,57,50,20,332.00,"6,640.00"
2021-01-17,2021011703022612,UFL,16,25,349,330.00,"115,170.00"
2021-01-17,2021011703022611,UFL,46,25,30,330.00,"9,900.00"
2021-01-17,2021011703022610,UFL,58,25,50,330.00,"16,500.00"
2021-01-17,2021011703022609,UFL,17,25,100,330.00,"33,000.00"
2021-01-17,2021011703022608,UFL,45,25,273,330.00,"90,090.00"
2021-01-17,2021011703022607,UFL,28,25,198,331.00,"65,538.00"
2021-01-17,2021011703022384,UFL,37,50,10,332.00,"3,320.00"
2021-01-17,2021011703022343,UFL,38,50,15,332.00,"4,980.00"
2021-01-17,2021011703021972,ALICL,38,57,80,"1,085.00","86,800.00"
2021-01-17,2021011703021971,ALICL,38,47,10,"1,085.00","10,850.00"
2021-01-17,2021011703021970,ALICL,38,33,200,"1,085.00","217,000.00"
2021-01-17,2021011703021969,ALICL,38,45,100,"1,085.00","108,500.00"
2021-01-17,2021011703021968,ALICL,38,52,50,"1,085.00","54,250.00"
2021-01-17,2021011703021967,ALICL,38,45,60,"1,082.00","64,920.00"
2021-01-17,2021011703022037,BFC,34,35,100,152.00,"15,200.00"
2021-01-17,2021011703022167,CBBL,37,14,31,"1,350.00","41,850.00"
2021-01-17,2021011703022166,CBBL,57,14,25,"1,350.00","33,750.00"
2021-01-17,2021011703022085,CBBL,57,50,50,"1,350.00","67,500.00"
2021-01-17,2021011703022077,CBBL,38,33,50,"1,350.00","67,500.00"
2021-01-17,2021011703022009,CBBL,43,45,15,"1,350.00","20,250.00"
2021-01-17,2021011703021989,CBBL,14,33,25,"1,355.00","33,875.00"
2021-01-17,2021011703021937,CBBL,58,33,10,"1,355.00","13,550.00"
2021-01-17,2021011703021936,CBBL,58,42,100,"1,355.00","135,500.00"
2021-01-17,2021011703022240,CFCL,16,42,80,206.00,"16,480.00"
2021-01-17,2021011703022239,CFCL,17,42,200,206.00,"41,200.00"
2021-01-17,2021011703022187,CFCL,16,6,50,206.00,"10,300.00"
2021-01-17,2021011703022328,CIT,57,14,300,"3,450.00","1,035,000.00"
2021-01-17,2021011703022327,CIT,57,49,150,"3,450.00","517,500.00"
2021-01-17,2021011703022326,CIT,57,58,20,"3,450.00","69,000.00"
2021-01-17,2021011703022325,CIT,57,22,10,"3,450.00","34,500.00"
2021-01-17,2021011703022324,CIT,57,39,12,"3,450.00","41,400.00"
2021-01-17,2021011703022323,CIT,57,49,60,"3,450.00","207,000.00"
2021-01-17,2021011703021974,CIT,49,29,50,"3,449.00","172,450.00"
2021-01-17,2021011703021933,CIT,52,45,50,"3,446.00","172,300.00"
2021-01-17,2021011703021837,CIT,17,45,5,"3,448.00","17,240.00"
2021-01-17,2021011703022316,CIT,57,58,40,"3,449.00","137,960.00"
2021-01-17,2021011703022315,CIT,57,49,50,"3,449.00","172,450.00"
2021-01-17,2021011703022314,CIT,57,29,100,"3,449.00","344,900.00"
2021-01-17,2021011703022198,CIT,39,25,100,"3,448.00","344,800.00"
2021-01-17,2021011703022146,CIT,52,6,30,"3,446.00","103,380.00"
2021-01-17,2021011703022001,CIT,49,29,50,"3,449.00","172,450.00"
2021-01-17,2021011703022322,CIT,57,54,370,"3,450.00","1,276,500.00"
2021-01-17,2021011703022321,CIT,57,35,100,"3,450.00","345,000.00"
2021-01-17,2021011703022320,CIT,57,43,50,"3,450.00","172,500.00"
2021-01-17,2021011703022319,CIT,57,5,50,"3,450.00","172,500.00"
2021-01-17,2021011703022318,CIT,57,38,10,"3,450.00","34,500.00"
2021-01-17,2021011703022317,CIT,57,16,129,"3,450.00","445,050.00"
2021-01-17,2021011703022142,DDBL,6,54,100,"1,570.00","157,000.00"
2021-01-17,2021011703022068,DDBL,34,40,70,"1,572.00","110,040.00"
2021-01-17,2021011703022067,DDBL,34,35,30,"1,571.00","47,130.00"
2021-01-17,2021011703022007,DDBL,19,7,48,"1,570.00","75,360.00"
2021-01-17,2021011703022006,DDBL,50,7,152,"1,570.00","238,640.00"
2021-01-17,2021011703022004,DDBL,50,58,300,"1,570.00","471,000.00"
2021-01-17,2021011703021965,DDBL,29,40,90,"1,572.00","141,480.00"
2021-01-17,2021011703021964,DDBL,29,49,10,"1,572.00","15,720.00"
2021-01-17,2021011703021894,DDBL,58,49,40,"1,572.00","62,880.00"
2021-01-17,2021011703021859,DDBL,49,49,50,"1,573.00","78,650.00"
2021-01-17,2021011703022251,FMDBL,57,37,100,694.00,"69,400.00"
2021-01-17,2021011703022172,FMDBL,57,49,320,694.00,"222,080.00"
2021-01-17,2021011703022168,FMDBL,57,51,70,694.00,"48,580.00"
2021-01-17,2021011703022125,FMDBL,29,51,70,694.00,"48,580.00"
2021-01-17,2021011703021912,FMDBL,16,51,500,694.00,"347,000.00"
2021-01-17,2021011703022335,FOWAD,16,54,11,"2,385.00","26,235.00"
2021-01-17,2021011703022334,FOWAD,16,53,53,"2,385.00","126,405.00"
2021-01-17,2021011703022333,FOWAD,16,40,20,"2,385.00","47,700.00"
2021-01-17,2021011703022332,FOWAD,16,19,16,"2,385.00","38,160.00"
2021-01-17,2021011703022145,FOWAD,37,37,6,"2,385.00","14,310.00"
2021-01-17,2021011703022075,FOWAD,37,28,6,"2,380.00","14,280.00"
2021-01-17,2021011703022011,FOWAD,57,43,10,"2,385.00","23,850.00"
2021-01-17,2021011703022010,FOWAD,57,34,15,"2,383.00","35,745.00"
2021-01-17,2021011703021980,FOWAD,58,6,150,"2,380.00","357,000.00"
2021-01-17,2021011703021850,FOWAD,58,18,27,"2,380.00","64,260.00"
2021-01-17,2021011703022185,GBBL,33,1,196,357.00,"69,972.00"
2021-01-17,2021011703022184,GBBL,44,1,204,357.00,"72,828.00"
2021-01-17,2021011703022181,GBBL,44,58,"1,000",357.00,"357,000.00"
2021-01-17,2021011703021878,GBBL,44,58,796,357.00,"284,172.00"
2021-01-17,2021011703021855,GBBL,53,58,200,357.00,"71,400.00"
2021-01-17,2021011703022309,GBLBS,36,46,100,677.00,"67,700.00"
2021-01-17,2021011703022225,GBLBS,35,17,206,679.00,"139,874.00"
2021-01-17,2021011703022224,GBLBS,35,58,70,678.00,"47,460.00"
2021-01-17,2021011703022223,GBLBS,35,36,100,678.00,"67,800.00"
2021-01-17,2021011703022222,GBLBS,35,49,20,678.00,"13,560.00"
2021-01-17,2021011703022221,GBLBS,35,1,200,678.00,"135,600.00"
2021-01-17,2021011703022158,GBLBS,26,25,50,675.00,"33,750.00"
2021-01-17,2021011703022109,GBLBS,42,21,200,676.00,"135,200.00"
2021-01-17,2021011703022104,GBLBS,49,21,55,676.00,"37,180.00"
2021-01-17,2021011703022101,GBLBS,36,25,500,676.00,"338,000.00"
2021-01-17,2021011703022046,GBLBS,17,43,100,677.00,"67,700.00"
2021-01-17,2021011703021938,GBLBS,5,52,100,677.00,"67,700.00"
2021-01-17,2021011703022214,GBLBS,35,25,500,675.00,"337,500.00"
2021-01-17,2021011703022213,GBLBS,35,25,380,675.00,"256,500.00"
2021-01-17,2021011703022171,GBLBS,19,25,120,675.00,"81,000.00"
2021-01-17,2021011703022170,GBLBS,19,25,380,675.00,"256,500.00"
2021-01-17,2021011703022160,GBLBS,10,25,50,675.00,"33,750.00"
2021-01-17,2021011703022159,GBLBS,14,25,20,675.00,"13,500.00"
2021-01-17,2021011703022220,GBLBS,35,11,100,678.00,"67,800.00"
2021-01-17,2021011703022219,GBLBS,35,58,"1,000",678.00,"678,000.00"
2021-01-17,2021011703022218,GBLBS,35,57,30,678.00,"20,340.00"
2021-01-17,2021011703022217,GBLBS,35,52,49,678.00,"33,222.00"
2021-01-17,2021011703022216,GBLBS,35,43,100,677.00,"67,700.00"
2021-01-17,2021011703022215,GBLBS,35,21,245,676.00,"165,620.00"
2021-01-17,2021011703021935,GILB,59,55,46,"1,530.00","70,380.00"
2021-01-17,2021011703021891,GILB,59,47,66,"1,530.00","100,980.00"
2021-01-17,2021011703021890,GILB,59,47,66,"1,530.00","100,980.00"
2021-01-17,2021011703021889,GILB,59,47,66,"1,530.00","100,980.00"
2021-01-17,2021011703021882,GILB,59,52,35,"1,528.00","53,480.00"
2021-01-17,2021011703021838,GILB,51,44,100,"1,526.00","152,600.00"
2021-01-17,2021011703021888,GILB,59,33,100,"1,530.00","153,000.00"
2021-01-17,2021011703021887,GILB,59,35,500,"1,530.00","765,000.00"
2021-01-17,2021011703021886,GILB,59,38,25,"1,530.00","38,250.00"
2021-01-17,2021011703021885,GILB,59,22,10,"1,529.00","15,290.00"
2021-01-17,2021011703021884,GILB,59,36,50,"1,529.00","76,450.00"
2021-01-17,2021011703021883,GILB,59,51,36,"1,529.00","55,044.00"
2021-01-17,2021011703022302,GLICL,57,33,10,666.00,"6,660.00"
2021-01-17,2021011703022301,GLICL,57,44,50,666.00,"33,300.00"
2021-01-17,2021011703022300,GLICL,57,1,"1,000",666.00,"666,000.00"
2021-01-17,2021011703022299,GLICL,57,51,500,666.00,"333,000.00"
2021-01-17,2021011703022298,GLICL,57,52,50,666.00,"33,300.00"
2021-01-17,2021011703022297,GLICL,57,56,50,666.00,"33,300.00"
2021-01-17,2021011703022108,GLICL,5,50,1,645.00,645.00
2021-01-17,2021011703021932,GLICL,49,7,39,657.00,"25,623.00"
2021-01-17,2021011703022115,GLICL,40,43,300,662.00,"198,600.00"
2021-01-17,2021011703022114,GLICL,40,48,100,661.00,"66,100.00"
2021-01-17,2021011703022113,GLICL,40,48,750,660.00,"495,000.00"
2021-01-17,2021011703022112,GLICL,40,22,78,660.00,"51,480.00"
2021-01-17,2021011703022111,GLICL,40,32,300,660.00,"198,000.00"
2021-01-17,2021011703022110,GLICL,40,58,200,659.00,"131,800.00"
2021-01-17,2021011703022254,GLICL,40,43,400,664.00,"265,600.00"
2021-01-17,2021011703022253,GLICL,40,42,10,663.00,"6,630.00"
2021-01-17,2021011703022252,GLICL,40,49,29,663.00,"19,227.00"
2021-01-17,2021011703022118,GLICL,40,6,800,662.00,"529,600.00"
2021-01-17,2021011703022117,GLICL,40,6,292,662.00,"193,304.00"
2021-01-17,2021011703022116,GLICL,40,17,"1,000",662.00,"662,000.00"
2021-01-17,2021011703022278,GLICL,57,48,100,664.00,"66,400.00"
2021-01-17,2021011703022277,GLICL,57,48,31,664.00,"20,584.00"
2021-01-17,2021011703022276,GLICL,57,34,691,664.00,"458,824.00"
2021-01-17,2021011703022257,GLICL,40,34,683,664.00,"453,512.00"
2021-01-17,2021011703022256,GLICL,40,57,21,664.00,"13,944.00"
2021-01-17,2021011703022255,GLICL,40,49,37,664.00,"24,568.00"
2021-01-17,2021011703022284,GLICL,57,32,10,665.00,"6,650.00"
2021-01-17,2021011703022283,GLICL,57,41,300,665.00,"199,500.00"
2021-01-17,2021011703022282,GLICL,57,28,52,665.00,"34,580.00"
2021-01-17,2021011703022281,GLICL,57,36,200,665.00,"133,000.00"
2021-01-17,2021011703022280,GLICL,57,53,"1,388",665.00,"923,020.00"
2021-01-17,2021011703022279,GLICL,57,34,500,665.00,"332,500.00"
2021-01-17,2021011703022290,GLICL,57,14,300,665.00,"199,500.00"
2021-01-17,2021011703022289,GLICL,57,25,100,665.00,"66,500.00"
2021-01-17,2021011703022288,GLICL,57,1,454,665.00,"301,910.00"
2021-01-17,2021011703022287,GLICL,57,50,500,665.00,"332,500.00"
2021-01-17,2021011703022286,GLICL,57,51,100,665.00,"66,500.00"
2021-01-17,2021011703022285,GLICL,57,6,52,665.00,"34,580.00"
2021-01-17,2021011703022296,GLICL,57,48,475,666.00,"316,350.00"
2021-01-17,2021011703022295,GLICL,57,8,100,665.00,"66,500.00"
2021-01-17,2021011703022294,GLICL,57,49,500,665.00,"332,500.00"
2021-01-17,2021011703022293,GLICL,57,58,26,665.00,"17,290.00"
2021-01-17,2021011703022292,GLICL,57,16,100,665.00,"66,500.00"
2021-01-17,2021011703022291,GLICL,57,48,100,665.00,"66,500.00"
2021-01-17,2021011703022203,GMFBS,54,52,10,"1,292.00","12,920.00"
2021-01-17,2021011703022202,GMFBS,54,32,10,"1,292.00","12,920.00"
2021-01-17,2021011703021983,GRDBL,53,39,100,174.00,"17,400.00"
2021-01-17,2021011703021982,GRDBL,55,39,50,174.00,"8,700.00"
2021-01-17,2021011703021981,GRDBL,56,39,350,174.00,"60,900.00"
2021-01-17,2021011703021923,GUFL,38,5,"4,780",285.00,"1,362,300.00"
2021-01-17,2021011703021922,GUFL,38,51,220,284.00,"62,480.00"
2021-01-17,2021011703022270,HIDCL,46,1,61,304.00,"18,544.00"
2021-01-17,2021011703022259,HIDCL,46,37,159,304.00,"48,336.00"
2021-01-17,2021011703022033,HIDCL,46,26,100,304.00,"30,400.00"
2021-01-17,2021011703021892,HIDCL,46,58,10,304.00,"3,040.00"
2021-01-17,2021011703022073,ICFC,42,55,20,288.00,"5,760.00"
2021-01-17,2021011703022072,ICFC,56,55,95,288.00,"27,360.00"
2021-01-17,2021011703022071,ICFC,21,25,250,289.00,"72,250.00"
2021-01-17,2021011703022310,ILBS,43,39,100,"1,379.00","137,900.00"
2021-01-17,2021011703021942,ILBS,8,6,98,"1,379.00","135,142.00"
2021-01-17,2021011703022196,JBBL,55,6,75,229.00,"17,175.00"
2021-01-17,2021011703022195,JBBL,55,45,220,229.00,"50,380.00"
2021-01-17,2021011703022194,JBBL,55,36,205,229.00,"46,945.00"
2021-01-17,2021011703022173,JBBL,36,55,50,228.00,"11,400.00"
2021-01-17,2021011703022003,JFL,45,13,200,260.00,"52,000.00"
2021-01-17,2021011703021904,JFL,32,13,100,260.00,"26,000.00"
2021-01-17,2021011703021857,JFL,54,13,100,260.00,"26,000.00"
2021-01-17,2021011703022268,KLBSL,16,16,75,"1,304.00","97,800.00"
2021-01-17,2021011703022267,KLBSL,25,16,50,"1,304.00","65,200.00"
2021-01-17,2021011703022266,KLBSL,16,16,50,"1,304.00","65,200.00"
2021-01-17,2021011703022156,KMCDB,19,45,75,"1,055.00","79,125.00"
2021-01-17,2021011703022155,KMCDB,19,42,25,"1,055.00","26,375.00"
2021-01-17,2021011703022097,KMCDB,19,55,100,"1,055.00","105,500.00"
2021-01-17,2021011703022040,KMCDB,10,56,50,"1,055.00","52,750.00"
2021-01-17,2021011703022039,KMCDB,10,22,50,"1,055.00","52,750.00"
2021-01-17,2021011703022038,KMCDB,10,52,100,"1,054.00","105,400.00"
2021-01-17,2021011703021924,KMCDB,25,1,17,"1,054.00","17,918.00"
2021-01-17,2021011703022093,KRBL,36,36,810,156.00,"126,360.00"
2021-01-17,2021011703022092,KRBL,36,58,90,156.00,"14,040.00"
2021-01-17,2021011703022091,KRBL,36,7,100,156.00,"15,600.00"
2021-01-17,2021011703022090,KRBL,36,41,47,156.00,"7,332.00"
2021-01-17,2021011703022089,KRBL,36,34,200,156.00,"31,200.00"
2021-01-17,2021011703022088,KRBL,36,6,200,156.00,"31,200.00"
2021-01-17,2021011703022087,KRBL,36,32,500,156.00,"78,000.00"
2021-01-17,2021011703022086,KRBL,36,1,53,156.00,"8,268.00"
2021-01-17,2021011703022120,KSBBL,38,10,10,269.00,"2,690.00"
2021-01-17,2021011703022303,LBBL,14,44,210,244.00,"51,240.00"
2021-01-17,2021011703021996,LBBL,4,44,200,244.00,"48,800.00"
2021-01-17,2021011703021979,LBBL,1,44,100,244.00,"24,400.00"
2021-01-17,2021011703021865,LBBL,45,34,20,243.00,"4,860.00"
2021-01-17,2021011703022230,LBBL,33,4,18,243.00,"4,374.00"
2021-01-17,2021011703022229,LBBL,39,4,207,243.00,"50,301.00"
2021-01-17,2021011703022228,LBBL,45,4,108,243.00,"26,244.00"
2021-01-17,2021011703022103,LBBL,45,16,500,243.00,"121,500.00"
2021-01-17,2021011703022227,LICN,58,43,53,"2,230.00","118,190.00"
2021-01-17,2021011703022226,LICN,58,59,90,"2,229.00","200,610.00"
2021-01-17,2021011703022148,LICN,45,56,60,"2,216.00","132,960.00"
2021-01-17,2021011703022147,LICN,42,56,100,"2,217.00","221,700.00"
2021-01-17,2021011703022121,LICN,25,59,10,"2,229.00","22,290.00"
2021-01-17,2021011703021947,LICN,42,36,239,"2,215.00","529,385.00"
2021-01-17,2021011703021946,LICN,54,36,211,"2,215.00","467,365.00"
2021-01-17,2021011703021945,LICN,50,36,50,"2,215.00","110,750.00"
2021-01-17,2021011703022206,MDB,56,53,405,357.00,"144,585.00"
2021-01-17,2021011703022205,MDB,56,53,50,357.00,"17,850.00"
2021-01-17,2021011703022204,MDB,56,45,45,357.00,"16,065.00"
2021-01-17,2021011703021944,MDB,42,22,140,357.00,"49,980.00"
2021-01-17,2021011703021943,MDB,42,38,10,357.00,"3,570.00"
2021-01-17,2021011703021941,MDB,46,38,10,357.00,"3,570.00"
2021-01-17,2021011703022245,MERO,50,19,50,"1,059.00","52,950.00"
2021-01-17,2021011703022244,MERO,17,19,190,"1,059.00","201,210.00"
2021-01-17,2021011703022193,MERO,34,34,66,"1,060.00","69,960.00"
2021-01-17,2021011703022311,MFIL,29,52,100,387.00,"38,700.00"
2021-01-17,2021011703022099,MFIL,33,52,310,387.00,"119,970.00"
2021-01-17,2021011703022098,MFIL,33,55,90,387.00,"34,830.00"
2021-01-17,2021011703022331,MLBBL,59,6,10,"1,443.00","14,430.00"
2021-01-17,2021011703022066,MLBBL,59,20,10,"1,443.00","14,430.00"
2021-01-17,2021011703022065,MLBBL,59,58,20,"1,443.00","28,860.00"
2021-01-17,2021011703022064,MLBBL,59,55,15,"1,441.00","21,615.00"
2021-01-17,2021011703022063,MLBBL,59,49,20,"1,441.00","28,820.00"
2021-01-17,2021011703022062,MLBBL,59,46,20,"1,441.00","28,820.00"
2021-01-17,2021011703022049,MLBBL,59,58,21,"1,417.00","29,757.00"
2021-01-17,2021011703022048,MLBBL,59,38,50,"1,410.00","70,500.00"
2021-01-17,2021011703022055,MLBBL,59,14,50,"1,428.00","71,400.00"
2021-01-17,2021011703022054,MLBBL,59,45,660,"1,428.00","942,480.00"
2021-01-17,2021011703022053,MLBBL,59,32,100,"1,425.00","142,500.00"
2021-01-17,2021011703022052,MLBBL,59,56,50,"1,421.00","71,050.00"
2021-01-17,2021011703022051,MLBBL,59,28,10,"1,418.00","14,180.00"
2021-01-17,2021011703022050,MLBBL,59,48,36,"1,417.00","51,012.00"
2021-01-17,2021011703022061,MLBBL,59,40,50,"1,440.00","72,000.00"
2021-01-17,2021011703022060,MLBBL,59,35,20,"1,438.00","28,760.00"
2021-01-17,2021011703022059,MLBBL,59,33,20,"1,437.00","28,740.00"
2021-01-17,2021011703022058,MLBBL,59,57,500,"1,428.00","714,000.00"
2021-01-17,2021011703022057,MLBBL,59,38,200,"1,428.00","285,600.00"
2021-01-17,2021011703022056,MLBBL,59,47,50,"1,428.00","71,400.00"
2021-01-17,2021011703022008,MLBL,17,38,116,278.00,"32,248.00"
2021-01-17,2021011703021948,MLBL,17,56,58,278.00,"16,124.00"
2021-01-17,2021011703021877,MLBL,38,44,431,277.00,"119,387.00"
2021-01-17,2021011703021870,MLBL,33,44,160,278.00,"44,480.00"
2021-01-17,2021011703021869,MLBL,26,44,500,278.00,"139,000.00"
2021-01-17,2021011703021868,MLBL,59,44,100,278.00,"27,800.00"
2021-01-17,2021011703021867,MLBL,42,44,100,278.00,"27,800.00"
2021-01-17,2021011703021866,MLBL,20,44,500,278.00,"139,000.00"
2021-01-17,2021011703021839,MLBL,20,14,200,280.00,"56,000.00"
2021-01-17,2021011703021876,MLBL,42,44,500,277.00,"138,500.00"
2021-01-17,2021011703021875,MLBL,45,44,"1,000",277.00,"277,000.00"
2021-01-17,2021011703021874,MLBL,16,44,"2,000",277.00,"554,000.00"
2021-01-17,2021011703021873,MLBL,54,44,"1,609",277.00,"445,693.00"
2021-01-17,2021011703021872,MLBL,13,44,"2,000",278.00,"556,000.00"
2021-01-17,2021011703021871,MLBL,59,44,100,278.00,"27,800.00"
2021-01-17,2021011703022264,MNBBL,22,53,751,381.00,"286,131.00"
2021-01-17,2021011703022263,MNBBL,6,53,"1,000",381.00,"381,000.00"
2021-01-17,2021011703022262,MNBBL,16,53,51,382.00,"19,482.00"
2021-01-17,2021011703022261,MNBBL,14,53,20,382.00,"7,640.00"
2021-01-17,2021011703022260,MNBBL,25,53,31,382.00,"11,842.00"
2021-01-17,2021011703021863,MNBBL,6,25,10,384.00,"3,840.00"
2021-01-17,2021011703021994,MNBBL,6,47,25,383.00,"9,575.00"
2021-01-17,2021011703021993,MNBBL,56,25,100,384.00,"38,400.00"
2021-01-17,2021011703021990,MNBBL,35,25,60,384.00,"23,040.00"
2021-01-17,2021011703022105,MNBBL,6,25,50,384.00,"19,200.00"
2021-01-17,2021011703022102,MNBBL,8,52,50,383.00,"19,150.00"
2021-01-17,2021011703022200,NEF,13,17,"4,448",10.67,"47,460.16"
2021-01-17,2021011703021900,NIBSF1,7,26,100,11.94,"1,194.00"
2021-01-17,2021011703022313,NLBBL,46,58,100,"1,264.00","126,400.00"
2021-01-17,2021011703022307,NLIC,54,37,22,"2,462.00","54,164.00"
2021-01-17,2021011703022269,NLIC,54,39,200,"2,462.00","492,400.00"
2021-01-17,2021011703022242,NLIC,54,10,41,"2,462.00","100,942.00"
2021-01-17,2021011703022208,NLIC,39,58,20,"2,463.00","49,260.00"
2021-01-17,2021011703022207,NLIC,39,8,20,"2,463.00","49,260.00"
2021-01-17,2021011703022183,NLIC,54,57,25,"2,462.00","61,550.00"
2021-01-17,2021011703021961,NLIC,37,37,4,"2,460.00","9,840.00"
2021-01-17,2021011703021960,NLIC,35,37,18,"2,460.00","44,280.00"
2021-01-17,2021011703021959,NLIC,37,49,96,"2,460.00","236,160.00"
2021-01-17,2021011703021958,NLIC,13,49,15,"2,460.00","36,900.00"
2021-01-17,2021011703021957,NLIC,16,49,275,"2,460.00","676,500.00"
2021-01-17,2021011703021956,NLIC,17,49,14,"2,461.00","34,454.00"
2021-01-17,2021011703022182,NLIC,50,8,30,"2,463.00","73,890.00"
2021-01-17,2021011703022165,NLIC,54,37,22,"2,462.00","54,164.00"
2021-01-17,2021011703022124,NLIC,54,51,200,"2,462.00","492,400.00"
2021-01-17,2021011703022094,NLIC,8,55,50,"2,460.00","123,000.00"
2021-01-17,2021011703021992,NLIC,8,46,20,"2,460.00","49,200.00"
2021-01-17,2021011703021991,NLIC,58,46,30,"2,460.00","73,800.00"
2021-01-17,2021011703022305,NLICL,50,52,30,"1,076.00","32,280.00"
2021-01-17,2021011703022304,NLICL,50,34,110,"1,076.00","118,360.00"
2021-01-17,2021011703022258,NLICL,26,34,100,"1,076.00","107,600.00"
2021-01-17,2021011703022079,NMBMF,16,52,25,"1,179.00","29,475.00"
2021-01-17,2021011703021927,NMBMF,16,40,11,"1,179.00","12,969.00"
2021-01-17,2021011703022233,NMFBS,53,16,100,"2,449.00","244,900.00"
2021-01-17,2021011703022095,NMFBS,46,16,10,"2,449.00","24,490.00"
2021-01-17,2021011703022275,NRIC,46,3,100,"1,538.00","153,800.00"
2021-01-17,2021011703022274,NRIC,1,3,100,"1,538.00","153,800.00"
2021-01-17,2021011703022273,NRIC,34,3,70,"1,538.00","107,660.00"
2021-01-17,2021011703022238,NRIC,34,25,30,"1,538.00","46,140.00"
2021-01-17,2021011703022237,NRIC,57,25,20,"1,538.00","30,760.00"
2021-01-17,2021011703022236,NRIC,26,25,50,"1,538.00","76,900.00"
2021-01-17,2021011703021984,NRIC,38,49,48,"1,539.00","73,872.00"
2021-01-17,2021011703021963,NRIC,38,58,40,"1,539.00","61,560.00"
2021-01-17,2021011703021940,NRIC,53,45,12,"1,540.00","18,480.00"
2021-01-17,2021011703021843,NRIC,18,45,31,"1,540.00","47,740.00"
2021-01-17,2021011703021842,NRIC,57,45,300,"1,540.00","462,000.00"
2021-01-17,2021011703021998,NRIC,29,45,61,"1,540.00","93,940.00"
2021-01-17,2021011703021997,NRIC,29,45,139,"1,540.00","214,060.00"
2021-01-17,2021011703021988,NRIC,22,49,42,"1,538.00","64,596.00"
2021-01-17,2021011703021987,NRIC,6,49,10,"1,538.00","15,380.00"
2021-01-17,2021011703021986,NRIC,59,49,100,"1,539.00","153,900.00"
2021-01-17,2021011703021985,NRIC,21,49,300,"1,539.00","461,700.00"
2021-01-17,2021011703022209,NRIC,53,55,18,"1,538.00","27,684.00"
2021-01-17,2021011703022190,NRIC,53,26,32,"1,538.00","49,216.00"
2021-01-17,2021011703022189,NRIC,22,26,58,"1,538.00","89,204.00"
2021-01-17,2021011703022107,NRIC,22,54,100,"1,538.00","153,800.00"
2021-01-17,2021011703022069,NRIC,57,45,40,"1,540.00","61,600.00"
2021-01-17,2021011703022047,NRIC,36,45,50,"1,540.00","77,000.00"
2021-01-17,2021011703022248,NRN,34,53,10,369.00,"3,690.00"
2021-01-17,2021011703022199,NRN,45,29,10,368.00,"3,680.00"
2021-01-17,2021011703022197,NRN,45,58,10,368.00,"3,680.00"
2021-01-17,2021011703022082,NRN,45,14,300,368.00,"110,400.00"
2021-01-17,2021011703022012,NRN,45,29,10,368.00,"3,680.00"
2021-01-17,2021011703021955,NRN,45,6,10,368.00,"3,680.00"
2021-01-17,2021011703021841,NRN,45,29,10,368.00,"3,680.00"
2021-01-17,2021011703022232,NTC,52,34,110,"1,359.00","149,490.00"
2021-01-17,2021011703022212,NTC,44,54,75,"1,358.00","101,850.00"
2021-01-17,2021011703022211,NTC,45,54,20,"1,358.00","27,160.00"
2021-01-17,2021011703022210,NTC,38,54,100,"1,358.00","135,800.00"
2021-01-17,2021011703022191,NTC,6,34,200,"1,359.00","271,800.00"
2021-01-17,2021011703022149,NTC,33,34,100,"1,359.00","135,900.00"
2021-01-17,2021011703021929,NTC,13,35,485,"1,360.00","659,600.00"
2021-01-17,2021011703021881,NTC,13,58,100,"1,360.00","136,000.00"
2021-01-17,2021011703021854,NTC,6,58,13,"1,364.00","17,732.00"
2021-01-17,2021011703021853,NTC,6,58,512,"1,363.00","697,856.00"
2021-01-17,2021011703021852,NTC,6,1,50,"1,361.00","68,050.00"
2021-01-17,2021011703021851,NTC,6,49,425,"1,361.00","578,425.00"
2021-01-17,2021011703021975,NTC,1,34,100,"1,359.00","135,900.00"
2021-01-17,2021011703021953,NTC,43,34,25,"1,359.00","33,975.00"
2021-01-17,2021011703021951,NTC,6,35,700,"1,360.00","952,000.00"
2021-01-17,2021011703021950,NTC,58,35,50,"1,360.00","68,000.00"
2021-01-17,2021011703021949,NTC,51,35,100,"1,360.00","136,000.00"
2021-01-17,2021011703021930,NTC,10,35,100,"1,360.00","136,000.00"
2021-01-17,2021011703022081,NTC,42,34,50,"1,359.00","67,950.00"
2021-01-17,2021011703022078,NTC,58,34,100,"1,359.00","135,900.00"
2021-01-17,2021011703022041,NTC,45,34,100,"1,359.00","135,900.00"
2021-01-17,2021011703022032,NTC,38,34,20,"1,359.00","27,180.00"
2021-01-17,2021011703022024,NTC,5,34,50,"1,359.00","67,950.00"
2021-01-17,2021011703022002,NTC,38,34,250,"1,358.00","339,500.00"
2021-01-17,2021011703022272,NUBL,56,58,41,"1,405.00","57,605.00"
2021-01-17,2021011703022249,NUBL,35,3,480,"1,404.00","673,920.00"
2021-01-17,2021011703022035,NUBL,35,17,50,"1,404.00","70,200.00"
2021-01-17,2021011703021995,NUBL,35,40,50,"1,404.00","70,200.00"
2021-01-17,2021011703021978,NUBL,35,32,10,"1,404.00","14,040.00"
2021-01-17,2021011703021977,NUBL,35,53,50,"1,404.00","70,200.00"
2021-01-17,2021011703021976,NUBL,35,14,200,"1,404.00","280,800.00"
2021-01-17,2021011703021903,NUBL,56,6,10,"1,401.00","14,010.00"
2021-01-17,2021011703021895,NUBL,56,49,29,"1,401.00","40,629.00"
2021-01-17,2021011703022034,OHL,4,45,74,480.00,"35,520.00"
2021-01-17,2021011703021939,OHL,4,49,76,480.00,"36,480.00"
2021-01-17,2021011703022188,PFL,17,53,150,216.00,"32,400.00"
2021-01-17,2021011703022141,PFL,35,58,10,217.00,"2,170.00"
2021-01-17,2021011703022140,PFL,35,58,22,217.00,"4,774.00"
2021-01-17,2021011703022139,PFL,35,28,42,217.00,"9,114.00"
2021-01-17,2021011703022138,PFL,35,33,42,217.00,"9,114.00"
2021-01-17,2021011703022137,PFL,35,36,51,217.00,"11,067.00"
2021-01-17,2021011703022130,PFL,35,32,150,217.00,"32,550.00"
2021-01-17,2021011703022129,PFL,35,14,250,217.00,"54,250.00"
2021-01-17,2021011703022128,PFL,35,1,200,217.00,"43,400.00"
2021-01-17,2021011703022127,PFL,35,42,126,217.00,"27,342.00"
2021-01-17,2021011703022126,PFL,35,13,772,216.00,"166,752.00"
2021-01-17,2021011703022027,PFL,40,53,105,216.00,"22,680.00"
2021-01-17,2021011703022136,PFL,35,13,50,217.00,"10,850.00"
2021-01-17,2021011703022135,PFL,35,16,30,217.00,"6,510.00"
2021-01-17,2021011703022134,PFL,35,47,502,217.00,"108,934.00"
2021-01-17,2021011703022133,PFL,35,42,250,217.00,"54,250.00"
2021-01-17,2021011703022132,PFL,35,34,"1,000",217.00,"217,000.00"
2021-01-17,2021011703022131,PFL,35,34,500,217.00,"108,500.00"
2021-01-17,2021011703022271,PLIC,54,13,39,807.00,"31,473.00"
2021-01-17,2021011703022175,PLIC,54,45,11,807.00,"8,877.00"
2021-01-17,2021011703022174,PLIC,38,45,75,807.00,"60,525.00"
2021-01-17,2021011703022100,PLIC,38,45,50,807.00,"40,350.00"
2021-01-17,2021011703022025,PLIC,16,45,170,807.00,"137,190.00"
2021-01-17,2021011703022015,PLIC,14,45,500,807.00,"403,500.00"
2021-01-17,2021011703021905,PLIC,47,7,58,808.00,"46,864.00"
2021-01-17,2021011703021864,PLIC,26,49,60,807.00,"48,420.00"
2021-01-17,2021011703021862,PLIC,59,37,196,806.00,"157,976.00"
2021-01-17,2021011703021861,PLIC,34,37,500,806.00,"403,000.00"
2021-01-17,2021011703021860,PLIC,43,37,100,807.00,"80,700.00"
2021-01-17,2021011703022014,PLIC,26,45,140,807.00,"112,980.00"
2021-01-17,2021011703022013,PLIC,47,45,54,808.00,"43,632.00"
2021-01-17,2021011703021966,PLIC,47,29,100,808.00,"80,800.00"
2021-01-17,2021011703021908,PLIC,47,34,88,808.00,"71,104.00"
2021-01-17,2021011703021907,PLIC,47,22,200,808.00,"161,600.00"
2021-01-17,2021011703021906,PLIC,47,39,500,808.00,"404,000.00"
2021-01-17,2021011703022336,PROFL,6,26,155,137.00,"21,235.00"
2021-01-17,2021011703022169,PROFL,50,45,500,138.00,"69,000.00"
2021-01-17,2021011703022312,RLFL,57,50,400,192.00,"76,800.00"
2021-01-17,2021011703022231,RLFL,39,50,68,192.00,"13,056.00"
2021-01-17,2021011703022265,RLI,54,46,10,635.00,"6,350.00"
2021-01-17,2021011703022243,RLI,33,35,45,635.00,"28,575.00"
2021-01-17,2021011703022241,RLI,29,29,10,634.00,"6,340.00"
2021-01-17,2021011703022192,RLI,29,59,100,634.00,"63,400.00"
2021-01-17,2021011703022180,RLI,29,38,75,634.00,"47,550.00"
2021-01-17,2021011703022179,RLI,49,38,10,634.00,"6,340.00"
2021-01-17,2021011703022036,RLI,37,13,410,634.00,"259,940.00"
2021-01-17,2021011703021893,RLI,37,29,10,634.00,"6,340.00"
2021-01-17,2021011703021858,RLI,37,58,760,634.00,"481,840.00"
2021-01-17,2021011703022178,RLI,38,38,25,634.00,"15,850.00"
2021-01-17,2021011703022177,RLI,37,38,800,634.00,"507,200.00"
2021-01-17,2021011703022176,RLI,37,38,90,634.00,"57,060.00"
2021-01-17,2021011703022157,RLI,37,29,10,634.00,"6,340.00"
2021-01-17,2021011703022076,RLI,37,34,300,634.00,"190,200.00"
2021-01-17,2021011703022070,RLI,37,29,10,634.00,"6,340.00"
2021-01-17,2021011703022306,RSDC,40,8,30,706.00,"21,180.00"
2021-01-17,2021011703022045,RSDC,45,37,290,705.00,"204,450.00"
2021-01-17,2021011703022044,RSDC,22,37,100,705.00,"70,500.00"
2021-01-17,2021011703022043,RSDC,1,37,100,705.00,"70,500.00"
2021-01-17,2021011703022042,RSDC,34,37,10,705.00,"7,050.00"
2021-01-17,2021011703021920,RSDC,57,44,17,707.00,"12,019.00"
2021-01-17,2021011703021919,RSDC,57,42,53,707.00,"37,471.00"
2021-01-17,2021011703021918,RSDC,57,48,30,707.00,"21,210.00"
2021-01-17,2021011703022250,SADBL,50,32,200,220.00,"44,000.00"
2021-01-17,2021011703022247,SADBL,19,32,50,220.00,"11,000.00"
2021-01-17,2021011703022246,SADBL,1,42,38,219.00,"8,322.00"
2021-01-17,2021011703022201,SADBL,1,40,100,219.00,"21,900.00"
2021-01-17,2021011703021973,SADBL,57,33,200,219.00,"43,800.00"
2021-01-17,2021011703021911,SADBL,40,32,50,220.00,"11,000.00"
2021-01-17,2021011703022161,SAPDBL,57,39,12,166.00,"1,992.00"
2021-01-17,2021011703022123,SAPDBL,44,22,108,167.00,"18,036.00"
2021-01-17,2021011703022122,SAPDBL,44,29,100,167.00,"16,700.00"
2021-01-17,2021011703022084,SDLBSL,36,44,50,"1,232.00","61,600.00"
2021-01-17,2021011703021902,SEF,47,17,"1,000",10.86,"10,860.00"
2021-01-17,2021011703021901,SEF,5,17,"4,000",10.87,"43,480.00"
2021-01-17,2021011703022308,SFCL,59,26,100,167.00,"16,700.00"
2021-01-17,2021011703022144,SFCL,36,56,486,169.00,"82,134.00"
2021-01-17,2021011703022143,SFCL,36,50,514,168.00,"86,352.00"
2021-01-17,2021011703022028,SFCL,29,56,50,169.00,"8,450.00"
2021-01-17,2021011703022023,SFCL,46,56,50,168.00,"8,400.00"
2021-01-17,2021011703022022,SFCL,54,56,500,168.00,"84,000.00"
2021-01-17,2021011703021879,SFCL,58,56,266,169.00,"44,954.00"
2021-01-17,2021011703021962,SFCL,49,56,"1,000",169.00,"169,000.00"
2021-01-17,2021011703021954,SFCL,45,56,220,169.00,"37,180.00"
2021-01-17,2021011703021952,SFCL,45,56,100,169.00,"16,900.00"
2021-01-17,2021011703021931,SFCL,38,58,500,168.00,"84,000.00"
2021-01-17,2021011703021925,SFCL,58,56,109,169.00,"18,421.00"
2021-01-17,2021011703021880,SFCL,58,38,125,169.00,"21,125.00"
2021-01-17,2021011703022021,SFCL,8,56,20,168.00,"3,360.00"
2021-01-17,2021011703022020,SFCL,41,56,100,168.00,"16,800.00"
2021-01-17,2021011703022019,SFCL,10,56,425,168.00,"71,400.00"
2021-01-17,2021011703022018,SFCL,49,56,"2,000",168.00,"336,000.00"
2021-01-17,2021011703022017,SFCL,49,56,600,168.00,"100,800.00"
2021-01-17,2021011703022016,SFCL,38,56,125,168.00,"21,000.00"
2021-01-17,2021011703022074,SFMF,49,59,"15,000",10.95,"164,250.00"
2021-01-17,2021011703022000,SFMF,49,59,"5,000",10.95,"54,750.00"
2021-01-17,2021011703021999,SFMF,49,59,"10,000",10.94,"109,400.00"
2021-01-17,2021011703021934,SFMF,49,59,"15,000",10.95,"164,250.00"
2021-01-17,2021011703021840,SFMF,49,59,"15,000",10.95,"164,250.00"
2021-01-17,2021011703022080,SHINE,6,32,200,277.00,"55,400.00"
2021-01-17,2021011703021921,SHINE,3,8,200,276.00,"55,200.00"
2021-01-17,2021011703021899,SHINE,52,32,63,277.00,"17,451.00"
2021-01-17,2021011703021898,SHINE,52,21,160,277.00,"44,320.00"
2021-01-17,2021011703021897,SHINE,52,45,577,277.00,"159,829.00"
2021-01-17,2021011703021896,SHINE,52,51,200,277.00,"55,400.00"
2021-01-17,2021011703022096,SHL,29,8,250,198.00,"49,500.00"
2021-01-17,2021011703021856,SHL,34,44,575,197.00,"113,275.00"
2021-01-17,2021011703022026,SINDU,16,28,100,169.00,"16,900.00"
2021-01-17,2021011703022330,SKBBL,26,57,20,"1,603.00","32,060.00"
2021-01-17,2021011703022329,SKBBL,26,50,30,"1,603.00","48,090.00"
2021-01-17,2021011703022164,SLBBL,43,44,200,"1,265.00","253,000.00"
2021-01-17,2021011703022163,SLBBL,26,44,100,"1,266.00","126,600.00"
2021-01-17,2021011703022162,SLBBL,57,44,100,"1,267.00","126,700.00"
2021-01-17,2021011703021926,SLBBL,45,13,190,"1,273.00","241,870.00"
2021-01-17,2021011703021915,SLBBL,45,47,10,"1,273.00","12,730.00"
2021-01-17,2021011703021914,SLBBL,43,47,90,"1,273.00","114,570.00"
2021-01-17,2021011703021913,SLBBL,43,41,290,"1,273.00","369,170.00"
2021-01-17,2021011703022083,SLBSL,47,49,13,"1,136.00","14,768.00"
2021-01-17,2021011703022235,SLICL,59,8,"1,000",762.00,"762,000.00"
2021-01-17,2021011703022234,SLICL,59,43,75,762.00,"57,150.00"
2021-01-17,2021011703021910,SLICL,13,43,100,762.00,"76,200.00"
2021-01-17,2021011703021909,SLICL,13,26,100,761.00,"76,100.00"
2021-01-17,2021011703021849,SLICL,36,38,300,760.00,"228,000.00"
2021-01-17,2021011703021848,SLICL,1,38,100,760.00,"76,000.00"
2021-01-17,2021011703021847,SLICL,54,38,50,760.00,"38,000.00"
2021-01-17,2021011703021846,SLICL,45,38,500,760.00,"380,000.00"
2021-01-17,2021011703021845,SLICL,22,38,85,760.00,"64,600.00"
2021-01-17,2021011703021844,SLICL,51,38,150,761.00,"114,150.00"
2021-01-17,2021011703022119,SMFBS,45,42,40,"1,606.00","64,240.00"
2021-01-17,2021011703022005,SMFBS,38,42,37,"1,608.00","59,496.00"
2021-01-17,2021011703021928,SMFBS,51,42,100,"1,620.00","162,000.00"
2021-01-17,2021011703022154,SMFDB,46,49,54,"1,057.00","57,078.00"
2021-01-17,2021011703022186,SNLB,37,56,50,"1,188.00","59,400.00"
2021-01-17,2021011703022153,SWBBL,38,32,32,"1,806.00","57,792.00"
2021-01-17,2021011703022152,SWBBL,38,14,108,"1,805.00","194,940.00"
2021-01-17,2021011703022151,SWBBL,38,5,100,"1,805.00","180,500.00"
2021-01-17,2021011703022150,SWBBL,38,22,10,"1,805.00","18,050.00"
2021-01-17,2021011703021917,SWBBL,32,51,53,"1,803.00","95,559.00"
2021-01-17,2021011703021916,SWBBL,32,49,47,"1,803.00","84,741.00"
2021-01-17,2021011703022031,TRH,6,6,10,303.00,"3,030.00"
2021-01-17,2021011703022030,TRH,25,6,90,303.00,"27,270.00"
2021-01-17,2021011703022029,TRH,33,6,100,304.00,"30,400.00"
2021-01-17,2021011703022106,UFL,28,19,50,331.00,"16,550.00"
2021-01-17,2021011703021564,ALBSL,33,32,89,"1,321.00","117,569.00"
2021-01-17,2021011703021608,ALICL,17,6,50,"1,081.00","54,050.00"
2021-01-17,2021011703021566,ALICL,52,6,80,"1,081.00","86,480.00"
2021-01-17,2021011703021488,ALICL,50,45,20,"1,082.00","21,640.00"
2021-01-17,2021011703021479,ALICL,35,45,10,"1,082.00","10,820.00"
2021-01-17,2021011703021400,ALICL,5,45,10,"1,082.00","10,820.00"
2021-01-17,2021011703021375,ALICL,52,17,20,"1,081.00","21,620.00"
2021-01-17,2021011703021810,BFC,34,42,17,152.00,"2,584.00"
2021-01-17,2021011703021764,BFC,49,45,533,153.00,"81,549.00"
2021-01-17,2021011703021763,BFC,49,48,467,153.00,"71,451.00"
2021-01-17,2021011703021591,BFC,32,48,33,153.00,"5,049.00"
2021-01-17,2021011703021590,BFC,32,52,67,153.00,"10,251.00"
2021-01-17,2021011703021486,BFC,32,52,100,153.00,"15,300.00"
2021-01-17,2021011703021510,CBBL,6,42,20,"1,355.00","27,100.00"
2021-01-17,2021011703021582,CFCL,16,43,100,206.00,"20,600.00"
2021-01-17,2021011703021471,CFCL,16,8,20,206.00,"4,120.00"
2021-01-17,2021011703021450,CFCL,33,1,500,207.00,"103,500.00"
2021-01-17,2021011703021836,CIT,17,17,15,"3,448.00","51,720.00"
2021-01-17,2021011703021629,CIT,42,20,20,"3,445.00","68,900.00"
2021-01-17,2021011703021432,CIT,28,3,75,"3,444.00","258,300.00"
2021-01-17,2021011703021809,DDBL,49,29,200,"1,573.00","314,600.00"
2021-01-17,2021011703021779,DDBL,53,16,200,"1,572.00","314,400.00"
2021-01-17,2021011703021778,DDBL,55,41,50,"1,574.00","78,700.00"
2021-01-17,2021011703021535,DDBL,33,58,60,"1,572.00","94,320.00"
2021-01-17,2021011703021473,DDBL,33,18,50,"1,572.00","78,600.00"
2021-01-17,2021011703021472,DDBL,33,29,390,"1,572.00","613,080.00"
2021-01-17,2021011703021431,DDBL,50,20,175,"1,570.00","274,750.00"
2021-01-17,2021011703021373,DDBL,6,29,60,"1,572.00","94,320.00"
2021-01-17,2021011703021768,EDBL,1,13,255,380.00,"96,900.00"
2021-01-17,2021011703021766,EDBL,38,13,150,380.00,"57,000.00"
2021-01-17,2021011703021765,EDBL,33,13,410,380.00,"155,800.00"
2021-01-17,2021011703021808,FMDBL,16,51,100,694.00,"69,400.00"
2021-01-17,2021011703021713,FMDBL,58,1,100,691.00,"69,100.00"
2021-01-17,2021011703021712,FMDBL,55,51,500,694.00,"347,000.00"
2021-01-17,2021011703021563,FMDBL,43,43,636,695.00,"442,020.00"
2021-01-17,2021011703021562,FMDBL,43,21,13,695.00,"9,035.00"
2021-01-17,2021011703021561,FMDBL,43,49,300,695.00,"208,500.00"
2021-01-17,2021011703021487,FMDBL,43,42,50,694.00,"34,700.00"
2021-01-17,2021011703021448,FMDBL,54,45,50,695.00,"34,750.00"
2021-01-17,2021011703021360,FMDBL,43,42,52,694.00,"36,088.00"
2021-01-17,2021011703021554,FMDBL,58,6,227,691.00,"156,857.00"
2021-01-17,2021011703021553,FMDBL,50,6,800,691.00,"552,800.00"
2021-01-17,2021011703021552,FMDBL,55,6,200,692.00,"138,400.00"
2021-01-17,2021011703021551,FMDBL,49,6,55,692.00,"38,060.00"
2021-01-17,2021011703021550,FMDBL,43,6,"1,398",694.00,"970,212.00"
2021-01-17,2021011703021508,FMDBL,54,45,50,695.00,"34,750.00"
2021-01-17,2021011703021560,FMDBL,43,34,100,695.00,"69,500.00"
2021-01-17,2021011703021559,FMDBL,43,39,100,695.00,"69,500.00"
2021-01-17,2021011703021558,FMDBL,43,34,51,695.00,"35,445.00"
2021-01-17,2021011703021557,FMDBL,43,36,100,695.00,"69,500.00"
2021-01-17,2021011703021556,FMDBL,43,50,100,695.00,"69,500.00"
2021-01-17,2021011703021555,FMDBL,43,28,100,695.00,"69,500.00"
2021-01-17,2021011703021789,FOWAD,16,54,90,"2,370.00","213,300.00"
2021-01-17,2021011703021774,FOWAD,39,18,18,"2,380.00","42,840.00"
2021-01-17,2021011703021773,FOWAD,39,39,233,"2,380.00","554,540.00"
2021-01-17,2021011703021772,FOWAD,39,29,24,"2,379.00","57,096.00"
2021-01-17,2021011703021771,FOWAD,39,54,25,"2,378.00","59,450.00"
2021-01-17,2021011703021708,FOWAD,16,22,10,"2,370.00","23,700.00"
2021-01-17,2021011703021825,GBBL,21,58,200,357.00,"71,400.00"
2021-01-17,2021011703021824,GBBL,22,58,100,357.00,"35,700.00"
2021-01-17,2021011703021823,GBBL,49,58,100,357.00,"35,700.00"
2021-01-17,2021011703021822,GBBL,7,58,20,357.00,"7,140.00"
2021-01-17,2021011703021821,GBBL,42,58,110,357.00,"39,270.00"
2021-01-17,2021011703021820,GBBL,48,58,500,357.00,"178,500.00"
2021-01-17,2021011703021480,GBBL,46,39,59,357.00,"21,063.00"
