Date,Transact. No.,Symbol,Buyer,Seller,Quantity,Rate,Amount
2019-01-15,2019011501004531,ADBL,45,50,100,350.00,"35,000.00"
2019-01-15,2019011501004528,ADBL,45,57,149,350.00,"52,150.00"
2019-01-15,2019011501004495,ADBL,45,54,300,350.00,"105,000.00"
2019-01-15,2019011501004285,ADBL,45,50,345,350.00,"120,750.00"
2019-01-15,2019011501004222,ADBL,45,14,200,350.00,"70,000.00"
2019-01-15,2019011501004171,ADBL,45,6,550,350.00,"192,500.00"
2019-01-15,2019011501004557,AKPL,39,41,10,194.00,"1,940.00"
2019-01-15,2019011501004355,AKPL,39,14,99,194.00,"19,206.00"
2019-01-15,2019011501004354,AKPL,39,39,13,194.00,"2,522.00"
2019-01-15,2019011501004424,ALICL,7,35,600,635.00,"381,000.00"
2019-01-15,2019011501004169,AMFI,6,59,10,740.00,"7,400.00"
2019-01-15,2019011501004625,API,39,39,100,157.00,"15,700.00"
2019-01-15,2019011501004624,API,39,40,400,157.00,"62,800.00"
2019-01-15,2019011501004623,API,39,45,"1,000",157.00,"157,000.00"
2019-01-15,2019011501004622,API,39,6,50,156.00,"7,800.00"
2019-01-15,2019011501004621,API,39,39,200,156.00,"31,200.00"
2019-01-15,2019011501004620,API,39,44,"2,000",156.00,"312,000.00"
2019-01-15,2019011501004613,API,39,6,39,155.00,"6,045.00"
2019-01-15,2019011501004619,API,39,43,700,156.00,"109,200.00"
2019-01-15,2019011501004618,API,39,28,"1,000",155.00,"155,000.00"
2019-01-15,2019011501004617,API,39,26,200,155.00,"31,000.00"
2019-01-15,2019011501004616,API,39,37,101,155.00,"15,655.00"
2019-01-15,2019011501004615,API,39,47,"1,000",155.00,"155,000.00"
2019-01-15,2019011501004614,API,39,57,210,155.00,"32,550.00"
2019-01-15,2019011501004546,BBC,48,48,10,"1,764.00","17,640.00"
2019-01-15,2019011501004534,BOKL,19,1,123,270.00,"33,210.00"
2019-01-15,2019011501004306,BOKL,45,5,100,270.00,"27,000.00"
2019-01-15,2019011501004305,BOKL,41,5,200,270.00,"54,000.00"
2019-01-15,2019011501004304,BOKL,14,5,500,270.00,"135,000.00"
2019-01-15,2019011501004303,BOKL,40,5,28,270.00,"7,560.00"
2019-01-15,2019011501004302,BOKL,58,5,150,270.00,"40,500.00"
2019-01-15,2019011501004290,BOKL,19,58,310,270.00,"83,700.00"
2019-01-15,2019011501004287,BOKL,19,16,150,270.00,"40,500.00"
2019-01-15,2019011501004286,BOKL,7,16,50,271.00,"13,550.00"
2019-01-15,2019011501004301,BOKL,51,5,200,270.00,"54,000.00"
2019-01-15,2019011501004300,BOKL,47,5,300,270.00,"81,000.00"
2019-01-15,2019011501004299,BOKL,32,5,500,270.00,"135,000.00"
2019-01-15,2019011501004298,BOKL,43,5,100,270.00,"27,000.00"
2019-01-15,2019011501004297,BOKL,28,5,910,270.00,"245,700.00"
2019-01-15,2019011501004291,BOKL,28,58,90,270.00,"24,300.00"
2019-01-15,2019011501004565,CBBL,58,54,20,885.00,"17,700.00"
2019-01-15,2019011501004555,CBBL,58,49,10,882.00,"8,820.00"
2019-01-15,2019011501004554,CBBL,58,1,50,881.00,"44,050.00"
2019-01-15,2019011501004411,CBBL,53,25,200,874.00,"174,800.00"
2019-01-15,2019011501004410,CBBL,53,49,10,874.00,"8,740.00"
2019-01-15,2019011501004409,CBBL,53,55,66,874.00,"57,684.00"
2019-01-15,2019011501004456,CBBL,53,59,500,875.00,"437,500.00"
2019-01-15,2019011501004412,CBBL,53,28,200,874.00,"174,800.00"
2019-01-15,2019011501004547,CBBL,58,49,50,876.00,"43,800.00"
2019-01-15,2019011501004500,CBBL,17,34,59,875.00,"51,625.00"
2019-01-15,2019011501004499,CBBL,17,55,50,875.00,"43,750.00"
2019-01-15,2019011501004498,CBBL,17,41,26,875.00,"22,750.00"
2019-01-15,2019011501004493,CBBL,53,41,24,875.00,"21,000.00"
2019-01-15,2019011501004553,CBBL,58,57,200,880.00,"176,000.00"
2019-01-15,2019011501004552,CBBL,58,41,50,880.00,"44,000.00"
2019-01-15,2019011501004551,CBBL,58,13,120,880.00,"105,600.00"
2019-01-15,2019011501004550,CBBL,58,57,100,880.00,"88,000.00"
2019-01-15,2019011501004549,CBBL,58,22,200,877.00,"175,400.00"
2019-01-15,2019011501004548,CBBL,58,16,100,877.00,"87,700.00"
2019-01-15,2019011501004419,CBL,17,55,168,164.00,"27,552.00"
2019-01-15,2019011501004200,CBL,44,41,375,164.00,"61,500.00"
2019-01-15,2019011501004199,CBL,44,19,300,164.00,"49,200.00"
2019-01-15,2019011501004198,CBL,44,38,500,164.00,"82,000.00"
2019-01-15,2019011501004197,CBL,44,45,300,164.00,"49,200.00"
2019-01-15,2019011501004196,CBL,44,33,"1,000",164.00,"164,000.00"
2019-01-15,2019011501004195,CBL,44,41,42,164.00,"6,888.00"
2019-01-15,2019011501004194,CBL,44,35,500,164.00,"82,000.00"
2019-01-15,2019011501004193,CBL,44,13,75,164.00,"12,300.00"
2019-01-15,2019011501004174,CBL,6,26,123,163.00,"20,049.00"
2019-01-15,2019011501004237,CCBL,16,58,161,172.00,"27,692.00"
2019-01-15,2019011501004236,CCBL,16,28,62,172.00,"10,664.00"
2019-01-15,2019011501004235,CCBL,16,47,240,172.00,"41,280.00"
2019-01-15,2019011501004234,CCBL,16,26,37,172.00,"6,364.00"
2019-01-15,2019011501004177,CEFL,4,14,50,127.00,"6,350.00"
2019-01-15,2019011501004176,CEFL,4,21,150,126.00,"18,900.00"
2019-01-15,2019011501004573,CHCL,17,38,400,545.00,"218,000.00"
2019-01-15,2019011501004378,CHCL,14,3,200,548.00,"109,600.00"
2019-01-15,2019011501004377,CHCL,14,34,200,548.00,"109,600.00"
2019-01-15,2019011501004376,CHCL,14,3,500,547.00,"273,500.00"
2019-01-15,2019011501004375,CHCL,14,3,200,547.00,"109,400.00"
2019-01-15,2019011501004374,CHCL,14,21,110,547.00,"60,170.00"
2019-01-15,2019011501004266,CHCL,45,3,300,545.00,"163,500.00"
2019-01-15,2019011501004265,CHCL,44,3,300,545.00,"163,500.00"
2019-01-15,2019011501004562,CIT,45,42,50,"2,874.00","143,700.00"
2019-01-15,2019011501004561,CIT,45,42,30,"2,874.00","86,220.00"
2019-01-15,2019011501004560,CIT,6,42,10,"2,874.00","28,740.00"
2019-01-15,2019011501004496,CIT,6,58,190,"2,874.00","546,060.00"
2019-01-15,2019011501004476,CIT,17,58,10,"2,874.00","28,740.00"
2019-01-15,2019011501004460,CIT,21,57,50,"2,874.00","143,700.00"
2019-01-15,2019011501004155,CIT,28,44,100,"2,874.00","287,400.00"
2019-01-15,2019011501004154,CIT,45,44,100,"2,874.00","287,400.00"
2019-01-15,2019011501004153,CIT,16,44,100,"2,874.00","287,400.00"
2019-01-15,2019011501004152,CIT,58,44,327,"2,874.00","939,798.00"
2019-01-15,2019011501004161,CIT,45,44,100,"2,874.00","287,400.00"
2019-01-15,2019011501004160,CIT,45,44,500,"2,874.00","1,437,000.00"
2019-01-15,2019011501004159,CIT,28,44,100,"2,874.00","287,400.00"
2019-01-15,2019011501004158,CIT,28,44,100,"2,874.00","287,400.00"
2019-01-15,2019011501004157,CIT,13,44,300,"2,874.00","862,200.00"
2019-01-15,2019011501004156,CIT,38,44,50,"2,874.00","143,700.00"
2019-01-15,2019011501004167,CIT,52,44,103,"2,874.00","296,022.00"
2019-01-15,2019011501004166,CIT,25,44,10,"2,874.00","28,740.00"
2019-01-15,2019011501004165,CIT,42,44,40,"2,874.00","114,960.00"
2019-01-15,2019011501004164,CIT,22,44,20,"2,874.00","57,480.00"
2019-01-15,2019011501004163,CIT,58,44,"2,000","2,874.00","5,748,000.00"
2019-01-15,2019011501004162,CIT,40,44,50,"2,874.00","143,700.00"
2019-01-15,2019011501004229,CIT,41,58,60,"2,870.00","172,200.00"
2019-01-15,2019011501004228,CIT,34,58,100,"2,870.00","287,000.00"
2019-01-15,2019011501004227,CIT,39,58,50,"2,870.00","143,500.00"
2019-01-15,2019011501004224,CIT,59,42,30,"2,874.00","86,220.00"
2019-01-15,2019011501004223,CIT,59,5,20,"2,874.00","57,480.00"
2019-01-15,2019011501004212,CIT,52,5,197,"2,874.00","566,178.00"
2019-01-15,2019011501004360,CIT,25,58,84,"2,874.00","241,416.00"
2019-01-15,2019011501004359,CIT,25,45,16,"2,871.00","45,936.00"
2019-01-15,2019011501004292,CIT,14,5,10,"2,870.00","28,700.00"
2019-01-15,2019011501004284,CIT,42,5,20,"2,870.00","57,400.00"
2019-01-15,2019011501004260,CIT,13,58,10,"2,874.00","28,740.00"
2019-01-15,2019011501004248,CIT,57,42,20,"2,874.00","57,480.00"
2019-01-15,2019011501004421,CIT,53,42,100,"2,874.00","287,400.00"
2019-01-15,2019011501004385,CIT,53,58,100,"2,874.00","287,400.00"
2019-01-15,2019011501004370,CIT,13,4,30,"2,866.00","85,980.00"
2019-01-15,2019011501004369,CIT,56,4,55,"2,867.00","157,685.00"
2019-01-15,2019011501004368,CIT,42,4,10,"2,870.00","28,700.00"
2019-01-15,2019011501004367,CIT,50,4,10,"2,870.00","28,700.00"
2019-01-15,2019011501004606,CLBSL,45,54,10,689.00,"6,890.00"
2019-01-15,2019011501004336,CZBIL,29,57,200,218.00,"43,600.00"
2019-01-15,2019011501004278,DDBL,28,37,46,590.00,"27,140.00"
2019-01-15,2019011501004533,EBL,50,32,500,534.00,"267,000.00"
2019-01-15,2019011501004532,EBL,6,32,"1,000",534.00,"534,000.00"
2019-01-15,2019011501004337,EBL,48,25,40,537.00,"21,480.00"
2019-01-15,2019011501004178,EDBL,34,6,261,270.00,"70,470.00"
2019-01-15,2019011501004448,FMDBL,36,34,150,393.00,"58,950.00"
2019-01-15,2019011501004408,FMDBL,45,39,51,392.00,"19,992.00"
2019-01-15,2019011501004351,FMDBL,37,34,100,393.00,"39,300.00"
2019-01-15,2019011501004296,FMDBL,6,28,100,394.00,"39,400.00"
2019-01-15,2019011501004279,FMDBL,37,48,100,393.00,"39,300.00"
2019-01-15,2019011501004242,FMDBL,37,57,100,393.00,"39,300.00"
2019-01-15,2019011501004226,FMDBL,45,14,449,392.00,"176,008.00"
2019-01-15,2019011501004501,FOWAD,54,14,50,"1,578.00","78,900.00"
2019-01-15,2019011501004473,FOWAD,25,6,10,"1,579.00","15,790.00"
2019-01-15,2019011501004347,FOWAD,25,59,50,"1,569.00","78,450.00"
2019-01-15,2019011501004192,FOWAD,25,17,45,"1,550.00","69,750.00"
2019-01-15,2019011501004191,FOWAD,25,21,15,"1,550.00","23,250.00"
2019-01-15,2019011501004190,FOWAD,25,39,50,"1,550.00","77,500.00"
2019-01-15,2019011501004321,GBBL,39,13,300,190.00,"57,000.00"
2019-01-15,2019011501004320,GBBL,39,28,137,190.00,"26,030.00"
2019-01-15,2019011501004319,GBBL,39,1,299,190.00,"56,810.00"
2019-01-15,2019011501004318,GBBL,39,16,10,190.00,"1,900.00"
2019-01-15,2019011501004232,GBBL,39,51,500,189.00,"94,500.00"
2019-01-15,2019011501004231,GBBL,39,13,100,188.00,"18,800.00"
2019-01-15,2019011501004315,GBIME,41,16,53,269.00,"14,257.00"
2019-01-15,2019011501004314,GBIME,42,16,47,270.00,"12,690.00"
2019-01-15,2019011501004288,GBIME,42,55,71,270.00,"19,170.00"
2019-01-15,2019011501004322,GBLBS,58,33,65,467.00,"30,355.00"
2019-01-15,2019011501004277,GBLBS,58,33,110,467.00,"51,370.00"
2019-01-15,2019011501004276,GBLBS,1,33,90,467.00,"42,030.00"
2019-01-15,2019011501004605,GDBL,6,1,45,188.00,"8,460.00"
2019-01-15,2019011501004604,GDBL,6,1,650,188.00,"122,200.00"
2019-01-15,2019011501004466,GDBL,32,1,200,189.00,"37,800.00"
2019-01-15,2019011501004230,GDBL,13,1,200,190.00,"38,000.00"
2019-01-15,2019011501004403,GDBL,45,1,"2,000",189.00,"378,000.00"
2019-01-15,2019011501004379,GDBL,32,1,200,190.00,"38,000.00"
2019-01-15,2019011501004325,GDBL,6,58,"1,350",188.00,"253,800.00"
2019-01-15,2019011501004324,GDBL,47,58,500,188.00,"94,000.00"
2019-01-15,2019011501004323,GDBL,17,58,150,188.00,"28,200.00"
2019-01-15,2019011501004405,GILB,34,43,10,"1,240.00","12,400.00"
2019-01-15,2019011501004404,GILB,34,45,10,"1,220.00","12,200.00"
2019-01-15,2019011501004428,GLICL,58,48,10,749.00,"7,490.00"
2019-01-15,2019011501004427,GLICL,58,28,47,748.00,"35,156.00"
2019-01-15,2019011501004426,GLICL,58,1,50,744.00,"37,200.00"
2019-01-15,2019011501004348,GLICL,52,58,200,740.00,"148,000.00"
2019-01-15,2019011501004345,GLICL,49,58,300,728.00,"218,400.00"
2019-01-15,2019011501004344,GLICL,29,58,200,730.00,"146,000.00"
2019-01-15,2019011501004343,GLICL,50,58,200,730.00,"146,000.00"
2019-01-15,2019011501004327,GLICL,48,58,100,740.00,"74,000.00"
2019-01-15,2019011501004246,GLICL,39,58,200,740.00,"148,000.00"
2019-01-15,2019011501004245,GLICL,39,52,200,739.00,"147,800.00"
2019-01-15,2019011501004180,GRDBL,36,45,450,110.00,"49,500.00"
2019-01-15,2019011501004179,GRDBL,36,22,50,109.00,"5,450.00"
2019-01-15,2019011501004633,HBL,32,34,100,460.00,"46,000.00"
2019-01-15,2019011501004340,HDL,13,13,50,"1,362.00","68,100.00"
2019-01-15,2019011501004609,HIDCL,46,44,500,151.00,"75,500.00"
2019-01-15,2019011501004608,HIDCL,55,44,55,151.00,"8,305.00"
2019-01-15,2019011501004491,HIDCL,44,44,"17,336",149.00,"2,583,064.00"
2019-01-15,2019011501004490,HIDCL,14,44,450,149.00,"67,050.00"
2019-01-15,2019011501004489,HIDCL,16,44,171,149.00,"25,479.00"
2019-01-15,2019011501004488,HIDCL,39,44,500,149.00,"74,500.00"
2019-01-15,2019011501004480,HIDCL,22,55,56,150.00,"8,400.00"
2019-01-15,2019011501004397,HIDCL,46,44,875,151.00,"132,125.00"
2019-01-15,2019011501004349,HIDCL,10,44,125,151.00,"18,875.00"
2019-01-15,2019011501004328,HIDCL,22,16,200,150.00,"30,000.00"
2019-01-15,2019011501004233,HIDCL,19,44,500,152.00,"76,000.00"
2019-01-15,2019011501004487,HIDCL,16,44,15,149.00,"2,235.00"
2019-01-15,2019011501004486,HIDCL,50,44,"1,000",150.00,"150,000.00"
2019-01-15,2019011501004485,HIDCL,47,44,200,150.00,"30,000.00"
2019-01-15,2019011501004484,HIDCL,5,44,100,150.00,"15,000.00"
2019-01-15,2019011501004483,HIDCL,38,44,150,150.00,"22,500.00"
2019-01-15,2019011501004482,HIDCL,22,44,78,150.00,"11,700.00"
2019-01-15,2019011501004361,HPPL,1,10,30,199.00,"5,970.00"
2019-01-15,2019011501004255,HPPL,1,41,20,196.00,"3,920.00"
2019-01-15,2019011501004211,HPPL,1,17,10,193.00,"1,930.00"
2019-01-15,2019011501004210,HPPL,1,14,130,192.00,"24,960.00"
2019-01-15,2019011501004209,HPPL,1,50,150,192.00,"28,800.00"
2019-01-15,2019011501004188,HPPL,1,17,10,191.00,"1,910.00"
2019-01-15,2019011501004187,HPPL,1,17,10,191.00,"1,910.00"
2019-01-15,2019011501004186,HPPL,1,54,10,190.00,"1,900.00"
2019-01-15,2019011501004185,HPPL,1,54,10,190.00,"1,900.00"
2019-01-15,2019011501004184,HPPL,1,54,10,190.00,"1,900.00"
2019-01-15,2019011501004138,ICFC,6,41,524,156.00,"81,744.00"
2019-01-15,2019011501004559,IGI,58,8,100,479.00,"47,900.00"
2019-01-15,2019011501004395,IGI,42,17,10,470.00,"4,700.00"
2019-01-15,2019011501004388,IGI,58,28,100,475.00,"47,500.00"
2019-01-15,2019011501004627,JBNL,55,22,56,172.00,"9,632.00"
2019-01-15,2019011501004538,JBNL,7,55,56,171.00,"9,576.00"
2019-01-15,2019011501004607,KBL,16,32,100,255.00,"25,500.00"
2019-01-15,2019011501004542,KBL,16,36,800,255.00,"204,000.00"
2019-01-15,2019011501004541,KBL,16,44,191,255.00,"48,705.00"
2019-01-15,2019011501004339,KBL,38,44,200,255.00,"51,000.00"
2019-01-15,2019011501004313,KBL,16,26,60,254.00,"15,240.00"
2019-01-15,2019011501004256,KBL,59,13,63,253.00,"15,939.00"
2019-01-15,2019011501004249,KBL,59,10,225,253.00,"56,925.00"
2019-01-15,2019011501004335,KEBL,55,54,200,195.00,"39,000.00"
2019-01-15,2019011501004243,KEBL,22,28,80,195.00,"15,600.00"
2019-01-15,2019011501004346,KMCDB,6,40,200,942.00,"188,400.00"
2019-01-15,2019011501004317,KPCL,22,40,10,102.00,"1,020.00"
2019-01-15,2019011501004312,KSBBL,57,55,500,140.00,"70,000.00"
2019-01-15,2019011501004311,KSBBL,57,48,21,140.00,"2,940.00"
2019-01-15,2019011501004530,LBL,47,44,50,218.00,"10,900.00"
2019-01-15,2019011501004358,LBL,25,58,159,216.00,"34,344.00"
2019-01-15,2019011501004357,LBL,49,58,50,216.00,"10,800.00"
2019-01-15,2019011501004356,LBL,48,58,500,216.00,"108,000.00"
2019-01-15,2019011501004338,LBL,49,49,"1,000",216.00,"216,000.00"
2019-01-15,2019011501004272,LBL,59,44,50,217.00,"10,850.00"
2019-01-15,2019011501004271,LBL,13,44,50,217.00,"10,850.00"
2019-01-15,2019011501004270,LBL,26,44,"1,000",217.00,"217,000.00"
2019-01-15,2019011501004269,LBL,47,44,101,217.00,"21,917.00"
2019-01-15,2019011501004268,LBL,16,44,200,217.00,"43,400.00"
2019-01-15,2019011501004182,LBL,11,44,50,218.00,"10,900.00"
2019-01-15,2019011501004601,LGIL,43,53,10,565.00,"5,650.00"
2019-01-15,2019011501004596,LGIL,34,28,350,560.00,"196,000.00"
2019-01-15,2019011501004529,LGIL,7,35,260,562.00,"146,120.00"
2019-01-15,2019011501004479,LGIL,34,22,100,560.00,"56,000.00"
2019-01-15,2019011501004478,LGIL,34,10,500,560.00,"280,000.00"
2019-01-15,2019011501004477,LGIL,34,51,50,560.00,"28,000.00"
2019-01-15,2019011501004189,LGIL,34,38,53,556.00,"29,468.00"
2019-01-15,2019011501004464,LGIL,49,48,130,558.00,"72,540.00"
2019-01-15,2019011501004440,LGIL,49,17,20,558.00,"11,160.00"
2019-01-15,2019011501004420,LGIL,58,42,100,559.00,"55,900.00"
2019-01-15,2019011501004334,LGIL,34,25,150,556.00,"83,400.00"
2019-01-15,2019011501004333,LGIL,58,25,100,557.00,"55,700.00"
2019-01-15,2019011501004326,LGIL,58,22,100,558.00,"55,800.00"
2019-01-15,2019011501004588,LICN,39,49,30,"1,752.00","52,560.00"
2019-01-15,2019011501004475,LICN,5,22,50,"1,755.00","87,750.00"
2019-01-15,2019011501004474,LICN,52,22,50,"1,755.00","87,750.00"
2019-01-15,2019011501004396,LICN,52,34,20,"1,774.00","35,480.00"
2019-01-15,2019011501004585,MEGA,43,53,10,173.00,"1,730.00"
2019-01-15,2019011501004584,MEGA,43,17,119,172.00,"20,468.00"
2019-01-15,2019011501004447,MEGA,42,1,153,171.00,"26,163.00"
2019-01-15,2019011501004446,MEGA,56,1,400,171.00,"68,400.00"
2019-01-15,2019011501004168,MEGA,48,36,280,172.00,"48,160.00"
2019-01-15,2019011501004252,MERO,58,16,10,"1,140.00","11,400.00"
2019-01-15,2019011501004251,MERO,58,13,10,"1,139.00","11,390.00"
2019-01-15,2019011501004141,MERO,25,49,10,"1,122.00","11,220.00"
2019-01-15,2019011501004140,MERO,25,14,14,"1,122.00","15,708.00"
2019-01-15,2019011501004254,MLBBL,28,52,20,663.00,"13,260.00"
2019-01-15,2019011501004558,MLBL,41,35,280,175.00,"49,000.00"
2019-01-15,2019011501004264,MMFDB,45,59,50,"1,020.00","51,000.00"
2019-01-15,2019011501004527,MNBBL,28,16,20,355.00,"7,100.00"
2019-01-15,2019011501004526,MNBBL,28,37,50,354.00,"17,700.00"
2019-01-15,2019011501004515,MNBBL,16,14,201,350.00,"70,350.00"
2019-01-15,2019011501004514,MNBBL,28,14,99,350.00,"34,650.00"
2019-01-15,2019011501004399,MNBBL,28,42,49,350.00,"17,150.00"
2019-01-15,2019011501004398,MNBBL,58,42,16,353.00,"5,648.00"
2019-01-15,2019011501004144,MNBBL,58,21,84,353.00,"29,652.00"
2019-01-15,2019011501004143,MNBBL,58,21,130,353.00,"45,890.00"
2019-01-15,2019011501004142,MNBBL,49,21,36,354.00,"12,744.00"
2019-01-15,2019011501004632,NABIL,28,3,106,842.00,"89,252.00"
2019-01-15,2019011501004631,NABIL,28,38,94,841.00,"79,054.00"
2019-01-15,2019011501004537,NABILP,49,45,60,729.00,"43,740.00"
2019-01-15,2019011501004443,NABILP,45,45,35,730.00,"25,550.00"
2019-01-15,2019011501004442,NABILP,45,49,100,730.00,"73,000.00"
2019-01-15,2019011501004423,NABILP,49,22,50,729.00,"36,450.00"
2019-01-15,2019011501004422,NABILP,49,59,690,729.00,"503,010.00"
2019-01-15,2019011501004218,NADEP,57,25,90,810.00,"72,900.00"
2019-01-15,2019011501004586,NBB,10,35,10,190.00,"1,900.00"
2019-01-15,2019011501004238,NBB,35,4,363,189.00,"68,607.00"
2019-01-15,2019011501004146,NBB,56,4,35,189.00,"6,615.00"
2019-01-15,2019011501004145,NBB,28,4,810,189.00,"153,090.00"
2019-01-15,2019011501004213,NBBL,6,10,61,810.00,"49,410.00"
2019-01-15,2019011501004634,NBL,49,43,10,299.00,"2,990.00"
2019-01-15,2019011501004594,NBL,14,49,272,298.00,"81,056.00"
2019-01-15,2019011501004593,NBL,29,49,347,298.00,"103,406.00"
2019-01-15,2019011501004540,NBL,29,46,153,298.00,"45,594.00"
2019-01-15,2019011501004539,NBL,29,46,"1,347",298.00,"401,406.00"
2019-01-15,2019011501004523,NBL,29,48,653,298.00,"194,594.00"
2019-01-15,2019011501004170,NBL,57,43,162,299.00,"48,438.00"
2019-01-15,2019011501004429,NBL,46,49,247,298.00,"73,606.00"
2019-01-15,2019011501004390,NBL,46,46,53,298.00,"15,794.00"
2019-01-15,2019011501004389,NBL,45,46,447,298.00,"133,206.00"
2019-01-15,2019011501004387,NBL,45,25,553,298.00,"164,794.00"
2019-01-15,2019011501004386,NBL,45,25,447,298.00,"133,206.00"
2019-01-15,2019011501004342,NBL,17,43,200,299.00,"59,800.00"
2019-01-15,2019011501004522,NBL,6,48,200,298.00,"59,600.00"
2019-01-15,2019011501004521,NBL,17,48,147,298.00,"43,806.00"
2019-01-15,2019011501004455,NBL,56,43,100,299.00,"29,900.00"
2019-01-15,2019011501004432,NBL,17,49,53,298.00,"15,794.00"
2019-01-15,2019011501004431,NBL,42,49,200,298.00,"59,600.00"
2019-01-15,2019011501004430,NBL,37,49,500,298.00,"149,000.00"
2019-01-15,2019011501004595,NCCB,38,58,180,219.00,"39,420.00"
2019-01-15,2019011501004407,NCCB,38,8,620,219.00,"135,780.00"
2019-01-15,2019011501004406,NCCB,32,8,380,219.00,"83,220.00"
2019-01-15,2019011501004294,NCCB,57,46,200,220.00,"44,000.00"
2019-01-15,2019011501004293,NCCB,51,46,12,220.00,"2,640.00"
2019-01-15,2019011501004267,NHDL,48,48,10,128.00,"1,280.00"
2019-01-15,2019011501004481,NIB,45,6,100,550.00,"55,000.00"
2019-01-15,2019011501004225,NIB,16,6,250,550.00,"137,500.00"
2019-01-15,2019011501004394,NIBPO,28,58,340,500.00,"170,000.00"
2019-01-15,2019011501004393,NIBPO,28,8,200,499.00,"99,800.00"
2019-01-15,2019011501004392,NIBPO,28,55,300,498.00,"149,400.00"
2019-01-15,2019011501004391,NIBPO,28,40,360,497.00,"178,920.00"
2019-01-15,2019011501004512,NICA,1,44,100,390.00,"39,000.00"
2019-01-15,2019011501004506,NICA,48,4,150,392.00,"58,800.00"
2019-01-15,2019011501004454,NICA,1,7,485,390.00,"189,150.00"
2019-01-15,2019011501004453,NICA,22,7,110,390.00,"42,900.00"
2019-01-15,2019011501004452,NICA,48,7,100,390.00,"39,000.00"
2019-01-15,2019011501004451,NICA,57,7,105,390.00,"40,950.00"
2019-01-15,2019011501004450,NICA,49,7,500,391.00,"195,500.00"
2019-01-15,2019011501004449,NICA,21,7,200,391.00,"78,200.00"
2019-01-15,2019011501004263,NICA,38,4,355,392.00,"139,160.00"
2019-01-15,2019011501004244,NICA,38,4,45,392.00,"17,640.00"
2019-01-15,2019011501004603,NICL,50,38,200,583.00,"116,600.00"
2019-01-15,2019011501004602,NICL,50,33,50,583.00,"29,150.00"
2019-01-15,2019011501004566,NICL,50,44,850,584.00,"496,400.00"
2019-01-15,2019011501004401,NICL,22,34,"1,000",584.00,"584,000.00"
2019-01-15,2019011501004492,NICL,43,17,100,584.00,"58,400.00"
2019-01-15,2019011501004458,NICL,46,17,100,584.00,"58,400.00"
2019-01-15,2019011501004457,NICL,46,34,900,584.00,"525,600.00"
2019-01-15,2019011501004444,NICL,55,34,100,584.00,"58,400.00"
2019-01-15,2019011501004543,NICL,43,44,150,584.00,"87,600.00"
2019-01-15,2019011501004611,NIL,56,22,99,559.00,"55,341.00"
2019-01-15,2019011501004610,NIL,56,48,200,559.00,"111,800.00"
2019-01-15,2019011501004205,NIL,28,34,100,558.00,"55,800.00"
2019-01-15,2019011501004204,NIL,28,51,50,558.00,"27,900.00"
2019-01-15,2019011501004183,NIL,6,42,150,557.00,"83,550.00"
2019-01-15,2019011501004591,NLBBL,34,22,200,480.00,"96,000.00"
2019-01-15,2019011501004556,NLBBL,7,22,10,484.00,"4,840.00"
2019-01-15,2019011501004468,NLBBL,16,16,"1,700",477.00,"810,900.00"
2019-01-15,2019011501004467,NLBBL,16,16,300,477.00,"143,100.00"
2019-01-15,2019011501004253,NLBBL,33,29,10,475.00,"4,750.00"
2019-01-15,2019011501004626,NLIC,45,54,70,"1,140.00","79,800.00"
2019-01-15,2019011501004592,NLIC,29,29,5,"1,120.00","5,600.00"
2019-01-15,2019011501004587,NLIC,50,54,200,"1,140.00","228,000.00"
2019-01-15,2019011501004579,NLIC,19,54,109,"1,140.00","124,260.00"
2019-01-15,2019011501004578,NLIC,19,14,71,"1,140.00","80,940.00"
2019-01-15,2019011501004577,NLIC,19,17,10,"1,140.00","11,400.00"
2019-01-15,2019011501004273,NLIC,43,8,200,"1,139.00","227,800.00"
2019-01-15,2019011501004217,NLIC,46,8,30,"1,138.00","34,140.00"
2019-01-15,2019011501004216,NLIC,19,49,50,"1,140.00","57,000.00"
2019-01-15,2019011501004215,NLIC,19,10,100,"1,140.00","114,000.00"
2019-01-15,2019011501004214,NLIC,19,1,50,"1,140.00","57,000.00"
2019-01-15,2019011501004576,NLIC,19,8,200,"1,139.00","227,800.00"
2019-01-15,2019011501004575,NLIC,19,17,10,"1,139.00","11,390.00"
2019-01-15,2019011501004434,NLIC,21,17,40,"1,140.00","45,600.00"
2019-01-15,2019011501004380,NLIC,58,17,100,"1,140.00","114,000.00"
2019-01-15,2019011501004275,NLIC,1,17,50,"1,140.00","57,000.00"
2019-01-15,2019011501004274,NLIC,1,49,150,"1,140.00","171,000.00"
2019-01-15,2019011501004365,NLICL,48,53,350,720.00,"252,000.00"
2019-01-15,2019011501004364,NLICL,48,11,100,718.00,"71,800.00"
2019-01-15,2019011501004363,NLICL,48,56,200,718.00,"143,600.00"
2019-01-15,2019011501004362,NLICL,48,48,100,717.00,"71,700.00"
2019-01-15,2019011501004241,NLICL,52,48,100,717.00,"71,700.00"
2019-01-15,2019011501004208,NLICL,7,50,100,716.00,"71,600.00"
2019-01-15,2019011501004207,NLICL,7,22,500,716.00,"358,000.00"
2019-01-15,2019011501004206,NLICL,7,53,200,715.00,"143,000.00"
2019-01-15,2019011501004373,NMB,42,16,16,325.00,"5,200.00"
2019-01-15,2019011501004372,NMB,41,16,84,325.00,"27,300.00"
2019-01-15,2019011501004425,NMBMF,18,21,10,"1,214.00","12,140.00"
2019-01-15,2019011501004247,NMBSF1,1,43,"2,000",10.60,"21,200.00"
2019-01-15,2019011501004175,NTC,35,17,45,736.00,"33,120.00"
2019-01-15,2019011501004635,PIC,19,22,11,"1,088.00","11,968.00"
2019-01-15,2019011501004600,PIC,25,22,90,"1,089.00","98,010.00"
2019-01-15,2019011501004511,PIC,4,53,100,"1,090.00","109,000.00"
2019-01-15,2019011501004494,PIC,40,16,11,"1,082.00","11,902.00"
2019-01-15,2019011501004441,PIC,25,51,11,"1,089.00","11,979.00"
2019-01-15,2019011501004384,PIC,40,45,130,"1,082.00","140,660.00"
2019-01-15,2019011501004383,PIC,50,45,10,"1,083.00","10,830.00"
2019-01-15,2019011501004382,PIC,35,45,10,"1,083.00","10,830.00"
2019-01-15,2019011501004381,PIC,25,58,11,"1,085.00","11,935.00"
2019-01-15,2019011501004221,PIC,35,59,90,"1,083.00","97,470.00"
2019-01-15,2019011501004220,PIC,25,59,10,"1,084.00","10,840.00"
2019-01-15,2019011501004536,PICL,58,6,10,733.00,"7,330.00"
2019-01-15,2019011501004535,PICL,58,22,30,732.00,"21,960.00"
2019-01-15,2019011501004572,PLIC,52,29,100,520.00,"52,000.00"
2019-01-15,2019011501004571,PLIC,52,33,500,520.00,"260,000.00"
2019-01-15,2019011501004570,PLIC,52,1,100,520.00,"52,000.00"
2019-01-15,2019011501004569,PLIC,52,45,15,520.00,"7,800.00"
2019-01-15,2019011501004568,PLIC,52,7,500,520.00,"260,000.00"
2019-01-15,2019011501004567,PLIC,52,28,470,520.00,"244,400.00"
2019-01-15,2019011501004433,PLIC,40,16,50,517.00,"25,850.00"
2019-01-15,2019011501004353,PLIC,40,17,43,517.00,"22,231.00"
2019-01-15,2019011501004352,PLIC,33,28,10,520.00,"5,200.00"
2019-01-15,2019011501004239,PLIC,40,59,100,517.00,"51,700.00"
2019-01-15,2019011501004497,PRIN,36,25,50,468.00,"23,400.00"
2019-01-15,2019011501004445,PRIN,43,25,100,468.00,"46,800.00"
2019-01-15,2019011501004139,PRIN,57,25,50,468.00,"23,400.00"
2019-01-15,2019011501004630,PRVU,4,54,10,248.00,"2,480.00"
2019-01-15,2019011501004504,PRVU,6,39,"1,000",247.00,"247,000.00"
2019-01-15,2019011501004503,PRVU,6,39,566,247.00,"139,802.00"
2019-01-15,2019011501004202,PRVU,54,45,100,248.00,"24,800.00"
2019-01-15,2019011501004201,PRVU,54,57,400,248.00,"99,200.00"
2019-01-15,2019011501004137,PRVU,17,57,100,248.00,"24,800.00"
2019-01-15,2019011501004316,PRVU,28,45,300,248.00,"74,400.00"
2019-01-15,2019011501004402,RBCL,34,6,10,"9,850.00","98,500.00"
2019-01-15,2019011501004295,RBCL,49,39,10,"9,870.00","98,700.00"
2019-01-15,2019011501004259,RBCL,8,25,10,"9,850.00","98,500.00"
2019-01-15,2019011501004258,RBCL,8,41,10,"9,850.00","98,500.00"
2019-01-15,2019011501004257,RBCL,8,54,30,"9,850.00","295,500.00"
2019-01-15,2019011501004173,RBCL,8,59,20,"9,800.00","196,000.00"
2019-01-15,2019011501004413,RBCLPO,59,8,10,"9,180.00","91,800.00"
2019-01-15,2019011501004400,RBCLPO,59,22,10,"9,155.00","91,550.00"
2019-01-15,2019011501004250,RBCLPO,59,42,10,"9,150.00","91,500.00"
2019-01-15,2019011501004505,RMDC,34,49,10,577.00,"5,770.00"
2019-01-15,2019011501004366,RMDC,19,5,100,566.00,"56,600.00"
2019-01-15,2019011501004151,RRHP,14,41,10,103.00,"1,030.00"
2019-01-15,2019011501004150,RSDC,28,1,100,400.00,"40,000.00"
2019-01-15,2019011501004149,RSDC,28,36,100,400.00,"40,000.00"
2019-01-15,2019011501004148,RSDC,28,33,100,398.00,"39,800.00"
2019-01-15,2019011501004147,RSDC,28,6,190,397.00,"75,430.00"
2019-01-15,2019011501004597,SADBL,1,16,"1,467",147.00,"215,649.00"
2019-01-15,2019011501004583,SADBL,1,16,500,147.00,"73,500.00"
2019-01-15,2019011501004582,SADBL,1,59,500,146.00,"73,000.00"
2019-01-15,2019011501004581,SADBL,1,35,500,146.00,"73,000.00"
2019-01-15,2019011501004510,SADBL,18,35,500,146.00,"73,000.00"
2019-01-15,2019011501004509,SADBL,18,5,300,145.00,"43,500.00"
2019-01-15,2019011501004508,SADBL,18,16,200,145.00,"29,000.00"
2019-01-15,2019011501004459,SADBL,1,32,"1,500",144.00,"216,000.00"
2019-01-15,2019011501004524,SAEF,16,48,900,9.60,"8,640.00"
2019-01-15,2019011501004574,SBBLJ,18,53,216,206.00,"44,496.00"
2019-01-15,2019011501004507,SBL,28,58,93,296.00,"27,528.00"
2019-01-15,2019011501004283,SBL,16,25,500,295.00,"147,500.00"
2019-01-15,2019011501004282,SBL,16,51,300,295.00,"88,500.00"
2019-01-15,2019011501004281,SBL,16,43,200,295.00,"59,000.00"
2019-01-15,2019011501004280,SBL,16,1,171,295.00,"50,445.00"
2019-01-15,2019011501004240,SBL,16,36,900,294.00,"264,600.00"
2019-01-15,2019011501004520,SCB,45,56,250,592.00,"148,000.00"
2019-01-15,2019011501004502,SCB,56,43,20,590.00,"11,800.00"
2019-01-15,2019011501004371,SCB,56,59,20,590.00,"11,800.00"
2019-01-15,2019011501004414,SDESI,39,17,20,640.00,"12,800.00"
2019-01-15,2019011501004262,SDESI,45,58,100,640.00,"64,000.00"
2019-01-15,2019011501004261,SDESI,45,42,100,639.00,"63,900.00"
2019-01-15,2019011501004203,SHINE,28,58,"1,500",245.00,"367,500.00"
2019-01-15,2019011501004525,SIC,37,35,100,"1,380.00","138,000.00"
2019-01-15,2019011501004516,SIC,37,35,100,"1,380.00","138,000.00"
2019-01-15,2019011501004612,SICL,6,56,48,960.00,"46,080.00"
2019-01-15,2019011501004519,SICL,6,22,100,960.00,"96,000.00"
2019-01-15,2019011501004518,SICL,6,17,109,960.00,"104,640.00"
2019-01-15,2019011501004517,SICL,6,49,43,959.00,"41,237.00"
2019-01-15,2019011501004471,SIL,6,53,50,671.00,"33,550.00"
2019-01-15,2019011501004470,SIL,6,44,100,669.00,"66,900.00"
2019-01-15,2019011501004469,SIL,6,38,71,669.00,"47,499.00"
2019-01-15,2019011501004172,SIL,6,38,100,669.00,"66,900.00"
2019-01-15,2019011501004628,SKBBL,42,4,400,"1,087.00","434,800.00"
2019-01-15,2019011501004599,SKBBL,42,35,52,"1,083.00","56,316.00"
2019-01-15,2019011501004590,SKBBL,42,7,93,"1,083.00","100,719.00"
2019-01-15,2019011501004589,SKBBL,57,7,53,"1,083.00","57,399.00"
2019-01-15,2019011501004564,SKBBL,57,35,30,"1,083.00","32,490.00"
2019-01-15,2019011501004563,SKBBL,28,35,10,"1,085.00","10,850.00"
2019-01-15,2019011501004329,SKBBL,28,34,30,"1,085.00","32,550.00"
2019-01-15,2019011501004289,SKBBL,18,26,29,"1,089.00","31,581.00"
2019-01-15,2019011501004513,SLBBL,36,37,100,544.00,"54,400.00"
2019-01-15,2019011501004439,SLICL,26,44,200,583.00,"116,600.00"
2019-01-15,2019011501004310,SLICL,7,44,800,583.00,"466,400.00"
2019-01-15,2019011501004309,SLICL,7,11,200,582.00,"116,400.00"
2019-01-15,2019011501004308,SLICL,7,58,50,582.00,"29,100.00"
2019-01-15,2019011501004307,SLICL,7,16,100,581.00,"58,100.00"
2019-01-15,2019011501004580,SMB,11,3,50,665.00,"33,250.00"
2019-01-15,2019011501004598,SRBL,48,45,50,217.00,"10,850.00"
2019-01-15,2019011501004472,SRBL,50,57,660,215.00,"141,900.00"
2019-01-15,2019011501004463,SRBL,28,57,"1,000",215.00,"215,000.00"
2019-01-15,2019011501004462,SRBL,28,57,533,215.00,"114,595.00"
2019-01-15,2019011501004461,SRBL,19,57,41,216.00,"8,856.00"
2019-01-15,2019011501004341,SRBL,19,59,59,216.00,"12,744.00"
2019-01-15,2019011501004350,SWBBL,14,35,50,875.00,"43,750.00"
2019-01-15,2019011501004629,UIC,42,21,10,818.00,"8,180.00"
2019-01-15,2019011501004332,UIC,56,21,25,818.00,"20,450.00"
2019-01-15,2019011501004331,UIC,56,45,25,818.00,"20,450.00"
2019-01-15,2019011501004330,UIC,56,37,150,817.00,"122,550.00"
2019-01-15,2019011501004219,UIC,40,37,100,817.00,"81,700.00"
2019-01-15,2019011501004465,WOMI,57,37,150,"1,137.00","170,550.00"
2019-01-15,2019011501004418,WOMI,50,37,100,"1,140.00","114,000.00"
2019-01-15,2019011501004417,WOMI,16,38,10,"1,145.00","11,450.00"
2019-01-15,2019011501004416,WOMI,16,35,33,"1,145.00","37,785.00"
2019-01-15,2019011501004415,WOMI,16,35,23,"1,145.00","26,335.00"
2019-01-15,2019011501004136,WOMI,32,35,10,"1,145.00","11,450.00"
2019-01-15,2019011501004124,ADBL,45,21,250,350.00,"87,500.00"
2019-01-15,2019011501003646,ADBL,6,32,177,350.00,"61,950.00"
2019-01-15,2019011501003645,ADBL,6,46,100,350.00,"35,000.00"
2019-01-15,2019011501003644,ADBL,6,8,"1,000",350.00,"350,000.00"
2019-01-15,2019011501003844,AHPC,37,48,108,106.00,"11,448.00"
2019-01-15,2019011501003843,AHPC,37,28,200,106.00,"21,200.00"
2019-01-15,2019011501004023,AKJCL,21,22,20,92.00,"1,840.00"
2019-01-15,2019011501004054,AKPL,39,41,196,194.00,"38,024.00"
2019-01-15,2019011501004053,AKPL,39,54,13,194.00,"2,522.00"
2019-01-15,2019011501004052,AKPL,39,54,13,194.00,"2,522.00"
2019-01-15,2019011501004051,AKPL,39,54,13,194.00,"2,522.00"
2019-01-15,2019011501004050,AKPL,39,25,15,194.00,"2,910.00"
2019-01-15,2019011501003767,AKPL,25,58,10,192.00,"1,920.00"
2019-01-15,2019011501003699,AKPL,25,41,20,189.00,"3,780.00"
2019-01-15,2019011501003698,AKPL,25,58,10,188.00,"1,880.00"
2019-01-15,2019011501003864,ALICL,39,55,50,640.00,"32,000.00"
2019-01-15,2019011501003863,ALICL,39,39,75,640.00,"48,000.00"
2019-01-15,2019011501003862,ALICL,39,21,300,640.00,"192,000.00"
2019-01-15,2019011501003861,ALICL,39,6,190,639.00,"121,410.00"
2019-01-15,2019011501003860,ALICL,39,28,135,639.00,"86,265.00"
2019-01-15,2019011501003859,ALICL,39,57,200,638.00,"127,600.00"
2019-01-15,2019011501003827,ALICL,35,35,200,630.00,"126,000.00"
2019-01-15,2019011501003826,ALICL,36,35,200,630.00,"126,000.00"
2019-01-15,2019011501004123,API,25,6,61,155.00,"9,455.00"
2019-01-15,2019011501004110,API,36,37,"1,188",154.00,"182,952.00"
2019-01-15,2019011501004109,API,36,26,12,154.00,"1,848.00"
2019-01-15,2019011501003846,API,25,26,60,154.00,"9,240.00"
2019-01-15,2019011501003710,API,25,26,28,154.00,"4,312.00"
2019-01-15,2019011501003650,API,19,26,100,154.00,"15,400.00"
2019-01-15,2019011501003639,API,25,29,10,154.00,"1,540.00"
2019-01-15,2019011501004004,BARUN,21,22,10,104.00,"1,040.00"
2019-01-15,2019011501004047,BOKL,8,38,"1,000",271.00,"271,000.00"
2019-01-15,2019011501003975,BOKL,32,10,472,271.00,"127,912.00"
2019-01-15,2019011501003963,BOKL,45,10,100,271.00,"27,100.00"
2019-01-15,2019011501003866,BOKL,50,10,100,271.00,"27,100.00"
2019-01-15,2019011501003776,BOKL,54,10,200,271.00,"54,200.00"
2019-01-15,2019011501003775,BOKL,8,10,"1,000",271.00,"271,000.00"
2019-01-15,2019011501003774,BOKL,58,10,50,271.00,"13,550.00"
2019-01-15,2019011501003773,BOKL,53,10,78,271.00,"21,138.00"
2019-01-15,2019011501003746,BOKL,49,25,50,272.00,"13,600.00"
2019-01-15,2019011501004132,CBBL,5,40,200,873.00,"174,600.00"
2019-01-15,2019011501004131,CBBL,5,49,134,873.00,"116,982.00"
2019-01-15,2019011501003656,CBBL,52,45,40,870.00,"34,800.00"
2019-01-15,2019011501003725,CBBL,52,17,32,870.00,"27,840.00"
2019-01-15,2019011501003701,CBBL,52,21,10,870.00,"8,700.00"
2019-01-15,2019011501004005,CBBL,52,5,60,870.00,"52,200.00"
2019-01-15,2019011501004133,CBL,55,13,15,164.00,"2,460.00"
2019-01-15,2019011501004122,CBL,6,55,15,163.00,"2,445.00"
2019-01-15,2019011501004048,CBL,17,13,100,164.00,"16,400.00"
2019-01-15,2019011501003887,CBL,6,13,100,164.00,"16,400.00"
2019-01-15,2019011501003758,CBL,6,21,44,163.00,"7,172.00"
2019-01-15,2019011501003730,CBL,6,13,100,164.00,"16,400.00"
2019-01-15,2019011501003953,CCBL,10,1,161,171.00,"27,531.00"
2019-01-15,2019011501003952,CCBL,10,56,340,171.00,"58,140.00"
2019-01-15,2019011501003951,CCBL,10,58,"1,041",171.00,"178,011.00"
2019-01-15,2019011501003770,CCBL,34,45,39,170.00,"6,630.00"
2019-01-15,2019011501003757,CCBL,34,50,138,170.00,"23,460.00"
2019-01-15,2019011501003756,CCBL,7,50,853,170.00,"145,010.00"
2019-01-15,2019011501003955,CEFL,4,42,100,125.00,"12,500.00"
2019-01-15,2019011501004027,CHCL,10,10,500,544.00,"272,000.00"
2019-01-15,2019011501004026,CHCL,42,10,100,545.00,"54,500.00"
2019-01-15,2019011501003935,CIT,58,42,173,"2,874.00","497,202.00"
2019-01-15,2019011501003934,CIT,25,42,10,"2,874.00","28,740.00"
2019-01-15,2019011501003933,CIT,42,42,200,"2,874.00","574,800.00"
2019-01-15,2019011501003932,CIT,55,42,117,"2,874.00","336,258.00"
2019-01-15,2019011501003911,CIT,55,42,70,"2,874.00","201,180.00"
2019-01-15,2019011501003910,CIT,33,42,30,"2,874.00","86,220.00"
2019-01-15,2019011501003717,CIT,58,58,100,"2,871.00","287,100.00"
2019-01-15,2019011501003709,CIT,39,19,210,"2,870.00","602,700.00"
2019-01-15,2019011501003677,CIT,45,19,30,"2,870.00","86,100.00"
2019-01-15,2019011501003676,CIT,45,42,20,"2,870.00","57,400.00"
2019-01-15,2019011501003657,CIT,29,58,100,"2,871.00","287,100.00"
2019-01-15,2019011501003830,CIT,25,52,100,"2,874.00","287,400.00"
2019-01-15,2019011501003813,CIT,58,5,10,"2,873.00","28,730.00"
2019-01-15,2019011501003812,CIT,58,34,301,"2,873.00","864,773.00"
2019-01-15,2019011501003793,CIT,50,34,220,"2,873.00","632,060.00"
2019-01-15,2019011501003753,CIT,19,34,50,"2,873.00","143,650.00"
2019-01-15,2019011501003749,CIT,39,34,50,"2,873.00","143,650.00"
2019-01-15,2019011501003857,CIT,58,58,50,"2,874.00","143,700.00"
2019-01-15,2019011501003856,CIT,58,42,371,"2,874.00","1,066,254.00"
2019-01-15,2019011501003852,CIT,32,42,129,"2,874.00","370,746.00"
2019-01-15,2019011501003851,CIT,32,53,61,"2,874.00","175,314.00"
2019-01-15,2019011501003850,CIT,32,41,10,"2,874.00","28,740.00"
2019-01-15,2019011501003848,CIT,16,42,50,"2,874.00","143,700.00"
2019-01-15,2019011501003872,CIT,16,42,356,"2,874.00","1,023,144.00"
2019-01-15,2019011501003871,CIT,49,42,144,"2,874.00","413,856.00"
2019-01-15,2019011501003870,CIT,49,37,25,"2,874.00","71,850.00"
2019-01-15,2019011501003869,CIT,49,39,10,"2,874.00","28,740.00"
2019-01-15,2019011501003868,CIT,49,7,21,"2,874.00","60,354.00"
2019-01-15,2019011501003858,CIT,58,7,79,"2,874.00","227,046.00"
2019-01-15,2019011501003909,CIT,58,42,100,"2,874.00","287,400.00"
2019-01-15,2019011501003908,CIT,58,42,200,"2,874.00","574,800.00"
2019-01-15,2019011501003907,CIT,16,42,100,"2,874.00","287,400.00"
2019-01-15,2019011501003896,CIT,16,43,100,"2,874.00","287,400.00"
2019-01-15,2019011501003874,CIT,16,25,13,"2,874.00","37,362.00"
2019-01-15,2019011501003873,CIT,16,55,35,"2,874.00","100,590.00"
2019-01-15,2019011501003877,CZBIL,45,43,100,219.00,"21,900.00"
2019-01-15,2019011501003733,DBBL,17,29,500,128.00,"64,000.00"
2019-01-15,2019011501003902,DDBL,50,37,50,590.00,"29,500.00"
2019-01-15,2019011501003661,DDBL,44,43,90,595.00,"53,550.00"
2019-01-15,2019011501003636,DDBL,53,43,10,595.00,"5,950.00"
2019-01-15,2019011501004003,EBL,28,52,172,533.00,"91,676.00"
2019-01-15,2019011501004002,EBL,11,52,98,533.00,"52,234.00"
2019-01-15,2019011501004001,EBL,34,52,"1,000",534.00,"534,000.00"
2019-01-15,2019011501004000,EBL,54,52,100,534.00,"53,400.00"
2019-01-15,2019011501003999,EBL,32,52,100,534.00,"53,400.00"
2019-01-15,2019011501003998,EBL,19,52,100,535.00,"53,500.00"
2019-01-15,2019011501003997,EBL,29,52,30,535.00,"16,050.00"
2019-01-15,2019011501004119,EIC,51,17,400,875.00,"350,000.00"
2019-01-15,2019011501004118,EIC,55,17,100,876.00,"87,600.00"
2019-01-15,2019011501004072,EIC,10,28,100,886.00,"88,600.00"
2019-01-15,2019011501003944,FMDBL,37,28,100,391.00,"39,100.00"
2019-01-15,2019011501003662,FMDBL,45,14,150,392.00,"58,800.00"
2019-01-15,2019011501004098,FOWAD,54,38,24,"1,549.00","37,176.00"
2019-01-15,2019011501003996,FOWAD,28,44,15,"1,540.00","23,100.00"
2019-01-15,2019011501003734,GBBL,41,45,173,186.00,"32,178.00"
2019-01-15,2019011501003731,GBBL,10,13,"1,000",188.00,"188,000.00"
2019-01-15,2019011501003647,GBBL,41,55,18,186.00,"3,348.00"
2019-01-15,2019011501003967,GBIME,42,21,70,270.00,"18,900.00"
2019-01-15,2019011501004127,GBLBS,1,41,10,467.00,"4,670.00"
2019-01-15,2019011501003974,GBLBS,58,47,10,467.00,"4,670.00"
2019-01-15,2019011501003973,GBLBS,58,57,100,467.00,"46,700.00"
2019-01-15,2019011501003972,GBLBS,58,13,100,467.00,"46,700.00"
2019-01-15,2019011501003971,GBLBS,58,58,300,466.00,"139,800.00"
2019-01-15,2019011501003960,GBLBS,34,58,200,466.00,"93,200.00"
2019-01-15,2019011501003666,GBLBS,1,43,500,464.00,"232,000.00"
2019-01-15,2019011501003665,GBLBS,16,42,150,461.00,"69,150.00"
2019-01-15,2019011501003648,GBLBS,1,6,370,463.00,"171,310.00"
2019-01-15,2019011501003641,GBLBS,16,14,20,462.00,"9,240.00"
2019-01-15,2019011501003841,GBLBS,49,42,100,466.00,"46,600.00"
2019-01-15,2019011501003811,GBLBS,1,59,10,463.00,"4,630.00"
2019-01-15,2019011501003697,GBLBS,58,21,20,467.00,"9,340.00"
2019-01-15,2019011501003696,GBLBS,58,6,50,467.00,"23,350.00"
2019-01-15,2019011501003695,GBLBS,58,53,50,467.00,"23,350.00"
2019-01-15,2019011501003694,GBLBS,58,28,150,466.00,"69,900.00"
2019-01-15,2019011501003759,GDBL,14,1,81,190.00,"15,390.00"
2019-01-15,2019011501003720,GDBL,6,45,17,188.00,"3,196.00"
2019-01-15,2019011501004077,GFCL,16,47,10,122.00,"1,220.00"
2019-01-15,2019011501003876,HATH,25,45,80,118.00,"9,440.00"
2019-01-15,2019011501004076,HDL,19,13,50,"1,362.00","68,100.00"
2019-01-15,2019011501004040,HDL,19,13,30,"1,362.00","40,860.00"
2019-01-15,2019011501004039,HDL,14,13,20,"1,362.00","27,240.00"
2019-01-15,2019011501004038,HDL,35,13,10,"1,365.00","13,650.00"
2019-01-15,2019011501004037,HDL,14,13,40,"1,365.00","54,600.00"
2019-01-15,2019011501004129,HGI,49,35,83,412.00,"34,196.00"
2019-01-15,2019011501004128,HGI,49,49,37,412.00,"15,244.00"
2019-01-15,2019011501003722,HGI,58,50,60,411.00,"24,660.00"
2019-01-15,2019011501003704,HGI,53,50,50,411.00,"20,550.00"
2019-01-15,2019011501004115,HIDCL,22,44,56,150.00,"8,400.00"
2019-01-15,2019011501003750,HIDCL,56,44,699,151.00,"105,549.00"
2019-01-15,2019011501004042,HPPL,19,11,10,188.00,"1,880.00"
2019-01-15,2019011501003906,HPPL,1,42,300,189.00,"56,700.00"
2019-01-15,2019011501003885,HPPL,46,42,100,189.00,"18,900.00"
2019-01-15,2019011501004071,ICFC,17,41,100,156.00,"15,600.00"
2019-01-15,2019011501003810,JBBL,58,35,32,141.00,"4,512.00"
2019-01-15,2019011501003809,JBBL,58,17,218,140.00,"30,520.00"
2019-01-15,2019011501003788,JBBL,58,17,282,140.00,"39,480.00"
2019-01-15,2019011501003787,JBBL,58,59,159,140.00,"22,260.00"
2019-01-15,2019011501003786,JBBL,58,26,271,140.00,"37,940.00"
2019-01-15,2019011501003785,JBBL,58,55,250,140.00,"35,000.00"
2019-01-15,2019011501003784,JBBL,58,57,23,139.00,"3,197.00"
2019-01-15,2019011501003783,JBBL,58,6,32,139.00,"4,448.00"
2019-01-15,2019011501003782,JBBL,58,5,300,139.00,"41,700.00"
2019-01-15,2019011501003781,JBBL,58,10,183,139.00,"25,437.00"
2019-01-15,2019011501003748,JBBL,49,45,31,137.00,"4,247.00"
2019-01-15,2019011501003745,JBBL,58,42,"2,600",138.00,"358,800.00"
2019-01-15,2019011501004041,KBBL,17,14,100,213.00,"21,300.00"
2019-01-15,2019011501003930,KBBL,58,14,150,213.00,"31,950.00"
2019-01-15,2019011501003986,KBL,59,39,115,253.00,"29,095.00"
2019-01-15,2019011501003985,KBL,8,39,70,253.00,"17,710.00"
2019-01-15,2019011501003984,KBL,47,39,50,253.00,"12,650.00"
2019-01-15,2019011501003983,KBL,50,39,500,253.00,"126,500.00"
2019-01-15,2019011501003982,KBL,16,39,"1,000",253.00,"253,000.00"
2019-01-15,2019011501003981,KBL,16,39,400,253.00,"101,200.00"
2019-01-15,2019011501003980,KBL,49,39,730,253.00,"184,690.00"
2019-01-15,2019011501003979,KBL,11,39,300,254.00,"76,200.00"
2019-01-15,2019011501003865,KBL,11,35,706,254.00,"179,324.00"
2019-01-15,2019011501003791,KBL,22,35,10,254.00,"2,540.00"
2019-01-15,2019011501004025,KMCDB,48,21,20,943.00,"18,860.00"
2019-01-15,2019011501004008,KMCDB,16,42,51,935.00,"47,685.00"
2019-01-15,2019011501003950,KMCDB,19,42,200,935.00,"187,000.00"
2019-01-15,2019011501003715,KMCDB,16,59,40,930.00,"37,200.00"
2019-01-15,2019011501003703,KNBL,43,26,88,121.00,"10,648.00"
2019-01-15,2019011501004130,KPCL,22,41,10,101.00,"1,010.00"
2019-01-15,2019011501003771,KPCL,22,25,10,101.00,"1,010.00"
2019-01-15,2019011501003664,KPCL,22,42,10,101.00,"1,010.00"
2019-01-15,2019011501003670,KSBBL,16,43,500,139.00,"69,500.00"
2019-01-15,2019011501003669,KSBBL,16,13,33,139.00,"4,587.00"
2019-01-15,2019011501003668,KSBBL,16,57,12,139.00,"1,668.00"
2019-01-15,2019011501003667,KSBBL,16,57,12,139.00,"1,668.00"
2019-01-15,2019011501003824,LBBL,50,50,350,171.00,"59,850.00"
2019-01-15,2019011501003814,LBBL,50,50,350,171.00,"59,850.00"
2019-01-15,2019011501003798,LBBL,41,45,18,170.00,"3,060.00"
2019-01-15,2019011501003780,LBBL,32,50,"1,000",171.00,"171,000.00"
2019-01-15,2019011501003779,LBBL,50,50,"1,000",171.00,"171,000.00"
2019-01-15,2019011501003778,LBBL,29,50,500,171.00,"85,500.00"
2019-01-15,2019011501003777,LBBL,32,50,800,171.00,"136,800.00"
2019-01-15,2019011501003742,LBBL,32,16,"1,987",172.00,"341,764.00"
2019-01-15,2019011501003741,LBBL,32,16,90,172.00,"15,480.00"
2019-01-15,2019011501003732,LBBL,32,48,200,171.00,"34,200.00"
2019-01-15,2019011501003691,LBBL,32,16,"1,000",172.00,"172,000.00"
2019-01-15,2019011501003929,LBL,7,44,400,219.00,"87,600.00"
2019-01-15,2019011501003763,LBL,7,44,100,218.00,"21,800.00"
2019-01-15,2019011501003762,LBL,28,44,"1,000",218.00,"218,000.00"
2019-01-15,2019011501004097,LGIL,32,33,200,557.00,"111,400.00"
2019-01-15,2019011501003928,LGIL,39,38,447,560.00,"250,320.00"
2019-01-15,2019011501003927,LGIL,39,39,100,560.00,"56,000.00"
2019-01-15,2019011501003926,LGIL,39,22,500,560.00,"280,000.00"
2019-01-15,2019011501003925,LGIL,39,51,30,560.00,"16,800.00"
2019-01-15,2019011501003924,LGIL,39,22,100,559.00,"55,900.00"
2019-01-15,2019011501003740,LGIL,53,48,25,556.00,"13,900.00"
2019-01-15,2019011501003739,LGIL,53,1,50,556.00,"27,800.00"
2019-01-15,2019011501003738,LGIL,53,10,50,555.00,"27,750.00"
2019-01-15,2019011501003724,LGIL,57,14,150,553.00,"82,950.00"
2019-01-15,2019011501003723,LGIL,34,14,50,554.00,"27,700.00"
2019-01-15,2019011501003923,LGIL,39,28,500,559.00,"279,500.00"
2019-01-15,2019011501003922,LGIL,39,14,173,559.00,"96,707.00"
2019-01-15,2019011501003921,LGIL,39,51,50,558.00,"27,900.00"
2019-01-15,2019011501003920,LGIL,39,58,100,558.00,"55,800.00"
2019-01-15,2019011501003790,LGIL,55,22,100,556.00,"55,600.00"
2019-01-15,2019011501003789,LGIL,55,48,75,556.00,"41,700.00"
2019-01-15,2019011501003761,LLBS,48,13,50,843.00,"42,150.00"
2019-01-15,2019011501003760,LLBS,48,28,30,843.00,"25,290.00"
2019-01-15,2019011501003744,LLBS,17,37,10,842.00,"8,420.00"
2019-01-15,2019011501003714,LLBS,48,37,40,842.00,"33,680.00"
2019-01-15,2019011501003713,LLBS,48,17,60,842.00,"50,520.00"
2019-01-15,2019011501003690,LLBS,47,19,24,840.00,"20,160.00"
2019-01-15,2019011501003689,LLBS,47,45,140,840.00,"117,600.00"
2019-01-15,2019011501003688,LLBS,47,14,50,839.00,"41,950.00"
2019-01-15,2019011501003687,LLBS,47,49,24,838.00,"20,112.00"
2019-01-15,2019011501004117,MBL,47,46,658,213.00,"140,154.00"
2019-01-15,2019011501004099,MBL,47,42,200,213.00,"42,600.00"
2019-01-15,2019011501004034,MBL,47,28,500,213.00,"106,500.00"
2019-01-15,2019011501004033,MBL,47,11,270,212.00,"57,240.00"
2019-01-15,2019011501004032,MBL,47,29,100,212.00,"21,200.00"
2019-01-15,2019011501004031,MBL,47,45,655,211.00,"138,205.00"
2019-01-15,2019011501004030,MBL,47,1,163,211.00,"34,393.00"
2019-01-15,2019011501004029,MBL,47,34,40,211.00,"8,440.00"
2019-01-15,2019011501003772,MBL,50,48,250,210.00,"52,500.00"
2019-01-15,2019011501004121,MEGA,56,42,100,171.00,"17,100.00"
2019-01-15,2019011501004120,MEGA,57,42,500,171.00,"85,500.00"
2019-01-15,2019011501004073,MEGA,21,36,50,172.00,"8,600.00"
2019-01-15,2019011501003807,MEGA,21,53,300,173.00,"51,900.00"
2019-01-15,2019011501004069,MERO,58,16,10,"1,122.00","11,220.00"
2019-01-15,2019011501004068,MERO,58,58,30,"1,120.00","33,600.00"
2019-01-15,2019011501004067,MERO,58,25,10,"1,120.00","11,200.00"
2019-01-15,2019011501004061,MERO,25,11,14,"1,112.00","15,568.00"
2019-01-15,2019011501004060,MERO,25,8,90,"1,110.00","99,900.00"
2019-01-15,2019011501003754,MERO,41,13,10,"1,100.00","11,000.00"
2019-01-15,2019011501003729,MERO,58,49,16,"1,100.00","17,600.00"
2019-01-15,2019011501003728,MERO,58,49,10,"1,096.00","10,960.00"
2019-01-15,2019011501003727,MERO,58,51,20,"1,096.00","21,920.00"
2019-01-15,2019011501003888,MERO,41,25,17,"1,100.00","18,700.00"
2019-01-15,2019011501003835,MERO,58,8,10,"1,110.00","11,100.00"
2019-01-15,2019011501003834,MERO,58,14,11,"1,109.00","12,199.00"
2019-01-15,2019011501003755,MERO,41,39,73,"1,100.00","80,300.00"
2019-01-15,2019011501004059,MERO,25,25,70,"1,109.00","77,630.00"
2019-01-15,2019011501004020,MERO,58,25,16,"1,109.00","17,744.00"
2019-01-15,2019011501004019,MERO,58,17,34,"1,100.00","37,400.00"
2019-01-15,2019011501004014,MLBL,32,43,90,171.00,"15,390.00"
2019-01-15,2019011501004013,MLBL,32,13,60,171.00,"10,260.00"
2019-01-15,2019011501004017,MLBL,32,35,500,172.00,"86,000.00"
2019-01-15,2019011501004016,MLBL,32,13,100,172.00,"17,200.00"
2019-01-15,2019011501004015,MLBL,32,19,226,172.00,"38,872.00"
2019-01-15,2019011501004064,MPFL,28,17,50,170.00,"8,500.00"
2019-01-15,2019011501003905,NABIL,41,38,10,841.00,"8,410.00"
2019-01-15,2019011501003904,NABIL,41,38,35,841.00,"29,435.00"
2019-01-15,2019011501003994,NADEP,39,25,10,810.00,"8,100.00"
2019-01-15,2019011501003993,NADEP,39,32,80,810.00,"64,800.00"
2019-01-15,2019011501003966,NADEP,19,37,10,805.00,"8,050.00"
2019-01-15,2019011501003965,NADEP,58,37,10,805.00,"8,050.00"
2019-01-15,2019011501003970,NBB,28,42,190,189.00,"35,910.00"
2019-01-15,2019011501003969,NBB,17,42,100,189.00,"18,900.00"
2019-01-15,2019011501003968,NBB,17,42,110,189.00,"20,790.00"
2019-01-15,2019011501003842,NBB,50,35,200,190.00,"38,000.00"
2019-01-15,2019011501004126,NBL,57,43,138,299.00,"41,262.00"
2019-01-15,2019011501004101,NBL,42,43,200,299.00,"59,800.00"
2019-01-15,2019011501004096,NBL,36,43,162,299.00,"48,438.00"
2019-01-15,2019011501004095,NBL,36,29,55,299.00,"16,445.00"
2019-01-15,2019011501004094,NBL,36,43,883,299.00,"264,017.00"
2019-01-15,2019011501004084,NBL,28,43,50,299.00,"14,950.00"
2019-01-15,2019011501003768,NBL,58,59,155,299.00,"46,345.00"
2019-01-15,2019011501003716,NBL,34,59,100,299.00,"29,900.00"
2019-01-15,2019011501003671,NBL,19,59,50,299.00,"14,950.00"
2019-01-15,2019011501003660,NBL,50,59,80,299.00,"23,920.00"
2019-01-15,2019011501003659,NBL,50,28,420,299.00,"125,580.00"
2019-01-15,2019011501003821,NBL,16,41,500,298.00,"149,000.00"
2019-01-15,2019011501003820,NBL,49,41,"1,000",298.00,"298,000.00"
2019-01-15,2019011501003819,NBL,7,41,150,298.00,"44,700.00"
2019-01-15,2019011501003818,NBL,29,41,113,298.00,"33,674.00"
2019-01-15,2019011501003817,NBL,49,33,200,299.00,"59,800.00"
2019-01-15,2019011501003769,NBL,58,33,45,299.00,"13,455.00"
2019-01-15,2019011501004036,NBL,14,43,67,299.00,"20,033.00"
2019-01-15,2019011501004035,NBL,14,43,55,299.00,"16,445.00"
2019-01-15,2019011501004010,NBL,57,43,445,299.00,"133,055.00"
2019-01-15,2019011501004009,NBL,57,33,"1,555",299.00,"464,945.00"
2019-01-15,2019011501003882,NBL,25,33,200,299.00,"59,800.00"
2019-01-15,2019011501003822,NBL,45,41,553,298.00,"164,794.00"
2019-01-15,2019011501003978,NCCB,51,51,300,220.00,"66,000.00"
2019-01-15,2019011501003977,NCCB,51,26,48,220.00,"10,560.00"
2019-01-15,2019011501003976,NCCB,51,8,140,220.00,"30,800.00"
2019-01-15,2019011501003903,NCCB,21,8,600,220.00,"132,000.00"
2019-01-15,2019011501003675,NCCB,32,45,120,219.00,"26,280.00"
2019-01-15,2019011501003674,NCCB,48,45,81,219.00,"17,739.00"
2019-01-15,2019011501003654,NCCB,34,8,60,220.00,"13,200.00"
2019-01-15,2019011501003875,NHDL,34,59,10,126.00,"1,260.00"
2019-01-15,2019011501003702,NHDL,48,59,10,125.00,"1,250.00"
2019-01-15,2019011501003845,NHPC,21,32,500,70.00,"35,000.00"
2019-01-15,2019011501003867,NIB,25,6,100,550.00,"55,000.00"
2019-01-15,2019011501003849,NIB,49,45,10,548.00,"5,480.00"
2019-01-15,2019011501003735,NIB,49,6,50,550.00,"27,500.00"
2019-01-15,2019011501003693,NIB,32,26,100,548.00,"54,800.00"
2019-01-15,2019011501003642,NIB,45,6,20,550.00,"11,000.00"
2019-01-15,2019011501003988,NIBPO,22,8,300,496.00,"148,800.00"
2019-01-15,2019011501003987,NIBPO,22,54,150,495.00,"74,250.00"
2019-01-15,2019011501003737,NICA,56,4,926,392.00,"362,992.00"
2019-01-15,2019011501003736,NICA,56,56,74,392.00,"29,008.00"
2019-01-15,2019011501003685,NICA,56,56,300,392.00,"117,600.00"
2019-01-15,2019011501003684,NICA,34,56,26,392.00,"10,192.00"
2019-01-15,2019011501004108,NICL,43,21,500,583.00,"291,500.00"
2019-01-15,2019011501004107,NICL,43,34,200,583.00,"116,600.00"
2019-01-15,2019011501004106,NICL,43,32,200,583.00,"116,600.00"
2019-01-15,2019011501004105,NICL,43,45,"1,000",582.00,"582,000.00"
2019-01-15,2019011501003892,NICL,39,26,19,580.00,"11,020.00"
2019-01-15,2019011501003891,NICL,39,19,200,579.00,"115,800.00"
2019-01-15,2019011501003890,NICL,39,34,"1,000",579.00,"579,000.00"
2019-01-15,2019011501003889,NICL,39,45,200,579.00,"115,800.00"
2019-01-15,2019011501004012,NICL,36,36,25,581.00,"14,525.00"
2019-01-15,2019011501004011,NICL,36,45,200,581.00,"116,200.00"
2019-01-15,2019011501003937,NICL,43,34,"1,000",580.00,"580,000.00"
2019-01-15,2019011501003936,NICL,43,34,419,580.00,"243,020.00"
2019-01-15,2019011501003893,NICL,39,34,581,580.00,"336,980.00"
2019-01-15,2019011501003958,NIL,13,1,200,557.00,"111,400.00"
2019-01-15,2019011501003957,NIL,13,39,200,556.00,"111,200.00"
2019-01-15,2019011501003881,NIL,39,42,198,555.00,"109,890.00"
2019-01-15,2019011501003880,NIL,39,49,100,554.00,"55,400.00"
2019-01-15,2019011501003879,NIL,39,58,"1,000",554.00,"554,000.00"
2019-01-15,2019011501003878,NIL,39,14,100,553.00,"55,300.00"
2019-01-15,2019011501003721,NIL,57,48,160,550.00,"88,000.00"
2019-01-15,2019011501003719,NIL,57,1,90,550.00,"49,500.00"
2019-01-15,2019011501003718,NIL,53,1,10,550.00,"5,500.00"
2019-01-15,2019011501004065,NLBBL,42,22,100,483.00,"48,300.00"
2019-01-15,2019011501003792,NLBBL,1,22,10,492.00,"4,920.00"
2019-01-15,2019011501003711,NLBBL,50,16,200,484.00,"96,800.00"
2019-01-15,2019011501003705,NLBBL,50,22,15,483.00,"7,245.00"
2019-01-15,2019011501004018,NLG,45,43,50,885.00,"44,250.00"
2019-01-15,2019011501004086,NLIC,4,44,17,"1,136.00","19,312.00"
2019-01-15,2019011501003895,NLIC,45,17,112,"1,139.00","127,568.00"
2019-01-15,2019011501003806,NLIC,40,17,42,"1,139.00","47,838.00"
2019-01-15,2019011501003805,NLIC,40,43,58,"1,139.00","66,062.00"
2019-01-15,2019011501003801,NLIC,19,43,21,"1,139.00","23,919.00"
2019-01-15,2019011501003800,NLIC,19,33,43,"1,139.00","48,977.00"
2019-01-15,2019011501003799,NLIC,19,57,236,"1,138.00","268,568.00"
2019-01-15,2019011501003708,NLIC,49,33,200,"1,139.00","227,800.00"
2019-01-15,2019011501003680,NLIC,50,28,70,"1,132.00","79,240.00"
2019-01-15,2019011501003679,NLIC,59,28,60,"1,132.00","67,920.00"
2019-01-15,2019011501003917,NLICL,39,41,160,715.00,"114,400.00"
2019-01-15,2019011501003916,NLICL,39,43,780,715.00,"557,700.00"
2019-01-15,2019011501003915,NLICL,39,35,100,714.00,"71,400.00"
2019-01-15,2019011501003914,NLICL,39,54,400,714.00,"285,600.00"
2019-01-15,2019011501003913,NLICL,39,53,300,713.00,"213,900.00"
2019-01-15,2019011501003751,NLICL,56,49,110,713.00,"78,430.00"
2019-01-15,2019011501004058,NMB,10,44,100,327.00,"32,700.00"
2019-01-15,2019011501004057,NMB,21,44,200,327.00,"65,400.00"
2019-01-15,2019011501004056,NMB,57,44,142,327.00,"46,434.00"
2019-01-15,2019011501004044,NMB,21,54,200,328.00,"65,600.00"
2019-01-15,2019011501003816,NMB,57,7,87,327.00,"28,449.00"
2019-01-15,2019011501003700,NMB,57,26,80,327.00,"26,160.00"
2019-01-15,2019011501003678,NMB,57,26,11,327.00,"3,597.00"
2019-01-15,2019011501003901,NUBL,17,41,50,780.00,"39,000.00"
2019-01-15,2019011501003900,NUBL,17,47,20,780.00,"15,600.00"
2019-01-15,2019011501003899,NUBL,17,47,10,780.00,"7,800.00"
2019-01-15,2019011501003898,NUBL,17,45,30,778.00,"23,340.00"
2019-01-15,2019011501003897,NUBL,17,6,10,778.00,"7,780.00"
2019-01-15,2019011501003681,NUBL,34,6,10,778.00,"7,780.00"
2019-01-15,2019011501004102,PCBL,4,26,100,329.00,"32,900.00"
2019-01-15,2019011501003992,PCBL,47,39,"1,924",330.00,"634,920.00"
2019-01-15,2019011501003991,PCBL,47,49,26,330.00,"8,580.00"
2019-01-15,2019011501003990,PCBL,47,21,50,330.00,"16,500.00"
2019-01-15,2019011501003663,PCBL,21,55,11,328.00,"3,608.00"
2019-01-15,2019011501004021,PFL,13,44,500,136.00,"68,000.00"
2019-01-15,2019011501003823,PIC,40,59,11,"1,082.00","11,902.00"
2019-01-15,2019011501003683,PIC,40,59,11,"1,082.00","11,902.00"
2019-01-15,2019011501004055,PICL,14,25,50,731.00,"36,550.00"
2019-01-15,2019011501003808,PLIC,40,45,150,518.00,"77,700.00"
2019-01-15,2019011501004116,PMHPL,43,47,20,118.00,"2,360.00"
2019-01-15,2019011501004088,PMHPL,43,45,10,117.00,"1,170.00"
2019-01-15,2019011501004087,PMHPL,43,45,10,116.00,"1,160.00"
2019-01-15,2019011501004079,PMHPL,43,5,10,115.00,"1,150.00"
2019-01-15,2019011501004078,PMHPL,43,43,10,115.00,"1,150.00"
2019-01-15,2019011501004043,PMHPL,49,22,10,113.00,"1,130.00"
2019-01-15,2019011501004022,PMHPL,39,22,10,114.00,"1,140.00"
2019-01-15,2019011501003747,PMHPL,39,25,10,114.00,"1,140.00"
2019-01-15,2019011501003655,PMHPL,39,42,10,114.00,"1,140.00"
2019-01-15,2019011501003964,PRIN,51,44,400,469.00,"187,600.00"
2019-01-15,2019011501003943,PRIN,46,44,100,469.00,"46,900.00"
2019-01-15,2019011501003797,PRIN,49,46,350,468.00,"163,800.00"
2019-01-15,2019011501003796,PRIN,49,22,500,468.00,"234,000.00"
2019-01-15,2019011501003795,PRIN,49,22,30,468.00,"14,040.00"
2019-01-15,2019011501003794,PRIN,49,22,50,468.00,"23,400.00"
2019-01-15,2019011501003766,PRIN,25,22,200,467.00,"93,400.00"
2019-01-15,2019011501003765,PRIN,25,32,50,467.00,"23,350.00"
2019-01-15,2019011501003764,PRIN,25,33,125,467.00,"58,375.00"
2019-01-15,2019011501004085,PRVU,28,39,"1,850",248.00,"458,800.00"
2019-01-15,2019011501003962,PRVU,28,49,100,248.00,"24,800.00"
2019-01-15,2019011501003961,PRVU,28,21,50,248.00,"12,400.00"
2019-01-15,2019011501004049,PURBL,55,55,353,150.00,"52,950.00"
2019-01-15,2019011501003833,PURBL,29,55,400,150.00,"60,000.00"
2019-01-15,2019011501003832,PURBL,4,55,50,150.00,"7,500.00"
2019-01-15,2019011501003831,PURBL,57,55,100,150.00,"15,000.00"
2019-01-15,2019011501004089,RADHI,50,26,11,166.00,"1,826.00"
2019-01-15,2019011501003995,RADHI,50,56,11,166.00,"1,826.00"
2019-01-15,2019011501003692,RADHI,50,59,11,166.00,"1,826.00"
2019-01-15,2019011501003640,RADHI,50,42,11,166.00,"1,826.00"
2019-01-15,2019011501004100,RBCL,4,59,30,"9,800.00","294,000.00"
2019-01-15,2019011501004093,RBCL,4,21,10,"9,800.00","98,000.00"
2019-01-15,2019011501004092,RBCL,4,14,30,"9,800.00","294,000.00"
2019-01-15,2019011501004091,RBCL,4,39,10,"9,800.00","98,000.00"
2019-01-15,2019011501004090,RBCL,4,49,20,"9,800.00","196,000.00"
2019-01-15,2019011501004075,RBCL,58,59,12,"9,700.00","116,400.00"
2019-01-15,2019011501004066,RBCL,49,59,20,"9,700.00","194,000.00"
2019-01-15,2019011501003886,RBCL,26,59,18,"9,700.00","174,600.00"
2019-01-15,2019011501004134,RBCLPO,25,55,25,"9,100.00","227,500.00"
2019-01-15,2019011501003954,RBCLPO,59,8,10,"9,000.00","90,000.00"
2019-01-15,2019011501003956,RHPC,50,39,14,102.00,"1,428.00"
2019-01-15,2019011501003653,RMDC,29,5,52,555.00,"28,860.00"
2019-01-15,2019011501003652,RMDC,29,41,13,555.00,"7,215.00"
2019-01-15,2019011501003651,RMDC,29,25,40,555.00,"22,200.00"
2019-01-15,2019011501003752,RRHP,14,25,10,103.00,"1,030.00"
2019-01-15,2019011501004081,RSDC,34,6,10,397.00,"3,970.00"
2019-01-15,2019011501004080,RSDC,34,6,90,397.00,"35,730.00"
2019-01-15,2019011501004024,RSDC,39,6,10,397.00,"3,970.00"
2019-01-15,2019011501003825,RSDC,22,6,100,397.00,"39,700.00"
2019-01-15,2019011501003918,SADBL,28,56,"1,000",144.00,"144,000.00"
2019-01-15,2019011501003673,SADBL,6,59,"1,880",145.00,"272,600.00"
2019-01-15,2019011501003643,SADBL,6,49,200,145.00,"29,000.00"
2019-01-15,2019011501003931,SANIMA,28,35,"1,000",308.00,"308,000.00"
2019-01-15,2019011501003894,SANIMA,14,36,305,308.00,"93,940.00"
2019-01-15,2019011501003945,SBI,17,42,40,392.00,"15,680.00"
2019-01-15,2019011501004104,SBL,44,48,69,293.00,"20,217.00"
2019-01-15,2019011501004103,SBL,32,48,331,293.00,"96,983.00"
2019-01-15,2019011501003672,SBL,43,36,100,294.00,"29,400.00"
2019-01-15,2019011501003649,SBL,42,1,100,295.00,"29,500.00"
2019-01-15,2019011501003637,SBL,43,36,400,294.00,"117,600.00"
2019-01-15,2019011501003919,SCB,47,47,100,590.00,"59,000.00"
2019-01-15,2019011501004125,SDESI,33,42,47,635.00,"29,845.00"
2019-01-15,2019011501003855,SDESI,17,53,50,635.00,"31,750.00"
2019-01-15,2019011501003854,SDESI,17,50,20,635.00,"12,700.00"
2019-01-15,2019011501003853,SDESI,17,53,512,635.00,"325,120.00"
2019-01-15,2019011501003847,SDESI,33,43,272,634.00,"172,448.00"
2019-01-15,2019011501003829,SDESI,17,35,100,633.00,"63,300.00"
2019-01-15,2019011501003828,SDESI,17,28,52,632.00,"32,864.00"
2019-01-15,2019011501003815,SDESI,33,42,100,630.00,"63,000.00"
2019-01-15,2019011501003743,SDESI,42,28,20,632.00,"12,640.00"
2019-01-15,2019011501003682,SDESI,33,22,101,630.00,"63,630.00"
2019-01-15,2019011501003884,SEF,34,4,"20,000",9.30,"186,000.00"
2019-01-15,2019011501003883,SEF,5,4,200,9.38,"1,876.00"
2019-01-15,2019011501004070,SHINE,14,58,700,245.00,"171,500.00"
2019-01-15,2019011501004028,SHINE,22,58,300,245.00,"73,500.00"
2019-01-15,2019011501004074,SICL,6,44,96,950.00,"91,200.00"
2019-01-15,2019011501004063,SIL,6,43,670,668.00,"447,560.00"
2019-01-15,2019011501004062,SIL,6,47,40,668.00,"26,720.00"
2019-01-15,2019011501004046,SIL,53,48,200,667.00,"133,400.00"
2019-01-15,2019011501004045,SIL,53,17,100,667.00,"66,700.00"
2019-01-15,2019011501003942,SIL,6,51,50,665.00,"33,250.00"
2019-01-15,2019011501004083,SKBBL,46,26,149,"1,089.00","162,261.00"
2019-01-15,2019011501004082,SKBBL,46,48,51,"1,087.00","55,437.00"
2019-01-15,2019011501004007,SKBBL,48,40,164,"1,085.00","177,940.00"
2019-01-15,2019011501004006,SKBBL,48,4,40,"1,084.00","43,360.00"
2019-01-15,2019011501003959,SKBBL,57,34,17,"1,083.00","18,411.00"
2019-01-15,2019011501003949,SKBBL,50,26,160,"1,076.00","172,160.00"
2019-01-15,2019011501003658,SKBBL,57,49,103,"1,082.00","111,446.00"
2019-01-15,2019011501003638,SKBBL,44,56,489,"1,080.00","528,120.00"
2019-01-15,2019011501003948,SKBBL,11,26,10,"1,079.00","10,790.00"
2019-01-15,2019011501003947,SKBBL,53,26,18,"1,079.00","19,422.00"
2019-01-15,2019011501003946,SKBBL,42,26,12,"1,080.00","12,960.00"
2019-01-15,2019011501003938,SKBBL,57,34,30,"1,083.00","32,490.00"
2019-01-15,2019011501003707,SKBBL,57,49,50,"1,083.00","54,150.00"
2019-01-15,2019011501003706,SKBBL,57,34,20,"1,083.00","21,660.00"
2019-01-15,2019011501003804,SLBBL,34,7,40,541.00,"21,640.00"
2019-01-15,2019011501003803,SLBBL,51,7,100,541.00,"54,100.00"
2019-01-15,2019011501003802,SLBBL,34,7,10,542.00,"5,420.00"
2019-01-15,2019011501003989,SLICL,26,6,50,584.00,"29,200.00"
2019-01-15,2019011501003941,SLICL,26,16,100,582.00,"58,200.00"
2019-01-15,2019011501003940,SLICL,26,10,367,581.00,"213,227.00"
2019-01-15,2019011501003939,SLICL,26,22,100,580.00,"58,000.00"
2019-01-15,2019011501003840,SLICL,39,50,200,580.00,"116,000.00"
2019-01-15,2019011501003839,SLICL,39,57,100,580.00,"58,000.00"
2019-01-15,2019011501003838,SLICL,39,44,100,580.00,"58,000.00"
2019-01-15,2019011501003837,SLICL,39,16,100,579.00,"57,900.00"
2019-01-15,2019011501003836,SLICL,39,57,300,578.00,"173,400.00"
2019-01-15,2019011501003912,SWBBL,41,41,20,875.00,"17,500.00"
2019-01-15,2019011501004135,WOMI,32,28,74,"1,138.00","84,212.00"
2019-01-15,2019011501004114,WOMI,55,28,200,"1,138.00","227,600.00"
2019-01-15,2019011501004113,WOMI,25,28,15,"1,140.00","17,100.00"
2019-01-15,2019011501004112,WOMI,34,28,50,"1,140.00","57,000.00"
2019-01-15,2019011501004111,WOMI,50,28,39,"1,141.00","44,499.00"
2019-01-15,2019011501003726,WOMI,50,28,50,"1,145.00","57,250.00"
2019-01-15,2019011501003712,WOMI,50,37,11,"1,141.00","12,551.00"
2019-01-15,2019011501003473,ADBL,37,45,82,349.00,"28,618.00"
2019-01-15,2019011501003256,ADBL,37,45,82,349.00,"28,618.00"
2019-01-15,2019011501003606,AKJCL,22,48,20,91.00,"1,820.00"
2019-01-15,2019011501003504,AKJCL,22,48,20,91.00,"1,820.00"
2019-01-15,2019011501003244,AKJCL,22,42,10,91.00,910.00
2019-01-15,2019011501003221,AKJCL,22,42,10,91.00,910.00
2019-01-15,2019011501003359,AKPL,21,38,12,186.00,"2,232.00"
2019-01-15,2019011501003484,AMFI,48,44,10,755.00,"7,550.00"
2019-01-15,2019011501003323,API,25,29,40,154.00,"6,160.00"
2019-01-15,2019011501003240,API,50,26,200,153.00,"30,600.00"
2019-01-15,2019011501003239,API,50,54,300,153.00,"45,900.00"
2019-01-15,2019011501003634,BOKL,53,25,22,271.00,"5,962.00"
2019-01-15,2019011501003633,BOKL,22,25,478,271.00,"129,538.00"
2019-01-15,2019011501003569,BOKL,22,25,22,271.00,"5,962.00"
2019-01-15,2019011501003568,BOKL,32,25,500,271.00,"135,500.00"
2019-01-15,2019011501003567,BOKL,17,25,478,271.00,"129,538.00"
2019-01-15,2019011501003550,BOKL,17,25,22,271.00,"5,962.00"
2019-01-15,2019011501003300,BOKL,51,25,24,271.00,"6,504.00"
2019-01-15,2019011501003299,BOKL,56,25,50,271.00,"13,550.00"
2019-01-15,2019011501003298,BOKL,28,25,300,271.00,"81,300.00"
2019-01-15,2019011501003297,BOKL,50,25,50,271.00,"13,550.00"
2019-01-15,2019011501003296,BOKL,17,25,100,271.00,"27,100.00"
2019-01-15,2019011501003295,BOKL,58,25,40,271.00,"10,840.00"
2019-01-15,2019011501003549,BOKL,51,25,176,271.00,"47,696.00"
2019-01-15,2019011501003507,BOKL,51,25,100,272.00,"27,200.00"
2019-01-15,2019011501003461,BOKL,51,39,100,272.00,"27,200.00"
2019-01-15,2019011501003381,BOKL,58,39,100,272.00,"27,200.00"
2019-01-15,2019011501003374,BOKL,6,39,100,272.00,"27,200.00"
2019-01-15,2019011501003319,BOKL,34,39,100,272.00,"27,200.00"
2019-01-15,2019011501003397,BPCL,58,50,20,393.00,"7,860.00"
2019-01-15,2019011501003378,BPCL,58,40,120,378.00,"45,360.00"
2019-01-15,2019011501003259,BPCL,58,59,20,377.00,"7,540.00"
2019-01-15,2019011501003573,CBBL,5,14,40,872.00,"34,880.00"
2019-01-15,2019011501003572,CBBL,5,29,100,872.00,"87,200.00"
2019-01-15,2019011501003559,CBBL,52,34,20,870.00,"17,400.00"
2019-01-15,2019011501003380,CBBL,40,50,88,870.00,"76,560.00"
2019-01-15,2019011501003324,CBBL,36,45,500,871.00,"435,500.00"
2019-01-15,2019011501003316,CBBL,40,3,62,870.00,"53,940.00"
2019-01-15,2019011501003570,CBL,6,49,500,163.00,"81,500.00"
2019-01-15,2019011501003367,CBL,34,45,167,163.00,"27,221.00"
2019-01-15,2019011501003196,CBL,37,13,100,164.00,"16,400.00"
2019-01-15,2019011501003187,CBL,51,13,10,164.00,"1,640.00"
2019-01-15,2019011501003431,CHCL,36,37,200,545.00,"109,000.00"
2019-01-15,2019011501003257,CHL,50,42,10,104.00,"1,040.00"
2019-01-15,2019011501003596,CIT,25,5,84,"2,870.00","241,080.00"
2019-01-15,2019011501003580,CIT,53,5,100,"2,870.00","287,000.00"
2019-01-15,2019011501003558,CIT,53,58,100,"2,871.00","287,100.00"
2019-01-15,2019011501003553,CIT,42,19,10,"2,872.00","28,720.00"
2019-01-15,2019011501003499,CIT,58,34,379,"2,873.00","1,088,867.00"
2019-01-15,2019011501003487,CIT,58,57,121,"2,872.00","347,512.00"
2019-01-15,2019011501003206,CIT,6,5,10,"2,870.00","28,700.00"
2019-01-15,2019011501003174,CIT,38,58,90,"2,869.00","258,210.00"
2019-01-15,2019011501003137,CIT,26,58,10,"2,869.00","28,690.00"
2019-01-15,2019011501003444,CIT,19,43,200,"2,870.00","574,000.00"
2019-01-15,2019011501003260,CIT,26,26,20,"2,871.00","57,420.00"
2019-01-15,2019011501003227,CIT,57,26,100,"2,871.00","287,100.00"
2019-01-15,2019011501003214,CIT,57,26,42,"2,871.00","120,582.00"
2019-01-15,2019011501003213,CIT,57,19,50,"2,870.00","143,500.00"
2019-01-15,2019011501003212,CIT,57,50,38,"2,870.00","109,060.00"
2019-01-15,2019011501003479,CIT,45,57,100,"2,872.00","287,200.00"
2019-01-15,2019011501003478,CIT,32,57,79,"2,872.00","226,888.00"
2019-01-15,2019011501003477,CIT,32,1,21,"2,872.00","60,312.00"
2019-01-15,2019011501003466,CIT,58,17,96,"2,872.00","275,712.00"
2019-01-15,2019011501003465,CIT,58,26,104,"2,871.00","298,584.00"
2019-01-15,2019011501003459,CIT,29,26,10,"2,871.00","28,710.00"
2019-01-15,2019011501003628,CZBIL,26,40,300,218.00,"65,400.00"
2019-01-15,2019011501003627,CZBIL,26,42,950,218.00,"207,100.00"
2019-01-15,2019011501003611,CZBIL,34,48,151,217.00,"32,767.00"
2019-01-15,2019011501003610,CZBIL,34,13,86,217.00,"18,662.00"
2019-01-15,2019011501003609,CZBIL,34,22,200,217.00,"43,400.00"
2019-01-15,2019011501003608,CZBIL,34,21,395,217.00,"85,715.00"
2019-01-15,2019011501003410,CZBIL,29,6,196,216.00,"42,336.00"
2019-01-15,2019011501003409,CZBIL,1,6,200,216.00,"43,200.00"
2019-01-15,2019011501003348,DBBL,1,41,24,126.00,"3,024.00"
2019-01-15,2019011501003347,DBBL,17,41,976,126.00,"122,976.00"
2019-01-15,2019011501003346,DBBL,5,41,500,127.00,"63,500.00"
2019-01-15,2019011501003530,DDBL,48,45,140,597.00,"83,580.00"
2019-01-15,2019011501003439,DDBL,47,44,331,596.00,"197,276.00"
2019-01-15,2019011501003377,DDBL,54,21,10,590.00,"5,900.00"
2019-01-15,2019011501003376,DDBL,54,21,10,590.00,"5,900.00"
2019-01-15,2019011501003375,DDBL,54,25,47,589.00,"27,683.00"
2019-01-15,2019011501003247,EBL,39,45,20,538.00,"10,760.00"
2019-01-15,2019011501003178,EBL,32,32,"1,000",537.00,"537,000.00"
2019-01-15,2019011501003141,EBL,14,25,500,537.00,"268,500.00"
2019-01-15,2019011501003581,EIC,7,43,17,872.00,"14,824.00"
2019-01-15,2019011501003539,EIC,36,44,400,872.00,"348,800.00"
2019-01-15,2019011501003396,EIC,7,17,180,870.00,"156,600.00"
2019-01-15,2019011501003412,FMDBL,28,33,38,392.00,"14,896.00"
2019-01-15,2019011501003411,FMDBL,28,19,265,392.00,"103,880.00"
2019-01-15,2019011501003394,FMDBL,37,28,170,391.00,"66,470.00"
2019-01-15,2019011501003286,FMDBL,17,28,30,391.00,"11,730.00"
2019-01-15,2019011501003605,FOWAD,28,7,20,"1,540.00","30,800.00"
2019-01-15,2019011501003604,FOWAD,28,29,30,"1,540.00","46,200.00"
2019-01-15,2019011501003603,FOWAD,28,17,68,"1,540.00","104,720.00"
2019-01-15,2019011501003602,FOWAD,28,17,13,"1,540.00","20,020.00"
2019-01-15,2019011501003601,FOWAD,28,39,15,"1,538.00","23,070.00"
2019-01-15,2019011501003170,GBBL,41,45,173,186.00,"32,178.00"
2019-01-15,2019011501003574,GBIME,42,45,15,270.00,"4,050.00"
2019-01-15,2019011501003520,GBIME,42,45,72,270.00,"19,440.00"
2019-01-15,2019011501003519,GBIME,42,45,25,270.00,"6,750.00"
2019-01-15,2019011501003577,GBLBS,1,6,100,463.00,"46,300.00"
2019-01-15,2019011501003486,GBLBS,1,6,30,463.00,"13,890.00"
2019-01-15,2019011501003480,GBLBS,1,59,10,460.00,"4,600.00"
2019-01-15,2019011501003476,GBLBS,1,19,10,460.00,"4,600.00"
2019-01-15,2019011501003427,GBLBS,48,19,390,460.00,"179,400.00"
2019-01-15,2019011501003419,GBLBS,40,59,100,457.00,"45,700.00"
2019-01-15,2019011501003151,GBLBS,16,58,14,450.00,"6,300.00"
2019-01-15,2019011501003150,GBLBS,16,13,100,450.00,"45,000.00"
2019-01-15,2019011501003167,GBLBS,16,35,650,450.00,"292,500.00"
2019-01-15,2019011501003166,GBLBS,16,51,150,449.00,"67,350.00"
2019-01-15,2019011501003165,GBLBS,58,51,350,449.00,"157,150.00"
2019-01-15,2019011501003154,GBLBS,16,35,476,450.00,"214,200.00"
2019-01-15,2019011501003153,GBLBS,16,35,350,450.00,"157,500.00"
2019-01-15,2019011501003152,GBLBS,16,58,60,450.00,"27,000.00"
2019-01-15,2019011501003290,GBLBS,1,42,50,455.00,"22,750.00"
2019-01-15,2019011501003289,GBLBS,1,28,120,454.00,"54,480.00"
2019-01-15,2019011501003243,GBLBS,53,28,380,454.00,"172,520.00"
2019-01-15,2019011501003242,GBLBS,53,6,100,453.00,"45,300.00"
2019-01-15,2019011501003241,GBLBS,53,42,20,452.00,"9,040.00"
2019-01-15,2019011501003180,GBLBS,16,35,128,450.00,"57,600.00"
2019-01-15,2019011501003418,GBLBS,40,3,100,457.00,"45,700.00"
2019-01-15,2019011501003417,GBLBS,40,1,30,457.00,"13,710.00"
2019-01-15,2019011501003416,GBLBS,40,53,100,456.00,"45,600.00"
2019-01-15,2019011501003293,GBLBS,1,57,170,455.00,"77,350.00"
2019-01-15,2019011501003292,GBLBS,1,7,200,455.00,"91,000.00"
2019-01-15,2019011501003291,GBLBS,1,34,200,455.00,"91,000.00"
2019-01-15,2019011501003322,GDBL,59,1,"1,500",190.00,"285,000.00"
2019-01-15,2019011501003401,GDBL,59,1,"1,000",189.00,"189,000.00"
2019-01-15,2019011501003400,GDBL,38,1,183,189.00,"34,587.00"
2019-01-15,2019011501003405,GDBL,49,1,"1,000",188.00,"188,000.00"
2019-01-15,2019011501003404,GDBL,59,1,50,188.00,"9,400.00"
2019-01-15,2019011501003403,GDBL,13,1,300,188.00,"56,400.00"
2019-01-15,2019011501003402,GDBL,1,1,91,188.00,"17,108.00"
2019-01-15,2019011501003222,GILB,44,34,10,"1,219.00","12,190.00"
2019-01-15,2019011501003159,GLICL,50,41,250,740.00,"185,000.00"
2019-01-15,2019011501003158,GLICL,50,50,190,740.00,"140,600.00"
2019-01-15,2019011501003157,GLICL,50,58,100,740.00,"74,000.00"
2019-01-15,2019011501003156,GLICL,50,49,94,740.00,"69,560.00"
2019-01-15,2019011501003155,GLICL,50,52,33,739.00,"24,387.00"
2019-01-15,2019011501003531,HATH,22,45,80,118.00,"9,440.00"
2019-01-15,2019011501003583,HBL,25,45,324,457.00,"148,068.00"
2019-01-15,2019011501003582,HBL,17,45,10,465.00,"4,650.00"
2019-01-15,2019011501003236,HBL,39,32,16,465.00,"7,440.00"
2019-01-15,2019011501003144,HBL,57,32,234,465.00,"108,810.00"
2019-01-15,2019011501003143,HBL,57,5,100,465.00,"46,500.00"
2019-01-15,2019011501003142,HBL,57,10,166,464.00,"77,024.00"
2019-01-15,2019011501003338,HDL,14,45,110,"1,365.00","150,150.00"
2019-01-15,2019011501003622,HGI,39,41,134,410.00,"54,940.00"
2019-01-15,2019011501003607,HGI,21,8,21,409.00,"8,589.00"
2019-01-15,2019011501003510,HGI,40,8,19,410.00,"7,790.00"
2019-01-15,2019011501003354,HGI,40,55,500,410.00,"205,000.00"
2019-01-15,2019011501003353,HGI,40,17,31,410.00,"12,710.00"
2019-01-15,2019011501003321,HGI,21,7,50,409.00,"20,450.00"
2019-01-15,2019011501003320,HGI,39,7,50,409.00,"20,450.00"
2019-01-15,2019011501003270,HGI,34,17,169,410.00,"69,290.00"
2019-01-15,2019011501003269,HGI,34,1,31,410.00,"12,710.00"
2019-01-15,2019011501003578,HIDCL,56,44,301,151.00,"45,451.00"
2019-01-15,2019011501003468,HIDCL,19,44,100,151.00,"15,100.00"
2019-01-15,2019011501003435,HIDCL,26,44,500,151.00,"75,500.00"
2019-01-15,2019011501003434,HIDCL,38,44,99,151.00,"14,949.00"
2019-01-15,2019011501003318,HIDCL,38,18,56,151.00,"8,456.00"
2019-01-15,2019011501003388,ICFC,22,58,550,155.00,"85,250.00"
2019-01-15,2019011501003368,ICFC,43,58,500,155.00,"77,500.00"
2019-01-15,2019011501003197,ICFC,38,58,330,155.00,"51,150.00"
2019-01-15,2019011501003199,IGI,34,47,100,470.00,"47,000.00"
2019-01-15,2019011501003191,IGI,26,8,100,470.00,"47,000.00"
2019-01-15,2019011501003358,JBBL,38,42,400,138.00,"55,200.00"
2019-01-15,2019011501003357,JBBL,38,21,100,138.00,"13,800.00"
2019-01-15,2019011501003275,JBBL,35,21,100,138.00,"13,800.00"
2019-01-15,2019011501003192,JBBL,49,45,31,137.00,"4,247.00"
2019-01-15,2019011501003516,JBNL,26,54,494,171.00,"84,474.00"
2019-01-15,2019011501003515,JBNL,26,39,200,171.00,"34,200.00"
2019-01-15,2019011501003393,JBNL,49,48,200,171.00,"34,200.00"
2019-01-15,2019011501003190,JBNL,34,48,300,171.00,"51,300.00"
2019-01-15,2019011501003327,JSLBB,58,41,10,"2,940.00","29,400.00"
2019-01-15,2019011501003315,JSLBB,10,47,10,"2,939.00","29,390.00"
2019-01-15,2019011501003288,JSLBB,58,58,10,"2,910.00","29,100.00"
2019-01-15,2019011501003262,JSLBB,58,58,429,"2,853.00","1,223,937.00"
2019-01-15,2019011501003261,JSLBB,58,58,10,"2,855.00","28,550.00"
2019-01-15,2019011501003620,KBL,33,35,500,254.00,"127,000.00"
2019-01-15,2019011501003619,KBL,43,35,400,254.00,"101,600.00"
2019-01-15,2019011501003618,KBL,59,35,384,254.00,"97,536.00"
2019-01-15,2019011501003585,KBL,59,45,116,254.00,"29,464.00"
2019-01-15,2019011501003584,KBL,1,45,84,254.00,"21,336.00"
2019-01-15,2019011501003407,KKHC,29,39,16,98.00,"1,568.00"
2019-01-15,2019011501003430,KNBL,43,6,712,119.00,"84,728.00"
2019-01-15,2019011501003310,KPCL,22,13,10,101.00,"1,010.00"
2019-01-15,2019011501003309,KPCL,22,43,10,101.00,"1,010.00"
2019-01-15,2019011501003308,KPCL,22,42,10,101.00,"1,010.00"
2019-01-15,2019011501003307,KPCL,22,41,10,101.00,"1,010.00"
2019-01-15,2019011501003252,KPCL,18,42,10,100.00,"1,000.00"
2019-01-15,2019011501003207,KPCL,18,42,10,100.00,"1,000.00"
2019-01-15,2019011501003599,LBBL,21,16,600,172.00,"103,200.00"
2019-01-15,2019011501003598,LBBL,57,16,300,172.00,"51,600.00"
2019-01-15,2019011501003597,LBBL,57,16,82,172.00,"14,104.00"
2019-01-15,2019011501003217,LBBL,57,45,18,172.00,"3,096.00"
2019-01-15,2019011501003448,LBL,22,44,20,219.00,"4,380.00"
2019-01-15,2019011501003447,LBL,6,44,429,219.00,"93,951.00"
2019-01-15,2019011501003630,LGIL,34,38,500,554.00,"277,000.00"
2019-01-15,2019011501003586,LGIL,34,45,100,554.00,"55,400.00"
2019-01-15,2019011501003505,LGIL,57,49,150,555.00,"83,250.00"
2019-01-15,2019011501003267,LGIL,34,49,50,555.00,"27,750.00"
2019-01-15,2019011501003266,LGIL,34,29,200,555.00,"111,000.00"
2019-01-15,2019011501003265,LGIL,34,45,50,555.00,"27,750.00"
2019-01-15,2019011501003149,LGIL,14,45,400,552.00,"220,800.00"
2019-01-15,2019011501003632,MBL,5,36,300,209.00,"62,700.00"
2019-01-15,2019011501003631,MBL,22,36,100,209.00,"20,900.00"
2019-01-15,2019011501003635,MEGA,20,53,50,173.00,"8,650.00"
2019-01-15,2019011501003497,MEGA,56,5,300,172.00,"51,600.00"
2019-01-15,2019011501003496,MEGA,56,45,20,172.00,"3,440.00"
2019-01-15,2019011501003495,MEGA,56,17,207,172.00,"35,604.00"
2019-01-15,2019011501003494,MEGA,56,59,900,172.00,"154,800.00"
2019-01-15,2019011501003455,MEGA,50,57,537,171.00,"91,827.00"
2019-01-15,2019011501003361,MEGA,17,41,100,171.00,"17,100.00"
2019-01-15,2019011501003360,MEGA,59,41,80,171.00,"13,680.00"
2019-01-15,2019011501003387,MEGA,35,57,163,171.00,"27,873.00"
2019-01-15,2019011501003366,MEGA,35,41,37,171.00,"6,327.00"
2019-01-15,2019011501003365,MEGA,45,41,50,171.00,"8,550.00"
2019-01-15,2019011501003364,MEGA,53,41,130,171.00,"22,230.00"
2019-01-15,2019011501003363,MEGA,50,41,303,171.00,"51,813.00"
2019-01-15,2019011501003362,MEGA,43,41,300,171.00,"51,300.00"
2019-01-15,2019011501003557,MERO,58,1,30,"1,095.00","32,850.00"
2019-01-15,2019011501003294,MERO,58,48,12,"1,090.00","13,080.00"
2019-01-15,2019011501003189,MERO,58,50,15,"1,080.00","16,200.00"
2019-01-15,2019011501003188,MERO,58,50,15,"1,080.00","16,200.00"
2019-01-15,2019011501003179,MLBBL,55,52,50,663.00,"33,150.00"
2019-01-15,2019011501003204,MLBL,41,45,20,169.00,"3,380.00"
2019-01-15,2019011501003384,MMFDB,28,56,160,"1,029.00","164,640.00"
2019-01-15,2019011501003383,MMFDB,28,50,10,"1,029.00","10,290.00"
2019-01-15,2019011501003382,MMFDB,28,50,30,"1,028.00","30,840.00"
2019-01-15,2019011501003345,MMFDB,28,50,10,"1,025.00","10,250.00"
2019-01-15,2019011501003546,MNBBL,58,6,100,353.00,"35,300.00"
2019-01-15,2019011501003545,MNBBL,58,22,200,353.00,"70,600.00"
2019-01-15,2019011501003544,MNBBL,58,51,200,352.00,"70,400.00"
2019-01-15,2019011501003543,MNBBL,58,14,200,352.00,"70,400.00"
2019-01-15,2019011501003542,MNBBL,58,17,170,352.00,"59,840.00"
2019-01-15,2019011501003464,MNBBL,28,17,30,352.00,"10,560.00"
2019-01-15,2019011501003463,MNBBL,28,45,70,352.00,"24,640.00"
2019-01-15,2019011501003420,MNBBL,28,35,100,350.00,"35,000.00"
2019-01-15,2019011501003371,MNBBL,28,29,104,350.00,"36,400.00"
2019-01-15,2019011501003421,NABIL,45,38,250,840.00,"210,000.00"
2019-01-15,2019011501003335,NABIL,6,3,60,842.00,"50,520.00"
2019-01-15,2019011501003475,NABILP,6,59,375,729.00,"273,375.00"
2019-01-15,2019011501003474,NABILP,6,43,165,728.00,"120,120.00"
2019-01-15,2019011501003614,NADEP,58,42,10,808.00,"8,080.00"
2019-01-15,2019011501003575,NBB,47,35,33,190.00,"6,270.00"
2019-01-15,2019011501003314,NBBL,51,37,11,810.00,"8,910.00"
2019-01-15,2019011501003313,NBBL,51,39,50,800.00,"40,000.00"
2019-01-15,2019011501003312,NBBL,51,14,40,795.00,"31,800.00"
2019-01-15,2019011501003194,NBBL,55,14,50,795.00,"39,750.00"
2019-01-15,2019011501003147,NBL,29,47,387,298.00,"115,326.00"
2019-01-15,2019011501003146,NBL,56,47,100,298.00,"29,800.00"
2019-01-15,2019011501003145,NBL,13,47,513,298.00,"152,874.00"
2019-01-15,2019011501003136,NBL,6,28,300,299.00,"89,700.00"
2019-01-15,2019011501003540,NCCB,58,8,200,220.00,"44,000.00"
2019-01-15,2019011501003255,NCCB,13,56,208,220.00,"45,760.00"
2019-01-15,2019011501003254,NCCB,13,43,"1,000",220.00,"220,000.00"
2019-01-15,2019011501003253,NCCB,13,45,50,220.00,"11,000.00"
2019-01-15,2019011501003234,NCCB,48,8,419,219.00,"91,761.00"
2019-01-15,2019011501003233,NCCB,59,8,100,219.00,"21,900.00"
2019-01-15,2019011501003232,NCCB,45,8,"1,000",219.00,"219,000.00"
2019-01-15,2019011501003231,NCCB,33,8,500,219.00,"109,500.00"
2019-01-15,2019011501003230,NCCB,38,8,19,219.00,"4,161.00"
2019-01-15,2019011501003229,NCCB,33,8,962,219.00,"210,678.00"
2019-01-15,2019011501003391,NCDB,14,49,136,116.00,"15,776.00"
2019-01-15,2019011501003390,NCDB,43,49,117,117.00,"13,689.00"
2019-01-15,2019011501003595,NIB,32,49,100,548.00,"54,800.00"
2019-01-15,2019011501003594,NIB,28,49,50,548.00,"27,400.00"
2019-01-15,2019011501003593,NIB,42,49,10,548.00,"5,480.00"
2019-01-15,2019011501003592,NIB,22,49,20,548.00,"10,960.00"
2019-01-15,2019011501003591,NIB,35,49,20,549.00,"10,980.00"
2019-01-15,2019011501003472,NIB,55,54,50,549.00,"27,450.00"
2019-01-15,2019011501003263,NIB,40,6,100,550.00,"55,000.00"
2019-01-15,2019011501003228,NIB,39,6,20,550.00,"11,000.00"
2019-01-15,2019011501003211,NIB,21,6,50,550.00,"27,500.00"
2019-01-15,2019011501003186,NIB,57,6,80,550.00,"44,000.00"
2019-01-15,2019011501003185,NIB,57,55,420,550.00,"231,000.00"
2019-01-15,2019011501003471,NIB,42,54,50,549.00,"27,450.00"
2019-01-15,2019011501003456,NIB,42,55,37,549.00,"20,313.00"
2019-01-15,2019011501003352,NIB,42,10,61,549.00,"33,489.00"
2019-01-15,2019011501003351,NIB,42,10,89,549.00,"48,861.00"
2019-01-15,2019011501003329,NIB,42,18,11,549.00,"6,039.00"
2019-01-15,2019011501003328,NIB,45,18,26,549.00,"14,274.00"
2019-01-15,2019011501003590,NICA,34,14,20,392.00,"7,840.00"
2019-01-15,2019011501003491,NICA,34,4,"1,000",392.00,"392,000.00"
2019-01-15,2019011501003490,NICA,34,46,100,392.00,"39,200.00"
2019-01-15,2019011501003489,NICA,34,49,100,392.00,"39,200.00"
2019-01-15,2019011501003488,NICA,34,34,754,392.00,"295,568.00"
2019-01-15,2019011501003483,NICA,49,34,200,392.00,"78,400.00"
2019-01-15,2019011501003467,NICA,34,55,500,391.00,"195,500.00"
2019-01-15,2019011501003389,NICL,54,26,31,580.00,"17,980.00"
2019-01-15,2019011501003140,NICL,53,45,300,581.00,"174,300.00"
2019-01-15,2019011501003139,NICL,53,35,100,581.00,"58,100.00"
2019-01-15,2019011501003526,NIL,53,1,40,550.00,"22,000.00"
2019-01-15,2019011501003525,NIL,39,1,10,550.00,"5,500.00"
2019-01-15,2019011501003513,NIL,39,54,200,550.00,"110,000.00"
2019-01-15,2019011501003512,NIL,39,50,50,550.00,"27,500.00"
2019-01-15,2019011501003511,NIL,39,19,130,550.00,"71,500.00"
2019-01-15,2019011501003425,NIL,53,19,370,550.00,"203,500.00"
2019-01-15,2019011501003424,NIL,53,26,10,550.00,"5,500.00"
2019-01-15,2019011501003423,NIL,53,39,20,550.00,"11,000.00"
2019-01-15,2019011501003422,NIL,53,34,600,550.00,"330,000.00"
2019-01-15,2019011501003277,NIL,43,34,200,550.00,"110,000.00"
2019-01-15,2019011501003251,NIL,34,34,200,550.00,"110,000.00"
2019-01-15,2019011501003276,NLBBL,40,57,113,474.00,"53,562.00"
2019-01-15,2019011501003183,NLBBL,21,22,200,483.00,"96,600.00"
2019-01-15,2019011501003571,NLIC,59,45,40,"1,132.00","45,280.00"
2019-01-15,2019011501003566,NLIC,35,10,30,"1,134.00","34,020.00"
2019-01-15,2019011501003565,NLIC,35,55,150,"1,134.00","170,100.00"
2019-01-15,2019011501003564,NLIC,35,10,30,"1,134.00","34,020.00"
2019-01-15,2019011501003563,NLIC,35,10,69,"1,134.00","78,246.00"
2019-01-15,2019011501003562,NLIC,35,10,69,"1,134.00","78,246.00"
2019-01-15,2019011501003305,NLIC,46,34,200,"1,132.00","226,400.00"
2019-01-15,2019011501003210,NLIC,35,54,150,"1,130.00","169,500.00"
2019-01-15,2019011501003202,NLIC,25,54,30,"1,130.00","33,900.00"
2019-01-15,2019011501003201,NLIC,19,54,300,"1,130.00","339,000.00"
2019-01-15,2019011501003200,NLIC,52,54,20,"1,131.00","22,620.00"
2019-01-15,2019011501003195,NLIC,50,56,103,"1,135.00","116,905.00"
2019-01-15,2019011501003552,NLICL,37,49,90,713.00,"64,170.00"
2019-01-15,2019011501003551,NLICL,37,22,10,712.00,"7,120.00"
2019-01-15,2019011501003533,NLICL,34,22,90,712.00,"64,080.00"
2019-01-15,2019011501003498,NLICL,46,49,100,713.00,"71,300.00"
2019-01-15,2019011501003385,NLICL,52,53,100,713.00,"71,300.00"
2019-01-15,2019011501003370,NLICL,28,53,100,713.00,"71,300.00"
2019-01-15,2019011501003629,NMB,57,36,400,327.00,"130,800.00"
2019-01-15,2019011501003506,NMB,57,5,130,327.00,"42,510.00"
2019-01-15,2019011501003181,NMB,57,39,150,327.00,"49,050.00"
2019-01-15,2019011501003600,NMBHF1,5,47,"10,000",9.43,"94,300.00"
2019-01-15,2019011501003443,NMBMF,5,21,10,"1,203.00","12,030.00"
2019-01-15,2019011501003442,NMBMF,5,22,35,"1,202.00","42,070.00"
2019-01-15,2019011501003441,NMBMF,5,6,30,"1,202.00","36,060.00"
2019-01-15,2019011501003554,NMFBS,33,55,50,"1,618.00","80,900.00"
2019-01-15,2019011501003535,NMFBS,16,17,12,"1,600.00","19,200.00"
2019-01-15,2019011501003534,NMFBS,16,17,12,"1,600.00","19,200.00"
2019-01-15,2019011501003264,NTC,33,14,10,735.00,"7,350.00"
2019-01-15,2019011501003579,NUBL,39,45,100,775.00,"77,500.00"
2019-01-15,2019011501003193,NUBL,54,6,100,778.00,"77,800.00"
2019-01-15,2019011501003454,OHL,59,3,15,454.00,"6,810.00"
2019-01-15,2019011501003453,OHL,59,16,83,454.00,"37,682.00"
2019-01-15,2019011501003452,OHL,59,34,30,453.00,"13,590.00"
2019-01-15,2019011501003451,OHL,59,49,42,450.00,"18,900.00"
2019-01-15,2019011501003524,PCBL,21,53,52,328.00,"17,056.00"
2019-01-15,2019011501003523,PCBL,35,53,30,328.00,"9,840.00"
2019-01-15,2019011501003522,PCBL,40,53,400,329.00,"131,600.00"
2019-01-15,2019011501003521,PCBL,26,53,51,329.00,"16,779.00"
2019-01-15,2019011501003485,PCBL,26,10,64,329.00,"21,056.00"
2019-01-15,2019011501003613,PIC,25,45,93,"1,085.00","100,905.00"
2019-01-15,2019011501003587,PIC,25,45,50,"1,084.00","54,200.00"
2019-01-15,2019011501003556,PIC,40,53,29,"1,082.00","31,378.00"
2019-01-15,2019011501003555,PIC,1,53,89,"1,082.00","96,298.00"
2019-01-15,2019011501003458,PIC,1,59,11,"1,082.00","11,902.00"
2019-01-15,2019011501003446,PIC,33,7,411,"1,089.00","447,579.00"
2019-01-15,2019011501003176,PIC,25,45,50,"1,084.00","54,200.00"
2019-01-15,2019011501003175,PIC,25,56,505,"1,084.00","547,420.00"
2019-01-15,2019011501003238,PIC,25,7,50,"1,089.00","54,450.00"
2019-01-15,2019011501003237,PIC,25,32,95,"1,085.00","103,075.00"
2019-01-15,2019011501003224,PIC,40,6,99,"1,088.00","107,712.00"
2019-01-15,2019011501003223,PIC,40,29,11,"1,087.00","11,957.00"
2019-01-15,2019011501003184,PIC,25,19,50,"1,086.00","54,300.00"
2019-01-15,2019011501003177,PIC,25,22,150,"1,085.00","162,750.00"
2019-01-15,2019011501003445,PIC,33,45,11,"1,088.00","11,968.00"
2019-01-15,2019011501003428,PIC,38,38,11,"1,088.00","11,968.00"
2019-01-15,2019011501003408,PIC,25,7,50,"1,089.00","54,450.00"
2019-01-15,2019011501003392,PIC,25,5,20,"1,085.00","21,700.00"
2019-01-15,2019011501003331,PIC,25,41,200,"1,088.00","217,600.00"
2019-01-15,2019011501003285,PIC,4,7,10,"1,089.00","10,890.00"
2019-01-15,2019011501003209,PICL,14,48,200,733.00,"146,600.00"
2019-01-15,2019011501003208,PICL,14,53,500,732.00,"366,000.00"
2019-01-15,2019011501003529,PLIC,25,35,500,519.00,"259,500.00"
2019-01-15,2019011501003528,PLIC,25,7,50,519.00,"25,950.00"
2019-01-15,2019011501003527,PLIC,25,53,40,519.00,"20,760.00"
2019-01-15,2019011501003373,PLIC,33,53,60,519.00,"31,140.00"
2019-01-15,2019011501003372,PLIC,33,35,40,518.00,"20,720.00"
2019-01-15,2019011501003350,PLIC,33,35,10,518.00,"5,180.00"
2019-01-15,2019011501003349,PLIC,33,34,90,518.00,"46,620.00"
2019-01-15,2019011501003624,PMHPL,39,48,10,114.00,"1,140.00"
2019-01-15,2019011501003612,PMHPL,39,48,101,114.00,"11,514.00"
2019-01-15,2019011501003517,PMHPL,39,48,10,114.00,"1,140.00"
2019-01-15,2019011501003203,PMHPL,39,42,10,114.00,"1,140.00"
2019-01-15,2019011501003245,PRIN,58,22,50,468.00,"23,400.00"
2019-01-15,2019011501003235,PRIN,13,32,500,467.00,"233,500.00"
2019-01-15,2019011501003219,PRIN,13,45,450,466.00,"209,700.00"
2019-01-15,2019011501003205,PRIN,28,45,300,466.00,"139,800.00"
2019-01-15,2019011501003621,PRVU,6,45,226,247.00,"55,822.00"
2019-01-15,2019011501003589,PRVU,6,26,300,248.00,"74,400.00"
2019-01-15,2019011501003588,PRVU,6,53,100,248.00,"24,800.00"
2019-01-15,2019011501003537,PRVU,6,21,50,247.00,"12,350.00"
2019-01-15,2019011501003249,PRVU,6,5,150,247.00,"37,050.00"
2019-01-15,2019011501003248,PRVU,6,35,200,247.00,"49,400.00"
2019-01-15,2019011501003182,PRVU,26,53,100,246.00,"24,600.00"
2019-01-15,2019011501003340,PRVU,6,50,18,247.00,"4,446.00"
2019-01-15,2019011501003337,PRVU,26,46,40,246.00,"9,840.00"
2019-01-15,2019011501003304,PRVU,7,50,332,247.00,"82,004.00"
2019-01-15,2019011501003268,PRVU,26,46,30,246.00,"7,380.00"
2019-01-15,2019011501003250,PRVU,6,50,650,247.00,"160,550.00"
2019-01-15,2019011501003344,PRVU,6,54,300,247.00,"74,100.00"
2019-01-15,2019011501003343,PRVU,6,1,140,247.00,"34,580.00"
2019-01-15,2019011501003342,PRVU,6,25,200,247.00,"49,400.00"
2019-01-15,2019011501003341,PRVU,6,57,500,247.00,"123,500.00"
2019-01-15,2019011501003433,RADHI,50,59,11,166.00,"1,826.00"
2019-01-15,2019011501003399,RBCLPO,34,57,10,"8,999.00","89,990.00"
2019-01-15,2019011501003246,RBCLPO,34,33,10,"8,990.00","89,900.00"
2019-01-15,2019011501003216,RBCLPO,58,28,10,"8,989.00","89,890.00"
2019-01-15,2019011501003272,RHPC,50,1,218,102.00,"22,236.00"
2019-01-15,2019011501003271,RHPC,50,43,18,101.00,"1,818.00"
2019-01-15,2019011501003356,RMDC,34,25,10,555.00,"5,550.00"
2019-01-15,2019011501003355,RMDC,34,17,117,550.00,"64,350.00"
2019-01-15,2019011501003306,RMDC,34,17,100,550.00,"55,000.00"
2019-01-15,2019011501003303,RMDC,34,17,28,550.00,"15,400.00"
2019-01-15,2019011501003302,RMDC,34,28,40,550.00,"22,000.00"
2019-01-15,2019011501003301,RMDC,34,3,132,550.00,"72,600.00"
2019-01-15,2019011501003287,RMDC,34,3,68,550.00,"37,400.00"
2019-01-15,2019011501003168,RMDC,34,40,100,549.00,"54,900.00"
2019-01-15,2019011501003440,RRHP,38,38,10,104.00,"1,040.00"
2019-01-15,2019011501003615,RSDC,48,6,200,397.00,"79,400.00"
2019-01-15,2019011501003503,SADBL,6,37,218,147.00,"32,046.00"
2019-01-15,2019011501003502,SADBL,6,59,100,146.00,"14,600.00"
2019-01-15,2019011501003395,SADBL,59,37,10,147.00,"1,470.00"
2019-01-15,2019011501003284,SADBL,1,59,"1,000",145.00,"145,000.00"
2019-01-15,2019011501003283,SADBL,1,21,50,145.00,"7,250.00"
2019-01-15,2019011501003282,SADBL,1,59,500,144.00,"72,000.00"
2019-01-15,2019011501003281,SADBL,1,37,100,144.00,"14,400.00"
2019-01-15,2019011501003280,SADBL,1,32,"1,000",143.00,"143,000.00"
2019-01-15,2019011501003279,SADBL,1,14,100,143.00,"14,300.00"
2019-01-15,2019011501003278,SADBL,1,26,283,143.00,"40,469.00"
2019-01-15,2019011501003616,SANIMA,38,36,95,308.00,"29,260.00"
2019-01-15,2019011501003220,SANIMA,38,21,50,308.00,"15,400.00"
2019-01-15,2019011501003625,SBI,35,52,20,394.00,"7,880.00"
2019-01-15,2019011501003514,SBI,17,45,81,392.00,"31,752.00"
2019-01-15,2019011501003460,SBI,17,54,300,392.00,"117,600.00"
2019-01-15,2019011501003457,SBI,17,44,20,392.00,"7,840.00"
2019-01-15,2019011501003369,SBI,17,10,175,392.00,"68,600.00"
2019-01-15,2019011501003330,SBI,17,10,30,392.00,"11,760.00"
2019-01-15,2019011501003317,SBI,28,44,50,393.00,"19,650.00"
2019-01-15,2019011501003173,SBL,57,1,29,295.00,"8,555.00"
2019-01-15,2019011501003172,SBL,57,20,440,295.00,"129,800.00"
2019-01-15,2019011501003171,SBL,57,52,31,295.00,"9,145.00"
2019-01-15,2019011501003258,SDESI,48,42,100,630.00,"63,000.00"
2019-01-15,2019011501003218,SDESI,34,6,100,628.00,"62,800.00"
2019-01-15,2019011501003501,SFFIL,6,42,200,226.00,"45,200.00"
2019-01-15,2019011501003500,SFFIL,32,42,25,226.00,"5,650.00"
2019-01-15,2019011501003623,SHL,52,22,700,205.00,"143,500.00"
2019-01-15,2019011501003576,SHL,49,34,"1,265",204.00,"258,060.00"
2019-01-15,2019011501003561,SHL,49,34,737,204.00,"150,348.00"
2019-01-15,2019011501003560,SHL,54,34,100,204.00,"20,400.00"
2019-01-15,2019011501003325,SHL,41,22,300,205.00,"61,500.00"
2019-01-15,2019011501003426,SIC,42,49,100,"1,380.00","138,000.00"
2019-01-15,2019011501003547,SICL,6,10,10,950.00,"9,500.00"
2019-01-15,2019011501003538,SICL,38,10,117,951.00,"111,267.00"
2019-01-15,2019011501003518,SICL,38,49,43,955.00,"41,065.00"
2019-01-15,2019011501003406,SIFC,43,13,443,135.00,"59,805.00"
2019-01-15,2019011501003626,SKBBL,29,49,147,"1,082.00","159,054.00"
2019-01-15,2019011501003548,SKBBL,29,6,140,"1,082.00","151,480.00"
2019-01-15,2019011501003541,SKBBL,26,6,147,"1,082.00","159,054.00"
2019-01-15,2019011501003509,SKBBL,44,13,411,"1,080.00","443,880.00"
2019-01-15,2019011501003508,SKBBL,44,50,100,"1,080.00","108,000.00"
2019-01-15,2019011501003493,SKBBL,54,50,100,"1,080.00","108,000.00"
2019-01-15,2019011501003225,SKBBL,26,6,138,"1,076.00","148,488.00"
2019-01-15,2019011501003215,SKBBL,26,6,100,"1,076.00","107,600.00"
2019-01-15,2019011501003198,SKBBL,11,6,50,"1,076.00","53,800.00"
2019-01-15,2019011501003169,SKBBL,26,7,35,"1,075.00","37,625.00"
2019-01-15,2019011501003398,SKBBL,53,44,100,"1,077.00","107,700.00"
2019-01-15,2019011501003386,SKBBL,35,44,20,"1,077.00","21,540.00"
2019-01-15,2019011501003339,SKBBL,58,44,300,"1,077.00","323,100.00"
2019-01-15,2019011501003326,SKBBL,33,56,350,"1,076.00","376,600.00"
2019-01-15,2019011501003311,SKBBL,21,44,50,"1,077.00","53,850.00"
2019-01-15,2019011501003226,SKBBL,26,49,115,"1,076.00","123,740.00"
2019-01-15,2019011501003436,SKBBL,53,21,50,"1,079.00","53,950.00"
2019-01-15,2019011501003432,SKBBL,44,28,336,"1,078.00","362,208.00"
2019-01-15,2019011501003429,SKBBL,26,28,263,"1,078.00","283,514.00"
2019-01-15,2019011501003415,SKBBL,26,4,200,"1,078.00","215,600.00"
2019-01-15,2019011501003414,SKBBL,26,44,137,"1,077.00","147,549.00"
2019-01-15,2019011501003413,SKBBL,53,44,118,"1,077.00","127,086.00"
2019-01-15,2019011501003482,SKBBL,25,55,100,"1,080.00","108,000.00"
2019-01-15,2019011501003481,SKBBL,25,57,100,"1,080.00","108,000.00"
2019-01-15,2019011501003450,SKBBL,53,14,50,"1,079.00","53,950.00"
2019-01-15,2019011501003449,SKBBL,53,21,50,"1,079.00","53,950.00"
2019-01-15,2019011501003438,SKBBL,53,56,236,"1,078.00","254,408.00"
2019-01-15,2019011501003437,SKBBL,44,56,264,"1,078.00","284,592.00"
2019-01-15,2019011501003470,SLBBL,17,57,17,549.00,"9,333.00"
2019-01-15,2019011501003469,SLBBL,17,6,300,549.00,"164,700.00"
2019-01-15,2019011501003536,SLBS,39,22,18,"1,025.00","18,450.00"
2019-01-15,2019011501003617,SLICL,25,44,300,580.00,"174,000.00"
2019-01-15,2019011501003274,SLICL,19,44,150,580.00,"87,000.00"
2019-01-15,2019011501003148,SLICL,25,44,100,580.00,"58,000.00"
2019-01-15,2019011501003138,SLICL,25,44,250,580.00,"145,000.00"
2019-01-15,2019011501003336,SMATA,17,22,10,"1,175.00","11,750.00"
2019-01-15,2019011501003492,SMB,11,59,10,655.00,"6,550.00"
2019-01-15,2019011501003334,SMB,37,48,10,654.00,"6,540.00"
2019-01-15,2019011501003333,SMB,37,48,10,654.00,"6,540.00"
2019-01-15,2019011501003332,SMB,37,45,20,654.00,"13,080.00"
2019-01-15,2019011501003532,SRBL,28,45,52,215.00,"11,180.00"
2019-01-15,2019011501003164,SWBBL,54,48,485,870.00,"421,950.00"
2019-01-15,2019011501003163,SWBBL,54,13,50,868.00,"43,400.00"
2019-01-15,2019011501003162,SWBBL,54,35,380,867.00,"329,460.00"
2019-01-15,2019011501003161,SWBBL,54,35,200,867.00,"173,400.00"
2019-01-15,2019011501003160,SWBBL,54,37,86,865.00,"74,390.00"
2019-01-15,2019011501003379,UMHL,29,22,10,126.00,"1,260.00"
2019-01-15,2019011501003462,WOMI,34,47,50,"1,140.00","57,000.00"
2019-01-15,2019011501003273,WOMI,10,28,100,"1,145.00","114,500.00"
2019-01-15,2019011501002906,ADBL,47,8,"2,000",350.00,"700,000.00"
2019-01-15,2019011501003116,AHPC,35,39,83,105.00,"8,715.00"
2019-01-15,2019011501003010,AHPC,7,39,200,105.00,"21,000.00"
2019-01-15,2019011501002772,AHPC,7,22,91,105.00,"9,555.00"
2019-01-15,2019011501002735,AHPC,37,22,30,105.00,"3,150.00"
2019-01-15,2019011501003068,AKPL,45,39,10,184.00,"1,840.00"
2019-01-15,2019011501002978,ALICL,54,48,150,640.00,"96,000.00"
2019-01-15,2019011501002958,ALICL,54,50,50,640.00,"32,000.00"
2019-01-15,2019011501002771,ALICL,14,55,100,637.00,"63,700.00"
2019-01-15,2019011501002770,ALICL,14,48,200,637.00,"127,400.00"
2019-01-15,2019011501002738,ALICL,48,28,54,635.00,"34,290.00"
2019-01-15,2019011501002737,ALICL,48,25,100,635.00,"63,500.00"
2019-01-15,2019011501002711,ALICL,34,25,241,630.00,"151,830.00"
2019-01-15,2019011501002736,ALICL,48,43,46,632.00,"29,072.00"
2019-01-15,2019011501002716,ALICL,34,43,854,632.00,"539,728.00"
2019-01-15,2019011501002715,ALICL,34,55,100,632.00,"63,200.00"
2019-01-15,2019011501002714,ALICL,34,34,85,631.00,"53,635.00"
2019-01-15,2019011501002713,ALICL,34,16,170,631.00,"107,270.00"
2019-01-15,2019011501002712,ALICL,34,39,50,630.00,"31,500.00"
2019-01-15,2019011501003012,AMFI,6,35,20,741.00,"14,820.00"
2019-01-15,2019011501003011,AMFI,47,35,20,745.00,"14,900.00"
2019-01-15,2019011501003099,API,25,54,100,153.00,"15,300.00"
2019-01-15,2019011501003034,API,39,21,111,152.00,"16,872.00"
2019-01-15,2019011501002970,API,25,54,70,153.00,"10,710.00"
2019-01-15,2019011501002948,API,39,22,17,152.00,"2,584.00"
2019-01-15,2019011501002947,API,39,1,111,152.00,"16,872.00"
2019-01-15,2019011501002844,API,16,25,128,151.00,"19,328.00"
2019-01-15,2019011501002776,API,58,58,1,151.00,151.00
2019-01-15,2019011501002710,API,29,26,127,151.00,"19,177.00"
2019-01-15,2019011501002709,API,38,26,73,151.00,"11,023.00"
2019-01-15,2019011501002650,API,25,21,14,153.00,"2,142.00"
2019-01-15,2019011501002649,API,25,21,16,152.00,"2,432.00"
2019-01-15,2019011501002843,API,7,25,100,151.00,"15,100.00"
2019-01-15,2019011501002842,API,58,25,387,151.00,"58,437.00"
2019-01-15,2019011501002841,API,58,21,613,151.00,"92,563.00"
2019-01-15,2019011501002840,API,58,21,"1,000",151.00,"151,000.00"
2019-01-15,2019011501002839,API,29,21,73,151.00,"11,023.00"
2019-01-15,2019011501002783,API,39,1,100,152.00,"15,200.00"
2019-01-15,2019011501003016,BOKL,51,35,300,272.00,"81,600.00"
2019-01-15,2019011501003086,BPCL,58,40,10,378.00,"3,780.00"
2019-01-15,2019011501003085,BPCL,58,22,10,377.00,"3,770.00"
2019-01-15,2019011501003084,BPCL,58,43,10,376.00,"3,760.00"
2019-01-15,2019011501003083,BPCL,58,59,20,375.00,"7,500.00"
2019-01-15,2019011501003064,BPCL,58,56,10,373.00,"3,730.00"
2019-01-15,2019011501002965,BPCL,58,18,190,373.00,"70,870.00"
2019-01-15,2019011501002964,BPCL,40,18,100,373.00,"37,300.00"
2019-01-15,2019011501002963,BPCL,45,18,10,375.00,"3,750.00"
2019-01-15,2019011501002826,BPCL,45,41,10,375.00,"3,750.00"
2019-01-15,2019011501002759,BPCL,7,22,10,375.00,"3,750.00"
2019-01-15,2019011501002758,BPCL,7,47,50,375.00,"18,750.00"
2019-01-15,2019011501002927,CBBL,5,42,50,869.00,"43,450.00"
2019-01-15,2019011501003122,CBL,6,13,"1,000",163.00,"163,000.00"
2019-01-15,2019011501003121,CBL,6,55,78,163.00,"12,714.00"
2019-01-15,2019011501003120,CBL,6,49,140,163.00,"22,820.00"
2019-01-15,2019011501003092,CBL,41,49,100,163.00,"16,300.00"
2019-01-15,2019011501003074,CBL,39,49,"1,000",163.00,"163,000.00"
2019-01-15,2019011501003073,CCBL,7,42,147,170.00,"24,990.00"
2019-01-15,2019011501002957,CCBL,5,56,150,171.00,"25,650.00"
2019-01-15,2019011501002918,CCBL,29,56,10,171.00,"1,710.00"
2019-01-15,2019011501002898,CCBL,7,45,500,170.00,"85,000.00"
2019-01-15,2019011501002890,CCBL,22,45,500,170.00,"85,000.00"
2019-01-15,2019011501002854,CCBL,29,6,213,170.00,"36,210.00"
2019-01-15,2019011501002847,CCBL,29,45,"1,000",170.00,"170,000.00"
2019-01-15,2019011501002831,CCBL,29,45,"1,000",170.00,"170,000.00"
2019-01-15,2019011501002762,CCBL,58,58,5,170.00,850.00
2019-01-15,2019011501002723,CCBL,29,3,96,170.00,"16,320.00"
2019-01-15,2019011501003082,CIT,19,40,52,"2,864.00","148,928.00"
2019-01-15,2019011501003072,CIT,48,40,30,"2,864.00","85,920.00"
2019-01-15,2019011501003045,CIT,41,57,10,"2,860.00","28,600.00"
2019-01-15,2019011501003000,CIT,41,59,50,"2,860.00","143,000.00"
2019-01-15,2019011501002999,CIT,41,5,20,"2,860.00","57,200.00"
2019-01-15,2019011501002977,CIT,58,49,154,"2,858.00","440,132.00"
2019-01-15,2019011501002803,CIT,40,59,10,"2,850.00","28,500.00"
2019-01-15,2019011501002785,CIT,17,59,40,"2,850.00","114,000.00"
2019-01-15,2019011501002875,CIT,21,42,10,"2,850.00","28,500.00"
2019-01-15,2019011501002872,CIT,39,5,14,"2,855.00","39,970.00"
2019-01-15,2019011501002835,CIT,22,57,100,"2,855.00","285,500.00"
2019-01-15,2019011501002833,CIT,5,49,25,"2,858.00","71,450.00"
2019-01-15,2019011501002829,CIT,22,16,50,"2,855.00","142,750.00"
2019-01-15,2019011501002822,CIT,26,16,50,"2,855.00","142,750.00"
2019-01-15,2019011501002824,CLBSL,34,58,10,703.00,"7,030.00"
2019-01-15,2019011501002820,CLBSL,34,3,50,690.00,"34,500.00"
2019-01-15,2019011501002969,DBBL,32,29,500,128.00,"64,000.00"
2019-01-15,2019011501002899,DBBL,26,32,300,128.00,"38,400.00"
2019-01-15,2019011501002734,DBBL,33,32,200,128.00,"25,600.00"
2019-01-15,2019011501002828,DDBL,44,49,10,586.00,"5,860.00"
2019-01-15,2019011501003125,EBL,57,32,500,537.00,"268,500.00"
2019-01-15,2019011501003059,EBL,33,25,223,536.00,"119,528.00"
2019-01-15,2019011501002981,EBL,11,25,277,536.00,"148,472.00"
2019-01-15,2019011501002980,EBL,11,45,93,536.00,"49,848.00"
2019-01-15,2019011501002908,EBL,34,19,100,535.00,"53,500.00"
2019-01-15,2019011501002884,EIC,21,17,120,865.00,"103,800.00"
2019-01-15,2019011501002821,FMDBL,57,53,50,390.00,"19,500.00"
2019-01-15,2019011501002731,FMDBL,57,19,10,392.00,"3,920.00"
2019-01-15,2019011501002730,FMDBL,57,45,118,385.00,"45,430.00"
2019-01-15,2019011501002692,FMDBL,19,45,30,385.00,"11,550.00"
2019-01-15,2019011501002691,FMDBL,28,45,72,385.00,"27,720.00"
2019-01-15,2019011501002690,FMDBL,13,45,30,386.00,"11,580.00"
2019-01-15,2019011501002889,FOWAD,19,34,29,"1,539.00","44,631.00"
2019-01-15,2019011501002888,FOWAD,19,49,10,"1,539.00","15,390.00"
2019-01-15,2019011501002681,FOWAD,26,29,15,"1,538.00","23,070.00"
2019-01-15,2019011501002680,FOWAD,26,29,15,"1,538.00","23,070.00"
2019-01-15,2019011501002767,GBBL,39,13,50,188.00,"9,400.00"
2019-01-15,2019011501003124,GBIME,41,40,191,269.00,"51,379.00"
2019-01-15,2019011501003123,GBIME,17,40,309,269.00,"83,121.00"
2019-01-15,2019011501002766,GBIME,33,26,58,271.00,"15,718.00"
2019-01-15,2019011501002765,GBIME,33,51,100,271.00,"27,100.00"
2019-01-15,2019011501002764,GBIME,33,59,42,271.00,"11,382.00"
2019-01-15,2019011501002651,GBIME,32,36,806,270.00,"217,620.00"
