Date,Transact. No.,Symbol,Buyer,Seller,Quantity,Rate,Amount
2019-09-19,2019091901007475,ADBL,49,46,"1,000",413.00,"413,000.00"
2019-09-19,2019091901007437,ADBL,11,11,50,414.00,"20,700.00"
2019-09-19,2019091901007345,ADBL,40,11,50,414.00,"20,700.00"
2019-09-19,2019091901007344,ADBL,35,11,500,414.00,"207,000.00"
2019-09-19,2019091901007343,ADBL,36,11,500,414.00,"207,000.00"
2019-09-19,2019091901007342,ADBL,35,11,34,414.00,"14,076.00"
2019-09-19,2019091901007206,ADBL,26,11,50,415.00,"20,750.00"
2019-09-19,2019091901007205,ADBL,17,11,200,415.00,"83,000.00"
2019-09-19,2019091901007144,ADBL,35,58,16,414.00,"6,624.00"
2019-09-19,2019091901007143,ADBL,56,58,40,414.00,"16,560.00"
2019-09-19,2019091901007141,ADBL,34,20,20,416.00,"8,320.00"
2019-09-19,2019091901007100,AHPC,43,45,800,98.00,"78,400.00"
2019-09-19,2019091901007067,AHPC,43,26,"1,575",98.00,"154,350.00"
2019-09-19,2019091901007535,AKBSL,57,34,10,428.00,"4,280.00"
2019-09-19,2019091901007338,AKBSL,57,5,10,421.00,"4,210.00"
2019-09-19,2019091901007151,AKBSL,57,38,10,421.00,"4,210.00"
2019-09-19,2019091901007422,AKPL,45,7,200,133.00,"26,600.00"
2019-09-19,2019091901007421,AKPL,52,7,20,133.00,"2,660.00"
2019-09-19,2019091901007420,AKPL,41,7,37,133.00,"4,921.00"
2019-09-19,2019091901007442,ALBSL,36,11,10,433.00,"4,330.00"
2019-09-19,2019091901007277,ALBSL,36,11,10,433.00,"4,330.00"
2019-09-19,2019091901007244,ALBSL,36,11,10,433.00,"4,330.00"
2019-09-19,2019091901007147,ALBSL,42,41,10,434.00,"4,340.00"
2019-09-19,2019091901007477,ALICL,49,5,10,323.00,"3,230.00"
2019-09-19,2019091901007476,ALICL,49,36,50,322.00,"16,100.00"
2019-09-19,2019091901007452,ALICL,7,25,48,320.00,"15,360.00"
2019-09-19,2019091901007280,ALICL,7,25,200,320.00,"64,000.00"
2019-09-19,2019091901007050,ALICL,7,57,502,320.00,"160,640.00"
2019-09-19,2019091901007365,API,21,22,100,117.00,"11,700.00"
2019-09-19,2019091901007450,BOKL,58,59,100,255.00,"25,500.00"
2019-09-19,2019091901007449,BOKL,57,59,64,255.00,"16,320.00"
2019-09-19,2019091901007062,BOKL,57,57,984,256.00,"251,904.00"
2019-09-19,2019091901007061,BOKL,57,39,16,256.00,"4,096.00"
2019-09-19,2019091901007419,BPCL,6,49,10,366.00,"3,660.00"
2019-09-19,2019091901007418,BPCL,33,49,10,369.00,"3,690.00"
2019-09-19,2019091901007321,BPCL,33,25,90,369.00,"33,210.00"
2019-09-19,2019091901007320,BPCL,33,25,10,369.00,"3,690.00"
2019-09-19,2019091901007381,CBBL,55,49,100,976.00,"97,600.00"
2019-09-19,2019091901007224,CBBL,55,50,500,976.00,"488,000.00"
2019-09-19,2019091901007395,CBL,37,20,75,144.00,"10,800.00"
2019-09-19,2019091901007116,CCBL,21,34,50,157.00,"7,850.00"
2019-09-19,2019091901007471,CIT,45,16,10,"1,825.00","18,250.00"
2019-09-19,2019091901007253,CIT,48,16,"1,000","1,825.00","1,825,000.00"
2019-09-19,2019091901007252,CIT,17,16,100,"1,825.00","182,500.00"
2019-09-19,2019091901007251,CIT,14,16,50,"1,825.00","91,250.00"
2019-09-19,2019091901007250,CIT,35,16,30,"1,826.00","54,780.00"
2019-09-19,2019091901007249,CIT,28,16,100,"1,826.00","182,600.00"
2019-09-19,2019091901007248,CIT,39,16,45,"1,830.00","82,350.00"
2019-09-19,2019091901007247,CIT,39,16,55,"1,830.00","100,650.00"
2019-09-19,2019091901007246,CIT,14,16,10,"1,831.00","18,310.00"
2019-09-19,2019091901007309,CLBSL,51,58,20,498.00,"9,960.00"
2019-09-19,2019091901007308,CLBSL,45,58,100,499.00,"49,900.00"
2019-09-19,2019091901007519,CZBIL,52,35,200,199.00,"39,800.00"
2019-09-19,2019091901007438,CZBIL,52,35,100,199.00,"19,900.00"
2019-09-19,2019091901007356,CZBIL,34,57,550,198.00,"108,900.00"
2019-09-19,2019091901007355,CZBIL,22,57,180,198.00,"35,640.00"
2019-09-19,2019091901007354,CZBIL,35,57,120,198.00,"23,760.00"
2019-09-19,2019091901007310,CZBIL,36,57,50,199.00,"9,950.00"
2019-09-19,2019091901007175,CZBIL,22,32,20,198.00,"3,960.00"
2019-09-19,2019091901007174,CZBIL,49,32,50,198.00,"9,900.00"
2019-09-19,2019091901007405,EBL,32,38,18,575.00,"10,350.00"
2019-09-19,2019091901007404,EBL,45,38,50,575.00,"28,750.00"
2019-09-19,2019091901007403,EBL,32,38,182,575.00,"104,650.00"
2019-09-19,2019091901007215,EBL,32,58,318,575.00,"182,850.00"
2019-09-19,2019091901007214,EBL,18,58,60,575.00,"34,500.00"
2019-09-19,2019091901007213,EBL,13,58,100,576.00,"57,600.00"
2019-09-19,2019091901007212,EBL,38,58,122,577.00,"70,394.00"
2019-09-19,2019091901007192,EBL,38,50,200,577.00,"115,400.00"
2019-09-19,2019091901007325,EIC,50,7,100,262.00,"26,200.00"
2019-09-19,2019091901007469,FMDBL,1,49,80,379.00,"30,320.00"
2019-09-19,2019091901007441,FOWAD,59,36,190,"1,302.00","247,380.00"
2019-09-19,2019091901007440,FOWAD,45,36,10,"1,303.00","13,030.00"
2019-09-19,2019091901007427,FOWAD,47,54,10,"1,313.00","13,130.00"
2019-09-19,2019091901007168,FOWAD,32,35,19,"1,310.00","24,890.00"
2019-09-19,2019091901007167,FOWAD,32,54,10,"1,309.00","13,090.00"
2019-09-19,2019091901007489,GBBL,45,4,20,211.00,"4,220.00"
2019-09-19,2019091901007339,GBBL,45,4,147,211.00,"31,017.00"
2019-09-19,2019091901007281,GBBL,45,4,"1,000",211.00,"211,000.00"
2019-09-19,2019091901007126,GBBL,45,7,500,211.00,"105,500.00"
2019-09-19,2019091901007509,GBLBS,58,58,11,331.00,"3,641.00"
2019-09-19,2019091901007260,GBLBS,43,17,15,327.00,"4,905.00"
2019-09-19,2019091901007187,GBLBS,43,38,165,327.00,"53,955.00"
2019-09-19,2019091901007186,GBLBS,42,38,50,328.00,"16,400.00"
2019-09-19,2019091901007185,GBLBS,43,38,400,328.00,"131,200.00"
2019-09-19,2019091901007184,GBLBS,56,38,35,329.00,"11,515.00"
2019-09-19,2019091901007079,GBLBS,49,58,125,330.00,"41,250.00"
2019-09-19,2019091901007066,GBLBS,17,58,200,332.00,"66,400.00"
2019-09-19,2019091901007065,GBLBS,17,6,20,331.00,"6,620.00"
2019-09-19,2019091901007479,GDBL,45,4,100,208.00,"20,800.00"
2019-09-19,2019091901007478,GDBL,26,4,400,208.00,"83,200.00"
2019-09-19,2019091901007170,GILB,45,7,31,725.00,"22,475.00"
2019-09-19,2019091901007169,GILB,45,21,12,725.00,"8,700.00"
2019-09-19,2019091901007119,GLBSL,29,38,50,454.00,"22,700.00"
2019-09-19,2019091901007118,GLBSL,44,38,100,454.00,"45,400.00"
2019-09-19,2019091901007117,GLBSL,48,38,30,454.00,"13,620.00"
2019-09-19,2019091901007058,GLBSL,50,38,50,455.00,"22,750.00"
2019-09-19,2019091901007057,GLBSL,42,38,20,455.00,"9,100.00"
2019-09-19,2019091901007474,GLICL,35,33,50,378.00,"18,900.00"
2019-09-19,2019091901007473,GLICL,34,33,50,378.00,"18,900.00"
2019-09-19,2019091901007351,GRDBL,37,43,100,104.00,"10,400.00"
2019-09-19,2019091901007350,GRDBL,33,43,10,104.00,"1,040.00"
2019-09-19,2019091901007520,GUFL,37,50,200,112.00,"22,400.00"
2019-09-19,2019091901007380,HBL,56,4,23,507.00,"11,661.00"
2019-09-19,2019091901007488,HDL,6,58,160,"1,492.00","238,720.00"
2019-09-19,2019091901007487,HDL,39,58,40,"1,493.00","59,720.00"
2019-09-19,2019091901007486,HDL,6,58,100,"1,495.00","149,500.00"
2019-09-19,2019091901007148,HIDCL,58,26,200,135.00,"27,000.00"
2019-09-19,2019091901007285,HURJA,55,38,20,110.00,"2,200.00"
2019-09-19,2019091901007284,HURJA,55,25,20,110.00,"2,200.00"
2019-09-19,2019091901007283,HURJA,55,38,20,110.00,"2,200.00"
2019-09-19,2019091901007282,HURJA,57,28,12,111.00,"1,332.00"
2019-09-19,2019091901007495,ILBS,16,38,10,441.00,"4,410.00"
2019-09-19,2019091901007243,ILBS,16,38,10,441.00,"4,410.00"
2019-09-19,2019091901007129,ILBS,16,54,10,441.00,"4,410.00"
2019-09-19,2019091901007086,ILBS,16,38,10,441.00,"4,410.00"
2019-09-19,2019091901007064,ILBS,7,17,30,445.00,"13,350.00"
2019-09-19,2019091901007451,JBBL,49,34,10,159.00,"1,590.00"
2019-09-19,2019091901007111,JBBL,52,57,95,157.00,"14,915.00"
2019-09-19,2019091901007110,JBBL,33,57,45,157.00,"7,065.00"
2019-09-19,2019091901007109,JBBL,34,57,200,157.00,"31,400.00"
2019-09-19,2019091901007108,JBBL,58,57,253,157.00,"39,721.00"
2019-09-19,2019091901007077,JBBL,58,34,100,157.00,"15,700.00"
2019-09-19,2019091901007049,JBBL,58,39,123,157.00,"19,311.00"
2019-09-19,2019091901007467,KBL,36,1,760,178.00,"135,280.00"
2019-09-19,2019091901007466,KBL,51,1,100,178.00,"17,800.00"
2019-09-19,2019091901007465,KBL,57,1,100,178.00,"17,800.00"
2019-09-19,2019091901007464,KBL,20,1,500,178.00,"89,000.00"
2019-09-19,2019091901007463,KBL,40,1,200,178.00,"35,600.00"
2019-09-19,2019091901007462,KBL,48,1,300,178.00,"53,400.00"
2019-09-19,2019091901007237,KBL,22,32,210,180.00,"37,800.00"
2019-09-19,2019091901007134,KBL,22,55,90,180.00,"16,200.00"
2019-09-19,2019091901007461,KBL,43,1,50,178.00,"8,900.00"
2019-09-19,2019091901007460,KBL,7,1,400,179.00,"71,600.00"
2019-09-19,2019091901007459,KBL,58,1,90,179.00,"16,110.00"
2019-09-19,2019091901007458,KBL,58,1,500,179.00,"89,500.00"
2019-09-19,2019091901007239,KBL,21,32,100,180.00,"18,000.00"
2019-09-19,2019091901007238,KBL,21,32,500,180.00,"90,000.00"
2019-09-19,2019091901007046,KPCL,56,25,200,80.00,"16,000.00"
2019-09-19,2019091901007396,KPCL,56,49,10,81.00,810.00
2019-09-19,2019091901007436,LBL,34,17,10,218.00,"2,180.00"
2019-09-19,2019091901007166,LBL,10,41,108,216.00,"23,328.00"
2019-09-19,2019091901007165,LBL,10,34,363,216.00,"78,408.00"
2019-09-19,2019091901007149,LBL,42,34,50,216.00,"10,800.00"
2019-09-19,2019091901007314,LICN,32,39,50,"1,015.00","50,750.00"
2019-09-19,2019091901007313,LICN,13,39,31,"1,016.00","31,496.00"
2019-09-19,2019091901007312,LICN,13,39,10,"1,017.00","10,170.00"
2019-09-19,2019091901007257,LLBS,29,57,70,666.00,"46,620.00"
2019-09-19,2019091901007256,LLBS,34,57,260,666.00,"173,160.00"
2019-09-19,2019091901007095,LLBS,34,11,40,666.00,"26,640.00"
2019-09-19,2019091901007316,MBL,6,17,185,249.00,"46,065.00"
2019-09-19,2019091901007315,MBL,17,17,15,249.00,"3,735.00"
2019-09-19,2019091901007097,MBL,17,51,185,249.00,"46,065.00"
2019-09-19,2019091901007096,MBL,32,51,265,249.00,"65,985.00"
2019-09-19,2019091901007137,MDB,45,16,103,244.00,"25,132.00"
2019-09-19,2019091901007136,MDB,40,16,11,247.00,"2,717.00"
2019-09-19,2019091901007135,MDB,34,16,86,247.00,"21,242.00"
2019-09-19,2019091901007506,MEGA,43,51,20,199.00,"3,980.00"
2019-09-19,2019091901007505,MEGA,43,25,200,198.00,"39,600.00"
2019-09-19,2019091901007504,MEGA,43,34,200,197.00,"39,400.00"
2019-09-19,2019091901007503,MEGA,43,43,70,197.00,"13,790.00"
2019-09-19,2019091901007087,MEGA,42,39,100,196.00,"19,600.00"
2019-09-19,2019091901007133,MEGA,19,39,69,196.00,"13,524.00"
2019-09-19,2019091901007132,MEGA,19,34,600,196.00,"117,600.00"
2019-09-19,2019091901007131,MEGA,19,39,331,196.00,"64,876.00"
2019-09-19,2019091901007236,MEGA,39,41,505,195.00,"98,475.00"
2019-09-19,2019091901007235,MEGA,52,41,108,195.00,"21,060.00"
2019-09-19,2019091901007234,MEGA,32,41,387,195.00,"75,465.00"
2019-09-19,2019091901007328,MEGA,38,39,35,196.00,"6,860.00"
2019-09-19,2019091901007056,MERO,37,55,17,556.00,"9,452.00"
2019-09-19,2019091901007269,MFIL,34,28,10,128.00,"1,280.00"
2019-09-19,2019091901007276,MNBBL,26,16,100,307.00,"30,700.00"
2019-09-19,2019091901007091,MNBBL,26,16,50,308.00,"15,400.00"
2019-09-19,2019091901007090,MNBBL,32,16,200,308.00,"61,600.00"
2019-09-19,2019091901007089,MNBBL,45,16,30,309.00,"9,270.00"
2019-09-19,2019091901007447,MSLB,6,57,10,949.00,"9,490.00"
2019-09-19,2019091901007242,MSLB,49,10,10,943.00,"9,430.00"
2019-09-19,2019091901007435,NABIL,50,35,100,770.00,"77,000.00"
2019-09-19,2019091901007163,NABIL,50,19,382,770.00,"294,140.00"
2019-09-19,2019091901007162,NABIL,1,19,118,770.00,"90,860.00"
2019-09-19,2019091901007098,NABIL,58,14,100,771.00,"77,100.00"
2019-09-19,2019091901007051,NABIL,11,58,50,772.00,"38,600.00"
2019-09-19,2019091901007517,NADEP,22,26,50,407.00,"20,350.00"
2019-09-19,2019091901007417,NADEP,6,26,50,408.00,"20,400.00"
2019-09-19,2019091901007416,NADEP,48,26,200,409.00,"81,800.00"
2019-09-19,2019091901007197,NBB,56,49,336,211.00,"70,896.00"
2019-09-19,2019091901007196,NBB,56,28,213,211.00,"44,943.00"
2019-09-19,2019091901007195,NBB,56,39,200,211.00,"42,200.00"
2019-09-19,2019091901007194,NBB,56,34,103,211.00,"21,733.00"
2019-09-19,2019091901007045,NBB,46,34,100,210.00,"21,000.00"
2019-09-19,2019091901007367,NBB,46,19,363,210.00,"76,230.00"
2019-09-19,2019091901007366,NBB,56,19,437,211.00,"92,207.00"
2019-09-19,2019091901007261,NBB,56,17,288,211.00,"60,768.00"
2019-09-19,2019091901007241,NBB,16,16,410,212.00,"86,920.00"
2019-09-19,2019091901007199,NBB,56,39,221,211.00,"46,631.00"
2019-09-19,2019091901007198,NBB,56,38,202,211.00,"42,622.00"
2019-09-19,2019091901007518,NBL,34,13,20,319.00,"6,380.00"
2019-09-19,2019091901007485,NBL,56,46,"1,000",317.00,"317,000.00"
2019-09-19,2019091901007484,NBL,29,46,300,317.00,"95,100.00"
2019-09-19,2019091901007483,NBL,50,46,60,317.00,"19,020.00"
2019-09-19,2019091901007482,NBL,39,46,175,317.00,"55,475.00"
2019-09-19,2019091901007481,NBL,49,46,259,317.00,"82,103.00"
2019-09-19,2019091901007399,NBL,43,13,10,319.00,"3,190.00"
2019-09-19,2019091901007376,NBL,49,38,41,317.00,"12,997.00"
2019-09-19,2019091901007375,NBL,36,38,59,317.00,"18,703.00"
2019-09-19,2019091901007240,NBL,36,45,50,317.00,"15,850.00"
2019-09-19,2019091901007530,NCCB,33,18,10,199.00,"1,990.00"
2019-09-19,2019091901007529,NCCB,33,43,150,198.00,"29,700.00"
2019-09-19,2019091901007191,NCCB,33,41,"1,000",197.00,"197,000.00"
2019-09-19,2019091901007158,NCCB,28,33,"1,000",198.00,"198,000.00"
2019-09-19,2019091901007157,NCCB,51,33,200,198.00,"39,600.00"
2019-09-19,2019091901007156,NCCB,8,33,200,198.00,"39,600.00"
2019-09-19,2019091901007155,NCCB,6,33,50,198.00,"9,900.00"
2019-09-19,2019091901007154,NCCB,51,33,100,198.00,"19,800.00"
2019-09-19,2019091901007153,NCCB,51,33,300,198.00,"59,400.00"
2019-09-19,2019091901007152,NCCB,41,33,281,198.00,"55,638.00"
2019-09-19,2019091901007084,NGPL,1,25,11,100.00,"1,100.00"
2019-09-19,2019091901007099,NHDL,42,25,10,95.00,950.00
2019-09-19,2019091901007182,NIB,38,26,25,443.00,"11,075.00"
2019-09-19,2019091901007181,NIB,47,26,10,443.00,"4,430.00"
2019-09-19,2019091901007180,NIB,57,26,206,443.00,"91,258.00"
2019-09-19,2019091901007076,NIB,57,38,44,443.00,"19,492.00"
2019-09-19,2019091901007448,NIBPO,6,4,"1,000",424.00,"424,000.00"
2019-09-19,2019091901007532,NICA,46,38,13,387.00,"5,031.00"
2019-09-19,2019091901007428,NICA,1,25,100,385.00,"38,500.00"
2019-09-19,2019091901007171,NICA,48,40,400,384.00,"153,600.00"
2019-09-19,2019091901007140,NICA,41,40,10,385.00,"3,850.00"
2019-09-19,2019091901007139,NICA,1,40,55,385.00,"21,175.00"
2019-09-19,2019091901007138,NICA,34,40,100,385.00,"38,500.00"
2019-09-19,2019091901007101,NICA,45,40,30,386.00,"11,580.00"
2019-09-19,2019091901007425,NICL,52,49,52,270.00,"14,040.00"
2019-09-19,2019091901007424,NICL,59,49,100,270.00,"27,000.00"
2019-09-19,2019091901007383,NICL,13,49,23,271.00,"6,233.00"
2019-09-19,2019091901007374,NICL,29,26,30,272.00,"8,160.00"
2019-09-19,2019091901007373,NICL,14,26,63,272.00,"17,136.00"
2019-09-19,2019091901007311,NICL,44,45,10,276.00,"2,760.00"
2019-09-19,2019091901007259,NICL,43,45,10,276.00,"2,760.00"
2019-09-19,2019091901007263,NIL,39,3,10,375.00,"3,750.00"
2019-09-19,2019091901007255,NIL,13,38,161,370.00,"59,570.00"
2019-09-19,2019091901007150,NIL,41,38,20,370.00,"7,400.00"
2019-09-19,2019091901007083,NIL,36,38,200,370.00,"74,000.00"
2019-09-19,2019091901007082,NIL,43,38,25,370.00,"9,250.00"
2019-09-19,2019091901007081,NIL,35,38,109,371.00,"40,439.00"
2019-09-19,2019091901007105,NLBBL,14,59,30,507.00,"15,210.00"
2019-09-19,2019091901007074,NLBBL,14,11,100,507.00,"50,700.00"
2019-09-19,2019091901007516,NLIC,6,4,300,766.00,"229,800.00"
2019-09-19,2019091901007408,NLIC,20,45,40,764.00,"30,560.00"
2019-09-19,2019091901007378,NLIC,57,45,50,764.00,"38,200.00"
2019-09-19,2019091901007040,NLIC,25,4,60,764.00,"45,840.00"
2019-09-19,2019091901007039,NLIC,6,4,100,764.00,"76,400.00"
2019-09-19,2019091901007038,NLIC,35,4,90,764.00,"68,760.00"
2019-09-19,2019091901007361,NLICL,43,47,10,490.00,"4,900.00"
2019-09-19,2019091901007327,NLICL,43,34,17,489.00,"8,313.00"
2019-09-19,2019091901007337,NMFBS,52,58,140,"1,745.00","244,300.00"
2019-09-19,2019091901007275,NMFBS,52,19,50,"1,743.00","87,150.00"
2019-09-19,2019091901007274,NMFBS,52,45,10,"1,730.00","17,300.00"
2019-09-19,2019091901007245,NMFBS,6,45,50,"1,730.00","86,500.00"
2019-09-19,2019091901007222,NMFBS,59,5,29,"1,728.00","50,112.00"
2019-09-19,2019091901007208,NMFBS,13,45,45,"1,730.00","77,850.00"
2019-09-19,2019091901007142,NMFBS,49,21,10,"1,728.00","17,280.00"
2019-09-19,2019091901007502,NTC,58,42,20,617.00,"12,340.00"
2019-09-19,2019091901007501,NTC,35,42,100,617.00,"61,700.00"
2019-09-19,2019091901007500,NTC,1,42,200,618.00,"123,600.00"
2019-09-19,2019091901007499,NTC,6,42,20,620.00,"12,400.00"
2019-09-19,2019091901007498,NTC,39,42,30,620.00,"18,600.00"
2019-09-19,2019091901007497,NTC,34,42,66,620.00,"40,920.00"
2019-09-19,2019091901007384,NUBL,33,34,10,870.00,"8,700.00"
2019-09-19,2019091901007268,NUBL,1,29,10,880.00,"8,800.00"
2019-09-19,2019091901007394,OHL,1,36,200,540.00,"108,000.00"
2019-09-19,2019091901007393,OHL,6,36,20,540.00,"10,800.00"
2019-09-19,2019091901007392,OHL,45,36,84,541.00,"45,444.00"
2019-09-19,2019091901007391,OHL,48,36,10,542.00,"5,420.00"
2019-09-19,2019091901007390,OHL,58,36,30,543.00,"16,290.00"
2019-09-19,2019091901007432,PCBL,36,6,50,267.00,"13,350.00"
2019-09-19,2019091901007204,PFL,10,52,50,133.00,"6,650.00"
2019-09-19,2019091901007203,PFL,41,52,45,133.00,"5,985.00"
2019-09-19,2019091901007507,PLIC,49,20,20,338.00,"6,760.00"
2019-09-19,2019091901007334,PLIC,41,55,20,333.00,"6,660.00"
2019-09-19,2019091901007333,PLIC,8,55,100,334.00,"33,400.00"
2019-09-19,2019091901007332,PLIC,41,55,100,335.00,"33,500.00"
2019-09-19,2019091901007331,PLIC,55,55,150,335.00,"50,250.00"
2019-09-19,2019091901007330,PLIC,17,55,50,336.00,"16,800.00"
2019-09-19,2019091901007329,PLIC,49,55,300,337.00,"101,100.00"
2019-09-19,2019091901007115,PMHPL,45,25,10,93.00,930.00
2019-09-19,2019091901007145,PPCL,38,25,10,97.00,970.00
2019-09-19,2019091901007258,PRIN,34,19,30,305.00,"9,150.00"
2019-09-19,2019091901007225,PRIN,14,38,200,306.00,"61,200.00"
2019-09-19,2019091901007326,RADHI,54,39,14,141.00,"1,974.00"
2019-09-19,2019091901007267,RADHI,54,49,11,139.00,"1,529.00"
2019-09-19,2019091901007173,RADHI,54,25,11,139.00,"1,529.00"
2019-09-19,2019091901007114,RBCLPO,21,37,10,"7,551.00","75,510.00"
2019-09-19,2019091901007113,RBCLPO,3,37,10,"7,555.00","75,550.00"
2019-09-19,2019091901007525,RHPL,48,45,100,163.00,"16,300.00"
2019-09-19,2019091901007524,RHPL,39,45,600,163.00,"97,800.00"
2019-09-19,2019091901007490,RHPL,39,44,30,163.00,"4,890.00"
2019-09-19,2019091901007480,RHPL,39,11,40,163.00,"6,520.00"
2019-09-19,2019091901007454,RHPL,39,29,40,163.00,"6,520.00"
2019-09-19,2019091901007429,RHPL,39,38,40,163.00,"6,520.00"
2019-09-19,2019091901007044,RHPL,56,29,20,163.00,"3,260.00"
2019-09-19,2019091901007043,RHPL,17,29,20,163.00,"3,260.00"
2019-09-19,2019091901007106,RHPL,56,38,10,163.00,"1,630.00"
2019-09-19,2019091901007094,RHPL,56,38,40,163.00,"6,520.00"
2019-09-19,2019091901007085,RHPL,56,44,40,163.00,"6,520.00"
2019-09-19,2019091901007055,RHPL,56,38,40,163.00,"6,520.00"
2019-09-19,2019091901007054,RHPL,56,44,30,163.00,"4,890.00"
2019-09-19,2019091901007052,RHPL,56,38,10,163.00,"1,630.00"
2019-09-19,2019091901007211,RHPL,56,38,40,163.00,"6,520.00"
2019-09-19,2019091901007210,RHPL,56,44,30,163.00,"4,890.00"
2019-09-19,2019091901007209,RHPL,56,29,40,163.00,"6,520.00"
2019-09-19,2019091901007160,RHPL,56,38,40,163.00,"6,520.00"
2019-09-19,2019091901007159,RHPL,56,44,30,163.00,"4,890.00"
2019-09-19,2019091901007130,RHPL,56,29,40,163.00,"6,520.00"
2019-09-19,2019091901007335,RHPL,39,29,40,163.00,"6,520.00"
2019-09-19,2019091901007319,RHPL,39,11,40,163.00,"6,520.00"
2019-09-19,2019091901007318,RHPL,39,44,20,163.00,"3,260.00"
2019-09-19,2019091901007317,RHPL,56,44,20,163.00,"3,260.00"
2019-09-19,2019091901007262,RHPL,56,38,40,163.00,"6,520.00"
2019-09-19,2019091901007254,RHPL,56,44,30,163.00,"4,890.00"
2019-09-19,2019091901007379,RHPL,39,44,30,163.00,"4,890.00"
2019-09-19,2019091901007371,RHPL,39,47,40,163.00,"6,520.00"
2019-09-19,2019091901007363,RHPL,39,38,40,163.00,"6,520.00"
2019-09-19,2019091901007353,RHPL,44,33,80,164.00,"13,120.00"
2019-09-19,2019091901007352,RHPL,44,41,20,164.00,"3,280.00"
2019-09-19,2019091901007336,RHPL,39,25,40,163.00,"6,520.00"
2019-09-19,2019091901007053,RRHP,47,40,10,108.00,"1,080.00"
2019-09-19,2019091901007534,SABSL,1,33,10,469.00,"4,690.00"
2019-09-19,2019091901007431,SABSL,45,33,200,469.00,"93,800.00"
2019-09-19,2019091901007430,SABSL,59,33,30,469.00,"14,070.00"
2019-09-19,2019091901007349,SABSL,59,47,10,469.00,"4,690.00"
2019-09-19,2019091901007324,SABSL,59,38,10,469.00,"4,690.00"
2019-09-19,2019091901007092,SABSL,59,11,10,469.00,"4,690.00"
2019-09-19,2019091901007360,SADBL,48,46,300,138.00,"41,400.00"
2019-09-19,2019091901007359,SADBL,57,46,100,139.00,"13,900.00"
2019-09-19,2019091901007358,SADBL,13,46,200,139.00,"27,800.00"
2019-09-19,2019091901007357,SADBL,26,46,200,139.00,"27,800.00"
2019-09-19,2019091901007048,SANIMA,47,35,181,349.00,"63,169.00"
2019-09-19,2019091901007047,SANIMA,14,35,119,349.00,"41,531.00"
2019-09-19,2019091901007270,SBL,47,45,458,329.00,"150,682.00"
2019-09-19,2019091901007183,SBL,47,37,42,329.00,"13,818.00"
2019-09-19,2019091901007179,SBL,33,37,458,329.00,"150,682.00"
2019-09-19,2019091901007178,SBL,33,17,542,329.00,"178,318.00"
2019-09-19,2019091901007124,SBL,39,43,10,328.00,"3,280.00"
2019-09-19,2019091901007123,SBL,45,43,100,328.00,"32,800.00"
2019-09-19,2019091901007122,SBL,59,43,200,328.00,"65,600.00"
2019-09-19,2019091901007121,SBL,4,43,100,328.00,"32,800.00"
2019-09-19,2019091901007120,SBL,14,43,135,328.00,"44,280.00"
2019-09-19,2019091901007080,SBL,14,21,100,328.00,"32,800.00"
2019-09-19,2019091901007306,SCB,35,35,100,560.00,"56,000.00"
2019-09-19,2019091901007305,SCB,35,35,200,560.00,"112,000.00"
2019-09-19,2019091901007304,SCB,11,35,20,560.00,"11,200.00"
2019-09-19,2019091901007291,SCB,13,35,100,565.00,"56,500.00"
2019-09-19,2019091901007290,SCB,50,35,100,565.00,"56,500.00"
2019-09-19,2019091901007289,SCB,39,35,24,565.00,"13,560.00"
2019-09-19,2019091901007073,SCB,45,50,50,566.00,"28,300.00"
2019-09-19,2019091901007072,SCB,58,50,100,566.00,"56,600.00"
2019-09-19,2019091901007071,SCB,28,50,20,566.00,"11,320.00"
2019-09-19,2019091901007297,SCB,40,35,100,563.00,"56,300.00"
2019-09-19,2019091901007296,SCB,34,35,50,564.00,"28,200.00"
2019-09-19,2019091901007295,SCB,41,35,100,564.00,"56,400.00"
2019-09-19,2019091901007294,SCB,54,35,269,564.00,"151,716.00"
2019-09-19,2019091901007293,SCB,28,35,30,565.00,"16,950.00"
2019-09-19,2019091901007292,SCB,53,35,34,565.00,"19,210.00"
2019-09-19,2019091901007303,SCB,54,35,100,560.00,"56,000.00"
2019-09-19,2019091901007302,SCB,52,35,100,560.00,"56,000.00"
2019-09-19,2019091901007301,SCB,35,35,50,560.00,"28,000.00"
2019-09-19,2019091901007300,SCB,38,35,50,561.00,"28,050.00"
2019-09-19,2019091901007299,SCB,6,35,300,562.00,"168,600.00"
2019-09-19,2019091901007298,SCB,6,35,100,563.00,"56,300.00"
2019-09-19,2019091901007218,SDESI,45,38,170,609.00,"103,530.00"
2019-09-19,2019091901007217,SDESI,22,38,10,609.00,"6,090.00"
2019-09-19,2019091901007216,SDESI,45,38,20,610.00,"12,200.00"
2019-09-19,2019091901007453,SFFIL,33,6,800,252.00,"201,600.00"
2019-09-19,2019091901007433,SFFIL,19,6,200,252.00,"50,400.00"
2019-09-19,2019091901007402,SFFIL,33,22,141,251.00,"35,391.00"
2019-09-19,2019091901007340,SFFIL,35,22,300,251.00,"75,300.00"
2019-09-19,2019091901007508,SHIVM,40,52,200,572.00,"114,400.00"
2019-09-19,2019091901007496,SHIVM,14,14,200,572.00,"114,400.00"
2019-09-19,2019091901007494,SHIVM,10,39,340,573.00,"194,820.00"
2019-09-19,2019091901007468,SHIVM,10,39,100,573.00,"57,300.00"
2019-09-19,2019091901007456,SHIVM,40,39,50,573.00,"28,650.00"
2019-09-19,2019091901007455,SHIVM,10,39,10,573.00,"5,730.00"
2019-09-19,2019091901007102,SHIVM,25,22,130,576.00,"74,880.00"
2019-09-19,2019091901007059,SHIVM,6,43,100,577.00,"57,700.00"
2019-09-19,2019091901007042,SHIVM,22,43,50,577.00,"28,850.00"
2019-09-19,2019091901007041,SHIVM,22,40,150,577.00,"86,550.00"
2019-09-19,2019091901007200,SHIVM,28,43,50,577.00,"28,850.00"
2019-09-19,2019091901007190,SHIVM,22,50,70,575.00,"40,250.00"
2019-09-19,2019091901007189,SHIVM,10,50,480,575.00,"276,000.00"
2019-09-19,2019091901007188,SHIVM,16,50,450,576.00,"259,200.00"
2019-09-19,2019091901007104,SHIVM,10,22,20,575.00,"11,500.00"
2019-09-19,2019091901007103,SHIVM,52,22,50,575.00,"28,750.00"
2019-09-19,2019091901007229,SHIVM,3,25,20,575.00,"11,500.00"
2019-09-19,2019091901007228,SHIVM,48,25,600,575.00,"345,000.00"
2019-09-19,2019091901007227,SHIVM,3,25,10,575.00,"5,750.00"
2019-09-19,2019091901007226,SHIVM,22,25,430,575.00,"247,250.00"
2019-09-19,2019091901007202,SHIVM,28,34,50,578.00,"28,900.00"
2019-09-19,2019091901007201,SHIVM,28,6,200,578.00,"115,600.00"
2019-09-19,2019091901007323,SHIVM,10,25,175,575.00,"100,625.00"
2019-09-19,2019091901007288,SHIVM,10,25,500,575.00,"287,500.00"
2019-09-19,2019091901007287,SHIVM,28,25,200,575.00,"115,000.00"
2019-09-19,2019091901007286,SHIVM,25,25,60,575.00,"34,500.00"
2019-09-19,2019091901007278,SHIVM,10,26,30,577.00,"17,310.00"
2019-09-19,2019091901007230,SHIVM,25,25,40,575.00,"23,000.00"
2019-09-19,2019091901007409,SHIVM,45,44,880,574.00,"505,120.00"
2019-09-19,2019091901007407,SHIVM,45,52,100,574.00,"57,400.00"
2019-09-19,2019091901007385,SHIVM,45,45,50,574.00,"28,700.00"
2019-09-19,2019091901007370,SHIVM,45,57,970,574.00,"556,780.00"
2019-09-19,2019091901007369,SHIVM,1,57,30,574.00,"17,220.00"
2019-09-19,2019091901007362,SHIVM,1,57,280,574.00,"160,720.00"
2019-09-19,2019091901007446,SHIVM,10,48,90,573.00,"51,570.00"
2019-09-19,2019091901007445,SHIVM,4,48,200,573.00,"114,600.00"
2019-09-19,2019091901007444,SHIVM,10,48,100,573.00,"57,300.00"
2019-09-19,2019091901007443,SHIVM,4,48,150,573.00,"85,950.00"
2019-09-19,2019091901007439,SHIVM,4,52,50,573.00,"28,650.00"
2019-09-19,2019091901007410,SHIVM,25,44,100,574.00,"57,400.00"
2019-09-19,2019091901007472,SHPC,34,16,14,197.00,"2,758.00"
2019-09-19,2019091901007377,SHPC,35,16,486,197.00,"95,742.00"
2019-09-19,2019091901007372,SHPC,35,25,14,197.00,"2,758.00"
2019-09-19,2019091901007164,SHPC,35,38,300,197.00,"59,100.00"
2019-09-19,2019091901007088,SHPC,35,39,200,197.00,"39,400.00"
2019-09-19,2019091901007470,SIL,17,39,149,388.00,"57,812.00"
2019-09-19,2019091901007322,SIL,44,34,10,395.00,"3,950.00"
2019-09-19,2019091901007272,SIL,17,42,151,388.00,"58,588.00"
2019-09-19,2019091901007193,SIL,14,16,156,386.00,"60,216.00"
2019-09-19,2019091901007531,SJCL,58,11,20,175.00,"3,500.00"
2019-09-19,2019091901007528,SJCL,58,44,20,175.00,"3,500.00"
2019-09-19,2019091901007070,SJCL,51,44,20,175.00,"3,500.00"
2019-09-19,2019091901007069,SJCL,51,11,20,175.00,"3,500.00"
2019-09-19,2019091901007068,SJCL,51,38,20,175.00,"3,500.00"
2019-09-19,2019091901007063,SJCL,14,29,20,175.00,"3,500.00"
2019-09-19,2019091901007060,SJCL,14,38,10,175.00,"1,750.00"
2019-09-19,2019091901007127,SJCL,51,38,10,175.00,"1,750.00"
2019-09-19,2019091901007125,SJCL,51,38,10,175.00,"1,750.00"
2019-09-19,2019091901007112,SJCL,51,44,20,175.00,"3,500.00"
2019-09-19,2019091901007220,SJCL,51,44,20,175.00,"3,500.00"
2019-09-19,2019091901007219,SJCL,51,11,10,175.00,"1,750.00"
2019-09-19,2019091901007177,SJCL,51,38,20,175.00,"3,500.00"
2019-09-19,2019091901007176,SJCL,51,44,20,175.00,"3,500.00"
2019-09-19,2019091901007161,SJCL,51,29,20,175.00,"3,500.00"
2019-09-19,2019091901007146,SJCL,51,33,60,175.00,"10,500.00"
2019-09-19,2019091901007231,SJCL,51,29,20,175.00,"3,500.00"
2019-09-19,2019091901007223,SJCL,51,28,10,175.00,"1,750.00"
2019-09-19,2019091901007221,SJCL,51,38,20,175.00,"3,500.00"
2019-09-19,2019091901007346,SJCL,51,33,130,175.00,"22,750.00"
2019-09-19,2019091901007341,SJCL,51,44,10,175.00,"1,750.00"
2019-09-19,2019091901007307,SJCL,51,47,20,175.00,"3,500.00"
2019-09-19,2019091901007279,SJCL,51,38,20,175.00,"3,500.00"
2019-09-19,2019091901007271,SJCL,51,44,20,175.00,"3,500.00"
2019-09-19,2019091901007397,SJCL,58,25,20,175.00,"3,500.00"
2019-09-19,2019091901007386,SJCL,58,49,10,175.00,"1,750.00"
2019-09-19,2019091901007382,SJCL,44,38,20,174.00,"3,480.00"
2019-09-19,2019091901007368,SJCL,44,29,20,174.00,"3,480.00"
2019-09-19,2019091901007348,SJCL,44,33,"2,270",174.00,"394,980.00"
2019-09-19,2019091901007347,SJCL,59,33,100,175.00,"17,500.00"
2019-09-19,2019091901007493,SJCL,58,29,10,175.00,"1,750.00"
2019-09-19,2019091901007492,SJCL,45,6,10,178.00,"1,780.00"
2019-09-19,2019091901007491,SJCL,45,42,20,177.00,"3,540.00"
2019-09-19,2019091901007457,SJCL,58,38,10,175.00,"1,750.00"
2019-09-19,2019091901007415,SJCL,58,28,20,175.00,"3,500.00"
2019-09-19,2019091901007401,SJCL,58,44,20,175.00,"3,500.00"
2019-09-19,2019091901007527,SLBSL,39,33,30,689.00,"20,670.00"
2019-09-19,2019091901007526,SLBSL,39,33,44,690.00,"30,360.00"
2019-09-19,2019091901007078,SLBSL,39,48,14,690.00,"9,660.00"
2019-09-19,2019091901007037,SLICL,58,55,80,277.00,"22,160.00"
2019-09-19,2019091901007036,SLICL,26,55,20,277.00,"5,540.00"
2019-09-19,2019091901007398,SMATA,32,28,96,594.00,"57,024.00"
2019-09-19,2019091901007207,SMATA,32,33,65,594.00,"38,610.00"
2019-09-19,2019091901007533,SMFBS,34,37,10,796.00,"7,960.00"
2019-09-19,2019091901007434,SMFBS,34,34,10,809.00,"8,090.00"
2019-09-19,2019091901007364,SMFBS,34,11,10,800.00,"8,000.00"
2019-09-19,2019091901007406,SPARS,45,11,10,553.00,"5,530.00"
2019-09-19,2019091901007400,SPARS,45,41,10,553.00,"5,530.00"
2019-09-19,2019091901007093,SPARS,45,38,10,553.00,"5,530.00"
2019-09-19,2019091901007523,SRBL,47,14,20,239.00,"4,780.00"
2019-09-19,2019091901007522,SRBL,25,14,10,239.00,"2,390.00"
2019-09-19,2019091901007521,SRBL,34,14,470,239.00,"112,330.00"
2019-09-19,2019091901007426,SRBL,14,25,10,240.00,"2,400.00"
2019-09-19,2019091901007273,TRH,20,33,22,290.00,"6,380.00"
2019-09-19,2019091901007128,UIC,52,39,10,274.00,"2,740.00"
2019-09-19,2019091901007423,UMHL,37,25,10,101.00,"1,010.00"
2019-09-19,2019091901007266,UPCL,35,33,100,78.00,"7,800.00"
2019-09-19,2019091901007265,UPCL,26,33,250,78.00,"19,500.00"
2019-09-19,2019091901007264,UPCL,22,33,530,79.00,"41,870.00"
2019-09-19,2019091901007172,UPCL,22,39,50,79.00,"3,950.00"
2019-09-19,2019091901007515,UPPER,41,50,"3,000",244.00,"732,000.00"
2019-09-19,2019091901007514,UPPER,41,17,"2,000",244.00,"488,000.00"
2019-09-19,2019091901007513,UPPER,41,43,50,244.00,"12,200.00"
2019-09-19,2019091901007512,UPPER,41,35,50,244.00,"12,200.00"
2019-09-19,2019091901007511,UPPER,41,42,500,243.00,"121,500.00"
2019-09-19,2019091901007510,UPPER,41,48,62,243.00,"15,066.00"
2019-09-19,2019091901007388,UPPER,51,4,100,240.00,"24,000.00"
2019-09-19,2019091901007387,UPPER,16,4,183,240.00,"43,920.00"
2019-09-19,2019091901007233,UPPER,16,22,117,240.00,"28,080.00"
2019-09-19,2019091901007232,UPPER,50,22,33,240.00,"7,920.00"
2019-09-19,2019091901007107,UPPER,42,57,40,241.00,"9,640.00"
2019-09-19,2019091901007075,UPPER,50,38,10,240.00,"2,400.00"
2019-09-19,2019091901007414,UPPER,41,55,200,242.00,"48,400.00"
2019-09-19,2019091901007413,UPPER,41,6,410,242.00,"99,220.00"
2019-09-19,2019091901007412,UPPER,41,50,700,241.00,"168,700.00"
2019-09-19,2019091901007411,UPPER,41,43,40,241.00,"9,640.00"
2019-09-19,2019091901007389,UPPER,6,4,417,240.00,"100,080.00"
2019-09-19,2019091901007013,ADBL,33,50,116,415.00,"48,140.00"
2019-09-19,2019091901006993,ADBL,58,50,36,415.00,"14,940.00"
2019-09-19,2019091901006992,ADBL,57,50,348,415.00,"144,420.00"
2019-09-19,2019091901006880,ADBL,57,50,152,415.00,"63,080.00"
2019-09-19,2019091901006867,ADBL,25,50,100,415.00,"41,500.00"
2019-09-19,2019091901006866,ADBL,6,50,100,415.00,"41,500.00"
2019-09-19,2019091901006865,ADBL,38,50,100,415.00,"41,500.00"
2019-09-19,2019091901006864,ADBL,4,50,48,415.00,"19,920.00"
2019-09-19,2019091901006627,ADBL,36,50,400,417.00,"166,800.00"
2019-09-19,2019091901006564,ADBL,47,50,100,417.00,"41,700.00"
2019-09-19,2019091901007025,AKBSL,34,33,10,422.00,"4,220.00"
2019-09-19,2019091901007024,AKBSL,34,33,300,422.00,"126,600.00"
2019-09-19,2019091901007023,AKBSL,1,33,30,422.00,"12,660.00"
2019-09-19,2019091901007022,AKBSL,6,33,62,423.00,"26,226.00"
2019-09-19,2019091901007021,AKBSL,42,33,30,424.00,"12,720.00"
2019-09-19,2019091901006743,AKPL,41,28,13,133.00,"1,729.00"
2019-09-19,2019091901007019,ALBSL,42,38,10,434.00,"4,340.00"
2019-09-19,2019091901006791,ALBSL,36,56,10,433.00,"4,330.00"
2019-09-19,2019091901006744,ALBSL,40,56,10,434.00,"4,340.00"
2019-09-19,2019091901006636,ALBSL,40,14,10,434.00,"4,340.00"
2019-09-19,2019091901006941,ALICL,7,10,250,320.00,"80,000.00"
2019-09-19,2019091901006940,ALICL,21,10,100,320.00,"32,000.00"
2019-09-19,2019091901006939,ALICL,45,10,100,322.00,"32,200.00"
2019-09-19,2019091901006938,ALICL,50,10,50,322.00,"16,100.00"
2019-09-19,2019091901006729,ALICL,50,36,50,321.00,"16,050.00"
2019-09-19,2019091901006596,API,25,26,50,119.00,"5,950.00"
2019-09-19,2019091901006587,API,25,39,30,117.00,"3,510.00"
2019-09-19,2019091901006549,API,16,45,100,115.00,"11,500.00"
2019-09-19,2019091901006859,BNT,29,11,10,"6,076.00","60,760.00"
2019-09-19,2019091901006858,BNT,42,11,10,"6,080.00","60,800.00"
2019-09-19,2019091901006857,BNT,52,11,10,"6,085.00","60,850.00"
2019-09-19,2019091901006856,BNT,6,11,10,"6,090.00","60,900.00"
2019-09-19,2019091901007008,BOKL,57,17,50,255.00,"12,750.00"
2019-09-19,2019091901006974,BOKL,57,17,15,255.00,"3,825.00"
2019-09-19,2019091901006973,BOKL,49,17,36,255.00,"9,180.00"
2019-09-19,2019091901006933,CBL,48,20,10,144.00,"1,440.00"
2019-09-19,2019091901006903,CBL,14,55,100,143.00,"14,300.00"
2019-09-19,2019091901006722,CBL,14,25,400,143.00,"57,200.00"
2019-09-19,2019091901006551,CBL,20,6,93,143.00,"13,299.00"
2019-09-19,2019091901006781,CCBL,17,47,100,157.00,"15,700.00"
2019-09-19,2019091901006780,CCBL,58,47,346,157.00,"54,322.00"
2019-09-19,2019091901006773,CCBL,58,19,500,157.00,"78,500.00"
2019-09-19,2019091901006734,CCBL,58,39,654,157.00,"102,678.00"
2019-09-19,2019091901006733,CCBL,33,39,86,157.00,"13,502.00"
2019-09-19,2019091901006609,CHCL,25,45,15,433.00,"6,495.00"
2019-09-19,2019091901007028,CIT,39,49,30,"1,830.00","54,900.00"
2019-09-19,2019091901007027,CIT,42,49,50,"1,830.00","91,500.00"
2019-09-19,2019091901007026,CIT,42,49,20,"1,830.00","36,600.00"
2019-09-19,2019091901006947,CIT,52,49,50,"1,835.00","91,750.00"
2019-09-19,2019091901006878,CIT,11,58,10,"1,830.00","18,300.00"
2019-09-19,2019091901006814,CIT,13,49,35,"1,835.00","64,225.00"
2019-09-19,2019091901006765,CIT,49,13,100,"1,830.00","183,000.00"
2019-09-19,2019091901006764,CIT,14,13,50,"1,831.00","91,550.00"
2019-09-19,2019091901006763,CIT,35,13,50,"1,831.00","91,550.00"
2019-09-19,2019091901006670,CIT,25,49,30,"1,835.00","55,050.00"
2019-09-19,2019091901006669,CIT,7,49,50,"1,836.00","91,800.00"
2019-09-19,2019091901006948,CZBIL,50,17,14,199.00,"2,786.00"
2019-09-19,2019091901006901,CZBIL,50,39,300,199.00,"59,700.00"
2019-09-19,2019091901006821,CZBIL,50,39,200,199.00,"39,800.00"
2019-09-19,2019091901006737,CZBIL,14,17,486,199.00,"96,714.00"
2019-09-19,2019091901006790,DBBL,57,49,"26,611",132.00,"3,512,652.00"
2019-09-19,2019091901006699,DBBL,32,19,10,133.00,"1,330.00"
2019-09-19,2019091901006698,DBBL,32,38,"1,000",133.00,"133,000.00"
2019-09-19,2019091901006697,DBBL,32,8,50,133.00,"6,650.00"
2019-09-19,2019091901006676,DBBL,32,56,50,131.00,"6,550.00"
2019-09-19,2019091901006663,DBBL,32,14,500,130.00,"65,000.00"
2019-09-19,2019091901006968,DDBL,52,42,18,732.00,"13,176.00"
2019-09-19,2019091901006863,EBL,32,34,200,578.00,"115,600.00"
2019-09-19,2019091901006793,EBL,38,47,178,577.00,"102,706.00"
2019-09-19,2019091901006605,EBL,18,33,100,575.00,"57,500.00"
2019-09-19,2019091901006586,EBL,18,45,40,575.00,"23,000.00"
2019-09-19,2019091901006585,EBL,54,45,210,575.00,"120,750.00"
2019-09-19,2019091901006538,EBL,54,36,290,575.00,"166,750.00"
2019-09-19,2019091901006537,EBL,46,36,25,575.00,"14,375.00"
2019-09-19,2019091901006536,EBL,46,36,50,575.00,"28,750.00"
2019-09-19,2019091901006700,EIC,38,42,256,262.00,"67,072.00"
2019-09-19,2019091901006956,FMDBL,51,58,200,380.00,"76,000.00"
2019-09-19,2019091901006955,FMDBL,17,58,30,380.00,"11,400.00"
2019-09-19,2019091901006570,FOWAD,35,37,20,"1,300.00","26,000.00"
2019-09-19,2019091901006569,FOWAD,33,37,30,"1,300.00","39,000.00"
2019-09-19,2019091901006555,FOWAD,17,37,100,"1,302.00","130,200.00"
2019-09-19,2019091901006554,FOWAD,32,37,17,"1,302.00","22,134.00"
2019-09-19,2019091901007011,GBLBS,49,45,175,330.00,"57,750.00"
2019-09-19,2019091901007010,GBLBS,45,45,25,330.00,"8,250.00"
2019-09-19,2019091901006831,GBLBS,45,28,10,330.00,"3,300.00"
2019-09-19,2019091901006786,GBLBS,49,25,200,331.00,"66,200.00"
2019-09-19,2019091901007017,GDBL,26,41,100,208.00,"20,800.00"
2019-09-19,2019091901007016,GDBL,58,41,300,208.00,"62,400.00"
2019-09-19,2019091901006990,GLBSL,18,38,50,456.00,"22,800.00"
2019-09-19,2019091901007031,GLICL,29,43,15,380.00,"5,700.00"
2019-09-19,2019091901007014,GLICL,29,43,15,380.00,"5,700.00"
2019-09-19,2019091901006885,GLICL,21,38,455,379.00,"172,445.00"
2019-09-19,2019091901006823,GLICL,7,43,50,380.00,"19,000.00"
2019-09-19,2019091901006678,GLICL,21,10,45,379.00,"17,055.00"
2019-09-19,2019091901006638,GLICL,34,10,100,380.00,"38,000.00"
2019-09-19,2019091901006637,GLICL,32,10,176,380.00,"66,880.00"
2019-09-19,2019091901006898,GMFIL,50,13,"1,895",113.00,"214,135.00"
2019-09-19,2019091901006897,GMFIL,1,13,500,113.00,"56,500.00"
2019-09-19,2019091901006896,GMFIL,43,13,200,113.00,"22,600.00"
2019-09-19,2019091901006895,GMFIL,49,13,300,113.00,"33,900.00"
2019-09-19,2019091901006702,GMFIL,35,58,50,115.00,"5,750.00"
2019-09-19,2019091901006653,GMFIL,56,58,700,115.00,"80,500.00"
2019-09-19,2019091901006877,HDL,6,38,10,"1,500.00","15,000.00"
2019-09-19,2019091901006876,HDL,6,38,10,"1,500.00","15,000.00"
2019-09-19,2019091901006644,HGI,50,17,200,278.00,"55,600.00"
2019-09-19,2019091901006852,HIDCL,56,19,90,134.00,"12,060.00"
2019-09-19,2019091901006580,HIDCL,41,19,200,135.00,"27,000.00"
2019-09-19,2019091901007020,HPPL,59,25,10,132.00,"1,320.00"
2019-09-19,2019091901006824,HURJA,57,47,20,111.00,"2,220.00"
2019-09-19,2019091901006785,HURJA,57,39,20,111.00,"2,220.00"
2019-09-19,2019091901006645,HURJA,57,28,20,111.00,"2,220.00"
2019-09-19,2019091901006639,HURJA,57,39,20,111.00,"2,220.00"
2019-09-19,2019091901006582,HURJA,32,39,20,112.00,"2,240.00"
2019-09-19,2019091901006577,HURJA,32,14,20,112.00,"2,240.00"
2019-09-19,2019091901006576,HURJA,32,54,60,112.00,"6,720.00"
2019-09-19,2019091901006748,IGI,22,26,35,312.00,"10,920.00"
2019-09-19,2019091901006851,ILBS,16,8,10,441.00,"4,410.00"
2019-09-19,2019091901006800,ILBS,16,38,10,441.00,"4,410.00"
2019-09-19,2019091901006762,ILBS,16,56,10,441.00,"4,410.00"
2019-09-19,2019091901006745,ILBS,1,26,100,441.00,"44,100.00"
2019-09-19,2019091901006717,ILBS,1,26,100,441.00,"44,100.00"
2019-09-19,2019091901006716,ILBS,59,26,10,441.00,"4,410.00"
2019-09-19,2019091901006715,ILBS,43,26,50,442.00,"22,100.00"
2019-09-19,2019091901006603,ILBS,11,36,10,442.00,"4,420.00"
2019-09-19,2019091901006917,JSLBB,10,21,10,995.00,"9,950.00"
2019-09-19,2019091901006893,KBL,48,32,50,182.00,"9,100.00"
2019-09-19,2019091901006545,KBL,55,44,500,181.00,"90,500.00"
2019-09-19,2019091901006986,KPCL,56,39,10,79.00,790.00
2019-09-19,2019091901006985,KPCL,56,39,10,79.00,790.00
2019-09-19,2019091901006839,KPCL,56,6,10,78.00,780.00
2019-09-19,2019091901006792,KPCL,56,6,10,78.00,780.00
2019-09-19,2019091901006696,KSBBL,51,14,21,139.00,"2,919.00"
2019-09-19,2019091901006562,KSBBL,51,36,180,139.00,"25,020.00"
2019-09-19,2019091901006561,KSBBL,56,36,20,140.00,"2,800.00"
2019-09-19,2019091901006936,LBBL,22,25,85,175.00,"14,875.00"
2019-09-19,2019091901006935,LBBL,22,48,500,175.00,"87,500.00"
2019-09-19,2019091901006709,LBBL,11,17,100,174.00,"17,400.00"
2019-09-19,2019091901006708,LBBL,25,17,100,174.00,"17,400.00"
2019-09-19,2019091901006707,LBBL,48,17,50,174.00,"8,700.00"
2019-09-19,2019091901006943,LBL,21,58,20,215.00,"4,300.00"
2019-09-19,2019091901006910,LGIL,45,45,100,360.00,"36,000.00"
2019-09-19,2019091901006909,LGIL,45,45,30,361.00,"10,830.00"
2019-09-19,2019091901006908,LGIL,33,45,45,361.00,"16,245.00"
2019-09-19,2019091901006907,LGIL,14,45,20,363.00,"7,260.00"
2019-09-19,2019091901006890,LGIL,53,38,67,365.00,"24,455.00"
2019-09-19,2019091901006889,LGIL,52,38,33,366.00,"12,078.00"
2019-09-19,2019091901006758,LICN,13,39,90,"1,017.00","91,530.00"
2019-09-19,2019091901006757,LICN,57,39,10,"1,018.00","10,180.00"
2019-09-19,2019091901006749,LICN,21,25,10,"1,029.00","10,290.00"
2019-09-19,2019091901006634,LICN,25,25,10,"1,028.00","10,280.00"
2019-09-19,2019091901007015,LLBS,18,11,10,676.00,"6,760.00"
2019-09-19,2019091901006813,LLBS,36,28,15,666.00,"9,990.00"
2019-09-19,2019091901006931,MBL,39,49,50,250.00,"12,500.00"
2019-09-19,2019091901006930,MBL,49,49,169,250.00,"42,250.00"
2019-09-19,2019091901006888,MBL,17,51,100,251.00,"25,100.00"
2019-09-19,2019091901006799,MBL,49,17,131,250.00,"32,750.00"
2019-09-19,2019091901006798,MBL,52,17,50,250.00,"12,500.00"
2019-09-19,2019091901006797,MBL,49,17,50,250.00,"12,500.00"
2019-09-19,2019091901006796,MBL,8,17,100,250.00,"25,000.00"
2019-09-19,2019091901006795,MBL,55,17,70,250.00,"17,500.00"
2019-09-19,2019091901006794,MBL,34,17,99,250.00,"24,750.00"
2019-09-19,2019091901006559,MEGA,32,34,100,197.00,"19,700.00"
2019-09-19,2019091901006747,MEGA,32,34,200,197.00,"39,400.00"
2019-09-19,2019091901006811,MEGA,17,39,100,196.00,"19,600.00"
2019-09-19,2019091901006810,MEGA,57,39,500,196.00,"98,000.00"
2019-09-19,2019091901006934,MEGA,32,47,15,195.00,"2,925.00"
2019-09-19,2019091901006829,MEGA,32,19,98,195.00,"19,110.00"
2019-09-19,2019091901006950,MEGA,40,39,200,196.00,"39,200.00"
2019-09-19,2019091901006996,MERO,29,33,260,560.00,"145,600.00"
2019-09-19,2019091901006612,MERO,37,17,42,556.00,"23,352.00"
2019-09-19,2019091901006611,MERO,17,17,30,557.00,"16,710.00"
2019-09-19,2019091901006610,MERO,35,17,28,557.00,"15,596.00"
2019-09-19,2019091901006650,MHNL,28,39,20,85.00,"1,700.00"
2019-09-19,2019091901006928,MLBL,54,48,150,211.00,"31,650.00"
2019-09-19,2019091901006927,MLBL,52,48,100,211.00,"21,100.00"
2019-09-19,2019091901006926,MLBL,32,48,200,211.00,"42,200.00"
2019-09-19,2019091901006925,MLBL,45,48,150,211.00,"31,650.00"
2019-09-19,2019091901006937,MNBBL,26,55,50,309.00,"15,450.00"
2019-09-19,2019091901006594,MNBBL,48,45,200,311.00,"62,200.00"
2019-09-19,2019091901006571,MNBBL,32,25,111,310.00,"34,410.00"
2019-09-19,2019091901006769,MSLB,41,7,10,925.00,"9,250.00"
2019-09-19,2019091901006871,NABIL,58,37,250,775.00,"193,750.00"
2019-09-19,2019091901006984,NADEP,41,26,200,408.00,"81,600.00"
2019-09-19,2019091901006983,NADEP,45,26,50,409.00,"20,450.00"
2019-09-19,2019091901006982,NADEP,14,26,20,409.00,"8,180.00"
2019-09-19,2019091901006981,NADEP,34,26,50,409.00,"20,450.00"
2019-09-19,2019091901006980,NADEP,6,26,50,410.00,"20,500.00"
2019-09-19,2019091901006979,NADEP,35,26,90,410.00,"36,900.00"
2019-09-19,2019091901006720,NADEP,35,14,10,410.00,"4,100.00"
2019-09-19,2019091901006608,NADEP,53,14,10,411.00,"4,110.00"
2019-09-19,2019091901006640,NBB,46,38,326,210.00,"68,460.00"
2019-09-19,2019091901006592,NBB,46,36,50,210.00,"10,500.00"
2019-09-19,2019091901006902,NBL,36,21,11,317.00,"3,487.00"
2019-09-19,2019091901006809,NBL,58,13,320,319.00,"102,080.00"
2019-09-19,2019091901006808,NBL,58,49,100,319.00,"31,900.00"
2019-09-19,2019091901006807,NBL,58,56,80,319.00,"25,520.00"
2019-09-19,2019091901006679,NBL,36,25,300,317.00,"95,100.00"
2019-09-19,2019091901006657,NBL,36,56,20,319.00,"6,380.00"
2019-09-19,2019091901006656,NBL,36,40,500,318.00,"159,000.00"
2019-09-19,2019091901006591,NBL,36,45,80,317.00,"25,360.00"
2019-09-19,2019091901006590,NBL,26,45,70,317.00,"22,190.00"
2019-09-19,2019091901006574,NBL,26,36,100,317.00,"31,700.00"
2019-09-19,2019091901006978,NCCB,41,58,30,198.00,"5,940.00"
2019-09-19,2019091901006894,NCCB,41,58,20,198.00,"3,960.00"
2019-09-19,2019091901006666,NCCB,41,19,69,198.00,"13,662.00"
2019-09-19,2019091901006665,NCCB,50,19,250,198.00,"49,500.00"
2019-09-19,2019091901006664,NCCB,43,19,858,198.00,"169,884.00"
2019-09-19,2019091901006560,NCCB,55,18,500,199.00,"99,500.00"
2019-09-19,2019091901006550,NHDL,34,56,10,96.00,960.00
2019-09-19,2019091901006914,NIB,17,25,100,445.00,"44,500.00"
2019-09-19,2019091901006870,NIB,17,25,49,445.00,"21,805.00"
2019-09-19,2019091901006869,NIB,17,47,67,445.00,"29,815.00"
2019-09-19,2019091901006868,NIB,17,59,284,445.00,"126,380.00"
2019-09-19,2019091901006632,NIB,36,59,56,445.00,"24,920.00"
2019-09-19,2019091901006631,NIB,36,43,44,444.00,"19,536.00"
2019-09-19,2019091901006568,NIB,57,54,50,443.00,"22,150.00"
2019-09-19,2019091901006929,NICA,45,58,20,386.00,"7,720.00"
2019-09-19,2019091901006953,NICL,13,56,177,271.00,"47,967.00"
2019-09-19,2019091901006906,NICL,44,56,"2,000",272.00,"544,000.00"
2019-09-19,2019091901006905,NICL,39,56,208,272.00,"56,576.00"
2019-09-19,2019091901006904,NICL,39,56,800,273.00,"218,400.00"
2019-09-19,2019091901006726,NICL,39,42,200,273.00,"54,600.00"
2019-09-19,2019091901006995,NIL,6,6,300,372.00,"111,600.00"
2019-09-19,2019091901006994,NIL,17,6,30,373.00,"11,190.00"
2019-09-19,2019091901006661,NIL,17,17,210,373.00,"78,330.00"
2019-09-19,2019091901006626,NLBBL,22,37,100,508.00,"50,800.00"
2019-09-19,2019091901006625,NLBBL,48,37,200,508.00,"101,600.00"
2019-09-19,2019091901006961,NLIC,35,4,110,764.00,"84,040.00"
2019-09-19,2019091901006960,NLIC,42,4,100,764.00,"76,400.00"
2019-09-19,2019091901006959,NLIC,7,4,200,764.00,"152,800.00"
2019-09-19,2019091901006958,NLIC,11,4,50,764.00,"38,200.00"
2019-09-19,2019091901006957,NLIC,45,4,40,765.00,"30,600.00"
2019-09-19,2019091901006861,NLIC,6,40,100,765.00,"76,500.00"
2019-09-19,2019091901006860,NLIC,41,4,28,767.00,"21,476.00"
2019-09-19,2019091901006837,NLIC,20,4,150,766.00,"114,900.00"
2019-09-19,2019091901006761,NLIC,14,4,50,766.00,"38,300.00"
2019-09-19,2019091901006705,NLIC,45,4,50,767.00,"38,350.00"
2019-09-19,2019091901006704,NLIC,42,4,30,767.00,"23,010.00"
2019-09-19,2019091901006727,NLICL,44,26,186,480.00,"89,280.00"
2019-09-19,2019091901006675,NLICL,47,26,50,480.00,"24,000.00"
2019-09-19,2019091901006674,NLICL,17,26,100,481.00,"48,100.00"
2019-09-19,2019091901006673,NLICL,28,26,22,481.00,"10,582.00"
2019-09-19,2019091901006804,NMBMF,45,10,12,"1,045.00","12,540.00"
2019-09-19,2019091901006803,NMBMF,57,10,50,"1,046.00","52,300.00"
2019-09-19,2019091901006659,NMBMF,28,5,50,"1,051.00","52,550.00"
2019-09-19,2019091901006658,NMBMF,28,45,10,"1,051.00","10,510.00"
2019-09-19,2019091901006988,NMFBS,33,41,50,"1,726.00","86,300.00"
2019-09-19,2019091901006949,NMFBS,33,58,50,"1,726.00","86,300.00"
2019-09-19,2019091901006913,NMFBS,5,45,20,"1,730.00","34,600.00"
2019-09-19,2019091901006884,NMFBS,45,54,14,"1,730.00","24,220.00"
2019-09-19,2019091901006840,NMFBS,44,38,20,"1,730.00","34,600.00"
2019-09-19,2019091901006838,NMFBS,41,58,20,"1,740.00","34,800.00"
2019-09-19,2019091901006629,NMFBS,33,35,35,"1,738.00","60,830.00"
2019-09-19,2019091901006606,NMFBS,44,45,50,"1,743.00","87,150.00"
2019-09-19,2019091901006573,NMFBS,28,33,20,"1,740.00","34,800.00"
2019-09-19,2019091901006572,NMFBS,8,33,160,"1,740.00","278,400.00"
2019-09-19,2019091901006754,NMFBS,34,58,100,"1,736.00","173,600.00"
2019-09-19,2019091901006753,NMFBS,21,58,10,"1,736.00","17,360.00"
2019-09-19,2019091901006752,NMFBS,28,58,75,"1,737.00","130,275.00"
2019-09-19,2019091901006750,NMFBS,28,51,15,"1,737.00","26,055.00"
2019-09-19,2019091901006739,NMFBS,28,37,10,"1,737.00","17,370.00"
2019-09-19,2019091901006738,NMFBS,33,37,15,"1,738.00","26,070.00"
2019-09-19,2019091901006816,NMFBS,41,19,20,"1,731.00","34,620.00"
2019-09-19,2019091901006815,NMFBS,19,19,35,"1,731.00","60,585.00"
2019-09-19,2019091901006778,NMFBS,58,58,15,"1,735.00","26,025.00"
2019-09-19,2019091901006776,NMFBS,19,58,15,"1,731.00","25,965.00"
2019-09-19,2019091901006756,NMFBS,48,58,100,"1,735.00","173,500.00"
2019-09-19,2019091901006755,NMFBS,45,58,100,"1,736.00","173,600.00"
2019-09-19,2019091901006628,PCBL,14,6,50,267.00,"13,350.00"
2019-09-19,2019091901006972,PIC,49,38,463,390.00,"180,570.00"
2019-09-19,2019091901006971,PIC,7,38,567,391.00,"221,697.00"
2019-09-19,2019091901006827,PIC,7,13,19,391.00,"7,429.00"
2019-09-19,2019091901006642,PIC,7,45,164,391.00,"64,124.00"
2019-09-19,2019091901006641,PIC,13,45,36,392.00,"14,112.00"
2019-09-19,2019091901006830,PLIC,22,55,10,339.00,"3,390.00"
2019-09-19,2019091901006855,PMHPL,45,56,10,93.00,930.00
2019-09-19,2019091901006812,PMHPL,45,28,10,93.00,930.00
2019-09-19,2019091901006598,PMHPL,45,39,10,93.00,930.00
2019-09-19,2019091901006801,PRIN,7,51,100,305.00,"30,500.00"
2019-09-19,2019091901006719,PRIN,14,51,100,305.00,"30,500.00"
2019-09-19,2019091901006718,PRIN,7,51,200,306.00,"61,200.00"
2019-09-19,2019091901006954,PRVU,58,55,180,265.00,"47,700.00"
2019-09-19,2019091901006916,PRVU,58,34,500,266.00,"133,000.00"
2019-09-19,2019091901006775,PRVU,55,37,174,268.00,"46,632.00"
2019-09-19,2019091901006774,PRVU,55,34,226,268.00,"60,568.00"
2019-09-19,2019091901006668,PRVU,49,39,14,265.00,"3,710.00"
2019-09-19,2019091901006620,PRVU,36,34,100,268.00,"26,800.00"
2019-09-19,2019091901006557,PRVU,32,57,"2,107",266.00,"560,462.00"
2019-09-19,2019091901006688,PRVU,32,34,594,268.00,"159,192.00"
2019-09-19,2019091901006687,PRVU,32,17,219,267.00,"58,473.00"
2019-09-19,2019091901006686,PRVU,32,57,75,266.00,"19,950.00"
2019-09-19,2019091901006685,PRVU,58,55,314,265.00,"83,210.00"
2019-09-19,2019091901006684,PRVU,6,55,100,265.00,"26,500.00"
2019-09-19,2019091901006683,PRVU,49,55,286,265.00,"75,790.00"
2019-09-19,2019091901006694,PRVU,32,34,774,268.00,"207,432.00"
2019-09-19,2019091901006693,PRVU,32,38,50,268.00,"13,400.00"
2019-09-19,2019091901006692,PRVU,32,59,100,268.00,"26,800.00"
2019-09-19,2019091901006691,PRVU,32,13,"2,000",268.00,"536,000.00"
2019-09-19,2019091901006690,PRVU,32,16,688,268.00,"184,384.00"
2019-09-19,2019091901006689,PRVU,32,26,500,268.00,"134,000.00"
2019-09-19,2019091901006989,RADHI,32,47,11,137.00,"1,507.00"
2019-09-19,2019091901006873,RADHI,32,56,12,137.00,"1,644.00"
2019-09-19,2019091901006854,RADHI,32,28,11,137.00,"1,507.00"
2019-09-19,2019091901006565,RADHI,32,42,11,137.00,"1,507.00"
2019-09-19,2019091901006828,RBCL,43,58,25,"8,850.00","221,250.00"
2019-09-19,2019091901006660,RBCL,11,1,10,"8,851.00","88,510.00"
2019-09-19,2019091901006977,RBCLPO,3,33,10,"7,550.00","75,500.00"
2019-09-19,2019091901007032,RHPL,17,11,40,163.00,"6,520.00"
2019-09-19,2019091901007018,RHPL,17,44,30,163.00,"4,890.00"
2019-09-19,2019091901007003,RHPL,17,11,40,163.00,"6,520.00"
2019-09-19,2019091901007002,RHPL,34,5,10,165.00,"1,650.00"
2019-09-19,2019091901007001,RHPL,34,28,10,164.00,"1,640.00"
2019-09-19,2019091901007000,RHPL,34,28,10,164.00,"1,640.00"
2019-09-19,2019091901006544,RHPL,29,29,40,163.00,"6,520.00"
2019-09-19,2019091901006579,RHPL,29,29,40,163.00,"6,520.00"
2019-09-19,2019091901006575,RHPL,29,44,30,163.00,"4,890.00"
2019-09-19,2019091901006567,RHPL,29,29,50,163.00,"8,150.00"
2019-09-19,2019091901006563,RHPL,29,38,30,163.00,"4,890.00"
2019-09-19,2019091901006553,RHPL,29,29,40,163.00,"6,520.00"
2019-09-19,2019091901006552,RHPL,29,44,30,163.00,"4,890.00"
2019-09-19,2019091901006615,RHPL,29,38,30,163.00,"4,890.00"
2019-09-19,2019091901006613,RHPL,29,36,40,163.00,"6,520.00"
2019-09-19,2019091901006599,RHPL,29,29,40,163.00,"6,520.00"
2019-09-19,2019091901006595,RHPL,29,44,30,163.00,"4,890.00"
2019-09-19,2019091901006588,RHPL,29,29,40,163.00,"6,520.00"
2019-09-19,2019091901006583,RHPL,29,58,40,163.00,"6,520.00"
2019-09-19,2019091901006672,RHPL,29,44,30,163.00,"4,890.00"
2019-09-19,2019091901006652,RHPL,29,44,30,163.00,"4,890.00"
2019-09-19,2019091901006647,RHPL,29,29,30,163.00,"4,890.00"
2019-09-19,2019091901006633,RHPL,29,44,40,163.00,"6,520.00"
2019-09-19,2019091901006623,RHPL,29,29,40,163.00,"6,520.00"
2019-09-19,2019091901006616,RHPL,29,44,30,163.00,"4,890.00"
2019-09-19,2019091901006714,RHPL,56,33,210,164.00,"34,440.00"
2019-09-19,2019091901006713,RHPL,56,39,40,164.00,"6,560.00"
2019-09-19,2019091901006712,RHPL,56,43,40,164.00,"6,560.00"
2019-09-19,2019091901006711,RHPL,56,19,200,164.00,"32,800.00"
2019-09-19,2019091901006710,RHPL,56,44,10,164.00,"1,640.00"
2019-09-19,2019091901006677,RHPL,29,38,30,163.00,"4,890.00"
2019-09-19,2019091901006767,RHPL,29,38,20,163.00,"3,260.00"
2019-09-19,2019091901006766,RHPL,29,29,50,163.00,"8,150.00"
2019-09-19,2019091901006751,RHPL,29,44,30,163.00,"4,890.00"
2019-09-19,2019091901006742,RHPL,29,47,20,163.00,"3,260.00"
2019-09-19,2019091901006736,RHPL,29,38,40,163.00,"6,520.00"
2019-09-19,2019091901006725,RHPL,29,44,30,163.00,"4,890.00"
2019-09-19,2019091901006806,RHPL,17,44,40,163.00,"6,520.00"
2019-09-19,2019091901006805,RHPL,17,29,40,163.00,"6,520.00"
2019-09-19,2019091901006784,RHPL,17,26,350,163.00,"57,050.00"
2019-09-19,2019091901006783,RHPL,43,26,140,163.00,"22,820.00"
2019-09-19,2019091901006782,RHPL,43,44,40,163.00,"6,520.00"
2019-09-19,2019091901006768,RHPL,43,38,20,163.00,"3,260.00"
2019-09-19,2019091901006915,RHPL,17,38,40,163.00,"6,520.00"
2019-09-19,2019091901006886,RHPL,17,29,40,163.00,"6,520.00"
2019-09-19,2019091901006879,RHPL,17,39,40,163.00,"6,520.00"
2019-09-19,2019091901006874,RHPL,17,44,40,163.00,"6,520.00"
2019-09-19,2019091901006822,RHPL,17,38,40,163.00,"6,520.00"
2019-09-19,2019091901006818,RHPL,17,8,10,163.00,"1,630.00"
2019-09-19,2019091901006999,RHPL,17,44,40,163.00,"6,520.00"
2019-09-19,2019091901006998,RHPL,17,38,40,163.00,"6,520.00"
2019-09-19,2019091901006970,RHPL,17,44,30,163.00,"4,890.00"
2019-09-19,2019091901006962,RHPL,17,29,40,163.00,"6,520.00"
2019-09-19,2019091901006952,RHPL,17,38,40,163.00,"6,520.00"
2019-09-19,2019091901006942,RHPL,17,44,40,163.00,"6,520.00"
2019-09-19,2019091901006706,RMDC,18,39,10,628.00,"6,280.00"
2019-09-19,2019091901006881,SABSL,40,38,10,470.00,"4,700.00"
2019-09-19,2019091901006789,SABSL,40,38,10,470.00,"4,700.00"
2019-09-19,2019091901006771,SABSL,40,14,10,470.00,"4,700.00"
2019-09-19,2019091901006759,SABSL,40,14,10,470.00,"4,700.00"
2019-09-19,2019091901006671,SABSL,47,47,10,472.00,"4,720.00"
2019-09-19,2019091901006655,SABSL,47,14,10,472.00,"4,720.00"
2019-09-19,2019091901006802,SANIMA,14,47,116,349.00,"40,484.00"
2019-09-19,2019091901006681,SANIMA,6,45,100,350.00,"35,000.00"
2019-09-19,2019091901006680,SANIMA,6,45,50,350.00,"17,500.00"
2019-09-19,2019091901006920,SBL,14,28,365,328.00,"119,720.00"
2019-09-19,2019091901006919,SBL,38,28,140,328.00,"45,920.00"
2019-09-19,2019091901006918,SBL,36,28,495,328.00,"162,360.00"
2019-09-19,2019091901006836,SBL,36,42,205,328.00,"67,240.00"
2019-09-19,2019091901006835,SBL,42,42,500,328.00,"164,000.00"
2019-09-19,2019091901006834,SBL,43,42,200,328.00,"65,600.00"
2019-09-19,2019091901006539,SBL,19,44,180,329.00,"59,220.00"
2019-09-19,2019091901006604,SBL,36,44,100,329.00,"32,900.00"
2019-09-19,2019091901006581,SBL,47,44,100,329.00,"32,900.00"
2019-09-19,2019091901006543,SBL,26,44,350,329.00,"115,150.00"
2019-09-19,2019091901006542,SBL,52,44,20,329.00,"6,580.00"
2019-09-19,2019091901006541,SBL,52,44,108,329.00,"35,532.00"
2019-09-19,2019091901006540,SBL,52,44,25,329.00,"8,225.00"
2019-09-19,2019091901006833,SBL,43,42,300,328.00,"98,400.00"
2019-09-19,2019091901006832,SBL,39,42,30,328.00,"9,840.00"
2019-09-19,2019091901006826,SBL,58,17,458,329.00,"150,682.00"
2019-09-19,2019091901006825,SBL,58,44,42,329.00,"13,818.00"
2019-09-19,2019091901006787,SBL,49,44,25,329.00,"8,225.00"
2019-09-19,2019091901006649,SBL,56,44,50,329.00,"16,450.00"
2019-09-19,2019091901006850,SDESI,45,33,91,609.00,"55,419.00"
2019-09-19,2019091901006849,SDESI,22,33,10,610.00,"6,100.00"
2019-09-19,2019091901006848,SDESI,51,33,50,610.00,"30,500.00"
2019-09-19,2019091901006847,SDESI,29,33,20,610.00,"12,200.00"
2019-09-19,2019091901006846,SDESI,45,33,20,610.00,"12,200.00"
2019-09-19,2019091901006845,SDESI,22,33,10,611.00,"6,110.00"
2019-09-19,2019091901006844,SDESI,6,33,100,611.00,"61,100.00"
2019-09-19,2019091901006843,SDESI,45,33,200,612.00,"122,400.00"
2019-09-19,2019091901006842,SDESI,22,33,10,612.00,"6,120.00"
2019-09-19,2019091901006841,SDESI,4,33,60,612.00,"36,720.00"
2019-09-19,2019091901006654,SFFIL,36,22,50,251.00,"12,550.00"
2019-09-19,2019091901007029,SHIVM,52,48,60,575.00,"34,500.00"
2019-09-19,2019091901006969,SHIVM,17,40,50,577.00,"28,850.00"
2019-09-19,2019091901006966,SHIVM,52,21,40,575.00,"23,000.00"
2019-09-19,2019091901006965,SHIVM,6,21,30,575.00,"17,250.00"
2019-09-19,2019091901006964,SHIVM,3,21,30,575.00,"17,250.00"
2019-09-19,2019091901006946,SHIVM,25,59,50,576.00,"28,800.00"
2019-09-19,2019091901006912,SHIVM,3,51,20,575.00,"11,500.00"
2019-09-19,2019091901006911,SHIVM,58,51,30,575.00,"17,250.00"
2019-09-19,2019091901006772,SHIVM,26,21,100,576.00,"57,600.00"
2019-09-19,2019091901006695,SHIVM,58,26,170,575.00,"97,750.00"
2019-09-19,2019091901006997,SHPC,51,17,100,201.00,"20,100.00"
2019-09-19,2019091901006887,SICL,45,26,50,730.00,"36,500.00"
2019-09-19,2019091901006597,SICL,45,13,22,730.00,"16,060.00"
2019-09-19,2019091901006589,SINDU,33,21,10,130.00,"1,300.00"
2019-09-19,2019091901007033,SJCL,14,41,20,175.00,"3,500.00"
2019-09-19,2019091901007030,SJCL,14,44,20,175.00,"3,500.00"
2019-09-19,2019091901007012,SJCL,14,11,20,175.00,"3,500.00"
2019-09-19,2019091901007007,SJCL,14,38,10,175.00,"1,750.00"
2019-09-19,2019091901007006,SJCL,10,38,10,175.00,"1,750.00"
2019-09-19,2019091901007005,SJCL,10,44,10,175.00,"1,750.00"
2019-09-19,2019091901006584,SJCL,39,44,20,175.00,"3,500.00"
2019-09-19,2019091901006558,SJCL,39,44,20,175.00,"3,500.00"
2019-09-19,2019091901006556,SJCL,39,38,10,175.00,"1,750.00"
2019-09-19,2019091901006546,SJCL,39,42,20,175.00,"3,500.00"
2019-09-19,2019091901006621,SJCL,39,38,10,175.00,"1,750.00"
2019-09-19,2019091901006614,SJCL,32,29,20,176.00,"3,520.00"
2019-09-19,2019091901006607,SJCL,32,58,20,176.00,"3,520.00"
2019-09-19,2019091901006602,SJCL,32,29,20,176.00,"3,520.00"
2019-09-19,2019091901006601,SJCL,32,44,20,176.00,"3,520.00"
2019-09-19,2019091901006593,SJCL,32,29,20,176.00,"3,520.00"
2019-09-19,2019091901006662,SJCL,39,44,20,175.00,"3,500.00"
2019-09-19,2019091901006651,SJCL,39,43,20,175.00,"3,500.00"
2019-09-19,2019091901006643,SJCL,39,44,20,175.00,"3,500.00"
2019-09-19,2019091901006635,SJCL,39,29,20,175.00,"3,500.00"
2019-09-19,2019091901006624,SJCL,39,44,20,175.00,"3,500.00"
2019-09-19,2019091901006622,SJCL,39,36,20,175.00,"3,500.00"
2019-09-19,2019091901006731,SJCL,14,26,100,175.00,"17,500.00"
2019-09-19,2019091901006730,SJCL,39,26,10,175.00,"1,750.00"
2019-09-19,2019091901006723,SJCL,39,47,10,175.00,"1,750.00"
2019-09-19,2019091901006721,SJCL,39,28,10,175.00,"1,750.00"
2019-09-19,2019091901006703,SJCL,39,38,10,175.00,"1,750.00"
2019-09-19,2019091901006682,SJCL,39,44,20,175.00,"3,500.00"
2019-09-19,2019091901006777,SJCL,48,38,20,175.00,"3,500.00"
2019-09-19,2019091901006760,SJCL,48,44,20,175.00,"3,500.00"
2019-09-19,2019091901006746,SJCL,48,38,20,175.00,"3,500.00"
2019-09-19,2019091901006735,SJCL,48,44,20,175.00,"3,500.00"
2019-09-19,2019091901006732,SJCL,48,26,10,175.00,"1,750.00"
2019-09-19,2019091901006820,SJCL,48,29,20,175.00,"3,500.00"
2019-09-19,2019091901006817,SJCL,48,44,20,175.00,"3,500.00"
2019-09-19,2019091901006788,SJCL,48,44,20,175.00,"3,500.00"
2019-09-19,2019091901006779,SJCL,48,29,20,175.00,"3,500.00"
2019-09-19,2019091901006932,SJCL,48,38,20,175.00,"3,500.00"
2019-09-19,2019091901006900,SJCL,48,29,10,175.00,"1,750.00"
2019-09-19,2019091901006882,SJCL,48,44,20,175.00,"3,500.00"
2019-09-19,2019091901006872,SJCL,48,38,20,175.00,"3,500.00"
2019-09-19,2019091901007004,SJCL,48,44,10,175.00,"1,750.00"
2019-09-19,2019091901006991,SJCL,48,29,20,175.00,"3,500.00"
2019-09-19,2019091901006987,SJCL,48,44,20,175.00,"3,500.00"
2019-09-19,2019091901006963,SJCL,48,38,20,175.00,"3,500.00"
2019-09-19,2019091901006951,SJCL,48,44,20,175.00,"3,500.00"
2019-09-19,2019091901006945,SLBSL,39,48,12,690.00,"8,280.00"
2019-09-19,2019091901006944,SLBSL,16,48,14,695.00,"9,730.00"
2019-09-19,2019091901007035,SLICL,14,55,100,277.00,"27,700.00"
2019-09-19,2019091901007034,SLICL,1,55,200,278.00,"55,600.00"
2019-09-19,2019091901006967,SLICL,38,6,100,279.00,"27,900.00"
2019-09-19,2019091901006899,SMB,13,28,10,427.00,"4,270.00"
2019-09-19,2019091901006819,SMB,13,56,10,427.00,"4,270.00"
2019-09-19,2019091901006892,SMFBS,34,43,10,808.00,"8,080.00"
2019-09-19,2019091901006600,SMFBS,34,14,10,796.00,"7,960.00"
2019-09-19,2019091901006883,SMFDB,7,21,10,525.00,"5,250.00"
2019-09-19,2019091901006728,SPARS,45,14,10,564.00,"5,640.00"
2019-09-19,2019091901006924,SRBL,34,26,30,239.00,"7,170.00"
2019-09-19,2019091901006923,SRBL,35,26,20,239.00,"4,780.00"
2019-09-19,2019091901006922,SRBL,11,26,100,239.00,"23,900.00"
2019-09-19,2019091901006921,SRBL,1,26,250,239.00,"59,750.00"
2019-09-19,2019091901006862,SRBL,34,39,108,240.00,"25,920.00"
2019-09-19,2019091901006853,SRBL,11,39,28,240.00,"6,720.00"
2019-09-19,2019091901006701,SRBL,11,45,22,240.00,"5,280.00"
2019-09-19,2019091901006630,SRBL,11,46,50,240.00,"12,000.00"
2019-09-19,2019091901006976,UIC,52,39,100,276.00,"27,600.00"
2019-09-19,2019091901006975,UIC,17,39,20,276.00,"5,520.00"
2019-09-19,2019091901006667,UIC,28,39,70,279.00,"19,530.00"
2019-09-19,2019091901006648,UIC,45,39,140,280.00,"39,200.00"
2019-09-19,2019091901006617,UIC,45,47,60,280.00,"16,800.00"
2019-09-19,2019091901007009,UPCL,22,41,50,79.00,"3,950.00"
2019-09-19,2019091901006770,UPCL,22,47,100,79.00,"7,900.00"
2019-09-19,2019091901006891,UPPER,50,56,50,240.00,"12,000.00"
2019-09-19,2019091901006875,UPPER,50,33,40,240.00,"9,600.00"
2019-09-19,2019091901006618,UPPER,1,50,50,242.00,"12,100.00"
2019-09-19,2019091901006578,UPPER,49,57,50,241.00,"12,050.00"
2019-09-19,2019091901006548,UPPER,49,57,40,241.00,"9,640.00"
2019-09-19,2019091901006547,UPPER,49,57,40,241.00,"9,640.00"
2019-09-19,2019091901006741,UPPER,50,14,30,240.00,"7,200.00"
2019-09-19,2019091901006740,UPPER,6,14,10,241.00,"2,410.00"
2019-09-19,2019091901006724,UPPER,49,6,40,242.00,"9,680.00"
2019-09-19,2019091901006646,UPPER,6,14,50,241.00,"12,050.00"
2019-09-19,2019091901006619,UPPER,1,6,50,242.00,"12,100.00"
2019-09-19,2019091901006566,VLBS,1,35,20,549.00,"10,980.00"
2019-09-19,2019091901006391,ADBL,34,58,10,418.00,"4,180.00"
2019-09-19,2019091901006346,ADBL,4,50,452,415.00,"187,580.00"
2019-09-19,2019091901006345,ADBL,44,50,200,415.00,"83,000.00"
2019-09-19,2019091901006344,ADBL,47,50,100,415.00,"41,500.00"
2019-09-19,2019091901006343,ADBL,35,50,50,415.00,"20,750.00"
2019-09-19,2019091901006342,ADBL,53,50,364,415.00,"151,060.00"
2019-09-19,2019091901006145,ADBL,49,50,398,417.00,"165,966.00"
2019-09-19,2019091901006144,ADBL,49,35,102,416.00,"42,432.00"
2019-09-19,2019091901006054,ADBL,34,50,35,417.00,"14,595.00"
2019-09-19,2019091901006053,ADBL,21,50,100,417.00,"41,700.00"
2019-09-19,2019091901006052,ADBL,29,50,100,417.00,"41,700.00"
2019-09-19,2019091901006205,ADBL,4,50,100,415.00,"41,500.00"
2019-09-19,2019091901006204,ADBL,41,50,10,415.00,"4,150.00"
2019-09-19,2019091901006161,ADBL,11,50,50,416.00,"20,800.00"
2019-09-19,2019091901006160,ADBL,44,50,10,416.00,"4,160.00"
2019-09-19,2019091901006159,ADBL,56,50,100,416.00,"41,600.00"
2019-09-19,2019091901006158,ADBL,57,50,100,416.00,"41,600.00"
2019-09-19,2019091901006265,ADBL,53,50,240,415.00,"99,600.00"
2019-09-19,2019091901006234,ADBL,53,44,50,415.00,"20,750.00"
2019-09-19,2019091901006224,ADBL,53,39,197,415.00,"81,755.00"
2019-09-19,2019091901006208,ADBL,53,50,149,415.00,"61,835.00"
2019-09-19,2019091901006207,ADBL,35,50,19,415.00,"7,885.00"
2019-09-19,2019091901006206,ADBL,20,50,83,415.00,"34,445.00"
2019-09-19,2019091901006410,AHPC,43,26,"3,000",98.00,"294,000.00"
2019-09-19,2019091901006409,AHPC,11,26,20,99.00,"1,980.00"
2019-09-19,2019091901006526,AKBSL,6,41,38,423.00,"16,074.00"
2019-09-19,2019091901006525,AKBSL,51,41,200,423.00,"84,600.00"
2019-09-19,2019091901006524,AKBSL,39,41,10,423.00,"4,230.00"
2019-09-19,2019091901006523,AKBSL,52,41,100,424.00,"42,400.00"
2019-09-19,2019091901006522,AKBSL,36,41,70,424.00,"29,680.00"
2019-09-19,2019091901006368,AKBSL,29,29,10,427.00,"4,270.00"
2019-09-19,2019091901006123,AKBSL,36,43,10,424.00,"4,240.00"
2019-09-19,2019091901006287,ALICL,47,36,100,318.00,"31,800.00"
2019-09-19,2019091901006066,ALICL,47,25,350,318.00,"111,300.00"
2019-09-19,2019091901006065,ALICL,25,25,50,318.00,"15,900.00"
2019-09-19,2019091901006505,API,16,20,51,115.00,"5,865.00"
2019-09-19,2019091901006504,API,25,20,500,115.00,"57,500.00"
2019-09-19,2019091901006475,API,39,20,100,116.00,"11,600.00"
2019-09-19,2019091901006474,API,42,20,30,116.00,"3,480.00"
2019-09-19,2019091901006473,API,42,20,50,116.00,"5,800.00"
2019-09-19,2019091901006472,API,25,20,169,116.00,"19,604.00"
2019-09-19,2019091901006223,API,39,22,29,117.00,"3,393.00"
2019-09-19,2019091901006236,BFC,19,39,10,88.00,880.00
2019-09-19,2019091901006359,BOKL,49,37,64,255.00,"16,320.00"
2019-09-19,2019091901006358,BOKL,38,37,936,255.00,"238,680.00"
2019-09-19,2019091901006310,BOKL,38,14,64,255.00,"16,320.00"
2019-09-19,2019091901006309,BOKL,1,14,436,255.00,"111,180.00"
2019-09-19,2019091901006387,BPCL,49,56,"1,164",363.00,"422,532.00"
2019-09-19,2019091901006386,BPCL,59,56,50,363.00,"18,150.00"
2019-09-19,2019091901006385,BPCL,43,56,200,364.00,"72,800.00"
2019-09-19,2019091901006384,BPCL,41,56,100,365.00,"36,500.00"
2019-09-19,2019091901006383,BPCL,35,56,20,365.00,"7,300.00"
2019-09-19,2019091901006382,BPCL,8,56,474,365.00,"173,010.00"
2019-09-19,2019091901006283,BPCL,22,58,150,366.00,"54,900.00"
2019-09-19,2019091901006282,BPCL,41,58,38,367.00,"13,946.00"
2019-09-19,2019091901006281,BPCL,59,58,34,367.00,"12,478.00"
2019-09-19,2019091901006294,BPCL,8,58,26,365.00,"9,490.00"
2019-09-19,2019091901006293,BPCL,57,58,100,365.00,"36,500.00"
2019-09-19,2019091901006292,BPCL,8,58,200,366.00,"73,200.00"
2019-09-19,2019091901006291,BPCL,28,58,600,366.00,"219,600.00"
2019-09-19,2019091901006285,BPCL,28,58,400,366.00,"146,400.00"
2019-09-19,2019091901006284,BPCL,43,58,100,366.00,"36,600.00"
2019-09-19,2019091901006252,CBBL,4,50,50,976.00,"48,800.00"
2019-09-19,2019091901006251,CBBL,4,50,50,976.00,"48,800.00"
2019-09-19,2019091901006250,CBBL,4,50,50,976.00,"48,800.00"
2019-09-19,2019091901006249,CBBL,4,50,16,976.00,"15,616.00"
2019-09-19,2019091901006063,CBBL,55,57,180,977.00,"175,860.00"
2019-09-19,2019091901006045,CBBL,55,25,120,977.00,"117,240.00"
2019-09-19,2019091901006150,CBBL,4,50,50,976.00,"48,800.00"
2019-09-19,2019091901006149,CBBL,4,50,50,976.00,"48,800.00"
2019-09-19,2019091901006148,CBBL,25,50,30,976.00,"29,280.00"
2019-09-19,2019091901006147,CBBL,42,50,100,976.00,"97,600.00"
2019-09-19,2019091901006146,CBBL,22,50,136,976.00,"132,736.00"
2019-09-19,2019091901006141,CBBL,22,57,45,976.00,"43,920.00"
2019-09-19,2019091901006176,CBBL,4,16,34,976.00,"33,184.00"
2019-09-19,2019091901006175,CBBL,4,16,50,976.00,"48,800.00"
2019-09-19,2019091901006174,CBBL,4,16,16,976.00,"15,616.00"
2019-09-19,2019091901006153,CBBL,4,50,34,976.00,"33,184.00"
2019-09-19,2019091901006152,CBBL,4,50,50,976.00,"48,800.00"
2019-09-19,2019091901006151,CBBL,4,50,50,976.00,"48,800.00"
2019-09-19,2019091901006514,CBL,20,6,100,143.00,"14,300.00"
2019-09-19,2019091901006513,CBL,21,6,100,143.00,"14,300.00"
2019-09-19,2019091901006512,CBL,21,6,100,143.00,"14,300.00"
2019-09-19,2019091901006511,CBL,51,6,100,143.00,"14,300.00"
2019-09-19,2019091901006510,CBL,34,6,100,143.00,"14,300.00"
2019-09-19,2019091901006509,CBL,57,6,100,143.00,"14,300.00"
2019-09-19,2019091901006455,CBL,36,42,100,143.00,"14,300.00"
2019-09-19,2019091901006239,CBL,7,20,400,144.00,"57,600.00"
2019-09-19,2019091901006097,CBL,39,20,50,144.00,"7,200.00"
2019-09-19,2019091901006508,CBL,45,6,500,143.00,"71,500.00"
2019-09-19,2019091901006507,CBL,59,6,152,143.00,"21,736.00"
2019-09-19,2019091901006459,CBL,59,42,848,143.00,"121,264.00"
2019-09-19,2019091901006458,CBL,43,42,50,143.00,"7,150.00"
2019-09-19,2019091901006457,CBL,32,42,100,143.00,"14,300.00"
2019-09-19,2019091901006456,CBL,56,42,"1,000",143.00,"143,000.00"
2019-09-19,2019091901006212,CCBL,33,28,50,157.00,"7,850.00"
2019-09-19,2019091901006125,CCBL,33,38,70,157.00,"10,990.00"
2019-09-19,2019091901006124,CCBL,33,33,8,156.00,"1,248.00"
2019-09-19,2019091901006262,CHCL,52,49,32,426.00,"13,632.00"
2019-09-19,2019091901006261,CHCL,35,49,20,426.00,"8,520.00"
2019-09-19,2019091901006260,CHCL,6,49,260,427.00,"111,020.00"
2019-09-19,2019091901006209,CHCL,6,6,140,427.00,"59,780.00"
2019-09-19,2019091901006143,CHCL,44,41,49,426.00,"20,874.00"
2019-09-19,2019091901006349,CIT,54,25,20,"1,836.00","36,720.00"
2019-09-19,2019091901006348,CIT,6,25,20,"1,836.00","36,720.00"
2019-09-19,2019091901006347,CIT,6,25,10,"1,836.00","18,360.00"
2019-09-19,2019091901006186,CIT,6,44,10,"1,836.00","18,360.00"
2019-09-19,2019091901006178,CZBIL,14,38,14,199.00,"2,786.00"
2019-09-19,2019091901006241,DDBL,44,39,10,726.00,"7,260.00"
2019-09-19,2019091901006211,DDBL,44,52,28,726.00,"20,328.00"
2019-09-19,2019091901006210,DDBL,52,52,10,730.00,"7,300.00"
2019-09-19,2019091901006535,EBL,16,36,50,575.00,"28,750.00"
2019-09-19,2019091901006534,EBL,43,36,400,576.00,"230,400.00"
2019-09-19,2019091901006533,EBL,45,36,20,576.00,"11,520.00"
2019-09-19,2019091901006532,EBL,53,36,100,576.00,"57,600.00"
2019-09-19,2019091901006531,EBL,8,36,65,577.00,"37,505.00"
2019-09-19,2019091901006463,EIC,7,42,300,262.00,"78,600.00"
2019-09-19,2019091901006255,EIC,14,32,33,257.00,"8,481.00"
2019-09-19,2019091901006306,FMDBL,14,59,50,381.00,"19,050.00"
2019-09-19,2019091901006486,FOWAD,32,6,33,"1,302.00","42,966.00"
2019-09-19,2019091901006485,FOWAD,25,6,31,"1,302.00","40,362.00"
2019-09-19,2019091901006419,FOWAD,25,25,19,"1,302.00","24,738.00"
2019-09-19,2019091901006303,FOWAD,33,25,10,"1,305.00","13,050.00"
2019-09-19,2019091901006259,FOWAD,34,25,190,"1,305.00","247,950.00"
2019-09-19,2019091901006190,FOWAD,34,25,207,"1,305.00","270,135.00"
2019-09-19,2019091901006157,FOWAD,37,37,9,"1,305.00","11,745.00"
2019-09-19,2019091901006096,FOWAD,40,37,10,"1,305.00","13,050.00"
2019-09-19,2019091901006429,GBBL,32,4,100,212.00,"21,200.00"
2019-09-19,2019091901006263,GBBL,45,39,170,211.00,"35,870.00"
2019-09-19,2019091901006140,GBBL,32,4,500,212.00,"106,000.00"
2019-09-19,2019091901006326,GDBL,49,26,104,209.00,"21,736.00"
2019-09-19,2019091901006130,GFCL,46,11,50,135.00,"6,750.00"
2019-09-19,2019091901006129,GFCL,32,11,500,135.00,"67,500.00"
2019-09-19,2019091901006128,GFCL,57,11,100,135.00,"13,500.00"
2019-09-19,2019091901006127,GFCL,59,11,50,135.00,"6,750.00"
2019-09-19,2019091901006126,GFCL,46,11,300,136.00,"40,800.00"
2019-09-19,2019091901006231,GGBSL,47,32,10,251.00,"2,510.00"
2019-09-19,2019091901006416,GILB,45,42,65,725.00,"47,125.00"
2019-09-19,2019091901006521,GLBSL,42,6,50,455.00,"22,750.00"
2019-09-19,2019091901006353,GLBSL,34,38,10,455.00,"4,550.00"
2019-09-19,2019091901006320,GLBSL,34,17,20,455.00,"9,100.00"
2019-09-19,2019091901006319,GLBSL,35,17,30,455.00,"13,650.00"
2019-09-19,2019091901006318,GLBSL,50,17,50,456.00,"22,800.00"
2019-09-19,2019091901006277,GLBSL,35,38,10,455.00,"4,550.00"
2019-09-19,2019091901006119,GLBSL,35,57,10,455.00,"4,550.00"
2019-09-19,2019091901006118,GLBSL,28,57,100,455.00,"45,500.00"
2019-09-19,2019091901006117,GLBSL,5,57,100,456.00,"45,600.00"
2019-09-19,2019091901006116,GLBSL,50,57,100,457.00,"45,700.00"
2019-09-19,2019091901006115,GLBSL,10,57,100,458.00,"45,800.00"
2019-09-19,2019091901006462,GLICL,32,25,42,380.00,"15,960.00"
2019-09-19,2019091901006461,GLICL,33,25,58,381.00,"22,098.00"
2019-09-19,2019091901006437,GLICL,33,25,142,381.00,"54,102.00"
2019-09-19,2019091901006436,GLICL,57,25,108,381.00,"41,148.00"
2019-09-19,2019091901006394,GLICL,57,38,100,381.00,"38,100.00"
2019-09-19,2019091901006393,GLICL,49,38,92,383.00,"35,236.00"
2019-09-19,2019091901006381,GLICL,49,17,100,383.00,"38,300.00"
2019-09-19,2019091901006183,GLICL,49,34,20,383.00,"7,660.00"
2019-09-19,2019091901006156,GLICL,49,38,485,383.00,"185,755.00"
2019-09-19,2019091901006155,GLICL,49,38,15,383.00,"5,745.00"
2019-09-19,2019091901006357,GMFBS,41,38,10,476.00,"4,760.00"
2019-09-19,2019091901006330,GMFBS,29,29,10,480.00,"4,800.00"
2019-09-19,2019091901006329,GMFBS,29,29,10,480.00,"4,800.00"
2019-09-19,2019091901006328,GMFBS,29,29,10,480.00,"4,800.00"
2019-09-19,2019091901006060,GMFBS,41,22,10,476.00,"4,760.00"
2019-09-19,2019091901006071,GMFIL,1,13,"1,000",115.00,"115,000.00"
2019-09-19,2019091901006070,GMFIL,47,13,100,115.00,"11,500.00"
2019-09-19,2019091901006069,GMFIL,56,13,"1,000",116.00,"116,000.00"
2019-09-19,2019091901006397,GUFL,42,6,66,110.00,"7,260.00"
2019-09-19,2019091901006396,GUFL,8,6,500,110.00,"55,000.00"
2019-09-19,2019091901006395,GUFL,3,6,454,110.00,"49,940.00"
2019-09-19,2019091901006297,HGI,34,46,80,273.00,"21,840.00"
2019-09-19,2019091901006271,HGI,45,46,100,274.00,"27,400.00"
2019-09-19,2019091901006171,HIDCL,6,19,200,135.00,"27,000.00"
2019-09-19,2019091901006170,HIDCL,42,19,10,135.00,"1,350.00"
2019-09-19,2019091901006321,HURJA,57,14,20,111.00,"2,220.00"
2019-09-19,2019091901006316,ILBS,11,38,10,442.00,"4,420.00"
2019-09-19,2019091901006191,ILBS,11,32,10,442.00,"4,420.00"
2019-09-19,2019091901006103,ILBS,11,43,10,442.00,"4,420.00"
2019-09-19,2019091901006090,ILBS,11,10,55,442.00,"24,310.00"
2019-09-19,2019091901006089,ILBS,6,10,70,443.00,"31,010.00"
2019-09-19,2019091901006088,ILBS,18,10,20,444.00,"8,880.00"
2019-09-19,2019091901006087,ILBS,25,10,100,444.00,"44,400.00"
2019-09-19,2019091901006086,ILBS,47,10,20,445.00,"8,900.00"
2019-09-19,2019091901006085,ILBS,29,29,10,449.00,"4,490.00"
2019-09-19,2019091901006084,ILBS,29,29,10,449.00,"4,490.00"
2019-09-19,2019091901006083,ILBS,29,29,10,449.00,"4,490.00"
2019-09-19,2019091901006058,ILBS,47,22,10,445.00,"4,450.00"
2019-09-19,2019091901006403,JFL,20,32,10,199.00,"1,990.00"
2019-09-19,2019091901006162,KADBL,33,51,10,186.00,"1,860.00"
2019-09-19,2019091901006273,KBL,39,32,110,180.00,"19,800.00"
2019-09-19,2019091901006272,KBL,50,32,300,180.00,"54,000.00"
2019-09-19,2019091901006408,KPCL,56,56,10,78.00,780.00
2019-09-19,2019091901006530,LBL,32,34,10,217.00,"2,170.00"
2019-09-19,2019091901006520,LBL,21,38,38,215.00,"8,170.00"
2019-09-19,2019091901006082,LGIL,52,19,100,366.00,"36,600.00"
2019-09-19,2019091901006184,LLBS,36,52,185,666.00,"123,210.00"
2019-09-19,2019091901006518,MBL,47,51,105,251.00,"26,355.00"
2019-09-19,2019091901006517,MBL,47,59,100,250.00,"25,000.00"
2019-09-19,2019091901006253,MBL,34,57,"1,309",250.00,"327,250.00"
2019-09-19,2019091901006301,MDB,34,38,14,247.00,"3,458.00"
2019-09-19,2019091901006237,MEGA,26,52,100,196.00,"19,600.00"
2019-09-19,2019091901006360,MEGA,53,34,100,197.00,"19,700.00"
2019-09-19,2019091901006483,MEGA,54,35,46,196.00,"9,016.00"
2019-09-19,2019091901006482,MEGA,5,35,400,196.00,"78,400.00"
2019-09-19,2019091901006481,MEGA,51,35,500,196.00,"98,000.00"
2019-09-19,2019091901006480,MEGA,26,35,54,196.00,"10,584.00"
2019-09-19,2019091901006300,MERO,35,39,22,557.00,"12,254.00"
2019-09-19,2019091901006299,MERO,19,39,50,557.00,"27,850.00"
2019-09-19,2019091901006298,MERO,32,39,20,558.00,"11,160.00"
2019-09-19,2019091901006327,MHNL,28,14,30,85.00,"2,550.00"
2019-09-19,2019091901006402,MNBBL,32,22,39,310.00,"12,090.00"
2019-09-19,2019091901006401,MNBBL,52,22,30,310.00,"9,300.00"
2019-09-19,2019091901006325,MSLB,49,10,10,943.00,"9,430.00"
2019-09-19,2019091901006154,MSLB,39,7,61,925.00,"56,425.00"
2019-09-19,2019091901006407,NABIL,34,37,10,775.00,"7,750.00"
2019-09-19,2019091901006203,NABIL,1,58,32,770.00,"24,640.00"
2019-09-19,2019091901006202,NABIL,4,58,"2,000",770.00,"1,540,000.00"
2019-09-19,2019091901006201,NABIL,42,58,100,770.00,"77,000.00"
2019-09-19,2019091901006200,NABIL,45,58,100,770.00,"77,000.00"
2019-09-19,2019091901006199,NABIL,50,58,500,771.00,"385,500.00"
2019-09-19,2019091901006142,NABIL,6,6,146,773.00,"112,858.00"
2019-09-19,2019091901006121,NABIL,6,46,100,773.00,"77,300.00"
2019-09-19,2019091901006056,NABIL,6,25,54,773.00,"41,742.00"
2019-09-19,2019091901006055,NABIL,34,25,191,773.00,"147,643.00"
2019-09-19,2019091901006198,NABIL,8,58,100,771.00,"77,100.00"
2019-09-19,2019091901006197,NABIL,52,58,50,771.00,"38,550.00"
2019-09-19,2019091901006196,NABIL,6,58,290,772.00,"223,880.00"
2019-09-19,2019091901006195,NABIL,57,58,20,772.00,"15,440.00"
2019-09-19,2019091901006194,NABIL,6,58,108,772.00,"83,376.00"
2019-09-19,2019091901006185,NABIL,6,6,54,772.00,"41,688.00"
2019-09-19,2019091901006449,NADEP,45,38,50,411.00,"20,550.00"
2019-09-19,2019091901006448,NADEP,19,38,40,412.00,"16,480.00"
2019-09-19,2019091901006102,NBB,17,34,"1,160",211.00,"244,760.00"
2019-09-19,2019091901006101,NBB,51,34,590,211.00,"124,490.00"
2019-09-19,2019091901006100,NBB,39,34,100,211.00,"21,100.00"
2019-09-19,2019091901006099,NBB,16,34,200,211.00,"42,200.00"
2019-09-19,2019091901006098,NBB,38,34,509,211.00,"107,399.00"
2019-09-19,2019091901006479,NBL,26,25,180,317.00,"57,060.00"
2019-09-19,2019091901006478,NBL,52,25,20,317.00,"6,340.00"
2019-09-19,2019091901006390,NBL,43,6,"1,115",317.00,"353,455.00"
2019-09-19,2019091901006389,NBL,43,6,"1,383",317.00,"438,411.00"
2019-09-19,2019091901006363,NBL,43,10,"1,000",317.00,"317,000.00"
2019-09-19,2019091901006324,NBL,43,34,100,317.00,"31,700.00"
2019-09-19,2019091901006296,NBL,43,25,100,317.00,"31,700.00"
2019-09-19,2019091901006311,NCCB,43,16,500,198.00,"99,000.00"
2019-09-19,2019091901006302,NCCB,43,16,500,198.00,"99,000.00"
2019-09-19,2019091901006242,NCCB,43,25,"2,000",198.00,"396,000.00"
2019-09-19,2019091901006182,NCCB,40,18,200,199.00,"39,800.00"
2019-09-19,2019091901006120,NCCB,43,36,"2,000",198.00,"396,000.00"
2019-09-19,2019091901006094,NCCB,43,35,"2,500",198.00,"495,000.00"
2019-09-19,2019091901006093,NCCB,39,18,50,199.00,"9,950.00"
2019-09-19,2019091901006077,NCCB,43,33,500,198.00,"99,000.00"
2019-09-19,2019091901006048,NCCB,43,58,100,198.00,"19,800.00"
2019-09-19,2019091901006046,NCCB,10,18,100,199.00,"19,900.00"
2019-09-19,2019091901006050,NGPL,1,47,11,100.00,"1,100.00"
2019-09-19,2019091901006500,NIB,42,59,50,445.00,"22,250.00"
2019-09-19,2019091901006431,NIB,34,59,10,445.00,"4,450.00"
2019-09-19,2019091901006114,NIB,26,29,90,441.00,"39,690.00"
2019-09-19,2019091901006113,NIB,41,29,50,441.00,"22,050.00"
2019-09-19,2019091901006112,NIB,33,29,200,441.00,"88,200.00"
2019-09-19,2019091901006111,NIB,44,29,100,442.00,"44,200.00"
2019-09-19,2019091901006110,NIB,26,29,100,442.00,"44,200.00"
2019-09-19,2019091901006109,NIB,42,29,100,443.00,"44,300.00"
2019-09-19,2019091901006108,NIB,32,29,30,443.00,"13,290.00"
2019-09-19,2019091901006107,NIB,56,29,10,443.00,"4,430.00"
2019-09-19,2019091901006106,NIB,28,29,500,443.00,"221,500.00"
2019-09-19,2019091901006105,NIB,6,29,20,444.00,"8,880.00"
2019-09-19,2019091901006501,NIBPO,34,55,31,425.00,"13,175.00"
2019-09-19,2019091901006415,NIBPO,6,28,245,420.00,"102,900.00"
2019-09-19,2019091901006414,NIBPO,17,28,35,420.00,"14,700.00"
2019-09-19,2019091901006413,NIBPO,13,28,50,420.00,"21,000.00"
2019-09-19,2019091901006289,NICA,19,34,60,386.00,"23,160.00"
2019-09-19,2019091901006288,NICA,17,34,200,386.00,"77,200.00"
2019-09-19,2019091901006179,NICA,57,38,100,387.00,"38,700.00"
2019-09-19,2019091901006044,NICA,14,50,500,386.00,"193,000.00"
2019-09-19,2019091901006471,NICL,39,45,150,272.00,"40,800.00"
2019-09-19,2019091901006470,NICL,19,45,50,273.00,"13,650.00"
2019-09-19,2019091901006037,NICL,43,26,10,277.00,"2,770.00"
2019-09-19,2019091901006351,NLBBL,21,49,200,509.00,"101,800.00"
2019-09-19,2019091901006350,NLBBL,53,49,100,509.00,"50,900.00"
2019-09-19,2019091901006337,NLBBL,45,49,50,510.00,"25,500.00"
2019-09-19,2019091901006336,NLBBL,49,49,50,510.00,"25,500.00"
2019-09-19,2019091901006322,NLBBL,14,49,20,511.00,"10,220.00"
2019-09-19,2019091901006434,NLIC,58,42,100,769.00,"76,900.00"
2019-09-19,2019091901006379,NLIC,53,4,225,763.00,"171,675.00"
2019-09-19,2019091901006378,NLIC,35,4,20,763.00,"15,260.00"
2019-09-19,2019091901006377,NLIC,14,4,200,763.00,"152,600.00"
2019-09-19,2019091901006376,NLIC,42,4,50,763.00,"38,150.00"
2019-09-19,2019091901006375,NLIC,32,4,500,764.00,"382,000.00"
2019-09-19,2019091901006313,NLIC,21,39,10,765.00,"7,650.00"
2019-09-19,2019091901006312,NLIC,52,39,38,765.00,"29,070.00"
2019-09-19,2019091901006374,NLIC,20,4,90,764.00,"68,760.00"
2019-09-19,2019091901006373,NLIC,42,4,12,765.00,"9,180.00"
2019-09-19,2019091901006372,NLIC,17,4,100,765.00,"76,500.00"
2019-09-19,2019091901006371,NLIC,5,4,28,765.00,"21,420.00"
2019-09-19,2019091901006370,NLIC,45,4,10,765.00,"7,650.00"
2019-09-19,2019091901006338,NLIC,32,52,235,768.00,"180,480.00"
2019-09-19,2019091901006323,NLICL,28,21,13,481.00,"6,253.00"
2019-09-19,2019091901006275,NMBMF,38,45,100,"1,051.00","105,100.00"
2019-09-19,2019091901006274,NMBMF,50,45,79,"1,052.00","83,108.00"
2019-09-19,2019091901006169,NMFBS,11,58,30,"1,760.00","52,800.00"
2019-09-19,2019091901006446,NNLB,38,45,250,435.00,"108,750.00"
2019-09-19,2019091901006254,NTC,59,45,10,626.00,"6,260.00"
2019-09-19,2019091901006218,NTC,34,8,"1,934",620.00,"1,199,080.00"
2019-09-19,2019091901006217,NTC,6,8,266,620.00,"164,920.00"
2019-09-19,2019091901006334,PCBL,11,6,251,267.00,"67,017.00"
2019-09-19,2019091901006230,PCBL,40,6,50,267.00,"13,350.00"
2019-09-19,2019091901006229,PCBL,21,6,80,267.00,"21,360.00"
2019-09-19,2019091901006228,PCBL,39,6,100,267.00,"26,700.00"
2019-09-19,2019091901006227,PCBL,17,6,30,267.00,"8,010.00"
2019-09-19,2019091901006226,PCBL,56,6,20,267.00,"5,340.00"
2019-09-19,2019091901006122,PCBL,54,58,50,268.00,"13,400.00"
2019-09-19,2019091901006317,PIC,13,21,14,392.00,"5,488.00"
2019-09-19,2019091901006104,PRIN,52,21,100,308.00,"30,800.00"
2019-09-19,2019091901006442,PRVU,36,6,272,265.00,"72,080.00"
2019-09-19,2019091901006441,PRVU,36,25,200,265.00,"53,000.00"
2019-09-19,2019091901006440,PRVU,36,17,110,265.00,"29,150.00"
2019-09-19,2019091901006189,PRVU,47,17,30,265.00,"7,950.00"
2019-09-19,2019091901006181,PRVU,35,17,30,265.00,"7,950.00"
2019-09-19,2019091901006177,PRVU,29,17,30,265.00,"7,950.00"
2019-09-19,2019091901006494,RBCLPO,59,17,10,"7,700.00","77,000.00"
2019-09-19,2019091901006493,RBCLPO,26,17,10,"7,701.00","77,010.00"
2019-09-19,2019091901006519,RHPL,29,29,40,163.00,"6,520.00"
2019-09-19,2019091901006516,RHPL,29,44,30,163.00,"4,890.00"
2019-09-19,2019091901006515,RHPL,29,38,30,163.00,"4,890.00"
2019-09-19,2019091901006492,RHPL,34,38,30,163.00,"4,890.00"
2019-09-19,2019091901006477,RHPL,34,38,30,163.00,"4,890.00"
2019-09-19,2019091901006476,RHPL,34,44,30,163.00,"4,890.00"
2019-09-19,2019091901006038,RHPL,39,16,10,164.00,"1,640.00"
2019-09-19,2019091901006279,RHPL,6,37,400,164.00,"65,600.00"
2019-09-19,2019091901006278,RHPL,39,37,100,164.00,"16,400.00"
2019-09-19,2019091901006276,RHPL,39,21,40,164.00,"6,560.00"
2019-09-19,2019091901006192,RHPL,39,25,110,164.00,"18,040.00"
2019-09-19,2019091901006091,RHPL,39,43,30,164.00,"4,920.00"
2019-09-19,2019091901006041,RHPL,39,25,500,164.00,"82,000.00"
2019-09-19,2019091901006315,RHPL,22,7,90,164.00,"14,760.00"
2019-09-19,2019091901006314,RHPL,56,7,890,164.00,"145,960.00"
2019-09-19,2019091901006308,RHPL,56,53,110,164.00,"18,040.00"
2019-09-19,2019091901006307,RHPL,6,53,490,164.00,"80,360.00"
2019-09-19,2019091901006304,RHPL,6,38,10,164.00,"1,640.00"
2019-09-19,2019091901006286,RHPL,6,58,100,164.00,"16,400.00"
2019-09-19,2019091901006366,RHPL,47,51,10,164.00,"1,640.00"
2019-09-19,2019091901006365,RHPL,22,51,140,164.00,"22,960.00"
2019-09-19,2019091901006364,RHPL,22,38,10,164.00,"1,640.00"
2019-09-19,2019091901006361,RHPL,22,44,30,164.00,"4,920.00"
2019-09-19,2019091901006354,RHPL,22,37,200,164.00,"32,800.00"
2019-09-19,2019091901006341,RHPL,22,44,30,164.00,"4,920.00"
2019-09-19,2019091901006412,RHPL,34,38,30,163.00,"4,890.00"
2019-09-19,2019091901006411,RHPL,47,44,20,164.00,"3,280.00"
2019-09-19,2019091901006400,RHPL,47,38,30,164.00,"4,920.00"
2019-09-19,2019091901006399,RHPL,47,38,30,164.00,"4,920.00"
2019-09-19,2019091901006392,RHPL,47,44,30,164.00,"4,920.00"
2019-09-19,2019091901006388,RHPL,47,41,40,164.00,"6,560.00"
2019-09-19,2019091901006464,RHPL,34,38,30,163.00,"4,890.00"
2019-09-19,2019091901006447,RHPL,34,38,30,163.00,"4,890.00"
2019-09-19,2019091901006445,RHPL,34,38,30,163.00,"4,890.00"
2019-09-19,2019091901006435,RHPL,34,44,30,163.00,"4,890.00"
2019-09-19,2019091901006432,RHPL,34,38,30,163.00,"4,890.00"
2019-09-19,2019091901006424,RHPL,34,38,30,163.00,"4,890.00"
2019-09-19,2019091901006450,SABSL,40,43,10,470.00,"4,700.00"
2019-09-19,2019091901006049,SABSL,59,20,10,469.00,"4,690.00"
2019-09-19,2019091901006423,SANIMA,14,33,265,349.00,"92,485.00"
2019-09-19,2019091901006422,SANIMA,45,33,135,349.00,"47,115.00"
2019-09-19,2019091901006247,SANIMA,45,58,365,349.00,"127,385.00"
2019-09-19,2019091901006246,SANIMA,37,58,20,349.00,"6,980.00"
2019-09-19,2019091901006245,SANIMA,38,58,500,350.00,"175,000.00"
2019-09-19,2019091901006244,SANIMA,34,58,100,350.00,"35,000.00"
2019-09-19,2019091901006243,SANIMA,11,58,51,350.00,"17,850.00"
2019-09-19,2019091901006233,SANIMA,11,16,100,350.00,"35,000.00"
2019-09-19,2019091901006187,SANIMA,11,38,56,350.00,"19,600.00"
2019-09-19,2019091901006068,SANIMA,11,25,93,350.00,"32,550.00"
2019-09-19,2019091901006067,SANIMA,52,25,85,350.00,"29,750.00"
2019-09-19,2019091901006258,SBI,35,34,20,420.00,"8,400.00"
2019-09-19,2019091901006257,SBI,45,34,100,420.00,"42,000.00"
2019-09-19,2019091901006256,SBI,39,34,150,420.00,"63,000.00"
2019-09-19,2019091901006235,SBI,48,48,203,420.00,"85,260.00"
2019-09-19,2019091901006484,SBL,6,53,300,330.00,"99,000.00"
2019-09-19,2019091901006428,SBL,19,45,820,329.00,"269,780.00"
2019-09-19,2019091901006427,SBL,39,45,100,329.00,"32,900.00"
2019-09-19,2019091901006426,SBL,38,45,80,329.00,"26,320.00"
2019-09-19,2019091901006340,SBL,38,45,220,329.00,"72,380.00"
2019-09-19,2019091901006339,SBL,29,45,351,329.00,"115,479.00"
2019-09-19,2019091901006335,SBL,48,53,50,330.00,"16,500.00"
2019-09-19,2019091901006295,SBL,48,53,500,330.00,"165,000.00"
2019-09-19,2019091901006240,SBL,29,48,53,329.00,"17,437.00"
2019-09-19,2019091901006165,SDESI,4,1,40,612.00,"24,480.00"
2019-09-19,2019091901006164,SDESI,22,1,10,613.00,"6,130.00"
2019-09-19,2019091901006163,SDESI,45,1,10,615.00,"6,150.00"
2019-09-19,2019091901006454,SHIVM,35,6,500,575.00,"287,500.00"
2019-09-19,2019091901006443,SHIVM,3,6,50,575.00,"28,750.00"
2019-09-19,2019091901006356,SHIVM,4,58,100,573.00,"57,300.00"
2019-09-19,2019091901006355,SHIVM,4,50,200,573.00,"114,600.00"
2019-09-19,2019091901006305,SHIVM,4,34,50,573.00,"28,650.00"
2019-09-19,2019091901006064,SHIVM,32,7,50,575.00,"28,750.00"
2019-09-19,2019091901006059,SHIVM,32,50,100,575.00,"57,500.00"
2019-09-19,2019091901006047,SHIVM,32,20,50,575.00,"28,750.00"
2019-09-19,2019091901006043,SHIVM,32,38,70,575.00,"40,250.00"
2019-09-19,2019091901006042,SHIVM,48,38,300,575.00,"172,500.00"
2019-09-19,2019091901006036,SHIVM,25,51,100,576.00,"57,600.00"
2019-09-19,2019091901006134,SHIVM,3,17,20,575.00,"11,500.00"
2019-09-19,2019091901006076,SHIVM,4,40,20,574.00,"11,480.00"
2019-09-19,2019091901006075,SHIVM,25,40,100,574.00,"57,400.00"
2019-09-19,2019091901006074,SHIVM,36,40,150,575.00,"86,250.00"
2019-09-19,2019091901006073,SHIVM,32,40,730,575.00,"419,750.00"
2019-09-19,2019091901006072,SHIVM,51,21,10,578.00,"5,780.00"
2019-09-19,2019091901006219,SHIVM,3,45,20,574.00,"11,480.00"
2019-09-19,2019091901006139,SHIVM,45,17,970,573.00,"555,810.00"
2019-09-19,2019091901006138,SHIVM,22,17,200,573.00,"114,600.00"
2019-09-19,2019091901006137,SHIVM,35,17,30,573.00,"17,190.00"
2019-09-19,2019091901006136,SHIVM,48,17,100,574.00,"57,400.00"
2019-09-19,2019091901006135,SHIVM,4,17,80,574.00,"45,920.00"
2019-09-19,2019091901006290,SHIVM,4,39,"1,000",573.00,"573,000.00"
2019-09-19,2019091901006264,SHIVM,4,17,200,573.00,"114,600.00"
2019-09-19,2019091901006238,SHIVM,22,47,200,575.00,"115,000.00"
2019-09-19,2019091901006222,SHIVM,4,45,250,573.00,"143,250.00"
2019-09-19,2019091901006221,SHIVM,40,45,200,573.00,"114,600.00"
2019-09-19,2019091901006220,SHIVM,45,45,30,573.00,"17,190.00"
2019-09-19,2019091901006460,SHL,34,14,310,218.00,"67,580.00"
2019-09-19,2019091901006188,SHL,34,52,700,218.00,"152,600.00"
2019-09-19,2019091901006095,SHPC,47,17,31,201.00,"6,231.00"
2019-09-19,2019091901006491,SICL,45,46,26,730.00,"18,980.00"
2019-09-19,2019091901006490,SICL,45,46,75,730.00,"54,750.00"
2019-09-19,2019091901006489,SICL,51,46,53,730.00,"38,690.00"
2019-09-19,2019091901006270,SIL,25,33,190,384.00,"72,960.00"
2019-09-19,2019091901006269,SIL,44,33,140,384.00,"53,760.00"
2019-09-19,2019091901006268,SIL,49,33,100,385.00,"38,500.00"
2019-09-19,2019091901006267,SIL,38,33,50,385.00,"19,250.00"
2019-09-19,2019091901006529,SJCL,39,44,20,175.00,"3,500.00"
2019-09-19,2019091901006527,SJCL,39,38,10,175.00,"1,750.00"
2019-09-19,2019091901006503,SJCL,39,38,10,175.00,"1,750.00"
2019-09-19,2019091901006502,SJCL,39,38,10,175.00,"1,750.00"
2019-09-19,2019091901006495,SJCL,39,44,20,175.00,"3,500.00"
2019-09-19,2019091901006487,SJCL,39,29,20,175.00,"3,500.00"
2019-09-19,2019091901006131,SJCL,29,34,100,175.00,"17,500.00"
2019-09-19,2019091901006081,SJCL,29,43,20,175.00,"3,500.00"
2019-09-19,2019091901006040,SJCL,29,47,20,175.00,"3,500.00"
2019-09-19,2019091901006280,SJCL,39,21,20,175.00,"3,500.00"
2019-09-19,2019091901006266,SJCL,39,58,250,175.00,"43,750.00"
2019-09-19,2019091901006216,SJCL,39,35,70,175.00,"12,250.00"
2019-09-19,2019091901006133,SJCL,39,34,20,175.00,"3,500.00"
2019-09-19,2019091901006132,SJCL,10,34,80,175.00,"14,000.00"
2019-09-19,2019091901006404,SJCL,39,38,10,175.00,"1,750.00"
2019-09-19,2019091901006398,SJCL,39,44,20,175.00,"3,500.00"
2019-09-19,2019091901006367,SJCL,39,44,20,175.00,"3,500.00"
2019-09-19,2019091901006362,SJCL,39,41,20,175.00,"3,500.00"
2019-09-19,2019091901006352,SJCL,39,44,20,175.00,"3,500.00"
2019-09-19,2019091901006430,SJCL,39,38,10,175.00,"1,750.00"
2019-09-19,2019091901006425,SJCL,39,29,20,175.00,"3,500.00"
2019-09-19,2019091901006421,SJCL,39,38,10,175.00,"1,750.00"
2019-09-19,2019091901006420,SJCL,39,44,10,175.00,"1,750.00"
2019-09-19,2019091901006406,SJCL,39,38,10,175.00,"1,750.00"
2019-09-19,2019091901006405,SJCL,39,29,20,175.00,"3,500.00"
2019-09-19,2019091901006465,SJCL,39,38,10,175.00,"1,750.00"
2019-09-19,2019091901006453,SJCL,39,38,10,175.00,"1,750.00"
2019-09-19,2019091901006452,SJCL,39,29,20,175.00,"3,500.00"
2019-09-19,2019091901006444,SJCL,39,44,20,175.00,"3,500.00"
2019-09-19,2019091901006439,SJCL,39,29,20,175.00,"3,500.00"
2019-09-19,2019091901006438,SJCL,39,38,10,175.00,"1,750.00"
2019-09-19,2019091901006469,SJCL,39,29,20,175.00,"3,500.00"
2019-09-19,2019091901006468,SJCL,39,38,10,175.00,"1,750.00"
2019-09-19,2019091901006433,SLBSL,58,41,10,690.00,"6,900.00"
2019-09-19,2019091901006057,SLBSL,58,46,10,690.00,"6,900.00"
2019-09-19,2019091901006039,SLBSL,58,22,10,690.00,"6,900.00"
2019-09-19,2019091901006333,SLICL,59,59,64,277.00,"17,728.00"
2019-09-19,2019091901006332,SLICL,29,59,200,278.00,"55,600.00"
2019-09-19,2019091901006331,SLICL,44,59,50,278.00,"13,900.00"
2019-09-19,2019091901006215,SLICL,17,17,200,280.00,"56,000.00"
2019-09-19,2019091901006214,SLICL,54,17,"1,000",280.00,"280,000.00"
2019-09-19,2019091901006213,SLICL,35,17,100,280.00,"28,000.00"
2019-09-19,2019091901006193,SLICL,32,58,120,281.00,"33,720.00"
2019-09-19,2019091901006499,SPDL,22,47,511,70.00,"35,770.00"
2019-09-19,2019091901006498,SPDL,38,47,20,70.00,"1,400.00"
2019-09-19,2019091901006497,SPDL,39,47,10,70.00,700.00
2019-09-19,2019091901006496,SPDL,45,47,75,71.00,"5,325.00"
2019-09-19,2019091901006225,SRBL,57,46,100,240.00,"24,000.00"
2019-09-19,2019091901006180,SRBL,52,46,50,240.00,"12,000.00"
2019-09-19,2019091901006173,SRBL,52,25,50,240.00,"12,000.00"
2019-09-19,2019091901006172,SRBL,14,25,150,240.00,"36,000.00"
2019-09-19,2019091901006092,SRBL,14,32,100,240.00,"24,000.00"
2019-09-19,2019091901006080,SRBL,14,13,250,240.00,"60,000.00"
2019-09-19,2019091901006079,SRBL,39,13,100,240.00,"24,000.00"
2019-09-19,2019091901006078,SRBL,49,13,50,240.00,"12,000.00"
2019-09-19,2019091901006051,SRBL,52,14,300,240.00,"72,000.00"
2019-09-19,2019091901006528,UIC,26,47,40,280.00,"11,200.00"
2019-09-19,2019091901006466,UIC,28,42,30,279.00,"8,370.00"
2019-09-19,2019091901006369,UPCL,22,32,150,79.00,"11,850.00"
2019-09-19,2019091901006506,UPPER,49,57,30,241.00,"7,230.00"
2019-09-19,2019091901006488,UPPER,38,57,20,241.00,"4,820.00"
2019-09-19,2019091901006467,UPPER,38,57,50,241.00,"12,050.00"
2019-09-19,2019091901006451,UPPER,38,4,400,241.00,"96,400.00"
2019-09-19,2019091901006418,UPPER,38,41,30,241.00,"7,230.00"
2019-09-19,2019091901006417,UPPER,52,41,20,241.00,"4,820.00"
2019-09-19,2019091901006062,UPPER,38,17,100,242.00,"24,200.00"
2019-09-19,2019091901006061,UPPER,29,17,359,242.00,"86,878.00"
2019-09-19,2019091901006248,UPPER,52,50,40,241.00,"9,640.00"
2019-09-19,2019091901006232,UPPER,41,17,"1,541",242.00,"372,922.00"
2019-09-19,2019091901006168,UPPER,25,7,405,241.00,"97,605.00"
2019-09-19,2019091901006167,UPPER,26,7,45,241.00,"10,845.00"
2019-09-19,2019091901006166,UPPER,19,7,50,241.00,"12,050.00"
2019-09-19,2019091901006380,VLBS,51,55,100,550.00,"55,000.00"
2019-09-19,2019091901005926,ADBL,4,58,275,418.00,"114,950.00"
2019-09-19,2019091901005649,ADBL,4,42,225,418.00,"94,050.00"
2019-09-19,2019091901005608,ADBL,11,52,100,417.00,"41,700.00"
2019-09-19,2019091901005554,ADBL,39,42,125,418.00,"52,250.00"
2019-09-19,2019091901005553,ADBL,4,42,"1,000",418.00,"418,000.00"
2019-09-19,2019091901005552,ADBL,42,42,50,418.00,"20,900.00"
2019-09-19,2019091901006033,AKBSL,36,43,10,424.00,"4,240.00"
2019-09-19,2019091901005950,AKBSL,36,42,10,424.00,"4,240.00"
2019-09-19,2019091901005786,AKBSL,58,50,80,425.00,"34,000.00"
2019-09-19,2019091901005724,AKBSL,58,19,10,425.00,"4,250.00"
2019-09-19,2019091901005710,AKBSL,58,46,10,425.00,"4,250.00"
2019-09-19,2019091901005661,AKBSL,57,57,10,427.00,"4,270.00"
2019-09-19,2019091901005618,AKBSL,57,57,10,427.00,"4,270.00"
2019-09-19,2019091901005557,AKBSL,57,58,10,427.00,"4,270.00"
2019-09-19,2019091901005539,AKBSL,57,57,10,427.00,"4,270.00"
2019-09-19,2019091901005791,AKPL,10,22,10,135.00,"1,350.00"
2019-09-19,2019091901005665,ALBSL,40,42,10,434.00,"4,340.00"
2019-09-19,2019091901005854,API,22,26,100,119.00,"11,900.00"
2019-09-19,2019091901005801,API,25,26,12,119.00,"1,428.00"
2019-09-19,2019091901005800,API,25,49,188,118.00,"22,184.00"
2019-09-19,2019091901005616,API,25,49,12,118.00,"1,416.00"
2019-09-19,2019091901005912,BFC,19,39,490,88.00,"43,120.00"
2019-09-19,2019091901005863,BFC,45,39,990,89.00,"88,110.00"
2019-09-19,2019091901005858,BFC,17,39,250,90.00,"22,500.00"
2019-09-19,2019091901005857,BFC,25,39,30,91.00,"2,730.00"
2019-09-19,2019091901006010,BOKL,1,22,478,255.00,"121,890.00"
2019-09-19,2019091901005849,BPCL,59,39,22,367.00,"8,074.00"
2019-09-19,2019091901005588,BPCL,59,39,22,367.00,"8,074.00"
2019-09-19,2019091901005556,BPCL,59,39,22,367.00,"8,074.00"
2019-09-19,2019091901005996,CBBL,55,21,200,977.00,"195,400.00"
2019-09-19,2019091901005846,CBBL,55,42,361,978.00,"353,058.00"
2019-09-19,2019091901005744,CBBL,55,57,130,978.00,"127,140.00"
2019-09-19,2019091901005743,CBBL,6,57,20,978.00,"19,560.00"
2019-09-19,2019091901005607,CBL,40,20,30,144.00,"4,320.00"
2019-09-19,2019091901005551,CBL,40,50,150,144.00,"21,600.00"
2019-09-19,2019091901005550,CBL,56,50,100,144.00,"14,400.00"
2019-09-19,2019091901005549,CBL,14,50,200,144.00,"28,800.00"
2019-09-19,2019091901005548,CBL,26,50,"1,000",144.00,"144,000.00"
2019-09-19,2019091901005547,CBL,48,50,"1,000",144.00,"144,000.00"
2019-09-19,2019091901005546,CBL,59,50,200,144.00,"28,800.00"
2019-09-19,2019091901005545,CBL,45,50,50,144.00,"7,200.00"
2019-09-19,2019091901005544,CBL,44,50,100,144.00,"14,400.00"
2019-09-19,2019091901005543,CBL,47,50,100,144.00,"14,400.00"
2019-09-19,2019091901005542,CBL,8,50,200,144.00,"28,800.00"
2019-09-19,2019091901005541,CBL,39,50,400,144.00,"57,600.00"
2019-09-19,2019091901005660,CCBL,33,6,294,157.00,"46,158.00"
2019-09-19,2019091901005659,CCBL,48,6,206,157.00,"32,342.00"
2019-09-19,2019091901005861,CHCL,44,8,50,426.00,"21,300.00"
2019-09-19,2019091901005844,CLBSL,7,52,11,498.00,"5,478.00"
2019-09-19,2019091901005632,CZBIL,22,42,200,200.00,"40,000.00"
2019-09-19,2019091901005573,CZBIL,42,35,100,199.00,"19,900.00"
2019-09-19,2019091901005572,CZBIL,55,35,200,199.00,"39,800.00"
2019-09-19,2019091901005571,CZBIL,42,35,150,199.00,"29,850.00"
2019-09-19,2019091901005570,CZBIL,14,35,500,199.00,"99,500.00"
2019-09-19,2019091901005569,CZBIL,45,35,100,199.00,"19,900.00"
2019-09-19,2019091901005568,CZBIL,6,35,150,199.00,"29,850.00"
2019-09-19,2019091901005784,EIC,25,38,25,256.00,"6,400.00"
2019-09-19,2019091901005783,EIC,41,38,100,258.00,"25,800.00"
2019-09-19,2019091901005782,EIC,58,38,58,258.00,"14,964.00"
2019-09-19,2019091901005781,EIC,42,38,77,260.00,"20,020.00"
2019-09-19,2019091901005634,FMDBL,47,59,12,381.00,"4,572.00"
2019-09-19,2019091901005633,FMDBL,44,59,688,381.00,"262,128.00"
2019-09-19,2019091901005619,FMDBL,44,34,700,381.00,"266,700.00"
2019-09-19,2019091901005992,GBBL,4,32,55,212.00,"11,660.00"
2019-09-19,2019091901005865,GBLBS,43,48,100,328.00,"32,800.00"
2019-09-19,2019091901005702,GBLBS,13,58,100,330.00,"33,000.00"
2019-09-19,2019091901005701,GBLBS,29,58,20,330.00,"6,600.00"
2019-09-19,2019091901005700,GBLBS,47,58,30,331.00,"9,930.00"
2019-09-19,2019091901005641,GBLBS,47,44,70,331.00,"23,170.00"
2019-09-19,2019091901005640,GBLBS,49,44,"1,000",331.00,"331,000.00"
2019-09-19,2019091901005639,GBLBS,34,44,100,331.00,"33,100.00"
2019-09-19,2019091901005638,GBLBS,59,44,90,331.00,"29,790.00"
2019-09-19,2019091901005637,GBLBS,42,44,40,332.00,"13,280.00"
2019-09-19,2019091901005771,GILB,50,7,30,721.00,"21,630.00"
2019-09-19,2019091901006022,GLBSL,39,6,70,462.00,"32,340.00"
2019-09-19,2019091901005836,GLBSL,39,46,10,462.00,"4,620.00"
2019-09-19,2019091901005982,GLICL,49,58,185,383.00,"70,855.00"
2019-09-19,2019091901005981,GLICL,6,58,15,383.00,"5,745.00"
2019-09-19,2019091901005932,GLICL,6,47,15,383.00,"5,745.00"
2019-09-19,2019091901005694,GMFBS,7,48,100,478.00,"47,800.00"
2019-09-19,2019091901005685,GMFBS,38,33,100,481.00,"48,100.00"
2019-09-19,2019091901005684,GMFBS,44,33,20,481.00,"9,620.00"
2019-09-19,2019091901006034,GRDBL,43,47,10,102.00,"1,020.00"
2019-09-19,2019091901005980,GRDBL,43,51,130,102.00,"13,260.00"
2019-09-19,2019091901005979,GRDBL,46,51,100,103.00,"10,300.00"
2019-09-19,2019091901005978,GRDBL,52,51,20,103.00,"2,060.00"
2019-09-19,2019091901005977,GRDBL,35,51,50,104.00,"5,200.00"
2019-09-19,2019091901005597,HBL,49,8,220,505.00,"111,100.00"
2019-09-19,2019091901005596,HBL,32,8,500,507.00,"253,500.00"
2019-09-19,2019091901005595,HBL,54,8,165,509.00,"83,985.00"
2019-09-19,2019091901005594,HBL,17,8,55,509.00,"27,995.00"
2019-09-19,2019091901005593,HBL,42,8,10,509.00,"5,090.00"
2019-09-19,2019091901005592,HBL,35,8,50,510.00,"25,500.00"
2019-09-19,2019091901005769,HIDCL,5,51,200,135.00,"27,000.00"
2019-09-19,2019091901005708,HIDCL,5,38,800,135.00,"108,000.00"
2019-09-19,2019091901005560,HIDCL,34,20,91,136.00,"12,376.00"
2019-09-19,2019091901005910,HPPL,41,39,20,132.00,"2,640.00"
2019-09-19,2019091901005837,HPPL,18,39,20,133.00,"2,660.00"
2019-09-19,2019091901005615,HPPL,42,39,20,135.00,"2,700.00"
2019-09-19,2019091901005899,IGI,22,26,65,312.00,"20,280.00"
2019-09-19,2019091901006002,ILBS,43,46,10,446.00,"4,460.00"
2019-09-19,2019091901005582,JBBL,32,17,345,158.00,"54,510.00"
2019-09-19,2019091901005696,JFL,32,37,10,197.00,"1,970.00"
2019-09-19,2019091901005855,KBL,8,58,500,180.00,"90,000.00"
2019-09-19,2019091901005621,KBL,36,49,300,180.00,"54,000.00"
2019-09-19,2019091901005841,KPCL,56,32,"1,290",77.00,"99,330.00"
2019-09-19,2019091901005840,KPCL,52,32,100,77.00,"7,700.00"
2019-09-19,2019091901005839,KPCL,39,32,200,77.00,"15,400.00"
2019-09-19,2019091901005838,KPCL,19,32,410,78.00,"31,980.00"
2019-09-19,2019091901005808,KRBL,59,22,100,100.00,"10,000.00"
2019-09-19,2019091901006015,KSBBL,56,39,80,140.00,"11,200.00"
2019-09-19,2019091901006014,KSBBL,42,39,20,140.00,"2,800.00"
2019-09-19,2019091901005973,KSBBL,57,50,500,140.00,"70,000.00"
2019-09-19,2019091901006001,LBL,36,45,300,216.00,"64,800.00"
2019-09-19,2019091901006000,LBL,58,45,23,216.00,"4,968.00"
2019-09-19,2019091901006030,MBL,13,59,200,251.00,"50,200.00"
2019-09-19,2019091901005969,MBL,13,59,300,251.00,"75,300.00"
2019-09-19,2019091901005866,MBL,34,1,200,250.00,"50,000.00"
2019-09-19,2019091901005635,MBL,34,13,"2,000",250.00,"500,000.00"
2019-09-19,2019091901005929,MEGA,26,50,46,196.00,"9,016.00"
2019-09-19,2019091901005928,MEGA,34,50,954,196.00,"186,984.00"
2019-09-19,2019091901005754,MLBL,45,39,"1,850",211.00,"390,350.00"
2019-09-19,2019091901005753,MLBL,33,39,150,211.00,"31,650.00"
2019-09-19,2019091901005905,MNBBL,53,22,100,310.00,"31,000.00"
2019-09-19,2019091901005904,MNBBL,34,22,100,310.00,"31,000.00"
2019-09-19,2019091901005903,MNBBL,26,22,38,310.00,"11,780.00"
2019-09-19,2019091901005902,MNBBL,49,22,50,310.00,"15,500.00"
