Date,Transact. No.,Symbol,Buyer,Seller,Quantity,Rate,Amount
2020-10-14,2020101404001033,BBC,36,48,10,"1,666.00","16,660.00"
2020-10-14,2020101404001032,BBC,45,48,50,"1,666.00","83,300.00"
2020-10-14,2020101404001031,BBC,7,48,10,"1,670.00","16,700.00"
2020-10-14,2020101404001406,CMF1,57,3,200,9.65,"1,930.00"
2020-10-14,2020101404001433,LUK,16,34,150,8.85,"1,327.50"
2020-10-14,2020101404001432,LUK,6,34,850,8.85,"7,522.50"
2020-10-14,2020101404001259,LUK,6,58,200,8.85,"1,770.00"
2020-10-14,2020101404001128,LUK,6,28,"1,000",8.85,"8,850.00"
2020-10-14,2020101404001122,LUK,6,28,500,8.85,"4,425.00"
2020-10-14,2020101404001053,LUK,6,55,500,8.85,"4,425.00"
2020-10-14,2020101404001042,LUK,6,13,100,8.85,885.00
2020-10-14,2020101404001286,NBF2,37,39,100,9.00,900.00
2020-10-14,2020101404001285,NBF2,37,39,100,9.00,900.00
2020-10-14,2020101404001082,NBF2,6,39,"2,000",8.85,"17,700.00"
2020-10-14,2020101404001081,NBF2,56,39,"4,200",8.86,"37,212.00"
2020-10-14,2020101404001080,NBF2,7,39,200,8.87,"1,774.00"
2020-10-14,2020101404001079,NBF2,25,39,"4,300",8.87,"38,141.00"
2020-10-14,2020101404001078,NBF2,13,39,"3,000",8.87,"26,610.00"
2020-10-14,2020101404001311,NEF,6,36,"1,448",8.82,"12,771.36"
2020-10-14,2020101404001059,NEF,34,29,"9,656",8.99,"86,807.44"
2020-10-14,2020101404001058,NEF,34,42,"2,242",8.93,"20,021.06"
2020-10-14,2020101404001044,NEF,56,29,"2,156",8.77,"18,908.12"
2020-10-14,2020101404001043,NEF,42,29,258,8.92,"2,301.36"
2020-10-14,2020101404000985,NEF,42,26,241,8.92,"2,149.72"
2020-10-14,2020101404000972,NEF,11,42,172,8.93,"1,535.96"
2020-10-14,2020101404001026,NIBLPF,6,29,"2,525",8.96,"22,624.00"
2020-10-14,2020101404001002,NIBLPF,6,29,150,8.96,"1,344.00"
2020-10-14,2020101404001001,NIBLPF,53,29,"2,375",8.99,"21,351.25"
2020-10-14,2020101404000982,NIBLPF,53,29,"10,100",8.99,"90,799.00"
2020-10-14,2020101404001037,NIBPO,52,17,500,364.00,"182,000.00"
2020-10-14,2020101404001020,NIBPO,14,6,44,362.00,"15,928.00"
2020-10-14,2020101404001414,NIBSF1,49,59,"10,000",9.90,"99,000.00"
2020-10-14,2020101404001055,NIBSF1,49,22,"10,000",9.90,"99,000.00"
2020-10-14,2020101404001054,NIBSF1,49,1,"10,000",9.89,"98,900.00"
2020-10-14,2020101404001279,NICBF,3,58,100,9.25,925.00
2020-10-14,2020101404001409,NICGF,17,3,200,9.40,"1,880.00"
2020-10-14,2020101404001452,NMB50,16,22,100,9.20,920.00
2020-10-14,2020101404001451,NMB50,16,11,"1,000",9.20,"9,200.00"
2020-10-14,2020101404001428,NMBHF1,6,41,"5,000",9.23,"46,150.00"
2020-10-14,2020101404001420,NMBHF1,6,41,"4,161",9.23,"38,406.03"
2020-10-14,2020101404001388,NMBHF1,6,41,"10,000",9.23,"92,300.00"
2020-10-14,2020101404001300,NMBHF1,17,36,416,9.22,"3,835.52"
2020-10-14,2020101404001095,NMBHF1,34,17,"1,248",9.25,"11,544.00"
2020-10-14,2020101404000984,NMBHF1,17,26,416,9.22,"3,835.52"
2020-10-14,2020101404000971,NMBHF1,17,50,332,9.22,"3,061.04"
2020-10-14,2020101404001396,RBCLPO,6,51,15,"10,157.00","152,355.00"
2020-10-14,2020101404001393,RBCLPO,44,51,10,"10,160.00","101,600.00"
2020-10-14,2020101404001130,RBCLPO,56,33,10,"10,156.00","101,560.00"
2020-10-14,2020101404001129,RBCLPO,6,33,10,"10,182.00","101,820.00"
2020-10-14,2020101404001005,RBCLPO,38,42,10,"10,183.00","101,830.00"
2020-10-14,2020101404000983,RBCLPO,51,3,10,"10,185.00","101,850.00"
2020-10-14,2020101404001468,RLI,41,33,50,601.00,"30,050.00"
2020-10-14,2020101404001467,RLI,33,59,10,600.00,"6,000.00"
2020-10-14,2020101404001466,RLI,33,7,10,600.00,"6,000.00"
2020-10-14,2020101404001465,RLI,33,48,10,600.00,"6,000.00"
2020-10-14,2020101404001464,RLI,11,33,10,601.00,"6,010.00"
2020-10-14,2020101404001463,RLI,33,22,10,600.00,"6,000.00"
2020-10-14,2020101404000976,RLI,36,22,10,603.00,"6,030.00"
2020-10-14,2020101404000975,RLI,34,42,10,602.00,"6,020.00"
2020-10-14,2020101404000973,RLI,34,7,10,602.00,"6,020.00"
2020-10-14,2020101404000970,RLI,34,26,10,602.00,"6,020.00"
2020-10-14,2020101404000969,RLI,34,28,10,602.00,"6,020.00"
2020-10-14,2020101404000986,RLI,36,51,10,603.00,"6,030.00"
2020-10-14,2020101404000981,RLI,36,57,10,603.00,"6,030.00"
2020-10-14,2020101404000980,RLI,36,51,10,603.00,"6,030.00"
2020-10-14,2020101404000979,RLI,36,28,10,603.00,"6,030.00"
2020-10-14,2020101404000978,RLI,36,42,10,603.00,"6,030.00"
2020-10-14,2020101404000977,RLI,36,49,10,603.00,"6,030.00"
2020-10-14,2020101404000992,RLI,36,37,10,603.00,"6,030.00"
2020-10-14,2020101404000991,RLI,36,4,10,603.00,"6,030.00"
2020-10-14,2020101404000990,RLI,36,13,10,603.00,"6,030.00"
2020-10-14,2020101404000989,RLI,36,32,10,603.00,"6,030.00"
2020-10-14,2020101404000988,RLI,36,37,10,603.00,"6,030.00"
2020-10-14,2020101404000987,RLI,36,57,30,603.00,"18,090.00"
2020-10-14,2020101404000998,RLI,34,39,10,602.00,"6,020.00"
2020-10-14,2020101404000997,RLI,36,19,10,603.00,"6,030.00"
2020-10-14,2020101404000996,RLI,36,51,10,603.00,"6,030.00"
2020-10-14,2020101404000995,RLI,36,41,10,603.00,"6,030.00"
2020-10-14,2020101404000994,RLI,36,56,10,603.00,"6,030.00"
2020-10-14,2020101404000993,RLI,13,18,50,604.00,"30,200.00"
2020-10-14,2020101404001007,RLI,43,49,10,602.00,"6,020.00"
2020-10-14,2020101404001006,RLI,43,7,10,602.00,"6,020.00"
2020-10-14,2020101404001004,RLI,43,51,10,602.00,"6,020.00"
2020-10-14,2020101404001003,RLI,43,34,10,602.00,"6,020.00"
2020-10-14,2020101404001000,RLI,43,49,10,602.00,"6,020.00"
2020-10-14,2020101404000999,RLI,34,37,10,602.00,"6,020.00"
2020-10-14,2020101404001013,RLI,1,42,10,602.00,"6,020.00"
2020-10-14,2020101404001012,RLI,1,35,10,602.00,"6,020.00"
2020-10-14,2020101404001011,RLI,1,35,10,602.00,"6,020.00"
2020-10-14,2020101404001010,RLI,45,59,10,602.00,"6,020.00"
2020-10-14,2020101404001009,RLI,36,59,10,602.00,"6,020.00"
2020-10-14,2020101404001008,RLI,36,7,10,602.00,"6,020.00"
2020-10-14,2020101404001021,RLI,1,46,10,602.00,"6,020.00"
2020-10-14,2020101404001018,RLI,1,58,10,602.00,"6,020.00"
2020-10-14,2020101404001017,RLI,1,28,10,602.00,"6,020.00"
2020-10-14,2020101404001016,RLI,1,46,10,602.00,"6,020.00"
2020-10-14,2020101404001015,RLI,1,45,10,602.00,"6,020.00"
2020-10-14,2020101404001014,RLI,1,35,10,602.00,"6,020.00"
2020-10-14,2020101404001028,RLI,42,42,10,602.00,"6,020.00"
2020-10-14,2020101404001027,RLI,42,45,10,602.00,"6,020.00"
2020-10-14,2020101404001025,RLI,42,46,10,602.00,"6,020.00"
2020-10-14,2020101404001024,RLI,42,48,10,602.00,"6,020.00"
2020-10-14,2020101404001023,RLI,42,42,10,602.00,"6,020.00"
2020-10-14,2020101404001022,RLI,1,48,10,602.00,"6,020.00"
2020-10-14,2020101404001038,RLI,35,57,10,602.00,"6,020.00"
2020-10-14,2020101404001036,RLI,42,22,10,602.00,"6,020.00"
2020-10-14,2020101404001035,RLI,42,57,10,602.00,"6,020.00"
2020-10-14,2020101404001034,RLI,42,42,10,602.00,"6,020.00"
2020-10-14,2020101404001030,RLI,42,28,10,602.00,"6,020.00"
2020-10-14,2020101404001029,RLI,42,48,10,602.00,"6,020.00"
2020-10-14,2020101404001047,RLI,19,6,10,603.00,"6,030.00"
2020-10-14,2020101404001046,RLI,35,55,10,602.00,"6,020.00"
2020-10-14,2020101404001045,RLI,35,57,140,602.00,"84,280.00"
2020-10-14,2020101404001041,RLI,35,53,10,602.00,"6,020.00"
2020-10-14,2020101404001040,RLI,35,14,10,602.00,"6,020.00"
2020-10-14,2020101404001039,RLI,35,42,10,602.00,"6,020.00"
2020-10-14,2020101404001056,RLI,35,1,10,602.00,"6,020.00"
2020-10-14,2020101404001052,RLI,35,57,10,602.00,"6,020.00"
2020-10-14,2020101404001051,RLI,35,8,10,602.00,"6,020.00"
2020-10-14,2020101404001050,RLI,35,26,20,602.00,"12,040.00"
2020-10-14,2020101404001049,RLI,19,36,10,603.00,"6,030.00"
2020-10-14,2020101404001048,RLI,19,35,10,603.00,"6,030.00"
2020-10-14,2020101404001064,RLI,38,38,10,603.00,"6,030.00"
2020-10-14,2020101404001063,RLI,38,58,10,603.00,"6,030.00"
2020-10-14,2020101404001062,RLI,38,42,10,603.00,"6,030.00"
2020-10-14,2020101404001061,RLI,35,28,10,602.00,"6,020.00"
2020-10-14,2020101404001060,RLI,35,49,10,602.00,"6,020.00"
2020-10-14,2020101404001057,RLI,35,17,10,602.00,"6,020.00"
2020-10-14,2020101404001072,RLI,35,34,10,602.00,"6,020.00"
2020-10-14,2020101404001071,RLI,35,55,10,602.00,"6,020.00"
2020-10-14,2020101404001068,RLI,35,17,10,602.00,"6,020.00"
2020-10-14,2020101404001067,RLI,38,57,10,603.00,"6,030.00"
2020-10-14,2020101404001066,RLI,38,38,10,603.00,"6,030.00"
2020-10-14,2020101404001065,RLI,38,38,10,603.00,"6,030.00"
2020-10-14,2020101404001083,RLI,35,17,10,602.00,"6,020.00"
2020-10-14,2020101404001077,RLI,35,29,10,602.00,"6,020.00"
2020-10-14,2020101404001076,RLI,35,1,10,602.00,"6,020.00"
2020-10-14,2020101404001075,RLI,35,17,10,602.00,"6,020.00"
2020-10-14,2020101404001074,RLI,35,1,10,602.00,"6,020.00"
2020-10-14,2020101404001073,RLI,35,34,10,602.00,"6,020.00"
2020-10-14,2020101404001091,RLI,35,49,10,602.00,"6,020.00"
2020-10-14,2020101404001089,RLI,35,49,10,602.00,"6,020.00"
2020-10-14,2020101404001088,RLI,35,34,10,602.00,"6,020.00"
2020-10-14,2020101404001087,RLI,35,17,10,602.00,"6,020.00"
2020-10-14,2020101404001086,RLI,35,18,100,602.00,"60,200.00"
2020-10-14,2020101404001084,RLI,35,58,10,602.00,"6,020.00"
2020-10-14,2020101404001098,RLI,37,29,10,602.00,"6,020.00"
2020-10-14,2020101404001097,RLI,45,55,10,602.00,"6,020.00"
2020-10-14,2020101404001096,RLI,34,17,10,602.00,"6,020.00"
2020-10-14,2020101404001094,RLI,35,49,10,602.00,"6,020.00"
2020-10-14,2020101404001093,RLI,35,8,10,602.00,"6,020.00"
2020-10-14,2020101404001092,RLI,35,28,10,602.00,"6,020.00"
2020-10-14,2020101404001104,RLI,11,22,10,602.00,"6,020.00"
2020-10-14,2020101404001103,RLI,17,49,10,602.00,"6,020.00"
2020-10-14,2020101404001102,RLI,37,49,10,602.00,"6,020.00"
2020-10-14,2020101404001101,RLI,37,49,10,602.00,"6,020.00"
2020-10-14,2020101404001100,RLI,37,34,10,602.00,"6,020.00"
2020-10-14,2020101404001099,RLI,37,17,10,602.00,"6,020.00"
2020-10-14,2020101404001110,RLI,25,49,10,602.00,"6,020.00"
2020-10-14,2020101404001109,RLI,25,52,10,602.00,"6,020.00"
2020-10-14,2020101404001108,RLI,25,34,10,602.00,"6,020.00"
2020-10-14,2020101404001107,RLI,58,34,50,602.00,"30,100.00"
2020-10-14,2020101404001106,RLI,42,34,10,602.00,"6,020.00"
2020-10-14,2020101404001105,RLI,11,34,30,602.00,"18,060.00"
2020-10-14,2020101404001116,RLI,25,52,10,602.00,"6,020.00"
2020-10-14,2020101404001115,RLI,25,58,10,602.00,"6,020.00"
2020-10-14,2020101404001114,RLI,25,52,10,602.00,"6,020.00"
2020-10-14,2020101404001113,RLI,25,22,10,602.00,"6,020.00"
2020-10-14,2020101404001112,RLI,25,38,10,602.00,"6,020.00"
2020-10-14,2020101404001111,RLI,25,42,10,602.00,"6,020.00"
2020-10-14,2020101404001123,RLI,25,42,10,602.00,"6,020.00"
2020-10-14,2020101404001121,RLI,25,35,10,602.00,"6,020.00"
2020-10-14,2020101404001120,RLI,25,22,10,602.00,"6,020.00"
2020-10-14,2020101404001119,RLI,25,21,10,602.00,"6,020.00"
2020-10-14,2020101404001118,RLI,25,22,10,602.00,"6,020.00"
2020-10-14,2020101404001117,RLI,49,8,10,603.00,"6,030.00"
2020-10-14,2020101404001132,RLI,25,1,100,602.00,"60,200.00"
2020-10-14,2020101404001131,RLI,25,35,10,602.00,"6,020.00"
2020-10-14,2020101404001127,RLI,25,28,10,602.00,"6,020.00"
2020-10-14,2020101404001126,RLI,25,35,10,602.00,"6,020.00"
2020-10-14,2020101404001125,RLI,25,34,10,602.00,"6,020.00"
2020-10-14,2020101404001124,RLI,25,35,10,602.00,"6,020.00"
2020-10-14,2020101404001138,RLI,52,42,10,602.00,"6,020.00"
2020-10-14,2020101404001137,RLI,35,8,10,602.00,"6,020.00"
2020-10-14,2020101404001136,RLI,35,35,10,602.00,"6,020.00"
2020-10-14,2020101404001135,RLI,35,43,10,602.00,"6,020.00"
2020-10-14,2020101404001134,RLI,35,58,10,602.00,"6,020.00"
2020-10-14,2020101404001133,RLI,25,8,10,602.00,"6,020.00"
2020-10-14,2020101404001144,RLI,35,56,50,602.00,"30,100.00"
2020-10-14,2020101404001143,RLI,19,56,40,602.00,"24,080.00"
2020-10-14,2020101404001142,RLI,41,56,110,602.00,"66,220.00"
2020-10-14,2020101404001141,RLI,19,48,10,602.00,"6,020.00"
2020-10-14,2020101404001140,RLI,52,7,10,602.00,"6,020.00"
2020-10-14,2020101404001139,RLI,52,59,10,602.00,"6,020.00"
2020-10-14,2020101404001150,RLI,35,56,80,602.00,"48,160.00"
2020-10-14,2020101404001149,RLI,35,22,10,602.00,"6,020.00"
2020-10-14,2020101404001148,RLI,57,56,100,602.00,"60,200.00"
2020-10-14,2020101404001147,RLI,20,56,10,602.00,"6,020.00"
2020-10-14,2020101404001146,RLI,57,56,10,602.00,"6,020.00"
2020-10-14,2020101404001145,RLI,28,56,100,602.00,"60,200.00"
2020-10-14,2020101404001156,RLI,56,39,200,602.00,"120,400.00"
2020-10-14,2020101404001155,RLI,47,32,10,601.00,"6,010.00"
2020-10-14,2020101404001154,RLI,16,21,10,602.00,"6,020.00"
2020-10-14,2020101404001153,RLI,16,58,10,602.00,"6,020.00"
2020-10-14,2020101404001152,RLI,16,1,30,602.00,"18,060.00"
2020-10-14,2020101404001151,RLI,35,49,10,602.00,"6,020.00"
2020-10-14,2020101404001162,RLI,36,39,25,601.00,"15,025.00"
2020-10-14,2020101404001161,RLI,43,39,150,601.00,"90,150.00"
2020-10-14,2020101404001160,RLI,50,39,50,601.00,"30,050.00"
2020-10-14,2020101404001159,RLI,56,39,40,601.00,"24,040.00"
2020-10-14,2020101404001158,RLI,35,39,50,601.00,"30,050.00"
2020-10-14,2020101404001157,RLI,47,39,90,601.00,"54,090.00"
2020-10-14,2020101404001168,RLI,41,39,50,601.00,"30,050.00"
2020-10-14,2020101404001167,RLI,6,39,10,601.00,"6,010.00"
2020-10-14,2020101404001166,RLI,47,39,200,601.00,"120,200.00"
2020-10-14,2020101404001165,RLI,51,39,85,601.00,"51,085.00"
2020-10-14,2020101404001164,RLI,8,39,100,601.00,"60,100.00"
2020-10-14,2020101404001163,RLI,51,39,10,601.00,"6,010.00"
2020-10-14,2020101404001174,RLI,51,39,500,601.00,"300,500.00"
2020-10-14,2020101404001173,RLI,6,39,300,601.00,"180,300.00"
2020-10-14,2020101404001172,RLI,34,39,10,601.00,"6,010.00"
2020-10-14,2020101404001171,RLI,1,39,200,601.00,"120,200.00"
2020-10-14,2020101404001170,RLI,13,39,10,601.00,"6,010.00"
2020-10-14,2020101404001169,RLI,36,39,333,601.00,"200,133.00"
2020-10-14,2020101404001180,RLI,43,39,"1,000",601.00,"601,000.00"
2020-10-14,2020101404001179,RLI,19,39,20,601.00,"12,020.00"
2020-10-14,2020101404001178,RLI,56,39,50,601.00,"30,050.00"
2020-10-14,2020101404001177,RLI,8,39,100,601.00,"60,100.00"
2020-10-14,2020101404001176,RLI,16,39,50,601.00,"30,050.00"
2020-10-14,2020101404001175,RLI,1,39,60,601.00,"36,060.00"
2020-10-14,2020101404001186,RLI,3,39,100,601.00,"60,100.00"
2020-10-14,2020101404001185,RLI,50,39,20,601.00,"12,020.00"
2020-10-14,2020101404001184,RLI,38,39,50,601.00,"30,050.00"
2020-10-14,2020101404001183,RLI,6,39,30,601.00,"18,030.00"
2020-10-14,2020101404001182,RLI,34,39,100,601.00,"60,100.00"
2020-10-14,2020101404001181,RLI,47,39,30,601.00,"18,030.00"
2020-10-14,2020101404001192,RLI,6,39,100,600.00,"60,000.00"
2020-10-14,2020101404001191,RLI,34,39,500,600.00,"300,000.00"
2020-10-14,2020101404001190,RLI,43,39,30,600.00,"18,000.00"
2020-10-14,2020101404001189,RLI,25,39,100,600.00,"60,000.00"
2020-10-14,2020101404001188,RLI,5,39,500,600.00,"300,000.00"
2020-10-14,2020101404001187,RLI,47,39,20,600.00,"12,000.00"
2020-10-14,2020101404001198,RLI,47,39,20,600.00,"12,000.00"
2020-10-14,2020101404001197,RLI,47,39,50,600.00,"30,000.00"
2020-10-14,2020101404001196,RLI,50,39,20,600.00,"12,000.00"
2020-10-14,2020101404001195,RLI,35,39,100,600.00,"60,000.00"
2020-10-14,2020101404001194,RLI,55,39,100,600.00,"60,000.00"
2020-10-14,2020101404001193,RLI,3,39,30,600.00,"18,000.00"
2020-10-14,2020101404001204,RLI,36,39,25,600.00,"15,000.00"
2020-10-14,2020101404001203,RLI,49,39,50,600.00,"30,000.00"
2020-10-14,2020101404001202,RLI,19,39,100,600.00,"60,000.00"
2020-10-14,2020101404001201,RLI,36,39,333,600.00,"199,800.00"
2020-10-14,2020101404001200,RLI,38,39,20,600.00,"12,000.00"
2020-10-14,2020101404001199,RLI,55,39,40,600.00,"24,000.00"
2020-10-14,2020101404001210,RLI,11,39,50,600.00,"30,000.00"
2020-10-14,2020101404001209,RLI,11,39,20,600.00,"12,000.00"
2020-10-14,2020101404001208,RLI,8,39,100,600.00,"60,000.00"
2020-10-14,2020101404001207,RLI,1,39,200,600.00,"120,000.00"
2020-10-14,2020101404001206,RLI,35,39,100,600.00,"60,000.00"
2020-10-14,2020101404001205,RLI,40,39,50,600.00,"30,000.00"
2020-10-14,2020101404001216,RLI,28,39,100,600.00,"60,000.00"
2020-10-14,2020101404001215,RLI,1,39,50,600.00,"30,000.00"
2020-10-14,2020101404001214,RLI,34,39,10,600.00,"6,000.00"
2020-10-14,2020101404001213,RLI,1,39,50,600.00,"30,000.00"
2020-10-14,2020101404001212,RLI,50,39,90,600.00,"54,000.00"
2020-10-14,2020101404001211,RLI,42,39,30,600.00,"18,000.00"
2020-10-14,2020101404001222,RLI,45,39,40,600.00,"24,000.00"
2020-10-14,2020101404001221,RLI,45,39,100,600.00,"60,000.00"
2020-10-14,2020101404001220,RLI,26,39,50,600.00,"30,000.00"
2020-10-14,2020101404001219,RLI,33,39,50,600.00,"30,000.00"
2020-10-14,2020101404001218,RLI,51,39,20,600.00,"12,000.00"
2020-10-14,2020101404001217,RLI,41,39,"1,000",600.00,"600,000.00"
2020-10-14,2020101404001228,RLI,11,39,50,600.00,"30,000.00"
2020-10-14,2020101404001227,RLI,36,39,500,600.00,"300,000.00"
2020-10-14,2020101404001226,RLI,4,39,50,600.00,"30,000.00"
2020-10-14,2020101404001225,RLI,49,39,20,600.00,"12,000.00"
2020-10-14,2020101404001224,RLI,26,39,100,600.00,"60,000.00"
2020-10-14,2020101404001223,RLI,51,39,500,600.00,"300,000.00"
2020-10-14,2020101404001234,RLI,38,39,20,600.00,"12,000.00"
2020-10-14,2020101404001233,RLI,47,39,200,600.00,"120,000.00"
2020-10-14,2020101404001232,RLI,48,39,100,600.00,"60,000.00"
2020-10-14,2020101404001231,RLI,11,39,30,600.00,"18,000.00"
2020-10-14,2020101404001230,RLI,45,39,500,600.00,"300,000.00"
2020-10-14,2020101404001229,RLI,5,39,100,600.00,"60,000.00"
2020-10-14,2020101404001240,RLI,11,39,100,600.00,"60,000.00"
2020-10-14,2020101404001239,RLI,34,39,20,600.00,"12,000.00"
2020-10-14,2020101404001238,RLI,45,39,100,600.00,"60,000.00"
2020-10-14,2020101404001237,RLI,13,39,50,600.00,"30,000.00"
2020-10-14,2020101404001236,RLI,28,39,10,600.00,"6,000.00"
2020-10-14,2020101404001235,RLI,7,39,50,600.00,"30,000.00"
2020-10-14,2020101404001246,RLI,32,34,10,599.00,"5,990.00"
2020-10-14,2020101404001245,RLI,32,28,10,599.00,"5,990.00"
2020-10-14,2020101404001244,RLI,32,21,10,599.00,"5,990.00"
2020-10-14,2020101404001243,RLI,32,34,10,599.00,"5,990.00"
2020-10-14,2020101404001242,RLI,32,21,10,599.00,"5,990.00"
2020-10-14,2020101404001241,RLI,32,34,10,599.00,"5,990.00"
2020-10-14,2020101404001252,RLI,48,21,10,599.00,"5,990.00"
2020-10-14,2020101404001251,RLI,48,35,10,599.00,"5,990.00"
2020-10-14,2020101404001250,RLI,5,6,10,600.00,"6,000.00"
2020-10-14,2020101404001249,RLI,32,45,10,599.00,"5,990.00"
2020-10-14,2020101404001248,RLI,32,34,10,599.00,"5,990.00"
2020-10-14,2020101404001247,RLI,32,21,10,599.00,"5,990.00"
2020-10-14,2020101404001261,RLI,5,45,10,600.00,"6,000.00"
2020-10-14,2020101404001260,RLI,56,58,10,599.00,"5,990.00"
2020-10-14,2020101404001256,RLI,18,42,10,600.00,"6,000.00"
2020-10-14,2020101404001255,RLI,18,48,10,600.00,"6,000.00"
2020-10-14,2020101404001254,RLI,57,48,10,600.00,"6,000.00"
2020-10-14,2020101404001253,RLI,57,49,10,600.00,"6,000.00"
2020-10-14,2020101404001267,RLI,32,32,10,601.00,"6,010.00"
2020-10-14,2020101404001266,RLI,32,32,10,601.00,"6,010.00"
2020-10-14,2020101404001265,RLI,32,32,10,601.00,"6,010.00"
2020-10-14,2020101404001264,RLI,16,43,10,600.00,"6,000.00"
2020-10-14,2020101404001263,RLI,16,7,10,600.00,"6,000.00"
2020-10-14,2020101404001262,RLI,5,58,10,600.00,"6,000.00"
2020-10-14,2020101404001273,RLI,16,26,30,600.00,"18,000.00"
2020-10-14,2020101404001272,RLI,32,1,10,601.00,"6,010.00"
2020-10-14,2020101404001271,RLI,32,1,10,601.00,"6,010.00"
2020-10-14,2020101404001270,RLI,32,21,10,601.00,"6,010.00"
2020-10-14,2020101404001269,RLI,32,32,10,601.00,"6,010.00"
2020-10-14,2020101404001268,RLI,32,32,10,601.00,"6,010.00"
2020-10-14,2020101404001280,RLI,34,6,10,601.00,"6,010.00"
2020-10-14,2020101404001278,RLI,35,21,10,601.00,"6,010.00"
2020-10-14,2020101404001277,RLI,35,14,10,601.00,"6,010.00"
2020-10-14,2020101404001276,RLI,35,36,10,600.00,"6,000.00"
2020-10-14,2020101404001275,RLI,35,10,10,600.00,"6,000.00"
2020-10-14,2020101404001274,RLI,35,59,10,600.00,"6,000.00"
2020-10-14,2020101404001288,RLI,35,13,10,600.00,"6,000.00"
2020-10-14,2020101404001287,RLI,34,38,10,602.00,"6,020.00"
2020-10-14,2020101404001284,RLI,34,34,50,602.00,"30,100.00"
2020-10-14,2020101404001283,RLI,34,58,10,602.00,"6,020.00"
2020-10-14,2020101404001282,RLI,34,58,10,602.00,"6,020.00"
2020-10-14,2020101404001281,RLI,34,58,10,602.00,"6,020.00"
2020-10-14,2020101404001294,RLI,35,13,10,600.00,"6,000.00"
2020-10-14,2020101404001293,RLI,35,39,10,600.00,"6,000.00"
2020-10-14,2020101404001292,RLI,39,39,10,600.00,"6,000.00"
2020-10-14,2020101404001291,RLI,39,39,10,600.00,"6,000.00"
2020-10-14,2020101404001290,RLI,39,10,10,600.00,"6,000.00"
2020-10-14,2020101404001289,RLI,35,16,10,600.00,"6,000.00"
2020-10-14,2020101404001301,RLI,29,6,10,601.00,"6,010.00"
2020-10-14,2020101404001299,RLI,35,39,10,600.00,"6,000.00"
2020-10-14,2020101404001298,RLI,35,38,10,600.00,"6,000.00"
2020-10-14,2020101404001297,RLI,35,29,10,600.00,"6,000.00"
2020-10-14,2020101404001296,RLI,35,39,10,600.00,"6,000.00"
2020-10-14,2020101404001295,RLI,35,10,10,600.00,"6,000.00"
2020-10-14,2020101404001307,RLI,29,58,10,601.00,"6,010.00"
2020-10-14,2020101404001306,RLI,29,7,140,601.00,"84,140.00"
2020-10-14,2020101404001305,RLI,29,3,10,601.00,"6,010.00"
2020-10-14,2020101404001304,RLI,29,38,10,601.00,"6,010.00"
2020-10-14,2020101404001303,RLI,29,36,10,601.00,"6,010.00"
2020-10-14,2020101404001302,RLI,29,10,10,601.00,"6,010.00"
2020-10-14,2020101404001314,RLI,29,10,10,601.00,"6,010.00"
2020-10-14,2020101404001313,RLI,29,38,10,601.00,"6,010.00"
2020-10-14,2020101404001312,RLI,29,38,10,601.00,"6,010.00"
2020-10-14,2020101404001310,RLI,29,34,10,601.00,"6,010.00"
2020-10-14,2020101404001309,RLI,29,38,10,601.00,"6,010.00"
2020-10-14,2020101404001308,RLI,29,26,10,601.00,"6,010.00"
2020-10-14,2020101404001320,RLI,29,38,10,601.00,"6,010.00"
2020-10-14,2020101404001319,RLI,29,41,10,601.00,"6,010.00"
2020-10-14,2020101404001318,RLI,29,36,10,601.00,"6,010.00"
2020-10-14,2020101404001317,RLI,29,16,10,601.00,"6,010.00"
2020-10-14,2020101404001316,RLI,29,17,10,601.00,"6,010.00"
2020-10-14,2020101404001315,RLI,29,58,10,601.00,"6,010.00"
2020-10-14,2020101404001326,RLI,29,26,20,601.00,"12,020.00"
2020-10-14,2020101404001325,RLI,29,38,10,601.00,"6,010.00"
2020-10-14,2020101404001324,RLI,29,7,10,601.00,"6,010.00"
2020-10-14,2020101404001323,RLI,29,49,10,601.00,"6,010.00"
2020-10-14,2020101404001322,RLI,29,38,10,601.00,"6,010.00"
2020-10-14,2020101404001321,RLI,29,58,10,601.00,"6,010.00"
2020-10-14,2020101404001332,RLI,22,52,10,600.00,"6,000.00"
2020-10-14,2020101404001331,RLI,35,34,10,600.00,"6,000.00"
2020-10-14,2020101404001330,RLI,35,58,10,600.00,"6,000.00"
2020-10-14,2020101404001329,RLI,35,49,10,600.00,"6,000.00"
2020-10-14,2020101404001328,RLI,29,35,100,601.00,"60,100.00"
2020-10-14,2020101404001327,RLI,29,35,10,601.00,"6,010.00"
2020-10-14,2020101404001338,RLI,22,7,10,600.00,"6,000.00"
2020-10-14,2020101404001337,RLI,22,58,10,600.00,"6,000.00"
2020-10-14,2020101404001336,RLI,22,36,10,600.00,"6,000.00"
2020-10-14,2020101404001335,RLI,38,56,10,601.00,"6,010.00"
2020-10-14,2020101404001334,RLI,22,58,10,600.00,"6,000.00"
2020-10-14,2020101404001333,RLI,22,56,10,600.00,"6,000.00"
2020-10-14,2020101404001345,RLI,45,22,10,600.00,"6,000.00"
2020-10-14,2020101404001344,RLI,39,38,10,600.00,"6,000.00"
2020-10-14,2020101404001342,RLI,22,42,10,600.00,"6,000.00"
2020-10-14,2020101404001341,RLI,22,49,10,600.00,"6,000.00"
2020-10-14,2020101404001340,RLI,22,38,10,600.00,"6,000.00"
2020-10-14,2020101404001339,RLI,22,41,10,600.00,"6,000.00"
2020-10-14,2020101404001351,RLI,45,44,10,600.00,"6,000.00"
2020-10-14,2020101404001350,RLI,45,38,10,600.00,"6,000.00"
2020-10-14,2020101404001349,RLI,45,41,10,600.00,"6,000.00"
2020-10-14,2020101404001348,RLI,45,58,10,600.00,"6,000.00"
2020-10-14,2020101404001347,RLI,45,38,10,600.00,"6,000.00"
2020-10-14,2020101404001346,RLI,45,58,10,600.00,"6,000.00"
2020-10-14,2020101404001357,RLI,44,38,10,600.00,"6,000.00"
2020-10-14,2020101404001356,RLI,55,38,10,600.00,"6,000.00"
2020-10-14,2020101404001355,RLI,55,56,10,600.00,"6,000.00"
2020-10-14,2020101404001354,RLI,45,38,10,600.00,"6,000.00"
2020-10-14,2020101404001353,RLI,45,38,10,600.00,"6,000.00"
2020-10-14,2020101404001352,RLI,45,57,10,600.00,"6,000.00"
2020-10-14,2020101404001364,RLI,44,38,10,600.00,"6,000.00"
2020-10-14,2020101404001363,RLI,44,16,10,600.00,"6,000.00"
2020-10-14,2020101404001362,RLI,44,38,10,600.00,"6,000.00"
2020-10-14,2020101404001360,RLI,44,44,20,600.00,"12,000.00"
2020-10-14,2020101404001359,RLI,44,41,10,600.00,"6,000.00"
2020-10-14,2020101404001358,RLI,44,38,10,600.00,"6,000.00"
2020-10-14,2020101404001370,RLI,44,17,10,600.00,"6,000.00"
2020-10-14,2020101404001369,RLI,44,44,10,600.00,"6,000.00"
2020-10-14,2020101404001368,RLI,44,38,10,600.00,"6,000.00"
2020-10-14,2020101404001367,RLI,44,58,10,600.00,"6,000.00"
2020-10-14,2020101404001366,RLI,44,36,10,600.00,"6,000.00"
2020-10-14,2020101404001365,RLI,44,38,10,600.00,"6,000.00"
2020-10-14,2020101404001377,RLI,33,8,10,601.00,"6,010.00"
2020-10-14,2020101404001376,RLI,33,43,10,601.00,"6,010.00"
2020-10-14,2020101404001375,RLI,44,42,10,600.00,"6,000.00"
2020-10-14,2020101404001374,RLI,44,3,10,600.00,"6,000.00"
2020-10-14,2020101404001373,RLI,44,35,10,600.00,"6,000.00"
2020-10-14,2020101404001372,RLI,44,22,10,600.00,"6,000.00"
2020-10-14,2020101404001383,RLI,44,58,10,600.00,"6,000.00"
2020-10-14,2020101404001382,RLI,44,36,10,600.00,"6,000.00"
2020-10-14,2020101404001381,RLI,44,42,10,600.00,"6,000.00"
2020-10-14,2020101404001380,RLI,35,33,20,601.00,"12,020.00"
2020-10-14,2020101404001379,RLI,44,45,10,600.00,"6,000.00"
2020-10-14,2020101404001378,RLI,33,33,10,601.00,"6,010.00"
2020-10-14,2020101404001390,RLI,44,29,40,600.00,"24,000.00"
2020-10-14,2020101404001389,RLI,44,17,100,600.00,"60,000.00"
2020-10-14,2020101404001387,RLI,44,42,10,600.00,"6,000.00"
2020-10-14,2020101404001386,RLI,44,6,10,600.00,"6,000.00"
2020-10-14,2020101404001385,RLI,44,16,10,600.00,"6,000.00"
2020-10-14,2020101404001384,RLI,44,34,10,600.00,"6,000.00"
2020-10-14,2020101404001398,RLI,59,33,10,601.00,"6,010.00"
2020-10-14,2020101404001397,RLI,44,4,10,600.00,"6,000.00"
2020-10-14,2020101404001395,RLI,44,58,10,600.00,"6,000.00"
2020-10-14,2020101404001394,RLI,44,50,10,600.00,"6,000.00"
2020-10-14,2020101404001392,RLI,44,6,10,600.00,"6,000.00"
2020-10-14,2020101404001391,RLI,40,33,10,601.00,"6,010.00"
2020-10-14,2020101404001404,RLI,44,34,10,600.00,"6,000.00"
2020-10-14,2020101404001403,RLI,44,48,10,600.00,"6,000.00"
2020-10-14,2020101404001402,RLI,44,41,10,600.00,"6,000.00"
2020-10-14,2020101404001401,RLI,44,17,40,600.00,"24,000.00"
2020-10-14,2020101404001400,RLI,44,36,10,600.00,"6,000.00"
2020-10-14,2020101404001399,RLI,44,20,10,600.00,"6,000.00"
2020-10-14,2020101404001412,RLI,44,49,10,600.00,"6,000.00"
2020-10-14,2020101404001411,RLI,44,7,10,600.00,"6,000.00"
2020-10-14,2020101404001410,RLI,44,54,10,600.00,"6,000.00"
2020-10-14,2020101404001408,RLI,44,44,10,600.00,"6,000.00"
2020-10-14,2020101404001407,RLI,44,53,10,600.00,"6,000.00"
2020-10-14,2020101404001405,RLI,44,54,10,600.00,"6,000.00"
2020-10-14,2020101404001419,RLI,44,7,10,600.00,"6,000.00"
2020-10-14,2020101404001418,RLI,34,33,50,601.00,"30,050.00"
2020-10-14,2020101404001417,RLI,44,54,10,600.00,"6,000.00"
2020-10-14,2020101404001416,RLI,44,58,10,600.00,"6,000.00"
2020-10-14,2020101404001415,RLI,44,59,10,600.00,"6,000.00"
2020-10-14,2020101404001413,RLI,44,1,10,600.00,"6,000.00"
2020-10-14,2020101404001426,RLI,44,17,10,600.00,"6,000.00"
2020-10-14,2020101404001425,RLI,44,7,10,600.00,"6,000.00"
2020-10-14,2020101404001424,RLI,58,33,40,601.00,"24,040.00"
2020-10-14,2020101404001423,RLI,44,58,10,600.00,"6,000.00"
2020-10-14,2020101404001422,RLI,44,58,10,600.00,"6,000.00"
2020-10-14,2020101404001421,RLI,44,6,10,600.00,"6,000.00"
2020-10-14,2020101404001435,RLI,44,35,10,600.00,"6,000.00"
2020-10-14,2020101404001434,RLI,44,17,10,600.00,"6,000.00"
2020-10-14,2020101404001431,RLI,44,42,10,600.00,"6,000.00"
2020-10-14,2020101404001430,RLI,49,33,100,601.00,"60,100.00"
2020-10-14,2020101404001429,RLI,44,33,50,601.00,"30,050.00"
2020-10-14,2020101404001427,RLI,32,33,10,601.00,"6,010.00"
2020-10-14,2020101404001441,RLI,44,41,10,600.00,"6,000.00"
2020-10-14,2020101404001440,RLI,44,7,10,600.00,"6,000.00"
2020-10-14,2020101404001439,RLI,44,55,10,600.00,"6,000.00"
2020-10-14,2020101404001438,RLI,44,22,10,600.00,"6,000.00"
2020-10-14,2020101404001437,RLI,44,36,10,600.00,"6,000.00"
2020-10-14,2020101404001436,RLI,46,33,15,601.00,"9,015.00"
2020-10-14,2020101404001447,RLI,44,38,10,600.00,"6,000.00"
2020-10-14,2020101404001446,RLI,44,53,10,600.00,"6,000.00"
2020-10-14,2020101404001445,RLI,44,22,10,600.00,"6,000.00"
2020-10-14,2020101404001444,RLI,59,33,10,601.00,"6,010.00"
2020-10-14,2020101404001443,RLI,44,53,100,600.00,"60,000.00"
2020-10-14,2020101404001442,RLI,44,8,10,600.00,"6,000.00"
2020-10-14,2020101404001456,RLI,44,49,40,600.00,"24,000.00"
2020-10-14,2020101404001455,RLI,44,42,10,600.00,"6,000.00"
2020-10-14,2020101404001454,RLI,44,41,10,600.00,"6,000.00"
2020-10-14,2020101404001450,RLI,44,57,10,600.00,"6,000.00"
2020-10-14,2020101404001449,RLI,44,4,10,600.00,"6,000.00"
2020-10-14,2020101404001448,RLI,44,18,60,600.00,"36,000.00"
2020-10-14,2020101404001462,RLI,58,33,100,601.00,"60,100.00"
2020-10-14,2020101404001461,RLI,33,51,10,600.00,"6,000.00"
2020-10-14,2020101404001460,RLI,33,42,10,600.00,"6,000.00"
2020-10-14,2020101404001459,RLI,33,57,10,600.00,"6,000.00"
2020-10-14,2020101404001458,RLI,53,33,100,601.00,"60,100.00"
2020-10-14,2020101404001457,RLI,52,49,10,600.00,"6,000.00"
2020-10-14,2020101404001090,SAEF,59,6,500,10.46,"5,230.00"
2020-10-14,2020101404001085,SAEF,59,6,500,10.46,"5,230.00"
2020-10-14,2020101404001070,SAEF,34,38,"5,000",10.49,"52,450.00"
2020-10-14,2020101404001069,SAEF,34,35,"1,000",10.49,"10,490.00"
2020-10-14,2020101404001019,SAEF,33,41,"10,000",10.47,"104,700.00"
2020-10-14,2020101404000974,SAEF,33,11,"5,000",10.45,"52,250.00"
2020-10-14,2020101404001343,SEF,34,17,"1,000",9.23,"9,230.00"
2020-10-14,2020101404001258,SEF,34,33,"10,000",9.23,"92,300.00"
2020-10-14,2020101404001257,SEF,34,34,"1,000",9.23,"9,230.00"
2020-10-14,2020101404001371,SFMF,17,3,100,9.22,922.00
2020-10-14,2020101404001453,STC,45,34,50,"3,436.00","171,800.00"
2020-10-14,2020101404001361,STC,42,16,20,"3,430.00","68,600.00"
2020-10-14,2020101404000905,BBC,58,19,20,"1,690.00","33,800.00"
2020-10-14,2020101404000892,BBC,38,6,50,"1,680.00","84,000.00"
2020-10-14,2020101404000508,CCBLPO,50,35,"31,917",112.00,"3,574,704.00"
2020-10-14,2020101404000947,CMF1,53,43,"5,000",9.83,"49,150.00"
2020-10-14,2020101404000520,CMF1,57,21,200,9.65,"1,930.00"
2020-10-14,2020101404000967,GIMES1,28,50,"1,000",9.80,"9,800.00"
2020-10-14,2020101404000915,GIMES1,28,46,"1,000",9.80,"9,800.00"
2020-10-14,2020101404000897,GIMES1,28,42,"2,300",9.80,"22,540.00"
2020-10-14,2020101404000896,GIMES1,32,42,400,9.80,"3,920.00"
2020-10-14,2020101404000895,GIMES1,45,42,"2,300",9.81,"22,563.00"
2020-10-14,2020101404000730,GIMES1,45,13,"2,000",9.81,"19,620.00"
2020-10-14,2020101404000945,LUK,6,21,100,8.85,885.00
2020-10-14,2020101404000899,LUK,6,32,"1,100",8.85,"9,735.00"
2020-10-14,2020101404000732,LUK,6,40,300,8.85,"2,655.00"
2020-10-14,2020101404000729,LUK,6,40,150,8.85,"1,327.50"
2020-10-14,2020101404000726,LUK,6,40,100,8.85,885.00
2020-10-14,2020101404000691,LUK,6,42,100,8.85,885.00
2020-10-14,2020101404000683,LUK,6,26,"1,000",8.85,"8,850.00"
2020-10-14,2020101404000657,LUK,41,50,500,8.84,"4,420.00"
2020-10-14,2020101404000625,LUK,41,11,160,8.84,"1,414.40"
2020-10-14,2020101404000930,NBF2,25,3,500,8.87,"4,435.00"
2020-10-14,2020101404000788,NBF2,25,14,200,8.87,"1,774.00"
2020-10-14,2020101404000925,NEF,11,29,"2,414",8.93,"21,557.02"
2020-10-14,2020101404000912,NEF,11,29,"2,414",8.93,"21,557.02"
2020-10-14,2020101404000817,NEF,48,47,736,8.99,"6,616.64"
2020-10-14,2020101404000816,NEF,48,26,241,8.99,"2,166.59"
2020-10-14,2020101404000956,NIBLPF,53,29,"2,525",8.99,"22,699.75"
2020-10-14,2020101404000949,NIBPO,3,17,10,364.00,"3,640.00"
2020-10-14,2020101404000848,NIBPO,6,55,10,366.00,"3,660.00"
2020-10-14,2020101404000766,NIBPO,43,19,500,364.00,"182,000.00"
2020-10-14,2020101404000765,NIBPO,43,55,"1,000",364.00,"364,000.00"
2020-10-14,2020101404000688,NIBPO,6,25,386,362.00,"139,732.00"
2020-10-14,2020101404000687,NIBPO,38,25,114,362.00,"41,268.00"
2020-10-14,2020101404000883,NIBSF1,53,7,"1,700",9.97,"16,949.00"
2020-10-14,2020101404000804,NIBSF1,49,43,"5,000",9.89,"49,450.00"
2020-10-14,2020101404000803,NIBSF1,49,13,"11,500",9.88,"113,620.00"
2020-10-14,2020101404000802,NIBSF1,49,16,"4,978",9.87,"49,132.86"
2020-10-14,2020101404000798,NIBSF1,49,49,"22,800",9.83,"224,124.00"
2020-10-14,2020101404000727,NIBSF1,53,45,"3,300",9.81,"32,373.00"
2020-10-14,2020101404000501,NIBSF1,28,49,"10,000",9.80,"98,000.00"
2020-10-14,2020101404000470,NIBSF1,56,16,"5,000",9.70,"48,500.00"
2020-10-14,2020101404000952,NICBF,57,58,100,9.28,928.00
2020-10-14,2020101404000921,NICBF,57,11,900,9.17,"8,253.00"
2020-10-14,2020101404000805,NICBF,58,11,100,9.17,917.00
2020-10-14,2020101404000656,NICBF,33,3,150,9.00,"1,350.00"
2020-10-14,2020101404000934,NICGF,57,11,"1,000",9.44,"9,440.00"
2020-10-14,2020101404000681,NICGF,17,49,"8,600",9.40,"80,840.00"
2020-10-14,2020101404000654,NICGF,17,49,100,9.40,940.00
2020-10-14,2020101404000605,NICGF,17,21,300,9.40,"2,820.00"
2020-10-14,2020101404000662,NMB50,49,3,100,9.16,916.00
2020-10-14,2020101404000951,NMBHF1,11,37,"10,000",9.25,"92,500.00"
2020-10-14,2020101404000963,RBCLPO,1,33,10,"10,200.00","102,000.00"
2020-10-14,2020101404000962,RBCLPO,4,33,10,"10,200.00","102,000.00"
2020-10-14,2020101404000748,RBCLPO,34,56,10,"10,207.00","102,070.00"
2020-10-14,2020101404000700,RBCLPO,46,38,308,"10,181.00","3,135,748.00"
2020-10-14,2020101404000968,RLI,34,32,10,602.00,"6,020.00"
2020-10-14,2020101404000966,RLI,34,41,10,602.00,"6,020.00"
2020-10-14,2020101404000965,RLI,34,25,10,602.00,"6,020.00"
2020-10-14,2020101404000964,RLI,26,3,10,603.00,"6,030.00"
2020-10-14,2020101404000961,RLI,26,57,10,603.00,"6,030.00"
2020-10-14,2020101404000960,RLI,38,57,20,603.00,"12,060.00"
2020-10-14,2020101404000471,RLI,40,19,10,604.00,"6,040.00"
2020-10-14,2020101404000469,RLI,40,41,10,604.00,"6,040.00"
2020-10-14,2020101404000477,RLI,5,6,10,604.00,"6,040.00"
2020-10-14,2020101404000476,RLI,5,38,10,604.00,"6,040.00"
2020-10-14,2020101404000475,RLI,5,59,10,604.00,"6,040.00"
2020-10-14,2020101404000474,RLI,5,41,10,604.00,"6,040.00"
2020-10-14,2020101404000473,RLI,5,38,10,604.00,"6,040.00"
2020-10-14,2020101404000472,RLI,40,19,10,604.00,"6,040.00"
2020-10-14,2020101404000484,RLI,5,59,10,604.00,"6,040.00"
2020-10-14,2020101404000483,RLI,5,17,10,604.00,"6,040.00"
2020-10-14,2020101404000482,RLI,5,45,10,604.00,"6,040.00"
2020-10-14,2020101404000481,RLI,5,38,10,604.00,"6,040.00"
2020-10-14,2020101404000479,RLI,5,38,10,604.00,"6,040.00"
2020-10-14,2020101404000478,RLI,5,59,10,604.00,"6,040.00"
2020-10-14,2020101404000490,RLI,5,59,10,604.00,"6,040.00"
2020-10-14,2020101404000489,RLI,5,28,10,604.00,"6,040.00"
2020-10-14,2020101404000488,RLI,5,52,10,604.00,"6,040.00"
2020-10-14,2020101404000487,RLI,5,38,10,604.00,"6,040.00"
2020-10-14,2020101404000486,RLI,5,58,10,604.00,"6,040.00"
2020-10-14,2020101404000485,RLI,5,38,10,604.00,"6,040.00"
2020-10-14,2020101404000496,RLI,5,28,10,604.00,"6,040.00"
2020-10-14,2020101404000495,RLI,5,11,10,604.00,"6,040.00"
2020-10-14,2020101404000494,RLI,5,56,10,604.00,"6,040.00"
2020-10-14,2020101404000493,RLI,5,10,10,604.00,"6,040.00"
2020-10-14,2020101404000492,RLI,5,48,10,604.00,"6,040.00"
2020-10-14,2020101404000491,RLI,5,28,10,604.00,"6,040.00"
2020-10-14,2020101404000503,RLI,5,45,10,604.00,"6,040.00"
2020-10-14,2020101404000502,RLI,5,45,10,604.00,"6,040.00"
2020-10-14,2020101404000500,RLI,5,56,10,604.00,"6,040.00"
2020-10-14,2020101404000499,RLI,5,28,10,604.00,"6,040.00"
2020-10-14,2020101404000498,RLI,5,56,10,604.00,"6,040.00"
2020-10-14,2020101404000497,RLI,5,42,10,604.00,"6,040.00"
2020-10-14,2020101404000510,RLI,5,58,10,604.00,"6,040.00"
2020-10-14,2020101404000509,RLI,5,17,10,604.00,"6,040.00"
2020-10-14,2020101404000507,RLI,5,28,10,604.00,"6,040.00"
2020-10-14,2020101404000506,RLI,5,21,10,604.00,"6,040.00"
2020-10-14,2020101404000505,RLI,5,42,10,604.00,"6,040.00"
2020-10-14,2020101404000504,RLI,5,56,10,604.00,"6,040.00"
2020-10-14,2020101404000516,RLI,5,28,10,604.00,"6,040.00"
2020-10-14,2020101404000515,RLI,5,52,70,604.00,"42,280.00"
2020-10-14,2020101404000514,RLI,5,48,10,604.00,"6,040.00"
2020-10-14,2020101404000513,RLI,5,57,10,604.00,"6,040.00"
2020-10-14,2020101404000512,RLI,5,53,10,604.00,"6,040.00"
2020-10-14,2020101404000511,RLI,5,28,10,604.00,"6,040.00"
2020-10-14,2020101404000523,RLI,45,28,10,603.00,"6,030.00"
2020-10-14,2020101404000522,RLI,7,29,10,604.00,"6,040.00"
2020-10-14,2020101404000521,RLI,7,38,10,604.00,"6,040.00"
2020-10-14,2020101404000519,RLI,5,19,10,604.00,"6,040.00"
2020-10-14,2020101404000518,RLI,5,49,10,604.00,"6,040.00"
2020-10-14,2020101404000517,RLI,5,41,10,604.00,"6,040.00"
2020-10-14,2020101404000529,RLI,19,28,10,604.00,"6,040.00"
2020-10-14,2020101404000528,RLI,19,58,10,604.00,"6,040.00"
2020-10-14,2020101404000527,RLI,45,28,10,603.00,"6,030.00"
2020-10-14,2020101404000526,RLI,38,55,10,604.00,"6,040.00"
2020-10-14,2020101404000525,RLI,45,28,10,603.00,"6,030.00"
2020-10-14,2020101404000524,RLI,45,17,10,603.00,"6,030.00"
2020-10-14,2020101404000535,RLI,42,22,10,604.00,"6,040.00"
2020-10-14,2020101404000534,RLI,45,21,10,603.00,"6,030.00"
2020-10-14,2020101404000533,RLI,45,28,10,603.00,"6,030.00"
2020-10-14,2020101404000532,RLI,19,44,10,604.00,"6,040.00"
2020-10-14,2020101404000531,RLI,19,48,10,604.00,"6,040.00"
2020-10-14,2020101404000530,RLI,19,49,10,604.00,"6,040.00"
2020-10-14,2020101404000541,RLI,45,28,10,603.00,"6,030.00"
2020-10-14,2020101404000540,RLI,38,8,10,604.00,"6,040.00"
2020-10-14,2020101404000539,RLI,38,58,10,604.00,"6,040.00"
2020-10-14,2020101404000538,RLI,45,28,10,603.00,"6,030.00"
2020-10-14,2020101404000537,RLI,45,50,10,604.00,"6,040.00"
2020-10-14,2020101404000536,RLI,42,57,10,604.00,"6,040.00"
2020-10-14,2020101404000547,RLI,38,39,10,605.00,"6,050.00"
2020-10-14,2020101404000546,RLI,38,36,10,605.00,"6,050.00"
2020-10-14,2020101404000545,RLI,38,58,10,605.00,"6,050.00"
2020-10-14,2020101404000544,RLI,38,45,10,605.00,"6,050.00"
2020-10-14,2020101404000543,RLI,38,42,10,605.00,"6,050.00"
2020-10-14,2020101404000542,RLI,38,43,60,605.00,"36,300.00"
2020-10-14,2020101404000553,RLI,38,6,10,605.00,"6,050.00"
2020-10-14,2020101404000552,RLI,38,45,10,605.00,"6,050.00"
2020-10-14,2020101404000551,RLI,38,6,10,605.00,"6,050.00"
2020-10-14,2020101404000550,RLI,38,34,10,605.00,"6,050.00"
2020-10-14,2020101404000549,RLI,38,58,10,605.00,"6,050.00"
2020-10-14,2020101404000548,RLI,38,51,10,605.00,"6,050.00"
2020-10-14,2020101404000559,RLI,38,32,10,605.00,"6,050.00"
2020-10-14,2020101404000558,RLI,38,42,10,605.00,"6,050.00"
2020-10-14,2020101404000557,RLI,38,58,10,605.00,"6,050.00"
2020-10-14,2020101404000556,RLI,38,34,10,605.00,"6,050.00"
2020-10-14,2020101404000555,RLI,38,18,100,605.00,"60,500.00"
2020-10-14,2020101404000554,RLI,38,34,10,605.00,"6,050.00"
2020-10-14,2020101404000565,RLI,38,59,10,605.00,"6,050.00"
2020-10-14,2020101404000564,RLI,38,54,10,605.00,"6,050.00"
2020-10-14,2020101404000563,RLI,38,29,10,605.00,"6,050.00"
2020-10-14,2020101404000562,RLI,38,51,10,605.00,"6,050.00"
2020-10-14,2020101404000561,RLI,38,6,10,605.00,"6,050.00"
2020-10-14,2020101404000560,RLI,38,58,10,605.00,"6,050.00"
2020-10-14,2020101404000571,RLI,38,38,10,605.00,"6,050.00"
2020-10-14,2020101404000570,RLI,38,38,10,605.00,"6,050.00"
2020-10-14,2020101404000569,RLI,38,38,10,605.00,"6,050.00"
2020-10-14,2020101404000568,RLI,38,38,10,605.00,"6,050.00"
2020-10-14,2020101404000567,RLI,38,34,10,605.00,"6,050.00"
2020-10-14,2020101404000566,RLI,38,14,10,605.00,"6,050.00"
2020-10-14,2020101404000577,RLI,38,29,10,606.00,"6,060.00"
2020-10-14,2020101404000576,RLI,38,10,10,606.00,"6,060.00"
2020-10-14,2020101404000575,RLI,38,57,10,605.00,"6,050.00"
2020-10-14,2020101404000574,RLI,38,34,10,605.00,"6,050.00"
2020-10-14,2020101404000573,RLI,38,36,10,605.00,"6,050.00"
2020-10-14,2020101404000572,RLI,38,38,10,605.00,"6,050.00"
2020-10-14,2020101404000583,RLI,38,54,10,606.00,"6,060.00"
2020-10-14,2020101404000582,RLI,38,45,10,606.00,"6,060.00"
2020-10-14,2020101404000581,RLI,38,52,10,606.00,"6,060.00"
2020-10-14,2020101404000580,RLI,38,45,10,606.00,"6,060.00"
2020-10-14,2020101404000579,RLI,38,22,10,606.00,"6,060.00"
2020-10-14,2020101404000578,RLI,38,52,10,606.00,"6,060.00"
2020-10-14,2020101404000589,RLI,38,6,180,606.00,"109,080.00"
2020-10-14,2020101404000588,RLI,38,52,500,606.00,"303,000.00"
2020-10-14,2020101404000587,RLI,38,54,10,606.00,"6,060.00"
2020-10-14,2020101404000586,RLI,38,45,10,606.00,"6,060.00"
2020-10-14,2020101404000585,RLI,38,43,10,606.00,"6,060.00"
2020-10-14,2020101404000584,RLI,38,59,10,606.00,"6,060.00"
2020-10-14,2020101404000595,RLI,45,28,10,603.00,"6,030.00"
2020-10-14,2020101404000594,RLI,45,28,10,603.00,"6,030.00"
2020-10-14,2020101404000593,RLI,1,38,10,604.00,"6,040.00"
2020-10-14,2020101404000592,RLI,1,58,10,604.00,"6,040.00"
2020-10-14,2020101404000591,RLI,38,28,10,606.00,"6,060.00"
2020-10-14,2020101404000590,RLI,38,41,10,606.00,"6,060.00"
2020-10-14,2020101404000601,RLI,54,39,10,604.00,"6,040.00"
2020-10-14,2020101404000600,RLI,54,58,10,604.00,"6,040.00"
2020-10-14,2020101404000599,RLI,54,1,50,604.00,"30,200.00"
2020-10-14,2020101404000598,RLI,54,58,10,604.00,"6,040.00"
2020-10-14,2020101404000597,RLI,54,42,10,604.00,"6,040.00"
2020-10-14,2020101404000596,RLI,45,28,10,603.00,"6,030.00"
2020-10-14,2020101404000608,RLI,45,28,10,603.00,"6,030.00"
2020-10-14,2020101404000607,RLI,45,18,10,603.00,"6,030.00"
2020-10-14,2020101404000606,RLI,45,57,10,603.00,"6,030.00"
2020-10-14,2020101404000604,RLI,45,52,10,603.00,"6,030.00"
2020-10-14,2020101404000603,RLI,45,38,10,603.00,"6,030.00"
2020-10-14,2020101404000602,RLI,54,28,10,604.00,"6,040.00"
2020-10-14,2020101404000615,RLI,44,38,10,603.00,"6,030.00"
2020-10-14,2020101404000613,RLI,34,28,10,603.00,"6,030.00"
2020-10-14,2020101404000612,RLI,45,40,10,603.00,"6,030.00"
2020-10-14,2020101404000611,RLI,45,28,10,603.00,"6,030.00"
2020-10-14,2020101404000610,RLI,45,39,10,603.00,"6,030.00"
2020-10-14,2020101404000609,RLI,45,18,10,603.00,"6,030.00"
2020-10-14,2020101404000621,RLI,56,28,10,604.00,"6,040.00"
2020-10-14,2020101404000620,RLI,56,21,10,604.00,"6,040.00"
2020-10-14,2020101404000619,RLI,56,28,10,604.00,"6,040.00"
2020-10-14,2020101404000618,RLI,56,38,10,604.00,"6,040.00"
2020-10-14,2020101404000617,RLI,56,39,10,604.00,"6,040.00"
2020-10-14,2020101404000616,RLI,44,28,10,603.00,"6,030.00"
2020-10-14,2020101404000628,RLI,44,57,10,603.00,"6,030.00"
2020-10-14,2020101404000627,RLI,44,28,10,603.00,"6,030.00"
2020-10-14,2020101404000626,RLI,51,14,10,605.00,"6,050.00"
2020-10-14,2020101404000624,RLI,35,28,10,604.00,"6,040.00"
2020-10-14,2020101404000623,RLI,35,41,10,604.00,"6,040.00"
2020-10-14,2020101404000622,RLI,35,41,10,604.00,"6,040.00"
2020-10-14,2020101404000635,RLI,13,34,10,604.00,"6,040.00"
2020-10-14,2020101404000634,RLI,13,28,10,604.00,"6,040.00"
2020-10-14,2020101404000632,RLI,13,28,10,604.00,"6,040.00"
2020-10-14,2020101404000631,RLI,13,57,10,604.00,"6,040.00"
2020-10-14,2020101404000630,RLI,41,14,50,605.00,"30,250.00"
2020-10-14,2020101404000629,RLI,13,8,10,604.00,"6,040.00"
2020-10-14,2020101404000641,RLI,44,33,10,603.00,"6,030.00"
2020-10-14,2020101404000640,RLI,51,14,10,604.00,"6,040.00"
2020-10-14,2020101404000639,RLI,51,8,10,604.00,"6,040.00"
2020-10-14,2020101404000638,RLI,44,42,10,603.00,"6,030.00"
2020-10-14,2020101404000637,RLI,44,33,10,603.00,"6,030.00"
2020-10-14,2020101404000636,RLI,44,58,10,603.00,"6,030.00"
2020-10-14,2020101404000647,RLI,38,57,10,605.00,"6,050.00"
2020-10-14,2020101404000646,RLI,38,43,10,605.00,"6,050.00"
2020-10-14,2020101404000645,RLI,38,50,10,605.00,"6,050.00"
2020-10-14,2020101404000644,RLI,38,41,10,605.00,"6,050.00"
2020-10-14,2020101404000643,RLI,38,14,40,605.00,"24,200.00"
2020-10-14,2020101404000642,RLI,38,14,10,604.00,"6,040.00"
2020-10-14,2020101404000653,RLI,44,28,10,603.00,"6,030.00"
2020-10-14,2020101404000652,RLI,44,28,10,603.00,"6,030.00"
2020-10-14,2020101404000651,RLI,38,57,10,605.00,"6,050.00"
2020-10-14,2020101404000650,RLI,38,56,10,605.00,"6,050.00"
2020-10-14,2020101404000649,RLI,38,22,10,605.00,"6,050.00"
2020-10-14,2020101404000648,RLI,38,28,10,605.00,"6,050.00"
2020-10-14,2020101404000663,RLI,44,52,10,603.00,"6,030.00"
2020-10-14,2020101404000661,RLI,44,28,10,603.00,"6,030.00"
2020-10-14,2020101404000660,RLI,44,25,10,603.00,"6,030.00"
2020-10-14,2020101404000659,RLI,44,28,10,603.00,"6,030.00"
2020-10-14,2020101404000658,RLI,47,57,10,604.00,"6,040.00"
2020-10-14,2020101404000655,RLI,44,28,10,603.00,"6,030.00"
2020-10-14,2020101404000669,RLI,32,6,10,604.00,"6,040.00"
2020-10-14,2020101404000668,RLI,32,54,10,604.00,"6,040.00"
2020-10-14,2020101404000667,RLI,44,16,10,603.00,"6,030.00"
2020-10-14,2020101404000666,RLI,44,44,10,603.00,"6,030.00"
2020-10-14,2020101404000665,RLI,44,55,10,603.00,"6,030.00"
2020-10-14,2020101404000664,RLI,44,33,10,603.00,"6,030.00"
2020-10-14,2020101404000675,RLI,32,13,10,604.00,"6,040.00"
2020-10-14,2020101404000674,RLI,32,56,10,604.00,"6,040.00"
2020-10-14,2020101404000673,RLI,45,1,10,605.00,"6,050.00"
2020-10-14,2020101404000672,RLI,32,19,10,604.00,"6,040.00"
2020-10-14,2020101404000671,RLI,32,13,10,604.00,"6,040.00"
2020-10-14,2020101404000670,RLI,32,6,10,604.00,"6,040.00"
2020-10-14,2020101404000684,RLI,44,56,10,603.00,"6,030.00"
2020-10-14,2020101404000682,RLI,53,28,10,604.00,"6,040.00"
2020-10-14,2020101404000679,RLI,53,39,10,604.00,"6,040.00"
2020-10-14,2020101404000678,RLI,32,56,10,604.00,"6,040.00"
2020-10-14,2020101404000677,RLI,32,28,10,604.00,"6,040.00"
2020-10-14,2020101404000676,RLI,32,18,10,604.00,"6,040.00"
2020-10-14,2020101404000693,RLI,44,25,10,603.00,"6,030.00"
2020-10-14,2020101404000692,RLI,39,28,10,604.00,"6,040.00"
2020-10-14,2020101404000690,RLI,39,8,10,604.00,"6,040.00"
2020-10-14,2020101404000689,RLI,39,58,10,604.00,"6,040.00"
2020-10-14,2020101404000686,RLI,44,58,10,603.00,"6,030.00"
2020-10-14,2020101404000685,RLI,44,39,10,603.00,"6,030.00"
2020-10-14,2020101404000699,RLI,44,28,10,603.00,"6,030.00"
2020-10-14,2020101404000698,RLI,44,45,10,603.00,"6,030.00"
2020-10-14,2020101404000697,RLI,44,39,10,603.00,"6,030.00"
2020-10-14,2020101404000696,RLI,44,41,10,603.00,"6,030.00"
2020-10-14,2020101404000695,RLI,44,38,10,603.00,"6,030.00"
2020-10-14,2020101404000694,RLI,44,47,10,603.00,"6,030.00"
2020-10-14,2020101404000706,RLI,25,21,10,604.00,"6,040.00"
2020-10-14,2020101404000705,RLI,43,29,10,603.00,"6,030.00"
2020-10-14,2020101404000704,RLI,43,28,10,603.00,"6,030.00"
2020-10-14,2020101404000703,RLI,43,18,10,603.00,"6,030.00"
2020-10-14,2020101404000702,RLI,43,6,10,603.00,"6,030.00"
2020-10-14,2020101404000701,RLI,44,39,10,603.00,"6,030.00"
2020-10-14,2020101404000712,RLI,38,26,10,603.00,"6,030.00"
2020-10-14,2020101404000711,RLI,38,39,10,603.00,"6,030.00"
2020-10-14,2020101404000710,RLI,14,1,10,604.00,"6,040.00"
2020-10-14,2020101404000709,RLI,14,6,10,604.00,"6,040.00"
2020-10-14,2020101404000708,RLI,43,6,10,603.00,"6,030.00"
2020-10-14,2020101404000707,RLI,25,6,40,604.00,"24,160.00"
2020-10-14,2020101404000718,RLI,11,1,10,603.00,"6,030.00"
2020-10-14,2020101404000717,RLI,11,41,10,603.00,"6,030.00"
2020-10-14,2020101404000716,RLI,14,38,10,604.00,"6,040.00"
2020-10-14,2020101404000715,RLI,11,58,10,603.00,"6,030.00"
2020-10-14,2020101404000714,RLI,11,41,10,603.00,"6,030.00"
2020-10-14,2020101404000713,RLI,11,28,10,603.00,"6,030.00"
2020-10-14,2020101404000725,RLI,25,44,50,603.00,"30,150.00"
2020-10-14,2020101404000724,RLI,11,44,10,603.00,"6,030.00"
2020-10-14,2020101404000723,RLI,11,57,10,603.00,"6,030.00"
2020-10-14,2020101404000721,RLI,11,49,10,603.00,"6,030.00"
2020-10-14,2020101404000720,RLI,11,56,10,603.00,"6,030.00"
2020-10-14,2020101404000719,RLI,11,13,10,603.00,"6,030.00"
2020-10-14,2020101404000736,RLI,57,18,10,603.00,"6,030.00"
2020-10-14,2020101404000735,RLI,25,45,10,603.00,"6,030.00"
2020-10-14,2020101404000734,RLI,25,13,10,603.00,"6,030.00"
2020-10-14,2020101404000733,RLI,25,58,10,603.00,"6,030.00"
2020-10-14,2020101404000731,RLI,25,42,10,603.00,"6,030.00"
2020-10-14,2020101404000728,RLI,25,33,10,603.00,"6,030.00"
2020-10-14,2020101404000742,RLI,48,25,10,603.00,"6,030.00"
2020-10-14,2020101404000741,RLI,48,58,10,603.00,"6,030.00"
2020-10-14,2020101404000740,RLI,48,58,10,603.00,"6,030.00"
2020-10-14,2020101404000739,RLI,48,13,10,603.00,"6,030.00"
2020-10-14,2020101404000738,RLI,48,47,10,603.00,"6,030.00"
2020-10-14,2020101404000737,RLI,57,22,10,603.00,"6,030.00"
2020-10-14,2020101404000749,RLI,49,10,10,603.00,"6,030.00"
2020-10-14,2020101404000747,RLI,48,10,10,603.00,"6,030.00"
2020-10-14,2020101404000746,RLI,48,4,10,603.00,"6,030.00"
2020-10-14,2020101404000745,RLI,48,47,10,603.00,"6,030.00"
2020-10-14,2020101404000744,RLI,48,3,10,603.00,"6,030.00"
2020-10-14,2020101404000743,RLI,48,44,10,603.00,"6,030.00"
2020-10-14,2020101404000755,RLI,58,1,10,603.00,"6,030.00"
2020-10-14,2020101404000754,RLI,58,42,10,603.00,"6,030.00"
2020-10-14,2020101404000753,RLI,35,47,10,603.00,"6,030.00"
2020-10-14,2020101404000752,RLI,35,47,10,603.00,"6,030.00"
2020-10-14,2020101404000751,RLI,35,10,10,603.00,"6,030.00"
2020-10-14,2020101404000750,RLI,49,39,10,603.00,"6,030.00"
2020-10-14,2020101404000763,RLI,53,47,10,603.00,"6,030.00"
2020-10-14,2020101404000762,RLI,56,39,10,603.00,"6,030.00"
2020-10-14,2020101404000761,RLI,56,39,10,603.00,"6,030.00"
2020-10-14,2020101404000760,RLI,56,13,10,603.00,"6,030.00"
2020-10-14,2020101404000759,RLI,56,38,10,603.00,"6,030.00"
2020-10-14,2020101404000758,RLI,56,39,10,603.00,"6,030.00"
2020-10-14,2020101404000771,RLI,53,47,10,603.00,"6,030.00"
2020-10-14,2020101404000770,RLI,53,39,10,603.00,"6,030.00"
2020-10-14,2020101404000769,RLI,53,57,10,603.00,"6,030.00"
2020-10-14,2020101404000768,RLI,53,25,10,603.00,"6,030.00"
2020-10-14,2020101404000767,RLI,53,39,10,603.00,"6,030.00"
2020-10-14,2020101404000764,RLI,53,39,10,603.00,"6,030.00"
2020-10-14,2020101404000778,RLI,1,47,10,603.00,"6,030.00"
2020-10-14,2020101404000777,RLI,1,39,10,603.00,"6,030.00"
2020-10-14,2020101404000776,RLI,1,1,10,603.00,"6,030.00"
2020-10-14,2020101404000775,RLI,53,45,10,603.00,"6,030.00"
2020-10-14,2020101404000774,RLI,53,39,10,603.00,"6,030.00"
2020-10-14,2020101404000773,RLI,53,47,10,603.00,"6,030.00"
2020-10-14,2020101404000784,RLI,42,58,10,605.00,"6,050.00"
2020-10-14,2020101404000783,RLI,42,49,10,604.00,"6,040.00"
2020-10-14,2020101404000782,RLI,42,57,10,604.00,"6,040.00"
2020-10-14,2020101404000781,RLI,42,41,10,604.00,"6,040.00"
2020-10-14,2020101404000780,RLI,1,14,10,603.00,"6,030.00"
2020-10-14,2020101404000779,RLI,1,49,10,603.00,"6,030.00"
2020-10-14,2020101404000791,RLI,26,14,10,603.00,"6,030.00"
2020-10-14,2020101404000790,RLI,26,39,10,603.00,"6,030.00"
2020-10-14,2020101404000789,RLI,26,47,10,603.00,"6,030.00"
2020-10-14,2020101404000787,RLI,42,6,40,605.00,"24,200.00"
2020-10-14,2020101404000786,RLI,42,42,10,605.00,"6,050.00"
2020-10-14,2020101404000785,RLI,42,58,10,605.00,"6,050.00"
2020-10-14,2020101404000797,RLI,26,47,10,603.00,"6,030.00"
2020-10-14,2020101404000796,RLI,26,25,10,603.00,"6,030.00"
2020-10-14,2020101404000795,RLI,26,39,10,603.00,"6,030.00"
2020-10-14,2020101404000794,RLI,26,41,10,603.00,"6,030.00"
2020-10-14,2020101404000793,RLI,26,47,10,603.00,"6,030.00"
2020-10-14,2020101404000792,RLI,26,32,10,603.00,"6,030.00"
2020-10-14,2020101404000808,RLI,28,45,10,603.00,"6,030.00"
2020-10-14,2020101404000807,RLI,28,39,10,603.00,"6,030.00"
2020-10-14,2020101404000806,RLI,28,28,10,603.00,"6,030.00"
2020-10-14,2020101404000801,RLI,28,6,10,603.00,"6,030.00"
2020-10-14,2020101404000800,RLI,28,1,10,603.00,"6,030.00"
2020-10-14,2020101404000799,RLI,26,41,10,603.00,"6,030.00"
2020-10-14,2020101404000814,RLI,6,39,10,603.00,"6,030.00"
2020-10-14,2020101404000813,RLI,36,57,10,603.00,"6,030.00"
2020-10-14,2020101404000812,RLI,36,49,10,603.00,"6,030.00"
2020-10-14,2020101404000811,RLI,14,49,10,604.00,"6,040.00"
2020-10-14,2020101404000810,RLI,52,51,10,604.00,"6,040.00"
2020-10-14,2020101404000809,RLI,52,51,10,604.00,"6,040.00"
2020-10-14,2020101404000822,RLI,42,52,10,605.00,"6,050.00"
2020-10-14,2020101404000821,RLI,42,18,10,605.00,"6,050.00"
2020-10-14,2020101404000820,RLI,42,6,10,605.00,"6,050.00"
2020-10-14,2020101404000819,RLI,6,58,10,603.00,"6,030.00"
2020-10-14,2020101404000818,RLI,6,37,10,603.00,"6,030.00"
2020-10-14,2020101404000815,RLI,41,37,10,604.00,"6,040.00"
2020-10-14,2020101404000828,RLI,42,14,100,605.00,"60,500.00"
2020-10-14,2020101404000827,RLI,42,21,10,605.00,"6,050.00"
2020-10-14,2020101404000826,RLI,42,6,50,605.00,"30,250.00"
2020-10-14,2020101404000825,RLI,42,42,10,605.00,"6,050.00"
2020-10-14,2020101404000824,RLI,42,58,10,605.00,"6,050.00"
2020-10-14,2020101404000823,RLI,42,58,10,605.00,"6,050.00"
2020-10-14,2020101404000834,RLI,42,38,10,606.00,"6,060.00"
2020-10-14,2020101404000833,RLI,42,38,10,606.00,"6,060.00"
2020-10-14,2020101404000832,RLI,42,8,10,606.00,"6,060.00"
2020-10-14,2020101404000831,RLI,42,57,10,606.00,"6,060.00"
2020-10-14,2020101404000830,RLI,6,33,10,603.00,"6,030.00"
2020-10-14,2020101404000829,RLI,42,49,140,605.00,"84,700.00"
2020-10-14,2020101404000840,RLI,42,17,10,606.00,"6,060.00"
2020-10-14,2020101404000839,RLI,42,21,10,606.00,"6,060.00"
2020-10-14,2020101404000838,RLI,42,58,10,606.00,"6,060.00"
2020-10-14,2020101404000837,RLI,42,53,10,606.00,"6,060.00"
2020-10-14,2020101404000836,RLI,42,22,10,606.00,"6,060.00"
2020-10-14,2020101404000835,RLI,42,58,10,606.00,"6,060.00"
2020-10-14,2020101404000846,RLI,6,47,10,603.00,"6,030.00"
2020-10-14,2020101404000845,RLI,6,33,10,603.00,"6,030.00"
2020-10-14,2020101404000844,RLI,6,40,10,603.00,"6,030.00"
2020-10-14,2020101404000843,RLI,42,21,10,606.00,"6,060.00"
2020-10-14,2020101404000842,RLI,42,51,10,606.00,"6,060.00"
2020-10-14,2020101404000841,RLI,42,46,10,606.00,"6,060.00"
2020-10-14,2020101404000853,RLI,45,58,10,603.00,"6,030.00"
2020-10-14,2020101404000852,RLI,45,33,10,603.00,"6,030.00"
2020-10-14,2020101404000851,RLI,45,21,10,603.00,"6,030.00"
2020-10-14,2020101404000850,RLI,6,33,10,603.00,"6,030.00"
2020-10-14,2020101404000849,RLI,6,22,10,603.00,"6,030.00"
2020-10-14,2020101404000847,RLI,6,1,10,603.00,"6,030.00"
2020-10-14,2020101404000860,RLI,6,42,10,606.00,"6,060.00"
2020-10-14,2020101404000859,RLI,6,22,10,605.00,"6,050.00"
2020-10-14,2020101404000858,RLI,6,57,10,604.00,"6,040.00"
2020-10-14,2020101404000856,RLI,45,47,10,603.00,"6,030.00"
2020-10-14,2020101404000855,RLI,45,1,10,603.00,"6,030.00"
2020-10-14,2020101404000854,RLI,45,28,10,603.00,"6,030.00"
2020-10-14,2020101404000866,RLI,45,7,10,603.00,"6,030.00"
2020-10-14,2020101404000865,RLI,45,57,10,603.00,"6,030.00"
2020-10-14,2020101404000864,RLI,45,39,10,603.00,"6,030.00"
2020-10-14,2020101404000863,RLI,45,39,10,603.00,"6,030.00"
2020-10-14,2020101404000862,RLI,45,7,10,603.00,"6,030.00"
2020-10-14,2020101404000861,RLI,45,1,10,603.00,"6,030.00"
2020-10-14,2020101404000872,RLI,48,38,20,603.00,"12,060.00"
2020-10-14,2020101404000871,RLI,41,38,50,603.00,"30,150.00"
2020-10-14,2020101404000870,RLI,53,38,20,603.00,"12,060.00"
2020-10-14,2020101404000869,RLI,34,38,50,604.00,"30,200.00"
2020-10-14,2020101404000868,RLI,36,11,10,604.00,"6,040.00"
2020-10-14,2020101404000867,RLI,42,42,10,605.00,"6,050.00"
2020-10-14,2020101404000878,RLI,14,37,10,603.00,"6,030.00"
2020-10-14,2020101404000877,RLI,14,19,10,603.00,"6,030.00"
2020-10-14,2020101404000876,RLI,14,21,10,603.00,"6,030.00"
2020-10-14,2020101404000875,RLI,14,38,35,603.00,"21,105.00"
2020-10-14,2020101404000874,RLI,58,38,15,603.00,"9,045.00"
2020-10-14,2020101404000873,RLI,45,38,50,603.00,"30,150.00"
2020-10-14,2020101404000885,RLI,36,38,10,603.00,"6,030.00"
2020-10-14,2020101404000884,RLI,36,42,10,603.00,"6,030.00"
2020-10-14,2020101404000882,RLI,36,21,10,603.00,"6,030.00"
2020-10-14,2020101404000881,RLI,36,35,10,603.00,"6,030.00"
2020-10-14,2020101404000880,RLI,36,47,10,603.00,"6,030.00"
2020-10-14,2020101404000879,RLI,36,21,10,603.00,"6,030.00"
2020-10-14,2020101404000893,RLI,36,26,10,603.00,"6,030.00"
2020-10-14,2020101404000891,RLI,36,47,10,603.00,"6,030.00"
2020-10-14,2020101404000889,RLI,36,57,10,603.00,"6,030.00"
2020-10-14,2020101404000888,RLI,36,38,10,603.00,"6,030.00"
2020-10-14,2020101404000887,RLI,36,47,10,603.00,"6,030.00"
2020-10-14,2020101404000886,RLI,36,57,10,603.00,"6,030.00"
2020-10-14,2020101404000903,RLI,36,37,10,603.00,"6,030.00"
2020-10-14,2020101404000902,RLI,46,56,10,604.00,"6,040.00"
2020-10-14,2020101404000901,RLI,46,41,10,604.00,"6,040.00"
2020-10-14,2020101404000900,RLI,36,36,10,603.00,"6,030.00"
2020-10-14,2020101404000898,RLI,36,47,10,603.00,"6,030.00"
2020-10-14,2020101404000894,RLI,36,38,10,603.00,"6,030.00"
2020-10-14,2020101404000911,RLI,36,58,10,603.00,"6,030.00"
2020-10-14,2020101404000910,RLI,36,56,10,603.00,"6,030.00"
2020-10-14,2020101404000909,RLI,36,22,10,603.00,"6,030.00"
2020-10-14,2020101404000908,RLI,36,26,10,603.00,"6,030.00"
2020-10-14,2020101404000907,RLI,36,22,10,603.00,"6,030.00"
2020-10-14,2020101404000906,RLI,36,39,10,603.00,"6,030.00"
2020-10-14,2020101404000919,RLI,45,32,10,603.00,"6,030.00"
2020-10-14,2020101404000918,RLI,45,36,10,603.00,"6,030.00"
2020-10-14,2020101404000917,RLI,45,42,10,603.00,"6,030.00"
2020-10-14,2020101404000916,RLI,36,44,10,603.00,"6,030.00"
2020-10-14,2020101404000914,RLI,36,17,10,603.00,"6,030.00"
2020-10-14,2020101404000913,RLI,36,28,10,603.00,"6,030.00"
2020-10-14,2020101404000927,RLI,45,53,10,603.00,"6,030.00"
2020-10-14,2020101404000926,RLI,45,28,10,603.00,"6,030.00"
2020-10-14,2020101404000924,RLI,45,17,10,603.00,"6,030.00"
2020-10-14,2020101404000923,RLI,45,53,10,603.00,"6,030.00"
2020-10-14,2020101404000922,RLI,45,28,10,603.00,"6,030.00"
2020-10-14,2020101404000920,RLI,45,36,10,603.00,"6,030.00"
2020-10-14,2020101404000938,RLI,45,57,10,603.00,"6,030.00"
2020-10-14,2020101404000933,RLI,45,32,10,603.00,"6,030.00"
2020-10-14,2020101404000932,RLI,45,38,10,603.00,"6,030.00"
2020-10-14,2020101404000931,RLI,45,32,10,603.00,"6,030.00"
2020-10-14,2020101404000929,RLI,14,16,10,604.00,"6,040.00"
2020-10-14,2020101404000928,RLI,14,45,10,604.00,"6,040.00"
2020-10-14,2020101404000950,RLI,45,6,10,603.00,"6,030.00"
2020-10-14,2020101404000946,RLI,45,22,10,603.00,"6,030.00"
2020-10-14,2020101404000944,RLI,45,51,10,603.00,"6,030.00"
2020-10-14,2020101404000941,RLI,45,42,10,603.00,"6,030.00"
2020-10-14,2020101404000940,RLI,45,21,10,603.00,"6,030.00"
2020-10-14,2020101404000939,RLI,45,38,10,603.00,"6,030.00"
2020-10-14,2020101404000959,RLI,11,57,50,603.00,"30,150.00"
2020-10-14,2020101404000958,RLI,45,57,20,603.00,"12,060.00"
2020-10-14,2020101404000957,RLI,45,32,10,603.00,"6,030.00"
2020-10-14,2020101404000955,RLI,45,28,10,603.00,"6,030.00"
2020-10-14,2020101404000954,RLI,45,32,10,603.00,"6,030.00"
2020-10-14,2020101404000953,RLI,45,40,10,603.00,"6,030.00"
2020-10-14,2020101404000890,SAEF,59,42,500,10.44,"5,220.00"
2020-10-14,2020101404000857,SAEF,53,41,"10,000",10.45,"104,500.00"
2020-10-14,2020101404000757,SAEF,53,42,"4,000",10.45,"41,800.00"
2020-10-14,2020101404000756,SAEF,59,42,"1,000",10.46,"10,460.00"
2020-10-14,2020101404000722,SAEF,53,13,"1,000",10.45,"10,450.00"
2020-10-14,2020101404000633,SAEF,17,45,"10,000",10.44,"104,400.00"
2020-10-14,2020101404000942,SAND2085,26,52,25,"1,027.00","25,675.00"
2020-10-14,2020101404000680,SAND2085,13,14,25,"1,026.00","25,650.00"
2020-10-14,2020101404000614,SAND2085,13,45,50,"1,040.00","52,000.00"
2020-10-14,2020101404000948,SEF,45,42,"10,000",9.28,"92,800.00"
2020-10-14,2020101404000943,SEF,45,58,"9,900",9.27,"91,773.00"
2020-10-14,2020101404000937,SEF,34,51,"5,100",9.18,"46,818.00"
2020-10-14,2020101404000936,SEF,45,56,"5,000",9.26,"46,300.00"
2020-10-14,2020101404000935,SEF,45,39,"2,500",9.25,"23,125.00"
2020-10-14,2020101404000772,SEF,8,11,"1,000",9.25,"9,250.00"
2020-10-14,2020101404000480,SIFCPO,34,59,"4,209",120.00,"505,080.00"
2020-10-14,2020101404000904,STC,51,34,10,"3,445.00","34,450.00"
2020-10-14,2020101404000154,BBC,41,49,10,"1,700.00","17,000.00"
2020-10-14,2020101404000150,BBC,41,49,10,"1,700.00","17,000.00"
2020-10-14,2020101404000143,BBC,41,49,10,"1,700.00","17,000.00"
2020-10-14,2020101404000122,BBC,28,58,10,"1,715.00","17,150.00"
2020-10-14,2020101403007488,BFC,56,40,10,143.00,"1,430.00"
2020-10-14,2020101403007494,CIT,45,35,10,"3,459.00","34,590.00"
2020-10-14,2020101404000374,CMF1,57,49,"1,000",9.65,"9,650.00"
2020-10-14,2020101403007501,FMDBL,38,36,10,562.00,"5,620.00"
2020-10-14,2020101404000310,GBD80/81,11,49,25,"1,046.00","26,150.00"
2020-10-14,2020101404000454,GIMES1,45,13,700,9.81,"6,867.00"
2020-10-14,2020101404000405,GIMES1,45,53,"5,000",9.81,"49,050.00"
2020-10-14,2020101404000153,GIMES1,32,44,"4,600",9.80,"45,080.00"
2020-10-14,2020101403007485,ILBS,19,57,11,804.00,"8,844.00"
2020-10-14,2020101403007484,ILBS,19,57,11,802.00,"8,822.00"
2020-10-14,2020101404000414,KBLPO,34,57,"29,364",103.00,"3,024,492.00"
2020-10-14,2020101403007506,KSBBL,34,25,20,224.00,"4,480.00"
2020-10-14,2020101403007489,LBBL,17,41,"1,173",217.00,"254,541.00"
2020-10-14,2020101404000384,LEMF,32,49,500,8.82,"4,410.00"
2020-10-14,2020101404000268,LUK,16,21,300,8.83,"2,649.00"
2020-10-14,2020101404000244,LUK,16,42,100,8.83,883.00
2020-10-14,2020101404000119,LUK,16,42,100,8.83,883.00
2020-10-14,2020101403007483,MDB,45,4,100,372.00,"37,200.00"
2020-10-14,2020101403007502,MMFDB,17,56,20,881.00,"17,620.00"
2020-10-14,2020101403007498,MNBBL,32,25,"1,400",354.00,"495,600.00"
2020-10-14,2020101403007493,MSMBS,43,26,50,680.00,"34,000.00"
2020-10-14,2020101403007492,MSMBS,43,29,170,680.00,"115,600.00"
2020-10-14,2020101403007491,MSMBS,43,45,10,679.00,"6,790.00"
2020-10-14,2020101403007490,MSMBS,43,38,11,677.00,"7,447.00"
2020-10-14,2020101404000375,NBF2,58,14,"2,100",8.87,"18,627.00"
2020-10-14,2020101404000370,NBF2,16,6,"1,000",8.87,"8,870.00"
2020-10-14,2020101404000369,NBF2,16,17,100,8.87,887.00
2020-10-14,2020101404000228,NBF2,6,45,"1,000",9.05,"9,050.00"
2020-10-14,2020101404000223,NBF2,16,42,500,8.95,"4,475.00"
2020-10-14,2020101404000211,NBF2,16,48,500,8.93,"4,465.00"
2020-10-14,2020101404000141,NBF2,32,3,100,8.76,876.00
2020-10-14,2020101404000407,NEF,42,26,"1,701",8.92,"15,172.92"
2020-10-14,2020101404000337,NIBLPF,32,21,"2,525",8.92,"22,523.00"
2020-10-14,2020101404000254,NIBLPF,32,16,100,9.09,909.00
2020-10-14,2020101404000139,NIBLPF,38,6,100,9.27,927.00
2020-10-14,2020101404000136,NIBLPF,38,11,556,9.25,"5,143.00"
2020-10-14,2020101404000441,NIBPO,34,57,948,360.00,"341,280.00"
2020-10-14,2020101404000462,NIBSF1,56,13,500,9.66,"4,830.00"
2020-10-14,2020101404000393,NICBF,33,49,500,9.00,"4,500.00"
2020-10-14,2020101404000372,NICBF,33,36,100,9.00,900.00
2020-10-14,2020101404000387,NICGF,48,49,900,9.45,"8,505.00"
2020-10-14,2020101403007487,NLIC,14,44,81,"1,373.00","111,213.00"
2020-10-14,2020101403007486,NLIC,16,44,329,"1,373.00","451,717.00"
2020-10-14,2020101404000403,NMB50,16,49,500,9.20,"4,600.00"
2020-10-14,2020101404000239,NMB50,32,36,100,9.22,922.00
2020-10-14,2020101404000325,NMBHF1,32,26,"2,382",9.21,"21,938.22"
2020-10-14,2020101403007482,PROFL,49,46,400,130.00,"52,000.00"
2020-10-14,2020101403007481,PROFL,10,46,700,130.00,"91,000.00"
2020-10-14,2020101403007480,PROFL,49,46,500,130.00,"65,000.00"
2020-10-14,2020101403007479,PROFL,40,46,"2,000",130.00,"260,000.00"
2020-10-14,2020101403007478,PROFL,45,46,"1,000",130.00,"130,000.00"
2020-10-14,2020101403007477,PROFL,29,46,100,130.00,"13,000.00"
2020-10-14,2020101403007476,PROFL,48,46,200,130.00,"26,000.00"
2020-10-14,2020101403007475,PROFL,33,46,500,130.00,"65,000.00"
2020-10-14,2020101404000468,RLI,59,11,10,605.00,"6,050.00"
2020-10-14,2020101404000467,RLI,40,48,10,604.00,"6,040.00"
2020-10-14,2020101404000466,RLI,40,58,10,604.00,"6,040.00"
2020-10-14,2020101404000465,RLI,40,16,10,604.00,"6,040.00"
2020-10-14,2020101404000464,RLI,40,48,10,604.00,"6,040.00"
2020-10-14,2020101404000463,RLI,40,1,10,604.00,"6,040.00"
2020-10-14,2020101404000005,RLI,16,3,10,603.00,"6,030.00"
2020-10-14,2020101404000004,RLI,16,45,10,603.00,"6,030.00"
2020-10-14,2020101404000003,RLI,16,16,10,603.00,"6,030.00"
2020-10-14,2020101404000002,RLI,6,49,10,602.00,"6,020.00"
2020-10-14,2020101404000001,RLI,6,33,10,602.00,"6,020.00"
2020-10-14,2020101404000011,RLI,50,34,10,603.00,"6,030.00"
2020-10-14,2020101404000010,RLI,50,34,10,603.00,"6,030.00"
2020-10-14,2020101404000009,RLI,50,34,10,603.00,"6,030.00"
2020-10-14,2020101404000008,RLI,50,35,10,603.00,"6,030.00"
2020-10-14,2020101404000007,RLI,16,48,10,603.00,"6,030.00"
2020-10-14,2020101404000006,RLI,16,37,10,603.00,"6,030.00"
2020-10-14,2020101404000017,RLI,6,34,10,603.00,"6,030.00"
2020-10-14,2020101404000016,RLI,6,32,10,603.00,"6,030.00"
2020-10-14,2020101404000015,RLI,6,28,10,603.00,"6,030.00"
2020-10-14,2020101404000014,RLI,6,42,10,603.00,"6,030.00"
2020-10-14,2020101404000013,RLI,6,34,10,603.00,"6,030.00"
2020-10-14,2020101404000012,RLI,50,35,10,603.00,"6,030.00"
2020-10-14,2020101404000023,RLI,6,28,10,603.00,"6,030.00"
2020-10-14,2020101404000022,RLI,6,36,10,603.00,"6,030.00"
2020-10-14,2020101404000021,RLI,6,1,10,603.00,"6,030.00"
2020-10-14,2020101404000020,RLI,6,34,10,603.00,"6,030.00"
2020-10-14,2020101404000019,RLI,6,42,10,603.00,"6,030.00"
2020-10-14,2020101404000018,RLI,6,41,10,603.00,"6,030.00"
2020-10-14,2020101404000029,RLI,16,17,10,604.00,"6,040.00"
2020-10-14,2020101404000028,RLI,16,5,10,604.00,"6,040.00"
2020-10-14,2020101404000027,RLI,16,6,10,604.00,"6,040.00"
2020-10-14,2020101404000026,RLI,6,40,10,603.00,"6,030.00"
2020-10-14,2020101404000025,RLI,6,17,10,603.00,"6,030.00"
2020-10-14,2020101404000024,RLI,6,57,10,603.00,"6,030.00"
2020-10-14,2020101404000035,RLI,6,6,10,603.00,"6,030.00"
2020-10-14,2020101404000034,RLI,6,6,10,603.00,"6,030.00"
2020-10-14,2020101404000033,RLI,35,45,10,604.00,"6,040.00"
2020-10-14,2020101404000032,RLI,35,58,10,604.00,"6,040.00"
2020-10-14,2020101404000031,RLI,16,6,10,604.00,"6,040.00"
2020-10-14,2020101404000030,RLI,16,44,10,604.00,"6,040.00"
2020-10-14,2020101404000041,RLI,57,21,10,603.00,"6,030.00"
2020-10-14,2020101404000040,RLI,6,21,10,603.00,"6,030.00"
2020-10-14,2020101404000039,RLI,6,14,10,603.00,"6,030.00"
2020-10-14,2020101404000038,RLI,10,4,10,604.00,"6,040.00"
2020-10-14,2020101404000037,RLI,6,42,10,603.00,"6,030.00"
2020-10-14,2020101404000036,RLI,6,58,10,603.00,"6,030.00"
2020-10-14,2020101404000047,RLI,43,20,10,603.00,"6,030.00"
2020-10-14,2020101404000046,RLI,43,21,10,603.00,"6,030.00"
2020-10-14,2020101404000045,RLI,43,35,29,603.00,"17,487.00"
2020-10-14,2020101404000044,RLI,51,35,100,603.00,"60,300.00"
2020-10-14,2020101404000043,RLI,39,35,21,603.00,"12,663.00"
2020-10-14,2020101404000042,RLI,39,45,10,603.00,"6,030.00"
2020-10-14,2020101404000053,RLI,6,42,10,602.00,"6,020.00"
2020-10-14,2020101404000052,RLI,6,21,10,602.00,"6,020.00"
2020-10-14,2020101404000051,RLI,6,6,10,602.00,"6,020.00"
2020-10-14,2020101404000050,RLI,6,21,10,602.00,"6,020.00"
2020-10-14,2020101404000049,RLI,6,42,10,602.00,"6,020.00"
2020-10-14,2020101404000048,RLI,6,21,10,602.00,"6,020.00"
2020-10-14,2020101404000059,RLI,6,42,10,602.00,"6,020.00"
2020-10-14,2020101404000058,RLI,6,21,10,602.00,"6,020.00"
2020-10-14,2020101404000057,RLI,6,6,10,602.00,"6,020.00"
2020-10-14,2020101404000056,RLI,6,42,10,602.00,"6,020.00"
2020-10-14,2020101404000055,RLI,6,21,10,602.00,"6,020.00"
2020-10-14,2020101404000054,RLI,6,21,10,602.00,"6,020.00"
2020-10-14,2020101404000065,RLI,6,38,20,602.00,"12,040.00"
2020-10-14,2020101404000064,RLI,6,21,10,602.00,"6,020.00"
2020-10-14,2020101404000063,RLI,6,35,10,602.00,"6,020.00"
2020-10-14,2020101404000062,RLI,6,21,10,602.00,"6,020.00"
2020-10-14,2020101404000061,RLI,6,35,10,602.00,"6,020.00"
2020-10-14,2020101404000060,RLI,6,21,10,602.00,"6,020.00"
2020-10-14,2020101404000071,RLI,6,21,10,602.00,"6,020.00"
2020-10-14,2020101404000070,RLI,6,32,10,602.00,"6,020.00"
2020-10-14,2020101404000069,RLI,6,6,10,602.00,"6,020.00"
2020-10-14,2020101404000068,RLI,6,21,10,602.00,"6,020.00"
2020-10-14,2020101404000067,RLI,6,42,10,602.00,"6,020.00"
2020-10-14,2020101404000066,RLI,6,32,10,602.00,"6,020.00"
2020-10-14,2020101404000077,RLI,34,8,10,603.00,"6,030.00"
2020-10-14,2020101404000076,RLI,6,21,10,602.00,"6,020.00"
2020-10-14,2020101404000075,RLI,6,32,10,602.00,"6,020.00"
2020-10-14,2020101404000074,RLI,6,42,10,602.00,"6,020.00"
2020-10-14,2020101404000073,RLI,6,42,10,602.00,"6,020.00"
2020-10-14,2020101404000072,RLI,6,11,10,602.00,"6,020.00"
2020-10-14,2020101404000083,RLI,45,10,10,604.00,"6,040.00"
2020-10-14,2020101404000082,RLI,45,6,10,604.00,"6,040.00"
2020-10-14,2020101404000081,RLI,6,21,10,602.00,"6,020.00"
2020-10-14,2020101404000080,RLI,6,21,10,602.00,"6,020.00"
2020-10-14,2020101404000079,RLI,6,58,10,602.00,"6,020.00"
2020-10-14,2020101404000078,RLI,6,35,10,602.00,"6,020.00"
2020-10-14,2020101404000089,RLI,8,21,10,603.00,"6,030.00"
2020-10-14,2020101404000088,RLI,8,21,10,603.00,"6,030.00"
2020-10-14,2020101404000087,RLI,8,21,10,603.00,"6,030.00"
2020-10-14,2020101404000086,RLI,6,21,10,602.00,"6,020.00"
2020-10-14,2020101404000085,RLI,6,46,10,602.00,"6,020.00"
2020-10-14,2020101404000084,RLI,45,47,10,604.00,"6,040.00"
2020-10-14,2020101404000095,RLI,6,21,10,602.00,"6,020.00"
2020-10-14,2020101404000094,RLI,6,33,10,602.00,"6,020.00"
2020-10-14,2020101404000093,RLI,6,4,10,602.00,"6,020.00"
2020-10-14,2020101404000092,RLI,6,42,10,602.00,"6,020.00"
2020-10-14,2020101404000091,RLI,26,57,10,603.00,"6,030.00"
2020-10-14,2020101404000090,RLI,8,57,70,603.00,"42,210.00"
2020-10-14,2020101404000101,RLI,6,52,10,602.00,"6,020.00"
2020-10-14,2020101404000100,RLI,6,49,10,602.00,"6,020.00"
2020-10-14,2020101404000099,RLI,6,4,10,602.00,"6,020.00"
2020-10-14,2020101404000098,RLI,6,58,10,602.00,"6,020.00"
2020-10-14,2020101404000097,RLI,6,49,10,602.00,"6,020.00"
2020-10-14,2020101404000096,RLI,6,3,10,602.00,"6,020.00"
2020-10-14,2020101404000107,RLI,38,14,10,604.00,"6,040.00"
2020-10-14,2020101404000106,RLI,38,48,10,603.00,"6,030.00"
2020-10-14,2020101404000105,RLI,38,11,10,603.00,"6,030.00"
2020-10-14,2020101404000104,RLI,38,13,10,603.00,"6,030.00"
2020-10-14,2020101404000103,RLI,38,3,10,603.00,"6,030.00"
2020-10-14,2020101404000102,RLI,6,42,10,602.00,"6,020.00"
2020-10-14,2020101404000113,RLI,38,38,10,604.00,"6,040.00"
2020-10-14,2020101404000112,RLI,38,21,10,604.00,"6,040.00"
2020-10-14,2020101404000111,RLI,38,42,10,604.00,"6,040.00"
2020-10-14,2020101404000110,RLI,38,42,10,604.00,"6,040.00"
2020-10-14,2020101404000109,RLI,38,42,10,604.00,"6,040.00"
2020-10-14,2020101404000108,RLI,38,58,10,604.00,"6,040.00"
2020-10-14,2020101404000120,RLI,38,58,10,604.00,"6,040.00"
2020-10-14,2020101404000118,RLI,38,3,10,604.00,"6,040.00"
2020-10-14,2020101404000117,RLI,38,33,10,604.00,"6,040.00"
2020-10-14,2020101404000116,RLI,38,38,10,604.00,"6,040.00"
2020-10-14,2020101404000115,RLI,38,57,10,604.00,"6,040.00"
2020-10-14,2020101404000114,RLI,38,49,10,604.00,"6,040.00"
2020-10-14,2020101404000127,RLI,38,38,10,604.00,"6,040.00"
2020-10-14,2020101404000126,RLI,38,38,10,604.00,"6,040.00"
2020-10-14,2020101404000125,RLI,38,58,10,604.00,"6,040.00"
2020-10-14,2020101404000124,RLI,38,38,10,604.00,"6,040.00"
2020-10-14,2020101404000123,RLI,38,38,10,604.00,"6,040.00"
2020-10-14,2020101404000121,RLI,38,21,10,604.00,"6,040.00"
2020-10-14,2020101404000133,RLI,38,38,10,604.00,"6,040.00"
2020-10-14,2020101404000132,RLI,38,17,10,604.00,"6,040.00"
2020-10-14,2020101404000131,RLI,38,38,10,604.00,"6,040.00"
2020-10-14,2020101404000130,RLI,38,7,10,604.00,"6,040.00"
2020-10-14,2020101404000129,RLI,38,11,10,604.00,"6,040.00"
2020-10-14,2020101404000128,RLI,38,28,10,604.00,"6,040.00"
2020-10-14,2020101404000142,RLI,19,52,10,604.00,"6,040.00"
2020-10-14,2020101404000140,RLI,19,17,10,604.00,"6,040.00"
2020-10-14,2020101404000138,RLI,19,6,10,604.00,"6,040.00"
2020-10-14,2020101404000137,RLI,19,25,10,604.00,"6,040.00"
2020-10-14,2020101404000135,RLI,48,6,10,604.00,"6,040.00"
2020-10-14,2020101404000134,RLI,38,38,10,604.00,"6,040.00"
2020-10-14,2020101404000149,RLI,59,44,10,603.00,"6,030.00"
2020-10-14,2020101404000148,RLI,59,28,10,603.00,"6,030.00"
2020-10-14,2020101404000147,RLI,42,3,10,603.00,"6,030.00"
2020-10-14,2020101404000146,RLI,56,52,10,605.00,"6,050.00"
2020-10-14,2020101404000145,RLI,42,52,10,603.00,"6,030.00"
2020-10-14,2020101404000144,RLI,19,46,10,604.00,"6,040.00"
2020-10-14,2020101404000159,RLI,14,14,10,605.00,"6,050.00"
2020-10-14,2020101404000158,RLI,14,14,10,605.00,"6,050.00"
2020-10-14,2020101404000157,RLI,14,14,10,605.00,"6,050.00"
2020-10-14,2020101404000155,RLI,59,21,10,603.00,"6,030.00"
2020-10-14,2020101404000152,RLI,59,44,10,603.00,"6,030.00"
2020-10-14,2020101404000151,RLI,59,26,30,603.00,"18,090.00"
2020-10-14,2020101404000165,RLI,14,45,10,605.00,"6,050.00"
2020-10-14,2020101404000164,RLI,14,25,20,605.00,"12,100.00"
2020-10-14,2020101404000163,RLI,14,49,10,605.00,"6,050.00"
2020-10-14,2020101404000162,RLI,14,39,10,605.00,"6,050.00"
2020-10-14,2020101404000161,RLI,14,18,10,605.00,"6,050.00"
2020-10-14,2020101404000160,RLI,14,14,10,605.00,"6,050.00"
2020-10-14,2020101404000171,RLI,14,52,10,605.00,"6,050.00"
2020-10-14,2020101404000170,RLI,14,52,10,605.00,"6,050.00"
2020-10-14,2020101404000169,RLI,14,52,10,605.00,"6,050.00"
2020-10-14,2020101404000168,RLI,14,58,10,605.00,"6,050.00"
2020-10-14,2020101404000167,RLI,14,14,10,605.00,"6,050.00"
2020-10-14,2020101404000166,RLI,14,49,10,605.00,"6,050.00"
2020-10-14,2020101404000177,RLI,59,21,10,603.00,"6,030.00"
2020-10-14,2020101404000176,RLI,59,44,10,603.00,"6,030.00"
2020-10-14,2020101404000175,RLI,14,11,10,605.00,"6,050.00"
2020-10-14,2020101404000174,RLI,14,53,10,605.00,"6,050.00"
2020-10-14,2020101404000173,RLI,14,57,10,605.00,"6,050.00"
2020-10-14,2020101404000172,RLI,14,52,10,605.00,"6,050.00"
2020-10-14,2020101404000183,RLI,59,5,10,603.00,"6,030.00"
2020-10-14,2020101404000182,RLI,59,42,10,603.00,"6,030.00"
2020-10-14,2020101404000181,RLI,59,16,10,603.00,"6,030.00"
2020-10-14,2020101404000180,RLI,59,38,10,603.00,"6,030.00"
2020-10-14,2020101404000179,RLI,59,26,50,603.00,"30,150.00"
2020-10-14,2020101404000178,RLI,59,16,10,603.00,"6,030.00"
2020-10-14,2020101404000189,RLI,59,54,10,603.00,"6,030.00"
2020-10-14,2020101404000188,RLI,59,29,10,603.00,"6,030.00"
2020-10-14,2020101404000187,RLI,59,57,10,603.00,"6,030.00"
2020-10-14,2020101404000186,RLI,59,1,10,603.00,"6,030.00"
2020-10-14,2020101404000185,RLI,59,47,10,603.00,"6,030.00"
2020-10-14,2020101404000184,RLI,59,42,10,603.00,"6,030.00"
2020-10-14,2020101404000195,RLI,59,52,10,603.00,"6,030.00"
2020-10-14,2020101404000194,RLI,59,58,10,603.00,"6,030.00"
2020-10-14,2020101404000193,RLI,59,36,10,603.00,"6,030.00"
2020-10-14,2020101404000192,RLI,59,33,10,603.00,"6,030.00"
2020-10-14,2020101404000191,RLI,59,33,10,603.00,"6,030.00"
2020-10-14,2020101404000190,RLI,59,37,10,603.00,"6,030.00"
2020-10-14,2020101404000201,RLI,59,26,10,603.00,"6,030.00"
2020-10-14,2020101404000200,RLI,59,7,10,603.00,"6,030.00"
2020-10-14,2020101404000199,RLI,59,57,10,603.00,"6,030.00"
2020-10-14,2020101404000198,RLI,59,35,10,603.00,"6,030.00"
2020-10-14,2020101404000197,RLI,59,17,10,603.00,"6,030.00"
2020-10-14,2020101404000196,RLI,59,26,10,603.00,"6,030.00"
2020-10-14,2020101404000207,RLI,59,42,10,603.00,"6,030.00"
2020-10-14,2020101404000206,RLI,59,50,10,603.00,"6,030.00"
2020-10-14,2020101404000205,RLI,59,8,10,603.00,"6,030.00"
2020-10-14,2020101404000204,RLI,59,26,10,603.00,"6,030.00"
2020-10-14,2020101404000203,RLI,59,17,10,603.00,"6,030.00"
2020-10-14,2020101404000202,RLI,59,1,10,603.00,"6,030.00"
2020-10-14,2020101404000214,RLI,59,19,360,603.00,"217,080.00"
2020-10-14,2020101404000213,RLI,59,48,10,603.00,"6,030.00"
2020-10-14,2020101404000212,RLI,59,42,10,603.00,"6,030.00"
2020-10-14,2020101404000210,RLI,59,22,10,603.00,"6,030.00"
2020-10-14,2020101404000209,RLI,59,17,10,603.00,"6,030.00"
2020-10-14,2020101404000208,RLI,59,26,10,603.00,"6,030.00"
2020-10-14,2020101404000220,RLI,59,19,10,603.00,"6,030.00"
2020-10-14,2020101404000219,RLI,59,38,10,603.00,"6,030.00"
2020-10-14,2020101404000218,RLI,59,8,10,603.00,"6,030.00"
2020-10-14,2020101404000217,RLI,59,44,10,603.00,"6,030.00"
2020-10-14,2020101404000216,RLI,59,42,50,603.00,"30,150.00"
2020-10-14,2020101404000215,RLI,59,36,10,603.00,"6,030.00"
2020-10-14,2020101404000227,RLI,59,1,10,603.00,"6,030.00"
2020-10-14,2020101404000226,RLI,59,40,10,603.00,"6,030.00"
2020-10-14,2020101404000225,RLI,59,36,10,603.00,"6,030.00"
2020-10-14,2020101404000224,RLI,59,1,10,603.00,"6,030.00"
2020-10-14,2020101404000222,RLI,59,1,10,603.00,"6,030.00"
2020-10-14,2020101404000221,RLI,59,1,10,603.00,"6,030.00"
2020-10-14,2020101404000234,RLI,36,1,10,603.00,"6,030.00"
2020-10-14,2020101404000233,RLI,36,10,10,603.00,"6,030.00"
2020-10-14,2020101404000232,RLI,36,1,10,603.00,"6,030.00"
2020-10-14,2020101404000231,RLI,36,43,10,603.00,"6,030.00"
2020-10-14,2020101404000230,RLI,36,1,10,603.00,"6,030.00"
2020-10-14,2020101404000229,RLI,36,1,10,603.00,"6,030.00"
2020-10-14,2020101404000241,RLI,6,6,10,602.00,"6,020.00"
2020-10-14,2020101404000240,RLI,36,35,10,603.00,"6,030.00"
2020-10-14,2020101404000238,RLI,36,56,10,603.00,"6,030.00"
2020-10-14,2020101404000237,RLI,59,38,10,603.00,"6,030.00"
2020-10-14,2020101404000236,RLI,36,59,10,603.00,"6,030.00"
2020-10-14,2020101404000235,RLI,36,4,10,603.00,"6,030.00"
2020-10-14,2020101404000248,RLI,34,59,10,602.00,"6,020.00"
2020-10-14,2020101404000247,RLI,34,43,10,602.00,"6,020.00"
2020-10-14,2020101404000246,RLI,34,59,10,602.00,"6,020.00"
2020-10-14,2020101404000245,RLI,34,3,10,602.00,"6,020.00"
2020-10-14,2020101404000243,RLI,34,48,10,602.00,"6,020.00"
2020-10-14,2020101404000242,RLI,58,38,10,603.00,"6,030.00"
2020-10-14,2020101404000255,RLI,22,58,10,603.00,"6,030.00"
2020-10-14,2020101404000253,RLI,22,22,10,603.00,"6,030.00"
2020-10-14,2020101404000252,RLI,22,44,10,603.00,"6,030.00"
2020-10-14,2020101404000251,RLI,22,43,10,603.00,"6,030.00"
2020-10-14,2020101404000250,RLI,34,59,10,602.00,"6,020.00"
2020-10-14,2020101404000249,RLI,34,52,10,602.00,"6,020.00"
2020-10-14,2020101404000261,RLI,34,42,10,602.00,"6,020.00"
2020-10-14,2020101404000260,RLI,34,48,10,602.00,"6,020.00"
2020-10-14,2020101404000259,RLI,34,14,60,602.00,"36,120.00"
2020-10-14,2020101404000258,RLI,34,4,10,602.00,"6,020.00"
2020-10-14,2020101404000257,RLI,34,33,10,602.00,"6,020.00"
2020-10-14,2020101404000256,RLI,22,4,10,603.00,"6,030.00"
2020-10-14,2020101404000267,RLI,34,34,10,602.00,"6,020.00"
2020-10-14,2020101404000266,RLI,34,1,10,602.00,"6,020.00"
2020-10-14,2020101404000265,RLI,34,48,10,602.00,"6,020.00"
2020-10-14,2020101404000264,RLI,34,38,10,602.00,"6,020.00"
2020-10-14,2020101404000263,RLI,34,14,10,602.00,"6,020.00"
2020-10-14,2020101404000262,RLI,34,55,10,602.00,"6,020.00"
2020-10-14,2020101404000274,RLI,33,22,10,603.00,"6,030.00"
2020-10-14,2020101404000273,RLI,33,3,10,603.00,"6,030.00"
2020-10-14,2020101404000272,RLI,33,5,400,603.00,"241,200.00"
2020-10-14,2020101404000271,RLI,34,34,10,602.00,"6,020.00"
2020-10-14,2020101404000270,RLI,34,58,10,602.00,"6,020.00"
2020-10-14,2020101404000269,RLI,34,52,10,602.00,"6,020.00"
2020-10-14,2020101404000280,RLI,34,58,10,602.00,"6,020.00"
2020-10-14,2020101404000279,RLI,34,57,10,602.00,"6,020.00"
2020-10-14,2020101404000278,RLI,44,38,10,603.00,"6,030.00"
2020-10-14,2020101404000277,RLI,34,22,10,602.00,"6,020.00"
2020-10-14,2020101404000276,RLI,33,8,251,603.00,"151,353.00"
2020-10-14,2020101404000275,RLI,33,42,10,603.00,"6,030.00"
2020-10-14,2020101404000286,RLI,25,38,10,604.00,"6,040.00"
2020-10-14,2020101404000285,RLI,25,51,10,604.00,"6,040.00"
2020-10-14,2020101404000284,RLI,34,50,10,602.00,"6,020.00"
2020-10-14,2020101404000283,RLI,34,6,50,602.00,"30,100.00"
2020-10-14,2020101404000282,RLI,34,22,10,602.00,"6,020.00"
2020-10-14,2020101404000281,RLI,34,42,10,602.00,"6,020.00"
2020-10-14,2020101404000292,RLI,25,1,10,603.00,"6,030.00"
2020-10-14,2020101404000291,RLI,25,21,10,603.00,"6,030.00"
2020-10-14,2020101404000290,RLI,25,42,10,603.00,"6,030.00"
2020-10-14,2020101404000289,RLI,25,6,10,603.00,"6,030.00"
2020-10-14,2020101404000288,RLI,25,51,10,604.00,"6,040.00"
2020-10-14,2020101404000287,RLI,25,14,10,604.00,"6,040.00"
2020-10-14,2020101404000298,RLI,42,8,10,603.00,"6,030.00"
2020-10-14,2020101404000297,RLI,42,58,10,603.00,"6,030.00"
2020-10-14,2020101404000296,RLI,42,52,10,603.00,"6,030.00"
2020-10-14,2020101404000295,RLI,34,39,10,602.00,"6,020.00"
2020-10-14,2020101404000294,RLI,34,58,10,602.00,"6,020.00"
2020-10-14,2020101404000293,RLI,25,57,10,603.00,"6,030.00"
2020-10-14,2020101404000304,RLI,21,51,10,603.00,"6,030.00"
2020-10-14,2020101404000303,RLI,21,22,10,603.00,"6,030.00"
2020-10-14,2020101404000302,RLI,21,51,10,603.00,"6,030.00"
2020-10-14,2020101404000301,RLI,21,19,10,603.00,"6,030.00"
2020-10-14,2020101404000300,RLI,34,58,10,602.00,"6,020.00"
2020-10-14,2020101404000299,RLI,34,58,10,602.00,"6,020.00"
2020-10-14,2020101404000311,RLI,21,56,10,603.00,"6,030.00"
2020-10-14,2020101404000309,RLI,21,41,10,603.00,"6,030.00"
2020-10-14,2020101404000308,RLI,21,43,10,603.00,"6,030.00"
2020-10-14,2020101404000307,RLI,21,5,10,603.00,"6,030.00"
2020-10-14,2020101404000306,RLI,21,5,10,603.00,"6,030.00"
2020-10-14,2020101404000305,RLI,32,43,30,604.00,"18,120.00"
2020-10-14,2020101404000317,RLI,32,46,10,603.00,"6,030.00"
2020-10-14,2020101404000316,RLI,42,47,10,605.00,"6,050.00"
2020-10-14,2020101404000315,RLI,59,34,10,605.00,"6,050.00"
2020-10-14,2020101404000314,RLI,32,46,10,603.00,"6,030.00"
2020-10-14,2020101404000313,RLI,32,16,10,603.00,"6,030.00"
2020-10-14,2020101404000312,RLI,21,59,10,603.00,"6,030.00"
2020-10-14,2020101404000324,RLI,45,50,10,603.00,"6,030.00"
2020-10-14,2020101404000323,RLI,45,14,10,603.00,"6,030.00"
2020-10-14,2020101404000322,RLI,45,41,10,603.00,"6,030.00"
2020-10-14,2020101404000320,RLI,47,59,10,603.00,"6,030.00"
2020-10-14,2020101404000319,RLI,47,46,10,603.00,"6,030.00"
2020-10-14,2020101404000318,RLI,32,34,10,603.00,"6,030.00"
2020-10-14,2020101404000331,RLI,45,39,10,603.00,"6,030.00"
2020-10-14,2020101404000330,RLI,45,51,10,603.00,"6,030.00"
2020-10-14,2020101404000329,RLI,45,41,10,603.00,"6,030.00"
2020-10-14,2020101404000328,RLI,45,42,10,603.00,"6,030.00"
2020-10-14,2020101404000327,RLI,45,38,10,603.00,"6,030.00"
2020-10-14,2020101404000326,RLI,45,38,10,603.00,"6,030.00"
2020-10-14,2020101404000338,RLI,22,42,10,604.00,"6,040.00"
2020-10-14,2020101404000336,RLI,45,58,10,603.00,"6,030.00"
2020-10-14,2020101404000335,RLI,45,56,10,603.00,"6,030.00"
2020-10-14,2020101404000334,RLI,45,39,10,603.00,"6,030.00"
2020-10-14,2020101404000333,RLI,45,32,10,603.00,"6,030.00"
2020-10-14,2020101404000332,RLI,45,49,10,603.00,"6,030.00"
2020-10-14,2020101404000344,RLI,22,58,10,604.00,"6,040.00"
2020-10-14,2020101404000343,RLI,22,34,10,604.00,"6,040.00"
2020-10-14,2020101404000342,RLI,22,6,10,604.00,"6,040.00"
2020-10-14,2020101404000341,RLI,22,6,10,604.00,"6,040.00"
2020-10-14,2020101404000340,RLI,22,44,10,604.00,"6,040.00"
2020-10-14,2020101404000339,RLI,22,42,10,604.00,"6,040.00"
2020-10-14,2020101404000350,RLI,22,48,10,604.00,"6,040.00"
2020-10-14,2020101404000349,RLI,22,1,10,604.00,"6,040.00"
2020-10-14,2020101404000348,RLI,22,58,10,604.00,"6,040.00"
2020-10-14,2020101404000347,RLI,22,35,10,604.00,"6,040.00"
2020-10-14,2020101404000346,RLI,22,58,10,604.00,"6,040.00"
2020-10-14,2020101404000345,RLI,22,49,10,604.00,"6,040.00"
2020-10-14,2020101404000356,RLI,22,59,10,604.00,"6,040.00"
2020-10-14,2020101404000355,RLI,22,58,10,604.00,"6,040.00"
2020-10-14,2020101404000354,RLI,22,53,10,604.00,"6,040.00"
2020-10-14,2020101404000353,RLI,22,42,10,604.00,"6,040.00"
2020-10-14,2020101404000352,RLI,22,58,10,604.00,"6,040.00"
2020-10-14,2020101404000351,RLI,22,57,10,604.00,"6,040.00"
2020-10-14,2020101404000362,RLI,22,38,10,604.00,"6,040.00"
2020-10-14,2020101404000361,RLI,22,39,10,604.00,"6,040.00"
2020-10-14,2020101404000360,RLI,22,32,10,604.00,"6,040.00"
2020-10-14,2020101404000359,RLI,22,8,101,604.00,"61,004.00"
2020-10-14,2020101404000358,RLI,22,55,10,604.00,"6,040.00"
2020-10-14,2020101404000357,RLI,22,58,10,604.00,"6,040.00"
2020-10-14,2020101404000368,RLI,22,49,10,604.00,"6,040.00"
2020-10-14,2020101404000367,RLI,22,55,10,604.00,"6,040.00"
2020-10-14,2020101404000366,RLI,22,58,10,604.00,"6,040.00"
2020-10-14,2020101404000365,RLI,22,16,10,604.00,"6,040.00"
2020-10-14,2020101404000364,RLI,22,34,110,604.00,"66,440.00"
2020-10-14,2020101404000363,RLI,22,34,10,604.00,"6,040.00"
2020-10-14,2020101404000380,RLI,36,42,10,605.00,"6,050.00"
2020-10-14,2020101404000379,RLI,22,58,10,604.00,"6,040.00"
2020-10-14,2020101404000378,RLI,22,58,10,604.00,"6,040.00"
2020-10-14,2020101404000376,RLI,22,38,10,604.00,"6,040.00"
2020-10-14,2020101404000373,RLI,22,41,10,604.00,"6,040.00"
2020-10-14,2020101404000371,RLI,22,58,10,604.00,"6,040.00"
2020-10-14,2020101404000388,RLI,22,14,10,604.00,"6,040.00"
2020-10-14,2020101404000386,RLI,22,57,10,604.00,"6,040.00"
2020-10-14,2020101404000385,RLI,22,58,10,604.00,"6,040.00"
2020-10-14,2020101404000383,RLI,36,35,10,605.00,"6,050.00"
2020-10-14,2020101404000382,RLI,36,57,10,605.00,"6,050.00"
2020-10-14,2020101404000381,RLI,36,37,10,605.00,"6,050.00"
2020-10-14,2020101404000395,RLI,22,6,10,604.00,"6,040.00"
2020-10-14,2020101404000394,RLI,22,49,10,604.00,"6,040.00"
2020-10-14,2020101404000392,RLI,22,14,10,604.00,"6,040.00"
2020-10-14,2020101404000391,RLI,22,4,10,604.00,"6,040.00"
2020-10-14,2020101404000390,RLI,22,58,10,604.00,"6,040.00"
2020-10-14,2020101404000389,RLI,22,59,10,604.00,"6,040.00"
2020-10-14,2020101404000401,RLI,22,49,10,604.00,"6,040.00"
2020-10-14,2020101404000400,RLI,22,45,10,604.00,"6,040.00"
2020-10-14,2020101404000399,RLI,22,58,10,604.00,"6,040.00"
2020-10-14,2020101404000398,RLI,22,42,10,604.00,"6,040.00"
2020-10-14,2020101404000397,RLI,22,58,10,604.00,"6,040.00"
2020-10-14,2020101404000396,RLI,22,42,10,604.00,"6,040.00"
2020-10-14,2020101404000410,RLI,22,32,10,604.00,"6,040.00"
2020-10-14,2020101404000409,RLI,22,59,10,604.00,"6,040.00"
2020-10-14,2020101404000408,RLI,22,49,10,604.00,"6,040.00"
2020-10-14,2020101404000406,RLI,22,26,10,604.00,"6,040.00"
2020-10-14,2020101404000404,RLI,22,32,10,604.00,"6,040.00"
2020-10-14,2020101404000402,RLI,22,54,100,604.00,"60,400.00"
2020-10-14,2020101404000417,RLI,59,51,10,605.00,"6,050.00"
2020-10-14,2020101404000416,RLI,22,49,10,604.00,"6,040.00"
2020-10-14,2020101404000415,RLI,22,35,10,604.00,"6,040.00"
2020-10-14,2020101404000413,RLI,22,17,10,604.00,"6,040.00"
2020-10-14,2020101404000412,RLI,22,54,10,604.00,"6,040.00"
2020-10-14,2020101404000411,RLI,22,11,10,604.00,"6,040.00"
2020-10-14,2020101404000423,RLI,22,57,10,604.00,"6,040.00"
2020-10-14,2020101404000422,RLI,22,51,10,604.00,"6,040.00"
2020-10-14,2020101404000421,RLI,22,59,10,604.00,"6,040.00"
2020-10-14,2020101404000420,RLI,22,21,10,604.00,"6,040.00"
2020-10-14,2020101404000419,RLI,22,54,10,604.00,"6,040.00"
2020-10-14,2020101404000418,RLI,22,51,10,604.00,"6,040.00"
2020-10-14,2020101404000429,RLI,6,32,10,604.00,"6,040.00"
2020-10-14,2020101404000428,RLI,6,33,10,604.00,"6,040.00"
2020-10-14,2020101404000427,RLI,6,1,10,604.00,"6,040.00"
2020-10-14,2020101404000426,RLI,22,26,10,604.00,"6,040.00"
2020-10-14,2020101404000425,RLI,22,49,10,604.00,"6,040.00"
2020-10-14,2020101404000424,RLI,22,1,10,604.00,"6,040.00"
2020-10-14,2020101404000435,RLI,21,19,10,604.00,"6,040.00"
2020-10-14,2020101404000434,RLI,21,16,10,604.00,"6,040.00"
2020-10-14,2020101404000433,RLI,21,48,10,604.00,"6,040.00"
2020-10-14,2020101404000432,RLI,21,55,10,604.00,"6,040.00"
2020-10-14,2020101404000431,RLI,21,32,10,604.00,"6,040.00"
2020-10-14,2020101404000430,RLI,40,59,10,604.00,"6,040.00"
2020-10-14,2020101404000442,RLI,21,56,10,604.00,"6,040.00"
2020-10-14,2020101404000440,RLI,21,11,10,604.00,"6,040.00"
2020-10-14,2020101404000439,RLI,21,1,200,604.00,"120,800.00"
2020-10-14,2020101404000438,RLI,21,11,10,604.00,"6,040.00"
2020-10-14,2020101404000437,RLI,21,4,10,604.00,"6,040.00"
2020-10-14,2020101404000436,RLI,21,47,10,604.00,"6,040.00"
2020-10-14,2020101404000448,RLI,10,26,10,604.00,"6,040.00"
2020-10-14,2020101404000447,RLI,10,1,10,604.00,"6,040.00"
2020-10-14,2020101404000446,RLI,10,36,10,604.00,"6,040.00"
2020-10-14,2020101404000445,RLI,38,1,10,604.00,"6,040.00"
2020-10-14,2020101404000444,RLI,21,11,10,604.00,"6,040.00"
2020-10-14,2020101404000443,RLI,21,36,10,604.00,"6,040.00"
2020-10-14,2020101404000455,RLI,11,42,10,604.00,"6,040.00"
2020-10-14,2020101404000453,RLI,11,11,10,604.00,"6,040.00"
2020-10-14,2020101404000452,RLI,11,11,10,604.00,"6,040.00"
2020-10-14,2020101404000451,RLI,11,1,10,604.00,"6,040.00"
2020-10-14,2020101404000450,RLI,10,48,10,604.00,"6,040.00"
2020-10-14,2020101404000449,RLI,10,26,10,604.00,"6,040.00"
2020-10-14,2020101404000461,RLI,40,1,10,604.00,"6,040.00"
2020-10-14,2020101404000460,RLI,40,48,10,604.00,"6,040.00"
2020-10-14,2020101404000459,RLI,32,45,10,604.00,"6,040.00"
2020-10-14,2020101404000458,RLI,32,1,10,604.00,"6,040.00"
2020-10-14,2020101404000457,RLI,32,38,10,604.00,"6,040.00"
2020-10-14,2020101404000456,RLI,11,1,10,604.00,"6,040.00"
2020-10-14,2020101403007499,RSDC,36,7,94,547.00,"51,418.00"
2020-10-14,2020101403007505,SADBL,55,38,92,185.00,"17,020.00"
2020-10-14,2020101403007504,SADBL,34,38,328,185.00,"60,680.00"
2020-10-14,2020101403007503,SADBL,28,14,10,186.00,"1,860.00"
2020-10-14,2020101403007495,SADBL,16,14,10,186.00,"1,860.00"
2020-10-14,2020101404000156,SAND2085,19,3,25,"1,020.00","25,500.00"
2020-10-14,2020101404000377,SBBLPO,13,4,"100,000",180.00,"18,000,000.00"
2020-10-14,2020101404000321,SFMF,17,58,100,9.22,922.00
2020-10-14,2020101403007500,SHINE,57,25,604,262.00,"158,248.00"
2020-10-14,2020101403007497,SWBBL,1,32,20,"1,243.00","24,860.00"
2020-10-14,2020101403007496,USLB,32,52,19,"1,100.00","20,900.00"
2020-10-14,2020101403007374,ALBSL,54,50,26,802.00,"20,852.00"
2020-10-14,2020101403007373,ALBSL,54,50,50,802.00,"40,100.00"
2020-10-14,2020101403007372,ALBSL,45,50,50,803.00,"40,150.00"
2020-10-14,2020101403007371,ALBSL,13,50,11,804.00,"8,844.00"
2020-10-14,2020101403007370,ALBSL,25,50,64,804.00,"51,456.00"
2020-10-14,2020101403007369,ALBSL,22,50,89,804.00,"71,556.00"
2020-10-14,2020101403007038,ALBSL,13,50,11,805.00,"8,855.00"
2020-10-14,2020101403007457,ALICL,38,50,100,712.00,"71,200.00"
2020-10-14,2020101403007445,ALICL,8,50,20,712.00,"14,240.00"
2020-10-14,2020101403007368,ALICL,50,29,20,711.00,"14,220.00"
2020-10-14,2020101403007096,ALICL,5,50,11,712.00,"7,832.00"
2020-10-14,2020101403006990,ALICL,50,49,35,711.00,"24,885.00"
2020-10-14,2020101403007040,BFC,32,34,340,142.00,"48,280.00"
2020-10-14,2020101403007025,BFC,54,47,100,140.00,"14,000.00"
2020-10-14,2020101403007250,CBBL,6,55,66,"1,117.00","73,722.00"
2020-10-14,2020101403007249,CBBL,6,26,31,"1,116.00","34,596.00"
2020-10-14,2020101403007248,CBBL,6,25,65,"1,115.00","72,475.00"
2020-10-14,2020101403007247,CBBL,6,49,50,"1,115.00","55,750.00"
2020-10-14,2020101403007246,CBBL,6,48,20,"1,115.00","22,300.00"
2020-10-14,2020101403007224,CBBL,58,32,20,"1,114.00","22,280.00"
2020-10-14,2020101403007154,CBBL,16,32,81,"1,114.00","90,234.00"
2020-10-14,2020101403007110,CFCL,52,58,500,161.00,"80,500.00"
2020-10-14,2020101403007109,CFCL,59,58,500,161.00,"80,500.00"
2020-10-14,2020101403007108,CFCL,55,58,"1,300",161.00,"209,300.00"
2020-10-14,2020101403007364,CIT,25,33,50,"3,460.00","173,000.00"
2020-10-14,2020101403007462,CORBL,58,45,980,202.00,"197,960.00"
2020-10-14,2020101403006985,CORBL,57,10,11,200.00,"2,200.00"
2020-10-14,2020101403007351,DDBL,38,25,10,850.00,"8,500.00"
2020-10-14,2020101403007215,DDBL,19,46,10,855.00,"8,550.00"
2020-10-14,2020101403007184,DDBL,19,11,22,851.00,"18,722.00"
2020-10-14,2020101403007087,DDBL,19,34,200,850.00,"170,000.00"
2020-10-14,2020101403006980,DDBL,43,58,108,849.00,"91,692.00"
2020-10-14,2020101403007441,FMDBL,34,56,100,559.00,"55,900.00"
2020-10-14,2020101403007420,FMDBL,34,33,21,559.00,"11,739.00"
2020-10-14,2020101403007419,FMDBL,6,33,69,559.00,"38,571.00"
2020-10-14,2020101403007202,FMDBL,28,33,10,562.00,"5,620.00"
2020-10-14,2020101403007115,FMDBL,6,34,800,559.00,"447,200.00"
2020-10-14,2020101403007412,GBBL,49,49,10,267.00,"2,670.00"
2020-10-14,2020101403007395,GBBL,53,4,114,266.00,"30,324.00"
2020-10-14,2020101403007315,GBBL,53,22,86,266.00,"22,876.00"
2020-10-14,2020101403007314,GBBL,14,22,14,266.00,"3,724.00"
2020-10-14,2020101403007219,GBBL,58,49,500,267.00,"133,500.00"
2020-10-14,2020101403007208,GBBL,14,35,20,266.00,"5,320.00"
2020-10-14,2020101403007199,GBBL,14,35,116,266.00,"30,856.00"
2020-10-14,2020101403006988,GBBL,14,6,150,266.00,"39,900.00"
2020-10-14,2020101403007401,GBLBS,10,13,10,508.00,"5,080.00"
2020-10-14,2020101403007310,GBLBS,14,32,100,508.00,"50,800.00"
2020-10-14,2020101403007161,GBLBS,26,13,15,507.00,"7,605.00"
2020-10-14,2020101403007160,GBLBS,3,13,485,507.00,"245,895.00"
2020-10-14,2020101403007148,GBLBS,55,34,56,508.00,"28,448.00"
2020-10-14,2020101403007100,GBLBS,55,34,50,508.00,"25,400.00"
2020-10-14,2020101403007074,GBLBS,13,34,100,508.00,"50,800.00"
2020-10-14,2020101403006996,GBLBS,17,34,20,508.00,"10,160.00"
2020-10-14,2020101403007466,GFCL,35,38,10,193.00,"1,930.00"
2020-10-14,2020101403007070,GFCL,22,45,200,191.00,"38,200.00"
2020-10-14,2020101403007069,GFCL,6,45,80,191.00,"15,280.00"
2020-10-14,2020101403007068,GFCL,41,45,90,191.00,"17,190.00"
2020-10-14,2020101403007072,GFCL,57,45,340,190.00,"64,600.00"
2020-10-14,2020101403007071,GFCL,34,45,500,190.00,"95,000.00"
2020-10-14,2020101403007273,GLICL,42,1,100,608.00,"60,800.00"
2020-10-14,2020101403007400,GMFBS,49,16,500,836.00,"418,000.00"
2020-10-14,2020101403007399,GMFBS,49,32,50,831.00,"41,550.00"
2020-10-14,2020101403007336,GMFBS,49,57,10,829.00,"8,290.00"
2020-10-14,2020101403007335,GMFBS,49,14,224,828.00,"185,472.00"
2020-10-14,2020101403007334,GMFBS,49,58,10,827.00,"8,270.00"
2020-10-14,2020101403007333,GMFBS,49,43,30,825.00,"24,750.00"
2020-10-14,2020101403007332,GMFBS,49,14,10,821.00,"8,210.00"
2020-10-14,2020101403007255,GMFBS,49,26,60,820.00,"49,200.00"
2020-10-14,2020101403007254,GMFBS,49,6,10,820.00,"8,200.00"
2020-10-14,2020101403007402,GMFIL,17,25,60,177.00,"10,620.00"
2020-10-14,2020101403007360,GMFIL,44,25,100,177.00,"17,700.00"
2020-10-14,2020101403007306,GMFIL,45,25,10,177.00,"1,770.00"
2020-10-14,2020101403007410,GRDBL,59,10,881,152.00,"133,912.00"
2020-10-14,2020101403007165,GRDBL,59,49,119,152.00,"18,088.00"
2020-10-14,2020101403007164,GRDBL,43,49,500,152.00,"76,000.00"
2020-10-14,2020101403007163,GRDBL,38,49,100,152.00,"15,200.00"
2020-10-14,2020101403007162,GRDBL,49,49,26,152.00,"3,952.00"
2020-10-14,2020101403007331,GUFL,33,10,100,150.00,"15,000.00"
2020-10-14,2020101403007394,HIDCL,45,36,388,180.00,"69,840.00"
2020-10-14,2020101403007393,HIDCL,34,36,100,180.00,"18,000.00"
2020-10-14,2020101403007392,HIDCL,21,36,100,180.00,"18,000.00"
2020-10-14,2020101403007391,HIDCL,56,36,100,180.00,"18,000.00"
2020-10-14,2020101403007390,HIDCL,21,36,100,180.00,"18,000.00"
2020-10-14,2020101403007389,HIDCL,10,36,100,180.00,"18,000.00"
2020-10-14,2020101403007132,HIDCL,39,49,100,181.00,"18,100.00"
2020-10-14,2020101403007065,HIDCL,39,45,392,181.00,"70,952.00"
2020-10-14,2020101403007064,HIDCL,7,45,108,181.00,"19,548.00"
2020-10-14,2020101403007342,HIDCL,38,57,462,180.00,"83,160.00"
2020-10-14,2020101403007321,HIDCL,38,49,38,180.00,"6,840.00"
2020-10-14,2020101403007320,HIDCL,52,49,100,180.00,"18,000.00"
2020-10-14,2020101403007319,HIDCL,6,49,50,180.00,"9,000.00"
2020-10-14,2020101403007318,HIDCL,28,49,12,180.00,"2,160.00"
2020-10-14,2020101403007270,HIDCL,48,35,500,181.00,"90,500.00"
2020-10-14,2020101403007388,HIDCL,7,36,500,180.00,"90,000.00"
2020-10-14,2020101403007387,HIDCL,25,36,100,180.00,"18,000.00"
2020-10-14,2020101403007386,HIDCL,49,36,"1,000",180.00,"180,000.00"
2020-10-14,2020101403007385,HIDCL,26,36,12,180.00,"2,160.00"
2020-10-14,2020101403007382,HIDCL,45,35,25,181.00,"4,525.00"
2020-10-14,2020101403007343,HIDCL,26,57,38,180.00,"6,840.00"
2020-10-14,2020101403007408,ICFC,6,7,20,265.00,"5,300.00"
2020-10-14,2020101403007407,ICFC,6,13,30,263.00,"7,890.00"
2020-10-14,2020101403007367,ICFC,53,13,300,263.00,"78,900.00"
2020-10-14,2020101403007366,ICFC,33,13,200,263.00,"52,600.00"
2020-10-14,2020101403007353,ICFC,6,7,10,265.00,"2,650.00"
2020-10-14,2020101403007235,ICFC,41,25,50,263.00,"13,150.00"
2020-10-14,2020101403007234,ICFC,41,13,65,263.00,"17,095.00"
2020-10-14,2020101403007233,ICFC,41,50,185,263.00,"48,655.00"
2020-10-14,2020101403007218,ICFC,34,7,68,262.00,"17,816.00"
2020-10-14,2020101403007217,ICFC,32,7,282,262.00,"73,884.00"
2020-10-14,2020101403007079,ICFC,33,50,300,263.00,"78,900.00"
2020-10-14,2020101403006975,ICFC,6,50,15,263.00,"3,945.00"
2020-10-14,2020101403007051,ILBS,25,40,100,802.00,"80,200.00"
2020-10-14,2020101403007050,ILBS,25,58,11,801.00,"8,811.00"
2020-10-14,2020101403007049,ILBS,25,58,11,801.00,"8,811.00"
2020-10-14,2020101403007377,JBBL,58,26,50,213.00,"10,650.00"
2020-10-14,2020101403007359,JBBL,50,50,568,212.00,"120,416.00"
2020-10-14,2020101403007358,JBBL,58,50,32,213.00,"6,816.00"
2020-10-14,2020101403007357,JBBL,58,47,20,214.00,"4,280.00"
2020-10-14,2020101403007309,JBBL,58,55,68,213.00,"14,484.00"
2020-10-14,2020101403007287,JBBL,58,55,32,213.00,"6,816.00"
2020-10-14,2020101403007211,JBBL,49,54,"1,000",213.00,"213,000.00"
2020-10-14,2020101403007210,JBBL,49,28,235,213.00,"50,055.00"
2020-10-14,2020101403007159,JBBL,50,7,172,212.00,"36,464.00"
2020-10-14,2020101403007089,JBBL,50,47,500,212.00,"106,000.00"
2020-10-14,2020101403007052,JBBL,50,25,500,212.00,"106,000.00"
2020-10-14,2020101403007286,JBBL,58,26,"1,518",213.00,"323,334.00"
2020-10-14,2020101403007269,JBBL,49,26,482,213.00,"102,666.00"
2020-10-14,2020101403007220,JBBL,49,49,50,213.00,"10,650.00"
2020-10-14,2020101403007214,JBBL,49,38,500,213.00,"106,500.00"
2020-10-14,2020101403007213,JBBL,49,36,733,213.00,"156,129.00"
2020-10-14,2020101403007212,JBBL,49,29,"1,000",213.00,"213,000.00"
2020-10-14,2020101403007459,JFL,32,34,100,217.00,"21,700.00"
2020-10-14,2020101403007458,JFL,32,49,44,217.00,"9,548.00"
2020-10-14,2020101403007397,JFL,35,38,50,216.00,"10,800.00"
2020-10-14,2020101403007396,JFL,35,26,50,216.00,"10,800.00"
2020-10-14,2020101403007376,JFL,32,51,300,215.00,"64,500.00"
2020-10-14,2020101403007288,JFL,35,17,60,215.00,"12,900.00"
2020-10-14,2020101403007138,JFL,48,18,100,213.00,"21,300.00"
2020-10-14,2020101403007076,JFL,42,50,45,214.00,"9,630.00"
2020-10-14,2020101403007268,JFL,34,7,26,212.00,"5,512.00"
2020-10-14,2020101403007230,JFL,48,7,326,213.00,"69,438.00"
2020-10-14,2020101403007229,JFL,35,7,155,214.00,"33,170.00"
2020-10-14,2020101403007227,JFL,48,50,155,213.00,"33,015.00"
2020-10-14,2020101403007140,JFL,48,18,519,213.00,"110,547.00"
2020-10-14,2020101403007139,JFL,46,18,105,213.00,"22,365.00"
2020-10-14,2020101403007433,JSLBB,3,22,10,"1,319.00","13,190.00"
2020-10-14,2020101403007120,JSLBB,3,38,25,"1,315.00","32,875.00"
2020-10-14,2020101403007119,JSLBB,17,38,15,"1,315.00","19,725.00"
2020-10-14,2020101403007118,JSLBB,10,38,45,"1,315.00","59,175.00"
2020-10-14,2020101403007117,JSLBB,17,38,15,"1,316.00","19,740.00"
2020-10-14,2020101403007429,KMCDB,35,6,10,729.00,"7,290.00"
2020-10-14,2020101403007099,KMCDB,14,35,100,720.00,"72,000.00"
2020-10-14,2020101403007171,KRBL,33,38,710,142.00,"100,820.00"
2020-10-14,2020101403007170,KRBL,4,38,110,142.00,"15,620.00"
2020-10-14,2020101403007169,KRBL,42,38,20,142.00,"2,840.00"
2020-10-14,2020101403007168,KRBL,17,38,110,142.00,"15,620.00"
2020-10-14,2020101403007167,KRBL,48,38,50,142.00,"7,100.00"
2020-10-14,2020101403007166,KRBL,49,38,300,142.00,"42,600.00"
2020-10-14,2020101403007121,KRBL,36,38,690,144.00,"99,360.00"
2020-10-14,2020101403006994,KRBL,49,43,260,145.00,"37,700.00"
2020-10-14,2020101403006993,KRBL,49,38,340,145.00,"49,300.00"
2020-10-14,2020101403006992,KRBL,49,13,300,145.00,"43,500.00"
2020-10-14,2020101403006991,KRBL,49,44,100,145.00,"14,500.00"
2020-10-14,2020101403007417,KSBBL,34,25,500,222.00,"111,000.00"
2020-10-14,2020101403007409,KSBBL,52,25,500,222.00,"111,000.00"
2020-10-14,2020101403007303,KSBBL,34,25,"1,000",222.00,"222,000.00"
2020-10-14,2020101403007302,KSBBL,52,25,"1,000",222.00,"222,000.00"
2020-10-14,2020101403007223,KSBBL,1,49,495,221.00,"109,395.00"
2020-10-14,2020101403007222,KSBBL,38,49,20,221.00,"4,420.00"
2020-10-14,2020101403007090,KSBBL,37,49,500,223.00,"111,500.00"
2020-10-14,2020101403007221,KSBBL,40,49,100,222.00,"22,200.00"
2020-10-14,2020101403007147,KSBBL,40,49,200,222.00,"44,400.00"
2020-10-14,2020101403007094,KSBBL,34,49,"1,000",222.00,"222,000.00"
