Date,Transact. No.,Symbol,Buyer,Seller,Quantity,Rate,Amount
2019-06-12,2019061201006726,ADBL,33,26,100,415.00,"41,500.00"
2019-06-12,2019061201006707,ADBL,41,4,"1,000",414.00,"414,000.00"
2019-06-12,2019061201006559,ADBL,42,37,111,413.00,"45,843.00"
2019-06-12,2019061201006450,ADBL,42,4,90,413.00,"37,170.00"
2019-06-12,2019061201006449,ADBL,42,4,500,413.00,"206,500.00"
2019-06-12,2019061201006448,ADBL,48,4,50,413.00,"20,650.00"
2019-06-12,2019061201006447,ADBL,47,4,200,413.00,"82,600.00"
2019-06-12,2019061201006446,ADBL,20,4,"1,160",413.00,"479,080.00"
2019-06-12,2019061201006647,AHPC,26,29,44,108.00,"4,752.00"
2019-06-12,2019061201006476,AKJCL,57,51,20,76.00,"1,520.00"
2019-06-12,2019061201006418,ALBSL,56,20,10,417.00,"4,170.00"
2019-06-12,2019061201006402,ALBSL,56,20,10,417.00,"4,170.00"
2019-06-12,2019061201006371,ALBSL,56,20,10,417.00,"4,170.00"
2019-06-12,2019061201006350,ALBSL,58,20,10,418.00,"4,180.00"
2019-06-12,2019061201006325,ALBSL,58,20,10,418.00,"4,180.00"
2019-06-12,2019061201006311,ALBSL,58,20,10,418.00,"4,180.00"
2019-06-12,2019061201006747,ALICL,45,25,60,393.00,"23,580.00"
2019-06-12,2019061201006580,ALICL,34,25,115,399.00,"45,885.00"
2019-06-12,2019061201006579,ALICL,34,28,85,398.00,"33,830.00"
2019-06-12,2019061201006574,ALICL,42,22,147,394.00,"57,918.00"
2019-06-12,2019061201006573,ALICL,6,22,50,395.00,"19,750.00"
2019-06-12,2019061201006322,ALICL,45,13,120,395.00,"47,400.00"
2019-06-12,2019061201006695,BFC,56,35,900,106.00,"95,400.00"
2019-06-12,2019061201006584,BFC,22,48,750,107.00,"80,250.00"
2019-06-12,2019061201006367,BFC,22,37,250,107.00,"26,750.00"
2019-06-12,2019061201006680,BOKL,40,40,328,263.00,"86,264.00"
2019-06-12,2019061201006679,BOKL,57,40,267,263.00,"70,221.00"
2019-06-12,2019061201006678,BOKL,7,40,50,263.00,"13,150.00"
2019-06-12,2019061201006602,BOKL,45,45,308,264.00,"81,312.00"
2019-06-12,2019061201006557,BOKL,57,6,243,263.00,"63,909.00"
2019-06-12,2019061201006521,BOKL,13,19,114,263.00,"29,982.00"
2019-06-12,2019061201006329,BOKL,13,32,179,263.00,"47,077.00"
2019-06-12,2019061201006328,BOKL,38,32,500,263.00,"131,500.00"
2019-06-12,2019061201006327,BOKL,44,32,100,263.00,"26,300.00"
2019-06-12,2019061201006326,BOKL,25,32,"1,000",263.00,"263,000.00"
2019-06-12,2019061201006592,BPCL,7,42,99,405.00,"40,095.00"
2019-06-12,2019061201006366,BPCL,48,38,100,404.00,"40,400.00"
2019-06-12,2019061201006411,CBBL,34,35,36,936.00,"33,696.00"
2019-06-12,2019061201006675,CBL,44,39,230,147.00,"33,810.00"
2019-06-12,2019061201006365,CBL,50,39,100,147.00,"14,700.00"
2019-06-12,2019061201006689,CCBL,26,34,100,167.00,"16,700.00"
2019-06-12,2019061201006666,CCBL,48,49,477,165.00,"78,705.00"
2019-06-12,2019061201006585,CCBL,48,19,100,165.00,"16,500.00"
2019-06-12,2019061201006338,CCBL,57,49,100,166.00,"16,600.00"
2019-06-12,2019061201006685,CFCL,39,51,410,124.00,"50,840.00"
2019-06-12,2019061201006684,CFCL,39,26,50,123.00,"6,150.00"
2019-06-12,2019061201006683,CFCL,39,45,75,122.00,"9,150.00"
2019-06-12,2019061201006682,CFCL,39,47,100,122.00,"12,200.00"
2019-06-12,2019061201006681,CFCL,39,36,"1,950",122.00,"237,900.00"
2019-06-12,2019061201006596,CFCL,57,28,"1,000",121.00,"121,000.00"
2019-06-12,2019061201006501,CHCL,42,42,16,515.00,"8,240.00"
2019-06-12,2019061201006577,CLBSL,54,5,12,546.00,"6,552.00"
2019-06-12,2019061201006576,CLBSL,54,56,50,525.00,"26,250.00"
2019-06-12,2019061201006694,CZBIL,28,44,20,223.00,"4,460.00"
2019-06-12,2019061201006693,CZBIL,28,51,61,223.00,"13,603.00"
2019-06-12,2019061201006692,CZBIL,28,42,300,223.00,"66,900.00"
2019-06-12,2019061201006691,CZBIL,28,54,88,223.00,"19,624.00"
2019-06-12,2019061201006569,CZBIL,53,22,118,222.00,"26,196.00"
2019-06-12,2019061201006544,CZBIL,28,19,10,221.00,"2,210.00"
2019-06-12,2019061201006404,CZBIL,11,22,116,222.00,"25,752.00"
2019-06-12,2019061201006355,DBBL,28,42,75,147.00,"11,025.00"
2019-06-12,2019061201006354,DBBL,51,42,25,147.00,"3,675.00"
2019-06-12,2019061201006353,DBBL,57,42,100,147.00,"14,700.00"
2019-06-12,2019061201006622,DDBL,49,16,700,707.00,"494,900.00"
2019-06-12,2019061201006621,DDBL,40,16,300,710.00,"213,000.00"
2019-06-12,2019061201006389,EBL,7,51,39,664.00,"25,896.00"
2019-06-12,2019061201006388,EBL,7,34,100,664.00,"66,400.00"
2019-06-12,2019061201006387,EBL,7,59,11,664.00,"7,304.00"
2019-06-12,2019061201006445,FMDBL,7,58,60,390.00,"23,400.00"
2019-06-12,2019061201006444,FMDBL,3,58,293,390.00,"114,270.00"
2019-06-12,2019061201006533,GBBL,1,39,53,225.00,"11,925.00"
2019-06-12,2019061201006532,GBBL,56,39,200,225.00,"45,000.00"
2019-06-12,2019061201006546,GDBL,36,39,57,212.00,"12,084.00"
2019-06-12,2019061201006545,GDBL,43,39,70,212.00,"14,840.00"
2019-06-12,2019061201006661,GHL,38,6,20,86.00,"1,720.00"
2019-06-12,2019061201006589,GILB,6,13,20,"1,265.00","25,300.00"
2019-06-12,2019061201006718,GLICL,54,48,200,515.00,"103,000.00"
2019-06-12,2019061201006717,GLICL,41,48,50,515.00,"25,750.00"
2019-06-12,2019061201006716,GLICL,48,48,150,515.00,"77,250.00"
2019-06-12,2019061201006715,GLICL,34,48,"1,000",516.00,"516,000.00"
2019-06-12,2019061201006714,GLICL,20,48,100,517.00,"51,700.00"
2019-06-12,2019061201006713,GLICL,55,48,200,518.00,"103,600.00"
2019-06-12,2019061201006663,GUFL,51,32,10,121.00,"1,210.00"
2019-06-12,2019061201006323,HBL,6,38,100,560.00,"56,000.00"
2019-06-12,2019061201006750,HDL,40,41,25,"1,717.00","42,925.00"
2019-06-12,2019061201006749,HDL,34,41,25,"1,719.00","42,975.00"
2019-06-12,2019061201006550,HDL,42,44,200,"1,720.00","344,000.00"
2019-06-12,2019061201006665,HGI,19,28,200,372.00,"74,400.00"
2019-06-12,2019061201006706,HIDCL,29,48,20,162.00,"3,240.00"
2019-06-12,2019061201006649,HIDCL,56,19,37,160.00,"5,920.00"
2019-06-12,2019061201006648,HIDCL,50,19,24,160.00,"3,840.00"
2019-06-12,2019061201006619,HIDCL,29,48,20,162.00,"3,240.00"
2019-06-12,2019061201006618,HIDCL,50,43,476,160.00,"76,160.00"
2019-06-12,2019061201006617,HIDCL,49,43,200,160.00,"32,000.00"
2019-06-12,2019061201006610,HIDCL,51,43,213,160.00,"34,080.00"
2019-06-12,2019061201006609,HIDCL,45,43,78,161.00,"12,558.00"
2019-06-12,2019061201006591,HIDCL,45,25,177,161.00,"28,497.00"
2019-06-12,2019061201006590,HIDCL,5,25,78,161.00,"12,558.00"
2019-06-12,2019061201006364,HIDCL,5,22,16,161.00,"2,576.00"
2019-06-12,2019061201006616,HIDCL,11,43,200,160.00,"32,000.00"
2019-06-12,2019061201006615,HIDCL,41,43,500,160.00,"80,000.00"
2019-06-12,2019061201006614,HIDCL,51,43,"1,000",160.00,"160,000.00"
2019-06-12,2019061201006613,HIDCL,21,43,133,160.00,"21,280.00"
2019-06-12,2019061201006612,HIDCL,1,43,"1,000",160.00,"160,000.00"
2019-06-12,2019061201006611,HIDCL,52,43,200,160.00,"32,000.00"
2019-06-12,2019061201006459,HURJA,3,1,20,148.00,"2,960.00"
2019-06-12,2019061201006789,JBBL,38,32,10,159.00,"1,590.00"
2019-06-12,2019061201006433,JBBL,58,39,189,157.00,"29,673.00"
2019-06-12,2019061201006432,JBBL,56,39,11,158.00,"1,738.00"
2019-06-12,2019061201006370,JBBL,56,59,989,158.00,"156,262.00"
2019-06-12,2019061201006369,JBBL,10,59,11,158.00,"1,738.00"
2019-06-12,2019061201006336,JBBL,26,32,520,159.00,"82,680.00"
2019-06-12,2019061201006333,JBBL,26,34,500,159.00,"79,500.00"
2019-06-12,2019061201006293,JBBL,26,45,480,159.00,"76,320.00"
2019-06-12,2019061201006628,JBNL,58,39,500,208.00,"104,000.00"
2019-06-12,2019061201006627,JBNL,58,45,"1,000",208.00,"208,000.00"
2019-06-12,2019061201006626,JBNL,58,41,500,208.00,"104,000.00"
2019-06-12,2019061201006625,JBNL,58,45,200,208.00,"41,600.00"
2019-06-12,2019061201006624,JBNL,58,47,"1,487",208.00,"309,296.00"
2019-06-12,2019061201006623,JBNL,58,16,400,208.00,"83,200.00"
2019-06-12,2019061201006461,JBNL,50,40,65,207.00,"13,455.00"
2019-06-12,2019061201006531,JBNL,38,16,100,208.00,"20,800.00"
2019-06-12,2019061201006530,JBNL,38,57,900,208.00,"187,200.00"
2019-06-12,2019061201006528,JBNL,51,16,578,207.00,"119,646.00"
2019-06-12,2019061201006527,JBNL,43,16,200,207.00,"41,400.00"
2019-06-12,2019061201006526,JBNL,42,16,10,207.00,"2,070.00"
2019-06-12,2019061201006525,JBNL,50,16,212,207.00,"43,884.00"
2019-06-12,2019061201006732,JFL,32,22,714,178.00,"127,092.00"
2019-06-12,2019061201006731,JFL,6,22,186,178.00,"33,108.00"
2019-06-12,2019061201006337,JSLBB,22,47,10,"1,873.00","18,730.00"
2019-06-12,2019061201006499,KBBL,17,50,163,234.00,"38,142.00"
2019-06-12,2019061201006456,KBBL,17,49,137,234.00,"32,058.00"
2019-06-12,2019061201006517,KBL,59,49,50,213.00,"10,650.00"
2019-06-12,2019061201006516,KBL,59,4,334,213.00,"71,142.00"
2019-06-12,2019061201006394,KBL,42,4,"1,666",213.00,"354,858.00"
2019-06-12,2019061201006393,KBL,42,4,334,213.00,"71,142.00"
2019-06-12,2019061201006320,KBL,38,33,167,212.00,"35,404.00"
2019-06-12,2019061201006319,KBL,19,33,100,212.00,"21,200.00"
2019-06-12,2019061201006318,KBL,35,33,200,212.00,"42,400.00"
2019-06-12,2019061201006317,KBL,49,33,83,212.00,"17,596.00"
2019-06-12,2019061201006458,KPCL,59,51,10,95.00,950.00
2019-06-12,2019061201006538,KRBL,34,34,260,116.00,"30,160.00"
2019-06-12,2019061201006537,KRBL,20,34,100,116.00,"11,600.00"
2019-06-12,2019061201006536,KRBL,34,34,50,116.00,"5,800.00"
2019-06-12,2019061201006535,KRBL,42,34,100,117.00,"11,700.00"
2019-06-12,2019061201006752,KSBBL,58,34,50,166.00,"8,300.00"
2019-06-12,2019061201006374,KSBBL,57,8,84,165.00,"13,860.00"
2019-06-12,2019061201006324,KSBBL,41,41,1,163.00,163.00
2019-06-12,2019061201006529,LBL,41,42,30,218.00,"6,540.00"
2019-06-12,2019061201006482,LBL,41,44,222,218.00,"48,396.00"
2019-06-12,2019061201006481,LBL,58,44,"1,500",218.00,"327,000.00"
2019-06-12,2019061201006480,LBL,45,44,"1,000",218.00,"218,000.00"
2019-06-12,2019061201006479,LBL,1,44,246,218.00,"53,628.00"
2019-06-12,2019061201006478,LBL,28,44,32,219.00,"7,008.00"
2019-06-12,2019061201006741,LGIL,42,42,10,459.00,"4,590.00"
2019-06-12,2019061201006740,LGIL,38,42,50,459.00,"22,950.00"
2019-06-12,2019061201006739,LGIL,14,42,50,459.00,"22,950.00"
2019-06-12,2019061201006384,LGIL,14,32,50,459.00,"22,950.00"
2019-06-12,2019061201006575,LICN,14,42,24,"1,658.00","39,792.00"
2019-06-12,2019061201006549,LLBS,22,38,50,680.00,"34,000.00"
2019-06-12,2019061201006548,LLBS,45,38,10,680.00,"6,800.00"
2019-06-12,2019061201006547,LLBS,32,38,150,680.00,"102,000.00"
2019-06-12,2019061201006669,MBL,28,34,365,268.00,"97,820.00"
2019-06-12,2019061201006595,MBL,32,34,135,269.00,"36,315.00"
2019-06-12,2019061201006594,MBL,32,48,500,269.00,"134,500.00"
2019-06-12,2019061201006593,MBL,32,37,365,269.00,"98,185.00"
2019-06-12,2019061201006477,MBL,21,37,100,269.00,"26,900.00"
2019-06-12,2019061201006413,MBL,19,37,500,269.00,"134,500.00"
2019-06-12,2019061201006332,MDB,41,41,2,242.00,484.00
2019-06-12,2019061201006738,MEGA,33,32,728,201.00,"146,328.00"
2019-06-12,2019061201006700,MEGA,34,59,23,202.00,"4,646.00"
2019-06-12,2019061201006699,MEGA,34,46,100,202.00,"20,200.00"
2019-06-12,2019061201006698,MEGA,34,35,100,202.00,"20,200.00"
2019-06-12,2019061201006697,MEGA,34,22,277,202.00,"55,954.00"
2019-06-12,2019061201006368,MEGA,58,22,23,202.00,"4,646.00"
2019-06-12,2019061201006352,MEGA,33,13,58,201.00,"11,658.00"
2019-06-12,2019061201006351,MEGA,42,13,236,201.00,"47,436.00"
2019-06-12,2019061201006608,MERO,25,22,10,565.00,"5,650.00"
2019-06-12,2019061201006483,MNBBL,34,49,90,375.00,"33,750.00"
2019-06-12,2019061201006304,MNBBL,41,49,161,375.00,"60,375.00"
2019-06-12,2019061201006303,MNBBL,41,45,59,375.00,"22,125.00"
2019-06-12,2019061201006302,MNBBL,41,33,80,374.00,"29,920.00"
2019-06-12,2019061201006560,MPFL,39,57,50,200.00,"10,000.00"
2019-06-12,2019061201006568,NABIL,6,3,475,820.00,"389,500.00"
2019-06-12,2019061201006567,NABIL,13,3,25,820.00,"20,500.00"
2019-06-12,2019061201006412,NABILP,34,59,"1,500",803.00,"1,204,500.00"
2019-06-12,2019061201006398,NABILP,34,59,550,803.00,"441,650.00"
2019-06-12,2019061201006397,NABILP,34,17,490,803.00,"393,470.00"
2019-06-12,2019061202000001,NAGRO,57,1,10,311.00,"3,110.00"
2019-06-12,2019061201006724,NBB,58,39,10,225.00,"2,250.00"
2019-06-12,2019061201006542,NBB,58,13,54,224.00,"12,096.00"
2019-06-12,2019061201006541,NBB,58,13,946,224.00,"211,904.00"
2019-06-12,2019061201006300,NBB,58,22,"1,054",224.00,"236,096.00"
2019-06-12,2019061201006299,NBB,56,22,446,224.00,"99,904.00"
2019-06-12,2019061201006400,NBB,50,39,50,225.00,"11,250.00"
2019-06-12,2019061201006787,NBL,33,48,26,326.00,"8,476.00"
2019-06-12,2019061201006786,NBL,33,44,274,326.00,"89,324.00"
2019-06-12,2019061201006705,NBL,25,44,200,326.00,"65,200.00"
2019-06-12,2019061201006704,NBL,14,44,50,326.00,"16,300.00"
2019-06-12,2019061201006703,NBL,53,44,"1,476",326.00,"481,176.00"
2019-06-12,2019061201006653,NBL,53,41,200,326.00,"65,200.00"
2019-06-12,2019061201006442,NBL,53,41,637,326.00,"207,662.00"
2019-06-12,2019061201006441,NBL,21,41,100,326.00,"32,600.00"
2019-06-12,2019061201006440,NBL,46,41,263,326.00,"85,738.00"
2019-06-12,2019061201006297,NBL,46,34,237,326.00,"77,262.00"
2019-06-12,2019061201006652,NBL,45,7,200,327.00,"65,400.00"
2019-06-12,2019061201006620,NBL,53,7,167,326.00,"54,442.00"
2019-06-12,2019061201006603,NBL,41,7,300,327.00,"98,100.00"
2019-06-12,2019061201006498,NBL,53,49,20,326.00,"6,520.00"
2019-06-12,2019061201006467,NBL,11,7,200,327.00,"65,400.00"
2019-06-12,2019061201006443,NBL,53,43,500,326.00,"163,000.00"
2019-06-12,2019061201006754,NCCB,34,16,10,258.00,"2,580.00"
2019-06-12,2019061201006723,NCCB,40,25,200,257.00,"51,400.00"
2019-06-12,2019061201006722,NCCB,40,25,500,257.00,"128,500.00"
2019-06-12,2019061201006721,NCCB,28,25,300,257.00,"77,100.00"
2019-06-12,2019061201006696,NCCB,34,16,10,258.00,"2,580.00"
2019-06-12,2019061201006644,NCCB,28,50,200,257.00,"51,400.00"
2019-06-12,2019061201006564,NCCB,50,55,100,257.00,"25,700.00"
2019-06-12,2019061201006563,NCCB,33,55,300,257.00,"77,100.00"
2019-06-12,2019061201006502,NCCB,33,1,500,257.00,"128,500.00"
2019-06-12,2019061201006335,NCCB,33,33,200,257.00,"51,400.00"
2019-06-12,2019061201006331,NCCB,50,16,832,258.00,"214,656.00"
2019-06-12,2019061201006330,NCCB,50,34,168,258.00,"43,344.00"
2019-06-12,2019061201006643,NCCB,47,50,100,257.00,"25,700.00"
2019-06-12,2019061201006642,NCCB,5,50,200,257.00,"51,400.00"
2019-06-12,2019061201006641,NCCB,21,50,400,257.00,"102,800.00"
2019-06-12,2019061201006640,NCCB,48,50,100,257.00,"25,700.00"
2019-06-12,2019061201006566,NCCB,48,55,100,257.00,"25,700.00"
2019-06-12,2019061201006565,NCCB,50,55,"1,000",257.00,"257,000.00"
2019-06-12,2019061201006570,NGPL,46,38,23,119.00,"2,737.00"
2019-06-12,2019061201006686,NHPC,16,52,10,69.00,690.00
2019-06-12,2019061201006650,NIB,52,39,55,529.00,"29,095.00"
2019-06-12,2019061201006494,NIB,53,42,150,530.00,"79,500.00"
2019-06-12,2019061201006493,NIB,53,43,405,530.00,"214,650.00"
2019-06-12,2019061201006492,NIB,53,39,30,530.00,"15,900.00"
2019-06-12,2019061201006491,NIB,53,52,100,530.00,"53,000.00"
2019-06-12,2019061201006490,NIB,53,26,60,530.00,"31,800.00"
2019-06-12,2019061201006457,NIB,52,41,12,529.00,"6,348.00"
2019-06-12,2019061201006405,NIBPO,42,6,500,485.00,"242,500.00"
2019-06-12,2019061201006396,NIBPO,38,6,500,486.00,"243,000.00"
2019-06-12,2019061201006730,NICA,7,4,110,458.00,"50,380.00"
2019-06-12,2019061201006729,NICA,51,4,40,458.00,"18,320.00"
2019-06-12,2019061201006728,NICA,48,4,250,458.00,"114,500.00"
2019-06-12,2019061201006646,NICA,48,46,500,458.00,"229,000.00"
2019-06-12,2019061201006562,NICA,48,36,250,458.00,"114,500.00"
2019-06-12,2019061201006500,NICA,59,46,500,458.00,"229,000.00"
2019-06-12,2019061201006309,NICA,7,4,500,457.00,"228,500.00"
2019-06-12,2019061201006308,NICA,14,4,200,457.00,"91,400.00"
2019-06-12,2019061201006307,NICA,51,4,10,457.00,"4,570.00"
2019-06-12,2019061201006474,NICA,25,4,58,459.00,"26,622.00"
2019-06-12,2019061201006466,NICA,57,32,10,460.00,"4,600.00"
2019-06-12,2019061201006421,NICA,25,25,142,459.00,"65,178.00"
2019-06-12,2019061201006373,NICA,53,4,"1,080",459.00,"495,720.00"
2019-06-12,2019061201006334,NICA,22,4,200,459.00,"91,800.00"
2019-06-12,2019061201006310,NICA,7,4,290,457.00,"132,530.00"
2019-06-12,2019061201006790,NICL,43,42,10,368.00,"3,680.00"
2019-06-12,2019061201006660,NICL,47,37,100,363.00,"36,300.00"
2019-06-12,2019061201006659,NICL,41,37,400,363.00,"145,200.00"
2019-06-12,2019061201006658,NICL,34,37,100,363.00,"36,300.00"
2019-06-12,2019061201006657,NICL,37,37,135,363.00,"49,005.00"
2019-06-12,2019061201006656,NICL,40,37,100,364.00,"36,400.00"
2019-06-12,2019061201006655,NICL,21,37,100,364.00,"36,400.00"
2019-06-12,2019061201006654,NICL,45,37,20,365.00,"7,300.00"
2019-06-12,2019061201006439,NICL,44,37,40,369.00,"14,760.00"
2019-06-12,2019061201006427,NICL,25,25,70,366.00,"25,620.00"
2019-06-12,2019061201006321,NICL,44,35,60,364.00,"21,840.00"
2019-06-12,2019061201006382,NIL,25,43,20,491.00,"9,820.00"
2019-06-12,2019061201006381,NIL,40,43,40,491.00,"19,640.00"
2019-06-12,2019061201006380,NIL,43,43,90,493.00,"44,370.00"
2019-06-12,2019061201006379,NIL,14,43,50,494.00,"24,700.00"
2019-06-12,2019061201006315,NIL,34,32,175,499.00,"87,325.00"
2019-06-12,2019061201006305,NIL,34,49,95,499.00,"47,405.00"
2019-06-12,2019061201006636,NLIC,16,17,157,912.00,"143,184.00"
2019-06-12,2019061201006635,NLIC,48,17,35,912.00,"31,920.00"
2019-06-12,2019061201006634,NLIC,49,17,55,912.00,"50,160.00"
2019-06-12,2019061201006633,NLIC,36,17,10,913.00,"9,130.00"
2019-06-12,2019061201006632,NLIC,56,17,200,913.00,"182,600.00"
2019-06-12,2019061201006631,NLIC,56,17,30,913.00,"27,390.00"
2019-06-12,2019061201006630,NLIC,22,17,13,913.00,"11,869.00"
2019-06-12,2019061201006587,NLIC,21,49,60,914.00,"54,840.00"
2019-06-12,2019061201006586,NLIC,16,49,33,914.00,"30,162.00"
2019-06-12,2019061201006556,NLIC,16,6,10,914.00,"9,140.00"
2019-06-12,2019061201006597,NLICL,25,22,740,629.00,"465,460.00"
2019-06-12,2019061201006464,NMFBS,33,40,50,"1,468.00","73,400.00"
2019-06-12,2019061201006668,NTC,43,42,10,703.00,"7,030.00"
2019-06-12,2019061201006558,NTC,34,21,700,696.00,"487,200.00"
2019-06-12,2019061201006520,NTC,16,42,280,703.00,"196,840.00"
2019-06-12,2019061201006507,NTC,34,55,50,697.00,"34,850.00"
2019-06-12,2019061201006506,NTC,13,55,15,697.00,"10,455.00"
2019-06-12,2019061201006505,NTC,51,55,80,698.00,"55,840.00"
2019-06-12,2019061201006504,NTC,32,55,30,699.00,"20,970.00"
2019-06-12,2019061201006503,NTC,36,55,10,700.00,"7,000.00"
2019-06-12,2019061201006519,NTC,16,42,110,702.00,"77,220.00"
2019-06-12,2019061201006518,NTC,16,6,10,702.00,"7,020.00"
2019-06-12,2019061201006511,NTC,34,55,119,696.00,"82,824.00"
2019-06-12,2019061201006510,NTC,34,55,16,696.00,"11,136.00"
2019-06-12,2019061201006509,NTC,26,55,10,697.00,"6,970.00"
2019-06-12,2019061201006508,NTC,4,55,20,697.00,"13,940.00"
2019-06-12,2019061201006727,OHL,42,16,40,649.00,"25,960.00"
2019-06-12,2019061201006677,OHL,34,14,150,641.00,"96,150.00"
2019-06-12,2019061201006671,OHL,42,16,10,649.00,"6,490.00"
2019-06-12,2019061201006670,OHL,42,51,15,645.00,"9,675.00"
2019-06-12,2019061201006588,OHL,34,14,50,641.00,"32,050.00"
2019-06-12,2019061201006419,PCBL,53,22,210,293.00,"61,530.00"
2019-06-12,2019061201006377,PCBL,53,4,181,293.00,"53,033.00"
2019-06-12,2019061201006376,PCBL,39,4,219,293.00,"64,167.00"
2019-06-12,2019061201006746,PIC,41,1,28,"1,025.00","28,700.00"
2019-06-12,2019061201006745,PIC,56,1,57,"1,025.00","58,425.00"
2019-06-12,2019061201006673,PIC,56,58,43,"1,025.00","44,075.00"
2019-06-12,2019061201006672,PIC,28,58,157,"1,025.00","160,925.00"
2019-06-12,2019061201006664,PIC,37,4,200,"1,028.00","205,600.00"
2019-06-12,2019061201006651,PIC,42,4,20,"1,028.00","20,560.00"
2019-06-12,2019061201006346,PIC,14,4,50,"1,030.00","51,500.00"
2019-06-12,2019061201006345,PIC,47,4,50,"1,030.00","51,500.00"
2019-06-12,2019061201006344,PIC,54,4,100,"1,030.00","103,000.00"
2019-06-12,2019061201006343,PIC,39,4,10,"1,030.00","10,300.00"
2019-06-12,2019061201006607,PIC,34,4,10,"1,028.00","10,280.00"
2019-06-12,2019061201006578,PIC,8,4,300,"1,026.00","307,800.00"
2019-06-12,2019061201006431,PIC,8,13,200,"1,026.00","205,200.00"
2019-06-12,2019061201006349,PIC,17,4,300,"1,028.00","308,400.00"
2019-06-12,2019061201006348,PIC,45,4,20,"1,029.00","20,580.00"
2019-06-12,2019061201006347,PIC,38,4,200,"1,029.00","205,800.00"
2019-06-12,2019061201006561,PICL,7,58,100,620.00,"62,000.00"
2019-06-12,2019061201006395,PICL,1,40,26,618.00,"16,068.00"
2019-06-12,2019061201006314,PICL,36,40,170,627.00,"106,590.00"
2019-06-12,2019061201006298,PICL,38,40,10,627.00,"6,270.00"
2019-06-12,2019061201006487,PLIC,25,16,40,448.00,"17,920.00"
2019-06-12,2019061201006690,PPCL,14,33,50,139.00,"6,950.00"
2019-06-12,2019061201006543,PPCL,6,14,30,138.00,"4,140.00"
2019-06-12,2019061201006372,PPCL,6,6,20,138.00,"2,760.00"
2019-06-12,2019061201006361,PPCL,6,6,30,138.00,"4,140.00"
2019-06-12,2019061201006360,PPCL,6,6,20,138.00,"2,760.00"
2019-06-12,2019061201006359,PPCL,6,6,30,138.00,"4,140.00"
2019-06-12,2019061201006358,PPCL,6,6,20,138.00,"2,760.00"
2019-06-12,2019061201006357,PPCL,6,6,20,138.00,"2,760.00"
2019-06-12,2019061201006356,PPCL,6,54,20,138.00,"2,760.00"
2019-06-12,2019061201006753,PRIN,48,39,14,388.00,"5,432.00"
2019-06-12,2019061201006674,PRIN,43,39,29,389.00,"11,281.00"
2019-06-12,2019061201006688,PRVU,41,48,40,271.00,"10,840.00"
2019-06-12,2019061201006605,PRVU,29,14,540,270.00,"145,800.00"
2019-06-12,2019061201006604,PRVU,41,14,460,270.00,"124,200.00"
2019-06-12,2019061201006488,PRVU,41,42,40,270.00,"10,800.00"
2019-06-12,2019061201006339,PRVU,8,58,200,271.00,"54,200.00"
2019-06-12,2019061201006451,RADHI,52,42,297,167.00,"49,599.00"
2019-06-12,2019061201006734,RBCL,34,6,10,"9,800.00","98,000.00"
2019-06-12,2019061201006426,RBCLPO,42,44,10,"9,000.00","90,000.00"
2019-06-12,2019061201006296,RBCLPO,33,44,10,"9,000.00","90,000.00"
2019-06-12,2019061201006455,RMDC,47,32,72,649.00,"46,728.00"
2019-06-12,2019061201006429,RRHP,22,51,10,104.00,"1,040.00"
2019-06-12,2019061201006295,RRHP,22,57,10,104.00,"1,040.00"
2019-06-12,2019061201006399,RSDC,41,41,1,370.00,370.00
2019-06-12,2019061201006720,SADBL,42,19,50,151.00,"7,550.00"
2019-06-12,2019061201006719,SADBL,45,19,100,151.00,"15,100.00"
2019-06-12,2019061201006598,SANIMA,34,1,240,347.00,"83,280.00"
2019-06-12,2019061201006583,SANIMA,34,39,520,347.00,"180,440.00"
2019-06-12,2019061201006438,SANIMA,1,34,2,348.00,696.00
2019-06-12,2019061201006437,SANIMA,1,55,100,348.00,"34,800.00"
2019-06-12,2019061201006572,SBI,37,17,26,466.00,"12,116.00"
2019-06-12,2019061201006571,SBI,37,28,355,466.00,"165,430.00"
2019-06-12,2019061201006785,SBL,8,39,453,320.00,"144,960.00"
2019-06-12,2019061201006784,SBL,58,39,"2,000",320.00,"640,000.00"
2019-06-12,2019061201006783,SBL,13,39,400,320.00,"128,000.00"
2019-06-12,2019061201006782,SBL,38,39,50,320.00,"16,000.00"
2019-06-12,2019061201006781,SBL,34,39,100,320.00,"32,000.00"
2019-06-12,2019061201006780,SBL,28,39,"1,000",320.00,"320,000.00"
2019-06-12,2019061201006761,SBL,43,39,40,323.00,"12,920.00"
2019-06-12,2019061201006760,SBL,43,39,50,323.00,"16,150.00"
2019-06-12,2019061201006759,SBL,43,39,50,323.00,"16,150.00"
2019-06-12,2019061201006758,SBL,43,39,50,323.00,"16,150.00"
2019-06-12,2019061201006757,SBL,43,39,50,323.00,"16,150.00"
2019-06-12,2019061201006756,SBL,19,39,137,323.00,"44,251.00"
2019-06-12,2019061201006767,SBL,43,39,40,323.00,"12,920.00"
2019-06-12,2019061201006766,SBL,43,39,50,323.00,"16,150.00"
2019-06-12,2019061201006765,SBL,43,39,50,323.00,"16,150.00"
2019-06-12,2019061201006764,SBL,43,39,50,323.00,"16,150.00"
2019-06-12,2019061201006763,SBL,43,39,40,323.00,"12,920.00"
2019-06-12,2019061201006762,SBL,43,39,40,323.00,"12,920.00"
2019-06-12,2019061201006773,SBL,19,39,100,323.00,"32,300.00"
2019-06-12,2019061201006772,SBL,6,39,150,323.00,"48,450.00"
2019-06-12,2019061201006771,SBL,43,39,50,323.00,"16,150.00"
2019-06-12,2019061201006770,SBL,43,39,50,323.00,"16,150.00"
2019-06-12,2019061201006769,SBL,43,39,50,323.00,"16,150.00"
2019-06-12,2019061201006768,SBL,43,39,50,323.00,"16,150.00"
2019-06-12,2019061201006779,SBL,37,39,150,320.00,"48,000.00"
2019-06-12,2019061201006778,SBL,28,39,200,321.00,"64,200.00"
2019-06-12,2019061201006777,SBL,28,39,500,321.00,"160,500.00"
2019-06-12,2019061201006776,SBL,55,39,500,321.00,"160,500.00"
2019-06-12,2019061201006775,SBL,48,39,50,322.00,"16,100.00"
2019-06-12,2019061201006774,SBL,25,39,500,322.00,"161,000.00"
2019-06-12,2019061201006582,SCB,50,33,10,669.00,"6,690.00"
2019-06-12,2019061201006306,SCB,22,49,50,661.00,"33,050.00"
2019-06-12,2019061201006473,SDESI,1,58,27,563.00,"15,201.00"
2019-06-12,2019061201006744,SHIVM,8,48,10,665.00,"6,650.00"
2019-06-12,2019061201006743,SHIVM,8,42,90,665.00,"59,850.00"
2019-06-12,2019061201006733,SHIVM,29,34,100,664.00,"66,400.00"
2019-06-12,2019061201006725,SHIVM,1,38,10,663.00,"6,630.00"
2019-06-12,2019061201006712,SHIVM,10,42,10,665.00,"6,650.00"
2019-06-12,2019061201006687,SHIVM,1,38,10,663.00,"6,630.00"
2019-06-12,2019061201006392,SHIVM,21,25,100,664.00,"66,400.00"
2019-06-12,2019061201006391,SHIVM,21,6,160,664.00,"106,240.00"
2019-06-12,2019061201006390,SHIVM,21,14,200,664.00,"132,800.00"
2019-06-12,2019061201006383,SHIVM,45,42,"1,000",663.00,"663,000.00"
2019-06-12,2019061201006301,SHIVM,45,38,"1,000",663.00,"663,000.00"
2019-06-12,2019061201006415,SHIVM,45,10,"1,000",663.00,"663,000.00"
2019-06-12,2019061201006410,SHIVM,45,38,500,663.00,"331,500.00"
2019-06-12,2019061201006408,SHIVM,57,42,10,665.00,"6,650.00"
2019-06-12,2019061201006407,SHIVM,57,7,40,665.00,"26,600.00"
2019-06-12,2019061201006406,SHIVM,28,53,50,664.00,"33,200.00"
2019-06-12,2019061201006401,SHIVM,45,37,50,663.00,"33,150.00"
2019-06-12,2019061201006471,SHIVM,16,41,50,662.00,"33,100.00"
2019-06-12,2019061201006470,SHIVM,1,41,50,663.00,"33,150.00"
2019-06-12,2019061201006469,SHIVM,45,41,300,663.00,"198,900.00"
2019-06-12,2019061201006460,SHIVM,45,7,50,663.00,"33,150.00"
2019-06-12,2019061201006428,SHIVM,45,7,50,663.00,"33,150.00"
2019-06-12,2019061201006417,SHIVM,45,37,50,663.00,"33,150.00"
2019-06-12,2019061201006554,SHIVM,50,45,150,662.00,"99,300.00"
2019-06-12,2019061201006553,SHIVM,58,45,90,662.00,"59,580.00"
2019-06-12,2019061201006552,SHIVM,1,7,50,664.00,"33,200.00"
2019-06-12,2019061201006551,SHIVM,1,53,50,664.00,"33,200.00"
2019-06-12,2019061201006489,SHIVM,21,38,500,663.00,"331,500.00"
2019-06-12,2019061201006472,SHIVM,58,41,10,662.00,"6,620.00"
2019-06-12,2019061201006639,SHIVM,5,42,90,665.00,"59,850.00"
2019-06-12,2019061201006638,SHIVM,5,28,10,664.00,"6,640.00"
2019-06-12,2019061201006601,SHIVM,1,17,50,663.00,"33,150.00"
2019-06-12,2019061201006599,SHIVM,1,40,150,663.00,"99,450.00"
2019-06-12,2019061201006581,SHIVM,45,38,100,662.00,"66,200.00"
2019-06-12,2019061201006555,SHIVM,45,45,260,662.00,"172,120.00"
2019-06-12,2019061201006485,SHL,19,43,363,233.00,"84,579.00"
2019-06-12,2019061201006484,SHL,57,43,137,233.00,"31,921.00"
2019-06-12,2019061201006414,SHL,57,42,363,233.00,"84,579.00"
2019-06-12,2019061201006316,SHL,46,43,500,234.00,"117,000.00"
2019-06-12,2019061201006788,SHPC,43,6,10,258.00,"2,580.00"
2019-06-12,2019061201006512,SHPC,32,49,10,253.00,"2,530.00"
2019-06-12,2019061201006463,SHPC,25,49,200,254.00,"50,800.00"
2019-06-12,2019061201006462,SHPC,45,49,"1,000",254.00,"254,000.00"
2019-06-12,2019061201006434,SHPC,43,46,10,259.00,"2,590.00"
2019-06-12,2019061201006416,SHPC,43,46,10,258.00,"2,580.00"
2019-06-12,2019061201006436,SIC,42,22,26,"1,314.00","34,164.00"
2019-06-12,2019061201006386,SIC,29,45,100,"1,313.00","131,300.00"
2019-06-12,2019061201006385,SIC,29,17,180,"1,312.00","236,160.00"
2019-06-12,2019061201006362,SIC,6,47,100,"1,306.00","130,600.00"
2019-06-12,2019061201006313,SIC,16,17,10,"1,312.00","13,120.00"
2019-06-12,2019061201006755,SIL,36,56,500,544.00,"272,000.00"
2019-06-12,2019061201006748,SIL,16,56,10,544.00,"5,440.00"
2019-06-12,2019061201006710,SIL,44,56,200,544.00,"108,800.00"
2019-06-12,2019061201006709,SIL,21,56,10,545.00,"5,450.00"
2019-06-12,2019061201006708,SIL,58,56,27,545.00,"14,715.00"
2019-06-12,2019061201006702,SIL,58,21,73,545.00,"39,785.00"
2019-06-12,2019061201006340,SIL,56,17,50,555.00,"27,750.00"
2019-06-12,2019061201006424,SIL,49,28,150,547.00,"82,050.00"
2019-06-12,2019061201006423,SIL,34,28,200,547.00,"109,400.00"
2019-06-12,2019061201006422,SIL,20,28,35,550.00,"19,250.00"
2019-06-12,2019061201006403,SIL,17,44,50,555.00,"27,750.00"
2019-06-12,2019061201006342,SIL,20,17,165,550.00,"90,750.00"
2019-06-12,2019061201006341,SIL,41,17,25,552.00,"13,800.00"
2019-06-12,2019061201006701,SIL,28,21,174,549.00,"95,526.00"
2019-06-12,2019061201006662,SIL,25,56,50,555.00,"27,750.00"
2019-06-12,2019061201006629,SIL,28,32,126,549.00,"69,174.00"
2019-06-12,2019061201006465,SIL,25,55,40,560.00,"22,400.00"
2019-06-12,2019061201006435,SIL,25,44,10,555.00,"5,550.00"
2019-06-12,2019061201006425,SIL,45,28,55,547.00,"30,085.00"
2019-06-12,2019061201006637,SKBBL,34,41,500,957.00,"478,500.00"
2019-06-12,2019061201006430,SLBS,36,36,15,740.00,"11,100.00"
2019-06-12,2019061201006751,SLICL,34,4,200,468.00,"93,600.00"
2019-06-12,2019061201006534,SLICL,25,37,10,467.00,"4,670.00"
2019-06-12,2019061201006514,SLICL,34,4,300,468.00,"140,400.00"
2019-06-12,2019061201006513,SLICL,10,4,200,468.00,"93,600.00"
2019-06-12,2019061201006454,SLICL,42,37,30,470.00,"14,100.00"
2019-06-12,2019061201006453,SLICL,3,37,50,470.00,"23,500.00"
2019-06-12,2019061201006452,SLICL,58,37,50,470.00,"23,500.00"
2019-06-12,2019061201006375,SLICL,18,4,40,471.00,"18,840.00"
2019-06-12,2019061201006294,SLICL,1,4,100,471.00,"47,100.00"
2019-06-12,2019061201006363,SMFDB,29,34,61,550.00,"33,550.00"
2019-06-12,2019061201006737,SPARS,22,45,10,520.00,"5,200.00"
2019-06-12,2019061201006736,SPARS,22,36,10,519.00,"5,190.00"
2019-06-12,2019061201006735,SPARS,22,49,10,518.00,"5,180.00"
2019-06-12,2019061201006645,SPARS,42,20,10,513.00,"5,130.00"
2019-06-12,2019061201006515,SPARS,6,20,10,512.00,"5,120.00"
2019-06-12,2019061201006486,SPARS,6,20,10,512.00,"5,120.00"
2019-06-12,2019061201006468,SPARS,6,20,10,512.00,"5,120.00"
2019-06-12,2019061201006497,SPDL,38,17,15,100.00,"1,500.00"
2019-06-12,2019061201006496,SPDL,38,21,54,100.00,"5,400.00"
2019-06-12,2019061201006495,SPDL,38,34,192,100.00,"19,200.00"
2019-06-12,2019061201006409,SPDL,38,7,400,99.00,"39,600.00"
2019-06-12,2019061201006540,SRBL,28,39,200,254.00,"50,800.00"
2019-06-12,2019061201006539,SRBL,13,39,66,254.00,"16,764.00"
2019-06-12,2019061201006378,SWBBL,19,14,196,880.00,"172,480.00"
2019-06-12,2019061201006711,TRH,43,1,10,318.00,"3,180.00"
2019-06-12,2019061201006312,TRH,49,28,10,316.00,"3,160.00"
2019-06-12,2019061202000002,UNHPL,1,42,50,150.00,"7,500.00"
2019-06-12,2019061201006667,UNL,3,3,10,"19,696.00","196,960.00"
2019-06-12,2019061201006524,UPCL,56,59,500,92.00,"46,000.00"
2019-06-12,2019061201006523,UPCL,48,59,200,92.00,"18,400.00"
2019-06-12,2019061201006522,UPCL,7,59,450,92.00,"41,400.00"
2019-06-12,2019061201006742,UPPER,11,25,88,267.00,"23,496.00"
2019-06-12,2019061201006475,UPPER,29,25,200,267.00,"53,400.00"
2019-06-12,2019061201006420,UPPER,57,17,40,266.00,"10,640.00"
2019-06-12,2019061201006212,ADBL,20,42,40,413.00,"16,520.00"
2019-06-12,2019061201006211,ADBL,47,42,43,413.00,"17,759.00"
2019-06-12,2019061201006210,ADBL,7,42,240,414.00,"99,360.00"
2019-06-12,2019061201006209,ADBL,29,42,47,414.00,"19,458.00"
2019-06-12,2019061201005997,ADBL,29,34,100,414.00,"41,400.00"
2019-06-12,2019061201005933,ADBL,29,16,14,414.00,"5,796.00"
2019-06-12,2019061201005906,ADBL,57,16,82,414.00,"33,948.00"
2019-06-12,2019061201005862,ADBL,13,16,23,414.00,"9,522.00"
2019-06-12,2019061201005834,ADBL,13,57,27,414.00,"11,178.00"
2019-06-12,2019061201005833,ADBL,7,57,55,414.00,"22,770.00"
2019-06-12,2019061201005987,AKJCL,57,38,10,76.00,760.00
2019-06-12,2019061201006227,AKPL,8,44,118,187.00,"22,066.00"
2019-06-12,2019061201005826,AKPL,8,25,11,187.00,"2,057.00"
2019-06-12,2019061201006280,ALBSL,58,20,10,418.00,"4,180.00"
2019-06-12,2019061201006252,ALBSL,58,20,10,418.00,"4,180.00"
2019-06-12,2019061201006049,ALBSL,58,20,10,418.00,"4,180.00"
2019-06-12,2019061201006198,ALICL,42,17,53,394.00,"20,882.00"
2019-06-12,2019061201006057,ALICL,48,13,20,395.00,"7,900.00"
2019-06-12,2019061201005918,API,25,48,15,150.00,"2,250.00"
2019-06-12,2019061201005819,API,53,25,900,148.00,"133,200.00"
2019-06-12,2019061201005881,BFC,56,57,26,106.00,"2,756.00"
2019-06-12,2019061201005870,BFC,57,28,500,105.00,"52,500.00"
2019-06-12,2019061201006087,BOKL,57,33,147,264.00,"38,808.00"
2019-06-12,2019061201005905,BOKL,1,33,52,264.00,"13,728.00"
2019-06-12,2019061201005863,BOKL,56,17,10,265.00,"2,650.00"
2019-06-12,2019061201006254,BPCL,16,42,124,405.00,"50,220.00"
2019-06-12,2019061201006171,BPCL,16,46,265,405.00,"107,325.00"
2019-06-12,2019061201006132,BPCL,16,47,111,405.00,"44,955.00"
2019-06-12,2019061201005994,BPCL,47,47,89,405.00,"36,045.00"
2019-06-12,2019061201005938,BPCL,47,46,11,405.00,"4,455.00"
2019-06-12,2019061201005937,BPCL,7,46,150,405.00,"60,750.00"
2019-06-12,2019061201005936,BPCL,39,46,50,405.00,"20,250.00"
2019-06-12,2019061201005935,BPCL,14,46,89,405.00,"36,045.00"
2019-06-12,2019061201005919,BPCL,14,41,11,405.00,"4,455.00"
2019-06-12,2019061201006045,CBBL,20,35,103,937.00,"96,511.00"
2019-06-12,2019061201005995,CBL,7,39,400,147.00,"58,800.00"
2019-06-12,2019061201005861,CBL,34,1,420,146.00,"61,320.00"
2019-06-12,2019061201005860,CBL,44,1,"1,580",146.00,"230,680.00"
2019-06-12,2019061201005993,CCBL,42,49,500,166.00,"83,000.00"
2019-06-12,2019061201005983,CCBL,29,49,113,166.00,"18,758.00"
2019-06-12,2019061201005982,CCBL,29,45,400,166.00,"66,400.00"
2019-06-12,2019061201005981,CCBL,29,45,400,166.00,"66,400.00"
2019-06-12,2019061201005875,CCBL,48,29,913,165.00,"150,645.00"
2019-06-12,2019061201006245,CHCL,42,32,"1,520",517.00,"785,840.00"
2019-06-12,2019061201006244,CHCL,42,34,"1,000",516.00,"516,000.00"
2019-06-12,2019061201006030,CHCL,42,41,40,515.00,"20,600.00"
2019-06-12,2019061201006031,CMF1,47,42,500,9.50,"4,750.00"
2019-06-12,2019061201005897,CORBL,45,18,50,118.00,"5,900.00"
2019-06-12,2019061201005896,CORBL,48,18,60,118.00,"7,080.00"
2019-06-12,2019061201005984,CZBIL,22,54,10,223.00,"2,230.00"
2019-06-12,2019061201005858,CZBIL,11,53,174,222.00,"38,628.00"
2019-06-12,2019061201005798,CZBIL,11,45,10,222.00,"2,220.00"
2019-06-12,2019061201006222,DDBL,29,32,50,715.00,"35,750.00"
2019-06-12,2019061201006005,DDBL,54,58,50,718.00,"35,900.00"
2019-06-12,2019061201006250,EBL,26,59,50,664.00,"33,200.00"
2019-06-12,2019061201006223,EBL,35,49,50,663.00,"33,150.00"
2019-06-12,2019061201006066,EBL,49,59,39,664.00,"25,896.00"
2019-06-12,2019061201005999,EBL,49,16,61,664.00,"40,504.00"
2019-06-12,2019061201006116,EIC,48,6,200,386.00,"77,200.00"
2019-06-12,2019061201006101,EIC,48,32,100,384.00,"38,400.00"
2019-06-12,2019061201006100,EIC,48,43,100,382.00,"38,200.00"
2019-06-12,2019061201006099,EIC,48,7,88,381.00,"33,528.00"
2019-06-12,2019061201006113,FMDBL,3,14,207,390.00,"80,730.00"
2019-06-12,2019061201006112,FMDBL,6,14,50,390.00,"19,500.00"
2019-06-12,2019061201006111,FMDBL,50,14,10,390.00,"3,900.00"
2019-06-12,2019061201006110,FMDBL,14,14,20,390.00,"7,800.00"
2019-06-12,2019061201006020,FOWAD,34,6,13,"1,415.00","18,395.00"
2019-06-12,2019061201006017,FOWAD,57,42,18,"1,419.00","25,542.00"
2019-06-12,2019061201006009,FOWAD,34,6,14,"1,415.00","19,810.00"
2019-06-12,2019061201005839,FOWAD,21,21,3,"1,392.00","4,176.00"
2019-06-12,2019061201005797,FOWAD,56,37,50,"1,420.00","71,000.00"
2019-06-12,2019061201006141,GBBL,28,16,84,226.00,"18,984.00"
2019-06-12,2019061201006226,GBIME,34,26,300,300.00,"90,000.00"
2019-06-12,2019061201006130,GBIME,13,51,12,297.00,"3,564.00"
2019-06-12,2019061201006083,GBIME,13,54,255,297.00,"75,735.00"
2019-06-12,2019061201006082,GBIME,36,54,214,297.00,"63,558.00"
2019-06-12,2019061201006081,GBIME,55,54,"1,000",298.00,"298,000.00"
2019-06-12,2019061201006080,GBIME,59,54,500,298.00,"149,000.00"
2019-06-12,2019061201006073,GBIME,25,54,50,299.00,"14,950.00"
2019-06-12,2019061201006072,GBIME,56,54,100,299.00,"29,900.00"
2019-06-12,2019061201006071,GBIME,16,54,42,299.00,"12,558.00"
2019-06-12,2019061201005838,GBIME,19,26,10,300.00,"3,000.00"
2019-06-12,2019061201006079,GBIME,53,54,"3,000",298.00,"894,000.00"
2019-06-12,2019061201006078,GBIME,48,54,100,298.00,"29,800.00"
2019-06-12,2019061201006077,GBIME,38,54,100,298.00,"29,800.00"
2019-06-12,2019061201006076,GBIME,53,54,200,298.00,"59,600.00"
2019-06-12,2019061201006075,GBIME,14,54,50,298.00,"14,900.00"
2019-06-12,2019061201006074,GBIME,50,54,389,298.00,"115,922.00"
2019-06-12,2019061201006243,GBLBS,39,59,10,361.00,"3,610.00"
2019-06-12,2019061201006012,GDBL,43,32,930,212.00,"197,160.00"
2019-06-12,2019061201006011,GDBL,1,32,70,212.00,"14,840.00"
2019-06-12,2019061201005988,GDBL,1,32,30,212.00,"6,360.00"
2019-06-12,2019061201005895,GIMES1,26,49,"1,500",8.01,"12,015.00"
2019-06-12,2019061201005894,GIMES1,36,49,"1,000",8.05,"8,050.00"
2019-06-12,2019061201005900,GLICL,57,19,200,520.00,"104,000.00"
2019-06-12,2019061201006129,GRDBL,49,25,100,119.00,"11,900.00"
2019-06-12,2019061201005849,GRDBL,3,17,100,120.00,"12,000.00"
2019-06-12,2019061201005978,HBL,4,46,100,560.00,"56,000.00"
2019-06-12,2019061201006255,HDL,5,45,40,"1,724.00","68,960.00"
2019-06-12,2019061201006184,HDL,5,44,60,"1,724.00","103,440.00"
2019-06-12,2019061201006183,HDL,40,44,30,"1,724.00","51,720.00"
2019-06-12,2019061201006182,HDL,51,44,120,"1,725.00","207,000.00"
2019-06-12,2019061201006181,HDL,35,44,30,"1,725.00","51,750.00"
2019-06-12,2019061201006248,HIDCL,5,6,102,161.00,"16,422.00"
2019-06-12,2019061201005857,HIDCL,5,43,304,161.00,"48,944.00"
2019-06-12,2019061201005856,HIDCL,29,43,"1,000",161.00,"161,000.00"
2019-06-12,2019061201005855,HIDCL,16,43,51,161.00,"8,211.00"
2019-06-12,2019061201005854,HIDCL,36,43,145,161.00,"23,345.00"
2019-06-12,2019061201006166,HPPL,38,1,90,178.00,"16,020.00"
2019-06-12,2019061201006133,HPPL,38,57,110,178.00,"19,580.00"
2019-06-12,2019061201005930,HPPL,16,41,10,177.00,"1,770.00"
2019-06-12,2019061201006126,HURJA,1,21,20,151.00,"3,020.00"
2019-06-12,2019061201006125,HURJA,1,21,20,151.00,"3,020.00"
2019-06-12,2019061201006124,HURJA,1,25,20,151.00,"3,020.00"
2019-06-12,2019061201006123,HURJA,1,26,20,151.00,"3,020.00"
2019-06-12,2019061201006122,HURJA,1,42,20,151.00,"3,020.00"
2019-06-12,2019061201006040,JBBL,38,17,150,160.00,"24,000.00"
2019-06-12,2019061201006022,JBBL,10,41,89,158.00,"14,062.00"
2019-06-12,2019061201006165,JBNL,16,57,100,208.00,"20,800.00"
2019-06-12,2019061201005976,JBNL,50,10,723,207.00,"149,661.00"
2019-06-12,2019061201005975,JBNL,43,10,800,207.00,"165,600.00"
2019-06-12,2019061201005974,JBNL,42,10,"1,000",207.00,"207,000.00"
2019-06-12,2019061201005973,JBNL,32,10,"1,000",207.00,"207,000.00"
2019-06-12,2019061201005972,JBNL,57,10,500,207.00,"103,500.00"
2019-06-12,2019061201005971,JBNL,58,10,877,207.00,"181,539.00"
2019-06-12,2019061201006090,JSLBB,35,43,10,"1,911.00","19,110.00"
2019-06-12,2019061201006089,JSLBB,48,43,27,"1,911.00","51,597.00"
2019-06-12,2019061201006088,JSLBB,48,43,14,"1,911.00","26,754.00"
2019-06-12,2019061201005813,JSLBB,48,47,10,"1,911.00","19,110.00"
2019-06-12,2019061201005812,JSLBB,48,47,10,"1,920.00","19,200.00"
2019-06-12,2019061201005816,KBBL,39,22,100,235.00,"23,500.00"
2019-06-12,2019061201005815,KBBL,39,45,"1,066",235.00,"250,510.00"
2019-06-12,2019061201005801,KBBL,39,48,"1,605",234.00,"375,570.00"
2019-06-12,2019061201005800,KBBL,39,53,67,234.00,"15,678.00"
2019-06-12,2019061201006238,KBL,7,4,450,213.00,"95,850.00"
2019-06-12,2019061201006021,KBL,1,4,500,213.00,"106,500.00"
2019-06-12,2019061201005998,KBL,22,4,10,213.00,"2,130.00"
2019-06-12,2019061201005952,KBL,43,4,100,213.00,"21,300.00"
2019-06-12,2019061201005951,KBL,54,4,200,213.00,"42,600.00"
2019-06-12,2019061201005950,KBL,48,4,100,213.00,"21,300.00"
2019-06-12,2019061201005949,KBL,42,4,"1,000",213.00,"213,000.00"
2019-06-12,2019061201005948,KBL,34,4,206,213.00,"43,878.00"
2019-06-12,2019061201005947,KBL,46,4,100,213.00,"21,300.00"
2019-06-12,2019061201005969,KKHC,29,41,10,74.00,740.00
2019-06-12,2019061201005891,KKHC,51,29,10,73.00,730.00
2019-06-12,2019061201006205,KPCL,59,20,10,95.00,950.00
2019-06-12,2019061201005802,KPCL,59,45,10,95.00,950.00
2019-06-12,2019061201005968,KRBL,58,39,100,117.00,"11,700.00"
2019-06-12,2019061201005967,KRBL,37,39,100,117.00,"11,700.00"
2019-06-12,2019061201006284,KSBBL,57,34,298,166.00,"49,468.00"
2019-06-12,2019061201006283,KSBBL,57,52,100,166.00,"16,600.00"
2019-06-12,2019061201006282,KSBBL,57,49,492,166.00,"81,672.00"
2019-06-12,2019061201006281,KSBBL,57,1,110,165.00,"18,150.00"
2019-06-12,2019061201006237,KSBBL,57,32,740,165.00,"122,100.00"
2019-06-12,2019061201006236,KSBBL,57,44,500,165.00,"82,500.00"
2019-06-12,2019061201006235,KSBBL,57,32,76,165.00,"12,540.00"
2019-06-12,2019061201006234,KSBBL,57,57,300,164.00,"49,200.00"
2019-06-12,2019061201006233,KSBBL,57,49,100,164.00,"16,400.00"
2019-06-12,2019061201006232,KSBBL,57,49,200,164.00,"32,800.00"
2019-06-12,2019061201006187,LBBL,44,45,500,197.00,"98,500.00"
2019-06-12,2019061201006164,LBBL,56,45,"1,000",197.00,"197,000.00"
2019-06-12,2019061201005945,LBBL,13,38,950,196.00,"186,200.00"
2019-06-12,2019061201005944,LBBL,50,38,100,196.00,"19,600.00"
2019-06-12,2019061201005943,LBBL,13,38,300,196.00,"58,800.00"
2019-06-12,2019061201005942,LBBL,1,38,64,196.00,"12,544.00"
2019-06-12,2019061201005941,LBBL,46,38,250,196.00,"49,000.00"
2019-06-12,2019061201005940,LBBL,45,38,255,196.00,"49,980.00"
2019-06-12,2019061201006213,LGIL,25,40,30,460.00,"13,800.00"
2019-06-12,2019061201006038,LGIL,22,33,73,460.00,"33,580.00"
2019-06-12,2019061201006001,LGIL,20,33,115,460.00,"52,900.00"
2019-06-12,2019061201006000,LGIL,20,42,100,459.00,"45,900.00"
2019-06-12,2019061201006121,LLBS,35,38,100,681.00,"68,100.00"
2019-06-12,2019061201006016,LLBS,36,6,20,681.00,"13,620.00"
2019-06-12,2019061201005830,MBL,46,37,321,269.00,"86,349.00"
2019-06-12,2019061201005829,MBL,46,45,179,269.00,"48,151.00"
2019-06-12,2019061201005794,MBL,28,53,458,268.00,"122,744.00"
2019-06-12,2019061201005793,MBL,32,53,42,268.00,"11,256.00"
2019-06-12,2019061201006068,MDB,6,5,50,245.00,"12,250.00"
2019-06-12,2019061201006241,MEGA,42,38,64,201.00,"12,864.00"
2019-06-12,2019061201006240,MEGA,55,38,36,201.00,"7,236.00"
2019-06-12,2019061201006192,MEGA,55,13,464,201.00,"93,264.00"
2019-06-12,2019061201006191,MEGA,16,13,100,201.00,"20,100.00"
2019-06-12,2019061201006190,MEGA,38,13,200,201.00,"40,200.00"
2019-06-12,2019061201006189,MEGA,42,13,50,201.00,"10,050.00"
2019-06-12,2019061201005811,MEGA,40,52,"1,000",201.00,"201,000.00"
2019-06-12,2019061201005810,MEGA,40,13,"1,000",201.00,"201,000.00"
2019-06-12,2019061201005809,MEGA,40,53,200,201.00,"40,200.00"
2019-06-12,2019061201005808,MEGA,40,28,611,201.00,"122,811.00"
2019-06-12,2019061201006086,MEGA,42,52,450,201.00,"90,450.00"
2019-06-12,2019061201006065,MEGA,32,52,300,201.00,"60,300.00"
2019-06-12,2019061201006059,MEGA,11,52,150,201.00,"30,150.00"
2019-06-12,2019061201006033,MEGA,38,52,100,201.00,"20,100.00"
2019-06-12,2019061201005903,MEGA,40,25,300,201.00,"60,300.00"
2019-06-12,2019061201005825,MEGA,58,42,200,200.00,"40,000.00"
2019-06-12,2019061201006256,MERO,25,17,40,563.00,"22,520.00"
2019-06-12,2019061201006207,MERO,45,22,54,561.00,"30,294.00"
2019-06-12,2019061201005979,MHNL,45,47,20,104.00,"2,080.00"
2019-06-12,2019061201006013,MHNL,45,57,30,104.00,"3,120.00"
2019-06-12,2019061201005980,MHNL,45,47,20,104.00,"2,080.00"
2019-06-12,2019061201005989,MLBL,22,44,20,195.00,"3,900.00"
2019-06-12,2019061201005958,MNBBL,54,47,32,373.00,"11,936.00"
2019-06-12,2019061201005844,MNBBL,54,53,150,373.00,"55,950.00"
2019-06-12,2019061201005843,MNBBL,35,53,82,373.00,"30,586.00"
2019-06-12,2019061201006247,NABIL,51,49,10,820.00,"8,200.00"
2019-06-12,2019061201006246,NABIL,51,49,30,820.00,"24,600.00"
2019-06-12,2019061201005986,NABILP,25,42,100,800.00,"80,000.00"
2019-06-12,2019061201005883,NADEP,38,41,20,441.00,"8,820.00"
2019-06-12,2019061201006131,NADEP,22,20,10,441.00,"4,410.00"
2019-06-12,2019061201006014,NADEP,22,18,10,441.00,"4,410.00"
2019-06-12,2019061201006007,NADEP,22,18,10,441.00,"4,410.00"
2019-06-12,2019061201006292,NBB,56,38,54,224.00,"12,096.00"
2019-06-12,2019061201006291,NBB,41,38,46,224.00,"10,304.00"
2019-06-12,2019061201006242,NBB,41,32,812,224.00,"181,888.00"
2019-06-12,2019061201006225,NBB,41,51,142,224.00,"31,808.00"
2019-06-12,2019061201006224,NBB,56,51,58,224.00,"12,992.00"
2019-06-12,2019061201006117,NBB,56,51,11,224.00,"2,464.00"
2019-06-12,2019061201006096,NBB,56,51,21,224.00,"4,704.00"
2019-06-12,2019061201005909,NBB,56,51,10,224.00,"2,240.00"
2019-06-12,2019061201005890,NBB,25,51,190,224.00,"42,560.00"
2019-06-12,2019061201005840,NBB,49,42,200,223.00,"44,600.00"
2019-06-12,2019061201006127,NBL,34,34,100,326.00,"32,600.00"
2019-06-12,2019061201005924,NBL,44,34,50,326.00,"16,300.00"
2019-06-12,2019061201005923,NBL,34,34,190,326.00,"61,940.00"
2019-06-12,2019061201005922,NBL,34,34,300,326.00,"97,800.00"
2019-06-12,2019061201005921,NBL,45,34,200,326.00,"65,200.00"
2019-06-12,2019061201005920,NBL,38,34,123,326.00,"40,098.00"
2019-06-12,2019061201005832,NBL,38,20,600,326.00,"195,600.00"
2019-06-12,2019061201006287,NCCB,32,34,100,258.00,"25,800.00"
2019-06-12,2019061201006178,NCCB,52,34,300,258.00,"77,400.00"
2019-06-12,2019061201006177,NCCB,49,34,432,258.00,"111,456.00"
2019-06-12,2019061201006062,NCCB,49,51,18,258.00,"4,644.00"
2019-06-12,2019061201005992,NCCB,49,40,50,258.00,"12,900.00"
2019-06-12,2019061201005991,NCCB,1,40,50,258.00,"12,900.00"
2019-06-12,2019061201005914,NCCB,52,33,13,259.00,"3,367.00"
2019-06-12,2019061201005913,NCCB,52,6,174,259.00,"45,066.00"
2019-06-12,2019061201005912,NCCB,52,13,100,259.00,"25,900.00"
2019-06-12,2019061201005911,NCCB,52,34,13,259.00,"3,367.00"
2019-06-12,2019061201005807,NCCB,1,16,50,258.00,"12,900.00"
2019-06-12,2019061201005806,NCCB,58,16,400,258.00,"103,200.00"
2019-06-12,2019061201005961,NGPL,29,29,11,119.00,"1,309.00"
2019-06-12,2019061201005795,NGPL,37,8,11,118.00,"1,298.00"
2019-06-12,2019061201006041,NHPC,44,29,"2,000",68.00,"136,000.00"
2019-06-12,2019061201005917,NHPC,44,33,400,68.00,"27,200.00"
2019-06-12,2019061201005916,NHPC,46,33,100,68.00,"6,800.00"
2019-06-12,2019061201005915,NHPC,7,33,500,68.00,"34,000.00"
2019-06-12,2019061201006277,NIB,42,49,50,529.00,"26,450.00"
2019-06-12,2019061201006015,NIB,51,26,100,530.00,"53,000.00"
2019-06-12,2019061201005926,NIB,6,26,40,530.00,"21,200.00"
2019-06-12,2019061201005925,NIB,6,47,60,530.00,"31,800.00"
2019-06-12,2019061201005877,NIB,56,47,40,530.00,"21,200.00"
2019-06-12,2019061201005876,NIB,56,41,10,530.00,"5,300.00"
2019-06-12,2019061201006146,NICA,7,4,500,458.00,"229,000.00"
2019-06-12,2019061201006138,NICA,28,4,330,459.00,"151,470.00"
2019-06-12,2019061201006106,NICA,42,4,50,459.00,"22,950.00"
2019-06-12,2019061201006105,NICA,56,4,10,459.00,"4,590.00"
2019-06-12,2019061201006104,NICA,45,4,50,459.00,"22,950.00"
2019-06-12,2019061201006103,NICA,43,4,780,459.00,"358,020.00"
2019-06-12,2019061201005929,NICA,43,58,110,459.00,"50,490.00"
2019-06-12,2019061201005901,NICA,56,32,50,460.00,"23,000.00"
2019-06-12,2019061201005898,NICA,43,42,100,459.00,"45,900.00"
2019-06-12,2019061201005893,NICA,57,32,70,460.00,"32,200.00"
2019-06-12,2019061201005892,NICA,45,32,50,460.00,"23,000.00"
2019-06-12,2019061201006044,NICGF,58,42,500,9.56,"4,780.00"
2019-06-12,2019061201006253,NICL,19,35,20,364.00,"7,280.00"
2019-06-12,2019061201006204,NICL,33,35,100,364.00,"36,400.00"
2019-06-12,2019061201006203,NICL,56,35,100,364.00,"36,400.00"
2019-06-12,2019061201006202,NICL,14,35,100,364.00,"36,400.00"
2019-06-12,2019061201006201,NICL,19,35,100,365.00,"36,500.00"
2019-06-12,2019061201006200,NICL,28,35,20,366.00,"7,320.00"
2019-06-12,2019061201005824,NICL,28,25,30,366.00,"10,980.00"
2019-06-12,2019061201005823,NICL,6,25,50,366.00,"18,300.00"
2019-06-12,2019061201006275,NIL,34,51,200,499.00,"99,800.00"
2019-06-12,2019061201006274,NIL,34,6,200,498.00,"99,600.00"
2019-06-12,2019061201006273,NIL,34,53,30,498.00,"14,940.00"
2019-06-12,2019061201006272,NIL,34,41,500,497.00,"248,500.00"
2019-06-12,2019061201006271,NIL,34,20,300,495.00,"148,500.00"
2019-06-12,2019061201006032,NIL,22,20,100,495.00,"49,500.00"
2019-06-12,2019061201005963,NIL,14,25,50,494.00,"24,700.00"
2019-06-12,2019061201005962,NIL,25,25,40,494.00,"19,760.00"
2019-06-12,2019061201006008,NIL,43,49,200,493.00,"98,600.00"
2019-06-12,2019061201005966,NIL,43,25,10,493.00,"4,930.00"
2019-06-12,2019061201005965,NIL,43,25,100,493.00,"49,300.00"
2019-06-12,2019061201005964,NIL,51,25,100,493.00,"49,300.00"
2019-06-12,2019061201006231,NLBBL,25,41,40,482.00,"19,280.00"
2019-06-12,2019061201006230,NLBBL,49,41,30,482.00,"14,460.00"
2019-06-12,2019061201006229,NLBBL,42,41,30,485.00,"14,550.00"
2019-06-12,2019061201006288,NLIC,16,17,140,914.00,"127,960.00"
2019-06-12,2019061201006109,NLIC,22,52,37,913.00,"33,781.00"
2019-06-12,2019061201006108,NLIC,56,52,30,913.00,"27,390.00"
2019-06-12,2019061201006107,NLIC,56,52,33,913.00,"30,129.00"
2019-06-12,2019061201006019,NLIC,56,13,65,913.00,"59,345.00"
2019-06-12,2019061201005946,NLIC,56,41,17,913.00,"15,521.00"
2019-06-12,2019061201005864,NLIC,56,17,100,914.00,"91,400.00"
2019-06-12,2019061201005820,NLIC,55,17,10,914.00,"9,140.00"
2019-06-12,2019061201006137,NLICL,34,44,"1,520",629.00,"956,080.00"
2019-06-12,2019061201006003,NMBMF,32,47,74,"1,000.00","74,000.00"
2019-06-12,2019061201006002,NMBMF,7,47,14,"1,000.00","14,000.00"
2019-06-12,2019061201006195,NMBSF1,28,26,"3,100",10.73,"33,263.00"
2019-06-12,2019061201006194,NMBSF1,42,26,"1,800",10.74,"19,332.00"
2019-06-12,2019061201006048,NNLB,34,59,10,374.00,"3,740.00"
2019-06-12,2019061201006047,NNLB,48,59,50,374.00,"18,700.00"
2019-06-12,2019061201006037,NNLB,22,59,30,380.00,"11,400.00"
2019-06-12,2019061201006036,NNLB,25,59,200,380.00,"76,000.00"
2019-06-12,2019061201006035,NNLB,25,59,50,380.00,"19,000.00"
2019-06-12,2019061201006028,NNLB,25,59,150,380.00,"57,000.00"
2019-06-12,2019061201006027,NNLB,4,59,50,380.00,"19,000.00"
2019-06-12,2019061201006026,NNLB,57,59,140,381.00,"53,340.00"
2019-06-12,2019061201006010,NNLB,57,59,60,381.00,"22,860.00"
2019-06-12,2019061201006006,NNLB,26,59,90,387.00,"34,830.00"
2019-06-12,2019061201006004,NNLB,42,59,190,394.00,"74,860.00"
2019-06-12,2019061201005847,NNLB,6,48,100,400.00,"40,000.00"
2019-06-12,2019061201005827,NSEWA,41,16,10,405.00,"4,050.00"
2019-06-12,2019061201006175,NUBL,17,17,500,840.00,"420,000.00"
2019-06-12,2019061201006143,NUBL,17,17,500,840.00,"420,000.00"
2019-06-12,2019061201006056,NUBL,58,8,50,844.00,"42,200.00"
2019-06-12,2019061201006055,NUBL,58,7,50,840.00,"42,000.00"
2019-06-12,2019061201006251,PCBL,41,4,500,294.00,"147,000.00"
2019-06-12,2019061201005868,PCBL,39,42,201,293.00,"58,893.00"
2019-06-12,2019061201005886,PIC,41,53,20,"1,030.00","20,600.00"
2019-06-12,2019061201005885,PIC,5,53,50,"1,030.00","51,500.00"
2019-06-12,2019061201005884,PIC,32,53,200,"1,030.00","206,000.00"
2019-06-12,2019061201005880,PIC,35,53,50,"1,031.00","51,550.00"
2019-06-12,2019061201005879,PIC,14,53,48,"1,031.00","49,488.00"
2019-06-12,2019061201005878,PIC,33,53,128,"1,032.00","132,096.00"
2019-06-12,2019061201005836,PIC,33,45,100,"1,032.00","103,200.00"
2019-06-12,2019061201005835,PIC,1,32,10,"1,035.00","10,350.00"
2019-06-12,2019061201005821,PIC,1,32,10,"1,035.00","10,350.00"
2019-06-12,2019061201005817,PIC,44,33,10,"1,035.00","10,350.00"
2019-06-12,2019061201005814,PIC,1,33,10,"1,035.00","10,350.00"
2019-06-12,2019061201006199,PICL,6,40,200,620.00,"124,000.00"
2019-06-12,2019061201006180,PICL,38,40,200,620.00,"124,000.00"
2019-06-12,2019061201006064,PLIC,19,16,70,448.00,"31,360.00"
2019-06-12,2019061201006063,PLIC,19,39,30,447.00,"13,410.00"
2019-06-12,2019061201006024,PLIC,5,16,46,448.00,"20,608.00"
2019-06-12,2019061201005889,PLIC,35,42,72,446.00,"32,112.00"
2019-06-12,2019061201005888,PLIC,48,42,40,446.00,"17,840.00"
2019-06-12,2019061201005799,PLIC,35,39,150,447.00,"67,050.00"
2019-06-12,2019061201006218,PPCL,38,55,130,136.00,"17,680.00"
2019-06-12,2019061201006217,PPCL,6,55,100,137.00,"13,700.00"
2019-06-12,2019061201006216,PPCL,47,55,100,137.00,"13,700.00"
2019-06-12,2019061201006193,PPCL,47,17,20,137.00,"2,740.00"
2019-06-12,2019061201006185,PPCL,47,17,20,137.00,"2,740.00"
2019-06-12,2019061201006168,PPCL,47,17,20,137.00,"2,740.00"
2019-06-12,2019061201005846,PPCL,38,1,390,138.00,"53,820.00"
2019-06-12,2019061201005822,PPCL,38,1,510,138.00,"70,380.00"
2019-06-12,2019061201005818,PPCL,38,38,30,138.00,"4,140.00"
2019-06-12,2019061201005805,PPCL,38,49,10,138.00,"1,380.00"
2019-06-12,2019061201006145,PPCL,47,17,20,137.00,"2,740.00"
2019-06-12,2019061201006098,PPCL,47,17,10,137.00,"1,370.00"
2019-06-12,2019061201006069,PPCL,47,17,10,137.00,"1,370.00"
2019-06-12,2019061201006050,PPCL,47,49,10,137.00,"1,370.00"
2019-06-12,2019061201006119,PRIN,7,39,60,393.00,"23,580.00"
2019-06-12,2019061201006118,PRIN,7,39,40,392.00,"15,680.00"
2019-06-12,2019061201005959,PRIN,57,17,46,388.00,"17,848.00"
2019-06-12,2019061201006174,PRVU,49,58,50,271.00,"13,550.00"
2019-06-12,2019061201006173,PRVU,56,58,"1,000",271.00,"271,000.00"
2019-06-12,2019061201006172,PRVU,35,58,105,271.00,"28,455.00"
2019-06-12,2019061201006134,PRVU,35,22,17,271.00,"4,607.00"
2019-06-12,2019061201005985,PRVU,35,58,78,271.00,"21,138.00"
2019-06-12,2019061201005934,PRVU,19,58,500,271.00,"135,500.00"
2019-06-12,2019061201005928,PRVU,52,58,300,271.00,"81,300.00"
2019-06-12,2019061201005899,PRVU,7,58,"1,000",271.00,"271,000.00"
2019-06-12,2019061201006120,RADHI,46,47,11,165.00,"1,815.00"
2019-06-12,2019061201006067,RADHI,46,47,11,165.00,"1,815.00"
2019-06-12,2019061201006046,RADHI,6,26,10,167.00,"1,670.00"
2019-06-12,2019061201006208,RBCLPO,42,44,10,"9,010.00","90,100.00"
2019-06-12,2019061201005977,RBCLPO,32,59,10,"9,050.00","90,500.00"
2019-06-12,2019061201005927,RLFL,34,57,10,132.00,"1,320.00"
2019-06-12,2019061201006144,RMDC,53,22,51,649.00,"33,099.00"
2019-06-12,2019061201005932,RMDC,53,1,17,649.00,"11,033.00"
2019-06-12,2019061201005990,RRHP,22,41,10,104.00,"1,040.00"
2019-06-12,2019061201005970,RRHP,22,41,10,104.00,"1,040.00"
2019-06-12,2019061201005853,RRHP,22,26,10,104.00,"1,040.00"
2019-06-12,2019061201005848,RRHP,22,25,10,104.00,"1,040.00"
2019-06-12,2019061201005831,RRHP,22,45,10,104.00,"1,040.00"
2019-06-12,2019061201005957,RSDC,7,38,25,375.00,"9,375.00"
2019-06-12,2019061201005908,RSDC,7,19,55,375.00,"20,625.00"
2019-06-12,2019061201005907,RSDC,41,19,10,375.00,"3,750.00"
2019-06-12,2019061201005867,SADBL,28,28,500,151.00,"75,500.00"
2019-06-12,2019061201005866,SADBL,1,28,500,151.00,"75,500.00"
2019-06-12,2019061201005865,SADBL,34,28,"1,340",151.00,"202,340.00"
2019-06-12,2019061201006214,SANIMA,1,47,98,348.00,"34,104.00"
2019-06-12,2019061201006136,SBI,58,17,500,465.00,"232,500.00"
2019-06-12,2019061201006114,SBI,19,17,500,465.00,"232,500.00"
2019-06-12,2019061201006220,SBL,19,16,63,323.00,"20,349.00"
2019-06-12,2019061201006219,SBL,32,16,86,323.00,"27,778.00"
2019-06-12,2019061201006163,SBL,32,54,114,323.00,"36,822.00"
2019-06-12,2019061201006162,SBL,28,54,300,323.00,"96,900.00"
2019-06-12,2019061201006161,SBL,43,54,50,323.00,"16,150.00"
2019-06-12,2019061201006160,SBL,43,54,50,323.00,"16,150.00"
2019-06-12,2019061201005887,SBL,25,39,50,325.00,"16,250.00"
2019-06-12,2019061201006153,SBL,43,54,50,323.00,"16,150.00"
2019-06-12,2019061201006152,SBL,35,54,50,323.00,"16,150.00"
2019-06-12,2019061201006151,SBL,35,54,36,323.00,"11,628.00"
2019-06-12,2019061201006150,SBL,42,54,300,324.00,"97,200.00"
2019-06-12,2019061201006149,SBL,32,54,750,324.00,"243,000.00"
2019-06-12,2019061201006128,SBL,40,39,300,325.00,"97,500.00"
2019-06-12,2019061201006159,SBL,43,54,50,323.00,"16,150.00"
2019-06-12,2019061201006158,SBL,43,54,50,323.00,"16,150.00"
2019-06-12,2019061201006157,SBL,43,54,50,323.00,"16,150.00"
2019-06-12,2019061201006156,SBL,43,54,50,323.00,"16,150.00"
2019-06-12,2019061201006155,SBL,43,54,50,323.00,"16,150.00"
2019-06-12,2019061201006154,SBL,43,54,50,323.00,"16,150.00"
2019-06-12,2019061201006290,SCB,22,26,342,661.00,"226,062.00"
2019-06-12,2019061201006289,SCB,14,26,48,661.00,"31,728.00"
2019-06-12,2019061201006268,SCB,44,26,50,662.00,"33,100.00"
2019-06-12,2019061201006267,SCB,25,26,500,662.00,"331,000.00"
2019-06-12,2019061201006266,SCB,25,26,15,662.00,"9,930.00"
2019-06-12,2019061201006265,SCB,29,26,500,662.00,"331,000.00"
2019-06-12,2019061201006258,SCB,49,26,153,665.00,"101,745.00"
2019-06-12,2019061201006257,SCB,21,26,15,666.00,"9,990.00"
2019-06-12,2019061201006025,SCB,21,6,20,666.00,"13,320.00"
2019-06-12,2019061201006264,SCB,45,26,100,662.00,"66,200.00"
2019-06-12,2019061201006263,SCB,45,26,472,662.00,"312,464.00"
2019-06-12,2019061201006262,SCB,52,26,680,663.00,"450,840.00"
2019-06-12,2019061201006261,SCB,49,26,100,664.00,"66,400.00"
2019-06-12,2019061201006260,SCB,16,26,50,664.00,"33,200.00"
2019-06-12,2019061201006259,SCB,45,26,200,665.00,"133,000.00"
2019-06-12,2019061201006043,SHINE,6,34,500,255.00,"127,500.00"
2019-06-12,2019061201006042,SHINE,6,28,500,255.00,"127,500.00"
2019-06-12,2019061201006023,SHINE,52,21,10,253.00,"2,530.00"
2019-06-12,2019061201006215,SHIVM,18,14,300,664.00,"199,200.00"
2019-06-12,2019061201006206,SHIVM,50,14,150,664.00,"99,600.00"
2019-06-12,2019061201006196,SHIVM,18,14,50,664.00,"33,200.00"
2019-06-12,2019061201006186,SHIVM,29,14,250,664.00,"166,000.00"
2019-06-12,2019061201006170,SHIVM,26,7,460,665.00,"305,900.00"
2019-06-12,2019061201006169,SHIVM,26,45,40,665.00,"26,600.00"
2019-06-12,2019061201006034,SHIVM,57,45,10,665.00,"6,650.00"
2019-06-12,2019061201006029,SHIVM,14,26,50,664.00,"33,200.00"
2019-06-12,2019061201005910,SHIVM,58,25,50,663.00,"33,150.00"
2019-06-12,2019061201005851,SHIVM,16,26,50,662.00,"33,100.00"
2019-06-12,2019061201006167,SHIVM,58,1,270,664.00,"179,280.00"
2019-06-12,2019061201006142,SHIVM,45,41,"1,000",663.00,"663,000.00"
2019-06-12,2019061201006115,SHIVM,45,38,200,663.00,"132,600.00"
2019-06-12,2019061201006095,SHIVM,25,1,100,664.00,"66,400.00"
2019-06-12,2019061201006094,SHIVM,14,1,130,664.00,"86,320.00"
2019-06-12,2019061201006061,SHIVM,14,39,20,664.00,"13,280.00"
2019-06-12,2019061201006249,SHL,57,34,450,233.00,"104,850.00"
2019-06-12,2019061201006135,SHL,32,43,"1,000",233.00,"233,000.00"
2019-06-12,2019061201005960,SHL,49,43,500,234.00,"117,000.00"
2019-06-12,2019061201006102,SHPC,32,49,10,253.00,"2,530.00"
2019-06-12,2019061201006084,SHPC,43,46,10,258.00,"2,580.00"
2019-06-12,2019061201006221,SIC,6,19,50,"1,305.00","65,250.00"
2019-06-12,2019061201005869,SIC,56,57,47,"1,301.00","61,147.00"
2019-06-12,2019061201005804,SIC,25,57,29,"1,300.00","37,700.00"
2019-06-12,2019061201005803,SIC,5,57,71,"1,300.00","92,300.00"
2019-06-12,2019061201006148,SIL,25,17,260,561.00,"145,860.00"
2019-06-12,2019061201006147,SIL,25,45,40,560.00,"22,400.00"
2019-06-12,2019061201006051,SIL,25,17,20,560.00,"11,200.00"
2019-06-12,2019061201006070,SKBBL,17,22,30,965.00,"28,950.00"
2019-06-12,2019061201006060,SLBBL,20,38,50,445.00,"22,250.00"
2019-06-12,2019061201006054,SLBBL,48,38,12,438.00,"5,256.00"
2019-06-12,2019061201006053,SLBBL,26,38,100,442.00,"44,200.00"
2019-06-12,2019061201006052,SLBBL,58,38,30,443.00,"13,290.00"
2019-06-12,2019061201006018,SLBBL,4,38,50,445.00,"22,250.00"
2019-06-12,2019061201006270,SLBS,36,49,10,739.00,"7,390.00"
2019-06-12,2019061201006269,SLBS,36,49,10,739.00,"7,390.00"
2019-06-12,2019061201006093,SLBS,42,38,138,725.00,"100,050.00"
2019-06-12,2019061201006092,SLBS,29,38,100,726.00,"72,600.00"
2019-06-12,2019061201006091,SLBS,45,38,100,727.00,"72,700.00"
2019-06-12,2019061201006278,SLBSL,52,35,10,559.00,"5,590.00"
2019-06-12,2019061201006239,SLBSL,52,35,40,559.00,"22,360.00"
2019-06-12,2019061201006140,SLICL,58,17,50,470.00,"23,500.00"
2019-06-12,2019061201006139,SLICL,58,51,50,470.00,"23,500.00"
2019-06-12,2019061201005996,SLICL,37,51,50,470.00,"23,500.00"
2019-06-12,2019061201006085,SPARS,22,20,10,510.00,"5,100.00"
2019-06-12,2019061201006058,SPARS,42,20,10,511.00,"5,110.00"
2019-06-12,2019061201005842,SPARS,48,45,10,511.00,"5,110.00"
2019-06-12,2019061201006276,SRBL,13,37,157,254.00,"39,878.00"
2019-06-12,2019061201005837,SWBBL,34,6,220,876.00,"192,720.00"
2019-06-12,2019061201005874,TRH,53,28,100,319.00,"31,900.00"
2019-06-12,2019061201005873,TRH,53,38,100,319.00,"31,900.00"
2019-06-12,2019061201005872,TRH,53,48,300,319.00,"95,700.00"
2019-06-12,2019061201005871,TRH,53,59,500,318.00,"159,000.00"
2019-06-12,2019061201006286,UFL,50,16,300,185.00,"55,500.00"
2019-06-12,2019061201006285,UFL,36,16,200,185.00,"37,000.00"
2019-06-12,2019061201006228,UFL,52,28,23,187.00,"4,301.00"
2019-06-12,2019061201005828,UFL,41,28,100,187.00,"18,700.00"
2019-06-12,2019061201005956,UMHL,29,29,23,116.00,"2,668.00"
2019-06-12,2019061201006279,UPPER,25,25,192,267.00,"51,264.00"
2019-06-12,2019061201006188,UPPER,25,59,40,267.00,"10,680.00"
2019-06-12,2019061201006179,UPPER,25,51,188,267.00,"50,196.00"
2019-06-12,2019061201006097,UPPER,25,47,40,267.00,"10,680.00"
2019-06-12,2019061201005796,UPPER,57,16,40,266.00,"10,640.00"
2019-06-12,2019061201005882,UPPER,57,25,50,266.00,"13,300.00"
2019-06-12,2019061201005859,UPPER,37,57,50,267.00,"13,350.00"
2019-06-12,2019061201005852,UPPER,57,57,52,266.00,"13,832.00"
2019-06-12,2019061201005850,UPPER,57,11,50,266.00,"13,300.00"
2019-06-12,2019061201005845,UPPER,57,45,50,266.00,"13,300.00"
2019-06-12,2019061201005841,UPPER,57,16,50,266.00,"13,300.00"
2019-06-12,2019061201005954,UPPER,6,7,97,267.00,"25,899.00"
2019-06-12,2019061201005953,UPPER,6,57,198,267.00,"52,866.00"
2019-06-12,2019061201005939,UPPER,29,57,50,267.00,"13,350.00"
2019-06-12,2019061201005931,UPPER,57,57,52,267.00,"13,884.00"
2019-06-12,2019061201005904,UPPER,57,29,50,266.00,"13,300.00"
2019-06-12,2019061201005902,UPPER,57,6,40,266.00,"10,640.00"
2019-06-12,2019061201006039,UPPER,25,47,40,267.00,"10,680.00"
2019-06-12,2019061201005955,UPPER,6,57,50,267.00,"13,350.00"
2019-06-12,2019061201005496,ADBL,7,45,50,414.00,"20,700.00"
2019-06-12,2019061201005345,ADBL,45,26,100,415.00,"41,500.00"
2019-06-12,2019061201005513,AHPC,14,29,11,108.00,"1,188.00"
2019-06-12,2019061201005512,AHPC,14,59,24,108.00,"2,592.00"
2019-06-12,2019061201005672,ALBSL,56,45,10,417.00,"4,170.00"
2019-06-12,2019061201005511,ALBSL,28,49,200,422.00,"84,400.00"
2019-06-12,2019061201005510,ALBSL,28,32,20,422.00,"8,440.00"
2019-06-12,2019061201005764,ALICL,41,13,400,395.00,"158,000.00"
2019-06-12,2019061201005763,ALICL,41,22,100,395.00,"39,500.00"
2019-06-12,2019061201005693,ALICL,54,52,200,395.00,"79,000.00"
2019-06-12,2019061201005408,ALICL,6,42,40,392.00,"15,680.00"
2019-06-12,2019061201005407,ALICL,34,42,10,392.00,"3,920.00"
2019-06-12,2019061201005392,ALICL,43,20,200,393.00,"78,600.00"
2019-06-12,2019061201005471,BFC,52,57,394,106.00,"41,764.00"
2019-06-12,2019061201005699,BPCL,50,6,22,406.00,"8,932.00"
2019-06-12,2019061201005564,BPCL,50,6,22,406.00,"8,932.00"
2019-06-12,2019061201005598,CBBL,34,6,500,936.00,"468,000.00"
2019-06-12,2019061201005747,CBL,41,39,"2,500",147.00,"367,500.00"
2019-06-12,2019061201005707,CBL,44,28,500,146.00,"73,000.00"
2019-06-12,2019061201005644,CBL,49,39,50,147.00,"7,350.00"
2019-06-12,2019061201005575,CBL,1,39,400,147.00,"58,800.00"
2019-06-12,2019061201005569,CBL,44,29,920,146.00,"134,320.00"
2019-06-12,2019061201005568,CBL,39,29,50,146.00,"7,300.00"
2019-06-12,2019061201005567,CBL,45,29,30,146.00,"4,380.00"
2019-06-12,2019061201005546,CBL,4,39,50,147.00,"7,350.00"
2019-06-12,2019061201005743,CCBL,45,34,969,167.00,"161,823.00"
2019-06-12,2019061201005742,CCBL,45,21,31,166.00,"5,146.00"
2019-06-12,2019061201005697,CCBL,50,21,74,166.00,"12,284.00"
2019-06-12,2019061201005696,CCBL,50,13,102,166.00,"16,932.00"
2019-06-12,2019061201005695,CCBL,50,8,724,166.00,"120,184.00"
2019-06-12,2019061201005694,CCBL,57,8,73,166.00,"12,118.00"
2019-06-12,2019061201005541,CCBL,57,26,27,166.00,"4,482.00"
2019-06-12,2019061201005475,CCBL,51,26,68,166.00,"11,288.00"
2019-06-12,2019061201005484,CHCL,42,39,75,515.00,"38,625.00"
2019-06-12,2019061201005350,CHCL,14,56,57,516.00,"29,412.00"
2019-06-12,2019061201005455,CORBL,43,17,40,120.00,"4,800.00"
2019-06-12,2019061201005352,CORBL,43,21,20,120.00,"2,400.00"
2019-06-12,2019061201005294,CORBL,43,20,20,122.00,"2,440.00"
2019-06-12,2019061201005538,CZBIL,6,22,230,222.00,"51,060.00"
2019-06-12,2019061201005537,CZBIL,56,22,73,222.00,"16,206.00"
2019-06-12,2019061201005461,CZBIL,56,45,10,222.00,"2,220.00"
2019-06-12,2019061201005301,CZBIL,56,20,417,222.00,"92,574.00"
2019-06-12,2019061201005300,CZBIL,48,20,150,222.00,"33,300.00"
2019-06-12,2019061201005299,CZBIL,46,20,100,222.00,"22,200.00"
2019-06-12,2019061201005298,CZBIL,28,20,59,222.00,"13,098.00"
2019-06-12,2019061201005709,DBBL,33,6,343,146.00,"50,078.00"
2019-06-12,2019061201005617,DDBL,49,6,220,710.00,"156,200.00"
2019-06-12,2019061201005616,DDBL,49,51,60,709.00,"42,540.00"
2019-06-12,2019061201005311,DDBL,50,6,125,707.00,"88,375.00"
2019-06-12,2019061201005774,EBL,49,42,100,664.00,"66,400.00"
2019-06-12,2019061201005643,EBL,49,54,70,664.00,"46,480.00"
2019-06-12,2019061201005642,EBL,57,54,20,664.00,"13,280.00"
2019-06-12,2019061201005488,EBL,57,25,80,664.00,"53,120.00"
2019-06-12,2019061201005487,EBL,40,25,20,664.00,"13,280.00"
2019-06-12,2019061201005297,EBL,59,45,10,664.00,"6,640.00"
2019-06-12,2019061201005296,EBL,59,44,30,664.00,"19,920.00"
2019-06-12,2019061201005295,FMDBL,57,5,100,391.00,"39,100.00"
2019-06-12,2019061201005757,FOWAD,25,37,47,"1,415.00","66,505.00"
2019-06-12,2019061201005756,FOWAD,25,41,18,"1,415.00","25,470.00"
2019-06-12,2019061201005705,FOWAD,32,14,18,"1,415.00","25,470.00"
2019-06-12,2019061201005561,FOWAD,57,34,50,"1,414.00","70,700.00"
2019-06-12,2019061201005422,GBBL,38,58,253,227.00,"57,431.00"
2019-06-12,2019061201005305,GBBL,56,45,100,226.00,"22,600.00"
2019-06-12,2019061201005304,GBBL,56,51,200,226.00,"45,200.00"
2019-06-12,2019061201005303,GBBL,56,51,264,226.00,"59,664.00"
2019-06-12,2019061201005302,GBBL,56,34,79,226.00,"17,854.00"
2019-06-12,2019061201005610,GBIME,5,26,61,300.00,"18,300.00"
2019-06-12,2019061201005609,GBIME,5,44,27,300.00,"8,100.00"
2019-06-12,2019061201005608,GBIME,5,22,10,300.00,"3,000.00"
2019-06-12,2019061201005607,GBIME,5,34,32,300.00,"9,600.00"
2019-06-12,2019061201005606,GBIME,5,50,370,300.00,"111,000.00"
2019-06-12,2019061201005530,GBIME,16,43,58,299.00,"17,342.00"
2019-06-12,2019061201005489,GDBL,35,1,100,213.00,"21,300.00"
2019-06-12,2019061201005532,GDBL,43,32,"2,000",212.00,"424,000.00"
2019-06-12,2019061201005293,GHL,45,38,30,86.00,"2,580.00"
2019-06-12,2019061201005456,GUFL,13,34,970,119.00,"115,430.00"
2019-06-12,2019061201005410,GUFL,13,45,890,118.00,"105,020.00"
2019-06-12,2019061201005612,HDL,35,49,20,"1,725.00","34,500.00"
2019-06-12,2019061201005627,HGI,20,22,146,370.00,"54,020.00"
2019-06-12,2019061201005626,HGI,25,22,500,370.00,"185,000.00"
2019-06-12,2019061201005625,HGI,41,22,180,370.00,"66,600.00"
2019-06-12,2019061201005624,HGI,41,22,110,371.00,"40,810.00"
2019-06-12,2019061201005593,HGI,41,17,190,371.00,"70,490.00"
2019-06-12,2019061201005592,HGI,51,17,10,371.00,"3,710.00"
2019-06-12,2019061201005405,HGI,22,32,100,371.00,"37,100.00"
2019-06-12,2019061201005552,HIDCL,36,43,"1,605",161.00,"258,405.00"
2019-06-12,2019061201005551,HIDCL,45,43,10,161.00,"1,610.00"
2019-06-12,2019061201005550,HIDCL,45,43,385,161.00,"61,985.00"
2019-06-12,2019061201005396,HIDCL,45,43,615,161.00,"99,015.00"
2019-06-12,2019061201005395,HIDCL,25,43,300,161.00,"48,300.00"
2019-06-12,2019061201005394,HIDCL,42,43,100,161.00,"16,100.00"
2019-06-12,2019061201005393,HIDCL,34,43,"1,985",161.00,"319,585.00"
2019-06-12,2019061201005570,HPPL,16,6,10,177.00,"1,770.00"
2019-06-12,2019061201005492,HURJA,25,25,20,154.00,"3,080.00"
2019-06-12,2019061201005460,HURJA,20,55,20,155.00,"3,100.00"
2019-06-12,2019061201005419,HURJA,34,50,100,153.00,"15,300.00"
2019-06-12,2019061201005355,HURJA,39,41,20,151.00,"3,020.00"
2019-06-12,2019061201005354,HURJA,39,57,20,151.00,"3,020.00"
2019-06-12,2019061201005319,HURJA,39,45,20,147.00,"2,940.00"
2019-06-12,2019061201005318,HURJA,39,47,20,147.00,"2,940.00"
2019-06-12,2019061201005317,HURJA,39,25,20,147.00,"2,940.00"
2019-06-12,2019061201005316,HURJA,39,51,10,147.00,"1,470.00"
2019-06-12,2019061201005325,HURJA,39,17,20,148.00,"2,960.00"
2019-06-12,2019061201005324,HURJA,39,17,10,148.00,"1,480.00"
2019-06-12,2019061201005323,HURJA,39,6,20,148.00,"2,960.00"
2019-06-12,2019061201005322,HURJA,39,17,20,148.00,"2,960.00"
2019-06-12,2019061201005321,HURJA,39,39,20,147.00,"2,940.00"
2019-06-12,2019061201005320,HURJA,39,28,20,147.00,"2,940.00"
2019-06-12,2019061201005331,HURJA,39,42,10,150.00,"1,500.00"
2019-06-12,2019061201005330,HURJA,39,29,20,149.00,"2,980.00"
2019-06-12,2019061201005329,HURJA,39,41,20,149.00,"2,980.00"
2019-06-12,2019061201005328,HURJA,39,21,20,149.00,"2,980.00"
2019-06-12,2019061201005327,HURJA,39,21,20,149.00,"2,980.00"
2019-06-12,2019061201005326,HURJA,39,55,20,148.00,"2,960.00"
2019-06-12,2019061201005337,HURJA,39,58,20,150.00,"3,000.00"
2019-06-12,2019061201005336,HURJA,39,22,20,150.00,"3,000.00"
2019-06-12,2019061201005335,HURJA,39,36,20,150.00,"3,000.00"
2019-06-12,2019061201005334,HURJA,39,57,20,150.00,"3,000.00"
2019-06-12,2019061201005333,HURJA,39,22,20,150.00,"3,000.00"
2019-06-12,2019061201005332,HURJA,39,22,20,150.00,"3,000.00"
2019-06-12,2019061201005343,HURJA,39,41,20,150.00,"3,000.00"
2019-06-12,2019061201005342,HURJA,39,41,20,150.00,"3,000.00"
2019-06-12,2019061201005341,HURJA,39,33,20,150.00,"3,000.00"
2019-06-12,2019061201005340,HURJA,39,47,20,150.00,"3,000.00"
2019-06-12,2019061201005339,HURJA,39,47,50,150.00,"7,500.00"
2019-06-12,2019061201005338,HURJA,39,47,20,150.00,"3,000.00"
2019-06-12,2019061201005380,ICFC,50,28,947,164.00,"155,308.00"
2019-06-12,2019061201005379,ICFC,41,28,53,165.00,"8,745.00"
2019-06-12,2019061201005526,IGI,42,55,500,395.00,"197,500.00"
2019-06-12,2019061201005370,JBBL,36,22,256,160.00,"40,960.00"
2019-06-12,2019061201005369,JBBL,36,43,71,160.00,"11,360.00"
2019-06-12,2019061201005368,JBBL,36,35,400,160.00,"64,000.00"
2019-06-12,2019061201005367,JBBL,36,51,319,160.00,"51,040.00"
2019-06-12,2019061201005366,JBBL,36,45,500,160.00,"80,000.00"
2019-06-12,2019061201005365,JBBL,36,6,500,160.00,"80,000.00"
2019-06-12,2019061201005364,JBBL,36,26,377,159.00,"59,943.00"
2019-06-12,2019061201005363,JBBL,36,34,377,159.00,"59,943.00"
2019-06-12,2019061201005362,JBBL,36,42,100,159.00,"15,900.00"
2019-06-12,2019061201005361,JBBL,36,1,300,159.00,"47,700.00"
2019-06-12,2019061201005744,JBNL,51,10,100,208.00,"20,800.00"
2019-06-12,2019061201005582,JBNL,58,57,123,207.00,"25,461.00"
2019-06-12,2019061201005581,JBNL,29,57,377,207.00,"78,039.00"
2019-06-12,2019061201005421,JBNL,29,25,73,207.00,"15,111.00"
2019-06-12,2019061201005420,JBNL,50,25,27,207.00,"5,589.00"
2019-06-12,2019061201005557,JOSHI,22,57,10,90.00,900.00
2019-06-12,2019061201005556,JOSHI,38,57,10,91.00,910.00
2019-06-12,2019061201005360,JOSHI,22,38,10,90.00,900.00
2019-06-12,2019061201005307,JOSHI,38,38,10,90.00,900.00
2019-06-12,2019061201005579,JSLBB,44,40,25,"1,950.00","48,750.00"
2019-06-12,2019061201005578,JSLBB,6,40,32,"1,950.00","62,400.00"
2019-06-12,2019061201005577,JSLBB,41,40,20,"1,955.00","39,100.00"
2019-06-12,2019061201005555,JSLBB,41,22,10,"1,955.00","19,550.00"
2019-06-12,2019061201005778,KBL,43,42,100,213.00,"21,300.00"
2019-06-12,2019061201005732,KBL,36,16,"1,000",214.00,"214,000.00"
2019-06-12,2019061201005509,KBL,41,7,500,214.00,"107,000.00"
2019-06-12,2019061201005426,KBL,42,42,91,214.00,"19,474.00"
2019-06-12,2019061201005315,KBL,42,20,109,214.00,"23,326.00"
2019-06-12,2019061201005314,KBL,42,20,391,214.00,"83,674.00"
2019-06-12,2019061201005748,KPCL,59,45,10,95.00,950.00
2019-06-12,2019061201005470,KPCL,59,45,10,95.00,950.00
2019-06-12,2019061201005676,KPCL,59,45,10,95.00,950.00
2019-06-12,2019061201005657,KRBL,3,39,500,118.00,"59,000.00"
2019-06-12,2019061201005656,KRBL,17,39,854,119.00,"101,626.00"
2019-06-12,2019061201005597,KSBBL,33,8,361,163.00,"58,843.00"
2019-06-12,2019061201005596,KSBBL,4,8,161,163.00,"26,243.00"
2019-06-12,2019061201005457,KSBBLP,14,57,"33,690",105.00,"3,537,450.00"
2019-06-12,2019061201005438,KSBBLP,14,57,"33,690",105.00,"3,537,450.00"
2019-06-12,2019061201005412,KSBBLP,14,57,"33,690",105.00,"3,537,450.00"
2019-06-12,2019061201005782,LBBL,45,42,15,196.00,"2,940.00"
2019-06-12,2019061201005388,LBBL,13,22,500,197.00,"98,500.00"
2019-06-12,2019061201005387,LBBL,13,59,400,197.00,"78,800.00"
2019-06-12,2019061201005386,LBBL,13,28,150,197.00,"29,550.00"
2019-06-12,2019061201005446,LICN,42,42,"1,338","1,650.00","2,207,700.00"
2019-06-12,2019061201005682,MBL,28,7,50,268.00,"13,400.00"
2019-06-12,2019061201005591,MBL,32,45,958,268.00,"256,744.00"
2019-06-12,2019061201005590,MBL,26,45,45,268.00,"12,060.00"
2019-06-12,2019061201005765,MEGA,58,28,100,201.00,"20,100.00"
2019-06-12,2019061201005649,MEGA,58,54,209,200.00,"41,800.00"
2019-06-12,2019061201005586,MEGA,13,28,200,201.00,"40,200.00"
2019-06-12,2019061201005528,MEGA,58,47,212,200.00,"42,400.00"
2019-06-12,2019061201005517,MEGA,20,28,89,201.00,"17,889.00"
2019-06-12,2019061201005516,MEGA,20,13,111,201.00,"22,311.00"
2019-06-12,2019061201005344,MEGA,58,22,100,200.00,"20,000.00"
2019-06-12,2019061201005313,MERO,45,28,46,561.00,"25,806.00"
2019-06-12,2019061201005348,MFIL,28,29,100,130.00,"13,000.00"
2019-06-12,2019061201005580,MHNL,45,6,30,104.00,"3,120.00"
2019-06-12,2019061201005715,MHNL,45,6,40,104.00,"4,160.00"
2019-06-12,2019061201005637,MLBL,22,56,200,194.00,"38,800.00"
2019-06-12,2019061201005636,MLBL,48,56,200,194.00,"38,800.00"
2019-06-12,2019061201005583,MLBL,46,44,242,195.00,"47,190.00"
2019-06-12,2019061201005540,MLBL,46,5,150,195.00,"29,250.00"
2019-06-12,2019061201005539,MLBL,46,8,118,195.00,"23,010.00"
2019-06-12,2019061201005401,MLBL,45,5,50,195.00,"9,750.00"
2019-06-12,2019061201005346,MLBL,54,47,54,194.00,"10,476.00"
2019-06-12,2019061201005754,MNBBL,57,29,150,374.00,"56,100.00"
2019-06-12,2019061201005753,MNBBL,57,53,100,374.00,"37,400.00"
2019-06-12,2019061201005752,MNBBL,57,57,500,374.00,"187,000.00"
2019-06-12,2019061201005600,MNBBL,35,6,18,373.00,"6,714.00"
2019-06-12,2019061201005599,MNBBL,51,6,80,373.00,"29,840.00"
2019-06-12,2019061201005543,MNBBL,45,10,250,374.00,"93,500.00"
2019-06-12,2019061201005671,MSLB,5,4,17,900.00,"15,300.00"
2019-06-12,2019061201005547,NABIL,35,22,100,821.00,"82,100.00"
2019-06-12,2019061201005542,NABILP,59,17,10,803.00,"8,030.00"
2019-06-12,2019061201005771,NADEP,38,16,10,441.00,"4,410.00"
2019-06-12,2019061201005681,NADEP,38,45,20,441.00,"8,820.00"
2019-06-12,2019061201005613,NADEP,38,6,10,441.00,"4,410.00"
2019-06-12,2019061201005779,NBB,53,17,500,224.00,"112,000.00"
2019-06-12,2019061201005770,NBB,16,17,100,224.00,"22,400.00"
2019-06-12,2019061201005435,NBB,49,25,30,223.00,"6,690.00"
2019-06-12,2019061201005713,NBL,38,50,600,326.00,"195,600.00"
2019-06-12,2019061201005620,NBL,38,29,177,326.00,"57,702.00"
2019-06-12,2019061201005619,NBL,6,29,500,326.00,"163,000.00"
2019-06-12,2019061201005618,NBL,47,29,323,326.00,"105,298.00"
2019-06-12,2019061201005531,NBL,26,47,"1,000",327.00,"327,000.00"
2019-06-12,2019061201005502,NBL,47,36,500,326.00,"163,000.00"
2019-06-12,2019061201005784,NCCB,49,34,187,259.00,"48,433.00"
2019-06-12,2019061201005783,NCCB,49,19,313,259.00,"81,067.00"
2019-06-12,2019061201005761,NCCB,58,50,500,258.00,"129,000.00"
2019-06-12,2019061201005536,NCCB,58,45,100,258.00,"25,800.00"
2019-06-12,2019061201005520,NCCB,26,19,587,259.00,"152,033.00"
2019-06-12,2019061201005519,NCCB,26,7,223,259.00,"57,757.00"
2019-06-12,2019061201005476,NCCB,58,56,450,258.00,"116,100.00"
2019-06-12,2019061201005453,NCCB,26,56,550,258.00,"141,900.00"
2019-06-12,2019061201005452,NCCB,26,18,450,258.00,"116,100.00"
2019-06-12,2019061201005439,NCCB,26,18,"1,000",258.00,"258,000.00"
2019-06-12,2019061201005482,NCCB,58,58,100,258.00,"25,800.00"
2019-06-12,2019061201005481,NCCB,58,32,410,258.00,"105,780.00"
2019-06-12,2019061201005480,NCCB,58,50,500,258.00,"129,000.00"
2019-06-12,2019061201005479,NCCB,58,45,100,258.00,"25,800.00"
2019-06-12,2019061201005478,NCCB,58,57,250,258.00,"64,500.00"
2019-06-12,2019061201005477,NCCB,58,50,"1,000",258.00,"258,000.00"
2019-06-12,2019061201005518,NCCB,26,54,190,259.00,"49,210.00"
2019-06-12,2019061201005501,NCCB,39,17,500,258.00,"129,000.00"
2019-06-12,2019061201005500,NCCB,39,59,500,258.00,"129,000.00"
2019-06-12,2019061201005499,NCCB,39,14,100,258.00,"25,800.00"
2019-06-12,2019061201005498,NCCB,39,1,310,258.00,"79,980.00"
2019-06-12,2019061201005483,NCCB,58,1,190,258.00,"49,020.00"
2019-06-12,2019061201005673,NGPL,37,6,11,118.00,"1,298.00"
2019-06-12,2019061201005665,NIB,53,54,12,528.00,"6,336.00"
2019-06-12,2019061201005664,NIB,6,54,20,529.00,"10,580.00"
2019-06-12,2019061201005605,NIB,49,41,10,530.00,"5,300.00"
2019-06-12,2019061201005589,NIB,16,41,30,530.00,"15,900.00"
2019-06-12,2019061201005474,NIB,59,42,43,529.00,"22,747.00"
2019-06-12,2019061201005473,NIB,14,45,6,529.00,"3,174.00"
2019-06-12,2019061201005495,NIBLPF,47,17,505,7.30,"3,686.50"
2019-06-12,2019061201005700,NICA,33,4,50,461.00,"23,050.00"
2019-06-12,2019061201005508,NICA,59,4,10,461.00,"4,610.00"
2019-06-12,2019061201005507,NICA,59,34,45,460.00,"20,700.00"
2019-06-12,2019061201005494,NICA,43,7,10,459.00,"4,590.00"
2019-06-12,2019061201005493,NICA,45,7,100,459.00,"45,900.00"
2019-06-12,2019061201005490,NICA,45,34,30,460.00,"13,800.00"
2019-06-12,2019061201005418,NICA,26,44,"1,179",460.00,"542,340.00"
2019-06-12,2019061201005399,NICA,45,44,100,460.00,"46,000.00"
2019-06-12,2019061201005398,NICA,26,44,200,460.00,"92,000.00"
2019-06-12,2019061201005397,NICA,57,44,21,460.00,"9,660.00"
2019-06-12,2019061201005433,NIL,6,1,40,494.00,"19,760.00"
2019-06-12,2019061201005428,NLBBL,28,45,20,487.00,"9,740.00"
2019-06-12,2019061201005427,NLBBL,28,57,511,487.00,"248,857.00"
2019-06-12,2019061201005563,NLG,16,17,15,762.00,"11,430.00"
2019-06-12,2019061201005402,NLG,16,38,35,762.00,"26,670.00"
2019-06-12,2019061201005775,NLIC,56,26,35,913.00,"31,955.00"
2019-06-12,2019061201005781,NLICL,35,54,647,625.00,"404,375.00"
2019-06-12,2019061201005780,NLICL,33,54,353,626.00,"220,978.00"
2019-06-12,2019061201005574,NMBMF,7,17,11,"1,000.00","11,000.00"
2019-06-12,2019061201005573,NMBMF,21,17,39,"1,000.00","39,000.00"
2019-06-12,2019061201005735,NMBSF1,42,35,"5,200",10.74,"55,848.00"
2019-06-12,2019061201005734,NMBSF1,38,35,800,10.75,"8,600.00"
2019-06-12,2019061201005638,NNLB,42,43,200,395.00,"79,000.00"
2019-06-12,2019061201005750,NSEWA,41,45,10,405.00,"4,050.00"
2019-06-12,2019061201005686,NSEWA,41,45,10,405.00,"4,050.00"
2019-06-12,2019061201005660,NSEWA,11,49,50,408.00,"20,400.00"
2019-06-12,2019061201005739,NTC,42,44,"2,000",701.00,"1,402,000.00"
2019-06-12,2019061201005738,NTC,42,32,45,700.00,"31,500.00"
2019-06-12,2019061201005737,NTC,42,44,980,700.00,"686,000.00"
2019-06-12,2019061201005773,NUBL,53,48,180,839.00,"151,020.00"
2019-06-12,2019061201005632,OHL,42,17,149,645.00,"96,105.00"
2019-06-12,2019061201005631,OHL,42,34,100,644.00,"64,400.00"
2019-06-12,2019061201005630,OHL,42,4,500,642.00,"321,000.00"
2019-06-12,2019061201005629,OHL,42,26,149,641.00,"95,509.00"
2019-06-12,2019061201005628,OHL,42,49,90,641.00,"57,690.00"
2019-06-12,2019061201005647,OHL,42,58,100,645.00,"64,500.00"
2019-06-12,2019061201005646,OHL,42,56,103,645.00,"66,435.00"
2019-06-12,2019061201005633,OHL,42,56,12,645.00,"7,740.00"
2019-06-12,2019061201005711,PCBL,39,47,127,293.00,"37,211.00"
2019-06-12,2019061201005710,PCBL,13,47,420,293.00,"123,060.00"
2019-06-12,2019061201005603,PCBL,8,29,442,292.00,"129,064.00"
2019-06-12,2019061201005602,PCBL,34,29,40,293.00,"11,720.00"
2019-06-12,2019061201005601,PCBL,6,29,18,293.00,"5,274.00"
2019-06-12,2019061201005353,PCBL,7,4,200,294.00,"58,800.00"
2019-06-12,2019061201005312,PCBL,6,29,32,293.00,"9,376.00"
2019-06-12,2019061201005751,PFL,57,16,89,139.00,"12,371.00"
2019-06-12,2019061201005497,PFL,57,17,11,139.00,"1,529.00"
2019-06-12,2019061201005462,PFL,17,16,11,140.00,"1,540.00"
2019-06-12,2019061201005680,PIC,14,26,36,"1,031.00","37,116.00"
2019-06-12,2019061201005679,PIC,45,26,11,"1,032.00","11,352.00"
2019-06-12,2019061201005678,PIC,59,26,50,"1,032.00","51,600.00"
2019-06-12,2019061201005663,PIC,49,39,10,"1,033.00","10,330.00"
2019-06-12,2019061201005662,PIC,55,39,40,"1,034.00","41,360.00"
2019-06-12,2019061201005553,PICL,22,40,500,617.00,"308,500.00"
2019-06-12,2019061201005549,PICL,56,40,100,620.00,"62,000.00"
2019-06-12,2019061201005378,PICL,14,34,100,616.00,"61,600.00"
2019-06-12,2019061201005450,PLIC,53,39,317,446.00,"141,382.00"
2019-06-12,2019061201005777,PPCL,38,49,30,138.00,"4,140.00"
2019-06-12,2019061201005740,PPCL,38,19,30,138.00,"4,140.00"
2019-06-12,2019061201005730,PPCL,38,42,"1,000",139.00,"139,000.00"
2019-06-12,2019061201005729,PPCL,38,43,100,139.00,"13,900.00"
2019-06-12,2019061201005728,PPCL,38,1,10,139.00,"1,390.00"
2019-06-12,2019061201005727,PPCL,38,1,10,139.00,"1,390.00"
2019-06-12,2019061201005381,PPCL,29,49,10,137.00,"1,370.00"
2019-06-12,2019061201005351,PPCL,16,16,9,135.00,"1,215.00"
2019-06-12,2019061201005308,PPCL,29,47,20,137.00,"2,740.00"
2019-06-12,2019061201005417,PPCL,47,49,30,137.00,"4,110.00"
2019-06-12,2019061201005411,PPCL,47,47,10,137.00,"1,370.00"
2019-06-12,2019061201005406,PPCL,47,49,30,137.00,"4,110.00"
2019-06-12,2019061201005403,PPCL,47,49,30,137.00,"4,110.00"
2019-06-12,2019061201005390,PPCL,47,49,30,137.00,"4,110.00"
2019-06-12,2019061201005382,PPCL,47,49,20,137.00,"2,740.00"
2019-06-12,2019061201005687,PPCL,38,39,10,138.00,"1,380.00"
2019-06-12,2019061201005683,PPCL,47,6,30,137.00,"4,110.00"
2019-06-12,2019061201005560,PPCL,47,6,30,137.00,"4,110.00"
2019-06-12,2019061201005454,PPCL,47,49,30,137.00,"4,110.00"
2019-06-12,2019061201005430,PPCL,47,47,10,137.00,"1,370.00"
2019-06-12,2019061201005704,PPCL,47,57,20,137.00,"2,740.00"
2019-06-12,2019061201005692,PPCL,38,45,30,138.00,"4,140.00"
2019-06-12,2019061201005691,PPCL,38,39,10,138.00,"1,380.00"
2019-06-12,2019061201005690,PPCL,38,39,10,138.00,"1,380.00"
2019-06-12,2019061201005689,PPCL,38,39,20,138.00,"2,760.00"
2019-06-12,2019061201005688,PPCL,38,39,20,138.00,"2,760.00"
2019-06-12,2019061201005726,PPCL,38,6,180,139.00,"25,020.00"
2019-06-12,2019061201005725,PPCL,38,45,10,138.00,"1,380.00"
2019-06-12,2019061201005724,PPCL,38,45,30,138.00,"4,140.00"
2019-06-12,2019061201005723,PPCL,38,3,100,138.00,"13,800.00"
2019-06-12,2019061201005714,PPCL,47,57,20,137.00,"2,740.00"
2019-06-12,2019061201005545,PRIN,35,17,70,388.00,"27,160.00"
2019-06-12,2019061201005544,PRIN,14,17,30,388.00,"11,640.00"
2019-06-12,2019061201005535,PRIN,17,50,500,392.00,"196,000.00"
2019-06-12,2019061201005534,PRIN,17,6,300,390.00,"117,000.00"
2019-06-12,2019061201005533,PRIN,17,44,100,390.00,"39,000.00"
2019-06-12,2019061201005776,PRVU,19,58,500,271.00,"135,500.00"
2019-06-12,2019061201005766,PRVU,26,58,"1,000",271.00,"271,000.00"
2019-06-12,2019061201005668,PRVU,25,58,622,271.00,"168,562.00"
2019-06-12,2019061201005667,PRVU,25,35,200,271.00,"54,200.00"
2019-06-12,2019061201005666,PRVU,25,45,178,271.00,"48,238.00"
2019-06-12,2019061201005661,PRVU,26,45,"1,500",271.00,"406,500.00"
2019-06-12,2019061201005358,PRVU,25,58,190,270.00,"51,300.00"
2019-06-12,2019061201005357,PRVU,17,58,300,270.00,"81,000.00"
2019-06-12,2019061201005356,PRVU,14,58,100,270.00,"27,000.00"
2019-06-12,2019061201005347,PRVU,14,20,400,270.00,"108,000.00"
2019-06-12,2019061201005448,PRVU,14,42,63,270.00,"17,010.00"
2019-06-12,2019061201005447,PRVU,37,42,37,270.00,"9,990.00"
2019-06-12,2019061201005437,PRVU,26,58,150,271.00,"40,650.00"
2019-06-12,2019061201005436,PRVU,26,45,850,271.00,"230,350.00"
2019-06-12,2019061201005416,PRVU,7,45,700,271.00,"189,700.00"
2019-06-12,2019061201005359,PRVU,37,58,"1,403",270.00,"378,810.00"
2019-06-12,2019061201005469,PRVU,26,8,"1,000",270.00,"270,000.00"
2019-06-12,2019061201005468,PRVU,1,8,200,270.00,"54,000.00"
2019-06-12,2019061201005467,PRVU,47,8,100,270.00,"27,000.00"
2019-06-12,2019061201005466,PRVU,14,8,437,270.00,"117,990.00"
2019-06-12,2019061201005655,PRVU,25,45,322,271.00,"87,262.00"
2019-06-12,2019061201005654,PRVU,25,17,"1,000",271.00,"271,000.00"
2019-06-12,2019061201005653,PRVU,25,58,678,271.00,"183,738.00"
2019-06-12,2019061201005733,RADHI,46,6,11,165.00,"1,815.00"
2019-06-12,2019061201005635,RADHI,46,6,11,165.00,"1,815.00"
2019-06-12,2019061201005749,RBCL,26,6,10,"9,810.00","98,100.00"
2019-06-12,2019061201005458,RBCL,39,6,50,"9,815.00","490,750.00"
2019-06-12,2019061201005445,RBCL,13,6,10,"9,816.00","98,160.00"
2019-06-12,2019061201005444,RBCL,52,6,10,"9,817.00","98,170.00"
2019-06-12,2019061201005443,RBCL,16,6,10,"9,820.00","98,200.00"
2019-06-12,2019061201005442,RBCL,26,6,10,"9,825.00","98,250.00"
2019-06-12,2019061201005441,RBCL,52,6,10,"9,826.00","98,260.00"
2019-06-12,2019061201005670,RMDC,53,10,32,649.00,"20,768.00"
2019-06-12,2019061201005669,RMDC,55,10,10,649.00,"6,490.00"
2019-06-12,2019061201005755,RRHP,22,45,10,104.00,"1,040.00"
2019-06-12,2019061201005708,RRHP,22,45,10,104.00,"1,040.00"
2019-06-12,2019061201005639,RSDC,7,25,19,375.00,"7,125.00"
2019-06-12,2019061201005306,SADBL,13,44,431,152.00,"65,512.00"
2019-06-12,2019061201005404,SAEF,36,58,"5,000",9.61,"48,050.00"
2019-06-12,2019061201005731,SANIMA,38,47,40,348.00,"13,920.00"
2019-06-12,2019061201005722,SANIMA,34,45,68,347.00,"23,596.00"
2019-06-12,2019061201005721,SANIMA,50,45,200,347.00,"69,400.00"
2019-06-12,2019061201005720,SANIMA,48,45,180,347.00,"62,460.00"
2019-06-12,2019061201005719,SANIMA,17,45,45,347.00,"15,615.00"
2019-06-12,2019061201005718,SANIMA,45,45,17,347.00,"5,899.00"
2019-06-12,2019061201005554,SANIMA,16,47,100,348.00,"34,800.00"
2019-06-12,2019061201005432,SBBLJ,3,25,500,193.00,"96,500.00"
2019-06-12,2019061201005431,SBBLJ,7,25,100,193.00,"19,300.00"
2019-06-12,2019061201005615,SBI,16,28,30,466.00,"13,980.00"
2019-06-12,2019061201005463,SBI,37,25,100,464.00,"46,400.00"
2019-06-12,2019061201005429,SBI,22,17,327,465.00,"152,055.00"
2019-06-12,2019061201005385,SBI,37,17,269,464.00,"124,816.00"
2019-06-12,2019061201005384,SBI,51,17,10,464.00,"4,640.00"
2019-06-12,2019061201005383,SBI,51,17,21,464.00,"9,744.00"
2019-06-12,2019061201005677,SBL,32,45,937,324.00,"303,588.00"
2019-06-12,2019061201005659,SBL,32,34,303,324.00,"98,172.00"
2019-06-12,2019061201005529,SBL,32,47,10,324.00,"3,240.00"
2019-06-12,2019061201005389,SBL,50,47,200,324.00,"64,800.00"
2019-06-12,2019061201005703,SCB,45,26,500,670.00,"335,000.00"
2019-06-12,2019061201005702,SCB,45,4,150,670.00,"100,500.00"
2019-06-12,2019061201005701,SCB,45,25,100,667.00,"66,700.00"
2019-06-12,2019061201005572,SCB,21,25,65,666.00,"43,290.00"
2019-06-12,2019061201005571,SCB,45,25,35,666.00,"23,310.00"
2019-06-12,2019061201005491,SCB,17,17,20,667.00,"13,340.00"
2019-06-12,2019061201005769,SHIVM,29,32,100,662.00,"66,200.00"
2019-06-12,2019061201005717,SHIVM,34,38,370,665.00,"246,050.00"
2019-06-12,2019061201005716,SHIVM,34,42,30,664.00,"19,920.00"
2019-06-12,2019061201005595,SHIVM,41,7,100,665.00,"66,500.00"
2019-06-12,2019061201005594,SHIVM,41,57,100,665.00,"66,500.00"
2019-06-12,2019061201005424,SHIVM,34,47,40,666.00,"26,640.00"
2019-06-12,2019061201005372,SHIVM,14,22,50,664.00,"33,200.00"
2019-06-12,2019061201005371,SHIVM,46,22,50,664.00,"33,200.00"
2019-06-12,2019061201005349,SHIVM,46,38,300,665.00,"199,500.00"
2019-06-12,2019061201005423,SHIVM,34,22,10,662.00,"6,620.00"
2019-06-12,2019061201005377,SHIVM,45,22,100,662.00,"66,200.00"
2019-06-12,2019061201005376,SHIVM,38,22,"1,000",662.00,"662,000.00"
2019-06-12,2019061201005375,SHIVM,22,22,150,662.00,"99,300.00"
2019-06-12,2019061201005374,SHIVM,22,22,500,663.00,"331,500.00"
2019-06-12,2019061201005373,SHIVM,39,22,440,663.00,"291,720.00"
2019-06-12,2019061201005746,SHPC,57,34,775,253.00,"196,075.00"
2019-06-12,2019061201005745,SHPC,26,34,55,253.00,"13,915.00"
2019-06-12,2019061201005641,SHPC,48,49,100,254.00,"25,400.00"
2019-06-12,2019061201005640,SHPC,48,49,500,254.00,"127,000.00"
2019-06-12,2019061201005515,SHPC,6,49,50,254.00,"12,700.00"
2019-06-12,2019061201005514,SHPC,50,49,21,254.00,"5,334.00"
2019-06-12,2019061201005768,SIC,5,47,29,"1,300.00","37,700.00"
2019-06-12,2019061201005767,SIC,28,47,21,"1,300.00","27,300.00"
2019-06-12,2019061201005698,SIC,35,58,21,"1,310.00","27,510.00"
2019-06-12,2019061201005506,SICL,22,39,5,824.00,"4,120.00"
2019-06-12,2019061201005505,SICL,53,39,35,825.00,"28,875.00"
2019-06-12,2019061201005504,SICL,6,39,50,826.00,"41,300.00"
2019-06-12,2019061201005503,SICL,34,39,10,827.00,"8,270.00"
2019-06-12,2019061201005449,SICL,34,6,10,827.00,"8,270.00"
2019-06-12,2019061201005675,SIL,21,45,210,563.00,"118,230.00"
2019-06-12,2019061201005674,SIL,21,56,40,562.00,"22,480.00"
2019-06-12,2019061201005527,SIL,39,56,10,562.00,"5,620.00"
2019-06-12,2019061201005585,SINDU,56,59,"1,000",141.00,"141,000.00"
2019-06-12,2019061201005584,SINDU,56,29,100,141.00,"14,100.00"
2019-06-12,2019061201005525,SINDU,45,29,892,139.00,"123,988.00"
2019-06-12,2019061201005524,SINDU,4,29,"2,000",139.00,"278,000.00"
2019-06-12,2019061201005523,SINDU,26,29,500,140.00,"70,000.00"
2019-06-12,2019061201005522,SINDU,42,29,30,140.00,"4,200.00"
2019-06-12,2019061201005521,SINDU,26,29,200,140.00,"28,000.00"
2019-06-12,2019061201005772,SLICL,25,57,26,467.00,"12,142.00"
2019-06-12,2019061201005548,SLICL,34,17,100,466.00,"46,600.00"
2019-06-12,2019061201005588,SPARS,39,45,10,520.00,"5,200.00"
2019-06-12,2019061201005486,SPDL,38,7,100,98.00,"9,800.00"
2019-06-12,2019061201005623,SRBL,13,26,169,254.00,"42,926.00"
2019-06-12,2019061201005622,SRBL,13,38,108,254.00,"27,432.00"
2019-06-12,2019061201005559,SRBL,55,45,241,253.00,"60,973.00"
2019-06-12,2019061201005558,SRBL,34,45,259,253.00,"65,527.00"
2019-06-12,2019061201005465,SRBL,45,38,200,254.00,"50,800.00"
2019-06-12,2019061201005706,SWBBL,36,44,200,880.00,"176,000.00"
2019-06-12,2019061201005310,SWBBL,34,6,155,876.00,"135,780.00"
2019-06-12,2019061201005309,SWBBL,45,6,10,877.00,"8,770.00"
2019-06-12,2019061201005792,TRH,43,57,500,318.00,"159,000.00"
2019-06-12,2019061201005791,TRH,43,59,500,318.00,"159,000.00"
2019-06-12,2019061201005790,TRH,43,28,500,318.00,"159,000.00"
2019-06-12,2019061201005789,TRH,43,57,"1,500",317.00,"475,500.00"
2019-06-12,2019061201005788,TRH,43,33,"1,000",317.00,"317,000.00"
2019-06-12,2019061201005787,TRH,43,28,200,317.00,"63,400.00"
2019-06-12,2019061201005414,TRH,52,35,200,314.00,"62,800.00"
2019-06-12,2019061201005391,TRH,16,17,40,311.00,"12,440.00"
2019-06-12,2019061201005786,TRH,43,17,200,316.00,"63,200.00"
2019-06-12,2019061201005785,TRH,43,59,200,316.00,"63,200.00"
2019-06-12,2019061201005760,TRH,38,59,300,316.00,"94,800.00"
2019-06-12,2019061201005759,TRH,38,4,200,316.00,"63,200.00"
2019-06-12,2019061201005758,TRH,38,41,500,315.00,"157,500.00"
2019-06-12,2019061201005611,TRH,22,5,100,314.00,"31,400.00"
2019-06-12,2019061201005736,UMHL,6,6,10,115.00,"1,150.00"
2019-06-12,2019061201005658,UMHL,6,6,10,115.00,"1,150.00"
2019-06-12,2019061201005604,UPCL,7,57,50,92.00,"4,600.00"
2019-06-12,2019061201005762,UPPER,57,45,40,266.00,"10,640.00"
2019-06-12,2019061201005741,UPPER,28,29,50,266.00,"13,300.00"
2019-06-12,2019061201005712,UPPER,28,45,50,266.00,"13,300.00"
2019-06-12,2019061201005685,UPPER,1,57,50,267.00,"13,350.00"
2019-06-12,2019061201005684,UPPER,1,39,50,267.00,"13,350.00"
2019-06-12,2019061201005415,UPPER,50,29,50,266.00,"13,300.00"
2019-06-12,2019061201005413,UPPER,50,42,40,266.00,"10,640.00"
2019-06-12,2019061201005409,UPPER,50,29,50,266.00,"13,300.00"
2019-06-12,2019061201005400,UPPER,50,29,50,266.00,"13,300.00"
2019-06-12,2019061201005464,UPPER,50,29,50,266.00,"13,300.00"
2019-06-12,2019061201005459,UPPER,50,29,50,266.00,"13,300.00"
2019-06-12,2019061201005451,UPPER,50,29,50,266.00,"13,300.00"
2019-06-12,2019061201005440,UPPER,50,29,50,266.00,"13,300.00"
2019-06-12,2019061201005434,UPPER,50,29,50,266.00,"13,300.00"
2019-06-12,2019061201005425,UPPER,50,29,50,266.00,"13,300.00"
2019-06-12,2019061201005565,UPPER,50,29,17,266.00,"4,522.00"
2019-06-12,2019061201005562,UPPER,50,29,50,266.00,"13,300.00"
2019-06-12,2019061201005485,UPPER,50,45,40,266.00,"10,640.00"
2019-06-12,2019061201005472,UPPER,50,29,50,266.00,"13,300.00"
2019-06-12,2019061201005634,UPPER,19,29,50,266.00,"13,300.00"
2019-06-12,2019061201005621,UPPER,19,29,50,266.00,"13,300.00"
2019-06-12,2019061201005614,UPPER,58,29,47,266.00,"12,502.00"
2019-06-12,2019061201005587,UPPER,58,29,50,266.00,"13,300.00"
2019-06-12,2019061201005576,UPPER,58,29,50,266.00,"13,300.00"
2019-06-12,2019061201005566,UPPER,58,29,33,266.00,"8,778.00"
2019-06-12,2019061201005652,UPPER,28,20,95,266.00,"25,270.00"
2019-06-12,2019061201005651,UPPER,39,20,100,266.00,"26,600.00"
2019-06-12,2019061201005650,UPPER,45,20,50,266.00,"13,300.00"
2019-06-12,2019061201005648,UPPER,52,29,50,266.00,"13,300.00"
2019-06-12,2019061201005645,UPPER,52,29,50,266.00,"13,300.00"
2019-06-12,2019061201005014,ADBL,7,6,370,414.00,"153,180.00"
2019-06-12,2019061201005013,ADBL,7,34,200,414.00,"82,800.00"
2019-06-12,2019061201005012,ADBL,7,50,275,414.00,"113,850.00"
2019-06-12,2019061201004958,ADBL,53,50,30,414.00,"12,420.00"
2019-06-12,2019061201004957,ADBL,53,4,470,414.00,"194,580.00"
2019-06-12,2019061201004828,ADBL,22,4,30,414.00,"12,420.00"
2019-06-12,2019061201004805,ADBL,14,4,50,414.00,"20,700.00"
2019-06-12,2019061201004797,ADBL,46,4,450,414.00,"186,300.00"
2019-06-12,2019061201004796,ADBL,46,48,50,414.00,"20,700.00"
2019-06-12,2019061201004884,AKJCL,26,42,100,77.00,"7,700.00"
2019-06-12,2019061201005279,ALBSL,51,47,10,420.00,"4,200.00"
2019-06-12,2019061201005150,ALBSL,51,52,10,420.00,"4,200.00"
2019-06-12,2019061201005083,ALBSL,25,19,200,421.00,"84,200.00"
2019-06-12,2019061201005082,ALBSL,25,42,10,420.00,"4,200.00"
2019-06-12,2019061201005081,ALBSL,25,28,10,420.00,"4,200.00"
2019-06-12,2019061201004874,ALBSL,25,13,10,419.00,"4,190.00"
2019-06-12,2019061201005246,API,25,48,15,150.00,"2,250.00"
2019-06-12,2019061201005230,API,42,1,"3,000",149.00,"447,000.00"
2019-06-12,2019061201005229,API,42,44,"4,500",148.00,"666,000.00"
2019-06-12,2019061201005056,API,39,25,143,147.00,"21,021.00"
2019-06-12,2019061201004916,API,47,48,100,147.00,"14,700.00"
2019-06-12,2019061201004915,API,41,48,198,147.00,"29,106.00"
2019-06-12,2019061201005055,API,53,25,700,147.00,"102,900.00"
2019-06-12,2019061201005054,API,43,25,200,147.00,"29,400.00"
2019-06-12,2019061201005053,API,43,25,426,147.00,"62,622.00"
2019-06-12,2019061201004919,API,43,48,74,147.00,"10,878.00"
2019-06-12,2019061201004918,API,8,48,500,147.00,"73,500.00"
2019-06-12,2019061201004917,API,40,48,100,147.00,"14,700.00"
2019-06-12,2019061201004945,BOKL,22,44,350,263.00,"92,050.00"
2019-06-12,2019061201004933,BOKL,34,44,100,263.00,"26,300.00"
2019-06-12,2019061201004927,BOKL,33,44,"1,000",263.00,"263,000.00"
2019-06-12,2019061201004922,BOKL,34,44,200,263.00,"52,600.00"
2019-06-12,2019061201004898,BPCL,36,57,10,407.00,"4,070.00"
2019-06-12,2019061201004897,BPCL,36,34,33,406.00,"13,398.00"
2019-06-12,2019061201004892,BPCL,14,34,67,406.00,"27,202.00"
2019-06-12,2019061201004891,BPCL,14,42,33,406.00,"13,398.00"
2019-06-12,2019061201004819,BPCL,34,52,294,405.00,"119,070.00"
2019-06-12,2019061201005152,CBBL,34,54,450,935.00,"420,750.00"
2019-06-12,2019061201005146,CBL,45,49,181,146.00,"26,426.00"
2019-06-12,2019061201004835,CBL,45,5,189,146.00,"27,594.00"
2019-06-12,2019061201004834,CBL,46,5,300,146.00,"43,800.00"
2019-06-12,2019061201004833,CBL,55,5,11,146.00,"1,606.00"
2019-06-12,2019061201005154,CEFL,32,49,50,103.00,"5,150.00"
2019-06-12,2019061201005234,CFCL,57,36,50,122.00,"6,100.00"
2019-06-12,2019061201005233,CFCL,57,45,10,122.00,"1,220.00"
2019-06-12,2019061201005244,CHCL,53,56,50,516.00,"25,800.00"
2019-06-12,2019061201005243,CHCL,6,56,68,516.00,"35,088.00"
2019-06-12,2019061201005181,CHCL,20,32,400,517.00,"206,800.00"
2019-06-12,2019061201005006,CHCL,20,55,600,517.00,"310,200.00"
2019-06-12,2019061201005291,CHL,42,29,500,94.00,"47,000.00"
2019-06-12,2019061201005089,CLBSL,54,56,100,520.00,"52,000.00"
2019-06-12,2019061201005088,CLBSL,54,36,22,518.00,"11,396.00"
2019-06-12,2019061201004829,CORBL,7,47,830,124.00,"102,920.00"
2019-06-12,2019061201005240,CZBIL,50,54,124,223.00,"27,652.00"
2019-06-12,2019061201005239,CZBIL,50,51,34,223.00,"7,582.00"
2019-06-12,2019061201004925,DDBL,50,19,20,705.00,"14,100.00"
2019-06-12,2019061201004825,DDBL,50,35,255,705.00,"179,775.00"
2019-06-12,2019061201004863,DHPL,26,6,130,75.00,"9,750.00"
2019-06-12,2019061201004862,DHPL,26,54,10,75.00,750.00
2019-06-12,2019061201004861,DHPL,26,44,10,74.00,740.00
2019-06-12,2019061201005285,EBL,35,20,100,663.00,"66,300.00"
2019-06-12,2019061201005270,EBL,29,44,50,664.00,"33,200.00"
2019-06-12,2019061201004924,EBL,45,44,20,664.00,"13,280.00"
2019-06-12,2019061201005059,EIC,21,26,89,377.00,"33,553.00"
2019-06-12,2019061201004882,EIC,21,5,51,377.00,"19,227.00"
2019-06-12,2019061201004881,EIC,46,5,10,380.00,"3,800.00"
2019-06-12,2019061201004880,EIC,51,5,39,380.00,"14,820.00"
2019-06-12,2019061201005163,FMDBL,17,58,100,392.00,"39,200.00"
2019-06-12,2019061201004872,FMDBL,41,42,100,389.00,"38,900.00"
2019-06-12,2019061201005180,FOWAD,57,58,18,"1,407.00","25,326.00"
2019-06-12,2019061201005222,GBBL,36,34,71,226.00,"16,046.00"
2019-06-12,2019061201005221,GBBL,36,5,300,225.00,"67,500.00"
2019-06-12,2019061201004968,GBIME,58,7,19,299.00,"5,681.00"
2019-06-12,2019061201004963,GBIME,58,7,19,299.00,"5,681.00"
2019-06-12,2019061201004959,GBIME,58,7,19,299.00,"5,681.00"
2019-06-12,2019061201004836,GBIMEP,47,49,"84,091",174.00,"14,631,834.00"
2019-06-12,2019061201004820,GBIMEP,47,49,"99,000",174.00,"17,226,000.00"
2019-06-12,2019061201004802,GBIMEP,47,49,"63,731",174.00,"11,089,194.00"
2019-06-12,2019061201004873,GBLBS,29,48,20,365.00,"7,300.00"
2019-06-12,2019061201004858,GBLBS,29,57,10,360.00,"3,600.00"
2019-06-12,2019061201004857,GBLBS,29,13,300,358.00,"107,400.00"
2019-06-12,2019061201005158,GMFIL,42,8,"6,717",124.00,"832,908.00"
2019-06-12,2019061201005157,GMFIL,6,8,40,124.00,"4,960.00"
2019-06-12,2019061201005156,GMFIL,1,8,100,124.00,"12,400.00"
2019-06-12,2019061201005155,GMFIL,50,8,"1,795",125.00,"224,375.00"
2019-06-12,2019061201005113,GUFL,28,45,350,118.00,"41,300.00"
2019-06-12,2019061201004920,GUFL,50,5,200,117.00,"23,400.00"
2019-06-12,2019061201005092,HDL,57,53,50,"1,740.00","87,000.00"
2019-06-12,2019061201004896,HGI,41,5,120,370.00,"44,400.00"
2019-06-12,2019061201004895,HGI,42,5,50,370.00,"18,500.00"
2019-06-12,2019061201004894,HGI,32,5,30,371.00,"11,130.00"
2019-06-12,2019061201005226,HIDCL,38,48,393,162.00,"63,666.00"
2019-06-12,2019061201005225,HIDCL,38,59,108,162.00,"17,496.00"
2019-06-12,2019061201005108,HIDCL,34,51,15,161.00,"2,415.00"
2019-06-12,2019061201005075,HIDCL,6,59,80,162.00,"12,960.00"
2019-06-12,2019061201005074,HIDCL,7,59,32,162.00,"5,184.00"
2019-06-12,2019061201004856,HIDCL,7,26,25,162.00,"4,050.00"
2019-06-12,2019061201004795,HIDCL,7,8,31,162.00,"5,022.00"
2019-06-12,2019061201005153,HPPL,16,26,10,177.00,"1,770.00"
2019-06-12,2019061201005251,HURJA,42,7,20,146.00,"2,920.00"
2019-06-12,2019061201005242,HURJA,42,7,20,146.00,"2,920.00"
2019-06-12,2019061201005162,HURJA,42,52,20,146.00,"2,920.00"
2019-06-12,2019061201005107,HURJA,42,20,20,146.00,"2,920.00"
2019-06-12,2019061201004960,HURJA,33,52,20,146.00,"2,920.00"
2019-06-12,2019061201004860,IGI,34,42,290,390.00,"113,100.00"
2019-06-12,2019061201004859,IGI,45,42,10,391.00,"3,910.00"
2019-06-12,2019061201004961,JBBL,36,49,549,158.00,"86,742.00"
2019-06-12,2019061201004952,JBBL,36,49,951,158.00,"150,258.00"
2019-06-12,2019061201004951,JBBL,36,35,49,158.00,"7,742.00"
2019-06-12,2019061201005224,JBNL,50,41,473,207.00,"97,911.00"
2019-06-12,2019061201005223,JBNL,58,41,"1,586",207.00,"328,302.00"
2019-06-12,2019061201005069,JBNL,58,6,507,207.00,"104,949.00"
2019-06-12,2019061201004839,JBNL,58,29,61,207.00,"12,627.00"
2019-06-12,2019061201004830,JBNL,58,29,846,207.00,"175,122.00"
2019-06-12,2019061201005084,JSLBB,11,26,10,"1,955.00","19,550.00"
2019-06-12,2019061201004953,KBBL,42,34,238,233.00,"55,454.00"
2019-06-12,2019061201005282,KBL,29,49,100,215.00,"21,500.00"
2019-06-12,2019061201005231,KBL,42,45,100,214.00,"21,400.00"
2019-06-12,2019061201004973,KBL,42,16,607,214.00,"129,898.00"
2019-06-12,2019061201004807,KPCL,59,57,10,96.00,960.00
2019-06-12,2019061201004948,KPCL,42,33,500,95.00,"47,500.00"
2019-06-12,2019061201004947,KPCL,41,33,450,95.00,"42,750.00"
2019-06-12,2019061201004946,KPCL,59,33,670,96.00,"64,320.00"
2019-06-12,2019061201005093,KPCL,59,28,10,95.00,950.00
2019-06-12,2019061201004965,KPCL,59,33,660,96.00,"63,360.00"
2019-06-12,2019061201005199,KRBL,17,7,146,119.00,"17,374.00"
