Date,Transact. No.,Symbol,Buyer,Seller,Quantity,Rate,Amount
2020-07-28,2020072801021661,AHPC,14,36,442,94.00,"41,548.00"
2020-07-28,2020072801021660,AHPC,14,36,"1,000",94.00,"94,000.00"
2020-07-28,2020072801021735,AKPL,14,40,776,115.00,"89,240.00"
2020-07-28,2020072801021734,AKPL,16,40,600,115.00,"69,000.00"
2020-07-28,2020072801021733,AKPL,29,40,85,115.00,"9,775.00"
2020-07-28,2020072801021732,AKPL,43,40,300,115.00,"34,500.00"
2020-07-28,2020072801021731,AKPL,35,40,"1,860",115.00,"213,900.00"
2020-07-28,2020072801021730,AKPL,7,40,"1,000",115.00,"115,000.00"
2020-07-28,2020072801021375,ALBSL,25,36,10,740.00,"7,400.00"
2020-07-28,2020072801021374,ALBSL,25,54,30,736.00,"22,080.00"
2020-07-28,2020072801021373,ALBSL,25,29,13,734.00,"9,542.00"
2020-07-28,2020072801021786,ALICL,5,57,"1,000",659.00,"659,000.00"
2020-07-28,2020072801021523,API,38,42,30,109.00,"3,270.00"
2020-07-28,2020072801021506,API,38,34,761,109.00,"82,949.00"
2020-07-28,2020072801021505,API,38,38,10,109.00,"1,090.00"
2020-07-28,2020072801021342,BOKL,10,6,229,240.00,"54,960.00"
2020-07-28,2020072801021491,BPCL,39,17,250,364.00,"91,000.00"
2020-07-28,2020072801021720,CBBL,1,58,30,"1,085.00","32,550.00"
2020-07-28,2020072801021719,CBBL,52,58,10,"1,085.00","10,850.00"
2020-07-28,2020072801021718,CBBL,32,58,20,"1,085.00","21,700.00"
2020-07-28,2020072801021717,CBBL,43,58,50,"1,085.00","54,250.00"
2020-07-28,2020072801021716,CBBL,50,58,50,"1,085.00","54,250.00"
2020-07-28,2020072801021715,CBBL,11,58,200,"1,085.00","217,000.00"
2020-07-28,2020072801021714,CBBL,52,58,50,"1,085.00","54,250.00"
2020-07-28,2020072801021713,CBBL,57,58,38,"1,085.00","41,230.00"
2020-07-28,2020072801021712,CBBL,26,58,100,"1,086.00","108,600.00"
2020-07-28,2020072801021711,CBBL,1,58,10,"1,086.00","10,860.00"
2020-07-28,2020072801021662,CBL,33,10,100,148.00,"14,800.00"
2020-07-28,2020072801021569,CBL,33,38,10,148.00,"1,480.00"
2020-07-28,2020072801021536,CBL,49,57,50,149.00,"7,450.00"
2020-07-28,2020072801021424,CBL,43,57,10,149.00,"1,490.00"
2020-07-28,2020072801021803,CCBL,19,42,103,180.00,"18,540.00"
2020-07-28,2020072801021592,CCBL,14,42,320,180.00,"57,600.00"
2020-07-28,2020072801021591,CCBL,14,39,180,180.00,"32,400.00"
2020-07-28,2020072801021740,CIT,1,52,10,"2,576.00","25,760.00"
2020-07-28,2020072801021692,CIT,1,47,50,"2,576.00","128,800.00"
2020-07-28,2020072801021667,CIT,32,13,20,"2,576.00","51,520.00"
2020-07-28,2020072801021311,CIT,19,13,50,"2,576.00","128,800.00"
2020-07-28,2020072801021489,CMF1,14,52,"1,000",9.85,"9,850.00"
2020-07-28,2020072801021412,DDBL,14,14,50,867.00,"43,350.00"
2020-07-28,2020072801021504,DHPL,1,29,50,49.90,"2,495.00"
2020-07-28,2020072801021783,EBL,33,44,100,765.00,"76,500.00"
2020-07-28,2020072801021409,EDBL,58,49,45,337.00,"15,165.00"
2020-07-28,2020072801021408,EDBL,22,49,55,337.00,"18,535.00"
2020-07-28,2020072801021346,FMDBL,48,42,70,551.00,"38,570.00"
2020-07-28,2020072801021787,FOWAD,6,21,100,"1,580.00","158,000.00"
2020-07-28,2020072801021388,GBIME,6,28,488,262.00,"127,856.00"
2020-07-28,2020072801021387,GBIME,47,28,75,262.00,"19,650.00"
2020-07-28,2020072801021386,GBIME,58,28,40,262.00,"10,480.00"
2020-07-28,2020072801021385,GBIME,38,28,"1,892",262.00,"495,704.00"
2020-07-28,2020072801021384,GBIME,47,28,50,263.00,"13,150.00"
2020-07-28,2020072801021383,GBIME,52,28,20,263.00,"5,260.00"
2020-07-28,2020072801021376,GBIME,44,28,297,263.00,"78,111.00"
2020-07-28,2020072801021382,GBIME,38,28,100,263.00,"26,300.00"
2020-07-28,2020072801021381,GBIME,41,28,300,263.00,"78,900.00"
2020-07-28,2020072801021380,GBIME,5,28,200,263.00,"52,600.00"
2020-07-28,2020072801021379,GBIME,26,28,500,263.00,"131,500.00"
2020-07-28,2020072801021378,GBIME,38,28,"1,000",263.00,"263,000.00"
2020-07-28,2020072801021377,GBIME,49,28,38,263.00,"9,994.00"
2020-07-28,2020072801021590,GBLBS,44,13,250,517.00,"129,250.00"
2020-07-28,2020072801021411,GBLBS,44,38,50,517.00,"25,850.00"
2020-07-28,2020072801021410,GBLBS,52,38,50,517.00,"25,850.00"
2020-07-28,2020072801021700,GILB,13,51,10,"1,310.00","13,100.00"
2020-07-28,2020072801021359,GLBSL,43,42,10,914.00,"9,140.00"
2020-07-28,2020072801021515,HDL,50,14,50,"1,706.00","85,300.00"
2020-07-28,2020072801021514,HDL,41,14,50,"1,708.00","85,400.00"
2020-07-28,2020072801021487,HDL,35,55,30,"1,710.00","51,300.00"
2020-07-28,2020072801021405,HDL,50,32,29,"1,706.00","49,474.00"
2020-07-28,2020072801021404,HDL,55,32,171,"1,706.00","291,726.00"
2020-07-28,2020072801021372,HDL,55,14,29,"1,706.00","49,474.00"
2020-07-28,2020072801021371,HDL,19,14,21,"1,707.00","35,847.00"
2020-07-28,2020072801021347,HDL,47,14,50,"1,710.00","85,500.00"
2020-07-28,2020072801021697,HGI,34,43,145,417.00,"60,465.00"
2020-07-28,2020072801021691,HGI,1,43,10,417.00,"4,170.00"
2020-07-28,2020072801021690,HGI,25,43,300,417.00,"125,100.00"
2020-07-28,2020072801021689,HGI,28,43,500,417.00,"208,500.00"
2020-07-28,2020072801021688,HGI,49,43,100,418.00,"41,800.00"
2020-07-28,2020072801021687,HGI,7,43,100,418.00,"41,800.00"
2020-07-28,2020072801021686,HGI,57,43,45,418.00,"18,810.00"
2020-07-28,2020072801021675,HGI,57,58,105,418.00,"43,890.00"
2020-07-28,2020072801021674,HGI,19,58,30,418.00,"12,540.00"
2020-07-28,2020072801021673,HGI,47,58,20,419.00,"8,380.00"
2020-07-28,2020072801021588,HGI,22,58,10,420.00,"4,200.00"
2020-07-28,2020072801021396,ICFC,38,16,300,188.00,"56,400.00"
2020-07-28,2020072801021544,IGI,19,34,10,454.00,"4,540.00"
2020-07-28,2020072801021535,ILBS,55,44,79,780.00,"61,620.00"
2020-07-28,2020072801021534,ILBS,48,44,10,782.00,"7,820.00"
2020-07-28,2020072801021533,ILBS,55,44,30,782.00,"23,460.00"
2020-07-28,2020072801021532,ILBS,13,44,10,782.00,"7,820.00"
2020-07-28,2020072801021531,ILBS,42,44,10,783.00,"7,830.00"
2020-07-28,2020072801021530,ILBS,55,44,35,783.00,"27,405.00"
2020-07-28,2020072801021529,ILBS,53,44,10,785.00,"7,850.00"
2020-07-28,2020072801021528,ILBS,44,44,86,785.00,"67,510.00"
2020-07-28,2020072801021527,ILBS,55,44,20,786.00,"15,720.00"
2020-07-28,2020072801021526,ILBS,26,44,10,786.00,"7,860.00"
2020-07-28,2020072801021742,JBBL,58,52,17,184.00,"3,128.00"
2020-07-28,2020072801021741,JBBL,58,37,33,183.00,"6,039.00"
2020-07-28,2020072801021640,KBL,4,58,"1,000",201.00,"201,000.00"
2020-07-28,2020072801021395,KBL,4,1,"3,000",201.00,"603,000.00"
2020-07-28,2020072801021361,KBL,4,1,500,201.00,"100,500.00"
2020-07-28,2020072801021726,KMCDB,33,28,12,849.00,"10,188.00"
2020-07-28,2020072801021725,KPCL,25,38,10,110.00,"1,100.00"
2020-07-28,2020072801021724,KPCL,25,34,10,110.00,"1,100.00"
2020-07-28,2020072801021723,KPCL,25,13,80,109.00,"8,720.00"
2020-07-28,2020072801021594,KPCL,25,13,20,109.00,"2,180.00"
2020-07-28,2020072801021433,KPCL,25,21,200,106.00,"21,200.00"
2020-07-28,2020072801021364,KPCL,34,21,10,106.00,"1,060.00"
2020-07-28,2020072801021439,KPCL,25,21,10,108.00,"1,080.00"
2020-07-28,2020072801021438,KPCL,25,21,10,108.00,"1,080.00"
2020-07-28,2020072801021437,KPCL,25,51,200,107.00,"21,400.00"
2020-07-28,2020072801021436,KPCL,25,45,10,107.00,"1,070.00"
2020-07-28,2020072801021435,KPCL,25,46,10,107.00,"1,070.00"
2020-07-28,2020072801021434,KPCL,25,21,10,106.00,"1,060.00"
2020-07-28,2020072801021445,KPCL,25,21,10,108.00,"1,080.00"
2020-07-28,2020072801021444,KPCL,25,21,10,108.00,"1,080.00"
2020-07-28,2020072801021443,KPCL,25,43,10,108.00,"1,080.00"
2020-07-28,2020072801021442,KPCL,25,21,10,108.00,"1,080.00"
2020-07-28,2020072801021441,KPCL,25,21,10,108.00,"1,080.00"
2020-07-28,2020072801021440,KPCL,25,21,10,108.00,"1,080.00"
2020-07-28,2020072801021451,KPCL,25,26,10,108.00,"1,080.00"
2020-07-28,2020072801021450,KPCL,25,34,10,108.00,"1,080.00"
2020-07-28,2020072801021449,KPCL,25,51,10,108.00,"1,080.00"
2020-07-28,2020072801021448,KPCL,25,21,10,108.00,"1,080.00"
2020-07-28,2020072801021447,KPCL,25,21,10,108.00,"1,080.00"
2020-07-28,2020072801021446,KPCL,25,21,10,108.00,"1,080.00"
2020-07-28,2020072801021455,KPCL,25,52,95,109.00,"10,355.00"
2020-07-28,2020072801021454,KPCL,25,51,100,108.00,"10,800.00"
2020-07-28,2020072801021453,KPCL,25,35,25,108.00,"2,700.00"
2020-07-28,2020072801021452,KPCL,25,35,10,108.00,"1,080.00"
2020-07-28,2020072801021722,LBL,34,34,289,238.00,"68,782.00"
2020-07-28,2020072801021721,LBL,10,34,711,238.00,"169,218.00"
2020-07-28,2020072801021595,LGIL,49,53,50,470.00,"23,500.00"
2020-07-28,2020072801021418,LLBS,50,21,136,"1,189.00","161,704.00"
2020-07-28,2020072801021417,LLBS,50,28,50,"1,189.00","59,450.00"
2020-07-28,2020072801021416,LLBS,50,28,10,"1,185.00","11,850.00"
2020-07-28,2020072801021671,MBL,6,19,300,239.00,"71,700.00"
2020-07-28,2020072801021571,MBL,34,33,150,240.00,"36,000.00"
2020-07-28,2020072801021425,MBL,37,53,100,240.00,"24,000.00"
2020-07-28,2020072801021356,MBL,56,56,1,236.00,236.00
2020-07-28,2020072801021800,MDB,34,22,340,335.00,"113,900.00"
2020-07-28,2020072801021799,MDB,34,58,71,334.00,"23,714.00"
2020-07-28,2020072801021738,MEGA,43,28,93,236.00,"21,948.00"
2020-07-28,2020072801021693,MEGA,1,57,83,235.00,"19,505.00"
2020-07-28,2020072801021789,MERO,38,33,20,664.00,"13,280.00"
2020-07-28,2020072801021555,MERO,49,19,10,662.00,"6,620.00"
2020-07-28,2020072801021702,MFIL,55,57,"1,000",293.00,"293,000.00"
2020-07-28,2020072801021587,MFIL,16,6,10,290.00,"2,900.00"
2020-07-28,2020072801021648,MHNL,59,29,10,84.00,840.00
2020-07-28,2020072801021554,MLBBL,26,57,60,790.00,"47,400.00"
2020-07-28,2020072801021498,MPFL,42,45,"1,000",114.00,"114,000.00"
2020-07-28,2020072801021497,MPFL,42,57,115,113.00,"12,995.00"
2020-07-28,2020072801021496,MPFL,42,14,10,113.00,"1,130.00"
2020-07-28,2020072801021353,MPFL,42,52,90,112.00,"10,080.00"
2020-07-28,2020072801021352,MPFL,42,38,10,112.00,"1,120.00"
2020-07-28,2020072801021429,MSMBS,49,40,120,735.00,"88,200.00"
2020-07-28,2020072801021428,MSMBS,45,40,30,737.00,"22,110.00"
2020-07-28,2020072801021427,MSMBS,52,40,10,738.00,"7,380.00"
2020-07-28,2020072801021426,MSMBS,49,40,20,738.00,"14,760.00"
2020-07-28,2020072801021737,NABIL,1,4,10,854.00,"8,540.00"
2020-07-28,2020072801021736,NABIL,28,4,500,854.00,"427,000.00"
2020-07-28,2020072801021493,NABIL,54,4,200,854.00,"170,800.00"
2020-07-28,2020072801021316,NABIL,35,4,25,854.00,"21,350.00"
2020-07-28,2020072801021804,NADEP,50,13,23,663.00,"15,249.00"
2020-07-28,2020072801021556,NADEP,38,57,50,662.00,"33,100.00"
2020-07-28,2020072801021553,NADEP,38,28,100,662.00,"66,200.00"
2020-07-28,2020072801021310,NADEP,38,21,23,662.00,"15,226.00"
2020-07-28,2020072801021309,NADEP,38,57,84,662.00,"55,608.00"
2020-07-28,2020072801021308,NADEP,52,57,16,662.00,"10,592.00"
2020-07-28,2020072801021351,NBB,17,42,200,212.00,"42,400.00"
2020-07-28,2020072801021785,NBL,33,4,100,264.00,"26,400.00"
2020-07-28,2020072801021666,NBL,10,4,500,264.00,"132,000.00"
2020-07-28,2020072801021650,NBL,8,4,30,264.00,"7,920.00"
2020-07-28,2020072801021485,NBL,52,36,20,263.00,"5,260.00"
2020-07-28,2020072801021484,NBL,34,36,"1,000",263.00,"263,000.00"
2020-07-28,2020072801021483,NBL,25,36,50,263.00,"13,150.00"
2020-07-28,2020072801021470,NBL,58,36,80,263.00,"21,040.00"
2020-07-28,2020072801021469,NBL,22,36,500,263.00,"131,500.00"
2020-07-28,2020072801021468,NBL,58,36,200,263.00,"52,600.00"
2020-07-28,2020072801021467,NBL,11,36,"1,000",263.00,"263,000.00"
2020-07-28,2020072801021466,NBL,22,36,30,263.00,"7,890.00"
2020-07-28,2020072801021415,NBL,59,4,100,264.00,"26,400.00"
2020-07-28,2020072801021476,NBL,59,36,100,263.00,"26,300.00"
2020-07-28,2020072801021475,NBL,58,36,50,263.00,"13,150.00"
2020-07-28,2020072801021474,NBL,40,36,500,263.00,"131,500.00"
2020-07-28,2020072801021473,NBL,19,36,100,263.00,"26,300.00"
2020-07-28,2020072801021472,NBL,33,36,200,263.00,"52,600.00"
2020-07-28,2020072801021471,NBL,35,36,350,263.00,"92,050.00"
2020-07-28,2020072801021482,NBL,53,36,170,263.00,"44,710.00"
2020-07-28,2020072801021481,NBL,19,36,200,263.00,"52,600.00"
2020-07-28,2020072801021480,NBL,22,36,200,263.00,"52,600.00"
2020-07-28,2020072801021479,NBL,59,36,50,263.00,"13,150.00"
2020-07-28,2020072801021478,NBL,33,36,500,263.00,"131,500.00"
2020-07-28,2020072801021477,NBL,1,36,200,263.00,"52,600.00"
2020-07-28,2020072801021670,NCCB,44,34,15,201.00,"3,015.00"
2020-07-28,2020072801021669,NCCB,44,58,"1,005",200.00,"201,000.00"
2020-07-28,2020072801021456,NCCB,58,5,164,200.00,"32,800.00"
2020-07-28,2020072801021649,NEF,34,16,100,9.10,910.00
2020-07-28,2020072801021463,NHDL,51,13,10,129.00,"1,290.00"
2020-07-28,2020072801021414,NIB,5,14,10,469.00,"4,690.00"
2020-07-28,2020072801021413,NIB,5,44,90,469.00,"42,210.00"
2020-07-28,2020072801021575,NIBPO,4,14,862,395.00,"340,490.00"
2020-07-28,2020072801021490,NIBPO,1,14,138,396.00,"54,648.00"
2020-07-28,2020072801021511,NIBSF1,7,34,"1,500",10.40,"15,600.00"
2020-07-28,2020072801021420,NIBSF1,7,34,"5,000",10.39,"51,950.00"
2020-07-28,2020072801021419,NIBSF1,7,45,"3,500",10.38,"36,330.00"
2020-07-28,2020072801021703,NICA,28,38,500,580.00,"290,000.00"
2020-07-28,2020072801021599,NICA,29,38,90,580.00,"52,200.00"
2020-07-28,2020072801021598,NICA,29,58,410,580.00,"237,800.00"
2020-07-28,2020072801021566,NICA,35,58,30,580.00,"17,400.00"
2020-07-28,2020072801021565,NICA,36,58,50,580.00,"29,000.00"
2020-07-28,2020072801021564,NICA,50,58,200,580.00,"116,000.00"
2020-07-28,2020072801021563,NICA,42,58,100,580.00,"58,000.00"
2020-07-28,2020072801021562,NICA,52,58,20,580.00,"11,600.00"
2020-07-28,2020072801021561,NICA,32,58,190,580.00,"110,200.00"
2020-07-28,2020072801021406,NICA,44,4,150,581.00,"87,150.00"
2020-07-28,2020072801021314,NICGF,11,38,200,10.28,"2,056.00"
2020-07-28,2020072801021313,NICGF,11,19,"1,600",10.28,"16,448.00"
2020-07-28,2020072801021798,NICL,56,49,10,468.00,"4,680.00"
2020-07-28,2020072801021707,NICL,45,49,50,468.00,"23,400.00"
2020-07-28,2020072801021706,NICL,57,49,27,468.00,"12,636.00"
2020-07-28,2020072801021705,NICL,34,49,100,469.00,"46,900.00"
2020-07-28,2020072801021596,NICL,43,29,10,470.00,"4,700.00"
2020-07-28,2020072801021340,NICL,57,57,300,469.00,"140,700.00"
2020-07-28,2020072801021708,NICL,56,49,23,468.00,"10,764.00"
2020-07-28,2020072801021790,NICLBSL,34,25,10,830.00,"8,300.00"
2020-07-28,2020072801021782,NICLBSL,34,18,10,830.00,"8,300.00"
2020-07-28,2020072801021781,NICLBSL,34,57,10,830.00,"8,300.00"
2020-07-28,2020072801021780,NICLBSL,34,48,10,830.00,"8,300.00"
2020-07-28,2020072801021779,NICLBSL,34,25,10,830.00,"8,300.00"
2020-07-28,2020072801021778,NICLBSL,34,55,10,830.00,"8,300.00"
2020-07-28,2020072801021321,NICLBSL,38,32,10,828.00,"8,280.00"
2020-07-28,2020072801021320,NICLBSL,38,32,10,828.00,"8,280.00"
2020-07-28,2020072801021319,NICLBSL,38,32,10,828.00,"8,280.00"
2020-07-28,2020072801021318,NICLBSL,38,22,20,827.00,"16,540.00"
2020-07-28,2020072801021317,NICLBSL,38,28,10,827.00,"8,270.00"
2020-07-28,2020072801021327,NICLBSL,38,32,20,828.00,"16,560.00"
2020-07-28,2020072801021326,NICLBSL,38,32,10,828.00,"8,280.00"
2020-07-28,2020072801021325,NICLBSL,38,32,10,828.00,"8,280.00"
2020-07-28,2020072801021324,NICLBSL,38,57,30,828.00,"24,840.00"
2020-07-28,2020072801021323,NICLBSL,38,32,10,828.00,"8,280.00"
2020-07-28,2020072801021322,NICLBSL,38,34,10,828.00,"8,280.00"
2020-07-28,2020072801021333,NICLBSL,38,13,10,829.00,"8,290.00"
2020-07-28,2020072801021332,NICLBSL,38,49,10,829.00,"8,290.00"
2020-07-28,2020072801021331,NICLBSL,38,13,10,829.00,"8,290.00"
2020-07-28,2020072801021330,NICLBSL,38,13,10,829.00,"8,290.00"
2020-07-28,2020072801021329,NICLBSL,38,51,10,829.00,"8,290.00"
2020-07-28,2020072801021328,NICLBSL,38,34,40,829.00,"33,160.00"
2020-07-28,2020072801021345,NICLBSL,49,11,10,826.00,"8,260.00"
2020-07-28,2020072801021338,NICLBSL,38,57,170,829.00,"140,930.00"
2020-07-28,2020072801021337,NICLBSL,38,13,10,829.00,"8,290.00"
2020-07-28,2020072801021336,NICLBSL,38,19,10,829.00,"8,290.00"
2020-07-28,2020072801021335,NICLBSL,38,13,10,829.00,"8,290.00"
2020-07-28,2020072801021334,NICLBSL,38,34,60,829.00,"49,740.00"
2020-07-28,2020072801021517,NICLBSL,5,57,30,829.00,"24,870.00"
2020-07-28,2020072801021432,NICLBSL,50,21,10,828.00,"8,280.00"
2020-07-28,2020072801021397,NICLBSL,50,21,20,828.00,"16,560.00"
2020-07-28,2020072801021365,NICLBSL,50,51,10,828.00,"8,280.00"
2020-07-28,2020072801021358,NICLBSL,50,59,20,828.00,"16,560.00"
2020-07-28,2020072801021357,NICLBSL,50,58,10,828.00,"8,280.00"
2020-07-28,2020072801021570,NICLBSL,50,21,10,828.00,"8,280.00"
2020-07-28,2020072801021522,NICLBSL,5,22,10,829.00,"8,290.00"
2020-07-28,2020072801021521,NICLBSL,5,47,10,829.00,"8,290.00"
2020-07-28,2020072801021520,NICLBSL,5,47,10,829.00,"8,290.00"
2020-07-28,2020072801021519,NICLBSL,5,28,30,829.00,"24,870.00"
2020-07-28,2020072801021518,NICLBSL,5,47,10,829.00,"8,290.00"
2020-07-28,2020072801021582,NICLBSL,5,38,10,830.00,"8,300.00"
2020-07-28,2020072801021581,NICLBSL,5,59,10,830.00,"8,300.00"
2020-07-28,2020072801021580,NICLBSL,5,48,10,830.00,"8,300.00"
2020-07-28,2020072801021579,NICLBSL,5,41,10,830.00,"8,300.00"
2020-07-28,2020072801021578,NICLBSL,5,48,10,830.00,"8,300.00"
2020-07-28,2020072801021577,NICLBSL,5,41,10,830.00,"8,300.00"
2020-07-28,2020072801021609,NICLBSL,4,14,10,830.00,"8,300.00"
2020-07-28,2020072801021608,NICLBSL,4,20,10,830.00,"8,300.00"
2020-07-28,2020072801021586,NICLBSL,5,20,10,830.00,"8,300.00"
2020-07-28,2020072801021585,NICLBSL,5,35,10,830.00,"8,300.00"
2020-07-28,2020072801021584,NICLBSL,5,48,10,830.00,"8,300.00"
2020-07-28,2020072801021583,NICLBSL,5,41,10,830.00,"8,300.00"
2020-07-28,2020072801021615,NICLBSL,4,20,10,830.00,"8,300.00"
2020-07-28,2020072801021614,NICLBSL,4,20,10,830.00,"8,300.00"
2020-07-28,2020072801021613,NICLBSL,4,20,10,830.00,"8,300.00"
2020-07-28,2020072801021612,NICLBSL,4,20,10,830.00,"8,300.00"
2020-07-28,2020072801021611,NICLBSL,4,20,20,830.00,"16,600.00"
2020-07-28,2020072801021610,NICLBSL,4,20,20,830.00,"16,600.00"
2020-07-28,2020072801021621,NICLBSL,4,42,10,830.00,"8,300.00"
2020-07-28,2020072801021620,NICLBSL,4,20,10,830.00,"8,300.00"
2020-07-28,2020072801021619,NICLBSL,4,20,10,830.00,"8,300.00"
2020-07-28,2020072801021618,NICLBSL,4,54,10,830.00,"8,300.00"
2020-07-28,2020072801021617,NICLBSL,4,20,10,830.00,"8,300.00"
2020-07-28,2020072801021616,NICLBSL,4,20,10,830.00,"8,300.00"
2020-07-28,2020072801021627,NICLBSL,4,48,10,830.00,"8,300.00"
2020-07-28,2020072801021626,NICLBSL,4,51,10,830.00,"8,300.00"
2020-07-28,2020072801021625,NICLBSL,4,21,10,830.00,"8,300.00"
2020-07-28,2020072801021624,NICLBSL,4,20,10,830.00,"8,300.00"
2020-07-28,2020072801021623,NICLBSL,4,20,10,830.00,"8,300.00"
2020-07-28,2020072801021622,NICLBSL,4,20,10,830.00,"8,300.00"
2020-07-28,2020072801021633,NICLBSL,4,20,10,830.00,"8,300.00"
2020-07-28,2020072801021632,NICLBSL,4,20,10,830.00,"8,300.00"
2020-07-28,2020072801021631,NICLBSL,4,20,10,830.00,"8,300.00"
2020-07-28,2020072801021630,NICLBSL,4,48,10,830.00,"8,300.00"
2020-07-28,2020072801021629,NICLBSL,4,20,10,830.00,"8,300.00"
2020-07-28,2020072801021628,NICLBSL,4,20,10,830.00,"8,300.00"
2020-07-28,2020072801021639,NICLBSL,4,29,10,830.00,"8,300.00"
2020-07-28,2020072801021638,NICLBSL,4,21,10,830.00,"8,300.00"
2020-07-28,2020072801021637,NICLBSL,4,20,10,830.00,"8,300.00"
2020-07-28,2020072801021636,NICLBSL,4,20,10,830.00,"8,300.00"
2020-07-28,2020072801021635,NICLBSL,4,20,20,830.00,"16,600.00"
2020-07-28,2020072801021634,NICLBSL,4,20,10,830.00,"8,300.00"
2020-07-28,2020072801021655,NICLBSL,5,54,10,830.00,"8,300.00"
2020-07-28,2020072801021654,NICLBSL,5,54,10,830.00,"8,300.00"
2020-07-28,2020072801021653,NICLBSL,5,54,10,830.00,"8,300.00"
2020-07-28,2020072801021652,NICLBSL,5,44,10,830.00,"8,300.00"
2020-07-28,2020072801021651,NICLBSL,5,26,10,830.00,"8,300.00"
2020-07-28,2020072801021647,NICLBSL,50,21,20,828.00,"16,560.00"
2020-07-28,2020072801021728,NICLBSL,49,32,61,830.00,"50,630.00"
2020-07-28,2020072801021727,NICLBSL,5,32,100,830.00,"83,000.00"
2020-07-28,2020072801021659,NICLBSL,5,32,20,830.00,"16,600.00"
2020-07-28,2020072801021658,NICLBSL,5,46,10,830.00,"8,300.00"
2020-07-28,2020072801021657,NICLBSL,5,56,10,830.00,"8,300.00"
2020-07-28,2020072801021656,NICLBSL,5,17,10,830.00,"8,300.00"
2020-07-28,2020072801021747,NICLBSL,34,21,10,830.00,"8,300.00"
2020-07-28,2020072801021746,NICLBSL,34,21,10,830.00,"8,300.00"
2020-07-28,2020072801021745,NICLBSL,34,34,20,830.00,"16,600.00"
2020-07-28,2020072801021744,NICLBSL,34,34,20,830.00,"16,600.00"
2020-07-28,2020072801021743,NICLBSL,34,32,79,830.00,"65,570.00"
2020-07-28,2020072801021739,NICLBSL,4,32,150,830.00,"124,500.00"
2020-07-28,2020072801021753,NICLBSL,34,44,10,830.00,"8,300.00"
2020-07-28,2020072801021752,NICLBSL,34,39,10,830.00,"8,300.00"
2020-07-28,2020072801021751,NICLBSL,34,21,10,830.00,"8,300.00"
2020-07-28,2020072801021750,NICLBSL,34,21,10,830.00,"8,300.00"
2020-07-28,2020072801021749,NICLBSL,34,46,10,830.00,"8,300.00"
2020-07-28,2020072801021748,NICLBSL,34,21,10,830.00,"8,300.00"
2020-07-28,2020072801021759,NICLBSL,34,41,20,830.00,"16,600.00"
2020-07-28,2020072801021758,NICLBSL,34,39,10,830.00,"8,300.00"
2020-07-28,2020072801021757,NICLBSL,34,57,10,830.00,"8,300.00"
2020-07-28,2020072801021756,NICLBSL,34,34,10,830.00,"8,300.00"
2020-07-28,2020072801021755,NICLBSL,34,46,10,830.00,"8,300.00"
2020-07-28,2020072801021754,NICLBSL,34,4,10,830.00,"8,300.00"
2020-07-28,2020072801021765,NICLBSL,34,42,10,830.00,"8,300.00"
2020-07-28,2020072801021764,NICLBSL,34,58,10,830.00,"8,300.00"
2020-07-28,2020072801021763,NICLBSL,34,41,10,830.00,"8,300.00"
2020-07-28,2020072801021762,NICLBSL,34,32,10,830.00,"8,300.00"
2020-07-28,2020072801021761,NICLBSL,34,59,10,830.00,"8,300.00"
2020-07-28,2020072801021760,NICLBSL,34,57,10,830.00,"8,300.00"
2020-07-28,2020072801021771,NICLBSL,34,17,10,830.00,"8,300.00"
2020-07-28,2020072801021770,NICLBSL,34,48,10,830.00,"8,300.00"
2020-07-28,2020072801021769,NICLBSL,34,47,10,830.00,"8,300.00"
2020-07-28,2020072801021768,NICLBSL,34,40,10,830.00,"8,300.00"
2020-07-28,2020072801021767,NICLBSL,34,32,10,830.00,"8,300.00"
2020-07-28,2020072801021766,NICLBSL,34,56,10,830.00,"8,300.00"
2020-07-28,2020072801021777,NICLBSL,34,40,10,830.00,"8,300.00"
2020-07-28,2020072801021776,NICLBSL,34,36,10,830.00,"8,300.00"
2020-07-28,2020072801021775,NICLBSL,34,45,100,830.00,"83,000.00"
2020-07-28,2020072801021774,NICLBSL,34,11,10,830.00,"8,300.00"
2020-07-28,2020072801021773,NICLBSL,34,17,10,830.00,"8,300.00"
2020-07-28,2020072801021772,NICLBSL,34,17,10,830.00,"8,300.00"
2020-07-28,2020072801021510,NIL,3,43,500,641.00,"320,500.00"
2020-07-28,2020072801021509,NIL,55,43,100,641.00,"64,100.00"
2020-07-28,2020072801021508,NIL,21,43,100,641.00,"64,100.00"
2020-07-28,2020072801021507,NIL,3,43,610,641.00,"391,010.00"
2020-07-28,2020072801021729,NLIC,56,39,100,"1,370.00","137,000.00"
2020-07-28,2020072801021646,NLIC,28,39,10,"1,370.00","13,700.00"
2020-07-28,2020072801021597,NLIC,16,39,20,"1,370.00","27,400.00"
2020-07-28,2020072801021546,NLIC,8,57,200,"1,366.00","273,200.00"
2020-07-28,2020072801021350,NLIC,8,29,78,"1,366.00","106,548.00"
2020-07-28,2020072801021349,NLIC,11,29,50,"1,366.00","68,300.00"
2020-07-28,2020072801021348,NLIC,44,29,72,"1,366.00","98,352.00"
2020-07-28,2020072801021315,NLIC,10,4,500,"1,369.00","684,500.00"
2020-07-28,2020072801021513,NLICL,48,21,187,713.00,"133,331.00"
2020-07-28,2020072801021512,NLICL,47,21,63,713.00,"44,919.00"
2020-07-28,2020072801021492,NLICL,56,19,23,715.00,"16,445.00"
2020-07-28,2020072801021665,NMB,26,43,599,437.00,"261,763.00"
2020-07-28,2020072801021664,NMB,26,58,"2,101",437.00,"918,137.00"
2020-07-28,2020072801021602,NMB,35,16,451,436.00,"196,636.00"
2020-07-28,2020072801021601,NMB,36,16,50,436.00,"21,800.00"
2020-07-28,2020072801021341,NMB,37,16,17,435.00,"7,395.00"
2020-07-28,2020072801021421,NMBMF,35,28,100,780.00,"78,000.00"
2020-07-28,2020072801021363,NMBMF,51,38,300,770.00,"231,000.00"
2020-07-28,2020072801021362,NMBMF,25,38,60,772.00,"46,320.00"
2020-07-28,2020072801021795,NRIC,49,29,85,566.00,"48,110.00"
2020-07-28,2020072801021794,NRIC,6,29,15,566.00,"8,490.00"
2020-07-28,2020072801021710,NRIC,8,33,50,567.00,"28,350.00"
2020-07-28,2020072801021709,NRIC,6,14,50,566.00,"28,300.00"
2020-07-28,2020072801021704,NRIC,28,33,100,567.00,"56,700.00"
2020-07-28,2020072801021701,NRIC,6,21,40,566.00,"22,640.00"
2020-07-28,2020072801021368,NRIC,48,21,50,566.00,"28,300.00"
2020-07-28,2020072801021367,NRIC,37,33,60,567.00,"34,020.00"
2020-07-28,2020072801021366,NRIC,37,25,100,567.00,"56,700.00"
2020-07-28,2020072801021355,NRIC,8,33,10,567.00,"5,670.00"
2020-07-28,2020072801021354,NRIC,8,51,30,567.00,"17,010.00"
2020-07-28,2020072801021430,NRIC,48,38,65,566.00,"36,790.00"
2020-07-28,2020072801021407,NRIC,48,43,40,566.00,"22,640.00"
2020-07-28,2020072801021393,NRIC,48,59,40,566.00,"22,640.00"
2020-07-28,2020072801021392,NRIC,33,33,100,567.00,"56,700.00"
2020-07-28,2020072801021370,NRIC,48,34,40,566.00,"22,640.00"
2020-07-28,2020072801021369,NRIC,48,11,40,566.00,"22,640.00"
2020-07-28,2020072801021541,NRIC,59,33,100,567.00,"56,700.00"
2020-07-28,2020072801021516,NRIC,6,14,40,566.00,"22,640.00"
2020-07-28,2020072801021503,NRIC,6,21,50,566.00,"28,300.00"
2020-07-28,2020072801021499,NRIC,6,28,40,566.00,"22,640.00"
2020-07-28,2020072801021465,NRIC,6,16,10,566.00,"5,660.00"
2020-07-28,2020072801021431,NRIC,6,38,185,566.00,"104,710.00"
2020-07-28,2020072801021668,NRIC,6,41,140,566.00,"79,240.00"
2020-07-28,2020072801021644,NRIC,28,33,200,567.00,"113,400.00"
2020-07-28,2020072801021604,NRIC,6,14,40,566.00,"22,640.00"
2020-07-28,2020072801021568,NRIC,6,34,40,566.00,"22,640.00"
2020-07-28,2020072801021549,NRIC,6,10,300,566.00,"169,800.00"
2020-07-28,2020072801021547,NRIC,6,21,50,566.00,"28,300.00"
2020-07-28,2020072801021576,NSEWA,43,28,10,764.00,"7,640.00"
2020-07-28,2020072801021306,NSEWA,49,21,10,758.00,"7,580.00"
2020-07-28,2020072801021802,NTC,19,25,50,668.00,"33,400.00"
2020-07-28,2020072801021548,NTC,4,39,50,662.00,"33,100.00"
2020-07-28,2020072801021567,NUBL,44,25,100,"1,004.00","100,400.00"
2020-07-28,2020072801021805,OHL,47,41,50,376.00,"18,800.00"
2020-07-28,2020072801021524,OHL,6,58,50,376.00,"18,800.00"
2020-07-28,2020072801021788,PCBL,21,13,200,284.00,"56,800.00"
2020-07-28,2020072801021801,PIC,57,58,10,655.00,"6,550.00"
2020-07-28,2020072801021542,PICL,1,22,80,485.00,"38,800.00"
2020-07-28,2020072801021558,PLIC,25,29,209,571.00,"119,339.00"
2020-07-28,2020072801021557,PLIC,25,38,91,571.00,"51,961.00"
2020-07-28,2020072801021797,PMHPL,16,34,50,73.00,"3,650.00"
2020-07-28,2020072801021796,PMHPL,16,22,90,73.00,"6,570.00"
2020-07-28,2020072801021793,PPCL,38,35,10,114.00,"1,140.00"
2020-07-28,2020072801021792,PPCL,38,41,20,114.00,"2,280.00"
2020-07-28,2020072801021791,PPCL,38,35,10,114.00,"1,140.00"
2020-07-28,2020072801021537,PRIN,56,57,200,510.00,"102,000.00"
2020-07-28,2020072801021312,PRIN,10,13,250,509.00,"127,250.00"
2020-07-28,2020072801021784,PRVU,49,40,10,247.00,"2,470.00"
2020-07-28,2020072801021600,PRVU,5,38,400,246.00,"98,400.00"
2020-07-28,2020072801021344,PRVU,21,38,200,246.00,"49,200.00"
2020-07-28,2020072801021343,PRVU,54,38,400,246.00,"98,400.00"
2020-07-28,2020072801021663,RADHI,33,59,12,168.00,"2,016.00"
2020-07-28,2020072801021543,RADHI,33,59,12,168.00,"2,016.00"
2020-07-28,2020072801021422,RADHI,33,11,12,168.00,"2,016.00"
2020-07-28,2020072801021525,RHPL,49,11,40,144.00,"5,760.00"
2020-07-28,2020072801021401,RHPL,49,58,40,144.00,"5,760.00"
2020-07-28,2020072801021400,RHPL,49,59,20,144.00,"2,880.00"
2020-07-28,2020072801021399,RHPL,49,41,40,144.00,"5,760.00"
2020-07-28,2020072801021398,RHPL,49,14,70,144.00,"10,080.00"
2020-07-28,2020072801021360,RHPL,57,21,20,142.00,"2,840.00"
2020-07-28,2020072801021339,RHPL,57,21,40,142.00,"5,680.00"
2020-07-28,2020072801021683,RMDC,34,16,12,729.00,"8,748.00"
2020-07-28,2020072801021462,RSDC,57,57,30,517.00,"15,510.00"
2020-07-28,2020072801021461,RSDC,43,57,70,518.00,"36,260.00"
2020-07-28,2020072801021502,SADBL,34,6,100,149.00,"14,900.00"
2020-07-28,2020072801021501,SADBL,17,6,300,149.00,"44,700.00"
2020-07-28,2020072801021500,SADBL,29,6,"1,000",149.00,"149,000.00"
2020-07-28,2020072801021593,SAEF,21,57,"6,590",9.78,"64,450.20"
2020-07-28,2020072801021394,SBL,56,57,400,317.00,"126,800.00"
2020-07-28,2020072801021676,SCB,51,33,100,689.00,"68,900.00"
2020-07-28,2020072801021643,SHIVM,40,5,55,618.00,"33,990.00"
2020-07-28,2020072801021551,SHIVM,28,5,200,618.00,"123,600.00"
2020-07-28,2020072801021550,SHIVM,38,5,820,618.00,"506,760.00"
2020-07-28,2020072801021603,SICL,37,53,110,"1,243.00","136,730.00"
2020-07-28,2020072801021677,SIL,6,35,540,620.00,"334,800.00"
2020-07-28,2020072801021495,SIL,6,34,450,620.00,"279,000.00"
2020-07-28,2020072801021494,SIL,16,34,50,620.00,"31,000.00"
2020-07-28,2020072801021589,SJCL,51,11,20,134.00,"2,680.00"
2020-07-28,2020072801021389,SJCL,51,21,10,134.00,"1,340.00"
2020-07-28,2020072801021696,SKBBL,34,29,10,"1,291.00","12,910.00"
2020-07-28,2020072801021403,SKBBL,44,40,30,"1,285.00","38,550.00"
2020-07-28,2020072801021402,SKBBL,4,40,20,"1,290.00","25,800.00"
2020-07-28,2020072801021559,SLBBL,58,44,50,915.00,"45,750.00"
2020-07-28,2020072801021685,SLBS,52,17,15,"1,004.00","15,060.00"
2020-07-28,2020072801021552,SLBSL,22,34,130,895.00,"116,350.00"
2020-07-28,2020072801021642,SLICL,59,25,100,462.00,"46,200.00"
2020-07-28,2020072801021641,SLICL,59,45,200,462.00,"92,400.00"
2020-07-28,2020072801021574,SLICL,5,54,50,461.00,"23,050.00"
2020-07-28,2020072801021573,SLICL,5,26,62,461.00,"28,582.00"
2020-07-28,2020072801021572,SLICL,5,45,50,461.00,"23,050.00"
2020-07-28,2020072801021545,SLICL,57,46,485,459.00,"222,615.00"
2020-07-28,2020072801021488,SLICL,10,45,250,461.00,"115,250.00"
2020-07-28,2020072801021486,SLICL,26,59,10,459.00,"4,590.00"
2020-07-28,2020072801021695,SPARS,25,52,10,903.00,"9,030.00"
2020-07-28,2020072801021694,SPARS,25,10,20,900.00,"18,000.00"
2020-07-28,2020072801021607,SPARS,25,58,10,900.00,"9,000.00"
2020-07-28,2020072801021606,SPARS,25,10,30,895.00,"26,850.00"
2020-07-28,2020072801021605,SPARS,25,10,20,894.00,"17,880.00"
2020-07-28,2020072801021540,SPARS,25,10,10,894.00,"8,940.00"
2020-07-28,2020072801021539,SPARS,25,41,10,893.00,"8,930.00"
2020-07-28,2020072801021538,SPARS,25,10,30,890.00,"26,700.00"
2020-07-28,2020072801021699,SRBL,34,17,150,245.00,"36,750.00"
2020-07-28,2020072801021698,SRBL,34,44,611,245.00,"149,695.00"
2020-07-28,2020072801021560,SRBL,14,41,200,244.00,"48,800.00"
2020-07-28,2020072801021307,TRH,43,14,50,232.00,"11,600.00"
2020-07-28,2020072801021682,UIC,1,58,15,389.00,"5,835.00"
2020-07-28,2020072801021681,UIC,1,7,325,389.00,"126,425.00"
2020-07-28,2020072801021680,UIC,1,42,500,388.00,"194,000.00"
2020-07-28,2020072801021679,UIC,1,57,100,388.00,"38,800.00"
2020-07-28,2020072801021678,UIC,1,51,60,385.00,"23,100.00"
2020-07-28,2020072801021645,UMHL,40,59,400,105.00,"42,000.00"
2020-07-28,2020072801021684,UPPER,52,11,50,229.00,"11,450.00"
2020-07-28,2020072801021423,UPPER,52,21,50,229.00,"11,450.00"
2020-07-28,2020072801021391,UPPER,52,51,116,229.00,"26,564.00"
2020-07-28,2020072801021390,UPPER,6,51,384,229.00,"87,936.00"
2020-07-28,2020072801021464,UPPER,52,51,50,229.00,"11,450.00"
2020-07-28,2020072801021460,VLBS,17,13,500,980.00,"490,000.00"
2020-07-28,2020072801021459,VLBS,33,13,10,980.00,"9,800.00"
2020-07-28,2020072801021458,VLBS,51,13,55,981.00,"53,955.00"
2020-07-28,2020072801021457,VLBS,44,13,69,981.00,"67,689.00"
2020-07-28,2020072801021672,WOMI,37,7,100,984.00,"98,400.00"
2020-07-28,2020072801020919,ADBL,41,11,100,432.00,"43,200.00"
2020-07-28,2020072801020918,ADBL,58,11,200,432.00,"86,400.00"
2020-07-28,2020072801020917,ADBL,51,11,100,432.00,"43,200.00"
2020-07-28,2020072801020916,ADBL,14,11,"1,174",432.00,"507,168.00"
2020-07-28,2020072801021037,AKPL,35,40,640,115.00,"73,600.00"
2020-07-28,2020072801021036,AKPL,48,40,272,115.00,"31,280.00"
2020-07-28,2020072801021035,AKPL,58,40,200,115.00,"23,000.00"
2020-07-28,2020072801021034,AKPL,45,40,888,115.00,"102,120.00"
2020-07-28,2020072801020945,AKPL,25,40,100,116.00,"11,600.00"
2020-07-28,2020072801021300,ALBSL,25,29,10,734.00,"7,340.00"
2020-07-28,2020072801021197,ALBSL,54,5,11,730.00,"8,030.00"
2020-07-28,2020072801020993,ALBSL,25,5,16,732.00,"11,712.00"
2020-07-28,2020072801020952,ALBSL,25,21,11,732.00,"8,052.00"
2020-07-28,2020072801020925,ALBSL,25,21,11,732.00,"8,052.00"
2020-07-28,2020072801020924,ALBSL,25,1,11,732.00,"8,052.00"
2020-07-28,2020072801020923,ALBSL,25,42,11,732.00,"8,052.00"
2020-07-28,2020072801020999,ALBSL,47,5,16,730.00,"11,680.00"
2020-07-28,2020072801020998,ALBSL,6,5,11,730.00,"8,030.00"
2020-07-28,2020072801020997,ALBSL,52,5,45,730.00,"32,850.00"
2020-07-28,2020072801020996,ALBSL,48,5,50,730.00,"36,500.00"
2020-07-28,2020072801020995,ALBSL,34,5,29,731.00,"21,199.00"
2020-07-28,2020072801020994,ALBSL,29,5,33,732.00,"24,156.00"
2020-07-28,2020072801021159,ALICL,49,37,50,658.00,"32,900.00"
2020-07-28,2020072801021105,ALICL,4,34,222,657.00,"145,854.00"
2020-07-28,2020072801021104,ALICL,57,34,278,658.00,"182,924.00"
2020-07-28,2020072801020951,ALICL,57,14,150,658.00,"98,700.00"
2020-07-28,2020072801021030,API,40,52,200,108.00,"21,600.00"
2020-07-28,2020072801020893,API,40,47,34,108.00,"3,672.00"
2020-07-28,2020072801020930,BOKL,10,32,71,240.00,"17,040.00"
2020-07-28,2020072801021057,BPCL,8,4,220,365.00,"80,300.00"
2020-07-28,2020072801021056,BPCL,21,4,10,366.00,"3,660.00"
2020-07-28,2020072801021150,CBBL,47,58,10,"1,086.00","10,860.00"
2020-07-28,2020072801021119,CBBL,14,58,515,"1,086.00","559,290.00"
2020-07-28,2020072801021045,CBBL,14,52,373,"1,086.00","405,078.00"
2020-07-28,2020072801021044,CBBL,22,52,27,"1,087.00","29,349.00"
2020-07-28,2020072801021023,CBBL,22,34,60,"1,087.00","65,220.00"
2020-07-28,2020072801020976,CBBL,22,4,13,"1,087.00","14,131.00"
2020-07-28,2020072801020823,CBBL,54,21,201,"1,088.00","218,688.00"
2020-07-28,2020072801021055,CBL,33,6,100,148.00,"14,800.00"
2020-07-28,2020072801020898,CBL,13,57,100,149.00,"14,900.00"
2020-07-28,2020072801021152,CHCL,52,41,409,404.00,"165,236.00"
2020-07-28,2020072801021151,CHCL,22,41,91,404.00,"36,764.00"
2020-07-28,2020072801021033,CHL,1,14,356,83.00,"29,548.00"
2020-07-28,2020072801020954,CHL,1,14,644,83.00,"53,452.00"
2020-07-28,2020072801021242,CIT,25,52,20,"2,577.00","51,540.00"
2020-07-28,2020072801021277,CZBIL,35,16,900,200.00,"180,000.00"
2020-07-28,2020072801021276,CZBIL,35,34,200,200.00,"40,000.00"
2020-07-28,2020072801021275,CZBIL,35,53,242,200.00,"48,400.00"
2020-07-28,2020072801021225,CZBIL,34,38,10,199.00,"1,990.00"
2020-07-28,2020072801020841,DDBL,45,58,41,865.00,"35,465.00"
2020-07-28,2020072801020840,DDBL,17,58,44,865.00,"38,060.00"
2020-07-28,2020072801020839,DDBL,4,58,171,866.00,"148,086.00"
2020-07-28,2020072801020838,DDBL,14,58,244,867.00,"211,548.00"
2020-07-28,2020072801021048,EIC,35,16,150,411.00,"61,650.00"
2020-07-28,2020072801020864,FMDBL,48,25,10,551.00,"5,510.00"
2020-07-28,2020072801021305,GBIME,41,33,100,264.00,"26,400.00"
2020-07-28,2020072801021286,GBIME,44,33,100,264.00,"26,400.00"
2020-07-28,2020072801021127,GBIME,43,33,110,264.00,"29,040.00"
2020-07-28,2020072801021252,GBLBS,25,48,20,519.00,"10,380.00"
2020-07-28,2020072801021001,GBLBS,10,21,15,517.00,"7,755.00"
2020-07-28,2020072801020906,GBLBS,21,48,100,518.00,"51,800.00"
2020-07-28,2020072801020905,GBLBS,8,48,300,518.00,"155,400.00"
2020-07-28,2020072801020904,GBLBS,13,48,250,518.00,"129,500.00"
2020-07-28,2020072801021026,GHL,26,29,10,53.00,530.00
2020-07-28,2020072801020974,GHL,26,29,10,53.00,530.00
2020-07-28,2020072801021068,GILB,52,51,200,"1,285.00","257,000.00"
2020-07-28,2020072801021067,GILB,7,51,50,"1,285.00","64,250.00"
2020-07-28,2020072801021066,GILB,58,51,10,"1,285.00","12,850.00"
2020-07-28,2020072801021065,GILB,38,51,100,"1,285.00","128,500.00"
2020-07-28,2020072801021064,GILB,38,51,100,"1,286.00","128,600.00"
2020-07-28,2020072801021063,GILB,14,51,255,"1,286.00","327,930.00"
2020-07-28,2020072801021062,GILB,52,51,200,"1,287.00","257,400.00"
2020-07-28,2020072801021061,GILB,16,51,25,"1,287.00","32,175.00"
2020-07-28,2020072801021121,GLBSL,43,1,10,913.00,"9,130.00"
2020-07-28,2020072801021052,GLICL,37,14,160,480.00,"76,800.00"
2020-07-28,2020072801021043,GMFBS,59,21,10,819.00,"8,190.00"
2020-07-28,2020072801021249,GRDBL,41,4,100,109.00,"10,900.00"
2020-07-28,2020072801021248,GRDBL,51,4,100,109.00,"10,900.00"
2020-07-28,2020072801021247,GRDBL,55,4,300,109.00,"32,700.00"
2020-07-28,2020072801021246,GRDBL,22,4,"1,000",109.00,"109,000.00"
2020-07-28,2020072801021297,HDL,19,58,29,"1,707.00","49,503.00"
2020-07-28,2020072801021296,HDL,14,58,100,"1,708.00","170,800.00"
2020-07-28,2020072801021295,HDL,51,58,240,"1,708.00","409,920.00"
2020-07-28,2020072801021294,HDL,45,58,100,"1,708.00","170,800.00"
2020-07-28,2020072801021293,HDL,53,58,10,"1,708.00","17,080.00"
2020-07-28,2020072801021292,HDL,58,58,16,"1,708.00","27,328.00"
2020-07-28,2020072801020921,HDL,16,48,86,"1,710.00","147,060.00"
2020-07-28,2020072801021116,HDL,25,32,10,"1,715.00","17,150.00"
2020-07-28,2020072801021032,HDL,54,58,280,"1,710.00","478,800.00"
2020-07-28,2020072801021031,HDL,55,58,200,"1,710.00","342,000.00"
2020-07-28,2020072801021027,HDL,37,4,50,"1,709.00","85,450.00"
2020-07-28,2020072801021014,HDL,37,58,20,"1,710.00","34,200.00"
2020-07-28,2020072801020990,HDL,16,58,100,"1,710.00","171,000.00"
2020-07-28,2020072801021196,HDL,25,58,105,"1,710.00","179,550.00"
2020-07-28,2020072801021164,HDL,14,58,100,"1,710.00","171,000.00"
2020-07-28,2020072801021157,HDL,32,58,50,"1,710.00","85,500.00"
2020-07-28,2020072801021142,HDL,52,58,25,"1,710.00","42,750.00"
2020-07-28,2020072801021141,HDL,54,58,220,"1,710.00","376,200.00"
2020-07-28,2020072801021120,HDL,48,32,50,"1,715.00","85,750.00"
2020-07-28,2020072801021291,HDL,14,58,100,"1,709.00","170,900.00"
2020-07-28,2020072801021290,HDL,37,58,200,"1,709.00","341,800.00"
2020-07-28,2020072801021289,HDL,33,58,50,"1,710.00","85,500.00"
2020-07-28,2020072801021288,HDL,57,58,50,"1,710.00","85,500.00"
2020-07-28,2020072801021287,HDL,16,58,105,"1,710.00","179,550.00"
2020-07-28,2020072801021243,HDL,16,50,100,"1,710.00","171,000.00"
2020-07-28,2020072801020936,HGI,19,57,170,418.00,"71,060.00"
2020-07-28,2020072801020935,HGI,58,57,100,418.00,"41,800.00"
2020-07-28,2020072801020934,HGI,35,57,420,418.00,"175,560.00"
2020-07-28,2020072801021261,HPPL,41,21,10,139.00,"1,390.00"
2020-07-28,2020072801021147,HURJA,17,57,20,92.00,"1,840.00"
2020-07-28,2020072801021132,IGI,19,48,200,449.00,"89,800.00"
2020-07-28,2020072801021131,IGI,38,48,20,450.00,"9,000.00"
2020-07-28,2020072801020837,JFL,42,6,244,170.00,"41,480.00"
2020-07-28,2020072801021153,KBL,40,19,183,200.00,"36,600.00"
2020-07-28,2020072801020836,KBL,40,34,686,200.00,"137,200.00"
2020-07-28,2020072801020835,KBL,11,34,50,200.00,"10,000.00"
2020-07-28,2020072801020834,KBL,33,34,300,201.00,"60,300.00"
2020-07-28,2020072801020833,KBL,10,34,964,201.00,"193,764.00"
2020-07-28,2020072801020832,KBL,10,34,"1,000",201.00,"201,000.00"
2020-07-28,2020072801021298,KMCDB,57,59,10,843.00,"8,430.00"
2020-07-28,2020072801021245,KMCDB,25,28,10,849.00,"8,490.00"
2020-07-28,2020072801021219,KMCDB,57,11,10,843.00,"8,430.00"
2020-07-28,2020072801021161,KMCDB,57,21,10,843.00,"8,430.00"
2020-07-28,2020072801021059,KMCDB,57,21,10,843.00,"8,430.00"
2020-07-28,2020072801020985,KMCDB,57,21,10,843.00,"8,430.00"
2020-07-28,2020072801020903,KMCDB,52,21,10,844.00,"8,440.00"
2020-07-28,2020072801020901,KMCDB,35,28,100,849.00,"84,900.00"
2020-07-28,2020072801020911,KMCDB,57,40,30,843.00,"25,290.00"
2020-07-28,2020072801020910,KMCDB,52,40,30,844.00,"25,320.00"
2020-07-28,2020072801021163,KPCL,5,17,10,105.00,"1,050.00"
2020-07-28,2020072801021041,KPCL,34,37,10,106.00,"1,060.00"
2020-07-28,2020072801020817,KPCL,5,58,20,105.00,"2,100.00"
2020-07-28,2020072801020816,KPCL,34,58,300,105.00,"31,500.00"
2020-07-28,2020072801020815,KPCL,26,58,180,105.00,"18,900.00"
2020-07-28,2020072801021021,LBL,10,16,12,238.00,"2,856.00"
2020-07-28,2020072801021223,LGIL,56,56,1,463.00,463.00
2020-07-28,2020072801021231,LICN,36,14,35,"1,475.00","51,625.00"
2020-07-28,2020072801021230,LICN,26,14,15,"1,476.00","22,140.00"
2020-07-28,2020072801021128,LICN,54,57,100,"1,480.00","148,000.00"
2020-07-28,2020072801021047,LICN,25,44,10,"1,485.00","14,850.00"
2020-07-28,2020072801021173,MBL,1,47,100,240.00,"24,000.00"
2020-07-28,2020072801020845,MBL,34,44,300,240.00,"72,000.00"
2020-07-28,2020072801020863,MDB,49,34,35,334.00,"11,690.00"
2020-07-28,2020072801021304,MEGA,19,57,220,235.00,"51,700.00"
2020-07-28,2020072801021303,MEGA,19,22,280,235.00,"65,800.00"
2020-07-28,2020072801021273,MEGA,43,22,10,235.00,"2,350.00"
2020-07-28,2020072801021177,MEGA,38,8,623,234.00,"145,782.00"
2020-07-28,2020072801021015,MEGA,44,11,89,234.00,"20,826.00"
2020-07-28,2020072801020959,MEGA,39,22,500,235.00,"117,500.00"
2020-07-28,2020072801020827,MEGA,43,22,10,235.00,"2,350.00"
2020-07-28,2020072801020812,MEGA,44,25,50,234.00,"11,700.00"
2020-07-28,2020072801021020,MEGA,38,11,818,234.00,"191,412.00"
2020-07-28,2020072801021019,MEGA,50,11,100,234.00,"23,400.00"
2020-07-28,2020072801021018,MEGA,40,11,500,234.00,"117,000.00"
2020-07-28,2020072801021017,MEGA,42,11,500,234.00,"117,000.00"
2020-07-28,2020072801021016,MEGA,3,11,100,234.00,"23,400.00"
2020-07-28,2020072801021285,MERO,29,11,33,652.00,"21,516.00"
2020-07-28,2020072801021284,MERO,49,11,10,660.00,"6,600.00"
2020-07-28,2020072801021103,MERO,49,33,10,664.00,"6,640.00"
2020-07-28,2020072801021007,MFIL,43,57,36,294.00,"10,584.00"
2020-07-28,2020072801021006,MFIL,43,5,200,292.00,"58,400.00"
2020-07-28,2020072801021005,MFIL,43,13,50,292.00,"14,600.00"
2020-07-28,2020072801021004,MFIL,43,25,164,291.00,"47,724.00"
2020-07-28,2020072801020808,MFIL,22,57,10,291.00,"2,910.00"
2020-07-28,2020072801021094,MLBL,59,6,34,200.00,"6,800.00"
2020-07-28,2020072801021227,MNBBL,39,29,18,339.00,"6,102.00"
2020-07-28,2020072801021226,MNBBL,45,29,288,339.00,"97,632.00"
2020-07-28,2020072801021171,MNBBL,53,32,2,333.00,666.00
2020-07-28,2020072801021029,MNBBL,45,57,47,339.00,"15,933.00"
2020-07-28,2020072801020907,MNBBL,45,14,17,339.00,"5,763.00"
2020-07-28,2020072801021156,MPFL,42,38,50,110.00,"5,500.00"
2020-07-28,2020072801021013,MPFL,42,44,555,109.00,"60,495.00"
2020-07-28,2020072801021124,NABIL,44,4,10,854.00,"8,540.00"
2020-07-28,2020072801021123,NABIL,10,4,"1,000",854.00,"854,000.00"
2020-07-28,2020072801021122,NABIL,40,4,219,854.00,"187,026.00"
2020-07-28,2020072801021090,NABIL,51,4,10,855.00,"8,550.00"
2020-07-28,2020072801021089,NABIL,55,4,200,855.00,"171,000.00"
2020-07-28,2020072801021088,NABIL,6,4,100,855.00,"85,500.00"
2020-07-28,2020072801021075,NABIL,41,4,50,858.00,"42,900.00"
2020-07-28,2020072801021074,NABIL,8,4,84,858.00,"72,072.00"
2020-07-28,2020072801021073,NABIL,58,4,500,859.00,"429,500.00"
2020-07-28,2020072801021072,NABIL,42,4,50,859.00,"42,950.00"
2020-07-28,2020072801020956,NABIL,7,56,46,860.00,"39,560.00"
2020-07-28,2020072801020955,NABIL,7,29,64,860.00,"55,040.00"
2020-07-28,2020072801021081,NABIL,41,4,87,857.00,"74,559.00"
2020-07-28,2020072801021080,NABIL,22,4,100,857.00,"85,700.00"
2020-07-28,2020072801021079,NABIL,44,4,200,857.00,"171,400.00"
2020-07-28,2020072801021078,NABIL,28,4,"1,545",858.00,"1,325,610.00"
2020-07-28,2020072801021077,NABIL,11,4,50,858.00,"42,900.00"
2020-07-28,2020072801021076,NABIL,53,4,18,858.00,"15,444.00"
2020-07-28,2020072801021087,NABIL,5,4,50,855.00,"42,750.00"
2020-07-28,2020072801021086,NABIL,13,4,30,855.00,"25,650.00"
2020-07-28,2020072801021085,NABIL,47,4,500,855.00,"427,500.00"
2020-07-28,2020072801021084,NABIL,38,4,500,856.00,"428,000.00"
2020-07-28,2020072801021083,NABIL,22,4,110,856.00,"94,160.00"
2020-07-28,2020072801021082,NABIL,20,4,500,856.00,"428,000.00"
2020-07-28,2020072801021215,NADEP,40,37,26,663.00,"17,238.00"
2020-07-28,2020072801021040,NBB,41,42,10,212.00,"2,120.00"
2020-07-28,2020072801020932,NBB,25,35,150,211.00,"31,650.00"
2020-07-28,2020072801021214,NBL,1,4,500,264.00,"132,000.00"
2020-07-28,2020072801021213,NBL,38,4,200,264.00,"52,800.00"
2020-07-28,2020072801021212,NBL,57,4,50,264.00,"13,200.00"
2020-07-28,2020072801021211,NBL,25,4,"2,000",264.00,"528,000.00"
2020-07-28,2020072801021210,NBL,26,4,50,264.00,"13,200.00"
2020-07-28,2020072801021209,NBL,36,4,200,264.00,"52,800.00"
2020-07-28,2020072801021208,NBL,45,4,100,264.00,"26,400.00"
2020-07-28,2020072801021207,NBL,42,4,50,264.00,"13,200.00"
2020-07-28,2020072801021206,NBL,22,4,500,264.00,"132,000.00"
2020-07-28,2020072801021205,NBL,58,4,300,264.00,"79,200.00"
2020-07-28,2020072801021204,NBL,39,4,"1,633",264.00,"431,112.00"
2020-07-28,2020072801021145,NCCB,44,34,10,201.00,"2,010.00"
2020-07-28,2020072801021144,NCCB,44,19,"1,151",200.00,"230,200.00"
2020-07-28,2020072801021101,NCCB,6,19,55,200.00,"11,000.00"
2020-07-28,2020072801020915,NCCB,44,17,150,200.00,"30,000.00"
2020-07-28,2020072801020914,NCCB,44,50,250,200.00,"50,000.00"
2020-07-28,2020072801020913,NCCB,44,5,"1,332",200.00,"266,400.00"
2020-07-28,2020072801020912,NCCB,44,56,700,200.00,"140,000.00"
2020-07-28,2020072801021038,NEF,52,54,241,9.00,"2,169.00"
2020-07-28,2020072801021010,NHPC,38,51,"2,000",53.00,"106,000.00"
2020-07-28,2020072801020963,NHPC,38,51,"1,000",53.00,"53,000.00"
2020-07-28,2020072801020962,NHPC,38,58,"2,000",53.00,"106,000.00"
2020-07-28,2020072801021241,NIB,57,43,27,468.00,"12,636.00"
2020-07-28,2020072801021240,NIB,6,43,25,468.00,"11,700.00"
2020-07-28,2020072801021239,NIB,49,43,40,468.00,"18,720.00"
2020-07-28,2020072801021238,NIB,56,43,75,468.00,"35,100.00"
2020-07-28,2020072801021237,NIB,41,43,20,468.00,"9,360.00"
2020-07-28,2020072801021236,NIB,53,43,200,468.00,"93,600.00"
2020-07-28,2020072801021235,NIB,33,43,50,468.00,"23,400.00"
2020-07-28,2020072801021234,NIB,6,43,563,468.00,"263,484.00"
2020-07-28,2020072801021118,NIB,6,16,11,468.00,"5,148.00"
2020-07-28,2020072801021053,NIB,6,34,14,468.00,"6,552.00"
2020-07-28,2020072801021002,NIB,6,34,14,468.00,"6,552.00"
2020-07-28,2020072801020926,NIB,6,34,14,468.00,"6,552.00"
2020-07-28,2020072801020862,NIBPO,1,4,16,396.00,"6,336.00"
2020-07-28,2020072801021224,NIBSF1,38,45,"1,500",10.38,"15,570.00"
2020-07-28,2020072801021281,NICA,44,38,150,581.00,"87,150.00"
2020-07-28,2020072801021270,NICA,32,57,150,580.00,"87,000.00"
2020-07-28,2020072801021107,NICA,17,25,500,580.00,"290,000.00"
2020-07-28,2020072801020992,NICA,5,38,160,580.00,"92,800.00"
2020-07-28,2020072801020957,NICA,5,38,340,580.00,"197,200.00"
2020-07-28,2020072801020953,NICA,49,38,200,580.00,"116,000.00"
2020-07-28,2020072801020938,NICA,22,38,50,580.00,"29,000.00"
2020-07-28,2020072801020937,NICA,25,38,100,580.00,"58,000.00"
2020-07-28,2020072801020859,NICA,37,16,200,580.00,"116,000.00"
2020-07-28,2020072801020858,NICA,37,13,501,580.00,"290,580.00"
2020-07-28,2020072801020843,NICA,50,42,50,579.00,"28,950.00"
2020-07-28,2020072801021280,NICBF,58,57,"1,000",10.00,"10,000.00"
2020-07-28,2020072801021250,NICBF,58,57,900,10.00,"9,000.00"
2020-07-28,2020072801021217,NICGF,11,56,"1,000",10.20,"10,200.00"
2020-07-28,2020072801021216,NICGF,11,45,300,10.20,"3,060.00"
2020-07-28,2020072801020931,NICGF,21,52,"1,000",10.10,"10,100.00"
2020-07-28,2020072801021218,NICL,50,57,200,469.00,"93,800.00"
2020-07-28,2020072801021199,NICL,43,29,10,470.00,"4,700.00"
2020-07-28,2020072801020989,NICL,57,16,273,468.00,"127,764.00"
2020-07-28,2020072801020988,NICL,47,16,200,469.00,"93,800.00"
2020-07-28,2020072801020987,NICL,34,16,50,469.00,"23,450.00"
2020-07-28,2020072801021299,NICLBSL,49,43,10,826.00,"8,260.00"
2020-07-28,2020072801021279,NICLBSL,49,21,20,826.00,"16,520.00"
2020-07-28,2020072801021267,NICLBSL,7,48,10,827.00,"8,270.00"
2020-07-28,2020072801021266,NICLBSL,7,48,10,827.00,"8,270.00"
2020-07-28,2020072801021265,NICLBSL,7,25,10,827.00,"8,270.00"
2020-07-28,2020072801021263,NICLBSL,51,25,10,826.00,"8,260.00"
2020-07-28,2020072801020855,NICLBSL,1,44,10,826.00,"8,260.00"
2020-07-28,2020072801020850,NICLBSL,1,14,10,826.00,"8,260.00"
2020-07-28,2020072801020842,NICLBSL,1,35,10,826.00,"8,260.00"
2020-07-28,2020072801020814,NICLBSL,1,10,10,826.00,"8,260.00"
2020-07-28,2020072801020810,NICLBSL,1,33,10,826.00,"8,260.00"
2020-07-28,2020072801020809,NICLBSL,1,51,10,826.00,"8,260.00"
2020-07-28,2020072801020902,NICLBSL,11,28,10,827.00,"8,270.00"
2020-07-28,2020072801020897,NICLBSL,1,6,10,826.00,"8,260.00"
2020-07-28,2020072801020895,NICLBSL,1,51,10,826.00,"8,260.00"
2020-07-28,2020072801020889,NICLBSL,1,51,10,826.00,"8,260.00"
2020-07-28,2020072801020888,NICLBSL,1,21,10,826.00,"8,260.00"
2020-07-28,2020072801020887,NICLBSL,1,25,10,826.00,"8,260.00"
2020-07-28,2020072801020979,NICLBSL,5,28,10,827.00,"8,270.00"
2020-07-28,2020072801020973,NICLBSL,1,51,20,826.00,"16,520.00"
2020-07-28,2020072801020964,NICLBSL,1,21,10,826.00,"8,260.00"
2020-07-28,2020072801020946,NICLBSL,1,39,10,826.00,"8,260.00"
2020-07-28,2020072801020927,NICLBSL,1,51,10,826.00,"8,260.00"
2020-07-28,2020072801020909,NICLBSL,1,35,10,826.00,"8,260.00"
2020-07-28,2020072801021011,NICLBSL,1,51,10,826.00,"8,260.00"
2020-07-28,2020072801021008,NICLBSL,1,35,10,826.00,"8,260.00"
2020-07-28,2020072801020986,NICLBSL,1,39,20,826.00,"16,520.00"
2020-07-28,2020072801020982,NICLBSL,1,38,10,826.00,"8,260.00"
2020-07-28,2020072801020981,NICLBSL,5,28,10,827.00,"8,270.00"
2020-07-28,2020072801020980,NICLBSL,5,28,10,827.00,"8,270.00"
2020-07-28,2020072801021114,NICLBSL,1,35,10,826.00,"8,260.00"
2020-07-28,2020072801021106,NICLBSL,1,56,10,826.00,"8,260.00"
2020-07-28,2020072801021098,NICLBSL,1,51,10,826.00,"8,260.00"
2020-07-28,2020072801021058,NICLBSL,1,25,10,826.00,"8,260.00"
2020-07-28,2020072801021054,NICLBSL,1,47,10,826.00,"8,260.00"
2020-07-28,2020072801021046,NICLBSL,1,21,10,826.00,"8,260.00"
2020-07-28,2020072801021160,NICLBSL,1,56,10,826.00,"8,260.00"
2020-07-28,2020072801021154,NICLBSL,1,41,10,826.00,"8,260.00"
2020-07-28,2020072801021146,NICLBSL,1,51,10,826.00,"8,260.00"
2020-07-28,2020072801021140,NICLBSL,1,59,10,826.00,"8,260.00"
2020-07-28,2020072801021135,NICLBSL,36,28,10,827.00,"8,270.00"
2020-07-28,2020072801021129,NICLBSL,1,21,20,826.00,"16,520.00"
2020-07-28,2020072801021255,NICLBSL,51,21,10,826.00,"8,260.00"
2020-07-28,2020072801021254,NICLBSL,1,41,10,826.00,"8,260.00"
2020-07-28,2020072801021203,NICLBSL,1,51,20,826.00,"16,520.00"
2020-07-28,2020072801021195,NICLBSL,1,41,10,826.00,"8,260.00"
2020-07-28,2020072801021194,NICLBSL,1,39,10,826.00,"8,260.00"
2020-07-28,2020072801021192,NICLBSL,1,16,10,826.00,"8,260.00"
2020-07-28,2020072801021071,NIL,16,44,500,642.00,"321,000.00"
2020-07-28,2020072801021070,NIL,16,48,250,642.00,"160,500.00"
2020-07-28,2020072801020920,NIL,3,5,150,641.00,"96,150.00"
2020-07-28,2020072801020865,NIL,3,8,44,641.00,"28,204.00"
2020-07-28,2020072801020822,NIL,3,49,196,641.00,"125,636.00"
2020-07-28,2020072801020821,NIL,48,49,100,641.00,"64,100.00"
2020-07-28,2020072801020820,NIL,47,49,134,641.00,"85,894.00"
2020-07-28,2020072801021268,NLBBL,35,52,50,741.00,"37,050.00"
2020-07-28,2020072801020908,NLBBL,34,52,10,741.00,"7,410.00"
2020-07-28,2020072801021282,NLIC,16,16,200,"1,367.00","273,400.00"
2020-07-28,2020072801021258,NLIC,44,10,28,"1,366.00","38,248.00"
2020-07-28,2020072801021257,NLIC,10,10,10,"1,366.00","13,660.00"
2020-07-28,2020072801021256,NLIC,44,10,12,"1,366.00","16,392.00"
2020-07-28,2020072801021175,NLIC,44,17,100,"1,366.00","136,600.00"
2020-07-28,2020072801021051,NLIC,44,57,281,"1,366.00","383,846.00"
2020-07-28,2020072801020879,NLIC,33,4,500,"1,367.00","683,500.00"
2020-07-28,2020072801020878,NLIC,49,4,100,"1,367.00","136,700.00"
2020-07-28,2020072801020877,NLIC,59,4,10,"1,367.00","13,670.00"
2020-07-28,2020072801020876,NLIC,49,4,50,"1,368.00","68,400.00"
2020-07-28,2020072801020875,NLIC,55,4,100,"1,368.00","136,800.00"
2020-07-28,2020072801020874,NLIC,25,4,100,"1,368.00","136,800.00"
2020-07-28,2020072801020885,NLIC,49,4,50,"1,367.00","68,350.00"
2020-07-28,2020072801020884,NLIC,28,4,59,"1,367.00","80,653.00"
2020-07-28,2020072801020883,NLIC,13,4,50,"1,367.00","68,350.00"
2020-07-28,2020072801020882,NLIC,44,4,10,"1,367.00","13,670.00"
2020-07-28,2020072801020881,NLIC,35,4,100,"1,367.00","136,700.00"
2020-07-28,2020072801020880,NLIC,59,4,100,"1,367.00","136,700.00"
2020-07-28,2020072801021050,NLIC,42,57,30,"1,367.00","41,010.00"
2020-07-28,2020072801021049,NLIC,29,57,89,"1,367.00","121,663.00"
2020-07-28,2020072801020960,NLIC,29,4,11,"1,367.00","15,037.00"
2020-07-28,2020072801020958,NLIC,6,4,20,"1,367.00","27,340.00"
2020-07-28,2020072801020943,NLIC,49,4,200,"1,367.00","273,400.00"
2020-07-28,2020072801020886,NLIC,33,4,40,"1,367.00","54,680.00"
2020-07-28,2020072801021283,NMB,28,58,460,437.00,"201,020.00"
2020-07-28,2020072801021253,NMB,54,52,460,436.00,"200,560.00"
2020-07-28,2020072801021102,NMB,36,52,50,436.00,"21,800.00"
2020-07-28,2020072801020991,NMB,38,52,50,436.00,"21,800.00"
2020-07-28,2020072801020873,NMB,37,51,393,435.00,"170,955.00"
2020-07-28,2020072801020872,NMB,45,51,200,435.00,"87,000.00"
2020-07-28,2020072801020871,NMB,19,51,500,435.00,"217,500.00"
2020-07-28,2020072801020870,NMB,14,51,300,435.00,"130,500.00"
2020-07-28,2020072801020869,NMB,26,51,"1,000",435.00,"435,000.00"
2020-07-28,2020072801020868,NMB,45,51,150,435.00,"65,250.00"
2020-07-28,2020072801021009,NMBMF,8,28,300,780.00,"234,000.00"
2020-07-28,2020072801020948,NMFBS,33,42,18,"1,694.00","30,492.00"
2020-07-28,2020072801020947,NMFBS,33,29,10,"1,680.00","16,800.00"
2020-07-28,2020072801020849,NMFBS,34,29,10,"1,680.00","16,800.00"
2020-07-28,2020072801020848,NMFBS,33,29,18,"1,680.00","30,240.00"
2020-07-28,2020072801020847,NMFBS,25,29,30,"1,681.00","50,430.00"
2020-07-28,2020072801020846,NMFBS,51,29,30,"1,681.00","50,430.00"
2020-07-28,2020072801021302,NRIC,48,21,40,566.00,"22,640.00"
2020-07-28,2020072801021272,NRIC,48,28,500,566.00,"283,000.00"
2020-07-28,2020072801021251,NRIC,59,55,500,568.00,"284,000.00"
2020-07-28,2020072801021232,NRIC,38,21,50,567.00,"28,350.00"
2020-07-28,2020072801021222,NRIC,8,55,50,568.00,"28,400.00"
2020-07-28,2020072801021221,NRIC,48,44,115,566.00,"65,090.00"
2020-07-28,2020072801020860,NRIC,28,56,10,566.00,"5,660.00"
2020-07-28,2020072801020857,NRIC,28,21,40,566.00,"22,640.00"
2020-07-28,2020072801020854,NRIC,28,10,40,566.00,"22,640.00"
2020-07-28,2020072801020825,NRIC,28,41,40,566.00,"22,640.00"
2020-07-28,2020072801020818,NRIC,28,34,40,566.00,"22,640.00"
2020-07-28,2020072801020806,NRIC,33,32,40,567.00,"22,680.00"
2020-07-28,2020072801020942,NRIC,25,49,100,567.00,"56,700.00"
2020-07-28,2020072801020941,NRIC,25,47,50,567.00,"28,350.00"
2020-07-28,2020072801020940,NRIC,25,41,40,567.00,"22,680.00"
2020-07-28,2020072801020933,NRIC,28,36,400,566.00,"226,400.00"
2020-07-28,2020072801020929,NRIC,28,34,40,566.00,"22,640.00"
2020-07-28,2020072801020894,NRIC,8,55,40,568.00,"22,720.00"
2020-07-28,2020072801021024,NRIC,33,21,40,567.00,"22,680.00"
2020-07-28,2020072801021012,NRIC,33,38,40,567.00,"22,680.00"
2020-07-28,2020072801021003,NRIC,33,34,40,567.00,"22,680.00"
2020-07-28,2020072801020975,NRIC,28,57,40,566.00,"22,640.00"
2020-07-28,2020072801020950,NRIC,28,21,30,566.00,"16,980.00"
2020-07-28,2020072801020949,NRIC,25,21,10,567.00,"5,670.00"
2020-07-28,2020072801021110,NRIC,49,26,100,567.00,"56,700.00"
2020-07-28,2020072801021109,NRIC,49,51,30,567.00,"17,010.00"
2020-07-28,2020072801021108,NRIC,49,18,10,567.00,"5,670.00"
2020-07-28,2020072801021100,NRIC,28,55,10,566.00,"5,660.00"
2020-07-28,2020072801021042,NRIC,33,55,30,567.00,"17,010.00"
2020-07-28,2020072801021028,NRIC,33,32,40,567.00,"22,680.00"
2020-07-28,2020072801021134,NRIC,28,5,30,566.00,"16,980.00"
2020-07-28,2020072801021133,NRIC,6,5,10,567.00,"5,670.00"
2020-07-28,2020072801021126,NRIC,6,26,50,567.00,"28,350.00"
2020-07-28,2020072801021117,NRIC,28,21,40,566.00,"22,640.00"
2020-07-28,2020072801021115,NRIC,28,34,20,566.00,"11,320.00"
2020-07-28,2020072801021111,NRIC,49,32,35,567.00,"19,845.00"
2020-07-28,2020072801021169,NRIC,28,16,90,566.00,"50,940.00"
2020-07-28,2020072801021168,NRIC,25,16,60,567.00,"34,020.00"
2020-07-28,2020072801021167,NRIC,41,16,30,567.00,"17,010.00"
2020-07-28,2020072801021158,NRIC,41,34,20,567.00,"11,340.00"
2020-07-28,2020072801021155,NRIC,8,55,40,568.00,"22,720.00"
2020-07-28,2020072801021138,NRIC,28,33,40,566.00,"22,640.00"
2020-07-28,2020072801021220,NRIC,49,44,85,567.00,"48,195.00"
2020-07-28,2020072801021202,NRIC,49,58,20,567.00,"11,340.00"
2020-07-28,2020072801021201,NRIC,49,59,40,567.00,"22,680.00"
2020-07-28,2020072801021200,NRIC,49,25,30,567.00,"17,010.00"
2020-07-28,2020072801021176,NRIC,48,34,40,566.00,"22,640.00"
2020-07-28,2020072801021170,NRIC,48,16,30,566.00,"16,980.00"
2020-07-28,2020072801020813,NSEWA,49,39,20,758.00,"15,160.00"
2020-07-28,2020072801021139,OHL,25,41,10,378.00,"3,780.00"
2020-07-28,2020072801021091,OHL,21,58,88,376.00,"33,088.00"
2020-07-28,2020072801020984,OHL,43,41,50,378.00,"18,900.00"
2020-07-28,2020072801021092,PCBL,44,56,600,283.00,"169,800.00"
2020-07-28,2020072801021060,PCBL,44,53,116,283.00,"32,828.00"
2020-07-28,2020072801020896,PCBL,44,41,200,283.00,"56,600.00"
2020-07-28,2020072801020831,PCBL,44,16,608,283.00,"172,064.00"
2020-07-28,2020072801020830,PCBL,55,16,50,283.00,"14,150.00"
2020-07-28,2020072801020829,PCBL,40,16,214,283.00,"60,562.00"
2020-07-28,2020072801021193,PIC,53,17,20,650.00,"13,000.00"
2020-07-28,2020072801021095,PIC,53,18,20,650.00,"13,000.00"
2020-07-28,2020072801020978,PIC,53,5,119,650.00,"77,350.00"
2020-07-28,2020072801021264,PLIC,17,13,950,570.00,"541,500.00"
2020-07-28,2020072801021162,PLIC,17,47,100,570.00,"57,000.00"
2020-07-28,2020072801021113,PLIC,17,57,200,570.00,"114,000.00"
2020-07-28,2020072801021112,PLIC,17,34,250,570.00,"142,500.00"
2020-07-28,2020072801021039,PLIC,38,34,50,570.00,"28,500.00"
2020-07-28,2020072801021025,PLIC,6,42,22,569.00,"12,518.00"
2020-07-28,2020072801020828,PLIC,7,13,"1,000",570.00,"570,000.00"
2020-07-28,2020072801021233,PPCL,55,17,30,113.00,"3,390.00"
2020-07-28,2020072801021260,PRIN,19,34,596,510.00,"303,960.00"
2020-07-28,2020072801020939,PRIN,19,42,50,512.00,"25,600.00"
2020-07-28,2020072801021274,PRVU,29,40,100,247.00,"24,700.00"
2020-07-28,2020072801021166,PRVU,54,41,100,246.00,"24,600.00"
2020-07-28,2020072801021000,PRVU,54,42,500,246.00,"123,000.00"
2020-07-28,2020072801021125,RADHI,33,21,11,168.00,"1,848.00"
2020-07-28,2020072801021069,RHPC,25,22,200,82.00,"16,400.00"
2020-07-28,2020072801021262,RHPL,57,17,40,142.00,"5,680.00"
2020-07-28,2020072801021259,RHPL,42,14,20,144.00,"2,880.00"
2020-07-28,2020072801021178,RHPL,57,21,10,142.00,"1,420.00"
2020-07-28,2020072801021149,RHPL,57,21,20,142.00,"2,840.00"
2020-07-28,2020072801020983,RHPL,44,22,30,143.00,"4,290.00"
2020-07-28,2020072801020856,RHPL,57,6,40,142.00,"5,680.00"
2020-07-28,2020072801020811,RHPL,57,21,30,142.00,"4,260.00"
2020-07-28,2020072801021097,RSDC,43,13,230,518.00,"119,140.00"
2020-07-28,2020072801021096,RSDC,29,13,20,518.00,"10,360.00"
2020-07-28,2020072801020826,SABSL,14,49,10,820.00,"8,200.00"
2020-07-28,2020072801021137,SADBL,21,6,"1,000",150.00,"150,000.00"
2020-07-28,2020072801021136,SADBL,51,6,30,151.00,"4,530.00"
2020-07-28,2020072801021148,SCB,51,53,35,689.00,"24,115.00"
2020-07-28,2020072801020977,SEF,49,34,500,9.71,"4,855.00"
2020-07-28,2020072801020928,SHINE,57,46,100,246.00,"24,600.00"
2020-07-28,2020072801020922,SHINE,26,28,300,245.00,"73,500.00"
2020-07-28,2020072801020892,SHIVM,38,21,180,618.00,"111,240.00"
2020-07-28,2020072801020891,SHIVM,41,21,100,618.00,"61,800.00"
2020-07-28,2020072801020890,SHIVM,45,21,20,618.00,"12,360.00"
2020-07-28,2020072801020867,SHIVM,33,28,39,621.00,"24,219.00"
2020-07-28,2020072801020866,SHIVM,33,50,61,619.00,"37,759.00"
2020-07-28,2020072801021244,SICL,52,35,50,"1,245.00","62,250.00"
2020-07-28,2020072801021301,SJCL,51,17,20,134.00,"2,680.00"
2020-07-28,2020072801021198,SJCL,51,29,20,134.00,"2,680.00"
2020-07-28,2020072801020944,SJCL,51,6,20,134.00,"2,680.00"
2020-07-28,2020072801021172,SJCL,51,21,10,134.00,"1,340.00"
2020-07-28,2020072801021143,SKBBL,4,32,100,"1,290.00","129,000.00"
2020-07-28,2020072801021130,SKBBL,4,47,30,"1,290.00","38,700.00"
2020-07-28,2020072801020844,SKBBL,44,36,50,"1,285.00","64,250.00"
2020-07-28,2020072801020819,SLBS,34,38,28,"1,009.00","28,252.00"
2020-07-28,2020072801021022,SLBSL,1,5,10,883.00,"8,830.00"
2020-07-28,2020072801021229,SLICL,26,54,150,458.00,"68,700.00"
2020-07-28,2020072801021228,SLICL,6,54,50,458.00,"22,900.00"
2020-07-28,2020072801021174,SPARS,25,10,10,890.00,"8,900.00"
2020-07-28,2020072801021093,SPARS,17,5,10,876.00,"8,760.00"
2020-07-28,2020072801021179,SRBL,14,46,35,244.00,"8,540.00"
2020-07-28,2020072801020961,SRBL,40,34,200,243.00,"48,600.00"
2020-07-28,2020072801021269,SWBBL,34,13,10,"1,250.00","12,500.00"
2020-07-28,2020072801021165,SWBBL,14,49,250,"1,241.00","310,250.00"
2020-07-28,2020072801021278,TMDBL,6,14,70,170.00,"11,900.00"
2020-07-28,2020072801021191,TMDBL,6,14,400,171.00,"68,400.00"
2020-07-28,2020072801021190,TMDBL,6,14,"1,500",171.00,"256,500.00"
2020-07-28,2020072801021189,TMDBL,34,14,500,171.00,"85,500.00"
2020-07-28,2020072801021188,TMDBL,34,14,500,171.00,"85,500.00"
2020-07-28,2020072801021187,TMDBL,34,14,500,172.00,"86,000.00"
2020-07-28,2020072801021180,TMDBL,50,14,90,172.00,"15,480.00"
2020-07-28,2020072801021186,TMDBL,34,14,490,172.00,"84,280.00"
2020-07-28,2020072801021185,TMDBL,57,14,100,172.00,"17,200.00"
2020-07-28,2020072801021184,TMDBL,34,14,100,172.00,"17,200.00"
2020-07-28,2020072801021183,TMDBL,38,14,50,172.00,"8,600.00"
2020-07-28,2020072801021182,TMDBL,25,14,50,172.00,"8,600.00"
2020-07-28,2020072801021181,TMDBL,39,14,50,172.00,"8,600.00"
2020-07-28,2020072801020972,TRH,54,14,400,228.00,"91,200.00"
2020-07-28,2020072801020971,TRH,38,14,250,228.00,"57,000.00"
2020-07-28,2020072801020970,TRH,43,14,50,228.00,"11,400.00"
2020-07-28,2020072801020969,TRH,49,14,100,229.00,"22,900.00"
2020-07-28,2020072801020851,TRH,33,44,105,231.00,"24,255.00"
2020-07-28,2020072801020968,TRH,45,14,100,230.00,"23,000.00"
2020-07-28,2020072801020967,TRH,49,14,100,230.00,"23,000.00"
2020-07-28,2020072801020966,TRH,42,14,20,230.00,"4,600.00"
2020-07-28,2020072801020965,TRH,13,14,140,230.00,"32,200.00"
2020-07-28,2020072801020853,TRH,13,44,40,230.00,"9,200.00"
2020-07-28,2020072801020852,TRH,58,44,20,231.00,"4,620.00"
2020-07-28,2020072801020900,UPCL,52,16,50,71.00,"3,550.00"
2020-07-28,2020072801020899,UPCL,52,17,320,70.00,"22,400.00"
2020-07-28,2020072801020807,UPCL,1,17,30,70.00,"2,100.00"
2020-07-28,2020072801021271,UPPER,58,44,30,230.00,"6,900.00"
2020-07-28,2020072801021099,UPPER,51,44,200,230.00,"46,000.00"
2020-07-28,2020072801020861,UPPER,58,44,500,230.00,"115,000.00"
2020-07-28,2020072801020824,UPPER,6,18,40,229.00,"9,160.00"
2020-07-28,2020072801020736,ADBL,14,22,104,432.00,"44,928.00"
2020-07-28,2020072801020502,ADBL,14,38,27,432.00,"11,664.00"
2020-07-28,2020072801020501,ADBL,26,38,50,432.00,"21,600.00"
2020-07-28,2020072801020500,ADBL,39,38,29,432.00,"12,528.00"
2020-07-28,2020072801020654,AKPL,29,40,279,116.00,"32,364.00"
2020-07-28,2020072801020556,ALBSL,16,22,50,732.00,"36,600.00"
2020-07-28,2020072801020763,ALICL,57,58,572,658.00,"376,376.00"
2020-07-28,2020072801020662,ALICL,17,34,152,658.00,"100,016.00"
2020-07-28,2020072801020619,ALICL,17,58,"1,848",658.00,"1,215,984.00"
2020-07-28,2020072801020618,ALICL,57,58,500,659.00,"329,500.00"
2020-07-28,2020072801020617,ALICL,6,58,152,659.00,"100,168.00"
2020-07-28,2020072801020425,ALICL,6,58,200,659.00,"131,800.00"
2020-07-28,2020072801020317,ALICL,50,57,100,660.00,"66,000.00"
2020-07-28,2020072801020510,API,54,47,16,108.00,"1,728.00"
2020-07-28,2020072801020637,CBBL,14,43,112,"1,086.00","121,632.00"
2020-07-28,2020072801020499,CBBL,21,43,50,"1,087.00","54,350.00"
2020-07-28,2020072801020786,CBL,13,57,17,149.00,"2,533.00"
2020-07-28,2020072801020785,CBL,13,11,80,149.00,"11,920.00"
2020-07-28,2020072801020380,CBL,33,37,"2,881",148.00,"426,388.00"
2020-07-28,2020072801020753,CCBL,22,39,100,180.00,"18,000.00"
2020-07-28,2020072801020743,CCBL,4,18,36,179.00,"6,444.00"
2020-07-28,2020072801020741,CCBL,14,39,10,180.00,"1,800.00"
2020-07-28,2020072801020701,CCBL,22,39,100,180.00,"18,000.00"
2020-07-28,2020072801020663,CCBL,4,14,102,179.00,"18,258.00"
2020-07-28,2020072801020581,CCBL,4,55,148,179.00,"26,492.00"
2020-07-28,2020072801020487,CCBL,4,28,320,179.00,"57,280.00"
2020-07-28,2020072801020778,CHCL,22,14,109,404.00,"44,036.00"
2020-07-28,2020072801020757,CIT,1,42,20,"2,580.00","51,600.00"
2020-07-28,2020072801020687,CZBIL,34,58,16,199.00,"3,184.00"
2020-07-28,2020072801020686,CZBIL,59,58,200,199.00,"39,800.00"
2020-07-28,2020072801020685,CZBIL,50,58,300,199.00,"59,700.00"
2020-07-28,2020072801020684,CZBIL,14,58,"1,000",199.00,"199,000.00"
2020-07-28,2020072801020683,CZBIL,25,58,500,199.00,"99,500.00"
2020-07-28,2020072801020682,CZBIL,40,58,200,199.00,"39,800.00"
2020-07-28,2020072801020490,CZBIL,59,56,260,199.00,"51,740.00"
2020-07-28,2020072801020489,CZBIL,45,56,50,199.00,"9,950.00"
2020-07-28,2020072801020488,CZBIL,59,56,50,199.00,"9,950.00"
2020-07-28,2020072801020391,CZBIL,34,53,115,200.00,"23,000.00"
2020-07-28,2020072801020390,CZBIL,34,14,56,200.00,"11,200.00"
2020-07-28,2020072801020389,CZBIL,34,45,80,200.00,"16,000.00"
2020-07-28,2020072801020681,CZBIL,52,58,100,199.00,"19,900.00"
2020-07-28,2020072801020680,CZBIL,26,58,500,199.00,"99,500.00"
2020-07-28,2020072801020679,CZBIL,4,58,171,199.00,"34,029.00"
2020-07-28,2020072801020603,CZBIL,4,10,"2,324",199.00,"462,476.00"
2020-07-28,2020072801020527,CZBIL,4,10,"1,865",199.00,"371,135.00"
2020-07-28,2020072801020491,CZBIL,4,56,640,199.00,"127,360.00"
2020-07-28,2020072801020615,EBL,50,56,140,765.00,"107,100.00"
2020-07-28,2020072801020549,EBL,50,49,60,765.00,"45,900.00"
2020-07-28,2020072801020788,FMDBL,26,56,200,549.00,"109,800.00"
2020-07-28,2020072801020664,FMDBL,48,57,22,550.00,"12,100.00"
2020-07-28,2020072801020450,FMDBL,42,57,80,550.00,"44,000.00"
2020-07-28,2020072801020447,FMDBL,41,57,30,550.00,"16,500.00"
2020-07-28,2020072801020354,FMDBL,6,57,268,550.00,"147,400.00"
2020-07-28,2020072801020658,GBBL,47,49,18,247.00,"4,446.00"
2020-07-28,2020072801020657,GBBL,42,49,282,247.00,"69,654.00"
2020-07-28,2020072801020353,GBBL,42,6,218,247.00,"53,846.00"
2020-07-28,2020072801020352,GBBL,47,6,63,247.00,"15,561.00"
2020-07-28,2020072801020351,GBBL,47,6,53,247.00,"13,091.00"
2020-07-28,2020072801020350,GBBL,47,6,60,247.00,"14,820.00"
2020-07-28,2020072801020349,GBBL,47,6,50,247.00,"12,350.00"
2020-07-28,2020072801020348,GBBL,47,6,40,247.00,"9,880.00"
2020-07-28,2020072801020347,GBBL,47,6,16,247.00,"3,952.00"
2020-07-28,2020072801020756,GBIME,57,45,3,264.00,792.00
2020-07-28,2020072801020755,GBIME,57,6,22,264.00,"5,808.00"
2020-07-28,2020072801020624,GBIME,57,6,25,264.00,"6,600.00"
2020-07-28,2020072801020545,GBLBS,13,5,50,518.00,"25,900.00"
2020-07-28,2020072801020346,GBLBS,10,25,80,517.00,"41,360.00"
2020-07-28,2020072801020345,GBLBS,35,25,50,518.00,"25,900.00"
2020-07-28,2020072801020344,GBLBS,14,25,50,518.00,"25,900.00"
2020-07-28,2020072801020343,GBLBS,25,25,20,518.00,"10,360.00"
2020-07-28,2020072801020742,GLICL,37,34,100,480.00,"48,000.00"
2020-07-28,2020072801020714,GLICL,37,42,19,480.00,"9,120.00"
2020-07-28,2020072801020715,GMFBS,52,50,10,820.00,"8,200.00"
2020-07-28,2020072801020409,GMFIL,35,28,10,126.00,"1,260.00"
2020-07-28,2020072801020536,GRDBL,59,4,110,110.00,"12,100.00"
2020-07-28,2020072801020774,HDL,26,48,100,"1,710.00","171,000.00"
2020-07-28,2020072801020773,HDL,46,48,200,"1,710.00","342,000.00"
2020-07-28,2020072801020772,HDL,57,48,30,"1,710.00","51,300.00"
2020-07-28,2020072801020771,HDL,6,48,50,"1,710.00","85,500.00"
2020-07-28,2020072801020770,HDL,5,48,40,"1,710.00","68,400.00"
2020-07-28,2020072801020769,HDL,34,48,100,"1,710.00","171,000.00"
2020-07-28,2020072801020557,HDL,21,14,50,"1,718.00","85,900.00"
2020-07-28,2020072801020452,HDL,6,34,10,"1,719.00","17,190.00"
2020-07-28,2020072801020729,HDL,57,58,100,"1,712.00","171,200.00"
2020-07-28,2020072801020728,HDL,39,58,50,"1,714.00","85,700.00"
2020-07-28,2020072801020727,HDL,14,58,20,"1,714.00","34,280.00"
2020-07-28,2020072801020726,HDL,44,58,330,"1,715.00","565,950.00"
2020-07-28,2020072801020725,HDL,37,58,30,"1,716.00","51,480.00"
2020-07-28,2020072801020724,HDL,19,58,50,"1,716.00","85,800.00"
2020-07-28,2020072801020768,HDL,53,48,20,"1,710.00","34,200.00"
2020-07-28,2020072801020734,HDL,45,58,50,"1,710.00","85,500.00"
2020-07-28,2020072801020733,HDL,16,58,10,"1,710.00","17,100.00"
2020-07-28,2020072801020732,HDL,54,58,100,"1,711.00","171,100.00"
2020-07-28,2020072801020731,HDL,34,58,190,"1,711.00","325,090.00"
2020-07-28,2020072801020730,HDL,5,58,30,"1,712.00","51,360.00"
2020-07-28,2020072801020638,HGI,35,41,70,418.00,"29,260.00"
2020-07-28,2020072801020424,HGI,35,28,10,418.00,"4,180.00"
2020-07-28,2020072801020423,HGI,32,28,100,418.00,"41,800.00"
2020-07-28,2020072801020365,HGI,52,41,120,419.00,"50,280.00"
2020-07-28,2020072801020364,HGI,19,41,200,419.00,"83,800.00"
2020-07-28,2020072801020798,HURJA,45,17,20,90.00,"1,800.00"
2020-07-28,2020072801020775,ICFC,35,42,60,189.00,"11,340.00"
2020-07-28,2020072801020767,JBBL,6,29,404,182.00,"73,528.00"
2020-07-28,2020072801020794,KBL,33,45,28,202.00,"5,656.00"
2020-07-28,2020072801020793,KBL,33,47,100,202.00,"20,200.00"
2020-07-28,2020072801020792,KBL,33,49,266,202.00,"53,732.00"
2020-07-28,2020072801020432,KBL,10,47,30,201.00,"6,030.00"
2020-07-28,2020072801020431,KBL,10,41,200,201.00,"40,200.00"
2020-07-28,2020072801020430,KBL,10,34,20,201.00,"4,020.00"
2020-07-28,2020072801020429,KBL,10,22,950,201.00,"190,950.00"
2020-07-28,2020072801020428,KBL,10,22,286,201.00,"57,486.00"
2020-07-28,2020072801020427,KBL,10,7,550,201.00,"110,550.00"
2020-07-28,2020072801020722,KMCDB,25,28,10,849.00,"8,490.00"
2020-07-28,2020072801020689,KMCDB,56,25,50,844.00,"42,200.00"
2020-07-28,2020072801020540,KMCDB,52,39,10,845.00,"8,450.00"
2020-07-28,2020072801020458,KMCDB,52,42,10,845.00,"8,450.00"
2020-07-28,2020072801020659,LBBL,38,8,"1,093",194.00,"212,042.00"
2020-07-28,2020072801020462,LBL,10,26,100,238.00,"23,800.00"
2020-07-28,2020072801020578,LGIL,44,53,100,472.00,"47,200.00"
2020-07-28,2020072801020481,LGIL,1,53,250,470.00,"117,500.00"
2020-07-28,2020072801020480,LGIL,33,53,200,470.00,"94,000.00"
2020-07-28,2020072801020479,LGIL,10,53,500,470.00,"235,000.00"
2020-07-28,2020072801020478,LGIL,54,53,100,470.00,"47,000.00"
2020-07-28,2020072801020477,LGIL,34,53,80,470.00,"37,600.00"
2020-07-28,2020072801020476,LGIL,6,53,150,471.00,"70,650.00"
2020-07-28,2020072801020475,LGIL,49,53,78,471.00,"36,738.00"
2020-07-28,2020072801020474,LGIL,44,53,200,472.00,"94,400.00"
2020-07-28,2020072801020473,LGIL,28,53,50,472.00,"23,600.00"
2020-07-28,2020072801020327,LLBS,50,11,14,"1,180.00","16,520.00"
2020-07-28,2020072801020326,LLBS,32,11,50,"1,181.00","59,050.00"
2020-07-28,2020072801020325,LLBS,26,11,40,"1,181.00","47,240.00"
2020-07-28,2020072801020635,MBL,50,44,100,240.00,"24,000.00"
2020-07-28,2020072801020634,MBL,38,44,400,240.00,"96,000.00"
2020-07-28,2020072801020484,MDB,34,50,65,333.00,"21,645.00"
2020-07-28,2020072801020495,MEGA,44,33,61,234.00,"14,274.00"
2020-07-28,2020072801020494,MEGA,41,33,15,234.00,"3,510.00"
2020-07-28,2020072801020706,MERO,49,7,54,660.00,"35,640.00"
2020-07-28,2020072801020705,MERO,49,26,150,660.00,"99,000.00"
2020-07-28,2020072801020766,MFIL,16,34,100,290.00,"29,000.00"
2020-07-28,2020072801020440,MFIL,16,55,10,290.00,"2,900.00"
2020-07-28,2020072801020439,MFIL,16,40,465,290.00,"134,850.00"
2020-07-28,2020072801020789,MLBBL,16,1,100,790.00,"79,000.00"
2020-07-28,2020072801020503,MLBBL,43,57,50,791.00,"39,550.00"
2020-07-28,2020072801020721,MLBL,59,29,381,200.00,"76,200.00"
2020-07-28,2020072801020720,MLBL,10,29,100,200.00,"20,000.00"
2020-07-28,2020072801020719,MLBL,51,29,250,200.00,"50,000.00"
2020-07-28,2020072801020718,MLBL,45,29,50,200.00,"10,000.00"
2020-07-28,2020072801020717,MLBL,22,29,219,200.00,"43,800.00"
2020-07-28,2020072801020751,MNBBL,19,44,150,340.00,"51,000.00"
2020-07-28,2020072801020522,MNBBL,45,58,648,339.00,"219,672.00"
2020-07-28,2020072801020521,MNBBL,33,58,10,339.00,"3,390.00"
2020-07-28,2020072801020520,MNBBL,57,58,11,339.00,"3,729.00"
2020-07-28,2020072801020519,MNBBL,18,58,410,339.00,"138,990.00"
2020-07-28,2020072801020456,MNBBL,47,28,44,340.00,"14,960.00"
2020-07-28,2020072801020455,MNBBL,47,28,50,340.00,"17,000.00"
2020-07-28,2020072801020454,MNBBL,7,28,406,340.00,"138,040.00"
2020-07-28,2020072801020518,MNBBL,42,58,200,339.00,"67,800.00"
2020-07-28,2020072801020517,MNBBL,53,58,300,340.00,"102,000.00"
2020-07-28,2020072801020516,MNBBL,48,58,50,340.00,"17,000.00"
2020-07-28,2020072801020515,MNBBL,47,58,100,340.00,"34,000.00"
2020-07-28,2020072801020514,MNBBL,18,58,"1,000",340.00,"340,000.00"
2020-07-28,2020072801020513,MNBBL,47,58,75,340.00,"25,500.00"
2020-07-28,2020072801020555,MSMBS,35,38,50,740.00,"37,000.00"
2020-07-28,2020072801020554,MSMBS,48,38,49,741.00,"36,309.00"
2020-07-28,2020072801020553,MSMBS,14,38,100,741.00,"74,100.00"
2020-07-28,2020072801020552,MSMBS,26,38,50,742.00,"37,100.00"
2020-07-28,2020072801020737,NABIL,46,29,20,860.00,"17,200.00"
2020-07-28,2020072801020790,NBB,50,42,"1,100",212.00,"233,200.00"
2020-07-28,2020072801020639,NBB,29,42,50,212.00,"10,600.00"
2020-07-28,2020072801020567,NBL,19,36,100,265.00,"26,500.00"
2020-07-28,2020072801020436,NBL,39,36,"2,950",265.00,"781,750.00"
2020-07-28,2020072801020449,NIB,6,4,384,468.00,"179,712.00"
2020-07-28,2020072801020448,NIB,4,4,152,468.00,"71,136.00"
2020-07-28,2020072801020408,NIB,1,4,100,469.00,"46,900.00"
2020-07-28,2020072801020375,NIB,1,4,200,469.00,"93,800.00"
2020-07-28,2020072801020374,NIB,32,4,64,469.00,"30,016.00"
2020-07-28,2020072801020702,NIBPO,1,47,46,396.00,"18,216.00"
2020-07-28,2020072801020761,NICA,25,13,500,580.00,"290,000.00"
2020-07-28,2020072801020787,NICBF,58,57,"1,000",10.00,"10,000.00"
2020-07-28,2020072801020740,NICBF,58,57,"1,000",10.00,"10,000.00"
2020-07-28,2020072801020406,NICBF,49,57,"26,800",10.00,"268,000.00"
2020-07-28,2020072801020405,NICBF,49,52,200,10.00,"2,000.00"
2020-07-28,2020072801020404,NICBF,49,56,300,10.00,"3,000.00"
2020-07-28,2020072801020403,NICBF,49,59,"1,800",10.00,"18,000.00"
2020-07-28,2020072801020319,NICGF,21,41,500,10.10,"5,050.00"
2020-07-28,2020072801020321,NICL,32,48,200,471.00,"94,200.00"
2020-07-28,2020072801020797,NICLBSL,1,59,10,826.00,"8,260.00"
2020-07-28,2020072801020784,NICLBSL,1,51,10,826.00,"8,260.00"
2020-07-28,2020072801020782,NICLBSL,1,38,10,826.00,"8,260.00"
2020-07-28,2020072801020754,NICLBSL,1,10,10,826.00,"8,260.00"
2020-07-28,2020072801020752,NICLBSL,1,50,20,826.00,"16,520.00"
2020-07-28,2020072801020735,NICLBSL,1,59,10,826.00,"8,260.00"
2020-07-28,2020072801020340,NICLBSL,25,21,10,827.00,"8,270.00"
2020-07-28,2020072801020320,NICLBSL,25,42,10,827.00,"8,270.00"
2020-07-28,2020072801020316,NICLBSL,25,28,10,827.00,"8,270.00"
2020-07-28,2020072801020385,NICLBSL,5,34,60,829.00,"49,740.00"
2020-07-28,2020072801020384,NICLBSL,5,11,10,829.00,"8,290.00"
2020-07-28,2020072801020383,NICLBSL,5,28,20,829.00,"16,580.00"
2020-07-28,2020072801020382,NICLBSL,5,46,10,828.00,"8,280.00"
2020-07-28,2020072801020381,NICLBSL,25,32,10,827.00,"8,270.00"
2020-07-28,2020072801020342,NICLBSL,25,56,10,827.00,"8,270.00"
2020-07-28,2020072801020446,NICLBSL,41,28,10,827.00,"8,270.00"
2020-07-28,2020072801020433,NICLBSL,33,21,10,827.00,"8,270.00"
2020-07-28,2020072801020402,NICLBSL,33,42,10,827.00,"8,270.00"
2020-07-28,2020072801020393,NICLBSL,33,28,10,827.00,"8,270.00"
2020-07-28,2020072801020387,NICLBSL,33,21,10,827.00,"8,270.00"
2020-07-28,2020072801020386,NICLBSL,7,21,10,827.00,"8,270.00"
2020-07-28,2020072801020512,NICLBSL,7,19,10,826.00,"8,260.00"
2020-07-28,2020072801020507,NICLBSL,7,44,10,826.00,"8,260.00"
2020-07-28,2020072801020504,NICLBSL,7,26,10,826.00,"8,260.00"
2020-07-28,2020072801020492,NICLBSL,41,51,20,827.00,"16,540.00"
2020-07-28,2020072801020463,NICLBSL,41,21,10,827.00,"8,270.00"
2020-07-28,2020072801020451,NICLBSL,41,44,10,827.00,"8,270.00"
2020-07-28,2020072801020538,NICLBSL,7,59,10,826.00,"8,260.00"
2020-07-28,2020072801020537,NICLBSL,7,17,10,826.00,"8,260.00"
2020-07-28,2020072801020535,NICLBSL,7,21,10,826.00,"8,260.00"
2020-07-28,2020072801020529,NICLBSL,7,55,10,826.00,"8,260.00"
2020-07-28,2020072801020528,NICLBSL,7,42,10,826.00,"8,260.00"
2020-07-28,2020072801020525,NICLBSL,7,11,10,826.00,"8,260.00"
2020-07-28,2020072801020568,NICLBSL,7,17,10,826.00,"8,260.00"
2020-07-28,2020072801020548,NICLBSL,7,21,10,826.00,"8,260.00"
2020-07-28,2020072801020546,NICLBSL,7,25,10,826.00,"8,260.00"
2020-07-28,2020072801020543,NICLBSL,7,35,10,826.00,"8,260.00"
2020-07-28,2020072801020542,NICLBSL,7,44,10,826.00,"8,260.00"
2020-07-28,2020072801020541,NICLBSL,7,39,10,826.00,"8,260.00"
2020-07-28,2020072801020716,NICLBSL,1,55,10,826.00,"8,260.00"
2020-07-28,2020072801020703,NICLBSL,1,25,10,826.00,"8,260.00"
2020-07-28,2020072801020636,NICLBSL,1,39,10,826.00,"8,260.00"
2020-07-28,2020072801020629,NICLBSL,7,44,10,826.00,"8,260.00"
2020-07-28,2020072801020623,NICLBSL,7,55,10,826.00,"8,260.00"
2020-07-28,2020072801020569,NICLBSL,7,55,10,826.00,"8,260.00"
2020-07-28,2020072801020760,NIL,35,8,100,642.00,"64,200.00"
2020-07-28,2020072801020647,NIL,46,8,156,642.00,"100,152.00"
2020-07-28,2020072801020646,NIL,46,34,192,642.00,"123,264.00"
2020-07-28,2020072801020645,NIL,46,34,102,642.00,"65,484.00"
2020-07-28,2020072801020526,NIL,16,8,300,642.00,"192,600.00"
2020-07-28,2020072801020506,NIL,45,34,50,642.00,"32,100.00"
2020-07-28,2020072801020505,NIL,33,34,348,642.00,"223,416.00"
2020-07-28,2020072801020435,NIL,33,53,352,642.00,"225,984.00"
2020-07-28,2020072801020434,NIL,3,53,12,642.00,"7,704.00"
2020-07-28,2020072801020804,NLIC,29,39,273,"1,370.00","374,010.00"
2020-07-28,2020072801020803,NLIC,29,57,227,"1,370.00","310,990.00"
2020-07-28,2020072801020799,NLIC,34,57,200,"1,370.00","274,000.00"
2020-07-28,2020072801020759,NLIC,16,57,73,"1,370.00","100,010.00"
2020-07-28,2020072801020758,NLIC,16,5,50,"1,370.00","68,500.00"
2020-07-28,2020072801020704,NLIC,16,5,27,"1,370.00","36,990.00"
2020-07-28,2020072801020586,NLIC,16,54,100,"1,370.00","137,000.00"
2020-07-28,2020072801020585,NLIC,16,39,20,"1,370.00","27,400.00"
2020-07-28,2020072801020533,NLIC,14,39,50,"1,370.00","68,500.00"
2020-07-28,2020072801020313,NLIC,28,4,39,"1,367.00","53,313.00"
2020-07-28,2020072801020796,NMB,53,13,830,436.00,"361,880.00"
2020-07-28,2020072801020776,NMB,38,13,10,436.00,"4,360.00"
2020-07-28,2020072801020644,NMB,53,13,10,436.00,"4,360.00"
2020-07-28,2020072801020622,NMB,6,13,100,436.00,"43,600.00"
2020-07-28,2020072801020621,NMB,51,13,50,436.00,"21,800.00"
2020-07-28,2020072801020620,NMB,38,13,30,436.00,"13,080.00"
2020-07-28,2020072801020330,NMB,33,58,150,436.00,"65,400.00"
2020-07-28,2020072801020329,NMB,33,58,200,436.00,"87,200.00"
2020-07-28,2020072801020328,NMB,40,58,100,436.00,"43,600.00"
2020-07-28,2020072801020336,NMB,29,58,10,436.00,"4,360.00"
2020-07-28,2020072801020335,NMB,25,58,100,436.00,"43,600.00"
2020-07-28,2020072801020334,NMB,41,58,110,436.00,"47,960.00"
2020-07-28,2020072801020333,NMB,45,58,300,436.00,"130,800.00"
2020-07-28,2020072801020332,NMB,51,58,100,436.00,"43,600.00"
2020-07-28,2020072801020331,NMB,22,58,100,436.00,"43,600.00"
2020-07-28,2020072801020534,NMB,34,51,50,437.00,"21,850.00"
2020-07-28,2020072801020373,NMB,51,51,11,437.00,"4,807.00"
2020-07-28,2020072801020372,NMB,51,58,89,436.00,"38,804.00"
2020-07-28,2020072801020339,NMB,48,58,100,436.00,"43,600.00"
2020-07-28,2020072801020338,NMB,26,58,500,436.00,"218,000.00"
2020-07-28,2020072801020337,NMB,6,58,200,436.00,"87,200.00"
2020-07-28,2020072801020665,NMFBS,41,42,20,"1,694.00","33,880.00"
2020-07-28,2020072801020577,NMFBS,35,29,45,"1,690.00","76,050.00"
2020-07-28,2020072801020805,NRIC,33,21,170,567.00,"96,390.00"
2020-07-28,2020072801020780,NRIC,28,40,10,566.00,"5,660.00"
2020-07-28,2020072801020777,NRIC,28,18,40,566.00,"22,640.00"
2020-07-28,2020072801020764,NRIC,38,21,200,567.00,"113,400.00"
2020-07-28,2020072801020762,NRIC,28,38,40,566.00,"22,640.00"
2020-07-28,2020072801020678,NRIC,48,21,130,567.00,"73,710.00"
2020-07-28,2020072801020315,NRIC,38,21,50,565.00,"28,250.00"
2020-07-28,2020072801020399,NRIC,49,59,40,567.00,"22,680.00"
2020-07-28,2020072801020398,NRIC,49,21,50,567.00,"28,350.00"
2020-07-28,2020072801020395,NRIC,38,21,50,565.00,"28,250.00"
2020-07-28,2020072801020394,NRIC,38,39,40,565.00,"22,600.00"
2020-07-28,2020072801020355,NRIC,38,42,40,565.00,"22,600.00"
2020-07-28,2020072801020341,NRIC,38,32,50,565.00,"28,250.00"
2020-07-28,2020072801020442,NRIC,59,7,200,567.00,"113,400.00"
2020-07-28,2020072801020441,NRIC,59,51,180,567.00,"102,060.00"
2020-07-28,2020072801020422,NRIC,54,21,40,566.00,"22,640.00"
2020-07-28,2020072801020410,NRIC,54,46,40,566.00,"22,640.00"
2020-07-28,2020072801020401,NRIC,49,51,220,567.00,"124,740.00"
2020-07-28,2020072801020400,NRIC,49,37,40,567.00,"22,680.00"
2020-07-28,2020072801020486,NRIC,54,21,40,566.00,"22,640.00"
2020-07-28,2020072801020483,NRIC,54,54,300,566.00,"169,800.00"
2020-07-28,2020072801020482,NRIC,54,26,40,566.00,"22,640.00"
2020-07-28,2020072801020461,NRIC,54,34,40,566.00,"22,640.00"
2020-07-28,2020072801020444,NRIC,59,14,40,567.00,"22,680.00"
2020-07-28,2020072801020443,NRIC,59,7,80,567.00,"45,360.00"
2020-07-28,2020072801020547,NRIC,58,39,40,566.00,"22,640.00"
2020-07-28,2020072801020530,NRIC,37,38,20,567.00,"11,340.00"
2020-07-28,2020072801020524,NRIC,58,17,40,566.00,"22,640.00"
2020-07-28,2020072801020523,NRIC,58,21,40,566.00,"22,640.00"
2020-07-28,2020072801020509,NRIC,42,38,10,567.00,"5,670.00"
2020-07-28,2020072801020508,NRIC,42,14,40,567.00,"22,680.00"
2020-07-28,2020072801020625,NRIC,57,42,40,566.00,"22,640.00"
2020-07-28,2020072801020616,NRIC,57,39,40,566.00,"22,640.00"
2020-07-28,2020072801020570,NRIC,57,34,40,566.00,"22,640.00"
2020-07-28,2020072801020564,NRIC,57,21,10,566.00,"5,660.00"
2020-07-28,2020072801020563,NRIC,58,21,40,566.00,"22,640.00"
2020-07-28,2020072801020551,NRIC,58,17,40,566.00,"22,640.00"
2020-07-28,2020072801020671,NRIC,48,14,50,567.00,"28,350.00"
2020-07-28,2020072801020670,NRIC,48,38,10,567.00,"5,670.00"
2020-07-28,2020072801020669,NRIC,48,47,40,566.00,"22,640.00"
2020-07-28,2020072801020668,NRIC,48,6,390,566.00,"220,740.00"
2020-07-28,2020072801020631,NRIC,57,6,40,566.00,"22,640.00"
2020-07-28,2020072801020630,NRIC,57,6,70,566.00,"39,620.00"
2020-07-28,2020072801020677,NRIC,48,14,40,567.00,"22,680.00"
2020-07-28,2020072801020676,NRIC,48,25,200,567.00,"113,400.00"
2020-07-28,2020072801020675,NRIC,48,14,40,567.00,"22,680.00"
2020-07-28,2020072801020674,NRIC,48,37,50,567.00,"28,350.00"
2020-07-28,2020072801020673,NRIC,48,14,40,567.00,"22,680.00"
2020-07-28,2020072801020672,NRIC,48,14,40,567.00,"22,680.00"
2020-07-28,2020072801020438,NSEWA,16,28,50,760.00,"38,000.00"
2020-07-28,2020072801020750,NUBL,45,28,100,"1,000.00","100,000.00"
2020-07-28,2020072801020749,NUBL,53,28,400,"1,000.00","400,000.00"
2020-07-28,2020072801020748,NUBL,4,28,500,"1,001.00","500,500.00"
2020-07-28,2020072801020747,NUBL,4,28,140,"1,001.00","140,140.00"
2020-07-28,2020072801020746,NUBL,57,28,100,"1,002.00","100,200.00"
2020-07-28,2020072801020745,NUBL,6,28,320,"1,002.00","320,640.00"
2020-07-28,2020072801020744,NUBL,57,28,100,"1,003.00","100,300.00"
2020-07-28,2020072801020650,PCBL,40,39,286,283.00,"80,938.00"
2020-07-28,2020072801020649,PCBL,41,39,200,283.00,"56,600.00"
2020-07-28,2020072801020648,PCBL,47,39,14,283.00,"3,962.00"
2020-07-28,2020072801020641,PCBL,6,14,100,284.00,"28,400.00"
2020-07-28,2020072801020614,PCBL,47,58,66,283.00,"18,678.00"
2020-07-28,2020072801020613,PCBL,47,58,100,283.00,"28,300.00"
2020-07-28,2020072801020368,PCBL,47,11,54,283.00,"15,282.00"
2020-07-28,2020072801020367,PCBL,47,11,47,283.00,"13,301.00"
2020-07-28,2020072801020366,PCBL,44,11,"2,053",283.00,"580,999.00"
2020-07-28,2020072801020606,PCBL,47,58,100,283.00,"28,300.00"
2020-07-28,2020072801020605,PCBL,47,58,102,283.00,"28,866.00"
2020-07-28,2020072801020604,PCBL,22,58,97,283.00,"27,451.00"
2020-07-28,2020072801020371,PCBL,22,11,103,283.00,"29,149.00"
2020-07-28,2020072801020370,PCBL,47,11,42,283.00,"11,886.00"
2020-07-28,2020072801020369,PCBL,47,11,31,283.00,"8,773.00"
2020-07-28,2020072801020612,PCBL,47,58,50,283.00,"14,150.00"
2020-07-28,2020072801020611,PCBL,47,58,100,283.00,"28,300.00"
2020-07-28,2020072801020610,PCBL,47,58,100,283.00,"28,300.00"
2020-07-28,2020072801020609,PCBL,47,58,40,283.00,"11,320.00"
2020-07-28,2020072801020608,PCBL,33,58,200,283.00,"56,600.00"
2020-07-28,2020072801020607,PCBL,47,58,45,283.00,"12,735.00"
2020-07-28,2020072801020795,PIC,53,18,20,650.00,"13,000.00"
2020-07-28,2020072801020469,PIC,53,58,269,650.00,"174,850.00"
2020-07-28,2020072801020468,PIC,42,58,100,650.00,"65,000.00"
2020-07-28,2020072801020467,PIC,26,58,50,650.00,"32,500.00"
2020-07-28,2020072801020466,PIC,41,58,180,651.00,"117,180.00"
2020-07-28,2020072801020465,PIC,32,58,100,652.00,"65,200.00"
2020-07-28,2020072801020464,PIC,38,58,251,653.00,"163,903.00"
2020-07-28,2020072801020407,PIC,38,58,522,653.00,"340,866.00"
2020-07-28,2020072801020318,PIC,38,58,227,653.00,"148,231.00"
2020-07-28,2020072801020532,PICL,36,22,183,484.00,"88,572.00"
2020-07-28,2020072801020531,PICL,26,22,17,484.00,"8,228.00"
2020-07-28,2020072801020713,PLIC,48,38,400,571.00,"228,400.00"
2020-07-28,2020072801020688,PLIC,38,5,50,572.00,"28,600.00"
2020-07-28,2020072801020660,PLIC,48,47,100,571.00,"57,100.00"
2020-07-28,2020072801020584,PLIC,7,58,700,570.00,"399,000.00"
2020-07-28,2020072801020583,PLIC,39,58,600,570.00,"342,000.00"
2020-07-28,2020072801020582,PLIC,20,58,300,571.00,"171,300.00"
2020-07-28,2020072801020544,PLIC,39,49,400,570.00,"228,000.00"
2020-07-28,2020072801020445,PLIC,39,49,500,570.00,"285,000.00"
2020-07-28,2020072801020656,PRIN,10,41,277,509.00,"140,993.00"
2020-07-28,2020072801020655,PRIN,48,41,19,509.00,"9,671.00"
2020-07-28,2020072801020562,PRIN,48,58,181,509.00,"92,129.00"
2020-07-28,2020072801020561,PRIN,10,58,300,509.00,"152,700.00"
2020-07-28,2020072801020560,PRIN,13,58,100,510.00,"51,000.00"
2020-07-28,2020072801020559,PRIN,37,58,"1,000",510.00,"510,000.00"
2020-07-28,2020072801020558,PRIN,46,58,20,511.00,"10,220.00"
2020-07-28,2020072801020599,PRVU,14,57,138,246.00,"33,948.00"
2020-07-28,2020072801020460,PRVU,4,57,500,246.00,"123,000.00"
2020-07-28,2020072801020437,PRVU,6,57,50,246.00,"12,300.00"
2020-07-28,2020072801020388,PRVU,4,58,376,245.00,"92,120.00"
2020-07-28,2020072801020314,PRVU,22,57,200,246.00,"49,200.00"
2020-07-28,2020072801020690,RADHI,33,38,10,168.00,"1,680.00"
2020-07-28,2020072801020566,RADHI,33,21,12,168.00,"2,016.00"
2020-07-28,2020072801020643,RHPL,44,22,20,143.00,"2,860.00"
2020-07-28,2020072801020598,RHPL,44,21,30,143.00,"4,290.00"
2020-07-28,2020072801020485,RHPL,42,14,10,144.00,"1,440.00"
2020-07-28,2020072801020700,RMDC,34,29,20,741.00,"14,820.00"
2020-07-28,2020072801020699,RMDC,34,37,18,741.00,"13,338.00"
2020-07-28,2020072801020698,RMDC,34,7,20,741.00,"14,820.00"
2020-07-28,2020072801020697,RMDC,34,44,300,741.00,"222,300.00"
2020-07-28,2020072801020696,RMDC,34,49,259,741.00,"191,919.00"
2020-07-28,2020072801020695,RMDC,34,51,100,740.00,"74,000.00"
2020-07-28,2020072801020694,RMDC,34,13,200,740.00,"148,000.00"
2020-07-28,2020072801020693,RMDC,34,45,50,740.00,"37,000.00"
2020-07-28,2020072801020692,RMDC,34,16,10,740.00,"7,400.00"
2020-07-28,2020072801020691,RMDC,34,18,17,740.00,"12,580.00"
2020-07-28,2020072801020633,RMDC,34,52,10,728.00,"7,280.00"
2020-07-28,2020072801020632,RMDC,53,52,10,729.00,"7,290.00"
2020-07-28,2020072801020565,RSDC,39,41,100,518.00,"51,800.00"
2020-07-28,2020072801020628,SABSL,34,21,10,818.00,"8,180.00"
2020-07-28,2020072801020626,SANIMA,4,29,25,371.00,"9,275.00"
2020-07-28,2020072801020597,SANIMA,4,53,100,371.00,"37,100.00"
2020-07-28,2020072801020493,SANIMA,4,44,"1,000",371.00,"371,000.00"
2020-07-28,2020072801020470,SANIMA,4,33,191,371.00,"70,861.00"
2020-07-28,2020072801020311,SANIMA,4,47,40,371.00,"14,840.00"
2020-07-28,2020072801020800,SAPDBL,52,40,10,124.00,"1,240.00"
2020-07-28,2020072801020498,SBI,1,44,34,454.00,"15,436.00"
2020-07-28,2020072801020497,SBI,1,33,11,454.00,"4,994.00"
2020-07-28,2020072801020378,SBI,33,33,100,454.00,"45,400.00"
2020-07-28,2020072801020377,SBI,33,50,50,454.00,"22,700.00"
2020-07-28,2020072801020601,SBL,56,43,942,317.00,"298,614.00"
2020-07-28,2020072801020363,SBL,56,47,58,317.00,"18,386.00"
2020-07-28,2020072801020362,SBL,56,47,20,317.00,"6,340.00"
2020-07-28,2020072801020802,SCB,34,53,70,688.00,"48,160.00"
2020-07-28,2020072801020801,SCB,58,53,30,688.00,"20,640.00"
2020-07-28,2020072801020471,SCB,58,33,20,688.00,"13,760.00"
2020-07-28,2020072801020426,SCB,20,8,436,687.00,"299,532.00"
2020-07-28,2020072801020781,SHINE,26,34,300,245.00,"73,500.00"
2020-07-28,2020072801020550,SHIVM,6,50,939,619.00,"581,241.00"
2020-07-28,2020072801020459,SHIVM,6,48,"1,000",619.00,"619,000.00"
2020-07-28,2020072801020324,SHIVM,6,48,616,619.00,"381,304.00"
2020-07-28,2020072801020323,SHIVM,51,48,100,619.00,"61,900.00"
2020-07-28,2020072801020322,SHIVM,34,48,264,619.00,"163,416.00"
2020-07-28,2020072801020602,SHPC,28,56,60,221.00,"13,260.00"
2020-07-28,2020072801020580,SHPC,28,56,940,221.00,"207,740.00"
2020-07-28,2020072801020579,SHPC,51,56,60,222.00,"13,320.00"
2020-07-28,2020072801020472,SIC,49,50,50,780.00,"39,000.00"
2020-07-28,2020072801020765,SICL,29,53,200,"1,249.00","249,800.00"
2020-07-28,2020072801020358,SICL,29,56,80,"1,240.00","99,200.00"
2020-07-28,2020072801020357,SICL,46,56,10,"1,241.00","12,410.00"
2020-07-28,2020072801020356,SICL,7,56,"1,000","1,241.00","1,241,000.00"
2020-07-28,2020072801020496,SICL,17,56,100,"1,247.00","124,700.00"
2020-07-28,2020072801020361,SICL,41,56,50,"1,240.00","62,000.00"
2020-07-28,2020072801020360,SICL,54,56,10,"1,240.00","12,400.00"
2020-07-28,2020072801020359,SICL,51,56,300,"1,240.00","372,000.00"
2020-07-28,2020072801020421,SIL,48,36,55,619.00,"34,045.00"
2020-07-28,2020072801020420,SIL,49,36,50,619.00,"30,950.00"
2020-07-28,2020072801020419,SIL,59,36,20,619.00,"12,380.00"
2020-07-28,2020072801020418,SIL,16,36,50,620.00,"31,000.00"
2020-07-28,2020072801020417,SIL,45,36,500,620.00,"310,000.00"
2020-07-28,2020072801020416,SIL,58,36,100,620.00,"62,000.00"
2020-07-28,2020072801020415,SIL,59,36,20,620.00,"12,400.00"
2020-07-28,2020072801020414,SIL,22,36,25,621.00,"15,525.00"
2020-07-28,2020072801020413,SIL,6,36,100,622.00,"62,200.00"
2020-07-28,2020072801020412,SIL,32,36,50,622.00,"31,100.00"
2020-07-28,2020072801020411,SIL,45,36,30,623.00,"18,690.00"
2020-07-28,2020072801020791,SJCL,51,21,20,134.00,"2,680.00"
2020-07-28,2020072801020661,SJCL,51,21,20,134.00,"2,680.00"
2020-07-28,2020072801020453,SJCL,18,22,380,135.00,"51,300.00"
2020-07-28,2020072801020312,SJCL,18,17,20,135.00,"2,700.00"
2020-07-28,2020072801020653,SKBBL,44,47,13,"1,285.00","16,705.00"
2020-07-28,2020072801020511,SKBBL,39,29,114,"1,290.00","147,060.00"
2020-07-28,2020072801020310,SKBBL,39,42,159,"1,290.00","205,110.00"
2020-07-28,2020072801020309,SKBBL,39,55,350,"1,290.00","451,500.00"
2020-07-28,2020072801020308,SKBBL,39,57,129,"1,290.00","166,410.00"
2020-07-28,2020072801020307,SKBBL,39,19,335,"1,289.00","431,815.00"
2020-07-28,2020072801020306,SKBBL,39,43,113,"1,288.00","145,544.00"
2020-07-28,2020072801020396,SLBS,46,38,10,"1,009.00","10,090.00"
2020-07-28,2020072801020652,SLBSL,1,39,20,883.00,"17,660.00"
2020-07-28,2020072801020596,SLICL,4,44,160,457.00,"73,120.00"
2020-07-28,2020072801020595,SLICL,34,44,20,457.00,"9,140.00"
2020-07-28,2020072801020594,SLICL,49,44,50,457.00,"22,850.00"
2020-07-28,2020072801020593,SLICL,7,44,50,457.00,"22,850.00"
2020-07-28,2020072801020592,SLICL,53,44,100,457.00,"45,700.00"
2020-07-28,2020072801020591,SLICL,41,44,250,458.00,"114,500.00"
2020-07-28,2020072801020590,SLICL,53,44,90,458.00,"41,220.00"
2020-07-28,2020072801020589,SLICL,37,44,200,458.00,"91,600.00"
2020-07-28,2020072801020588,SLICL,46,44,10,458.00,"4,580.00"
2020-07-28,2020072801020587,SLICL,59,44,70,459.00,"32,130.00"
2020-07-28,2020072801020376,SMFBS,29,17,10,960.00,"9,600.00"
2020-07-28,2020072801020627,SPARS,48,10,50,890.00,"44,500.00"
2020-07-28,2020072801020457,SPDL,36,17,249,99.00,"24,651.00"
2020-07-28,2020072801020392,SPDL,36,49,468,100.00,"46,800.00"
2020-07-28,2020072801020379,SPDL,36,13,15,99.00,"1,485.00"
2020-07-28,2020072801020600,SRBL,38,7,161,245.00,"39,445.00"
2020-07-28,2020072801020397,SRBL,40,47,61,243.00,"14,823.00"
2020-07-28,2020072801020709,TMDBL,34,56,500,173.00,"86,500.00"
2020-07-28,2020072801020708,TMDBL,26,56,100,173.00,"17,300.00"
2020-07-28,2020072801020707,TMDBL,14,56,440,173.00,"76,120.00"
2020-07-28,2020072801020739,TRH,56,14,150,233.00,"34,950.00"
2020-07-28,2020072801020738,TRH,56,42,50,233.00,"11,650.00"
2020-07-28,2020072801020723,TRH,48,42,50,233.00,"11,650.00"
2020-07-28,2020072801020651,TRH,48,58,50,233.00,"11,650.00"
2020-07-28,2020072801020712,UIC,57,7,82,388.00,"31,816.00"
2020-07-28,2020072801020711,UIC,57,34,18,387.00,"6,966.00"
2020-07-28,2020072801020667,UIC,35,34,50,387.00,"19,350.00"
2020-07-28,2020072801020666,UIC,35,16,50,387.00,"19,350.00"
2020-07-28,2020072801020539,UIC,43,43,400,386.00,"154,400.00"
2020-07-28,2020072801020783,UPPER,52,44,300,230.00,"69,000.00"
2020-07-28,2020072801020779,UPPER,6,21,50,229.00,"11,450.00"
2020-07-28,2020072801020710,UPPER,6,21,40,229.00,"9,160.00"
2020-07-28,2020072801020642,UPPER,22,44,50,230.00,"11,500.00"
2020-07-28,2020072801020640,UPPER,22,52,50,230.00,"11,500.00"
2020-07-28,2020072801020576,WOMI,33,28,43,975.00,"41,925.00"
2020-07-28,2020072801020575,WOMI,51,28,55,975.00,"53,625.00"
2020-07-28,2020072801020574,WOMI,25,28,20,975.00,"19,500.00"
2020-07-28,2020072801020573,WOMI,35,28,150,976.00,"146,400.00"
2020-07-28,2020072801020572,WOMI,6,28,15,979.00,"14,685.00"
2020-07-28,2020072801020571,WOMI,43,28,37,980.00,"36,260.00"
2020-07-28,2020072801020262,ADBL,39,19,74,432.00,"31,968.00"
2020-07-28,2020072801020261,ADBL,38,19,32,433.00,"13,856.00"
2020-07-28,2020072801019958,AKPL,29,17,178,116.00,"20,648.00"
2020-07-28,2020072801020107,ALBSL,34,40,10,731.00,"7,310.00"
2020-07-28,2020072801019962,ALBSL,34,17,11,731.00,"8,041.00"
2020-07-28,2020072801019952,ALBSL,57,7,50,731.00,"36,550.00"
2020-07-28,2020072801019951,ALBSL,16,7,50,731.00,"36,550.00"
2020-07-28,2020072801019950,ALBSL,1,7,39,731.00,"28,509.00"
2020-07-28,2020072801019949,ALBSL,8,7,10,732.00,"7,320.00"
2020-07-28,2020072801020072,ALICL,6,51,426,659.00,"280,734.00"
2020-07-28,2020072801020041,ALICL,6,38,"1,222",659.00,"805,298.00"
2020-07-28,2020072801020017,ALICL,16,51,74,660.00,"48,840.00"
2020-07-28,2020072801020016,ALICL,16,16,20,660.00,"13,200.00"
2020-07-28,2020072801020015,ALICL,16,1,16,660.00,"10,560.00"
2020-07-28,2020072801020014,ALICL,16,57,300,660.00,"198,000.00"
2020-07-28,2020072801020013,ALICL,16,13,90,660.00,"59,400.00"
2020-07-28,2020072801020303,BPCL,47,4,188,365.00,"68,620.00"
2020-07-28,2020072801020102,BPCL,54,4,10,366.00,"3,660.00"
2020-07-28,2020072801019931,BPCL,47,17,12,365.00,"4,380.00"
2020-07-28,2020072801019930,BPCL,55,17,26,365.00,"9,490.00"
2020-07-28,2020072801019929,BPCL,8,17,10,365.00,"3,650.00"
2020-07-28,2020072801020108,CBBL,51,58,49,"1,090.00","53,410.00"
2020-07-28,2020072801019954,CBBL,51,47,51,"1,087.00","55,437.00"
2020-07-28,2020072801019900,CBBL,51,14,50,"1,086.00","54,300.00"
2020-07-28,2020072801019890,CBBL,6,47,10,"1,087.00","10,870.00"
2020-07-28,2020072801020085,CBL,33,37,815,148.00,"120,620.00"
2020-07-28,2020072801020084,CBL,43,37,100,148.00,"14,800.00"
2020-07-28,2020072801020083,CBL,28,37,"2,000",148.00,"296,000.00"
2020-07-28,2020072801020082,CBL,41,37,85,148.00,"12,580.00"
2020-07-28,2020072801019870,CBL,41,42,400,148.00,"59,200.00"
2020-07-28,2020072801020160,CHCL,52,46,258,403.00,"103,974.00"
2020-07-28,2020072801020159,CHCL,49,46,400,404.00,"161,600.00"
2020-07-28,2020072801020158,CHCL,34,46,200,404.00,"80,800.00"
2020-07-28,2020072801020157,CHCL,45,46,43,404.00,"17,372.00"
2020-07-28,2020072801019996,CHCL,56,16,74,405.00,"29,970.00"
2020-07-28,2020072801020254,CZBIL,49,45,10,200.00,"2,000.00"
2020-07-28,2020072801020245,DDBL,42,45,10,868.00,"8,680.00"
2020-07-28,2020072801020206,DDBL,14,37,76,867.00,"65,892.00"
2020-07-28,2020072801020058,DDBL,14,36,150,867.00,"130,050.00"
2020-07-28,2020072801020029,DDBL,14,57,30,867.00,"26,010.00"
2020-07-28,2020072801020207,DHPL,52,54,100,49.98,"4,998.00"
2020-07-28,2020072801020174,EBL,51,49,10,765.00,"7,650.00"
2020-07-28,2020072801019941,EBL,29,42,681,761.00,"518,241.00"
2020-07-28,2020072801019940,EBL,35,42,74,761.00,"56,314.00"
2020-07-28,2020072801019939,EBL,33,42,10,762.00,"7,620.00"
2020-07-28,2020072801019938,EBL,6,42,10,762.00,"7,620.00"
2020-07-28,2020072801019937,EBL,38,42,50,762.00,"38,100.00"
2020-07-28,2020072801019861,EBL,17,14,30,765.00,"22,950.00"
2020-07-28,2020072801019860,EBL,14,14,13,766.00,"9,958.00"
2020-07-28,2020072801019936,EBL,53,42,100,763.00,"76,300.00"
2020-07-28,2020072801019935,EBL,53,42,80,763.00,"61,040.00"
2020-07-28,2020072801019927,EBL,14,44,200,765.00,"153,000.00"
2020-07-28,2020072801019926,EBL,44,44,93,765.00,"71,145.00"
2020-07-28,2020072801019863,EBL,44,14,107,765.00,"81,855.00"
2020-07-28,2020072801019862,EBL,26,14,50,765.00,"38,250.00"
2020-07-28,2020072801020294,EIC,16,16,50,411.00,"20,550.00"
2020-07-28,2020072801020247,FMDBL,6,56,800,550.00,"440,000.00"
2020-07-28,2020072801020036,FMDBL,6,34,89,550.00,"48,950.00"
2020-07-28,2020072801020035,FMDBL,40,34,11,550.00,"6,050.00"
2020-07-28,2020072801020008,GBBL,47,47,42,247.00,"10,374.00"
2020-07-28,2020072801020266,GBIME,44,50,170,263.00,"44,710.00"
2020-07-28,2020072801020061,GBIME,44,47,25,263.00,"6,575.00"
2020-07-28,2020072801019971,GBIME,44,41,508,263.00,"133,604.00"
2020-07-28,2020072801019970,GBIME,26,41,"1,192",263.00,"313,496.00"
2020-07-28,2020072801019967,GBIME,26,42,500,263.00,"131,500.00"
2020-07-28,2020072801019914,GBLBS,25,25,300,518.00,"155,400.00"
2020-07-28,2020072801019806,GBLBS,25,58,140,518.00,"72,520.00"
2020-07-28,2020072801020223,GGBSL,38,48,10,914.00,"9,140.00"
2020-07-28,2020072801020222,GGBSL,38,48,10,910.00,"9,100.00"
2020-07-28,2020072801019810,GGBSL,57,4,10,900.00,"9,000.00"
2020-07-28,2020072801020291,GHL,26,38,20,53.00,"1,060.00"
2020-07-28,2020072801019999,GLBSL,46,49,20,910.00,"18,200.00"
2020-07-28,2020072801019998,GLBSL,46,5,100,905.00,"90,500.00"
2020-07-28,2020072801020012,GMFBS,52,17,10,820.00,"8,200.00"
2020-07-28,2020072801020120,HDL,25,50,80,"1,716.00","137,280.00"
2020-07-28,2020072801020110,HDL,55,50,50,"1,716.00","85,800.00"
2020-07-28,2020072801020055,HDL,44,57,50,"1,715.00","85,750.00"
2020-07-28,2020072801020054,HDL,53,57,100,"1,716.00","171,600.00"
2020-07-28,2020072801019943,HDL,44,32,50,"1,715.00","85,750.00"
2020-07-28,2020072801019891,HDL,44,39,50,"1,715.00","85,750.00"
2020-07-28,2020072801019882,HDL,44,8,20,"1,714.00","34,280.00"
2020-07-28,2020072801019867,HDL,33,8,30,"1,714.00","51,420.00"
2020-07-28,2020072801020264,HGI,7,58,100,420.00,"42,000.00"
2020-07-28,2020072801020202,HGI,35,58,50,420.00,"21,000.00"
2020-07-28,2020072801020201,HGI,17,58,385,420.00,"161,700.00"
2020-07-28,2020072801020200,HGI,57,58,150,421.00,"63,150.00"
2020-07-28,2020072801020199,HGI,26,58,77,421.00,"32,417.00"
2020-07-28,2020072801020096,HIDCL,44,17,67,131.00,"8,777.00"
2020-07-28,2020072801020094,HPPL,41,55,10,141.00,"1,410.00"
2020-07-28,2020072801020093,HPPL,41,55,20,141.00,"2,820.00"
2020-07-28,2020072801020092,HPPL,41,55,10,141.00,"1,410.00"
2020-07-28,2020072801020086,HURJA,45,17,20,90.00,"1,800.00"
2020-07-28,2020072801019934,HURJA,1,22,10,91.00,910.00
2020-07-28,2020072801019933,HURJA,1,1,20,91.00,"1,820.00"
2020-07-28,2020072801019932,HURJA,1,41,20,91.00,"1,820.00"
2020-07-28,2020072801020062,ICFC,8,42,439,189.00,"82,971.00"
2020-07-28,2020072801020002,ICFC,8,16,500,189.00,"94,500.00"
2020-07-28,2020072801020106,ILBS,55,17,12,785.00,"9,420.00"
2020-07-28,2020072801020088,JBBL,6,47,110,182.00,"20,020.00"
2020-07-28,2020072801019974,JBBL,54,37,75,183.00,"13,725.00"
2020-07-28,2020072801019811,JBBL,54,47,25,183.00,"4,575.00"
2020-07-28,2020072801020064,KMCDB,52,6,10,845.00,"8,450.00"
2020-07-28,2020072801019893,KMCDB,52,40,10,845.00,"8,450.00"
2020-07-28,2020072801020265,LBBL,58,44,10,195.00,"1,950.00"
2020-07-28,2020072801020127,LGIL,6,56,22,473.00,"10,406.00"
2020-07-28,2020072801020126,LGIL,6,57,200,472.00,"94,400.00"
2020-07-28,2020072801020305,MBL,10,19,220,240.00,"52,800.00"
2020-07-28,2020072801020304,MBL,50,19,100,240.00,"24,000.00"
2020-07-28,2020072801019847,MBL,51,45,69,241.00,"16,629.00"
2020-07-28,2020072801019846,MBL,51,53,20,241.00,"4,820.00"
2020-07-28,2020072801019845,MBL,51,16,100,241.00,"24,100.00"
2020-07-28,2020072801019844,MBL,51,38,11,241.00,"2,651.00"
