Date,Transact. No.,Symbol,Buyer,Seller,Quantity,Rate,Amount
2019-05-19,2019051901010433,ADBL,34,4,200,422.00,"84,400.00"
2019-05-19,2019051901010432,ADBL,34,34,48,422.00,"20,256.00"
2019-05-19,2019051901010226,ADBL,35,34,50,422.00,"21,100.00"
2019-05-19,2019051901010225,ADBL,26,34,337,422.00,"142,214.00"
2019-05-19,2019051901010085,ADBL,26,49,263,422.00,"110,986.00"
2019-05-19,2019051901010084,ADBL,25,49,200,422.00,"84,400.00"
2019-05-19,2019051901010301,AKPL,41,40,500,192.00,"96,000.00"
2019-05-19,2019051901010283,ALBSL,17,8,10,442.00,"4,420.00"
2019-05-19,2019051901010194,ALBSL,17,42,30,442.00,"13,260.00"
2019-05-19,2019051901010193,ALBSL,17,42,10,442.00,"4,420.00"
2019-05-19,2019051901010192,ALBSL,29,42,100,443.00,"44,300.00"
2019-05-19,2019051901010191,ALBSL,39,42,30,443.00,"13,290.00"
2019-05-19,2019051901010190,ALBSL,52,42,20,445.00,"8,900.00"
2019-05-19,2019051901010189,ALBSL,1,42,150,445.00,"66,750.00"
2019-05-19,2019051901010188,ALBSL,16,42,10,450.00,"4,500.00"
2019-05-19,2019051901010056,ALICL,33,17,70,430.00,"30,100.00"
2019-05-19,2019051901010348,BOKL,32,21,500,279.00,"139,500.00"
2019-05-19,2019051901010452,BPCL,21,33,100,405.00,"40,500.00"
2019-05-19,2019051901010390,BPCL,42,58,150,406.00,"60,900.00"
2019-05-19,2019051901010387,BPCL,34,58,100,406.00,"40,600.00"
2019-05-19,2019051901010176,BPCL,21,7,22,405.00,"8,910.00"
2019-05-19,2019051901010175,BPCL,41,7,200,405.00,"81,000.00"
2019-05-19,2019051901010055,BPCL,25,44,100,407.00,"40,700.00"
2019-05-19,2019051901010174,BPCL,29,7,167,405.00,"67,635.00"
2019-05-19,2019051901010167,BPCL,29,14,22,405.00,"8,910.00"
2019-05-19,2019051901010161,BPCL,29,52,11,405.00,"4,455.00"
2019-05-19,2019051901010102,BPCL,21,58,270,406.00,"109,620.00"
2019-05-19,2019051901010077,BPCL,21,54,30,406.00,"12,180.00"
2019-05-19,2019051901010070,BPCL,21,45,200,406.00,"81,200.00"
2019-05-19,2019051901010479,CBBL,48,51,20,948.00,"18,960.00"
2019-05-19,2019051901010406,CBBL,48,53,200,948.00,"189,600.00"
2019-05-19,2019051901010405,CBBL,16,53,100,949.00,"94,900.00"
2019-05-19,2019051901010149,CBBL,16,45,100,949.00,"94,900.00"
2019-05-19,2019051901010445,CBL,34,57,249,148.00,"36,852.00"
2019-05-19,2019051901010436,CBL,34,29,602,148.00,"89,096.00"
2019-05-19,2019051901010404,CBL,34,34,"6,149",148.00,"910,052.00"
2019-05-19,2019051901010403,CBL,59,34,200,148.00,"29,600.00"
2019-05-19,2019051901010402,CBL,59,34,"5,000",148.00,"740,000.00"
2019-05-19,2019051901010401,CBL,14,34,500,148.00,"74,000.00"
2019-05-19,2019051901010400,CBL,5,34,500,148.00,"74,000.00"
2019-05-19,2019051901010399,CBL,25,34,651,148.00,"96,348.00"
2019-05-19,2019051901010386,CBL,43,29,10,149.00,"1,490.00"
2019-05-19,2019051901010071,CBL,25,37,778,148.00,"115,144.00"
2019-05-19,2019051901010203,CCBL,58,51,50,168.00,"8,400.00"
2019-05-19,2019051901010202,CCBL,59,51,500,168.00,"84,000.00"
2019-05-19,2019051901010201,CCBL,52,51,400,168.00,"67,200.00"
2019-05-19,2019051901010200,CCBL,42,51,50,168.00,"8,400.00"
2019-05-19,2019051901010199,CCBL,32,51,200,168.00,"33,600.00"
2019-05-19,2019051901010198,CCBL,45,51,100,168.00,"16,800.00"
2019-05-19,2019051901010197,CCBL,43,51,200,168.00,"33,600.00"
2019-05-19,2019051901010196,CCBL,48,51,500,168.00,"84,000.00"
2019-05-19,2019051901010187,CCBL,39,37,200,169.00,"33,800.00"
2019-05-19,2019051901010186,CCBL,39,37,493,169.00,"83,317.00"
2019-05-19,2019051901010396,CFCL,1,42,"1,000",113.00,"113,000.00"
2019-05-19,2019051901010252,CIT,51,57,71,"2,630.00","186,730.00"
2019-05-19,2019051901010251,CIT,51,57,28,"2,631.00","73,668.00"
2019-05-19,2019051901010131,CIT,51,50,30,"2,645.00","79,350.00"
2019-05-19,2019051901010058,CIT,51,50,20,"2,645.00","52,900.00"
2019-05-19,2019051901010053,CIT,51,55,43,"2,645.00","113,735.00"
2019-05-19,2019051901010435,CLBSL,54,22,16,565.00,"9,040.00"
2019-05-19,2019051901010366,CLBSL,54,7,10,565.00,"5,650.00"
2019-05-19,2019051901010246,DBBL,51,39,491,147.00,"72,177.00"
2019-05-19,2019051901010245,DBBL,45,39,"1,500",147.00,"220,500.00"
2019-05-19,2019051901010244,DBBL,28,39,500,147.00,"73,500.00"
2019-05-19,2019051901010243,DBBL,42,39,"2,000",147.00,"294,000.00"
2019-05-19,2019051901010242,DBBL,38,39,200,147.00,"29,400.00"
2019-05-19,2019051901010241,DBBL,35,39,313,147.00,"46,011.00"
2019-05-19,2019051901010154,DBBL,28,10,"1,000",148.00,"148,000.00"
2019-05-19,2019051901010153,DBBL,56,10,100,148.00,"14,800.00"
2019-05-19,2019051901010152,DBBL,57,10,100,148.00,"14,800.00"
2019-05-19,2019051901010151,DBBL,51,10,625,148.00,"92,500.00"
2019-05-19,2019051901010130,DDBL,44,7,100,749.00,"74,900.00"
2019-05-19,2019051901010129,DDBL,44,3,100,748.00,"74,800.00"
2019-05-19,2019051901010128,DDBL,44,39,20,744.00,"14,880.00"
2019-05-19,2019051901010116,DDBL,44,10,200,741.00,"148,200.00"
2019-05-19,2019051901010218,DHPL,29,13,504,72.00,"36,288.00"
2019-05-19,2019051901010351,EBL,26,3,87,673.00,"58,551.00"
2019-05-19,2019051901010350,EBL,10,3,113,673.00,"76,049.00"
2019-05-19,2019051901010166,EBL,10,54,50,673.00,"33,650.00"
2019-05-19,2019051901010195,FMDBL,46,47,101,409.00,"41,309.00"
2019-05-19,2019051901010334,FOWAD,56,45,65,"1,517.00","98,605.00"
2019-05-19,2019051901010333,FOWAD,5,45,200,"1,517.00","303,400.00"
2019-05-19,2019051901010332,FOWAD,5,45,15,"1,517.00","22,755.00"
2019-05-19,2019051901010331,FOWAD,25,45,120,"1,518.00","182,160.00"
2019-05-19,2019051901010430,GBBL,39,16,16,232.00,"3,712.00"
2019-05-19,2019051901010429,GBBL,42,16,84,232.00,"19,488.00"
2019-05-19,2019051901010415,GBBL,42,44,500,232.00,"116,000.00"
2019-05-19,2019051901010220,GBBL,42,20,60,232.00,"13,920.00"
2019-05-19,2019051901010219,GBBL,58,20,11,232.00,"2,552.00"
2019-05-19,2019051901010439,GBIME,28,49,600,310.00,"186,000.00"
2019-05-19,2019051901010438,GBIME,59,49,300,311.00,"93,300.00"
2019-05-19,2019051901010437,GBIME,43,49,100,311.00,"31,100.00"
2019-05-19,2019051901010342,GBIME,28,16,27,312.00,"8,424.00"
2019-05-19,2019051901010341,GBIME,28,41,500,312.00,"156,000.00"
2019-05-19,2019051901010340,GBIME,28,39,"1,250",312.00,"390,000.00"
2019-05-19,2019051901010061,GBIME,17,49,284,311.00,"88,324.00"
2019-05-19,2019051901010060,GBIME,17,17,340,311.00,"105,740.00"
2019-05-19,2019051901010339,GBIME,28,7,500,312.00,"156,000.00"
2019-05-19,2019051901010338,GBIME,28,49,100,312.00,"31,200.00"
2019-05-19,2019051901010337,GBIME,28,38,29,312.00,"9,048.00"
2019-05-19,2019051901010126,GBIME,46,40,500,311.00,"155,500.00"
2019-05-19,2019051901010125,GBIME,46,49,624,311.00,"194,064.00"
2019-05-19,2019051901010062,GBIME,17,49,376,311.00,"116,936.00"
2019-05-19,2019051901010145,GDBL,28,4,350,220.00,"77,000.00"
2019-05-19,2019051901010150,GILB,43,7,19,"1,228.00","23,332.00"
2019-05-19,2019051901010422,GUFL,25,43,10,108.00,"1,080.00"
2019-05-19,2019051901010231,GUFL,25,43,10,108.00,"1,080.00"
2019-05-19,2019051901010217,GUFL,42,43,100,110.00,"11,000.00"
2019-05-19,2019051901010146,HBL,58,34,487,610.00,"297,070.00"
2019-05-19,2019051901010039,HBL,38,34,200,610.00,"122,000.00"
2019-05-19,2019051901010268,HDL,56,58,10,"1,949.00","19,490.00"
2019-05-19,2019051901010294,HGI,28,57,170,383.00,"65,110.00"
2019-05-19,2019051901010293,HGI,34,57,50,383.00,"19,150.00"
2019-05-19,2019051901010292,HGI,21,57,100,384.00,"38,400.00"
2019-05-19,2019051901010291,HGI,33,57,200,384.00,"76,800.00"
2019-05-19,2019051901010290,HGI,34,57,200,384.00,"76,800.00"
2019-05-19,2019051901010289,HGI,45,57,50,385.00,"19,250.00"
2019-05-19,2019051901010288,HGI,19,57,330,385.00,"127,050.00"
2019-05-19,2019051901010204,HIDCL,14,45,52,159.00,"8,268.00"
2019-05-19,2019051901010147,HIDCL,35,10,50,157.00,"7,850.00"
2019-05-19,2019051901010114,HIDCL,35,10,50,157.00,"7,850.00"
2019-05-19,2019051901010072,HIDCL,35,10,50,157.00,"7,850.00"
2019-05-19,2019051901010038,HIDCL,35,10,50,157.00,"7,850.00"
2019-05-19,2019051901010372,HPPL,39,40,195,178.00,"34,710.00"
2019-05-19,2019051901010371,HPPL,1,40,140,178.00,"24,920.00"
2019-05-19,2019051901010051,HPPL,42,40,10,180.00,"1,800.00"
2019-05-19,2019051901010391,JBBL,39,4,"2,470",150.00,"370,500.00"
2019-05-19,2019051901010385,JBBL,38,16,"1,000",151.00,"151,000.00"
2019-05-19,2019051901010384,JBBL,38,58,120,151.00,"18,120.00"
2019-05-19,2019051901010173,JBBL,39,17,30,150.00,"4,500.00"
2019-05-19,2019051901010172,JBBL,39,45,200,150.00,"30,000.00"
2019-05-19,2019051901010171,JBBL,39,4,300,150.00,"45,000.00"
2019-05-19,2019051901010139,JBBL,34,37,553,149.00,"82,397.00"
2019-05-19,2019051901010321,JBNL,5,52,500,204.00,"102,000.00"
2019-05-19,2019051901010320,JBNL,59,52,400,204.00,"81,600.00"
2019-05-19,2019051901010285,JBNL,59,52,100,204.00,"20,400.00"
2019-05-19,2019051901010284,JBNL,34,52,400,204.00,"81,600.00"
2019-05-19,2019051901010099,JBNL,34,55,500,204.00,"102,000.00"
2019-05-19,2019051901010021,JBNL,34,19,200,204.00,"40,800.00"
2019-05-19,2019051901010035,KBBL,42,34,"1,000",235.00,"235,000.00"
2019-05-19,2019051901010034,KBBL,42,34,"1,600",235.00,"376,000.00"
2019-05-19,2019051901010336,KBL,28,53,904,221.00,"199,784.00"
2019-05-19,2019051901010335,KBL,59,53,49,222.00,"10,878.00"
2019-05-19,2019051901010254,KBL,59,54,100,222.00,"22,200.00"
2019-05-19,2019051901010120,KBL,43,53,50,223.00,"11,150.00"
2019-05-19,2019051901010155,KNBL,58,59,10,147.00,"1,470.00"
2019-05-19,2019051901010183,KRBL,49,34,997,113.00,"112,661.00"
2019-05-19,2019051901010182,KRBL,49,39,500,113.00,"56,500.00"
2019-05-19,2019051901010181,KRBL,49,52,287,113.00,"32,431.00"
2019-05-19,2019051901010180,KRBL,49,17,116,112.00,"12,992.00"
2019-05-19,2019051901010179,KRBL,49,32,100,112.00,"11,200.00"
2019-05-19,2019051901010507,KSBBL,44,58,10,162.00,"1,620.00"
2019-05-19,2019051901010478,KSBBL,26,58,50,162.00,"8,100.00"
2019-05-19,2019051901010358,KSBBL,58,32,"1,000",161.00,"161,000.00"
2019-05-19,2019051901010229,KSBBL,58,32,"3,000",161.00,"483,000.00"
2019-05-19,2019051901010144,KSBBL,35,33,"1,000",161.00,"161,000.00"
2019-05-19,2019051901010143,KSBBL,33,33,"2,800",161.00,"450,800.00"
2019-05-19,2019051901010441,LBBL,10,21,981,210.00,"206,010.00"
2019-05-19,2019051901010440,LBBL,1,21,100,210.00,"21,000.00"
2019-05-19,2019051901010383,LBBL,51,42,500,211.00,"105,500.00"
2019-05-19,2019051901010382,LBBL,58,42,50,211.00,"10,550.00"
2019-05-19,2019051901010230,LBBL,6,34,34,212.00,"7,208.00"
2019-05-19,2019051901010482,LBL,57,45,230,227.00,"52,210.00"
2019-05-19,2019051901010481,LBL,44,45,200,227.00,"45,400.00"
2019-05-19,2019051901010480,LBL,35,45,250,227.00,"56,750.00"
2019-05-19,2019051901010310,LBL,14,45,26,229.00,"5,954.00"
2019-05-19,2019051901010282,LICN,28,35,68,"1,872.00","127,296.00"
2019-05-19,2019051901010101,LICN,41,57,100,"1,875.00","187,500.00"
2019-05-19,2019051901010016,MDB,40,46,367,257.00,"94,319.00"
2019-05-19,2019051901010510,MEGA,13,44,858,197.00,"169,026.00"
2019-05-19,2019051901010509,MEGA,38,44,30,197.00,"5,910.00"
2019-05-19,2019051901010508,MEGA,33,44,112,197.00,"22,064.00"
2019-05-19,2019051901010447,MEGA,42,48,100,199.00,"19,900.00"
2019-05-19,2019051901010425,MEGA,13,48,200,199.00,"39,800.00"
2019-05-19,2019051901010349,MEGA,43,48,10,199.00,"1,990.00"
2019-05-19,2019051901010326,MEGA,33,40,388,197.00,"76,436.00"
2019-05-19,2019051901010325,MEGA,57,40,50,197.00,"9,850.00"
2019-05-19,2019051901010324,MEGA,49,40,"1,000",197.00,"197,000.00"
2019-05-19,2019051901010323,MEGA,34,40,447,197.00,"88,059.00"
2019-05-19,2019051901010322,MEGA,5,40,22,198.00,"4,356.00"
2019-05-19,2019051901010477,MERO,1,22,34,615.00,"20,910.00"
2019-05-19,2019051901010476,MERO,43,22,20,615.00,"12,300.00"
2019-05-19,2019051901010434,MERO,28,52,50,616.00,"30,800.00"
2019-05-19,2019051901010307,MERO,45,52,10,617.00,"6,170.00"
2019-05-19,2019051901010253,MFIL,3,37,205,117.00,"23,985.00"
2019-05-19,2019051901010484,MLBL,28,25,46,207.00,"9,522.00"
2019-05-19,2019051901010483,MLBL,28,39,50,207.00,"10,350.00"
2019-05-19,2019051901010286,MNBBL,34,52,65,383.00,"24,895.00"
2019-05-19,2019051901010222,MPFL,28,6,10,165.00,"1,650.00"
2019-05-19,2019051901010022,NABIL,34,57,300,843.00,"252,900.00"
2019-05-19,2019051901010357,NBB,50,17,200,228.00,"45,600.00"
2019-05-19,2019051901010273,NBB,51,17,100,228.00,"22,800.00"
2019-05-19,2019051901010262,NBB,50,57,304,227.00,"69,008.00"
2019-05-19,2019051901010026,NBB,28,10,150,227.00,"34,050.00"
2019-05-19,2019051901010215,NBB,38,57,196,227.00,"44,492.00"
2019-05-19,2019051901010170,NBB,38,39,304,227.00,"69,008.00"
2019-05-19,2019051901010169,NBB,28,39,116,227.00,"26,332.00"
2019-05-19,2019051901010113,NBB,28,47,500,227.00,"113,500.00"
2019-05-19,2019051901010511,NBL,6,4,10,336.00,"3,360.00"
2019-05-19,2019051901010474,NBL,14,42,500,337.00,"168,500.00"
2019-05-19,2019051901010473,NBL,25,42,100,337.00,"33,700.00"
2019-05-19,2019051901010472,NBL,22,42,200,337.00,"67,400.00"
2019-05-19,2019051901010471,NBL,33,42,"1,650",337.00,"556,050.00"
2019-05-19,2019051901010470,NBL,19,42,500,337.00,"168,500.00"
2019-05-19,2019051901010023,NBL,58,42,84,336.00,"28,224.00"
2019-05-19,2019051901010078,NBL,43,58,100,337.00,"33,700.00"
2019-05-19,2019051901010067,NBL,52,29,100,336.00,"33,600.00"
2019-05-19,2019051901010052,NBL,39,58,700,337.00,"235,900.00"
2019-05-19,2019051901010043,NBL,57,58,500,337.00,"168,500.00"
2019-05-19,2019051901010025,NBL,52,42,766,336.00,"257,376.00"
2019-05-19,2019051901010024,NBL,34,42,500,336.00,"168,000.00"
2019-05-19,2019051901010206,NBL,25,58,"1,000",337.00,"337,000.00"
2019-05-19,2019051901010205,NBL,25,58,"1,000",337.00,"337,000.00"
2019-05-19,2019051901010163,NBL,5,58,500,337.00,"168,500.00"
2019-05-19,2019051901010140,NBL,5,58,400,337.00,"134,800.00"
2019-05-19,2019051901010083,NBL,16,33,166,336.00,"55,776.00"
2019-05-19,2019051901010082,NBL,52,33,134,336.00,"45,024.00"
2019-05-19,2019051901010233,NBL,57,56,300,337.00,"101,100.00"
2019-05-19,2019051901010232,NBL,57,58,"2,207",337.00,"743,759.00"
2019-05-19,2019051901010227,NBL,34,58,500,337.00,"168,500.00"
2019-05-19,2019051901010224,NBL,6,44,166,336.00,"55,776.00"
2019-05-19,2019051901010223,NBL,16,44,834,336.00,"280,224.00"
2019-05-19,2019051901010221,NBL,57,58,"2,000",337.00,"674,000.00"
2019-05-19,2019051901010239,NBL,57,54,300,337.00,"101,100.00"
2019-05-19,2019051901010238,NBL,57,4,"4,000",337.00,"1,348,000.00"
2019-05-19,2019051901010237,NBL,57,25,490,337.00,"165,130.00"
2019-05-19,2019051901010236,NBL,57,32,400,337.00,"134,800.00"
2019-05-19,2019051901010235,NBL,57,4,"3,000",337.00,"1,011,000.00"
2019-05-19,2019051901010234,NBL,57,44,"2,000",337.00,"674,000.00"
2019-05-19,2019051901010296,NBL,25,42,"1,000",337.00,"337,000.00"
2019-05-19,2019051901010295,NBL,57,42,"1,303",337.00,"439,111.00"
2019-05-19,2019051901010280,NBL,57,4,"1,000",337.00,"337,000.00"
2019-05-19,2019051901010276,NBL,5,58,267,338.00,"90,246.00"
2019-05-19,2019051901010275,NBL,5,57,200,338.00,"67,600.00"
2019-05-19,2019051901010274,NBL,5,6,33,338.00,"11,154.00"
2019-05-19,2019051901010306,NBL,39,43,590,337.00,"198,830.00"
2019-05-19,2019051901010305,NBL,44,43,200,337.00,"67,400.00"
2019-05-19,2019051901010300,NBL,44,42,300,337.00,"101,100.00"
2019-05-19,2019051901010299,NBL,14,42,200,337.00,"67,400.00"
2019-05-19,2019051901010298,NBL,25,42,500,337.00,"168,500.00"
2019-05-19,2019051901010297,NBL,25,42,400,337.00,"134,800.00"
2019-05-19,2019051901010446,NBL,6,58,"1,500",338.00,"507,000.00"
2019-05-19,2019051901010409,NBL,57,58,30,338.00,"10,140.00"
2019-05-19,2019051901010360,NBL,6,17,500,337.00,"168,500.00"
2019-05-19,2019051901010352,NBL,6,16,50,336.00,"16,800.00"
2019-05-19,2019051901010319,NBL,6,4,590,336.00,"198,240.00"
2019-05-19,2019051901010318,NBL,39,4,410,337.00,"138,170.00"
2019-05-19,2019051901010411,NCCB,34,5,500,257.00,"128,500.00"
2019-05-19,2019051901010327,NCCB,34,10,"1,000",257.00,"257,000.00"
2019-05-19,2019051901010287,NCCB,34,5,890,257.00,"228,730.00"
2019-05-19,2019051901010279,NCCB,34,48,120,257.00,"30,840.00"
2019-05-19,2019051901010278,NCCB,8,48,40,257.00,"10,280.00"
2019-05-19,2019051901010277,NCCB,44,48,40,257.00,"10,280.00"
2019-05-19,2019051901010142,NCCB,44,5,460,257.00,"118,220.00"
2019-05-19,2019051901010141,NCCB,50,5,340,257.00,"87,380.00"
2019-05-19,2019051901010087,NCCB,50,5,660,257.00,"169,620.00"
2019-05-19,2019051901010086,NCCB,37,5,340,257.00,"87,380.00"
2019-05-19,2019051901010045,NCCB,37,5,160,257.00,"41,120.00"
2019-05-19,2019051901010044,NCCB,46,5,840,257.00,"215,880.00"
2019-05-19,2019051901010127,NGPL,46,1,50,124.00,"6,200.00"
2019-05-19,2019051901010270,NHPC,35,45,670,66.00,"44,220.00"
2019-05-19,2019051901010030,NHPC,56,7,200,67.00,"13,400.00"
2019-05-19,2019051901010029,NHPC,56,7,"1,000",67.00,"67,000.00"
2019-05-19,2019051901010028,NHPC,56,7,"1,000",67.00,"67,000.00"
2019-05-19,2019051901010424,NIB,59,7,493,543.00,"267,699.00"
2019-05-19,2019051901010389,NIB,59,7,307,543.00,"166,701.00"
2019-05-19,2019051901010388,NIB,59,44,193,543.00,"104,799.00"
2019-05-19,2019051901010088,NIB,43,44,50,543.00,"27,150.00"
2019-05-19,2019051901010054,NIB,59,44,68,543.00,"36,924.00"
2019-05-19,2019051901010381,NIBPO,1,48,34,510.00,"17,340.00"
2019-05-19,2019051901010380,NIBPO,21,48,50,510.00,"25,500.00"
2019-05-19,2019051901010379,NIBPO,25,48,50,510.00,"25,500.00"
2019-05-19,2019051901010378,NIBPO,35,48,83,510.00,"42,330.00"
2019-05-19,2019051901010240,NIBPO,22,29,100,515.00,"51,500.00"
2019-05-19,2019051901010469,NICA,53,58,100,484.00,"48,400.00"
2019-05-19,2019051901010468,NICA,20,58,36,484.00,"17,424.00"
2019-05-19,2019051901010467,NICA,52,58,300,485.00,"145,500.00"
2019-05-19,2019051901010466,NICA,46,58,64,485.00,"31,040.00"
2019-05-19,2019051901010397,NICA,38,10,200,486.00,"97,200.00"
2019-05-19,2019051901010343,NICA,46,57,100,485.00,"48,500.00"
2019-05-19,2019051901010264,NICA,46,47,136,485.00,"65,960.00"
2019-05-19,2019051901010263,NICA,38,47,64,485.00,"31,040.00"
2019-05-19,2019051901010494,NICL,57,53,334,396.00,"132,264.00"
2019-05-19,2019051901010493,NICL,46,53,200,397.00,"79,400.00"
2019-05-19,2019051901010269,NICL,43,42,10,402.00,"4,020.00"
2019-05-19,2019051901010375,NIL,34,45,30,523.00,"15,690.00"
2019-05-19,2019051901010374,NIL,34,45,20,523.00,"10,460.00"
2019-05-19,2019051901010212,NIL,6,38,350,524.00,"183,400.00"
2019-05-19,2019051901010211,NIL,6,41,150,524.00,"78,600.00"
2019-05-19,2019051901010373,NLG,6,34,10,828.00,"8,280.00"
2019-05-19,2019051901010367,NLIC,52,49,60,955.00,"57,300.00"
2019-05-19,2019051901010216,NLIC,53,39,267,950.00,"253,650.00"
2019-05-19,2019051901010185,NLIC,53,57,222,950.00,"210,900.00"
2019-05-19,2019051901010184,NLIC,32,57,278,950.00,"264,100.00"
2019-05-19,2019051901010132,NLIC,32,6,200,950.00,"190,000.00"
2019-05-19,2019051901010015,NLIC,32,56,22,950.00,"20,900.00"
2019-05-19,2019051901010014,NLIC,36,56,100,950.00,"95,000.00"
2019-05-19,2019051901010013,NLIC,58,56,15,950.00,"14,250.00"
2019-05-19,2019051901010012,NLIC,28,56,90,951.00,"85,590.00"
2019-05-19,2019051901010368,NLICL,57,32,37,666.00,"24,642.00"
2019-05-19,2019051901010255,NLICL,33,32,43,666.00,"28,638.00"
2019-05-19,2019051901010455,NMBMF,4,58,20,"1,029.00","20,580.00"
2019-05-19,2019051901010454,NMBMF,4,26,20,"1,012.00","20,240.00"
2019-05-19,2019051901010395,NTC,34,6,200,729.00,"145,800.00"
2019-05-19,2019051901010281,NTC,34,6,40,729.00,"29,160.00"
2019-05-19,2019051901010258,NTC,34,33,10,729.00,"7,290.00"
2019-05-19,2019051901010165,NTC,26,36,250,729.00,"182,250.00"
2019-05-19,2019051901010033,NTC,26,36,100,729.00,"72,900.00"
2019-05-19,2019051901010420,OHL,25,25,500,630.00,"315,000.00"
2019-05-19,2019051901010419,OHL,25,25,"1,000",630.00,"630,000.00"
2019-05-19,2019051901010041,OHL,25,49,100,633.00,"63,300.00"
2019-05-19,2019051901010040,OHL,45,49,229,633.00,"144,957.00"
2019-05-19,2019051901010377,PCBL,42,49,"1,000",369.00,"369,000.00"
2019-05-19,2019051901010108,PCBL,55,45,508,365.00,"185,420.00"
2019-05-19,2019051901010107,PCBL,38,45,50,365.00,"18,250.00"
2019-05-19,2019051901010106,PCBL,22,45,100,365.00,"36,500.00"
2019-05-19,2019051901010105,PCBL,1,45,200,365.00,"73,000.00"
2019-05-19,2019051901010104,PCBL,20,45,63,365.00,"22,995.00"
2019-05-19,2019051901010091,PCBL,42,7,173,366.00,"63,318.00"
2019-05-19,2019051901010042,PCBL,58,42,100,368.00,"36,800.00"
2019-05-19,2019051901010103,PCBL,45,45,100,366.00,"36,600.00"
2019-05-19,2019051901010096,PCBL,20,7,137,365.00,"50,005.00"
2019-05-19,2019051901010095,PCBL,6,7,100,365.00,"36,500.00"
2019-05-19,2019051901010094,PCBL,17,7,100,366.00,"36,600.00"
2019-05-19,2019051901010093,PCBL,57,7,290,366.00,"106,140.00"
2019-05-19,2019051901010092,PCBL,47,7,200,366.00,"73,200.00"
2019-05-19,2019051901010370,PFL,38,28,10,140.00,"1,400.00"
2019-05-19,2019051901010369,PFL,38,41,110,139.00,"15,290.00"
2019-05-19,2019051901010365,PFL,34,42,91,138.00,"12,558.00"
2019-05-19,2019051901010178,PFL,38,38,"2,159",138.00,"297,942.00"
2019-05-19,2019051901010408,PIC,14,39,11,"1,225.00","13,475.00"
2019-05-19,2019051901010392,PIC,49,39,10,"1,225.00","12,250.00"
2019-05-19,2019051901010271,PIC,35,10,199,"1,216.00","241,984.00"
2019-05-19,2019051901010267,PIC,58,58,49,"1,216.00","59,584.00"
2019-05-19,2019051901010266,PIC,58,58,50,"1,217.00","60,850.00"
2019-05-19,2019051901010124,PIC,57,6,50,"1,224.00","61,200.00"
2019-05-19,2019051901010073,PIC,14,39,11,"1,219.00","13,409.00"
2019-05-19,2019051901010123,PIC,57,1,11,"1,222.00","13,442.00"
2019-05-19,2019051901010122,PIC,57,1,11,"1,222.00","13,442.00"
2019-05-19,2019051901010121,PIC,57,53,141,"1,220.00","172,020.00"
2019-05-19,2019051901010117,PIC,33,53,20,"1,220.00","24,400.00"
2019-05-19,2019051901010075,PIC,58,58,400,"1,216.00","486,400.00"
2019-05-19,2019051901010074,PIC,47,58,100,"1,217.00","121,700.00"
2019-05-19,2019051901010475,PICL,45,43,26,739.00,"19,214.00"
2019-05-19,2019051901010431,PICL,45,58,10,728.00,"7,280.00"
2019-05-19,2019051901010491,PLIC,48,35,36,483.00,"17,388.00"
2019-05-19,2019051901010490,PLIC,48,46,91,482.00,"43,862.00"
2019-05-19,2019051901010489,PLIC,48,47,15,481.00,"7,215.00"
2019-05-19,2019051901010488,PLIC,48,41,200,480.00,"96,000.00"
2019-05-19,2019051901010168,PLIC,57,34,90,476.00,"42,840.00"
2019-05-19,2019051901010257,PMHPL,13,42,10,109.00,"1,090.00"
2019-05-19,2019051901010256,PMHPL,13,6,10,109.00,"1,090.00"
2019-05-19,2019051901010486,PRIN,48,50,32,418.00,"13,376.00"
2019-05-19,2019051901010485,PRIN,48,46,46,415.00,"19,090.00"
2019-05-19,2019051901010249,PRIN,58,41,75,411.00,"30,825.00"
2019-05-19,2019051901010248,PRIN,7,41,100,412.00,"41,200.00"
2019-05-19,2019051901010247,PRIN,45,41,50,412.00,"20,600.00"
2019-05-19,2019051901010359,PROFL,21,16,10,110.00,"1,100.00"
2019-05-19,2019051901010487,PRVU,21,14,10,278.00,"2,780.00"
2019-05-19,2019051901010418,PRVU,32,32,780,277.00,"216,060.00"
2019-05-19,2019051901010417,PRVU,33,32,20,277.00,"5,540.00"
2019-05-19,2019051901010416,PRVU,35,32,700,277.00,"193,900.00"
2019-05-19,2019051901010057,PRVU,21,43,"1,000",277.00,"277,000.00"
2019-05-19,2019051901010032,PRVU,21,43,88,277.00,"24,376.00"
2019-05-19,2019051901010031,PRVU,4,43,20,277.00,"5,540.00"
2019-05-19,2019051901010080,PRVU,7,46,556,277.00,"154,012.00"
2019-05-19,2019051901010079,PRVU,7,48,40,277.00,"11,080.00"
2019-05-19,2019051901010076,PRVU,7,5,316,277.00,"87,532.00"
2019-05-19,2019051901010066,PRVU,7,46,88,277.00,"24,376.00"
2019-05-19,2019051901010065,PRVU,21,46,"1,000",277.00,"277,000.00"
2019-05-19,2019051901010064,PRVU,21,46,912,277.00,"252,624.00"
2019-05-19,2019051901010356,PRVU,35,52,300,277.00,"83,100.00"
2019-05-19,2019051901010355,PRVU,7,52,200,277.00,"55,400.00"
2019-05-19,2019051901010100,PRVU,7,46,387,277.00,"107,199.00"
2019-05-19,2019051901010098,PRVU,7,50,770,277.00,"213,290.00"
2019-05-19,2019051901010081,PRVU,7,46,336,277.00,"93,072.00"
2019-05-19,2019051901010421,RADHI,6,58,11,165.00,"1,815.00"
2019-05-19,2019051901010353,RADHI,6,39,11,165.00,"1,815.00"
2019-05-19,2019051901010097,RADHI,6,58,22,164.00,"3,608.00"
2019-05-19,2019051901010453,RBCL,59,40,18,"11,170.00","201,060.00"
2019-05-19,2019051901010442,RBCLPO,32,56,10,"10,265.00","102,650.00"
2019-05-19,2019051901010315,RBCLPO,59,35,10,"10,300.00","103,000.00"
2019-05-19,2019051901010314,RBCLPO,59,52,20,"10,299.00","205,980.00"
2019-05-19,2019051901010313,RBCLPO,58,33,20,"10,275.00","205,500.00"
2019-05-19,2019051901010214,RBCLPO,33,52,10,"10,299.00","102,990.00"
2019-05-19,2019051901010506,RLFL,39,49,"1,552",140.00,"217,280.00"
2019-05-19,2019051901010505,RLFL,39,47,100,140.00,"14,000.00"
2019-05-19,2019051901010504,RLFL,39,43,"1,000",140.00,"140,000.00"
2019-05-19,2019051901010503,RLFL,39,52,500,140.00,"70,000.00"
2019-05-19,2019051901010502,RLFL,39,25,300,140.00,"42,000.00"
2019-05-19,2019051901010501,RLFL,39,34,100,140.00,"14,000.00"
2019-05-19,2019051901010500,RLFL,39,1,500,139.00,"69,500.00"
2019-05-19,2019051901010499,RLFL,39,48,200,139.00,"27,800.00"
2019-05-19,2019051901010498,RLFL,39,48,200,139.00,"27,800.00"
2019-05-19,2019051901010497,RLFL,39,59,98,139.00,"13,622.00"
2019-05-19,2019051901010496,RLFL,39,34,200,138.00,"27,600.00"
2019-05-19,2019051901010495,RLFL,39,41,250,138.00,"34,500.00"
2019-05-19,2019051901010376,RMDC,47,16,147,680.00,"99,960.00"
2019-05-19,2019051901010354,RMDC,47,53,100,680.00,"68,000.00"
2019-05-19,2019051901010311,RMDC,47,16,53,680.00,"36,040.00"
2019-05-19,2019051901010261,RMDC,47,16,47,680.00,"31,960.00"
2019-05-19,2019051901010260,RMDC,47,55,200,680.00,"136,000.00"
2019-05-19,2019051901010259,RMDC,47,29,53,680.00,"36,040.00"
2019-05-19,2019051901010209,RMDC,47,29,270,680.00,"183,600.00"
2019-05-19,2019051901010208,RMDC,47,28,100,679.00,"67,900.00"
2019-05-19,2019051901010207,RMDC,47,5,30,679.00,"20,370.00"
2019-05-19,2019051901010090,RMDC,47,29,177,680.00,"120,360.00"
2019-05-19,2019051901010037,RMDC,47,41,23,679.00,"15,617.00"
2019-05-19,2019051901010036,RMDC,47,41,100,679.00,"67,900.00"
2019-05-19,2019051901010265,RRHP,59,44,10,94.00,940.00
2019-05-19,2019051901010164,SANIMA,19,14,934,362.00,"338,108.00"
2019-05-19,2019051901010303,SBI,19,7,47,482.00,"22,654.00"
2019-05-19,2019051901010302,SBI,44,7,13,482.00,"6,266.00"
2019-05-19,2019051901010050,SBI,44,45,187,482.00,"90,134.00"
2019-05-19,2019051901010049,SBI,57,45,100,483.00,"48,300.00"
2019-05-19,2019051901010048,SBI,57,45,100,483.00,"48,300.00"
2019-05-19,2019051901010047,SBI,39,45,489,483.00,"236,187.00"
2019-05-19,2019051901010046,SBI,50,45,124,484.00,"60,016.00"
2019-05-19,2019051901010410,SBL,29,39,60,340.00,"20,400.00"
2019-05-19,2019051901010428,SCB,47,42,100,690.00,"69,000.00"
2019-05-19,2019051901010427,SCB,47,10,100,690.00,"69,000.00"
2019-05-19,2019051901010426,SCB,47,55,300,690.00,"207,000.00"
2019-05-19,2019051901010407,SCB,21,55,30,690.00,"20,700.00"
2019-05-19,2019051901010138,SCB,38,7,72,681.00,"49,032.00"
2019-05-19,2019051901010137,SCB,32,7,50,682.00,"34,100.00"
2019-05-19,2019051901010136,SCB,45,7,100,682.00,"68,200.00"
2019-05-19,2019051901010135,SCB,26,7,100,685.00,"68,500.00"
2019-05-19,2019051901010134,SCB,42,7,60,685.00,"41,100.00"
2019-05-19,2019051901010133,SCB,14,7,118,685.00,"80,830.00"
2019-05-19,2019051901010027,SDESI,41,33,27,617.00,"16,659.00"
2019-05-19,2019051901010213,SEOS,38,42,"2,000",10.40,"20,800.00"
2019-05-19,2019051901010069,SFFIL,41,35,133,215.00,"28,595.00"
2019-05-19,2019051901010068,SFFIL,41,35,40,215.00,"8,600.00"
2019-05-19,2019051901010394,SHINE,35,45,18,260.00,"4,680.00"
2019-05-19,2019051901010465,SHIVM,25,58,621,629.00,"390,609.00"
2019-05-19,2019051901010464,SHIVM,40,58,"1,000",629.00,"629,000.00"
2019-05-19,2019051901010463,SHIVM,22,58,150,629.00,"94,350.00"
2019-05-19,2019051901010462,SHIVM,38,58,190,629.00,"119,510.00"
2019-05-19,2019051901010461,SHIVM,17,58,400,629.00,"251,600.00"
2019-05-19,2019051901010460,SHIVM,34,58,200,629.00,"125,800.00"
2019-05-19,2019051901010459,SHIVM,44,58,500,629.00,"314,500.00"
2019-05-19,2019051901010458,SHIVM,39,58,"1,000",629.00,"629,000.00"
2019-05-19,2019051901010457,SHIVM,35,58,100,629.00,"62,900.00"
2019-05-19,2019051901010456,SHIVM,56,58,839,629.00,"527,731.00"
2019-05-19,2019051901010089,SHIVM,56,13,50,629.00,"31,450.00"
2019-05-19,2019051901010250,SHL,40,43,300,239.00,"71,700.00"
2019-05-19,2019051901010177,SHL,56,43,500,238.00,"119,000.00"
2019-05-19,2019051901010162,SHPC,28,39,21,268.00,"5,628.00"
2019-05-19,2019051901010119,SHPC,40,46,500,265.00,"132,500.00"
2019-05-19,2019051901010118,SHPC,36,46,300,265.00,"79,500.00"
2019-05-19,2019051901010059,SHPC,36,10,700,265.00,"185,500.00"
2019-05-19,2019051901010444,SIC,29,35,300,"1,430.00","429,000.00"
2019-05-19,2019051901010443,SIC,42,35,200,"1,430.00","286,000.00"
2019-05-19,2019051901010347,SIC,42,47,300,"1,431.00","429,300.00"
2019-05-19,2019051901010346,SIC,35,47,30,"1,433.00","42,990.00"
2019-05-19,2019051901010345,SIC,55,47,100,"1,434.00","143,400.00"
2019-05-19,2019051901010344,SIC,35,47,85,"1,435.00","121,975.00"
2019-05-19,2019051901010317,SIC,35,35,15,"1,435.00","21,525.00"
2019-05-19,2019051901010316,SIC,52,35,25,"1,436.00","35,900.00"
2019-05-19,2019051901010063,SIL,44,26,75,594.00,"44,550.00"
2019-05-19,2019051901010330,SINDU,58,38,"1,000",140.00,"140,000.00"
2019-05-19,2019051901010329,SINDU,58,42,40,140.00,"5,600.00"
2019-05-19,2019051901010328,SINDU,58,4,210,139.00,"29,190.00"
2019-05-19,2019051901010364,SKBBL,29,36,10,"1,000.00","10,000.00"
2019-05-19,2019051901010363,SKBBL,29,41,100,999.00,"99,900.00"
2019-05-19,2019051901010362,SKBBL,29,37,297,997.00,"296,109.00"
2019-05-19,2019051901010361,SKBBL,29,45,100,996.00,"99,600.00"
2019-05-19,2019051901010210,SKBBL,47,26,25,993.00,"24,825.00"
2019-05-19,2019051901010309,SLBBL,22,18,69,483.00,"33,327.00"
2019-05-19,2019051901010308,SLBBL,43,18,120,483.00,"57,960.00"
2019-05-19,2019051901010115,SLBBL,45,6,100,484.00,"48,400.00"
2019-05-19,2019051901010451,SLBS,55,18,70,836.00,"58,520.00"
2019-05-19,2019051901010393,SLICL,58,57,50,603.00,"30,150.00"
2019-05-19,2019051901010450,SRBL,35,17,253,258.00,"65,274.00"
2019-05-19,2019051901010449,SRBL,35,45,18,258.00,"4,644.00"
2019-05-19,2019051901010448,SRBL,35,49,25,258.00,"6,450.00"
2019-05-19,2019051901010412,SRBL,35,57,204,257.00,"52,428.00"
2019-05-19,2019051901010157,SRBL,32,48,484,255.00,"123,420.00"
2019-05-19,2019051901010156,SRBL,28,48,16,256.00,"4,096.00"
2019-05-19,2019051901010423,UFL,26,28,200,183.00,"36,600.00"
2019-05-19,2019051901010160,UFL,21,28,450,183.00,"82,350.00"
2019-05-19,2019051901010159,UFL,21,28,500,183.00,"91,500.00"
2019-05-19,2019051901010158,UFL,39,28,50,183.00,"9,150.00"
2019-05-19,2019051901010112,UFL,17,28,200,184.00,"36,800.00"
2019-05-19,2019051901010111,UFL,17,28,275,184.00,"50,600.00"
2019-05-19,2019051901010110,UFL,36,28,100,185.00,"18,500.00"
2019-05-19,2019051901010109,UFL,22,28,300,186.00,"55,800.00"
2019-05-19,2019051901010228,UIC,55,51,10,955.00,"9,550.00"
2019-05-19,2019051901010414,UMHL,47,40,461,115.00,"53,015.00"
2019-05-19,2019051901010413,UMHL,37,40,12,116.00,"1,392.00"
2019-05-19,2019051901010492,UPPER,1,34,40,245.00,"9,800.00"
2019-05-19,2019051901010398,UPPER,51,42,50,246.00,"12,300.00"
2019-05-19,2019051901010312,UPPER,17,44,450,246.00,"110,700.00"
2019-05-19,2019051901010304,UPPER,17,17,500,246.00,"123,000.00"
2019-05-19,2019051901010272,UPPER,17,46,50,246.00,"12,300.00"
2019-05-19,2019051901010020,UPPER,1,45,81,245.00,"19,845.00"
2019-05-19,2019051901010019,UPPER,50,45,849,245.00,"208,005.00"
2019-05-19,2019051901010018,UPPER,55,45,200,246.00,"49,200.00"
2019-05-19,2019051901010017,UPPER,17,45,70,246.00,"17,220.00"
2019-05-19,2019051901010148,VLBS,22,45,18,578.00,"10,404.00"
2019-05-19,2019051901010010,ADBL,40,49,"1,000",423.00,"423,000.00"
2019-05-19,2019051901010009,ADBL,40,49,"1,000",423.00,"423,000.00"
2019-05-19,2019051901010008,ADBL,17,49,41,423.00,"17,343.00"
2019-05-19,2019051901010007,ADBL,40,49,96,423.00,"40,608.00"
2019-05-19,2019051901009993,ADBL,40,35,100,423.00,"42,300.00"
2019-05-19,2019051901009987,ADBL,40,33,720,423.00,"304,560.00"
2019-05-19,2019051901009634,ADBL,5,49,485,424.00,"205,640.00"
2019-05-19,2019051901009633,ADBL,16,49,115,424.00,"48,760.00"
2019-05-19,2019051901009576,ADBL,16,50,206,424.00,"87,344.00"
2019-05-19,2019051901009575,ADBL,53,50,144,424.00,"61,056.00"
2019-05-19,2019051901009557,ADBL,53,34,56,424.00,"23,744.00"
2019-05-19,2019051901009793,ADBL,40,49,84,423.00,"35,532.00"
2019-05-19,2019051901009792,ADBL,40,49,208,423.00,"87,984.00"
2019-05-19,2019051901009756,ADBL,17,34,500,424.00,"212,000.00"
2019-05-19,2019051901009722,ADBL,19,10,100,425.00,"42,500.00"
2019-05-19,2019051901009660,ADBL,5,34,515,424.00,"218,360.00"
2019-05-19,2019051901009522,AKJCL,22,49,20,75.00,"1,500.00"
2019-05-19,2019051901009982,AKPL,8,40,300,193.00,"57,900.00"
2019-05-19,2019051901009981,AKPL,38,40,100,193.00,"19,300.00"
2019-05-19,2019051901009980,AKPL,4,40,441,193.00,"85,113.00"
2019-05-19,2019051901009892,AKPL,4,56,59,193.00,"11,387.00"
2019-05-19,2019051901009786,AKPL,19,29,300,194.00,"58,200.00"
2019-05-19,2019051901009683,ALBSL,16,7,10,450.00,"4,500.00"
2019-05-19,2019051901009528,ALICL,33,40,200,430.00,"86,000.00"
2019-05-19,2019051901010000,BPCL,46,58,460,406.00,"186,760.00"
2019-05-19,2019051901009972,BPCL,21,58,"1,000",406.00,"406,000.00"
2019-05-19,2019051901009936,BPCL,6,58,200,406.00,"81,200.00"
2019-05-19,2019051901009839,BPCL,39,58,340,406.00,"138,040.00"
2019-05-19,2019051901009600,BPCL,46,33,150,405.00,"60,750.00"
2019-05-19,2019051901009570,BPCL,39,34,500,406.00,"203,000.00"
2019-05-19,2019051901009625,BPCL,43,50,"1,000",406.00,"406,000.00"
2019-05-19,2019051901009624,BPCL,43,34,750,406.00,"304,500.00"
2019-05-19,2019051901009609,BPCL,58,34,250,406.00,"101,500.00"
2019-05-19,2019051901009608,BPCL,58,34,450,406.00,"182,700.00"
2019-05-19,2019051901009601,BPCL,46,34,350,406.00,"142,100.00"
2019-05-19,2019051901009645,BPCL,43,58,33,408.00,"13,464.00"
2019-05-19,2019051901009644,BPCL,43,42,100,408.00,"40,800.00"
2019-05-19,2019051901009643,BPCL,43,44,"1,000",408.00,"408,000.00"
2019-05-19,2019051901009636,BPCL,46,42,22,404.00,"8,888.00"
2019-05-19,2019051901009626,BPCL,43,29,30,406.00,"12,180.00"
2019-05-19,2019051901009977,CBBL,16,10,200,949.00,"189,800.00"
2019-05-19,2019051901009989,CBL,25,22,"1,571",148.00,"232,508.00"
2019-05-19,2019051901009988,CBL,59,22,400,148.00,"59,200.00"
2019-05-19,2019051901009904,CBL,35,29,388,149.00,"57,812.00"
2019-05-19,2019051901009903,CBL,35,48,112,149.00,"16,688.00"
2019-05-19,2019051901009667,CBL,7,48,238,149.00,"35,462.00"
2019-05-19,2019051901009666,CBL,7,1,162,149.00,"24,138.00"
2019-05-19,2019051901009959,CCBL,39,34,600,169.00,"101,400.00"
2019-05-19,2019051901009937,CCBL,26,34,493,169.00,"83,317.00"
2019-05-19,2019051901009830,CCBL,32,34,507,169.00,"85,683.00"
2019-05-19,2019051901009829,CCBL,32,17,306,169.00,"51,714.00"
2019-05-19,2019051901009828,CCBL,32,34,303,169.00,"51,207.00"
2019-05-19,2019051901009753,CCBL,32,19,290,168.00,"48,720.00"
2019-05-19,2019051901009704,CCBL,50,34,500,169.00,"84,500.00"
2019-05-19,2019051901009703,CCBL,35,34,"1,697",169.00,"286,793.00"
2019-05-19,2019051901009679,CCBL,35,34,"1,903",169.00,"321,607.00"
2019-05-19,2019051901009678,CCBL,52,34,597,169.00,"100,893.00"
2019-05-19,2019051901009612,CCBL,51,39,20,170.00,"3,400.00"
2019-05-19,2019051901009610,CCBL,52,39,500,170.00,"85,000.00"
2019-05-19,2019051901009514,CFCL,1,25,50,114.00,"5,700.00"
2019-05-19,2019051901009865,CHCL,28,45,297,525.00,"155,925.00"
2019-05-19,2019051901009864,CHCL,57,45,100,525.00,"52,500.00"
2019-05-19,2019051901009863,CHCL,26,45,"1,022",526.00,"537,572.00"
2019-05-19,2019051901009862,CHCL,57,45,100,526.00,"52,600.00"
2019-05-19,2019051901009861,CHCL,19,45,452,527.00,"238,204.00"
2019-05-19,2019051901009860,CHCL,18,45,29,528.00,"15,312.00"
2019-05-19,2019051901009603,CHCL,18,36,71,528.00,"37,488.00"
2019-05-19,2019051901010011,CHL,32,45,25,99.00,"2,475.00"
2019-05-19,2019051901009888,CHL,32,45,25,99.00,"2,475.00"
2019-05-19,2019051901009953,CIT,45,55,250,"2,645.00","661,250.00"
2019-05-19,2019051901009952,CIT,45,41,100,"2,644.00","264,400.00"
2019-05-19,2019051901009951,CIT,45,49,100,"2,643.00","264,300.00"
2019-05-19,2019051901009950,CIT,45,49,50,"2,635.00","131,750.00"
2019-05-19,2019051901009868,CIT,51,1,22,"2,631.00","57,882.00"
2019-05-19,2019051901009867,CIT,50,1,10,"2,633.00","26,330.00"
2019-05-19,2019051901009866,CIT,51,1,18,"2,633.00","47,394.00"
2019-05-19,2019051901009706,CIT,28,49,50,"2,635.00","131,750.00"
2019-05-19,2019051901009847,CMF1,44,47,"3,000",10.08,"30,240.00"
2019-05-19,2019051901009813,CMF1,44,54,400,10.07,"4,028.00"
2019-05-19,2019051901010002,CZBIL,41,10,870,233.00,"202,710.00"
2019-05-19,2019051901009799,CZBIL,41,11,130,233.00,"30,290.00"
2019-05-19,2019051901009798,CZBIL,28,11,70,233.00,"16,310.00"
2019-05-19,2019051901009731,CZBIL,28,58,100,233.00,"23,300.00"
2019-05-19,2019051901009599,CZBIL,28,16,10,233.00,"2,330.00"
2019-05-19,2019051901010001,DBBL,57,39,100,149.00,"14,900.00"
2019-05-19,2019051901009784,DBBL,51,6,"4,375",148.00,"647,500.00"
2019-05-19,2019051901009783,DBBL,10,6,500,148.00,"74,000.00"
2019-05-19,2019051901009782,DBBL,57,6,500,148.00,"74,000.00"
2019-05-19,2019051901009781,DBBL,51,6,625,148.00,"92,500.00"
2019-05-19,2019051901009780,DBBL,57,6,"1,000",148.00,"148,000.00"
2019-05-19,2019051901009745,DBBL,1,39,103,149.00,"15,347.00"
2019-05-19,2019051901009526,DBBL,38,39,700,149.00,"104,300.00"
2019-05-19,2019051901009838,EBL,10,34,237,673.00,"159,501.00"
2019-05-19,2019051901009837,EBL,10,34,263,673.00,"176,999.00"
2019-05-19,2019051901009653,EBL,50,3,50,674.00,"33,700.00"
2019-05-19,2019051901009550,EBL,10,50,170,673.00,"114,410.00"
2019-05-19,2019051901009523,EBL,49,3,50,674.00,"33,700.00"
2019-05-19,2019051901009985,FMDBL,1,47,100,410.00,"41,000.00"
2019-05-19,2019051901009681,FMDBL,16,47,100,410.00,"41,000.00"
2019-05-19,2019051901009572,FMDBL,58,47,200,410.00,"82,000.00"
2019-05-19,2019051901009598,FOWAD,5,19,85,"1,517.00","128,945.00"
2019-05-19,2019051901009597,FOWAD,51,19,15,"1,530.00","22,950.00"
2019-05-19,2019051901009596,FOWAD,47,19,15,"1,540.00","23,100.00"
2019-05-19,2019051901009595,FOWAD,16,19,10,"1,541.00","15,410.00"
2019-05-19,2019051901009594,FOWAD,25,19,35,"1,542.00","53,970.00"
2019-05-19,2019051901009605,GBBL,58,55,289,232.00,"67,048.00"
2019-05-19,2019051901009590,GBBL,42,55,500,232.00,"116,000.00"
2019-05-19,2019051901009547,GBBL,28,26,500,233.00,"116,500.00"
2019-05-19,2019051901009770,GBIME,40,17,100,311.00,"31,100.00"
2019-05-19,2019051901009744,GBIME,59,17,500,311.00,"155,500.00"
2019-05-19,2019051901009588,GBIME,28,17,23,310.00,"7,130.00"
2019-05-19,2019051901009614,GBLBS,4,16,10,360.00,"3,600.00"
2019-05-19,2019051901010005,GILB,43,7,19,"1,228.00","23,332.00"
2019-05-19,2019051901009530,GMFIL,28,58,32,126.00,"4,032.00"
2019-05-19,2019051901009949,HBL,16,34,313,610.00,"190,930.00"
2019-05-19,2019051901009743,HBL,16,58,187,610.00,"114,070.00"
2019-05-19,2019051901009742,HBL,42,58,300,610.00,"183,000.00"
2019-05-19,2019051901009741,HBL,25,58,500,611.00,"305,500.00"
2019-05-19,2019051901009740,HBL,16,58,300,613.00,"183,900.00"
2019-05-19,2019051901009739,HBL,16,58,35,613.00,"21,455.00"
2019-05-19,2019051901009738,HBL,16,58,100,614.00,"61,400.00"
2019-05-19,2019051901009737,HBL,58,58,50,614.00,"30,700.00"
2019-05-19,2019051901009736,HBL,28,58,28,615.00,"17,220.00"
2019-05-19,2019051901009721,HBL,28,11,72,615.00,"44,280.00"
2019-05-19,2019051901009720,HBL,16,11,50,615.00,"30,750.00"
2019-05-19,2019051901009719,HBL,51,11,10,616.00,"6,160.00"
2019-05-19,2019051901009637,HDL,45,42,90,"1,938.00","174,420.00"
2019-05-19,2019051901009607,HDL,56,42,10,"1,938.00","19,380.00"
2019-05-19,2019051901009943,HGI,19,54,670,385.00,"257,950.00"
2019-05-19,2019051901009942,HGI,39,54,200,385.00,"77,000.00"
2019-05-19,2019051901009941,HGI,43,54,100,385.00,"38,500.00"
2019-05-19,2019051901009940,HGI,41,54,30,385.00,"11,550.00"
2019-05-19,2019051901009585,HGI,19,57,50,386.00,"19,300.00"
2019-05-19,2019051901009561,HGI,19,57,200,386.00,"77,200.00"
2019-05-19,2019051901010003,HIDCL,35,10,50,157.00,"7,850.00"
2019-05-19,2019051901009995,HIDCL,35,55,104,157.00,"16,328.00"
2019-05-19,2019051901009948,HIDCL,35,10,50,157.00,"7,850.00"
2019-05-19,2019051901009944,HIDCL,35,56,61,157.00,"9,577.00"
2019-05-19,2019051901009897,HIDCL,35,19,"3,369",157.00,"528,933.00"
2019-05-19,2019051901009891,HIDCL,16,10,22,156.00,"3,432.00"
2019-05-19,2019051901009560,HIDCL,25,57,56,158.00,"8,848.00"
2019-05-19,2019051901009732,HIDCL,35,10,50,156.00,"7,800.00"
2019-05-19,2019051901009714,HIDCL,7,19,100,157.00,"15,700.00"
2019-05-19,2019051901009705,HIDCL,35,10,50,156.00,"7,800.00"
2019-05-19,2019051901009670,HIDCL,25,19,300,157.00,"47,100.00"
2019-05-19,2019051901009669,HIDCL,1,19,987,157.00,"154,959.00"
2019-05-19,2019051901009668,HIDCL,25,19,244,158.00,"38,552.00"
2019-05-19,2019051901009804,HIDCL,17,25,500,156.00,"78,000.00"
2019-05-19,2019051901009803,HIDCL,6,25,"1,000",156.00,"156,000.00"
2019-05-19,2019051901009802,HIDCL,54,25,"1,000",156.00,"156,000.00"
2019-05-19,2019051901009801,HIDCL,35,25,290,156.00,"45,240.00"
2019-05-19,2019051901009779,HIDCL,35,10,50,156.00,"7,800.00"
2019-05-19,2019051901009761,HIDCL,35,10,50,156.00,"7,800.00"
2019-05-19,2019051901009890,HIDCL,36,10,28,156.00,"4,368.00"
2019-05-19,2019051901009848,HIDCL,36,10,50,156.00,"7,800.00"
2019-05-19,2019051901009820,HIDCL,36,10,50,156.00,"7,800.00"
2019-05-19,2019051901009807,HIDCL,36,25,172,156.00,"26,832.00"
2019-05-19,2019051901009806,HIDCL,29,25,"1,000",156.00,"156,000.00"
2019-05-19,2019051901009805,HIDCL,39,25,200,156.00,"31,200.00"
2019-05-19,2019051901009688,HPPL,13,40,155,179.00,"27,745.00"
2019-05-19,2019051901009672,HPPL,13,10,345,179.00,"61,755.00"
2019-05-19,2019051901009671,HPPL,22,10,155,179.00,"27,745.00"
2019-05-19,2019051901009638,HPPL,22,16,10,179.00,"1,790.00"
2019-05-19,2019051901009983,ICFC,42,17,200,171.00,"34,200.00"
2019-05-19,2019051901009926,ICFC,42,52,"2,600",170.00,"442,000.00"
2019-05-19,2019051901009925,ICFC,42,57,300,169.00,"50,700.00"
2019-05-19,2019051901009924,ICFC,42,58,"1,000",169.00,"169,000.00"
2019-05-19,2019051901009923,ICFC,42,1,50,169.00,"8,450.00"
2019-05-19,2019051901009922,ICFC,42,52,49,169.00,"8,281.00"
2019-05-19,2019051901009921,ICFC,42,59,"1,000",168.00,"168,000.00"
2019-05-19,2019051901009752,ICFC,42,25,20,167.00,"3,340.00"
2019-05-19,2019051901009751,ICFC,42,58,"2,520",167.00,"420,840.00"
2019-05-19,2019051901009750,ICFC,42,35,50,167.00,"8,350.00"
2019-05-19,2019051901009656,ICFC,59,45,100,164.00,"16,400.00"
2019-05-19,2019051901009886,JBNL,34,19,500,204.00,"102,000.00"
2019-05-19,2019051901009680,JBNL,34,25,400,204.00,"81,600.00"
2019-05-19,2019051901009651,JBNL,51,25,"1,000",204.00,"204,000.00"
2019-05-19,2019051901009650,JBNL,22,25,100,204.00,"20,400.00"
2019-05-19,2019051901009649,JBNL,34,25,500,204.00,"102,000.00"
2019-05-19,2019051901009615,JBNL,34,45,500,204.00,"102,000.00"
2019-05-19,2019051901009970,KBL,59,11,51,222.00,"11,322.00"
2019-05-19,2019051901009969,KBL,59,11,229,222.00,"50,838.00"
2019-05-19,2019051901009728,KBL,59,34,71,222.00,"15,762.00"
2019-05-19,2019051901009727,KBL,46,34,"1,429",222.00,"317,238.00"
2019-05-19,2019051901009574,KBL,46,17,200,222.00,"44,400.00"
2019-05-19,2019051901009559,KBL,46,57,371,222.00,"82,362.00"
2019-05-19,2019051901009958,KMCDB,32,20,270,699.00,"188,730.00"
2019-05-19,2019051901009998,KNBL,52,34,10,141.00,"1,410.00"
2019-05-19,2019051901009979,KNBL,35,34,10,143.00,"1,430.00"
2019-05-19,2019051901009766,KNBL,35,45,500,145.00,"72,500.00"
2019-05-19,2019051901009765,KNBL,35,38,"1,000",145.00,"145,000.00"
2019-05-19,2019051901009764,KNBL,35,17,90,144.00,"12,960.00"
2019-05-19,2019051901009718,KNBL,35,17,410,144.00,"59,040.00"
2019-05-19,2019051901009717,KNBL,35,36,50,144.00,"7,200.00"
2019-05-19,2019051901009716,KNBL,35,40,90,143.00,"12,870.00"
2019-05-19,2019051901009715,KNBL,34,40,10,143.00,"1,430.00"
2019-05-19,2019051901009662,KPCL,55,42,10,92.00,920.00
2019-05-19,2019051901009726,KRBL,37,32,300,112.00,"33,600.00"
2019-05-19,2019051901009725,KRBL,37,22,500,112.00,"56,000.00"
2019-05-19,2019051901009724,KRBL,37,52,"1,000",112.00,"112,000.00"
2019-05-19,2019051901009723,KRBL,37,39,200,112.00,"22,400.00"
2019-05-19,2019051901009558,KSBBL,33,33,100,161.00,"16,100.00"
2019-05-19,2019051901009519,KSBBL,33,33,100,161.00,"16,100.00"
2019-05-19,2019051901009967,LBBL,58,35,50,211.00,"10,550.00"
2019-05-19,2019051901009889,LBBL,10,34,166,212.00,"35,192.00"
2019-05-19,2019051901009844,LBBL,10,35,250,212.00,"53,000.00"
2019-05-19,2019051901009843,LBBL,10,59,"1,002",212.00,"212,424.00"
2019-05-19,2019051901009842,LBBL,10,42,370,212.00,"78,440.00"
2019-05-19,2019051901009841,LBBL,10,13,212,212.00,"44,944.00"
2019-05-19,2019051901009620,LBBL,14,53,320,211.00,"67,520.00"
2019-05-19,2019051901009774,LBBL,10,42,130,212.00,"27,560.00"
2019-05-19,2019051901009773,LBBL,10,59,50,212.00,"10,600.00"
2019-05-19,2019051901009621,LBBL,14,28,"1,000",211.00,"211,000.00"
2019-05-19,2019051901009928,LBL,44,45,25,229.00,"5,725.00"
2019-05-19,2019051901009927,LBL,44,18,100,229.00,"22,900.00"
2019-05-19,2019051901009584,LLBS,36,20,10,775.00,"7,750.00"
2019-05-19,2019051901009984,MBL,57,28,450,270.00,"121,500.00"
2019-05-19,2019051901009682,MBL,57,28,120,270.00,"32,400.00"
2019-05-19,2019051901009755,MDB,57,46,200,257.00,"51,400.00"
2019-05-19,2019051901009934,MEGA,5,19,478,198.00,"94,644.00"
2019-05-19,2019051901009933,MEGA,57,19,522,198.00,"103,356.00"
2019-05-19,2019051901009856,MEGA,57,6,357,198.00,"70,686.00"
2019-05-19,2019051901009840,MEGA,57,39,121,198.00,"23,958.00"
2019-05-19,2019051901009652,MEGA,6,39,"1,178",198.00,"233,244.00"
2019-05-19,2019051901009646,MEGA,6,45,42,198.00,"8,316.00"
2019-05-19,2019051901009623,MEGA,6,47,280,198.00,"55,440.00"
2019-05-19,2019051901009622,MEGA,51,47,"1,720",198.00,"340,560.00"
2019-05-19,2019051901009539,MEGA,51,36,280,198.00,"55,440.00"
2019-05-19,2019051901009513,MEGA,34,44,139,197.00,"27,383.00"
2019-05-19,2019051901010004,MFIL,42,37,100,119.00,"11,900.00"
2019-05-19,2019051901009602,MLBL,33,43,31,206.00,"6,386.00"
2019-05-19,2019051901009748,MNBBL,32,33,100,382.00,"38,200.00"
2019-05-19,2019051901009747,MNBBL,32,34,227,382.00,"86,714.00"
2019-05-19,2019051901009698,MNBBL,14,50,200,381.00,"76,200.00"
2019-05-19,2019051901009893,MSLB,35,7,23,"1,135.00","26,105.00"
2019-05-19,2019051901009710,MSLB,35,7,23,"1,135.00","26,105.00"
2019-05-19,2019051901009556,MSLB,42,7,23,"1,136.00","26,128.00"
2019-05-19,2019051901009902,NBB,28,49,234,227.00,"53,118.00"
2019-05-19,2019051901009901,NBB,42,49,"2,766",227.00,"627,882.00"
2019-05-19,2019051901009771,NBB,57,17,100,228.00,"22,800.00"
2019-05-19,2019051901009648,NBB,42,45,480,227.00,"108,960.00"
2019-05-19,2019051901009647,NBB,17,45,20,228.00,"4,560.00"
2019-05-19,2019051901009613,NBB,17,5,500,228.00,"114,000.00"
2019-05-19,2019051901009593,NBB,17,41,450,228.00,"102,600.00"
2019-05-19,2019051901009516,NBB,17,39,30,228.00,"6,840.00"
2019-05-19,2019051901009999,NBL,14,58,93,337.00,"31,341.00"
2019-05-19,2019051901009994,NBL,14,44,57,337.00,"19,209.00"
2019-05-19,2019051901009992,NBL,14,40,"1,000",337.00,"337,000.00"
2019-05-19,2019051901009991,NBL,14,4,500,337.00,"168,500.00"
2019-05-19,2019051901009990,NBL,14,5,350,337.00,"117,950.00"
2019-05-19,2019051901009964,NBL,58,16,416,336.00,"139,776.00"
2019-05-19,2019051901009540,NBL,52,4,500,338.00,"169,000.00"
2019-05-19,2019051901009527,NBL,52,4,500,338.00,"169,000.00"
2019-05-19,2019051901009515,NBL,52,4,700,338.00,"236,600.00"
2019-05-19,2019051901009512,NBL,49,4,"1,000",338.00,"338,000.00"
2019-05-19,2019051901009573,NBL,41,4,200,338.00,"67,600.00"
2019-05-19,2019051901009571,NBL,5,4,107,338.00,"36,166.00"
2019-05-19,2019051901009564,NBL,39,4,500,338.00,"169,000.00"
2019-05-19,2019051901009553,NBL,57,59,164,337.00,"55,268.00"
2019-05-19,2019051901009552,NBL,57,59,336,337.00,"113,232.00"
2019-05-19,2019051901009546,NBL,37,4,500,338.00,"169,000.00"
2019-05-19,2019051901009618,NBL,41,47,67,338.00,"22,646.00"
2019-05-19,2019051901009617,NBL,41,26,500,338.00,"169,000.00"
2019-05-19,2019051901009616,NBL,41,4,"2,433",338.00,"822,354.00"
2019-05-19,2019051901009606,NBL,5,4,"1,000",338.00,"338,000.00"
2019-05-19,2019051901009581,NBL,57,3,100,337.00,"33,700.00"
2019-05-19,2019051901009579,NBL,5,4,"1,000",338.00,"338,000.00"
2019-05-19,2019051901009684,NBL,39,58,"1,036",337.00,"349,132.00"
2019-05-19,2019051901009665,NBL,39,49,464,337.00,"156,368.00"
2019-05-19,2019051901009664,NBL,36,49,300,337.00,"101,100.00"
2019-05-19,2019051901009663,NBL,57,49,236,337.00,"79,532.00"
2019-05-19,2019051901009628,NBL,52,21,67,338.00,"22,646.00"
2019-05-19,2019051901009627,NBL,52,47,433,338.00,"146,354.00"
2019-05-19,2019051901009702,NBL,43,6,467,338.00,"157,846.00"
2019-05-19,2019051901009701,NBL,43,16,500,338.00,"169,000.00"
2019-05-19,2019051901009700,NBL,43,21,33,338.00,"11,154.00"
2019-05-19,2019051901009687,NBL,40,58,964,337.00,"324,868.00"
2019-05-19,2019051901009686,NBL,39,58,"2,000",337.00,"674,000.00"
2019-05-19,2019051901009685,NBL,34,58,"1,000",337.00,"337,000.00"
2019-05-19,2019051901009790,NBL,22,34,264,337.00,"88,968.00"
2019-05-19,2019051901009789,NBL,52,34,500,337.00,"168,500.00"
2019-05-19,2019051901009788,NBL,22,34,200,337.00,"67,400.00"
2019-05-19,2019051901009787,NBL,40,34,36,337.00,"12,132.00"
2019-05-19,2019051901009749,NBL,33,6,150,338.00,"50,700.00"
2019-05-19,2019051901009729,NBL,38,6,50,338.00,"16,900.00"
2019-05-19,2019051901009815,NBL,52,59,336,337.00,"113,232.00"
2019-05-19,2019051901009814,NBL,52,53,500,337.00,"168,500.00"
2019-05-19,2019051901009812,NBL,52,1,564,337.00,"190,068.00"
2019-05-19,2019051901009811,NBL,22,1,436,337.00,"146,932.00"
2019-05-19,2019051901009808,NBL,22,42,100,337.00,"33,700.00"
2019-05-19,2019051901009800,NBL,29,6,200,338.00,"67,600.00"
2019-05-19,2019051901009880,NBL,50,44,156,337.00,"52,572.00"
2019-05-19,2019051901009870,NBL,50,58,"1,844",337.00,"621,428.00"
2019-05-19,2019051901009869,NBL,33,58,156,337.00,"52,572.00"
2019-05-19,2019051901009859,NBL,33,53,100,337.00,"33,700.00"
2019-05-19,2019051901009831,NBL,33,25,80,337.00,"26,960.00"
2019-05-19,2019051901009816,NBL,33,59,664,337.00,"223,768.00"
2019-05-19,2019051901009963,NBL,18,16,"1,000",336.00,"336,000.00"
2019-05-19,2019051901009962,NBL,7,16,184,336.00,"61,824.00"
2019-05-19,2019051901009961,NBL,50,16,400,337.00,"134,800.00"
2019-05-19,2019051901009935,NBL,52,6,100,338.00,"33,800.00"
2019-05-19,2019051901009898,NBL,6,44,"2,000",337.00,"674,000.00"
2019-05-19,2019051901009894,NBL,25,44,"1,844",337.00,"621,428.00"
2019-05-19,2019051901009708,NCCB,46,5,"1,091",257.00,"280,387.00"
2019-05-19,2019051901009673,NCCB,46,1,600,257.00,"154,200.00"
2019-05-19,2019051901009640,NCCB,46,5,469,257.00,"120,533.00"
2019-05-19,2019051901009639,NCCB,36,5,31,257.00,"7,967.00"
2019-05-19,2019051901009875,NIB,26,58,134,542.00,"72,628.00"
2019-05-19,2019051901009874,NIB,5,58,100,542.00,"54,200.00"
2019-05-19,2019051901009873,NIB,41,58,50,542.00,"27,100.00"
2019-05-19,2019051901009872,NIB,6,58,336,542.00,"182,112.00"
2019-05-19,2019051901009778,NIB,52,44,50,543.00,"27,150.00"
2019-05-19,2019051901009768,NIB,6,17,80,542.00,"43,360.00"
2019-05-19,2019051901009746,NIB,7,44,100,543.00,"54,300.00"
2019-05-19,2019051901009932,NICA,38,52,"1,436",485.00,"696,460.00"
2019-05-19,2019051901009931,NICA,14,52,300,485.00,"145,500.00"
2019-05-19,2019051901009930,NICA,14,52,100,485.00,"48,500.00"
2019-05-19,2019051901009929,NICA,16,52,64,485.00,"31,040.00"
2019-05-19,2019051901009797,NICA,16,47,236,485.00,"114,460.00"
2019-05-19,2019051901009796,NICA,45,47,14,485.00,"6,790.00"
2019-05-19,2019051901009795,NICA,54,47,250,486.00,"121,500.00"
2019-05-19,2019051901009794,NICA,49,47,500,486.00,"243,000.00"
2019-05-19,2019051901009568,NICA,51,17,18,486.00,"8,748.00"
2019-05-19,2019051901009986,NICL,5,41,142,400.00,"56,800.00"
2019-05-19,2019051901009565,NICL,19,41,50,400.00,"20,000.00"
2019-05-19,2019051901009887,NIL,34,57,200,523.00,"104,600.00"
2019-05-19,2019051901009772,NIL,34,39,100,523.00,"52,300.00"
2019-05-19,2019051901009554,NIL,34,46,"1,200",523.00,"627,600.00"
2019-05-19,2019051901009551,NIL,51,38,10,525.00,"5,250.00"
2019-05-19,2019051901009824,NLBBL,43,17,29,530.00,"15,370.00"
2019-05-19,2019051901009823,NLBBL,50,17,200,531.00,"106,200.00"
2019-05-19,2019051901009642,NLBBL,43,33,50,530.00,"26,500.00"
2019-05-19,2019051901009641,NLBBL,56,33,50,531.00,"26,550.00"
2019-05-19,2019051901009822,NLG,11,46,84,815.00,"68,460.00"
2019-05-19,2019051901009821,NLG,10,46,16,816.00,"13,056.00"
2019-05-19,2019051901009569,NLG,37,33,50,816.00,"40,800.00"
2019-05-19,2019051901009611,NLG,33,33,80,816.00,"65,280.00"
2019-05-19,2019051901009754,NLG,10,33,34,816.00,"27,744.00"
2019-05-19,2019051901009920,NLIC,28,47,74,951.00,"70,374.00"
2019-05-19,2019051901009919,NLIC,33,47,120,951.00,"114,120.00"
2019-05-19,2019051901009918,NLIC,58,47,20,951.00,"19,020.00"
2019-05-19,2019051901009917,NLIC,56,47,30,951.00,"28,530.00"
2019-05-19,2019051901009916,NLIC,49,47,50,952.00,"47,600.00"
2019-05-19,2019051901009915,NLIC,44,47,100,952.00,"95,200.00"
2019-05-19,2019051901009914,NLIC,26,47,100,952.00,"95,200.00"
2019-05-19,2019051901009913,NLIC,59,47,65,952.00,"61,880.00"
2019-05-19,2019051901009912,NLIC,56,47,31,952.00,"29,512.00"
2019-05-19,2019051901009911,NLIC,49,47,100,953.00,"95,300.00"
2019-05-19,2019051901009910,NLIC,29,47,60,953.00,"57,180.00"
2019-05-19,2019051901009879,NLIC,16,45,100,953.00,"95,300.00"
2019-05-19,2019051901009976,NLICL,45,32,20,669.00,"13,380.00"
2019-05-19,2019051901009538,NLICL,44,58,27,665.00,"17,955.00"
2019-05-19,2019051901009537,NLICL,44,58,50,665.00,"33,250.00"
2019-05-19,2019051901009536,NLICL,44,58,43,666.00,"28,638.00"
2019-05-19,2019051901009909,NTC,36,36,200,729.00,"145,800.00"
2019-05-19,2019051901009946,NUBL,40,45,14,871.00,"12,194.00"
2019-05-19,2019051901009997,OHL,45,4,490,633.00,"310,170.00"
2019-05-19,2019051901009996,OHL,45,4,20,634.00,"12,680.00"
2019-05-19,2019051901009693,OHL,26,45,200,637.00,"127,400.00"
2019-05-19,2019051901009692,OHL,16,45,100,637.00,"63,700.00"
2019-05-19,2019051901009691,OHL,50,45,50,638.00,"31,900.00"
2019-05-19,2019051901009709,OHL,16,45,40,635.00,"25,400.00"
2019-05-19,2019051901009697,OHL,7,45,10,635.00,"6,350.00"
2019-05-19,2019051901009696,OHL,16,45,200,635.00,"127,000.00"
2019-05-19,2019051901009695,OHL,16,45,200,635.00,"127,000.00"
2019-05-19,2019051901009694,OHL,16,45,500,636.00,"318,000.00"
2019-05-19,2019051901009971,OHL,45,34,200,633.00,"126,600.00"
2019-05-19,2019051901009908,OHL,45,45,281,633.00,"177,873.00"
2019-05-19,2019051901009907,OHL,34,45,200,634.00,"126,800.00"
2019-05-19,2019051901009906,OHL,5,45,300,635.00,"190,500.00"
2019-05-19,2019051901009905,OHL,16,45,10,635.00,"6,350.00"
2019-05-19,2019051901009939,PCBL,42,33,27,366.00,"9,882.00"
2019-05-19,2019051901009938,PCBL,6,33,44,366.00,"16,104.00"
2019-05-19,2019051901009769,PCBL,6,45,32,366.00,"11,712.00"
2019-05-19,2019051901009968,PIC,58,28,100,"1,216.00","121,600.00"
2019-05-19,2019051901009827,PIC,58,43,122,"1,216.00","148,352.00"
2019-05-19,2019051901009826,PIC,6,43,89,"1,217.00","108,313.00"
2019-05-19,2019051901009825,PIC,6,43,89,"1,217.00","108,313.00"
2019-05-19,2019051901009635,PIC,58,40,11,"1,216.00","13,376.00"
2019-05-19,2019051901009604,PIC,58,40,11,"1,216.00","13,376.00"
2019-05-19,2019051901009535,PIC,58,19,60,"1,216.00","72,960.00"
2019-05-19,2019051901009978,PICL,45,10,10,734.00,"7,340.00"
2019-05-19,2019051901009947,PICL,45,56,126,728.00,"91,728.00"
2019-05-19,2019051901009835,PICL,46,7,19,717.00,"13,623.00"
2019-05-19,2019051901009659,PLIC,50,1,250,479.00,"119,750.00"
2019-05-19,2019051901009592,PLIC,57,17,100,476.00,"47,600.00"
2019-05-19,2019051901009533,PLIC,50,34,200,478.00,"95,600.00"
2019-05-19,2019051901009532,PLIC,50,50,25,478.00,"11,950.00"
2019-05-19,2019051901009531,PLIC,50,43,50,478.00,"23,900.00"
2019-05-19,2019051901009658,PMHPL,13,7,10,109.00,"1,090.00"
2019-05-19,2019051901009567,PMHPL,8,16,10,109.00,"1,090.00"
2019-05-19,2019051901009713,PRIN,58,52,170,411.00,"69,870.00"
2019-05-19,2019051901009712,PRIN,43,52,29,412.00,"11,948.00"
2019-05-19,2019051901009583,PRIN,50,18,89,414.00,"36,846.00"
2019-05-19,2019051901009582,PRIN,50,35,50,414.00,"20,700.00"
2019-05-19,2019051901010006,PRVU,38,46,50,278.00,"13,900.00"
2019-05-19,2019051901009975,PRVU,4,46,80,277.00,"22,160.00"
2019-05-19,2019051901009974,PRVU,29,46,"1,000",277.00,"277,000.00"
2019-05-19,2019051901009973,PRVU,20,46,920,277.00,"254,840.00"
2019-05-19,2019051901009525,PRVU,38,17,942,278.00,"261,876.00"
2019-05-19,2019051901009524,PRVU,17,17,58,278.00,"16,124.00"
2019-05-19,2019051901009690,PRVU,36,45,942,278.00,"261,876.00"
2019-05-19,2019051901009689,PRVU,38,45,58,278.00,"16,124.00"
2019-05-19,2019051901009534,PRVU,38,17,"1,000",278.00,"278,000.00"
2019-05-19,2019051901009699,PRVU,36,46,58,278.00,"16,124.00"
2019-05-19,2019051901009834,PRVU,20,47,80,277.00,"22,160.00"
2019-05-19,2019051901009767,RADHI,6,56,50,164.00,"8,200.00"
2019-05-19,2019051901009578,RADHI,42,16,11,161.00,"1,771.00"
2019-05-19,2019051901009957,RMDC,47,57,48,679.00,"32,592.00"
2019-05-19,2019051901009956,RMDC,47,57,52,679.00,"35,308.00"
2019-05-19,2019051901009955,RMDC,47,17,100,679.00,"67,900.00"
2019-05-19,2019051901009858,RMDC,47,29,367,678.00,"248,826.00"
2019-05-19,2019051901009810,RMDC,47,29,50,678.00,"33,900.00"
2019-05-19,2019051901009809,RMDC,47,5,50,675.00,"33,750.00"
2019-05-19,2019051901009577,RMDC,47,29,33,678.00,"22,374.00"
2019-05-19,2019051901009760,RMDC,47,29,83,678.00,"56,274.00"
2019-05-19,2019051901009759,RMDC,47,29,17,678.00,"11,526.00"
2019-05-19,2019051901009661,RMDC,47,29,100,678.00,"67,800.00"
2019-05-19,2019051901009654,RMDC,47,29,100,678.00,"67,800.00"
2019-05-19,2019051901009630,RMDC,57,29,50,678.00,"33,900.00"
2019-05-19,2019051901009619,RMDC,47,29,200,678.00,"135,600.00"
2019-05-19,2019051901009657,RRHP,59,42,10,94.00,940.00
2019-05-19,2019051901009591,RSDC,39,19,63,389.00,"24,507.00"
2019-05-19,2019051901009877,SADBL,35,34,100,158.00,"15,800.00"
2019-05-19,2019051901009876,SADBL,35,22,200,158.00,"31,600.00"
2019-05-19,2019051901009954,SAEF,43,29,"30,000",9.80,"294,000.00"
2019-05-19,2019051901009966,SANIMA,21,55,250,361.00,"90,250.00"
2019-05-19,2019051901009885,SBI,50,34,76,484.00,"36,784.00"
2019-05-19,2019051901009884,SBI,48,34,200,484.00,"96,800.00"
2019-05-19,2019051901009883,SBI,45,34,100,484.00,"48,400.00"
2019-05-19,2019051901009882,SBI,49,34,104,484.00,"50,336.00"
2019-05-19,2019051901009881,SBI,43,34,20,485.00,"9,700.00"
2019-05-19,2019051901009566,SBI,25,43,495,485.00,"240,075.00"
2019-05-19,2019051901009545,SBI,25,43,505,485.00,"244,925.00"
2019-05-19,2019051901009544,SBI,19,43,495,485.00,"240,075.00"
2019-05-19,2019051901009677,SHINE,17,45,200,262.00,"52,400.00"
2019-05-19,2019051901009676,SHINE,36,45,500,262.00,"131,000.00"
2019-05-19,2019051901009675,SHINE,32,45,700,262.00,"183,400.00"
2019-05-19,2019051901009674,SHINE,45,45,900,263.00,"236,700.00"
2019-05-19,2019051901009757,SHIVM,56,8,40,629.00,"25,160.00"
2019-05-19,2019051901009735,SHIVM,56,17,71,629.00,"44,659.00"
2019-05-19,2019051901009734,SHIVM,56,17,29,629.00,"18,241.00"
2019-05-19,2019051901009711,SHIVM,56,43,25,629.00,"15,725.00"
2019-05-19,2019051901009555,SHIVM,56,45,50,629.00,"31,450.00"
2019-05-19,2019051901009541,SHIVM,56,14,50,629.00,"31,450.00"
2019-05-19,2019051901009529,SHIVM,56,14,50,629.00,"31,450.00"
2019-05-19,2019051901009587,SHPC,43,45,"2,000",266.00,"532,000.00"
2019-05-19,2019051901009586,SHPC,6,45,59,266.00,"15,694.00"
2019-05-19,2019051901009589,SICL,20,44,20,870.00,"17,400.00"
2019-05-19,2019051901009563,SICL,20,39,30,869.00,"26,070.00"
2019-05-19,2019051901009562,SICL,57,39,25,869.00,"21,725.00"
2019-05-19,2019051901009846,SIL,42,49,147,592.00,"87,024.00"
2019-05-19,2019051901009845,SIL,59,49,83,593.00,"49,219.00"
2019-05-19,2019051901009960,SINDU,29,4,20,139.00,"2,780.00"
2019-05-19,2019051901009900,SINDU,29,45,50,137.00,"6,850.00"
2019-05-19,2019051901009899,SINDU,29,39,30,137.00,"4,110.00"
2019-05-19,2019051901009836,SKBBL,47,17,78,993.00,"77,454.00"
2019-05-19,2019051901009791,SKBBL,44,55,830,995.00,"825,850.00"
2019-05-19,2019051901009965,SLBSL,22,33,100,570.00,"57,000.00"
2019-05-19,2019051901009857,SLBSL,45,33,60,575.00,"34,500.00"
2019-05-19,2019051901009632,SLICL,28,57,50,603.00,"30,150.00"
2019-05-19,2019051901009518,SMATA,28,41,300,"1,302.00","390,600.00"
2019-05-19,2019051901009517,SMATA,17,41,61,"1,310.00","79,910.00"
2019-05-19,2019051901009730,SMFDB,21,45,84,571.00,"47,964.00"
2019-05-19,2019051901009833,SRBL,28,37,84,256.00,"21,504.00"
2019-05-19,2019051901009832,SRBL,38,37,291,256.00,"74,496.00"
2019-05-19,2019051901009776,SRBL,38,19,115,256.00,"29,440.00"
2019-05-19,2019051901009775,SRBL,18,19,342,256.00,"87,552.00"
2019-05-19,2019051901009763,SRBL,18,45,158,256.00,"40,448.00"
2019-05-19,2019051901009707,SRBL,40,57,416,257.00,"106,912.00"
2019-05-19,2019051901009543,SRBL,40,58,584,257.00,"150,088.00"
2019-05-19,2019051901009542,SRBL,14,58,416,257.00,"106,912.00"
2019-05-19,2019051901009945,SWBBL,44,54,12,932.00,"11,184.00"
2019-05-19,2019051901009896,SWBBL,44,16,100,930.00,"93,000.00"
2019-05-19,2019051901009895,SWBBL,44,17,83,930.00,"77,190.00"
2019-05-19,2019051901009855,SWBBL,44,17,46,930.00,"42,780.00"
2019-05-19,2019051901009854,SWBBL,44,25,100,929.00,"92,900.00"
2019-05-19,2019051901009853,SWBBL,44,52,50,929.00,"46,450.00"
2019-05-19,2019051901009852,SWBBL,44,41,45,925.00,"41,625.00"
2019-05-19,2019051901009851,SWBBL,44,7,109,924.00,"100,716.00"
2019-05-19,2019051901009850,SWBBL,44,11,100,924.00,"92,400.00"
2019-05-19,2019051901009849,SWBBL,44,39,50,920.00,"46,000.00"
2019-05-19,2019051901009819,SWBBL,49,45,138,916.00,"126,408.00"
2019-05-19,2019051901009878,UIC,19,21,10,947.00,"9,470.00"
2019-05-19,2019051901009817,UPCL,58,6,215,93.00,"19,995.00"
2019-05-19,2019051901009777,UPCL,58,6,400,93.00,"37,200.00"
2019-05-19,2019051901009549,UPCL,58,6,10,93.00,930.00
2019-05-19,2019051901009548,UPCL,46,6,40,93.00,"3,720.00"
2019-05-19,2019051901009871,UPPER,17,42,50,246.00,"12,300.00"
2019-05-19,2019051901009818,UPPER,14,14,133,247.00,"32,851.00"
2019-05-19,2019051901009785,UPPER,17,50,50,246.00,"12,300.00"
2019-05-19,2019051901009762,UPPER,17,50,40,246.00,"9,840.00"
2019-05-19,2019051901009758,UPPER,17,45,500,246.00,"123,000.00"
2019-05-19,2019051901009733,UPPER,17,50,40,246.00,"9,840.00"
2019-05-19,2019051901009520,UPPER,45,45,50,246.00,"12,300.00"
2019-05-19,2019051901009655,UPPER,17,6,250,246.00,"61,500.00"
2019-05-19,2019051901009631,UPPER,45,14,10,247.00,"2,470.00"
2019-05-19,2019051901009629,UPPER,50,58,50,245.00,"12,250.00"
2019-05-19,2019051901009580,UPPER,45,43,250,246.00,"61,500.00"
2019-05-19,2019051901009521,UPPER,45,1,52,246.00,"12,792.00"
2019-05-19,2019051901009396,ADBL,45,50,100,426.00,"42,600.00"
2019-05-19,2019051901009383,ADBL,34,14,"2,000",425.00,"850,000.00"
2019-05-19,2019051901009244,ADBL,16,49,200,425.00,"85,000.00"
2019-05-19,2019051901009243,ADBL,16,29,120,425.00,"51,000.00"
2019-05-19,2019051901009242,ADBL,16,14,59,425.00,"25,075.00"
2019-05-19,2019051901009050,ADBL,53,14,200,425.00,"85,000.00"
2019-05-19,2019051901009049,ADBL,46,14,"1,000",425.00,"425,000.00"
2019-05-19,2019051901009048,ADBL,42,14,500,425.00,"212,500.00"
2019-05-19,2019051901009047,ADBL,42,14,131,425.00,"55,675.00"
2019-05-19,2019051901009038,ADBL,19,14,100,426.00,"42,600.00"
2019-05-19,2019051901009020,ADBL,52,14,10,426.00,"4,260.00"
2019-05-19,2019051901009319,AKJCL,22,49,10,75.00,750.00
2019-05-19,2019051901009282,AKJCL,22,1,50,75.00,"3,750.00"
2019-05-19,2019051901009487,ALBSL,32,48,50,450.00,"22,500.00"
2019-05-19,2019051901009262,AMFI,38,20,10,559.00,"5,590.00"
2019-05-19,2019051901009261,AMFI,38,20,10,559.00,"5,590.00"
2019-05-19,2019051901009260,AMFI,38,20,10,559.00,"5,590.00"
2019-05-19,2019051901009491,BPCL,39,58,"20,000",400.00,"8,000,000.00"
2019-05-19,2019051901009490,BPCL,1,34,100,406.00,"40,600.00"
2019-05-19,2019051901009478,BPCL,1,34,350,406.00,"142,100.00"
2019-05-19,2019051901009477,BPCL,1,51,50,405.00,"20,250.00"
2019-05-19,2019051901009118,BPCL,22,29,88,403.00,"35,464.00"
2019-05-19,2019051901009274,BPCL,55,34,150,406.00,"60,900.00"
2019-05-19,2019051901009136,BPCL,21,34,100,406.00,"40,600.00"
2019-05-19,2019051901009388,CBBL,48,32,110,948.00,"104,280.00"
2019-05-19,2019051901009351,CBBL,16,42,200,949.00,"189,800.00"
2019-05-19,2019051901009350,CBBL,8,42,50,950.00,"47,500.00"
2019-05-19,2019051901009060,CBBL,4,17,12,950.00,"11,400.00"
2019-05-19,2019051901009472,CBL,42,43,797,147.00,"117,159.00"
2019-05-19,2019051901009471,CBL,59,43,"1,000",147.00,"147,000.00"
2019-05-19,2019051901009470,CBL,10,43,50,147.00,"7,350.00"
2019-05-19,2019051901009469,CBL,17,43,122,147.00,"17,934.00"
2019-05-19,2019051901009468,CBL,57,43,100,147.00,"14,700.00"
2019-05-19,2019051901009467,CBL,39,43,500,147.00,"73,500.00"
2019-05-19,2019051901009466,CBL,53,43,"3,000",147.00,"441,000.00"
2019-05-19,2019051901009465,CBL,11,43,200,147.00,"29,400.00"
2019-05-19,2019051901009464,CBL,48,43,"1,000",147.00,"147,000.00"
2019-05-19,2019051901009463,CBL,41,43,31,147.00,"4,557.00"
2019-05-19,2019051901009457,CBL,38,43,"2,000",148.00,"296,000.00"
2019-05-19,2019051901009330,CBL,52,45,200,148.00,"29,600.00"
2019-05-19,2019051901009481,CCBL,52,17,21,169.00,"3,549.00"
2019-05-19,2019051901009342,CCBL,52,39,300,170.00,"51,000.00"
2019-05-19,2019051901009264,CCBL,52,52,"1,000",169.00,"169,000.00"
2019-05-19,2019051901009191,CCBL,52,42,257,169.00,"43,433.00"
2019-05-19,2019051901009125,CCBL,52,8,91,169.00,"15,379.00"
2019-05-19,2019051901009124,CCBL,52,52,34,169.00,"5,746.00"
2019-05-19,2019051901009312,CHCL,28,36,129,528.00,"68,112.00"
2019-05-19,2019051901009417,CIT,6,59,125,"2,635.00","329,375.00"
2019-05-19,2019051901009331,CIT,6,50,55,"2,635.00","144,925.00"
2019-05-19,2019051901009414,CZBIL,28,39,10,233.00,"2,330.00"
2019-05-19,2019051901009401,DBBL,38,38,300,149.00,"44,700.00"
2019-05-19,2019051901009277,DBBL,28,39,500,149.00,"74,500.00"
2019-05-19,2019051901009034,DBBL,50,49,200,149.00,"29,800.00"
2019-05-19,2019051901009320,DDBL,44,55,100,741.00,"74,100.00"
2019-05-19,2019051901009378,DHPL,6,13,100,71.00,"7,100.00"
2019-05-19,2019051901009377,DHPL,42,13,200,71.00,"14,200.00"
2019-05-19,2019051901009376,DHPL,29,13,96,71.00,"6,816.00"
2019-05-19,2019051901009099,EBL,10,55,17,673.00,"11,441.00"
2019-05-19,2019051901009044,EBL,49,50,130,675.00,"87,750.00"
2019-05-19,2019051901009043,EBL,49,39,170,675.00,"114,750.00"
2019-05-19,2019051901009299,EDBL,52,17,100,306.00,"30,600.00"
2019-05-19,2019051901009363,FMDBL,46,49,227,409.00,"92,843.00"
2019-05-19,2019051901009362,FMDBL,46,49,100,409.00,"40,900.00"
2019-05-19,2019051901009361,FMDBL,43,49,48,409.00,"19,632.00"
2019-05-19,2019051901009509,GBIME,43,17,60,311.00,"18,660.00"
2019-05-19,2019051901009508,GBIME,43,28,40,311.00,"12,440.00"
2019-05-19,2019051901009107,GBIME,28,11,71,310.00,"22,010.00"
2019-05-19,2019051901009106,GBIME,41,11,15,310.00,"4,650.00"
2019-05-19,2019051901009105,GBIME,17,11,114,310.00,"35,340.00"
2019-05-19,2019051901009046,GBIME,17,54,166,310.00,"51,460.00"
2019-05-19,2019051901009371,GBLBS,14,1,100,361.00,"36,100.00"
2019-05-19,2019051901009303,GBLBS,14,25,150,361.00,"54,150.00"
2019-05-19,2019051901009302,GBLBS,39,25,100,361.00,"36,100.00"
2019-05-19,2019051901009280,GBLBS,39,51,50,361.00,"18,050.00"
2019-05-19,2019051901009506,GDBL,28,8,910,221.00,"201,110.00"
2019-05-19,2019051901009505,GDBL,28,58,300,221.00,"66,300.00"
2019-05-19,2019051901009504,GDBL,28,53,200,221.00,"44,200.00"
2019-05-19,2019051901009503,GDBL,28,17,100,221.00,"22,100.00"
2019-05-19,2019051901009502,GDBL,28,47,200,221.00,"44,200.00"
2019-05-19,2019051901009273,GDBL,6,4,500,220.00,"110,000.00"
2019-05-19,2019051901009272,GDBL,6,6,"1,600",220.00,"352,000.00"
2019-05-19,2019051901009271,GDBL,6,28,500,220.00,"110,000.00"
2019-05-19,2019051901009270,GDBL,6,41,178,220.00,"39,160.00"
2019-05-19,2019051901009269,GDBL,6,57,17,220.00,"3,740.00"
2019-05-19,2019051901009370,GLICL,25,10,115,557.00,"64,055.00"
2019-05-19,2019051901009369,GLICL,39,10,25,557.00,"13,925.00"
2019-05-19,2019051901009368,GLICL,45,10,250,557.00,"139,250.00"
2019-05-19,2019051901009367,GLICL,58,10,60,558.00,"33,480.00"
2019-05-19,2019051901009366,GLICL,46,10,50,559.00,"27,950.00"
2019-05-19,2019051901009391,GMFIL,1,51,11,125.00,"1,375.00"
2019-05-19,2019051901009404,HBL,16,55,150,615.00,"92,250.00"
2019-05-19,2019051901009178,HBL,16,45,500,616.00,"308,000.00"
2019-05-19,2019051901009204,HDL,58,53,"1,000","1,900.00","1,900,000.00"
2019-05-19,2019051901009203,HDL,58,53,"1,000","1,900.00","1,900,000.00"
2019-05-19,2019051901009202,HDL,58,53,"2,000","1,900.00","3,800,000.00"
2019-05-19,2019051901009201,HDL,17,53,100,"1,900.00","190,000.00"
2019-05-19,2019051901009200,HDL,32,53,10,"1,901.00","19,010.00"
2019-05-19,2019051901009199,HDL,46,53,200,"1,905.00","381,000.00"
2019-05-19,2019051901009198,HDL,56,53,200,"1,910.00","382,000.00"
2019-05-19,2019051901009197,HDL,33,53,190,"1,920.00","364,800.00"
2019-05-19,2019051901009129,HDL,33,58,10,"1,920.00","19,200.00"
2019-05-19,2019051901009501,HGI,19,57,120,386.00,"46,320.00"
2019-05-19,2019051901009460,HGI,19,41,180,386.00,"69,480.00"
2019-05-19,2019051901009375,HIDCL,14,44,31,159.00,"4,929.00"
2019-05-19,2019051901009374,HIDCL,14,55,17,158.00,"2,686.00"
2019-05-19,2019051901009281,HIDCL,49,55,250,158.00,"39,500.00"
2019-05-19,2019051901009177,HIDCL,1,22,13,157.00,"2,041.00"
2019-05-19,2019051901009093,HIDCL,1,4,700,157.00,"109,900.00"
2019-05-19,2019051901009092,HIDCL,35,4,300,157.00,"47,100.00"
2019-05-19,2019051901009223,HPPL,22,16,10,179.00,"1,790.00"
2019-05-19,2019051901009109,HPPL,22,10,"1,965",179.00,"351,735.00"
2019-05-19,2019051901009108,HPPL,36,10,35,179.00,"6,265.00"
2019-05-19,2019051901009156,JBBL,35,4,400,150.00,"60,000.00"
2019-05-19,2019051901009240,JBNL,40,6,100,205.00,"20,500.00"
2019-05-19,2019051901009400,KBL,41,57,29,222.00,"6,438.00"
2019-05-19,2019051901009154,KBL,28,17,200,225.00,"45,000.00"
2019-05-19,2019051901009103,KBL,28,57,475,225.00,"106,875.00"
2019-05-19,2019051901009102,KBL,28,42,200,225.00,"45,000.00"
2019-05-19,2019051901009101,KBL,28,25,500,225.00,"112,500.00"
2019-05-19,2019051901009100,KBL,28,52,691,225.00,"155,475.00"
2019-05-19,2019051901009053,KBL,28,56,250,224.00,"56,000.00"
2019-05-19,2019051901009052,KBL,28,56,40,224.00,"8,960.00"
2019-05-19,2019051901009051,KBL,28,43,400,224.00,"89,600.00"
2019-05-19,2019051901009059,KBL,28,52,309,225.00,"69,525.00"
2019-05-19,2019051901009058,KBL,28,6,251,225.00,"56,475.00"
2019-05-19,2019051901009057,KBL,28,8,200,225.00,"45,000.00"
2019-05-19,2019051901009056,KBL,28,39,500,225.00,"112,500.00"
2019-05-19,2019051901009055,KBL,28,22,50,224.00,"11,200.00"
2019-05-19,2019051901009054,KBL,28,52,500,224.00,"112,000.00"
2019-05-19,2019051901009473,KMCDB,49,22,290,689.00,"199,810.00"
2019-05-19,2019051901009440,KNBL,52,34,10,142.00,"1,420.00"
2019-05-19,2019051901009426,KNBL,34,46,500,143.00,"71,500.00"
2019-05-19,2019051901009407,KNBL,52,34,10,142.00,"1,420.00"
2019-05-19,2019051901009132,KNBL,38,42,10,140.00,"1,400.00"
2019-05-19,2019051901009484,KPCL,55,49,10,92.00,920.00
2019-05-19,2019051901009304,KPCL,55,49,10,92.00,920.00
2019-05-19,2019051901009298,KPCL,51,1,10,92.00,920.00
2019-05-19,2019051901009434,KRBL,58,13,50,111.00,"5,550.00"
2019-05-19,2019051901009433,KRBL,37,13,191,111.00,"21,201.00"
2019-05-19,2019051901009153,KRBL,37,33,14,111.00,"1,554.00"
2019-05-19,2019051901009152,KRBL,48,33,100,111.00,"11,100.00"
2019-05-19,2019051901009267,KRBL,37,16,809,111.00,"89,799.00"
2019-05-19,2019051901009266,KRBL,37,16,191,111.00,"21,201.00"
2019-05-19,2019051901009435,KSBBL,28,33,100,160.00,"16,000.00"
2019-05-19,2019051901009045,KSBBL,54,34,"1,500",161.00,"241,500.00"
2019-05-19,2019051901009422,LBBL,10,48,320,211.00,"67,520.00"
2019-05-19,2019051901009412,LBBL,10,42,500,211.00,"105,500.00"
2019-05-19,2019051901009247,LBBL,35,42,338,210.00,"70,980.00"
2019-05-19,2019051901009246,LBBL,52,42,162,210.00,"34,020.00"
2019-05-19,2019051901009221,LBBL,35,45,"1,000",211.00,"211,000.00"
2019-05-19,2019051901009023,LBBL,52,14,300,210.00,"63,000.00"
2019-05-19,2019051901009022,LBBL,52,21,100,210.00,"21,000.00"
2019-05-19,2019051901009021,LBBL,52,17,90,210.00,"18,900.00"
2019-05-19,2019051901009029,LBBL,52,39,88,210.00,"18,480.00"
2019-05-19,2019051901009028,LBBL,52,32,100,210.00,"21,000.00"
2019-05-19,2019051901009027,LBBL,52,14,100,210.00,"21,000.00"
2019-05-19,2019051901009026,LBBL,52,45,200,210.00,"42,000.00"
2019-05-19,2019051901009025,LBBL,52,25,200,210.00,"42,000.00"
2019-05-19,2019051901009024,LBBL,52,25,400,210.00,"84,000.00"
2019-05-19,2019051901009167,LBBL,52,21,10,210.00,"2,100.00"
2019-05-19,2019051901009117,LBBL,52,59,250,210.00,"52,500.00"
2019-05-19,2019051901009097,LBBL,34,41,300,211.00,"63,300.00"
2019-05-19,2019051901009096,LBBL,34,13,100,211.00,"21,100.00"
2019-05-19,2019051901009474,LBL,25,11,200,228.00,"45,600.00"
2019-05-19,2019051901009265,LBL,48,54,100,227.00,"22,700.00"
2019-05-19,2019051901009293,LGIL,48,57,100,505.00,"50,500.00"
2019-05-19,2019051901009210,LGIL,48,57,200,504.00,"100,800.00"
2019-05-19,2019051901009161,LGIL,42,42,300,509.00,"152,700.00"
2019-05-19,2019051901009160,LGIL,42,35,250,508.00,"127,000.00"
2019-05-19,2019051901009149,LGIL,59,57,30,504.00,"15,120.00"
2019-05-19,2019051901009014,LGIL,51,34,25,503.00,"12,575.00"
2019-05-19,2019051901009013,LGIL,48,34,200,504.00,"100,800.00"
2019-05-19,2019051901009387,LICN,28,35,50,"1,890.00","94,500.00"
2019-05-19,2019051901009386,LICN,28,59,100,"1,890.00","189,000.00"
2019-05-19,2019051901009385,LICN,28,33,335,"1,889.00","632,815.00"
2019-05-19,2019051901009384,LICN,28,58,50,"1,888.00","94,400.00"
2019-05-19,2019051901009301,LICN,28,32,32,"1,872.00","59,904.00"
2019-05-19,2019051901009511,MEGA,34,55,60,197.00,"11,820.00"
2019-05-19,2019051901009458,MEGA,58,36,100,198.00,"19,800.00"
2019-05-19,2019051901009431,MEGA,58,36,100,198.00,"19,800.00"
2019-05-19,2019051901009430,MEGA,33,36,20,198.00,"3,960.00"
2019-05-19,2019051901009415,MEGA,45,48,200,199.00,"39,800.00"
2019-05-19,2019051901009411,MEGA,33,45,485,198.00,"96,030.00"
2019-05-19,2019051901009133,MEGA,26,32,36,198.00,"7,128.00"
2019-05-19,2019051901009126,MEGA,45,8,44,198.00,"8,712.00"
2019-05-19,2019051901009042,MEGA,38,48,100,199.00,"19,900.00"
2019-05-19,2019051901009410,MEGA,38,45,20,198.00,"3,960.00"
2019-05-19,2019051901009225,MEGA,33,32,242,198.00,"47,916.00"
2019-05-19,2019051901009207,MEGA,1,32,685,198.00,"135,630.00"
2019-05-19,2019051901009181,MEGA,34,29,200,197.00,"39,400.00"
2019-05-19,2019051901009135,MEGA,45,32,16,198.00,"3,168.00"
2019-05-19,2019051901009134,MEGA,41,32,21,198.00,"4,158.00"
2019-05-19,2019051901009146,MERO,6,20,34,618.00,"21,012.00"
2019-05-19,2019051901009372,MHNL,29,55,20,94.00,"1,880.00"
2019-05-19,2019051901009019,MHNL,29,49,10,93.00,930.00
2019-05-19,2019051901009420,MLBL,33,38,540,207.00,"111,780.00"
2019-05-19,2019051901009406,MLBL,28,32,"1,557",207.00,"322,299.00"
2019-05-19,2019051901009390,MLBL,28,33,"1,000",206.00,"206,000.00"
2019-05-19,2019051901009389,MLBL,28,8,100,206.00,"20,600.00"
2019-05-19,2019051901009357,MLBL,33,39,54,205.00,"11,070.00"
2019-05-19,2019051901009356,MLBL,33,39,54,205.00,"11,070.00"
2019-05-19,2019051901009355,MLBL,33,39,54,205.00,"11,070.00"
2019-05-19,2019051901009354,MLBL,33,11,"1,000",205.00,"205,000.00"
2019-05-19,2019051901009353,MLBL,33,45,10,205.00,"2,050.00"
2019-05-19,2019051901009352,MLBL,33,25,55,205.00,"11,275.00"
2019-05-19,2019051901009252,MLBL,58,25,79,205.00,"16,195.00"
2019-05-19,2019051901009251,MLBL,58,22,21,204.00,"4,284.00"
2019-05-19,2019051901009432,MNBBL,42,34,100,382.00,"38,200.00"
2019-05-19,2019051901009116,MNBBL,34,34,65,382.00,"24,830.00"
2019-05-19,2019051901009104,MNBBL,43,34,30,382.00,"11,460.00"
2019-05-19,2019051901009220,NABIL,5,37,15,848.00,"12,720.00"
2019-05-19,2019051901009329,NABILP,39,42,200,818.00,"163,600.00"
2019-05-19,2019051901009328,NABILP,28,42,70,820.00,"57,400.00"
2019-05-19,2019051901009250,NADEP,48,19,50,472.00,"23,600.00"
2019-05-19,2019051901009065,NADEP,17,19,40,472.00,"18,880.00"
2019-05-19,2019051901009064,NADEP,22,19,100,472.00,"47,200.00"
2019-05-19,2019051901009063,NADEP,43,19,20,472.00,"9,440.00"
2019-05-19,2019051901009062,NADEP,44,19,30,472.00,"14,160.00"
2019-05-19,2019051901009061,NADEP,37,19,60,473.00,"28,380.00"
2019-05-19,2019051901009311,NBB,28,5,500,228.00,"114,000.00"
2019-05-19,2019051901009507,NBL,52,4,500,338.00,"169,000.00"
2019-05-19,2019051901009496,NBL,33,4,500,338.00,"169,000.00"
2019-05-19,2019051901009493,NBL,49,4,560,338.00,"189,280.00"
2019-05-19,2019051901009492,NBL,49,49,440,338.00,"148,720.00"
2019-05-19,2019051901009486,NBL,57,21,100,337.00,"33,700.00"
2019-05-19,2019051901009485,NBL,33,49,"1,000",338.00,"338,000.00"
2019-05-19,2019051901009016,NBL,14,42,800,334.00,"267,200.00"
2019-05-19,2019051901009015,NBL,14,48,200,334.00,"66,800.00"
2019-05-19,2019051901009066,NBL,34,55,"1,000",335.00,"335,000.00"
2019-05-19,2019051901009040,NBL,21,42,136,334.00,"45,424.00"
2019-05-19,2019051901009037,NBL,49,42,200,334.00,"66,800.00"
2019-05-19,2019051901009036,NBL,16,42,700,334.00,"233,800.00"
2019-05-19,2019051901009018,NBL,16,40,100,334.00,"33,400.00"
2019-05-19,2019051901009017,NBL,16,42,200,334.00,"66,800.00"
2019-05-19,2019051901009072,NBL,34,39,500,335.00,"167,500.00"
2019-05-19,2019051901009071,NBL,34,39,300,335.00,"100,500.00"
2019-05-19,2019051901009070,NBL,34,28,"1,000",335.00,"335,000.00"
2019-05-19,2019051901009069,NBL,34,39,400,335.00,"134,000.00"
2019-05-19,2019051901009068,NBL,34,58,100,335.00,"33,500.00"
2019-05-19,2019051901009067,NBL,34,19,200,335.00,"67,000.00"
2019-05-19,2019051901009078,NBL,34,19,"2,000",335.00,"670,000.00"
2019-05-19,2019051901009077,NBL,34,42,200,335.00,"67,000.00"
2019-05-19,2019051901009076,NBL,34,25,500,335.00,"167,500.00"
2019-05-19,2019051901009075,NBL,34,25,"1,000",335.00,"335,000.00"
2019-05-19,2019051901009074,NBL,34,45,450,335.00,"150,750.00"
2019-05-19,2019051901009073,NBL,34,40,200,335.00,"67,000.00"
2019-05-19,2019051901009084,NBL,34,57,"1,000",335.00,"335,000.00"
2019-05-19,2019051901009083,NBL,34,32,900,335.00,"301,500.00"
2019-05-19,2019051901009082,NBL,34,57,500,335.00,"167,500.00"
2019-05-19,2019051901009081,NBL,34,19,500,335.00,"167,500.00"
2019-05-19,2019051901009080,NBL,34,41,500,335.00,"167,500.00"
2019-05-19,2019051901009079,NBL,34,16,350,335.00,"117,250.00"
2019-05-19,2019051901009090,NBL,34,42,"3,000",335.00,"1,005,000.00"
2019-05-19,2019051901009089,NBL,34,35,"1,000",335.00,"335,000.00"
2019-05-19,2019051901009088,NBL,34,25,200,335.00,"67,000.00"
2019-05-19,2019051901009087,NBL,34,28,"1,000",335.00,"335,000.00"
2019-05-19,2019051901009086,NBL,34,4,"10,000",335.00,"3,350,000.00"
2019-05-19,2019051901009085,NBL,34,7,900,335.00,"301,500.00"
2019-05-19,2019051901009123,NBL,6,6,"3,000",336.00,"1,008,000.00"
2019-05-19,2019051901009115,NBL,50,6,"1,200",336.00,"403,200.00"
2019-05-19,2019051901009114,NBL,50,19,400,336.00,"134,400.00"
2019-05-19,2019051901009113,NBL,50,48,200,336.00,"67,200.00"
2019-05-19,2019051901009112,NBL,50,45,700,336.00,"235,200.00"
2019-05-19,2019051901009111,NBL,50,17,500,336.00,"168,000.00"
2019-05-19,2019051901009142,NBL,45,37,"1,000",336.00,"336,000.00"
2019-05-19,2019051901009141,NBL,16,37,784,336.00,"263,424.00"
2019-05-19,2019051901009140,NBL,16,6,216,336.00,"72,576.00"
2019-05-19,2019051901009138,NBL,6,6,"3,000",336.00,"1,008,000.00"
2019-05-19,2019051901009137,NBL,7,28,200,335.00,"67,000.00"
2019-05-19,2019051901009130,NBL,50,6,"2,584",336.00,"868,224.00"
2019-05-19,2019051901009162,NBL,7,22,50,335.00,"16,750.00"
2019-05-19,2019051901009158,NBL,33,4,"5,000",336.00,"1,680,000.00"
2019-05-19,2019051901009155,NBL,36,4,"2,000",336.00,"672,000.00"
2019-05-19,2019051901009151,NBL,59,4,"1,000",336.00,"336,000.00"
2019-05-19,2019051901009144,NBL,38,4,284,336.00,"95,424.00"
2019-05-19,2019051901009143,NBL,38,37,216,336.00,"72,576.00"
2019-05-19,2019051901009172,NBL,8,49,"3,000",337.00,"1,011,000.00"
2019-05-19,2019051901009171,NBL,8,54,100,337.00,"33,700.00"
2019-05-19,2019051901009170,NBL,34,4,916,336.00,"307,776.00"
2019-05-19,2019051901009168,NBL,44,4,500,336.00,"168,000.00"
2019-05-19,2019051901009164,NBL,49,4,300,336.00,"100,800.00"
2019-05-19,2019051901009163,NBL,36,22,80,335.00,"26,800.00"
2019-05-19,2019051901009187,NBL,25,48,"1,000",337.00,"337,000.00"
2019-05-19,2019051901009186,NBL,25,45,500,337.00,"168,500.00"
2019-05-19,2019051901009185,NBL,25,28,200,337.00,"67,400.00"
2019-05-19,2019051901009184,NBL,25,47,90,337.00,"30,330.00"
2019-05-19,2019051901009183,NBL,34,47,10,337.00,"3,370.00"
2019-05-19,2019051901009173,NBL,8,47,900,337.00,"303,300.00"
2019-05-19,2019051901009219,NBL,19,6,300,338.00,"101,400.00"
2019-05-19,2019051901009211,NBL,25,53,100,337.00,"33,700.00"
2019-05-19,2019051901009206,NBL,36,6,"2,000",338.00,"676,000.00"
2019-05-19,2019051901009205,NBL,34,6,10,338.00,"3,380.00"
2019-05-19,2019051901009194,NBL,7,6,"1,200",338.00,"405,600.00"
2019-05-19,2019051901009193,NBL,32,6,200,338.00,"67,600.00"
2019-05-19,2019051901009239,NBL,49,49,264,337.00,"88,968.00"
2019-05-19,2019051901009238,NBL,44,49,736,337.00,"248,032.00"
2019-05-19,2019051901009227,NBL,44,48,264,337.00,"88,968.00"
2019-05-19,2019051901009226,NBL,25,48,610,337.00,"205,570.00"
2019-05-19,2019051901009224,NBL,25,48,300,337.00,"101,100.00"
2019-05-19,2019051901009222,NBL,54,6,"1,000",338.00,"338,000.00"
2019-05-19,2019051901009257,NBL,48,6,"2,000",338.00,"676,000.00"
2019-05-19,2019051901009255,NBL,25,42,"1,364",337.00,"459,668.00"
2019-05-19,2019051901009254,NBL,55,42,300,337.00,"101,100.00"
2019-05-19,2019051901009253,NBL,49,42,336,337.00,"113,232.00"
2019-05-19,2019051901009249,NBL,49,47,300,337.00,"101,100.00"
2019-05-19,2019051901009245,NBL,49,53,100,337.00,"33,700.00"
2019-05-19,2019051901009318,NBL,39,6,500,338.00,"169,000.00"
2019-05-19,2019051901009314,NBL,25,39,200,337.00,"67,400.00"
2019-05-19,2019051901009313,NBL,8,6,300,338.00,"101,400.00"
2019-05-19,2019051901009300,NBL,25,6,200,337.00,"67,400.00"
2019-05-19,2019051901009279,NBL,54,6,"1,000",338.00,"338,000.00"
2019-05-19,2019051901009276,NBL,49,6,"1,000",338.00,"338,000.00"
2019-05-19,2019051901009349,NBL,39,44,"1,236",337.00,"416,532.00"
2019-05-19,2019051901009348,NBL,39,44,264,337.00,"88,968.00"
2019-05-19,2019051901009332,NBL,36,44,736,337.00,"248,032.00"
2019-05-19,2019051901009327,NBL,36,48,264,337.00,"88,968.00"
2019-05-19,2019051901009326,NBL,22,48,500,337.00,"168,500.00"
2019-05-19,2019051901009325,NBL,25,48,236,337.00,"79,532.00"
2019-05-19,2019051901009392,NBL,54,6,490,338.00,"165,620.00"
2019-05-19,2019051901009365,NBL,57,44,464,337.00,"156,368.00"
2019-05-19,2019051901009364,NBL,52,44,300,337.00,"101,100.00"
2019-05-19,2019051901009360,NBL,7,38,116,336.00,"38,976.00"
2019-05-19,2019051901009359,NBL,1,38,300,336.00,"100,800.00"
2019-05-19,2019051901009358,NBL,34,38,84,336.00,"28,224.00"
2019-05-19,2019051901009450,NBL,44,16,240,338.00,"81,120.00"
2019-05-19,2019051901009438,NBL,57,28,100,337.00,"33,700.00"
2019-05-19,2019051901009409,NBL,39,16,50,338.00,"16,900.00"
2019-05-19,2019051901009408,NBL,54,16,"1,000",338.00,"338,000.00"
2019-05-19,2019051901009394,NBL,54,16,210,338.00,"70,980.00"
2019-05-19,2019051901009393,NBL,54,8,300,338.00,"101,400.00"
2019-05-19,2019051901009456,NBL,44,49,560,338.00,"189,280.00"
2019-05-19,2019051901009455,NBL,44,19,"1,000",338.00,"338,000.00"
2019-05-19,2019051901009454,NBL,44,25,200,338.00,"67,600.00"
2019-05-19,2019051901009453,NBL,44,22,500,338.00,"169,000.00"
2019-05-19,2019051901009452,NBL,44,49,"1,000",338.00,"338,000.00"
2019-05-19,2019051901009451,NBL,44,16,"1,500",338.00,"507,000.00"
2019-05-19,2019051901009494,NCCB,36,5,"1,000",257.00,"257,000.00"
2019-05-19,2019051901009476,NCCB,36,5,969,257.00,"249,033.00"
2019-05-19,2019051901009475,NCCB,58,5,531,257.00,"136,467.00"
2019-05-19,2019051901009447,NCCB,50,5,19,258.00,"4,902.00"
2019-05-19,2019051901009446,NCCB,50,58,481,258.00,"124,098.00"
2019-05-19,2019051901009419,NCCB,1,58,100,258.00,"25,800.00"
2019-05-19,2019051901009297,NCCB,37,58,419,258.00,"108,102.00"
2019-05-19,2019051901009296,NCCB,37,33,81,258.00,"20,898.00"
2019-05-19,2019051901009258,NCCB,34,33,20,258.00,"5,160.00"
2019-05-19,2019051901009213,NCCB,40,33,100,258.00,"25,800.00"
2019-05-19,2019051901009337,NHPC,35,37,200,68.00,"13,600.00"
2019-05-19,2019051901009341,NIB,59,32,50,543.00,"27,150.00"
2019-05-19,2019051901009340,NIB,59,42,250,543.00,"135,750.00"
2019-05-19,2019051901009339,NIB,59,45,518,543.00,"281,274.00"
2019-05-19,2019051901009295,NIB,45,45,3,542.00,"1,626.00"
2019-05-19,2019051901009208,NIB,6,48,24,542.00,"13,008.00"
2019-05-19,2019051901009150,NIB,6,29,60,542.00,"32,520.00"
2019-05-19,2019051901009131,NIBPO,28,29,100,515.00,"51,500.00"
2019-05-19,2019051901009439,NICA,51,17,22,486.00,"10,692.00"
2019-05-19,2019051901009259,NICA,51,13,20,486.00,"9,720.00"
2019-05-19,2019051901009179,NICA,51,29,35,486.00,"17,010.00"
2019-05-19,2019051901009308,NICL,42,10,113,398.00,"44,974.00"
2019-05-19,2019051901009235,NICL,5,10,"1,000",397.00,"397,000.00"
2019-05-19,2019051901009234,NICL,47,10,50,397.00,"19,850.00"
2019-05-19,2019051901009233,NICL,42,10,40,398.00,"15,920.00"
2019-05-19,2019051901009232,NICL,5,10,77,398.00,"30,646.00"
2019-05-19,2019051901009165,NICL,5,10,400,398.00,"159,200.00"
2019-05-19,2019051901009462,NIL,42,38,100,525.00,"52,500.00"
2019-05-19,2019051901009292,NIL,34,7,500,524.00,"262,000.00"
2019-05-19,2019051901009291,NIL,34,38,300,524.00,"157,200.00"
2019-05-19,2019051901009290,NIL,34,38,500,524.00,"262,000.00"
2019-05-19,2019051901009033,NIL,5,7,200,521.00,"104,200.00"
2019-05-19,2019051901009289,NIL,34,38,100,524.00,"52,400.00"
2019-05-19,2019051901009288,NIL,34,33,400,523.00,"209,200.00"
2019-05-19,2019051901009287,NIL,34,35,100,523.00,"52,300.00"
2019-05-19,2019051901009286,NIL,34,45,80,522.00,"41,760.00"
2019-05-19,2019051901009510,NLBBL,6,43,500,532.00,"266,000.00"
2019-05-19,2019051901009495,NLG,51,34,10,828.00,"8,280.00"
2019-05-19,2019051901009427,NLG,11,14,265,815.00,"215,975.00"
2019-05-19,2019051901009336,NLG,11,37,100,815.00,"81,500.00"
2019-05-19,2019051901009307,NLG,42,7,90,811.00,"72,990.00"
2019-05-19,2019051901009306,NLG,44,7,50,811.00,"40,550.00"
2019-05-19,2019051901009305,NLG,6,7,60,811.00,"48,660.00"
2019-05-19,2019051901009425,NLIC,16,45,138,953.00,"131,514.00"
2019-05-19,2019051901009237,NLIC,55,55,3,935.00,"2,805.00"
2019-05-19,2019051901009229,NLIC,16,57,24,953.00,"22,872.00"
2019-05-19,2019051901009228,NLIC,33,57,21,954.00,"20,034.00"
2019-05-19,2019051901009145,NLIC,33,48,17,954.00,"16,218.00"
2019-05-19,2019051901009284,NLICL,44,55,57,666.00,"37,962.00"
2019-05-19,2019051901009283,NLICL,32,55,50,666.00,"33,300.00"
2019-05-19,2019051901009489,NMBMF,35,57,35,"1,010.00","35,350.00"
2019-05-19,2019051901009429,NMBMF,4,26,200,"1,012.00","202,400.00"
2019-05-19,2019051901009398,NMBMF,17,26,300,"1,013.00","303,900.00"
2019-05-19,2019051901009397,NMBMF,38,26,15,"1,015.00","15,225.00"
2019-05-19,2019051901009424,NSEWA,11,7,10,456.00,"4,560.00"
2019-05-19,2019051901009443,NTC,34,43,100,730.00,"73,000.00"
2019-05-19,2019051901009442,NTC,34,5,50,730.00,"36,500.00"
2019-05-19,2019051901009441,NTC,34,49,430,730.00,"313,900.00"
2019-05-19,2019051901009418,NTC,44,44,"1,000",729.00,"729,000.00"
2019-05-19,2019051901009416,NTC,34,49,100,730.00,"73,000.00"
2019-05-19,2019051901009413,NTC,38,49,500,730.00,"365,000.00"
2019-05-19,2019051901009176,NTC,58,45,500,728.00,"364,000.00"
2019-05-19,2019051901009159,NTC,38,55,100,727.00,"72,700.00"
2019-05-19,2019051901009323,NTC,26,49,970,730.00,"708,100.00"
2019-05-19,2019051901009322,NTC,26,42,50,730.00,"36,500.00"
2019-05-19,2019051901009321,NTC,26,55,480,730.00,"350,400.00"
2019-05-19,2019051901009256,NTC,34,21,10,728.00,"7,280.00"
2019-05-19,2019051901009192,NTC,34,45,825,728.00,"600,600.00"
2019-05-19,2019051901009449,NUBL,33,16,90,870.00,"78,300.00"
2019-05-19,2019051901009448,NUBL,56,16,10,870.00,"8,700.00"
2019-05-19,2019051901009216,NUBL,42,47,300,873.00,"261,900.00"
2019-05-19,2019051901009166,OHL,32,45,50,643.00,"32,150.00"
2019-05-19,2019051901009423,OHL,50,42,50,638.00,"31,900.00"
2019-05-19,2019051901009488,PCBL,35,33,200,367.00,"73,400.00"
2019-05-19,2019051901009324,PCBL,47,33,"1,000",367.00,"367,000.00"
2019-05-19,2019051901009215,PFL,34,38,241,138.00,"33,258.00"
2019-05-19,2019051901009214,PFL,59,38,100,138.00,"13,800.00"
2019-05-19,2019051901009459,PIC,58,22,170,"1,216.00","206,720.00"
2019-05-19,2019051901009231,PIC,33,5,300,"1,217.00","365,100.00"
2019-05-19,2019051901009230,PIC,59,5,50,"1,217.00","60,850.00"
2019-05-19,2019051901009182,PICL,45,49,200,720.00,"144,000.00"
2019-05-19,2019051901009444,PMHPL,8,49,10,109.00,"1,090.00"
2019-05-19,2019051901009275,PMHPL,8,49,10,109.00,"1,090.00"
2019-05-19,2019051901009399,PROFL,26,16,10,108.00,"1,080.00"
2019-05-19,2019051901009110,PROFL,55,6,100,106.00,"10,600.00"
2019-05-19,2019051901009094,PROFL,55,38,210,106.00,"22,260.00"
2019-05-19,2019051901009030,PROFL,55,21,100,105.00,"10,500.00"
2019-05-19,2019051901009436,PRVU,17,39,15,278.00,"4,170.00"
2019-05-19,2019051901009268,PRVU,17,57,200,278.00,"55,600.00"
2019-05-19,2019051901009127,PRVU,17,45,20,278.00,"5,560.00"
2019-05-19,2019051901009309,PRVU,52,1,181,279.00,"50,499.00"
2019-05-19,2019051901009395,PRVU,17,28,67,278.00,"18,626.00"
2019-05-19,2019051901009317,PRVU,48,5,919,279.00,"256,401.00"
2019-05-19,2019051901009316,PRVU,48,25,200,279.00,"55,800.00"
2019-05-19,2019051901009315,PRVU,48,55,"1,881",279.00,"524,799.00"
2019-05-19,2019051901009310,PRVU,52,55,119,279.00,"33,201.00"
2019-05-19,2019051901009217,RADHI,42,49,11,161.00,"1,771.00"
2019-05-19,2019051901009039,RADHI,42,28,11,161.00,"1,771.00"
2019-05-19,2019051901009437,RBCLPO,42,14,10,"10,298.00","102,980.00"
2019-05-19,2019051901009382,RLFL,46,39,"1,000",138.00,"138,000.00"
2019-05-19,2019051901009381,RLFL,46,53,85,138.00,"11,730.00"
2019-05-19,2019051901009380,RLFL,46,57,500,138.00,"69,000.00"
2019-05-19,2019051901009379,RLFL,46,1,300,138.00,"41,400.00"
2019-05-19,2019051901009169,RLFL,44,39,550,136.00,"74,800.00"
2019-05-19,2019051901009405,RMDC,6,19,100,674.00,"67,400.00"
2019-05-19,2019051901009428,RRHP,59,49,10,94.00,940.00
2019-05-19,2019051901009241,RRHP,59,49,10,94.00,940.00
2019-05-19,2019051901009480,RSDC,17,7,26,388.00,"10,088.00"
2019-05-19,2019051901009479,RSDC,13,7,37,388.00,"14,356.00"
2019-05-19,2019051901009347,RSDC,51,19,137,389.00,"53,293.00"
2019-05-19,2019051901009190,RSDC,38,19,50,390.00,"19,500.00"
2019-05-19,2019051901009189,RSDC,58,19,50,391.00,"19,550.00"
2019-05-19,2019051901009148,SADBL,44,14,100,157.00,"15,700.00"
2019-05-19,2019051901009147,SADBL,44,6,10,157.00,"1,570.00"
2019-05-19,2019051901009139,SADBL,59,13,150,156.00,"23,400.00"
2019-05-19,2019051901009346,SANIMA,19,19,200,362.00,"72,400.00"
2019-05-19,2019051901009345,SANIMA,19,44,250,362.00,"90,500.00"
2019-05-19,2019051901009344,SANIMA,19,47,200,362.00,"72,400.00"
2019-05-19,2019051901009343,SANIMA,19,29,100,362.00,"36,200.00"
2019-05-19,2019051901009285,SANIMA,19,49,900,361.00,"324,900.00"
2019-05-19,2019051901009236,SANIMA,19,6,66,360.00,"23,760.00"
2019-05-19,2019051901009212,SANIMA,57,49,100,361.00,"36,100.00"
2019-05-19,2019051901009031,SANIMA,32,14,527,361.00,"190,247.00"
2019-05-19,2019051901009294,SBI,19,8,155,485.00,"75,175.00"
2019-05-19,2019051901009278,SBI,48,8,170,485.00,"82,450.00"
2019-05-19,2019051901009248,SBI,48,8,300,485.00,"145,500.00"
2019-05-19,2019051901009196,SBI,28,8,150,485.00,"72,750.00"
2019-05-19,2019051901009195,SBI,46,8,25,485.00,"12,125.00"
2019-05-19,2019051901009403,SBL,42,44,"1,944",342.00,"664,848.00"
2019-05-19,2019051901009402,SBL,42,34,379,342.00,"129,618.00"
2019-05-19,2019051901009263,SBL,52,28,121,341.00,"41,261.00"
2019-05-19,2019051901009095,SHIVM,56,39,50,629.00,"31,450.00"
2019-05-19,2019051901009482,SHL,43,43,100,239.00,"23,900.00"
2019-05-19,2019051901009461,SHL,43,43,100,239.00,"23,900.00"
2019-05-19,2019051901009421,SHPC,45,49,10,269.00,"2,690.00"
2019-05-19,2019051901009122,SHPC,6,45,141,266.00,"37,506.00"
2019-05-19,2019051901009121,SHPC,43,45,761,266.00,"202,426.00"
2019-05-19,2019051901009120,SHPC,29,45,20,267.00,"5,340.00"
2019-05-19,2019051901009119,SHPC,51,45,78,267.00,"20,826.00"
2019-05-19,2019051901009218,SIC,45,22,18,"1,440.00","25,920.00"
2019-05-19,2019051901009500,SIL,59,40,117,593.00,"69,381.00"
2019-05-19,2019051901009499,SIL,14,40,100,593.00,"59,300.00"
2019-05-19,2019051901009498,SIL,41,40,20,593.00,"11,860.00"
2019-05-19,2019051901009497,SIL,19,40,163,593.00,"96,659.00"
2019-05-19,2019051901009175,SIL,19,52,79,593.00,"46,847.00"
2019-05-19,2019051901009174,SIL,22,52,371,594.00,"220,374.00"
2019-05-19,2019051901009373,SINDU,55,1,21,135.00,"2,835.00"
2019-05-19,2019051901009188,SKBBL,5,37,15,997.00,"14,955.00"
2019-05-19,2019051901009041,SKBBL,47,55,20,993.00,"19,860.00"
2019-05-19,2019051901009338,SLBSL,45,18,50,576.00,"28,800.00"
2019-05-19,2019051901009333,SLBSL,45,18,10,578.00,"5,780.00"
2019-05-19,2019051901009334,SLICL,42,57,57,603.00,"34,371.00"
2019-05-19,2019051901009128,SLICL,42,48,10,603.00,"6,030.00"
2019-05-19,2019051901009035,SLICL,42,45,50,603.00,"30,150.00"
2019-05-19,2019051901009445,SMATA,17,7,19,"1,310.00","24,890.00"
2019-05-19,2019051901009032,SRBL,14,6,84,257.00,"21,588.00"
2019-05-19,2019051901009335,SWBBL,45,45,31,919.00,"28,489.00"
2019-05-19,2019051901009012,UMHL,37,39,105,116.00,"12,180.00"
2019-05-19,2019051901009209,UPCL,46,6,50,93.00,"4,650.00"
2019-05-19,2019051901009483,UPPER,58,48,12,246.00,"2,952.00"
2019-05-19,2019051901009180,UPPER,21,21,6,246.00,"1,476.00"
2019-05-19,2019051901009157,UPPER,45,21,6,245.00,"1,470.00"
2019-05-19,2019051901009098,UPPER,6,48,38,246.00,"9,348.00"
2019-05-19,2019051901009091,UPPER,6,45,30,246.00,"7,380.00"
2019-05-19,2019051901008758,ADBL,42,51,200,425.00,"85,000.00"
2019-05-19,2019051901008757,ADBL,42,29,300,425.00,"127,500.00"
2019-05-19,2019051901008756,ADBL,42,14,"2,000",425.00,"850,000.00"
2019-05-19,2019051901008755,ADBL,42,6,101,425.00,"42,925.00"
2019-05-19,2019051901008754,ADBL,42,59,449,425.00,"190,825.00"
2019-05-19,2019051901008753,ADBL,42,49,439,424.00,"186,136.00"
2019-05-19,2019051901008535,ADBL,42,59,151,425.00,"64,175.00"
2019-05-19,2019051901008517,ADBL,42,13,30,425.00,"12,750.00"
2019-05-19,2019051901008737,ADBL,39,49,50,424.00,"21,200.00"
2019-05-19,2019051901008735,ADBL,6,49,11,424.00,"4,664.00"
2019-05-19,2019051901008631,ADBL,6,43,170,424.00,"72,080.00"
2019-05-19,2019051901008615,ADBL,6,43,220,424.00,"93,280.00"
2019-05-19,2019051901008606,ADBL,6,44,99,424.00,"41,976.00"
2019-05-19,2019051901008605,ADBL,6,44,328,424.00,"139,072.00"
2019-05-19,2019051901008894,AKJCL,56,25,"1,000",76.00,"76,000.00"
2019-05-19,2019051901008893,AKJCL,49,25,60,76.00,"4,560.00"
2019-05-19,2019051901008666,AKJCL,32,6,20,77.00,"1,540.00"
2019-05-19,2019051901008580,AKJCL,32,25,20,77.00,"1,540.00"
2019-05-19,2019051901008896,ALICL,57,47,20,431.00,"8,620.00"
2019-05-19,2019051901008640,ALICL,54,57,500,430.00,"215,000.00"
2019-05-19,2019051901008656,API,1,45,89,148.00,"13,172.00"
2019-05-19,2019051901008810,BOKL,19,49,138,281.00,"38,778.00"
2019-05-19,2019051901008809,BOKL,19,45,29,280.00,"8,120.00"
2019-05-19,2019051901008653,BOKL,43,49,85,281.00,"23,885.00"
2019-05-19,2019051901008652,BOKL,43,49,77,283.00,"21,791.00"
2019-05-19,2019051901008651,BOKL,43,43,"7,000",283.00,"1,981,000.00"
2019-05-19,2019051901008650,BOKL,43,13,100,283.00,"28,300.00"
2019-05-19,2019051901008597,BOKL,43,49,"1,245",281.00,"349,845.00"
2019-05-19,2019051901008596,BOKL,43,14,500,280.00,"140,000.00"
2019-05-19,2019051901008595,BOKL,43,25,"1,560",280.00,"436,800.00"
2019-05-19,2019051901008594,BOKL,43,34,178,280.00,"49,840.00"
2019-05-19,2019051901008593,BOKL,43,25,158,280.00,"44,240.00"
2019-05-19,2019051901008649,BOKL,43,8,100,283.00,"28,300.00"
2019-05-19,2019051901008648,BOKL,43,37,10,282.00,"2,820.00"
2019-05-19,2019051901008647,BOKL,43,6,878,282.00,"247,596.00"
2019-05-19,2019051901008646,BOKL,43,29,100,282.00,"28,200.00"
2019-05-19,2019051901008645,BOKL,43,17,235,282.00,"66,270.00"
2019-05-19,2019051901008638,BOKL,43,17,774,281.00,"217,494.00"
2019-05-19,2019051901008976,BPCL,21,21,16,410.00,"6,560.00"
2019-05-19,2019051901008975,BPCL,21,50,220,410.00,"90,200.00"
2019-05-19,2019051901008974,BPCL,21,50,220,410.00,"90,200.00"
2019-05-19,2019051901008973,BPCL,21,28,33,410.00,"13,530.00"
2019-05-19,2019051901008972,BPCL,21,38,300,409.00,"122,700.00"
2019-05-19,2019051901008971,BPCL,21,38,100,409.00,"40,900.00"
2019-05-19,2019051901008560,BPCL,6,7,500,405.00,"202,500.00"
2019-05-19,2019051901008559,BPCL,6,44,22,405.00,"8,910.00"
2019-05-19,2019051901008558,BPCL,6,44,22,405.00,"8,910.00"
2019-05-19,2019051901008557,BPCL,6,37,489,405.00,"198,045.00"
2019-05-19,2019051901008751,BPCL,22,44,517,407.00,"210,419.00"
2019-05-19,2019051901008750,BPCL,22,50,483,406.00,"196,098.00"
2019-05-19,2019051901008745,BPCL,41,50,25,406.00,"10,150.00"
2019-05-19,2019051901008744,BPCL,36,50,100,406.00,"40,600.00"
2019-05-19,2019051901008565,BPCL,21,33,500,406.00,"203,000.00"
2019-05-19,2019051901008561,BPCL,6,21,50,405.00,"20,250.00"
2019-05-19,2019051901008970,BPCL,21,1,50,409.00,"20,450.00"
2019-05-19,2019051901008969,BPCL,21,1,100,408.00,"40,800.00"
2019-05-19,2019051901008968,BPCL,21,50,"1,000",407.00,"407,000.00"
2019-05-19,2019051901008967,BPCL,21,44,483,407.00,"196,581.00"
2019-05-19,2019051901008931,BPCL,46,36,400,404.00,"161,600.00"
2019-05-19,2019051901008781,BPCL,21,36,500,405.00,"202,500.00"
2019-05-19,2019051901008874,CBBL,42,35,500,958.00,"479,000.00"
2019-05-19,2019051901008873,CBBL,42,10,100,958.00,"95,800.00"
2019-05-19,2019051901008872,CBBL,42,17,100,957.00,"95,700.00"
2019-05-19,2019051901008871,CBBL,42,57,100,956.00,"95,600.00"
2019-05-19,2019051901008870,CBBL,42,37,40,954.00,"38,160.00"
2019-05-19,2019051901008732,CBBL,54,57,188,951.00,"178,788.00"
2019-05-19,2019051901008731,CBBL,45,57,21,952.00,"19,992.00"
2019-05-19,2019051901008639,CBBL,20,4,140,953.00,"133,420.00"
2019-05-19,2019051901008869,CBBL,42,29,12,954.00,"11,448.00"
2019-05-19,2019051901008824,CBBL,4,4,38,950.00,"36,100.00"
2019-05-19,2019051901008823,CBBL,4,4,50,950.00,"47,500.00"
2019-05-19,2019051901008822,CBBL,4,4,50,950.00,"47,500.00"
2019-05-19,2019051901008821,CBBL,4,4,50,950.00,"47,500.00"
2019-05-19,2019051901008820,CBBL,54,4,312,951.00,"296,712.00"
2019-05-19,2019051901008994,CBL,41,22,20,148.00,"2,960.00"
2019-05-19,2019051901008993,CBL,35,22,500,148.00,"74,000.00"
2019-05-19,2019051901008992,CBL,51,22,100,148.00,"14,800.00"
2019-05-19,2019051901008991,CBL,49,22,"2,809",148.00,"415,732.00"
2019-05-19,2019051901008664,CBL,46,1,538,149.00,"80,162.00"
2019-05-19,2019051901008663,CBL,46,55,300,149.00,"44,700.00"
2019-05-19,2019051901008662,CBL,46,33,"1,000",149.00,"149,000.00"
2019-05-19,2019051901008661,CBL,46,16,92,149.00,"13,708.00"
2019-05-19,2019051901008660,CBL,46,43,70,149.00,"10,430.00"
2019-05-19,2019051901008581,CBL,49,36,191,148.00,"28,268.00"
2019-05-19,2019051901008955,CCBL,34,52,966,169.00,"163,254.00"
2019-05-19,2019051901008954,CCBL,34,53,534,169.00,"90,246.00"
2019-05-19,2019051901008813,CCBL,42,53,10,169.00,"1,690.00"
2019-05-19,2019051901008792,CCBL,32,45,20,168.00,"3,360.00"
2019-05-19,2019051901008788,CCBL,42,53,10,169.00,"1,690.00"
2019-05-19,2019051901008759,CCBL,42,53,10,169.00,"1,690.00"
2019-05-19,2019051901008739,CCBL,42,53,10,169.00,"1,690.00"
2019-05-19,2019051901008729,CCBL,42,53,10,169.00,"1,690.00"
2019-05-19,2019051901008579,CCBL,39,53,416,169.00,"70,304.00"
2019-05-19,2019051901008566,CCBL,39,36,434,169.00,"73,346.00"
2019-05-19,2019051901008521,CCBL,39,36,150,169.00,"25,350.00"
2019-05-19,2019051901008520,CCBL,5,36,450,169.00,"76,050.00"
2019-05-19,2019051901008612,CFCL,58,42,"1,000",112.00,"112,000.00"
2019-05-19,2019051901008611,CFCL,26,42,100,112.00,"11,200.00"
2019-05-19,2019051901008610,CFCL,14,42,500,112.00,"56,000.00"
2019-05-19,2019051901008609,CFCL,1,42,693,113.00,"78,309.00"
2019-05-19,2019051901008541,CFCL,1,39,200,113.00,"22,600.00"
2019-05-19,2019051901008626,CHCL,28,29,43,528.00,"22,704.00"
2019-05-19,2019051901008625,CHCL,38,29,100,530.00,"53,000.00"
2019-05-19,2019051901008552,CHCL,17,45,10,532.00,"5,320.00"
2019-05-19,2019051901008797,CORBL,52,52,30,111.00,"3,330.00"
2019-05-19,2019051901008806,DBBL,28,49,450,149.00,"67,050.00"
2019-05-19,2019051901008621,DBBL,29,49,50,149.00,"7,450.00"
2019-05-19,2019051901008979,DDBL,44,39,15,741.00,"11,115.00"
2019-05-19,2019051901008591,DDBL,44,32,50,749.00,"37,450.00"
2019-05-19,2019051901008590,DDBL,44,45,105,746.00,"78,330.00"
2019-05-19,2019051901008589,DDBL,44,35,100,745.00,"74,500.00"
