Date,Transact. No.,Symbol,Buyer,Seller,Quantity,Rate,Amount
2020-07-30,2020073001021473,ADBL,46,57,100,427.00,"42,700.00"
2020-07-30,2020073001021417,ADBL,46,14,100,427.00,"42,700.00"
2020-07-30,2020073001021699,AHPC,1,6,500,97.00,"48,500.00"
2020-07-30,2020073001021496,ALBSL,25,49,11,716.00,"7,876.00"
2020-07-30,2020073001021495,ALBSL,25,50,11,715.00,"7,865.00"
2020-07-30,2020073001021478,ALBSL,25,6,22,713.00,"15,686.00"
2020-07-30,2020073001021459,ALICL,6,40,300,646.00,"193,800.00"
2020-07-30,2020073001021816,API,56,51,50,110.00,"5,500.00"
2020-07-30,2020073001021554,API,25,51,10,110.00,"1,100.00"
2020-07-30,2020073001021553,API,25,46,11,109.00,"1,199.00"
2020-07-30,2020073001021702,BOKL,32,36,200,236.00,"47,200.00"
2020-07-30,2020073001021701,BOKL,32,47,"1,000",235.00,"235,000.00"
2020-07-30,2020073001021410,BOKL,7,34,"1,000",234.00,"234,000.00"
2020-07-30,2020073001021333,BOKL,7,44,150,234.00,"35,100.00"
2020-07-30,2020073001021700,BPCL,29,41,11,358.00,"3,938.00"
2020-07-30,2020073001021577,BPCL,41,7,850,358.00,"304,300.00"
2020-07-30,2020073001021750,CBBL,6,52,200,"1,100.00","220,000.00"
2020-07-30,2020073001021749,CBBL,6,21,127,"1,100.00","139,700.00"
2020-07-30,2020073001021748,CBBL,6,37,20,"1,100.00","22,000.00"
2020-07-30,2020073001021747,CBBL,6,44,100,"1,099.00","109,900.00"
2020-07-30,2020073001021746,CBBL,6,38,179,"1,098.00","196,542.00"
2020-07-30,2020073001021514,CBBL,6,43,75,"1,084.00","81,300.00"
2020-07-30,2020073001021513,CBBL,6,22,21,"1,083.00","22,743.00"
2020-07-30,2020073001021512,CBBL,6,46,10,"1,082.00","10,820.00"
2020-07-30,2020073001021511,CBBL,6,32,18,"1,080.00","19,440.00"
2020-07-30,2020073001021510,CBBL,6,25,315,"1,078.00","339,570.00"
2020-07-30,2020073001021745,CBBL,6,37,200,"1,090.00","218,000.00"
2020-07-30,2020073001021744,CBBL,6,25,50,"1,090.00","54,500.00"
2020-07-30,2020073001021743,CBBL,6,11,89,"1,085.00","96,565.00"
2020-07-30,2020073001021517,CBBL,6,11,111,"1,085.00","120,435.00"
2020-07-30,2020073001021516,CBBL,6,32,400,"1,085.00","434,000.00"
2020-07-30,2020073001021515,CBBL,6,11,50,"1,084.00","54,200.00"
2020-07-30,2020073001021698,CBL,49,59,69,147.00,"10,143.00"
2020-07-30,2020073001021697,CBL,49,38,900,147.00,"132,300.00"
2020-07-30,2020073001021696,CBL,49,57,100,147.00,"14,700.00"
2020-07-30,2020073001021695,CBL,49,1,157,147.00,"23,079.00"
2020-07-30,2020073001021694,CBL,49,48,"2,119",147.00,"311,493.00"
2020-07-30,2020073001021342,CBL,43,48,10,147.00,"1,470.00"
2020-07-30,2020073001021397,CCBL,4,34,10,178.00,"1,780.00"
2020-07-30,2020073001021704,CHCL,13,6,200,395.00,"79,000.00"
2020-07-30,2020073001021528,CHCL,44,6,150,395.00,"59,250.00"
2020-07-30,2020073001021527,CHCL,1,6,100,395.00,"39,500.00"
2020-07-30,2020073001021526,CHCL,50,6,200,395.00,"79,000.00"
2020-07-30,2020073001021525,CHCL,16,6,263,395.00,"103,885.00"
2020-07-30,2020073001021524,CHCL,45,6,100,396.00,"39,600.00"
2020-07-30,2020073001021518,CHCL,53,6,460,399.00,"183,540.00"
2020-07-30,2020073001021778,CIT,58,41,50,"2,555.00","127,750.00"
2020-07-30,2020073001021777,CIT,58,25,40,"2,555.00","102,200.00"
2020-07-30,2020073001021703,CIT,35,25,10,"2,555.00","25,550.00"
2020-07-30,2020073001021400,CLBSL,6,29,42,700.00,"29,400.00"
2020-07-30,2020073001021399,CLBSL,6,11,11,700.00,"7,700.00"
2020-07-30,2020073001021398,CLBSL,6,34,17,700.00,"11,900.00"
2020-07-30,2020073001021693,CZBIL,58,57,150,196.00,"29,400.00"
2020-07-30,2020073001021667,CZBIL,58,45,80,196.00,"15,680.00"
2020-07-30,2020073001021666,CZBIL,25,45,50,196.00,"9,800.00"
2020-07-30,2020073001021665,CZBIL,6,45,70,196.00,"13,720.00"
2020-07-30,2020073001021664,CZBIL,45,45,200,196.00,"39,200.00"
2020-07-30,2020073001021683,DDBL,14,38,29,860.00,"24,940.00"
2020-07-30,2020073001021634,DDBL,14,35,100,860.00,"86,000.00"
2020-07-30,2020073001021476,DHPL,41,42,10,57.00,570.00
2020-07-30,2020073001021475,DHPL,41,52,260,56.00,"14,560.00"
2020-07-30,2020073001021597,EBL,34,53,50,754.00,"37,700.00"
2020-07-30,2020073001021483,EBL,45,45,82,753.00,"61,746.00"
2020-07-30,2020073001021482,EBL,14,45,48,753.00,"36,144.00"
2020-07-30,2020073001021481,EBL,56,45,70,754.00,"52,780.00"
2020-07-30,2020073001021409,EBL,56,35,10,754.00,"7,540.00"
2020-07-30,2020073001021408,EBL,56,49,20,754.00,"15,080.00"
2020-07-30,2020073001021659,EDBL,14,34,90,331.00,"29,790.00"
2020-07-30,2020073001021658,EDBL,49,34,300,332.00,"99,600.00"
2020-07-30,2020073001021740,EIC,33,59,10,405.00,"4,050.00"
2020-07-30,2020073001021784,FMDBL,17,32,50,542.00,"27,100.00"
2020-07-30,2020073001021650,FMDBL,58,36,22,536.00,"11,792.00"
2020-07-30,2020073001021545,FMDBL,35,36,13,538.00,"6,994.00"
2020-07-30,2020073001021347,FMDBL,35,35,87,538.00,"46,806.00"
2020-07-30,2020073001021468,FOWAD,6,32,100,"1,560.00","156,000.00"
2020-07-30,2020073001021467,FOWAD,6,44,100,"1,559.00","155,900.00"
2020-07-30,2020073001021466,FOWAD,6,32,100,"1,558.00","155,800.00"
2020-07-30,2020073001021465,FOWAD,6,51,30,"1,555.00","46,650.00"
2020-07-30,2020073001021503,GBLBS,10,52,30,503.00,"15,090.00"
2020-07-30,2020073001021502,GBLBS,10,57,100,503.00,"50,300.00"
2020-07-30,2020073001021501,GBLBS,10,53,10,500.00,"5,000.00"
2020-07-30,2020073001021500,GBLBS,10,19,10,500.00,"5,000.00"
2020-07-30,2020073001021374,GBLBS,45,19,145,500.00,"72,500.00"
2020-07-30,2020073001021350,GBLBS,45,53,10,500.00,"5,000.00"
2020-07-30,2020073001021669,GFCL,49,44,50,151.00,"7,550.00"
2020-07-30,2020073001021668,GFCL,38,44,150,151.00,"22,650.00"
2020-07-30,2020073001021647,GGBSL,52,38,60,824.00,"49,440.00"
2020-07-30,2020073001021507,GGBSL,52,47,40,824.00,"32,960.00"
2020-07-30,2020073001021506,GGBSL,55,47,40,825.00,"33,000.00"
2020-07-30,2020073001021505,GGBSL,45,47,10,825.00,"8,250.00"
2020-07-30,2020073001021537,GILB,51,47,10,"1,250.00","12,500.00"
2020-07-30,2020073001021487,GLBSL,32,26,50,886.00,"44,300.00"
2020-07-30,2020073001021531,GLICL,48,29,15,473.00,"7,095.00"
2020-07-30,2020073001021509,GLICL,45,21,100,471.00,"47,100.00"
2020-07-30,2020073001021708,GMFBS,32,55,10,815.00,"8,150.00"
2020-07-30,2020073001021591,GMFBS,32,37,10,810.00,"8,100.00"
2020-07-30,2020073001021590,GMFBS,32,37,10,810.00,"8,100.00"
2020-07-30,2020073001021622,GMFIL,26,34,10,125.00,"1,250.00"
2020-07-30,2020073001021494,HBL,50,49,105,565.00,"59,325.00"
2020-07-30,2020073001021440,HBL,3,49,50,565.00,"28,250.00"
2020-07-30,2020073001021721,HDL,58,29,260,"1,700.00","442,000.00"
2020-07-30,2020073001021717,HDL,57,29,100,"1,700.00","170,000.00"
2020-07-30,2020073001021663,HDL,16,29,50,"1,700.00","85,000.00"
2020-07-30,2020073001021626,HDL,57,29,10,"1,700.00","17,000.00"
2020-07-30,2020073001021578,HDL,50,29,30,"1,700.00","51,000.00"
2020-07-30,2020073001021573,HDL,57,29,50,"1,700.00","85,000.00"
2020-07-30,2020073001021572,HDL,57,6,10,"1,700.00","17,000.00"
2020-07-30,2020073001021571,HDL,57,41,40,"1,700.00","68,000.00"
2020-07-30,2020073001021458,HDL,57,41,10,"1,700.00","17,000.00"
2020-07-30,2020073001021457,HDL,57,55,30,"1,700.00","51,000.00"
2020-07-30,2020073001021605,HGI,29,55,50,416.00,"20,800.00"
2020-07-30,2020073001021604,HGI,29,49,50,416.00,"20,800.00"
2020-07-30,2020073001021603,HGI,29,7,68,416.00,"28,288.00"
2020-07-30,2020073001021602,HGI,29,38,375,416.00,"156,000.00"
2020-07-30,2020073001021601,HGI,29,14,200,415.00,"83,000.00"
2020-07-30,2020073001021600,HGI,29,57,300,415.00,"124,500.00"
2020-07-30,2020073001021599,HGI,29,52,50,414.00,"20,700.00"
2020-07-30,2020073001021598,HGI,29,38,89,414.00,"36,846.00"
2020-07-30,2020073001021555,HGI,56,38,50,414.00,"20,700.00"
2020-07-30,2020073001021504,HIDCL,41,42,32,130.00,"4,160.00"
2020-07-30,2020073001021329,HIDCL,41,45,55,130.00,"7,150.00"
2020-07-30,2020073001021692,HPPL,45,38,10,147.00,"1,470.00"
2020-07-30,2020073001021691,HPPL,45,55,20,146.00,"2,920.00"
2020-07-30,2020073001021576,HPPL,20,19,10,145.00,"1,450.00"
2020-07-30,2020073001021575,HPPL,20,19,10,145.00,"1,450.00"
2020-07-30,2020073001021370,HPPL,45,38,10,147.00,"1,470.00"
2020-07-30,2020073001021369,HPPL,45,19,10,145.00,"1,450.00"
2020-07-30,2020073001021356,HPPL,45,21,10,143.00,"1,430.00"
2020-07-30,2020073001021355,HPPL,45,21,10,143.00,"1,430.00"
2020-07-30,2020073001021354,HPPL,45,38,20,143.00,"2,860.00"
2020-07-30,2020073001021353,HPPL,45,20,10,143.00,"1,430.00"
2020-07-30,2020073001021352,HPPL,45,38,20,142.00,"2,840.00"
2020-07-30,2020073001021362,HPPL,45,21,20,143.00,"2,860.00"
2020-07-30,2020073001021361,HPPL,45,28,20,143.00,"2,860.00"
2020-07-30,2020073001021360,HPPL,45,26,10,143.00,"1,430.00"
2020-07-30,2020073001021359,HPPL,45,21,10,143.00,"1,430.00"
2020-07-30,2020073001021358,HPPL,45,21,10,143.00,"1,430.00"
2020-07-30,2020073001021357,HPPL,45,21,10,143.00,"1,430.00"
2020-07-30,2020073001021368,HPPL,45,38,10,145.00,"1,450.00"
2020-07-30,2020073001021367,HPPL,45,59,10,145.00,"1,450.00"
2020-07-30,2020073001021366,HPPL,45,14,30,145.00,"4,350.00"
2020-07-30,2020073001021365,HPPL,45,35,50,144.00,"7,200.00"
2020-07-30,2020073001021364,HPPL,45,21,20,144.00,"2,880.00"
2020-07-30,2020073001021363,HPPL,45,17,10,143.00,"1,430.00"
2020-07-30,2020073001021568,HURJA,32,36,10,102.00,"1,020.00"
2020-07-30,2020073001021567,HURJA,32,21,20,101.00,"2,020.00"
2020-07-30,2020073001021817,ILBS,34,57,11,750.00,"8,250.00"
2020-07-30,2020073001021407,JBBL,46,57,20,179.00,"3,580.00"
2020-07-30,2020073001021785,JSLBB,58,7,10,"1,470.00","14,700.00"
2020-07-30,2020073001021754,JSLBB,6,7,100,"1,470.00","147,000.00"
2020-07-30,2020073001021618,KBL,4,57,633,199.00,"125,967.00"
2020-07-30,2020073001021617,KBL,4,58,200,199.00,"39,800.00"
2020-07-30,2020073001021616,KBL,4,25,200,199.00,"39,800.00"
2020-07-30,2020073001021615,KBL,4,43,274,199.00,"54,526.00"
2020-07-30,2020073001021614,KBL,4,38,500,199.00,"99,500.00"
2020-07-30,2020073001021542,KBL,42,5,90,198.00,"17,820.00"
2020-07-30,2020073001021613,KBL,4,50,"2,000",199.00,"398,000.00"
2020-07-30,2020073001021612,KBL,4,37,384,199.00,"76,416.00"
2020-07-30,2020073001021611,KBL,4,33,110,199.00,"21,890.00"
2020-07-30,2020073001021610,KBL,4,39,431,199.00,"85,769.00"
2020-07-30,2020073001021609,KBL,4,41,173,198.00,"34,254.00"
2020-07-30,2020073001021608,KBL,4,5,360,198.00,"71,280.00"
2020-07-30,2020073001021674,KMCDB,48,34,10,817.00,"8,170.00"
2020-07-30,2020073001021642,KMCDB,48,41,10,805.00,"8,050.00"
2020-07-30,2020073001021406,KMCDB,48,45,10,805.00,"8,050.00"
2020-07-30,2020073001021764,KPCL,59,51,10,108.00,"1,080.00"
2020-07-30,2020073001021763,KPCL,59,57,10,108.00,"1,080.00"
2020-07-30,2020073001021762,KPCL,59,45,10,108.00,"1,080.00"
2020-07-30,2020073001021761,KPCL,59,35,10,108.00,"1,080.00"
2020-07-30,2020073001021760,KPCL,59,34,10,108.00,"1,080.00"
2020-07-30,2020073001021448,KPCL,59,45,10,107.00,"1,070.00"
2020-07-30,2020073001021759,KPCL,59,41,10,108.00,"1,080.00"
2020-07-30,2020073001021758,KPCL,59,57,60,108.00,"6,480.00"
2020-07-30,2020073001021757,KPCL,59,5,10,108.00,"1,080.00"
2020-07-30,2020073001021756,KPCL,59,58,20,108.00,"2,160.00"
2020-07-30,2020073001021755,KPCL,59,43,330,108.00,"35,640.00"
2020-07-30,2020073001021627,KSBBL,38,5,500,155.00,"77,500.00"
2020-07-30,2020073001021474,LBBL,58,57,87,194.00,"16,878.00"
2020-07-30,2020073001021328,LBBL,58,50,100,195.00,"19,500.00"
2020-07-30,2020073001021327,LBBL,58,25,200,195.00,"39,000.00"
2020-07-30,2020073001021753,LBL,34,49,30,236.00,"7,080.00"
2020-07-30,2020073001021660,LBL,45,42,258,235.00,"60,630.00"
2020-07-30,2020073001021649,LBL,10,49,70,236.00,"16,520.00"
2020-07-30,2020073001021776,LICN,38,45,10,"1,455.00","14,550.00"
2020-07-30,2020073001021775,LICN,38,57,32,"1,454.00","46,528.00"
2020-07-30,2020073001021706,MBL,6,46,540,234.00,"126,360.00"
2020-07-30,2020073001021705,MBL,43,46,460,234.00,"107,640.00"
2020-07-30,2020073001021657,MBL,43,32,255,234.00,"59,670.00"
2020-07-30,2020073001021643,MBL,43,42,100,234.00,"23,400.00"
2020-07-30,2020073001021449,MBL,33,32,10,235.00,"2,350.00"
2020-07-30,2020073001021735,MEGA,48,1,39,230.00,"8,970.00"
2020-07-30,2020073001021734,MEGA,48,39,11,230.00,"2,530.00"
2020-07-30,2020073001021607,MEGA,21,39,489,230.00,"112,470.00"
2020-07-30,2020073001021606,MEGA,21,59,11,230.00,"2,530.00"
2020-07-30,2020073001021538,MERO,56,38,270,651.00,"175,770.00"
2020-07-30,2020073001021687,MFIL,55,35,27,285.00,"7,695.00"
2020-07-30,2020073001021686,MFIL,55,57,78,282.00,"21,996.00"
2020-07-30,2020073001021561,MFIL,52,6,10,281.00,"2,810.00"
2020-07-30,2020073001021520,MFIL,7,57,422,282.00,"119,004.00"
2020-07-30,2020073001021405,MFIL,7,57,78,282.00,"21,996.00"
2020-07-30,2020073001021404,MFIL,7,57,500,282.00,"141,000.00"
2020-07-30,2020073001021403,MFIL,33,57,90,282.00,"25,380.00"
2020-07-30,2020073001021402,MFIL,1,57,152,283.00,"43,016.00"
2020-07-30,2020073001021648,MMFDB,32,37,156,986.00,"153,816.00"
2020-07-30,2020073001021707,MSMBS,46,45,20,718.00,"14,360.00"
2020-07-30,2020073001021489,MSMBS,49,32,30,710.00,"21,300.00"
2020-07-30,2020073001021488,MSMBS,33,32,20,710.00,"14,200.00"
2020-07-30,2020073001021672,NABIL,18,4,50,851.00,"42,550.00"
2020-07-30,2020073001021671,NABIL,18,51,50,845.00,"42,250.00"
2020-07-30,2020073001021670,NABIL,18,55,900,845.00,"760,500.00"
2020-07-30,2020073001021497,NABIL,36,55,100,845.00,"84,500.00"
2020-07-30,2020073001021472,NABIL,18,25,100,850.00,"85,000.00"
2020-07-30,2020073001021471,NABIL,18,51,50,850.00,"42,500.00"
2020-07-30,2020073001021470,NABIL,18,19,50,848.00,"42,400.00"
2020-07-30,2020073001021596,NADEP,19,17,23,648.00,"14,904.00"
2020-07-30,2020073001021566,NADEP,19,14,23,644.00,"14,812.00"
2020-07-30,2020073001021682,NBB,26,39,200,208.00,"41,600.00"
2020-07-30,2020073001021551,NBB,26,59,27,208.00,"5,616.00"
2020-07-30,2020073001021550,NBB,19,59,200,208.00,"41,600.00"
2020-07-30,2020073001021549,NBB,6,59,100,208.00,"20,800.00"
2020-07-30,2020073001021548,NBB,54,59,173,208.00,"35,984.00"
2020-07-30,2020073001021490,NBB,1,47,100,209.00,"20,900.00"
2020-07-30,2020073001021710,NBF2,22,54,"1,400",9.50,"13,300.00"
2020-07-30,2020073001021709,NBF2,22,25,600,9.50,"5,700.00"
2020-07-30,2020073001021794,NBL,33,29,10,261.00,"2,610.00"
2020-07-30,2020073001021793,NBL,33,19,200,260.00,"52,000.00"
2020-07-30,2020073001021414,NBL,49,47,176,259.00,"45,584.00"
2020-07-30,2020073001021388,NBL,6,47,"1,990",258.00,"513,420.00"
2020-07-30,2020073001021387,NBL,33,47,500,258.00,"129,000.00"
2020-07-30,2020073001021386,NBL,38,47,400,258.00,"103,200.00"
2020-07-30,2020073001021379,NBL,6,47,100,258.00,"25,800.00"
2020-07-30,2020073001021378,NBL,58,47,10,258.00,"2,580.00"
2020-07-30,2020073001021377,NBL,22,47,200,258.00,"51,600.00"
2020-07-30,2020073001021372,NBL,56,47,100,259.00,"25,900.00"
2020-07-30,2020073001021371,NBL,43,47,10,259.00,"2,590.00"
2020-07-30,2020073001021385,NBL,10,47,200,258.00,"51,600.00"
2020-07-30,2020073001021384,NBL,48,47,100,258.00,"25,800.00"
2020-07-30,2020073001021383,NBL,33,47,200,258.00,"51,600.00"
2020-07-30,2020073001021382,NBL,42,47,100,258.00,"25,800.00"
2020-07-30,2020073001021381,NBL,22,47,200,258.00,"51,600.00"
2020-07-30,2020073001021380,NBL,49,47,"1,000",258.00,"258,000.00"
2020-07-30,2020073001021739,NCCB,44,59,10,198.00,"1,980.00"
2020-07-30,2020073001021738,NCCB,44,52,750,197.00,"147,750.00"
2020-07-30,2020073001021662,NCCB,44,59,20,198.00,"3,960.00"
2020-07-30,2020073001021661,NCCB,44,33,980,197.00,"193,060.00"
2020-07-30,2020073001021587,NCCB,45,33,20,197.00,"3,940.00"
2020-07-30,2020073001021492,NCCB,33,59,10,198.00,"1,980.00"
2020-07-30,2020073001021413,NCCB,44,52,266,197.00,"52,402.00"
2020-07-30,2020073001021412,NCCB,44,11,101,197.00,"19,897.00"
2020-07-30,2020073001021411,NCCB,44,34,200,197.00,"39,400.00"
2020-07-30,2020073001021391,NCCB,38,36,53,196.00,"10,388.00"
2020-07-30,2020073001021655,NGPL,10,43,10,121.00,"1,210.00"
2020-07-30,2020073001021792,NIB,51,17,250,465.00,"116,250.00"
2020-07-30,2020073001021624,NIB,32,25,200,467.00,"93,400.00"
2020-07-30,2020073001021486,NIB,51,5,618,465.00,"287,370.00"
2020-07-30,2020073001021485,NIB,3,5,50,466.00,"23,300.00"
2020-07-30,2020073001021484,NIB,55,5,40,466.00,"18,640.00"
2020-07-30,2020073001021808,NICA,42,28,448,570.00,"255,360.00"
2020-07-30,2020073001021807,NICA,45,28,500,570.00,"285,000.00"
2020-07-30,2020073001021806,NICA,48,28,100,570.00,"57,000.00"
2020-07-30,2020073001021805,NICA,39,28,300,570.00,"171,000.00"
2020-07-30,2020073001021804,NICA,41,28,100,570.00,"57,000.00"
2020-07-30,2020073001021803,NICA,6,28,50,570.00,"28,500.00"
2020-07-30,2020073001021796,NICA,45,28,852,571.00,"486,492.00"
2020-07-30,2020073001021795,NICA,55,28,200,572.00,"114,400.00"
2020-07-30,2020073001021341,NICA,25,14,500,573.00,"286,500.00"
2020-07-30,2020073001021340,NICA,25,41,50,573.00,"28,650.00"
2020-07-30,2020073001021320,NICA,55,25,300,572.00,"171,600.00"
2020-07-30,2020073001021319,NICA,44,25,400,572.00,"228,800.00"
2020-07-30,2020073001021802,NICA,17,28,100,570.00,"57,000.00"
2020-07-30,2020073001021801,NICA,59,28,500,570.00,"285,000.00"
2020-07-30,2020073001021800,NICA,17,28,"1,000",570.00,"570,000.00"
2020-07-30,2020073001021799,NICA,38,28,300,570.00,"171,000.00"
2020-07-30,2020073001021798,NICA,58,28,500,571.00,"285,500.00"
2020-07-30,2020073001021797,NICA,37,28,50,571.00,"28,550.00"
2020-07-30,2020073001021809,NICL,43,49,10,462.00,"4,620.00"
2020-07-30,2020073001021389,NICL,57,5,301,460.00,"138,460.00"
2020-07-30,2020073001021446,NICL,49,5,80,454.00,"36,320.00"
2020-07-30,2020073001021445,NICL,58,5,32,455.00,"14,560.00"
2020-07-30,2020073001021444,NICL,8,5,200,455.00,"91,000.00"
2020-07-30,2020073001021443,NICL,7,5,50,455.00,"22,750.00"
2020-07-30,2020073001021442,NICL,17,5,16,455.00,"7,280.00"
2020-07-30,2020073001021390,NICL,34,5,100,460.00,"46,000.00"
2020-07-30,2020073001021447,NICL,34,5,75,453.00,"33,975.00"
2020-07-30,2020073001021818,NICLBSL,21,45,10,806.00,"8,060.00"
2020-07-30,2020073001021814,NICLBSL,21,44,10,806.00,"8,060.00"
2020-07-30,2020073001021783,NICLBSL,21,45,10,806.00,"8,060.00"
2020-07-30,2020073001021774,NICLBSL,21,47,10,806.00,"8,060.00"
2020-07-30,2020073001021770,NICLBSL,4,8,10,805.00,"8,050.00"
2020-07-30,2020073001021730,NICLBSL,5,19,120,804.00,"96,480.00"
2020-07-30,2020073001021450,NICLBSL,19,10,10,805.00,"8,050.00"
2020-07-30,2020073001021419,NICLBSL,41,10,10,806.00,"8,060.00"
2020-07-30,2020073001021338,NICLBSL,19,45,10,805.00,"8,050.00"
2020-07-30,2020073001021621,NICLBSL,44,40,40,805.00,"32,200.00"
2020-07-30,2020073001021620,NICLBSL,38,40,50,805.00,"40,250.00"
2020-07-30,2020073001021619,NICLBSL,59,40,200,805.00,"161,000.00"
2020-07-30,2020073001021588,NICLBSL,19,44,10,805.00,"8,050.00"
2020-07-30,2020073001021557,NICLBSL,19,45,10,805.00,"8,050.00"
2020-07-30,2020073001021456,NICLBSL,19,21,10,805.00,"8,050.00"
2020-07-30,2020073001021729,NICLBSL,35,19,80,805.00,"64,400.00"
2020-07-30,2020073001021719,NICLBSL,35,40,10,805.00,"8,050.00"
2020-07-30,2020073001021718,NICLBSL,35,40,10,805.00,"8,050.00"
2020-07-30,2020073001021711,NICLBSL,5,41,10,804.00,"8,040.00"
2020-07-30,2020073001021675,NICLBSL,5,50,10,804.00,"8,040.00"
2020-07-30,2020073001021653,NICLBSL,5,59,10,804.00,"8,040.00"
2020-07-30,2020073001021813,NIL,42,58,10,642.00,"6,420.00"
2020-07-30,2020073001021791,NIL,59,58,10,642.00,"6,420.00"
2020-07-30,2020073001021339,NIL,38,11,10,640.00,"6,400.00"
2020-07-30,2020073001021544,NLBBL,38,45,10,716.00,"7,160.00"
2020-07-30,2020073001021737,NLG,25,13,10,658.00,"6,580.00"
2020-07-30,2020073001021781,NLIC,50,50,50,"1,350.00","67,500.00"
2020-07-30,2020073001021769,NLIC,50,57,50,"1,350.00","67,500.00"
2020-07-30,2020073001021768,NLIC,25,57,50,"1,350.00","67,500.00"
2020-07-30,2020073001021586,NLIC,21,37,150,"1,355.00","203,250.00"
2020-07-30,2020073001021435,NLIC,6,37,125,"1,355.00","169,375.00"
2020-07-30,2020073001021434,NLIC,6,57,50,"1,354.00","67,700.00"
2020-07-30,2020073001021421,NLIC,6,35,420,"1,349.00","566,580.00"
2020-07-30,2020073001021420,NLIC,6,4,175,"1,348.00","235,900.00"
2020-07-30,2020073001021376,NLIC,57,4,25,"1,348.00","33,700.00"
2020-07-30,2020073001021375,NLIC,57,34,275,"1,348.00","370,700.00"
2020-07-30,2020073001021427,NLIC,6,52,100,"1,350.00","135,000.00"
2020-07-30,2020073001021426,NLIC,6,22,32,"1,350.00","43,200.00"
2020-07-30,2020073001021425,NLIC,6,56,100,"1,350.00","135,000.00"
2020-07-30,2020073001021424,NLIC,6,52,49,"1,350.00","66,150.00"
2020-07-30,2020073001021423,NLIC,6,34,86,"1,350.00","116,100.00"
2020-07-30,2020073001021422,NLIC,6,57,74,"1,350.00","99,900.00"
2020-07-30,2020073001021433,NLIC,6,28,124,"1,353.00","167,772.00"
2020-07-30,2020073001021432,NLIC,6,41,50,"1,352.00","67,600.00"
2020-07-30,2020073001021431,NLIC,6,28,200,"1,352.00","270,400.00"
2020-07-30,2020073001021430,NLIC,6,14,100,"1,351.00","135,100.00"
2020-07-30,2020073001021429,NLIC,6,50,200,"1,350.00","270,000.00"
2020-07-30,2020073001021428,NLIC,6,33,115,"1,350.00","155,250.00"
2020-07-30,2020073001021752,NMB,52,55,50,430.00,"21,500.00"
2020-07-30,2020073001021685,NMB,47,55,200,430.00,"86,000.00"
2020-07-30,2020073001021684,NMB,41,55,349,430.00,"150,070.00"
2020-07-30,2020073001021625,NMB,41,41,91,430.00,"39,130.00"
2020-07-30,2020073001021491,NMB,41,47,200,430.00,"86,000.00"
2020-07-30,2020073001021416,NMB,41,48,360,430.00,"154,800.00"
2020-07-30,2020073001021782,NRIC,58,34,50,599.00,"29,950.00"
2020-07-30,2020073001021771,NRIC,37,55,100,600.00,"60,000.00"
2020-07-30,2020073001021742,NRIC,58,20,500,599.00,"299,500.00"
2020-07-30,2020073001021741,NRIC,58,5,40,599.00,"23,960.00"
2020-07-30,2020073001021736,NRIC,58,44,40,599.00,"23,960.00"
2020-07-30,2020073001021728,NRIC,58,49,100,599.00,"59,900.00"
2020-07-30,2020073001021394,NRIC,29,56,150,599.00,"89,850.00"
2020-07-30,2020073001021393,NRIC,29,45,400,599.00,"239,600.00"
2020-07-30,2020073001021392,NRIC,29,38,230,599.00,"137,770.00"
2020-07-30,2020073001021479,NRIC,16,57,10,599.00,"5,990.00"
2020-07-30,2020073001021464,NRIC,51,45,20,600.00,"12,000.00"
2020-07-30,2020073001021460,NRIC,35,45,200,600.00,"120,000.00"
2020-07-30,2020073001021401,NRIC,5,49,400,598.00,"239,200.00"
2020-07-30,2020073001021396,NRIC,29,45,200,600.00,"120,000.00"
2020-07-30,2020073001021395,NRIC,29,25,20,599.00,"11,980.00"
2020-07-30,2020073001021536,NRIC,35,59,40,599.00,"23,960.00"
2020-07-30,2020073001021535,NRIC,35,8,40,599.00,"23,960.00"
2020-07-30,2020073001021499,NRIC,55,45,80,600.00,"48,000.00"
2020-07-30,2020073001021498,NRIC,55,21,20,599.00,"11,980.00"
2020-07-30,2020073001021493,NRIC,25,21,20,599.00,"11,980.00"
2020-07-30,2020073001021480,NRIC,25,57,30,599.00,"17,970.00"
2020-07-30,2020073001021580,NRIC,7,19,40,600.00,"24,000.00"
2020-07-30,2020073001021579,NRIC,7,45,185,600.00,"111,000.00"
2020-07-30,2020073001021563,NRIC,46,6,60,599.00,"35,940.00"
2020-07-30,2020073001021562,NRIC,40,22,40,599.00,"23,960.00"
2020-07-30,2020073001021560,NRIC,40,41,40,599.00,"23,960.00"
2020-07-30,2020073001021546,NRIC,25,20,80,599.00,"47,920.00"
2020-07-30,2020073001021630,NRIC,5,57,50,598.00,"29,900.00"
2020-07-30,2020073001021629,NRIC,6,57,50,599.00,"29,950.00"
2020-07-30,2020073001021628,NRIC,46,57,290,599.00,"173,710.00"
2020-07-30,2020073001021589,NRIC,46,50,50,599.00,"29,950.00"
2020-07-30,2020073001021582,NRIC,7,54,25,600.00,"15,000.00"
2020-07-30,2020073001021581,NRIC,7,56,50,600.00,"30,000.00"
2020-07-30,2020073001021678,NRIC,32,34,40,599.00,"23,960.00"
2020-07-30,2020073001021677,NRIC,32,14,40,599.00,"23,960.00"
2020-07-30,2020073001021673,NRIC,25,44,40,598.00,"23,920.00"
2020-07-30,2020073001021633,NRIC,25,57,300,598.00,"179,400.00"
2020-07-30,2020073001021632,NRIC,29,57,300,598.00,"179,400.00"
2020-07-30,2020073001021631,NRIC,17,57,10,598.00,"5,980.00"
2020-07-30,2020073001021715,NRIC,25,57,20,598.00,"11,960.00"
2020-07-30,2020073001021714,NRIC,32,57,20,599.00,"11,980.00"
2020-07-30,2020073001021712,NRIC,49,55,500,600.00,"300,000.00"
2020-07-30,2020073001021690,NRIC,35,55,945,600.00,"567,000.00"
2020-07-30,2020073001021689,NRIC,35,41,40,600.00,"24,000.00"
2020-07-30,2020073001021688,NRIC,35,54,15,600.00,"9,000.00"
2020-07-30,2020073001021780,NTC,6,56,90,654.00,"58,860.00"
2020-07-30,2020073001021779,NTC,34,56,10,659.00,"6,590.00"
2020-07-30,2020073001021720,NTC,6,14,"1,210",659.00,"797,390.00"
2020-07-30,2020073001021652,PCBL,45,6,20,280.00,"5,600.00"
2020-07-30,2020073001021651,PCBL,45,57,100,280.00,"28,000.00"
2020-07-30,2020073001021346,PCBL,39,11,"1,234",281.00,"346,754.00"
2020-07-30,2020073001021345,PCBL,39,49,100,281.00,"28,100.00"
2020-07-30,2020073001021344,PCBL,39,32,56,281.00,"15,736.00"
2020-07-30,2020073001021343,PCBL,39,4,110,280.00,"30,800.00"
2020-07-30,2020073001021565,PFL,42,13,15,150.00,"2,250.00"
2020-07-30,2020073001021564,PFL,49,13,200,150.00,"30,000.00"
2020-07-30,2020073001021570,PIC,28,44,100,645.00,"64,500.00"
2020-07-30,2020073001021815,PICL,38,38,9,461.00,"4,149.00"
2020-07-30,2020073001021811,PLIC,35,52,25,569.00,"14,225.00"
2020-07-30,2020073001021810,PLIC,35,19,62,569.00,"35,278.00"
2020-07-30,2020073001021645,PLIC,59,19,38,569.00,"21,622.00"
2020-07-30,2020073001021477,PMHPL,22,45,10,78.00,780.00
2020-07-30,2020073001021716,PRIN,4,50,10,496.00,"4,960.00"
2020-07-30,2020073001021455,PRIN,44,48,553,491.00,"271,523.00"
2020-07-30,2020073001021454,PRIN,44,48,50,492.00,"24,600.00"
2020-07-30,2020073001021453,PRIN,22,48,50,492.00,"24,600.00"
2020-07-30,2020073001021452,PRIN,1,48,100,492.00,"49,200.00"
2020-07-30,2020073001021451,PRIN,16,48,120,493.00,"59,160.00"
2020-07-30,2020073001021654,PRVU,34,51,10,243.00,"2,430.00"
2020-07-30,2020073001021569,PRVU,10,41,51,243.00,"12,393.00"
2020-07-30,2020073001021592,RADHI,38,47,11,172.00,"1,892.00"
2020-07-30,2020073001021334,RADHI,38,44,11,169.00,"1,859.00"
2020-07-30,2020073001021335,RHPC,32,57,14,85.00,"1,190.00"
2020-07-30,2020073001021733,RHPL,19,50,10,146.00,"1,460.00"
2020-07-30,2020073001021732,RHPL,42,50,10,147.00,"1,470.00"
2020-07-30,2020073001021640,RHPL,34,42,30,148.00,"4,440.00"
2020-07-30,2020073001021639,RHPL,34,42,40,148.00,"5,920.00"
2020-07-30,2020073001021638,RHPL,34,45,30,148.00,"4,440.00"
2020-07-30,2020073001021637,RHPL,34,58,10,147.00,"1,470.00"
2020-07-30,2020073001021636,RHPL,34,13,10,147.00,"1,470.00"
2020-07-30,2020073001021635,RHPL,34,51,50,147.00,"7,350.00"
2020-07-30,2020073001021532,RHPL,19,21,40,146.00,"5,840.00"
2020-07-30,2020073001021469,RHPL,19,57,40,146.00,"5,840.00"
2020-07-30,2020073001021812,RMDC,46,18,13,734.00,"9,542.00"
2020-07-30,2020073001021441,RMDC,44,42,30,734.00,"22,020.00"
2020-07-30,2020073001021644,RRHP,32,57,10,102.00,"1,020.00"
2020-07-30,2020073001021508,RRHP,32,45,10,102.00,"1,020.00"
2020-07-30,2020073001021415,SABSL,59,22,11,765.00,"8,415.00"
2020-07-30,2020073001021679,SADBL,58,29,339,149.00,"50,511.00"
2020-07-30,2020073001021539,SADBL,35,57,200,150.00,"30,000.00"
2020-07-30,2020073001021552,SBI,10,5,323,450.00,"145,350.00"
2020-07-30,2020073001021534,SBI,10,33,250,449.00,"112,250.00"
2020-07-30,2020073001021646,SCB,14,35,10,682.00,"6,820.00"
2020-07-30,2020073001021326,SDESI,25,57,13,874.00,"11,362.00"
2020-07-30,2020073001021325,SDESI,25,1,12,865.00,"10,380.00"
2020-07-30,2020073001021324,SDESI,25,17,13,865.00,"11,245.00"
2020-07-30,2020073001021323,SDESI,25,13,13,865.00,"11,245.00"
2020-07-30,2020073001021623,SEF,49,37,"7,700",9.53,"73,381.00"
2020-07-30,2020073001021584,SHIVM,50,58,825,605.00,"499,125.00"
2020-07-30,2020073001021583,SHIVM,50,29,25,605.00,"15,125.00"
2020-07-30,2020073001021541,SHIVM,17,52,250,604.00,"151,000.00"
2020-07-30,2020073001021540,SHIVM,17,45,50,604.00,"30,200.00"
2020-07-30,2020073001021439,SHIVM,50,59,50,603.00,"30,150.00"
2020-07-30,2020073001021438,SHIVM,50,29,100,603.00,"60,300.00"
2020-07-30,2020073001021463,SHL,11,16,100,164.00,"16,400.00"
2020-07-30,2020073001021767,SICL,11,37,880,"1,223.00","1,076,240.00"
2020-07-30,2020073001021766,SICL,11,51,100,"1,222.00","122,200.00"
2020-07-30,2020073001021765,SICL,11,1,20,"1,221.00","24,420.00"
2020-07-30,2020073001021656,SICL,56,43,20,"1,220.00","24,400.00"
2020-07-30,2020073001021585,SICL,25,43,50,"1,220.00","61,000.00"
2020-07-30,2020073001021530,SICL,34,32,50,"1,218.00","60,900.00"
2020-07-30,2020073001021529,SICL,5,32,50,"1,218.00","60,900.00"
2020-07-30,2020073001021336,SICL,5,6,50,"1,218.00","60,900.00"
2020-07-30,2020073001021547,SINDU,42,39,244,128.00,"31,232.00"
2020-07-30,2020073001021788,SJCL,8,50,10,135.00,"1,350.00"
2020-07-30,2020073001021556,SJCL,8,21,20,135.00,"2,700.00"
2020-07-30,2020073001021348,SJCL,8,14,20,135.00,"2,700.00"
2020-07-30,2020073001021727,SKBBL,58,38,28,"1,267.00","35,476.00"
2020-07-30,2020073001021726,SKBBL,58,42,54,"1,267.00","68,418.00"
2020-07-30,2020073001021725,SKBBL,58,17,180,"1,260.00","226,800.00"
2020-07-30,2020073001021724,SKBBL,58,38,200,"1,259.00","251,800.00"
2020-07-30,2020073001021723,SKBBL,58,37,20,"1,259.00","25,180.00"
2020-07-30,2020073001021722,SKBBL,58,26,18,"1,259.00","22,662.00"
2020-07-30,2020073001021789,SLBBL,57,20,100,849.00,"84,900.00"
2020-07-30,2020073001021436,SLBBL,41,22,10,850.00,"8,500.00"
2020-07-30,2020073001021349,SLBBL,57,58,44,849.00,"37,356.00"
2020-07-30,2020073001021337,SLBBL,57,42,45,849.00,"38,205.00"
2020-07-30,2020073001021322,SLBBL,57,32,78,848.00,"66,144.00"
2020-07-30,2020073001021321,SLBBL,57,44,26,848.00,"22,048.00"
2020-07-30,2020073001021462,SLBBL,5,55,10,850.00,"8,500.00"
2020-07-30,2020073001021461,SLBBL,5,22,90,850.00,"76,500.00"
2020-07-30,2020073001021676,SLBSL,38,42,10,864.00,"8,640.00"
2020-07-30,2020073001021519,SLICL,43,34,450,450.00,"202,500.00"
2020-07-30,2020073001021332,SLICL,43,41,46,450.00,"20,700.00"
2020-07-30,2020073001021331,SLICL,47,41,100,452.00,"45,200.00"
2020-07-30,2020073001021330,SLICL,10,41,354,453.00,"160,362.00"
2020-07-30,2020073001021522,SMFBS,34,32,10,925.00,"9,250.00"
2020-07-30,2020073001021521,SMFBS,34,39,20,923.00,"18,460.00"
2020-07-30,2020073001021523,SPARS,48,21,11,850.00,"9,350.00"
2020-07-30,2020073001021373,SPDL,50,38,15,102.00,"1,530.00"
2020-07-30,2020073001021713,SRBL,39,39,11,243.00,"2,673.00"
2020-07-30,2020073001021437,SRBL,39,25,"1,000",243.00,"243,000.00"
2020-07-30,2020073001021418,SRBL,39,41,70,243.00,"17,010.00"
2020-07-30,2020073001021790,SRBLD83,42,47,12,"1,030.00","12,360.00"
2020-07-30,2020073001021574,TMDBL,22,40,100,168.00,"16,800.00"
2020-07-30,2020073001021559,TMDBL,22,25,12,168.00,"2,016.00"
2020-07-30,2020073001021558,TMDBL,22,6,150,168.00,"25,200.00"
2020-07-30,2020073001021731,TRH,35,25,10,231.00,"2,310.00"
2020-07-30,2020073001021773,UFL,56,41,23,193.00,"4,439.00"
2020-07-30,2020073001021772,UFL,56,6,77,193.00,"14,861.00"
2020-07-30,2020073001021533,UFL,53,6,10,193.00,"1,930.00"
2020-07-30,2020073001021351,UFL,56,53,10,190.00,"1,900.00"
2020-07-30,2020073001021787,UIC,51,16,60,380.00,"22,800.00"
2020-07-30,2020073001021786,UIC,51,45,40,380.00,"15,200.00"
2020-07-30,2020073001021751,UIC,38,43,34,379.00,"12,886.00"
2020-07-30,2020073001021595,UPPER,1,46,25,228.00,"5,700.00"
2020-07-30,2020073001021594,UPPER,14,46,60,228.00,"13,680.00"
2020-07-30,2020073001021593,UPPER,52,46,100,228.00,"22,800.00"
2020-07-30,2020073001021543,UPPER,52,45,50,228.00,"11,400.00"
2020-07-30,2020073001021641,UPPER,1,57,150,229.00,"34,350.00"
2020-07-30,2020073001021681,VLBS,52,44,46,931.00,"42,826.00"
2020-07-30,2020073001021680,VLBS,52,49,20,930.00,"18,600.00"
2020-07-30,2020073001021301,AKJCL,46,6,10,57.00,570.00
2020-07-30,2020073001021239,AKJCL,46,45,20,57.00,"1,140.00"
2020-07-30,2020073001020930,AKPL,45,48,201,120.00,"24,120.00"
2020-07-30,2020073001020929,AKPL,45,40,"5,000",120.00,"600,000.00"
2020-07-30,2020073001020911,AKPL,45,40,"2,000",119.00,"238,000.00"
2020-07-30,2020073001020910,AKPL,45,13,799,119.00,"95,081.00"
2020-07-30,2020073001020909,AKPL,45,40,"2,000",118.00,"236,000.00"
2020-07-30,2020073001021297,ALBSL,45,42,11,700.00,"7,700.00"
2020-07-30,2020073001020905,ALBSL,25,41,11,712.00,"7,832.00"
2020-07-30,2020073001020904,ALBSL,25,41,11,706.00,"7,766.00"
2020-07-30,2020073001020903,ALBSL,25,45,20,705.00,"14,100.00"
2020-07-30,2020073001020885,ALBSL,45,11,11,700.00,"7,700.00"
2020-07-30,2020073001020830,ALBSL,18,50,31,702.00,"21,762.00"
2020-07-30,2020073001021305,ALICL,6,50,"1,700",648.00,"1,101,600.00"
2020-07-30,2020073001021304,ALICL,6,35,20,648.00,"12,960.00"
2020-07-30,2020073001021303,ALICL,6,32,800,647.00,"517,600.00"
2020-07-30,2020073001021286,ALICL,55,25,100,645.00,"64,500.00"
2020-07-30,2020073001021274,API,6,45,11,108.00,"1,188.00"
2020-07-30,2020073001020907,API,6,50,18,108.00,"1,944.00"
2020-07-30,2020073001021129,BARUN,59,38,10,84.00,840.00
2020-07-30,2020073001020868,BARUN,59,55,20,84.00,"1,680.00"
2020-07-30,2020073001021066,CBL,49,41,425,146.00,"62,050.00"
2020-07-30,2020073001021058,CBL,43,48,10,147.00,"1,470.00"
2020-07-30,2020073001020976,CBL,49,50,59,146.00,"8,614.00"
2020-07-30,2020073001020938,CBL,43,48,10,147.00,"1,470.00"
2020-07-30,2020073001021253,CCBL,14,38,50,179.00,"8,950.00"
2020-07-30,2020073001021145,CCBL,4,22,250,178.00,"44,500.00"
2020-07-30,2020073001020841,CCBL,4,16,62,178.00,"11,036.00"
2020-07-30,2020073001021212,CIT,35,6,23,"2,550.00","58,650.00"
2020-07-30,2020073001021021,CIT,35,13,100,"2,552.00","255,200.00"
2020-07-30,2020073001021020,CIT,35,51,34,"2,552.00","86,768.00"
2020-07-30,2020073001021053,DDBL,14,25,100,860.00,"86,000.00"
2020-07-30,2020073001021038,DDBL,14,38,91,860.00,"78,260.00"
2020-07-30,2020073001021036,DDBL,14,13,400,860.00,"344,000.00"
2020-07-30,2020073001020936,DHPL,7,52,200,56.00,"11,200.00"
2020-07-30,2020073001021224,EBL,14,44,100,753.00,"75,300.00"
2020-07-30,2020073001021088,EBL,14,13,330,753.00,"248,490.00"
2020-07-30,2020073001020956,EBL,19,46,100,754.00,"75,400.00"
2020-07-30,2020073001021238,EIC,57,5,98,398.00,"39,004.00"
2020-07-30,2020073001021237,EIC,41,5,230,398.00,"91,540.00"
2020-07-30,2020073001021236,EIC,48,5,200,399.00,"79,800.00"
2020-07-30,2020073001021235,EIC,17,5,100,399.00,"39,900.00"
2020-07-30,2020073001021234,EIC,25,5,100,400.00,"40,000.00"
2020-07-30,2020073001021233,EIC,42,5,50,400.00,"20,000.00"
2020-07-30,2020073001021226,EIC,28,5,15,405.00,"6,075.00"
2020-07-30,2020073001021191,EIC,32,43,25,406.00,"10,150.00"
2020-07-30,2020073001020870,EIC,28,32,50,405.00,"20,250.00"
2020-07-30,2020073001021232,EIC,55,5,100,400.00,"40,000.00"
2020-07-30,2020073001021231,EIC,35,5,500,400.00,"200,000.00"
2020-07-30,2020073001021230,EIC,54,5,50,400.00,"20,000.00"
2020-07-30,2020073001021229,EIC,39,5,160,402.00,"64,320.00"
2020-07-30,2020073001021228,EIC,16,5,200,404.00,"80,800.00"
2020-07-30,2020073001021227,EIC,17,5,100,404.00,"40,400.00"
2020-07-30,2020073001021306,GBBL,22,14,200,241.00,"48,200.00"
2020-07-30,2020073001021115,GBBL,39,13,"1,000",241.00,"241,000.00"
2020-07-30,2020073001021114,GBBL,45,13,73,241.00,"17,593.00"
2020-07-30,2020073001021316,GBIME,41,11,950,259.00,"246,050.00"
2020-07-30,2020073001021086,GBIME,52,11,31,259.00,"8,029.00"
2020-07-30,2020073001021085,GBIME,52,46,19,258.00,"4,902.00"
2020-07-30,2020073001021019,GBIME,46,46,11,258.00,"2,838.00"
2020-07-30,2020073001020931,GBIME,29,50,73,257.00,"18,761.00"
2020-07-30,2020073001021210,GBLBS,58,22,100,501.00,"50,100.00"
2020-07-30,2020073001020977,GBLBS,34,35,15,502.00,"7,530.00"
2020-07-30,2020073001020914,GGBSL,36,38,150,840.00,"126,000.00"
2020-07-30,2020073001020888,GHL,18,41,20,63.00,"1,260.00"
2020-07-30,2020073001020939,GMFBS,46,21,10,795.00,"7,950.00"
2020-07-30,2020073001021052,GUFL,32,7,10,121.00,"1,210.00"
2020-07-30,2020073001020995,GUFL,32,45,18,120.00,"2,160.00"
2020-07-30,2020073001021200,HBL,46,49,66,565.00,"37,290.00"
2020-07-30,2020073001021199,HBL,46,42,34,565.00,"19,210.00"
2020-07-30,2020073001021198,HBL,46,26,100,564.00,"56,400.00"
2020-07-30,2020073001020899,HBL,7,39,604,564.00,"340,656.00"
2020-07-30,2020073001021315,HDL,40,55,20,"1,700.00","34,000.00"
2020-07-30,2020073001021285,HDL,40,11,50,"1,699.00","84,950.00"
2020-07-30,2020073001021284,HDL,40,14,50,"1,698.00","84,900.00"
2020-07-30,2020073001021283,HDL,40,35,50,"1,696.00","84,800.00"
2020-07-30,2020073001021282,HDL,40,55,10,"1,695.00","16,950.00"
2020-07-30,2020073001020844,HGI,1,38,290,414.00,"120,060.00"
2020-07-30,2020073001021148,HIDCL,35,14,723,131.00,"94,713.00"
2020-07-30,2020073001020884,HIDCL,41,50,37,130.00,"4,810.00"
2020-07-30,2020073001021096,HPPL,20,41,10,142.00,"1,420.00"
2020-07-30,2020073001021095,HPPL,20,57,20,142.00,"2,840.00"
2020-07-30,2020073001021067,HPPL,20,17,92,141.00,"12,972.00"
2020-07-30,2020073001020965,HPPL,45,56,10,139.00,"1,390.00"
2020-07-30,2020073001020992,HURJA,52,57,20,100.00,"2,000.00"
2020-07-30,2020073001020991,HURJA,52,38,20,100.00,"2,000.00"
2020-07-30,2020073001020990,HURJA,52,21,20,100.00,"2,000.00"
2020-07-30,2020073001020955,ILBS,58,21,11,743.00,"8,173.00"
2020-07-30,2020073001020926,ILBS,58,11,11,743.00,"8,173.00"
2020-07-30,2020073001021087,JBBL,47,57,10,179.00,"1,790.00"
2020-07-30,2020073001021033,JBBL,34,57,50,179.00,"8,950.00"
2020-07-30,2020073001021032,JBBL,56,57,100,179.00,"17,900.00"
2020-07-30,2020073001021031,JBBL,17,57,58,179.00,"10,382.00"
2020-07-30,2020073001021280,JSLBB,57,22,10,"1,460.00","14,600.00"
2020-07-30,2020073001021279,JSLBB,6,22,80,"1,460.00","116,800.00"
2020-07-30,2020073001021278,JSLBB,14,22,10,"1,461.00","14,610.00"
2020-07-30,2020073001020898,JSLBB,45,33,307,"1,470.00","451,290.00"
2020-07-30,2020073001020891,JSLBB,14,33,70,"1,485.00","103,950.00"
2020-07-30,2020073001020840,JSLBB,17,53,10,"1,490.00","14,900.00"
2020-07-30,2020073001020897,JSLBB,26,33,100,"1,470.00","147,000.00"
2020-07-30,2020073001020896,JSLBB,49,33,100,"1,471.00","147,100.00"
2020-07-30,2020073001020895,JSLBB,19,33,100,"1,479.00","147,900.00"
2020-07-30,2020073001020894,JSLBB,1,33,23,"1,480.00","34,040.00"
2020-07-30,2020073001020893,JSLBB,45,33,50,"1,485.00","74,250.00"
2020-07-30,2020073001020892,JSLBB,28,33,50,"1,485.00","74,250.00"
2020-07-30,2020073001021211,KBL,54,5,50,198.00,"9,900.00"
2020-07-30,2020073001020948,KBL,10,13,572,198.00,"113,256.00"
2020-07-30,2020073001020947,KBL,10,6,500,198.00,"99,000.00"
2020-07-30,2020073001021302,KMCDB,52,34,32,817.00,"26,144.00"
2020-07-30,2020073001021215,KMCDB,48,52,10,805.00,"8,050.00"
2020-07-30,2020073001021188,KMCDB,48,51,10,805.00,"8,050.00"
2020-07-30,2020073001021008,KMCDB,52,52,10,803.00,"8,030.00"
2020-07-30,2020073001020997,KMCDB,52,10,110,803.00,"88,330.00"
2020-07-30,2020073001020989,KMCDB,52,42,10,803.00,"8,030.00"
2020-07-30,2020073001021291,KPCL,59,38,10,107.00,"1,070.00"
2020-07-30,2020073001020861,KPCL,16,16,10,106.00,"1,060.00"
2020-07-30,2020073001021214,KSBBL,13,5,10,155.00,"1,550.00"
2020-07-30,2020073001021295,LBBL,32,39,100,194.00,"19,400.00"
2020-07-30,2020073001021294,LBBL,38,39,100,194.00,"19,400.00"
2020-07-30,2020073001021293,LBBL,44,39,47,194.00,"9,118.00"
2020-07-30,2020073001021042,LBBL,38,25,100,195.00,"19,500.00"
2020-07-30,2020073001021225,LBL,10,47,500,236.00,"118,000.00"
2020-07-30,2020073001021016,LBL,50,17,130,237.00,"30,810.00"
2020-07-30,2020073001021015,LBL,50,58,100,237.00,"23,700.00"
2020-07-30,2020073001021014,LBL,50,49,200,237.00,"47,400.00"
2020-07-30,2020073001021013,LBL,50,34,136,236.00,"32,096.00"
2020-07-30,2020073001021012,LBL,50,49,59,236.00,"13,924.00"
2020-07-30,2020073001021011,LBL,50,43,101,236.00,"23,836.00"
2020-07-30,2020073001021010,LBL,50,1,274,236.00,"64,664.00"
2020-07-30,2020073001021125,LGIL,48,5,56,462.00,"25,872.00"
2020-07-30,2020073001021124,LGIL,38,5,850,462.00,"392,700.00"
2020-07-30,2020073001021123,LGIL,52,5,94,462.00,"43,428.00"
2020-07-30,2020073001021055,LGIL,45,22,100,465.00,"46,500.00"
2020-07-30,2020073001020866,MBL,43,16,10,234.00,"2,340.00"
2020-07-30,2020073001021089,MEGA,43,59,10,230.00,"2,300.00"
2020-07-30,2020073001020998,MEGA,45,44,200,229.00,"45,800.00"
2020-07-30,2020073001020983,MFIL,43,57,10,285.00,"2,850.00"
2020-07-30,2020073001021182,MMFDB,32,16,47,986.00,"46,342.00"
2020-07-30,2020073001021001,MNBBL,16,41,200,334.00,"66,800.00"
2020-07-30,2020073001021065,NABIL,29,47,182,841.00,"153,062.00"
2020-07-30,2020073001021064,NABIL,18,47,150,841.00,"126,150.00"
2020-07-30,2020073001021063,NABIL,33,47,50,842.00,"42,100.00"
2020-07-30,2020073001021062,NABIL,22,47,18,842.00,"15,156.00"
2020-07-30,2020073001020994,NABIL,44,19,12,848.00,"10,176.00"
2020-07-30,2020073001020993,NABIL,44,58,50,847.00,"42,350.00"
2020-07-30,2020073001020883,NABIL,18,35,50,841.00,"42,050.00"
2020-07-30,2020073001020882,NABIL,33,35,50,842.00,"42,100.00"
2020-07-30,2020073001020873,NABIL,41,45,13,844.00,"10,972.00"
2020-07-30,2020073001021261,NADEP,58,22,100,636.00,"63,600.00"
2020-07-30,2020073001020838,NADEP,58,8,27,636.00,"17,172.00"
2020-07-30,2020073001020837,NADEP,14,8,10,636.00,"6,360.00"
2020-07-30,2020073001020836,NADEP,32,8,25,637.00,"15,925.00"
2020-07-30,2020073001020835,NADEP,6,8,50,640.00,"32,000.00"
2020-07-30,2020073001020834,NADEP,10,8,50,640.00,"32,000.00"
2020-07-30,2020073001020833,NADEP,45,8,17,640.00,"10,880.00"
2020-07-30,2020073001020967,NBB,54,35,327,208.00,"68,016.00"
2020-07-30,2020073001020966,NBB,7,35,173,208.00,"35,984.00"
2020-07-30,2020073001021250,NBL,51,47,500,259.00,"129,500.00"
2020-07-30,2020073001021249,NBL,48,47,50,259.00,"12,950.00"
2020-07-30,2020073001021248,NBL,8,47,50,259.00,"12,950.00"
2020-07-30,2020073001021247,NBL,44,47,100,259.00,"25,900.00"
2020-07-30,2020073001021246,NBL,1,47,"1,000",259.00,"259,000.00"
2020-07-30,2020073001021245,NBL,42,47,79,259.00,"20,461.00"
2020-07-30,2020073001021244,NBL,38,47,200,259.00,"51,800.00"
2020-07-30,2020073001021243,NBL,43,47,104,259.00,"26,936.00"
2020-07-30,2020073001021189,NBL,10,4,"5,000",260.00,"1,300,000.00"
2020-07-30,2020073001021184,NBL,43,47,770,259.00,"199,430.00"
2020-07-30,2020073001021268,NCCB,38,28,32,196.00,"6,272.00"
2020-07-30,2020073001020985,NCCB,10,25,"3,000",196.00,"588,000.00"
2020-07-30,2020073001020984,NCCB,10,21,189,196.00,"37,044.00"
2020-07-30,2020073001020819,NCCB,6,21,40,196.00,"7,840.00"
2020-07-30,2020073001021084,NEF,22,34,"2,000",9.00,"18,000.00"
2020-07-30,2020073001020937,NEF,22,34,"1,000",9.00,"9,000.00"
2020-07-30,2020073001021028,NGPL,22,42,200,120.00,"24,000.00"
2020-07-30,2020073001021027,NGPL,33,42,300,120.00,"36,000.00"
2020-07-30,2020073001020862,NHPC,42,49,585,56.00,"32,760.00"
2020-07-30,2020073001021290,NIB,55,42,19,466.00,"8,854.00"
2020-07-30,2020073001021050,NIB,10,45,441,469.00,"206,829.00"
2020-07-30,2020073001021049,NIB,10,34,19,468.00,"8,892.00"
2020-07-30,2020073001021048,NIB,10,42,300,468.00,"140,400.00"
2020-07-30,2020073001021047,NIB,10,29,41,468.00,"19,188.00"
2020-07-30,2020073001021046,NIB,10,29,150,467.00,"70,050.00"
2020-07-30,2020073001021045,NIB,10,44,100,467.00,"46,700.00"
2020-07-30,2020073001021044,NIB,10,51,100,467.00,"46,700.00"
2020-07-30,2020073001021043,NIB,10,25,849,467.00,"396,483.00"
2020-07-30,2020073001021018,NIB,55,38,100,466.00,"46,600.00"
2020-07-30,2020073001020945,NIB,55,22,42,466.00,"19,572.00"
2020-07-30,2020073001020970,NIBLPF,10,59,505,8.45,"4,267.25"
2020-07-30,2020073001021272,NICA,39,41,100,573.00,"57,300.00"
2020-07-30,2020073001021206,NICA,45,42,50,572.00,"28,600.00"
2020-07-30,2020073001021105,NICA,32,14,50,572.00,"28,600.00"
2020-07-30,2020073001021104,NICA,52,14,50,572.00,"28,600.00"
2020-07-30,2020073001021093,NICA,11,46,20,573.00,"11,460.00"
2020-07-30,2020073001021092,NICA,11,56,24,573.00,"13,752.00"
2020-07-30,2020073001020954,NICA,52,48,300,572.00,"171,600.00"
2020-07-30,2020073001020953,NICA,26,48,50,572.00,"28,600.00"
2020-07-30,2020073001020916,NICA,52,35,100,573.00,"57,300.00"
2020-07-30,2020073001020915,NICA,52,14,110,573.00,"63,030.00"
2020-07-30,2020073001021298,NICGF,51,14,"3,300",10.04,"33,132.00"
2020-07-30,2020073001021273,NICL,43,35,10,466.00,"4,660.00"
2020-07-30,2020073001021218,NICL,45,43,500,462.00,"231,000.00"
2020-07-30,2020073001021217,NICL,45,34,50,461.00,"23,050.00"
2020-07-30,2020073001021216,NICL,45,44,24,461.00,"11,064.00"
2020-07-30,2020073001021150,NICL,57,59,40,460.00,"18,400.00"
2020-07-30,2020073001021037,NICL,43,44,10,461.00,"4,610.00"
2020-07-30,2020073001020975,NICL,57,44,500,460.00,"230,000.00"
2020-07-30,2020073001020974,NICL,57,38,59,460.00,"27,140.00"
2020-07-30,2020073001020973,NICL,57,16,100,459.00,"45,900.00"
2020-07-30,2020073001021318,NICLBSL,25,10,10,806.00,"8,060.00"
2020-07-30,2020073001021292,NICLBSL,25,52,10,806.00,"8,060.00"
2020-07-30,2020073001021266,NICLBSL,5,49,10,804.00,"8,040.00"
2020-07-30,2020073001021241,NICLBSL,28,45,10,806.00,"8,060.00"
2020-07-30,2020073001021205,NICLBSL,5,59,10,804.00,"8,040.00"
2020-07-30,2020073001021204,NICLBSL,5,40,490,804.00,"393,960.00"
2020-07-30,2020073001020826,NICLBSL,11,16,10,803.00,"8,030.00"
2020-07-30,2020073001020820,NICLBSL,48,41,10,804.00,"8,040.00"
2020-07-30,2020073001020858,NICLBSL,8,41,10,803.00,"8,030.00"
2020-07-30,2020073001020847,NICLBSL,8,13,10,803.00,"8,030.00"
2020-07-30,2020073001020843,NICLBSL,8,40,10,803.00,"8,030.00"
2020-07-30,2020073001020842,NICLBSL,8,44,10,803.00,"8,030.00"
2020-07-30,2020073001020839,NICLBSL,8,21,10,803.00,"8,030.00"
2020-07-30,2020073001020831,NICLBSL,11,13,10,803.00,"8,030.00"
2020-07-30,2020073001020935,NICLBSL,45,56,10,804.00,"8,040.00"
2020-07-30,2020073001020934,NICLBSL,45,13,10,804.00,"8,040.00"
2020-07-30,2020073001020906,NICLBSL,45,52,10,804.00,"8,040.00"
2020-07-30,2020073001020890,NICLBSL,45,13,10,804.00,"8,040.00"
2020-07-30,2020073001020887,NICLBSL,45,10,20,804.00,"16,080.00"
2020-07-30,2020073001020865,NICLBSL,45,13,10,804.00,"8,040.00"
2020-07-30,2020073001020999,NICLBSL,45,40,10,804.00,"8,040.00"
2020-07-30,2020073001020972,NICLBSL,45,21,10,804.00,"8,040.00"
2020-07-30,2020073001020964,NICLBSL,45,34,10,804.00,"8,040.00"
2020-07-30,2020073001020957,NICLBSL,45,13,10,804.00,"8,040.00"
2020-07-30,2020073001020950,NICLBSL,52,40,10,805.00,"8,050.00"
2020-07-30,2020073001020946,NICLBSL,45,57,10,804.00,"8,040.00"
2020-07-30,2020073001021203,NICLBSL,34,40,20,804.00,"16,080.00"
2020-07-30,2020073001021202,NICLBSL,16,40,10,804.00,"8,040.00"
2020-07-30,2020073001021201,NICLBSL,45,40,50,804.00,"40,200.00"
2020-07-30,2020073001021126,NICLBSL,45,21,10,804.00,"8,040.00"
2020-07-30,2020073001021099,NICLBSL,45,59,10,804.00,"8,040.00"
2020-07-30,2020073001021059,NICLBSL,45,40,10,804.00,"8,040.00"
2020-07-30,2020073001021287,NIL,6,39,20,641.00,"12,820.00"
2020-07-30,2020073001021041,NIL,38,7,89,640.00,"56,960.00"
2020-07-30,2020073001021101,NLBBL,16,57,141,706.00,"99,546.00"
2020-07-30,2020073001021100,NLBBL,29,57,280,707.00,"197,960.00"
2020-07-30,2020073001021109,NLG,47,41,10,655.00,"6,550.00"
2020-07-30,2020073001021017,NLG,25,13,14,658.00,"9,212.00"
2020-07-30,2020073001021130,NLIC,47,34,10,"1,348.00","13,480.00"
2020-07-30,2020073001021118,NLIC,57,34,40,"1,348.00","53,920.00"
2020-07-30,2020073001021117,NLIC,57,34,60,"1,347.00","80,820.00"
2020-07-30,2020073001021097,NLIC,45,5,22,"1,345.00","29,590.00"
2020-07-30,2020073001021023,NLIC,45,45,50,"1,345.00","67,250.00"
2020-07-30,2020073001020963,NLIC,10,28,100,"1,346.00","134,600.00"
2020-07-30,2020073001020961,NLIC,28,34,80,"1,347.00","107,760.00"
2020-07-30,2020073001020960,NLIC,28,38,120,"1,347.00","161,640.00"
2020-07-30,2020073001020881,NLIC,28,38,100,"1,347.00","134,700.00"
2020-07-30,2020073001021289,NLICL,16,45,350,698.00,"244,300.00"
2020-07-30,2020073001021288,NLICL,16,39,50,697.00,"34,850.00"
2020-07-30,2020073001021265,NLICL,44,54,683,693.00,"473,319.00"
2020-07-30,2020073001021264,NLICL,21,54,150,693.00,"103,950.00"
2020-07-30,2020073001021263,NLICL,44,54,66,693.00,"45,738.00"
2020-07-30,2020073001021262,NLICL,8,54,100,693.00,"69,300.00"
2020-07-30,2020073001021251,NMB,33,48,40,429.00,"17,160.00"
2020-07-30,2020073001021240,NMB,25,49,348,430.00,"149,640.00"
2020-07-30,2020073001021208,NMB,33,41,60,429.00,"25,740.00"
2020-07-30,2020073001021051,NMB,54,49,500,430.00,"215,000.00"
2020-07-30,2020073001021026,NMB,33,49,152,430.00,"65,360.00"
2020-07-30,2020073001021025,NMB,33,42,23,430.00,"9,890.00"
2020-07-30,2020073001020980,NMB,22,10,100,429.00,"42,900.00"
2020-07-30,2020073001020979,NMB,33,10,11,429.00,"4,719.00"
2020-07-30,2020073001020958,NMB,58,10,35,429.00,"15,015.00"
2020-07-30,2020073001020923,NMB,59,10,50,429.00,"21,450.00"
2020-07-30,2020073001020849,NMB,33,10,100,429.00,"42,900.00"
2020-07-30,2020073001021024,NMB,33,57,25,430.00,"10,750.00"
2020-07-30,2020073001021006,NMB,10,11,137,430.00,"58,910.00"
2020-07-30,2020073001021005,NMB,10,41,500,430.00,"215,000.00"
2020-07-30,2020073001021004,NMB,10,29,200,430.00,"86,000.00"
2020-07-30,2020073001021003,NMB,10,28,"1,000",430.00,"430,000.00"
2020-07-30,2020073001021002,NMB,10,10,163,429.00,"69,927.00"
2020-07-30,2020073001021281,NMFBS,33,49,17,"1,632.00","27,744.00"
2020-07-30,2020073001021314,NRIC,40,45,115,600.00,"69,000.00"
2020-07-30,2020073001021313,NRIC,40,21,40,600.00,"24,000.00"
2020-07-30,2020073001021312,NRIC,40,46,40,600.00,"24,000.00"
2020-07-30,2020073001021311,NRIC,40,34,90,600.00,"54,000.00"
2020-07-30,2020073001021310,NRIC,40,6,10,599.00,"5,990.00"
2020-07-30,2020073001021309,NRIC,40,22,205,599.00,"122,795.00"
2020-07-30,2020073001020902,NRIC,45,20,40,597.00,"23,880.00"
2020-07-30,2020073001020864,NRIC,45,20,50,597.00,"29,850.00"
2020-07-30,2020073001020848,NRIC,45,21,50,597.00,"29,850.00"
2020-07-30,2020073001020846,NRIC,45,7,290,597.00,"173,130.00"
2020-07-30,2020073001020845,NRIC,52,7,10,598.00,"5,980.00"
2020-07-30,2020073001020825,NRIC,52,14,30,598.00,"17,940.00"
2020-07-30,2020073001020986,NRIC,5,21,40,598.00,"23,920.00"
2020-07-30,2020073001020982,NRIC,5,38,310,598.00,"185,380.00"
2020-07-30,2020073001020981,NRIC,8,38,30,598.00,"17,940.00"
2020-07-30,2020073001020949,NRIC,8,49,40,598.00,"23,920.00"
2020-07-30,2020073001020944,NRIC,14,34,10,599.00,"5,990.00"
2020-07-30,2020073001020913,NRIC,45,56,40,597.00,"23,880.00"
2020-07-30,2020073001021061,NRIC,21,35,10,599.00,"5,990.00"
2020-07-30,2020073001021040,NRIC,25,22,10,598.00,"5,980.00"
2020-07-30,2020073001021039,NRIC,25,57,50,598.00,"29,900.00"
2020-07-30,2020073001021030,NRIC,25,34,300,598.00,"179,400.00"
2020-07-30,2020073001021029,NRIC,5,34,140,598.00,"83,720.00"
2020-07-30,2020073001021007,NRIC,5,25,10,598.00,"5,980.00"
2020-07-30,2020073001021074,NRIC,25,14,700,599.00,"419,300.00"
2020-07-30,2020073001021073,NRIC,25,32,"1,000",599.00,"599,000.00"
2020-07-30,2020073001021072,NRIC,25,34,40,599.00,"23,960.00"
2020-07-30,2020073001021071,NRIC,25,10,40,599.00,"23,960.00"
2020-07-30,2020073001021070,NRIC,25,46,100,599.00,"59,900.00"
2020-07-30,2020073001021069,NRIC,25,35,190,599.00,"113,810.00"
2020-07-30,2020073001021090,NRIC,25,41,100,598.00,"59,800.00"
2020-07-30,2020073001021079,NRIC,25,6,40,598.00,"23,920.00"
2020-07-30,2020073001021078,NRIC,25,6,10,599.00,"5,990.00"
2020-07-30,2020073001021077,NRIC,25,46,200,599.00,"119,800.00"
2020-07-30,2020073001021076,NRIC,25,41,50,599.00,"29,950.00"
2020-07-30,2020073001021075,NRIC,25,17,40,599.00,"23,960.00"
2020-07-30,2020073001021122,NRIC,8,59,10,599.00,"5,990.00"
2020-07-30,2020073001021116,NRIC,8,25,50,599.00,"29,950.00"
2020-07-30,2020073001021108,NRIC,8,52,40,599.00,"23,960.00"
2020-07-30,2020073001021107,NRIC,8,28,50,599.00,"29,950.00"
2020-07-30,2020073001021106,NRIC,8,22,40,599.00,"23,960.00"
2020-07-30,2020073001021091,NRIC,5,41,50,598.00,"29,900.00"
2020-07-30,2020073001021138,NRIC,40,42,50,600.00,"30,000.00"
2020-07-30,2020073001021137,NRIC,40,38,100,600.00,"60,000.00"
2020-07-30,2020073001021136,NRIC,40,46,40,600.00,"24,000.00"
2020-07-30,2020073001021135,NRIC,40,38,40,600.00,"24,000.00"
2020-07-30,2020073001021134,NRIC,40,36,40,600.00,"24,000.00"
2020-07-30,2020073001021133,NRIC,40,8,100,600.00,"60,000.00"
2020-07-30,2020073001021144,NRIC,8,21,40,599.00,"23,960.00"
2020-07-30,2020073001021143,NRIC,42,45,46,600.00,"27,600.00"
2020-07-30,2020073001021142,NRIC,40,45,60,600.00,"36,000.00"
2020-07-30,2020073001021141,NRIC,40,58,40,600.00,"24,000.00"
2020-07-30,2020073001021140,NRIC,40,16,10,600.00,"6,000.00"
2020-07-30,2020073001021139,NRIC,40,38,20,600.00,"12,000.00"
2020-07-30,2020073001021158,NRIC,5,29,40,600.00,"24,000.00"
2020-07-30,2020073001021157,NRIC,5,4,250,600.00,"150,000.00"
2020-07-30,2020073001021156,NRIC,5,45,240,600.00,"144,000.00"
2020-07-30,2020073001021155,NRIC,5,45,194,600.00,"116,400.00"
2020-07-30,2020073001021154,NRIC,41,45,700,600.00,"420,000.00"
2020-07-30,2020073001021149,NRIC,8,59,10,599.00,"5,990.00"
2020-07-30,2020073001021164,NRIC,5,32,40,600.00,"24,000.00"
2020-07-30,2020073001021163,NRIC,5,52,20,600.00,"12,000.00"
2020-07-30,2020073001021162,NRIC,5,32,50,600.00,"30,000.00"
2020-07-30,2020073001021161,NRIC,5,46,50,600.00,"30,000.00"
2020-07-30,2020073001021160,NRIC,5,32,50,600.00,"30,000.00"
2020-07-30,2020073001021159,NRIC,5,58,50,600.00,"30,000.00"
2020-07-30,2020073001021170,NRIC,5,42,50,600.00,"30,000.00"
2020-07-30,2020073001021169,NRIC,5,32,10,600.00,"6,000.00"
2020-07-30,2020073001021168,NRIC,5,42,40,600.00,"24,000.00"
2020-07-30,2020073001021167,NRIC,5,34,60,600.00,"36,000.00"
2020-07-30,2020073001021166,NRIC,5,32,40,600.00,"24,000.00"
2020-07-30,2020073001021165,NRIC,5,42,40,600.00,"24,000.00"
2020-07-30,2020073001021176,NRIC,5,39,40,600.00,"24,000.00"
2020-07-30,2020073001021175,NRIC,5,34,500,600.00,"300,000.00"
2020-07-30,2020073001021174,NRIC,5,22,300,600.00,"180,000.00"
2020-07-30,2020073001021173,NRIC,5,42,50,600.00,"30,000.00"
2020-07-30,2020073001021172,NRIC,5,34,40,600.00,"24,000.00"
2020-07-30,2020073001021171,NRIC,5,59,50,600.00,"30,000.00"
2020-07-30,2020073001021194,NRIC,17,14,150,600.00,"90,000.00"
2020-07-30,2020073001021181,NRIC,5,38,36,600.00,"21,600.00"
2020-07-30,2020073001021180,NRIC,5,22,100,600.00,"60,000.00"
2020-07-30,2020073001021179,NRIC,5,38,500,600.00,"300,000.00"
2020-07-30,2020073001021178,NRIC,5,38,10,600.00,"6,000.00"
2020-07-30,2020073001021177,NRIC,5,44,150,600.00,"90,000.00"
2020-07-30,2020073001021271,NRIC,45,55,905,599.00,"542,095.00"
2020-07-30,2020073001021270,NRIC,8,55,250,599.00,"149,750.00"
2020-07-30,2020073001021220,NRIC,14,34,10,600.00,"6,000.00"
2020-07-30,2020073001021197,NRIC,8,25,10,599.00,"5,990.00"
2020-07-30,2020073001021196,NRIC,8,25,500,599.00,"299,500.00"
2020-07-30,2020073001021195,NRIC,17,34,30,600.00,"18,000.00"
2020-07-30,2020073001021308,NRIC,50,22,100,599.00,"59,900.00"
2020-07-30,2020073001021300,NRIC,34,22,195,599.00,"116,805.00"
2020-07-30,2020073001021299,NRIC,34,54,305,599.00,"182,695.00"
2020-07-30,2020073001021277,NRIC,56,54,500,599.00,"299,500.00"
2020-07-30,2020073001021276,NRIC,37,54,100,599.00,"59,900.00"
2020-07-30,2020073001021275,NRIC,45,54,95,599.00,"56,905.00"
2020-07-30,2020073001021098,NTC,6,58,100,654.00,"65,400.00"
2020-07-30,2020073001020933,NTC,6,43,200,654.00,"130,800.00"
2020-07-30,2020073001020922,NUBL,40,42,100,"1,000.00","100,000.00"
2020-07-30,2020073001020921,NUBL,40,19,44,"1,000.00","44,000.00"
2020-07-30,2020073001021103,OHL,25,42,10,368.00,"3,680.00"
2020-07-30,2020073001021102,OHL,25,35,28,366.00,"10,248.00"
2020-07-30,2020073001021213,PCBL,46,4,50,280.00,"14,000.00"
2020-07-30,2020073001021094,PCBL,48,41,654,280.00,"183,120.00"
2020-07-30,2020073001021056,PCBL,47,32,10,281.00,"2,810.00"
2020-07-30,2020073001021153,PIC,36,44,100,645.00,"64,500.00"
2020-07-30,2020073001021152,PIC,36,57,100,642.00,"64,200.00"
2020-07-30,2020073001021151,PIC,36,36,400,642.00,"256,800.00"
2020-07-30,2020073001020920,PIC,10,26,"1,000",641.00,"641,000.00"
2020-07-30,2020073001021260,PICL,32,38,300,461.00,"138,300.00"
2020-07-30,2020073001021259,PICL,14,38,100,461.00,"46,100.00"
2020-07-30,2020073001021258,PICL,54,38,100,461.00,"46,100.00"
2020-07-30,2020073001021257,PICL,1,38,86,462.00,"39,732.00"
2020-07-30,2020073001021256,PICL,35,38,10,462.00,"4,620.00"
2020-07-30,2020073001021255,PICL,54,38,55,462.00,"25,410.00"
2020-07-30,2020073001021254,PICL,49,38,200,465.00,"93,000.00"
2020-07-30,2020073001021082,PLIC,7,32,86,566.00,"48,676.00"
2020-07-30,2020073001021081,PLIC,8,32,600,566.00,"339,600.00"
2020-07-30,2020073001021080,PLIC,55,32,410,567.00,"232,470.00"
2020-07-30,2020073001020857,PLIC,55,19,90,567.00,"51,030.00"
2020-07-30,2020073001020856,PLIC,1,19,110,567.00,"62,370.00"
2020-07-30,2020073001021219,PMHPL,22,57,10,78.00,780.00
2020-07-30,2020073001020886,PPCL,32,16,10,117.00,"1,170.00"
2020-07-30,2020073001021193,PRVU,10,19,200,243.00,"48,600.00"
2020-07-30,2020073001021113,PRVU,10,19,200,243.00,"48,600.00"
2020-07-30,2020073001021112,PRVU,10,8,70,243.00,"17,010.00"
2020-07-30,2020073001021111,PRVU,10,38,"1,479",243.00,"359,397.00"
2020-07-30,2020073001021110,PRVU,6,38,80,243.00,"19,440.00"
2020-07-30,2020073001021060,PRVU,29,59,496,239.00,"118,544.00"
2020-07-30,2020073001020832,RADHI,35,57,12,166.00,"1,992.00"
2020-07-30,2020073001021128,RHPC,32,29,500,85.00,"42,500.00"
2020-07-30,2020073001020876,RHPC,32,17,350,85.00,"29,750.00"
2020-07-30,2020073001020875,RHPC,35,17,50,85.00,"4,250.00"
2020-07-30,2020073001021242,RHPL,19,14,20,146.00,"2,920.00"
2020-07-30,2020073001021221,RHPL,19,57,30,146.00,"4,380.00"
2020-07-30,2020073001021190,RHPL,42,51,20,147.00,"2,940.00"
2020-07-30,2020073001021183,RHPL,19,21,40,146.00,"5,840.00"
2020-07-30,2020073001021000,RHPL,26,21,40,145.00,"5,800.00"
2020-07-30,2020073001020927,RHPL,26,16,20,145.00,"2,900.00"
2020-07-30,2020073001020874,RHPL,26,57,10,145.00,"1,450.00"
2020-07-30,2020073001020863,RHPL,26,51,40,145.00,"5,800.00"
2020-07-30,2020073001020908,RRHP,32,57,10,102.00,"1,020.00"
2020-07-30,2020073001021187,SABSL,1,58,17,758.00,"12,886.00"
2020-07-30,2020073001021186,SABSL,6,58,43,760.00,"32,680.00"
2020-07-30,2020073001021296,SANIMA,10,39,700,362.00,"253,400.00"
2020-07-30,2020073001020962,SANIMA,53,39,100,362.00,"36,200.00"
2020-07-30,2020073001021185,SBI,10,35,200,449.00,"89,800.00"
2020-07-30,2020073001021035,SCB,55,48,280,673.00,"188,440.00"
2020-07-30,2020073001021034,SCB,54,48,20,675.00,"13,500.00"
2020-07-30,2020073001020867,SCB,14,29,20,675.00,"13,500.00"
2020-07-30,2020073001020943,SDESI,6,13,13,863.00,"11,219.00"
2020-07-30,2020073001020942,SDESI,6,51,33,861.00,"28,413.00"
2020-07-30,2020073001020941,SDESI,6,38,13,854.00,"11,102.00"
2020-07-30,2020073001020900,SDESI,40,38,128,854.00,"109,312.00"
2020-07-30,2020073001020872,SDESI,40,3,13,854.00,"11,102.00"
2020-07-30,2020073001020850,SDESI,25,19,10,859.00,"8,590.00"
2020-07-30,2020073001020940,SHINE,28,59,20,243.00,"4,860.00"
2020-07-30,2020073001020824,SHINE,49,57,979,241.00,"235,939.00"
2020-07-30,2020073001020823,SHINE,38,57,40,241.00,"9,640.00"
2020-07-30,2020073001020822,SHINE,57,57,200,242.00,"48,400.00"
2020-07-30,2020073001020821,SHINE,49,57,381,242.00,"92,202.00"
2020-07-30,2020073001021207,SHIVM,6,29,100,602.00,"60,200.00"
2020-07-30,2020073001020928,SHIVM,14,45,50,601.00,"30,050.00"
2020-07-30,2020073001020889,SHIVM,6,45,150,601.00,"90,150.00"
2020-07-30,2020073001020871,SHIVM,6,59,50,601.00,"30,050.00"
2020-07-30,2020073001020880,SHL,42,16,250,164.00,"41,000.00"
2020-07-30,2020073001020879,SHL,52,16,500,164.00,"82,000.00"
2020-07-30,2020073001020878,SHL,29,16,500,164.00,"82,000.00"
2020-07-30,2020073001020877,SHL,34,16,400,164.00,"65,600.00"
2020-07-30,2020073001021307,SHPC,6,25,770,222.00,"170,940.00"
2020-07-30,2020073001021146,SHPC,45,48,"1,000",221.00,"221,000.00"
2020-07-30,2020073001021223,SICL,36,34,20,"1,220.00","24,400.00"
2020-07-30,2020073001020969,SICL,56,32,142,"1,221.00","173,382.00"
2020-07-30,2020073001020968,SICL,56,4,70,"1,221.00","85,470.00"
2020-07-30,2020073001020829,SICL,33,4,130,"1,221.00","158,730.00"
2020-07-30,2020073001020828,SICL,33,5,40,"1,221.00","48,840.00"
2020-07-30,2020073001020827,SICL,33,36,80,"1,220.00","97,600.00"
2020-07-30,2020073001021222,SIL,25,44,20,613.00,"12,260.00"
2020-07-30,2020073001021147,SIL,25,44,20,612.00,"12,240.00"
2020-07-30,2020073001021131,SIL,44,44,30,612.00,"18,360.00"
2020-07-30,2020073001020952,SIL,44,39,21,612.00,"12,852.00"
2020-07-30,2020073001020951,SIL,25,39,30,612.00,"18,360.00"
2020-07-30,2020073001021317,SJCL,52,8,"2,350",136.00,"319,600.00"
2020-07-30,2020073001021209,SJCL,8,21,20,135.00,"2,700.00"
2020-07-30,2020073001021009,SJCL,21,21,20,134.00,"2,680.00"
2020-07-30,2020073001020971,SJCL,21,16,10,134.00,"1,340.00"
2020-07-30,2020073001020932,SJCL,21,57,10,134.00,"1,340.00"
2020-07-30,2020073001020912,SJCL,21,51,20,134.00,"2,680.00"
2020-07-30,2020073001020925,SKBBL,52,13,14,"1,245.00","17,430.00"
2020-07-30,2020073001020924,SKBBL,21,13,10,"1,247.00","12,470.00"
2020-07-30,2020073001020855,SKBBL,45,13,50,"1,248.00","62,400.00"
2020-07-30,2020073001020854,SKBBL,58,13,"1,000","1,250.00","1,250,000.00"
2020-07-30,2020073001020853,SKBBL,45,13,82,"1,251.00","102,582.00"
2020-07-30,2020073001020852,SKBBL,44,13,100,"1,251.00","125,100.00"
2020-07-30,2020073001020851,SKBBL,58,13,32,"1,258.00","40,256.00"
2020-07-30,2020073001021132,SLBBL,13,20,23,847.00,"19,481.00"
2020-07-30,2020073001020988,SLBBL,58,42,40,849.00,"33,960.00"
2020-07-30,2020073001021267,SLBS,34,51,10,990.00,"9,900.00"
2020-07-30,2020073001021252,SLBSL,42,56,10,857.00,"8,570.00"
2020-07-30,2020073001021054,SMFBS,52,21,10,915.00,"9,150.00"
2020-07-30,2020073001020918,SMFBS,52,51,10,915.00,"9,150.00"
2020-07-30,2020073001020917,SMFBS,52,8,50,910.00,"45,500.00"
2020-07-30,2020073001020869,SPARS,6,45,200,848.00,"169,600.00"
2020-07-30,2020073001020860,SPARS,6,52,10,840.00,"8,400.00"
2020-07-30,2020073001020859,SPARS,6,8,101,840.00,"84,840.00"
2020-07-30,2020073001020919,SPDL,50,26,15,102.00,"1,530.00"
2020-07-30,2020073001021269,TMDBL,38,6,350,168.00,"58,800.00"
2020-07-30,2020073001020959,TRH,40,57,10,228.00,"2,280.00"
2020-07-30,2020073001020996,UFL,7,53,10,187.00,"1,870.00"
2020-07-30,2020073001021192,UIC,33,45,50,380.00,"19,000.00"
2020-07-30,2020073001021127,UIC,33,45,100,380.00,"38,000.00"
2020-07-30,2020073001021083,UIC,33,16,30,379.00,"11,370.00"
2020-07-30,2020073001020987,UIC,28,39,75,379.00,"28,425.00"
2020-07-30,2020073001021022,UMHL,40,16,23,106.00,"2,438.00"
2020-07-30,2020073001020901,UNHPL,8,38,50,60.00,"3,000.00"
2020-07-30,2020073001021121,UPCL,39,59,100,75.00,"7,500.00"
2020-07-30,2020073001021120,UPCL,42,59,100,75.00,"7,500.00"
2020-07-30,2020073001021119,UPCL,56,59,50,75.00,"3,750.00"
2020-07-30,2020073001020978,UPCL,56,38,50,75.00,"3,750.00"
2020-07-30,2020073001021068,UPPER,25,57,18,229.00,"4,122.00"
2020-07-30,2020073001021057,WOMI,41,45,50,940.00,"47,000.00"
2020-07-30,2020073001020588,ADBL,39,25,106,426.00,"45,156.00"
2020-07-30,2020073001020495,ADBL,39,55,323,426.00,"137,598.00"
2020-07-30,2020073001020419,ADBL,45,44,10,428.00,"4,280.00"
2020-07-30,2020073001020354,ADBL,39,44,10,428.00,"4,280.00"
2020-07-30,2020073001020758,AHPC,51,38,399,98.00,"39,102.00"
2020-07-30,2020073001020757,AHPC,51,6,404,98.00,"39,592.00"
2020-07-30,2020073001020756,AHPC,51,46,44,98.00,"4,312.00"
2020-07-30,2020073001020755,AHPC,51,1,107,98.00,"10,486.00"
2020-07-30,2020073001020754,AHPC,51,59,46,98.00,"4,508.00"
2020-07-30,2020073001020646,AHPC,52,59,454,98.00,"44,492.00"
2020-07-30,2020073001020645,AHPC,52,59,30,98.00,"2,940.00"
2020-07-30,2020073001020644,AHPC,52,57,16,97.00,"1,552.00"
2020-07-30,2020073001020440,AKJCL,46,43,170,57.00,"9,690.00"
2020-07-30,2020073001020439,AKJCL,34,43,20,57.00,"1,140.00"
2020-07-30,2020073001020438,AKJCL,56,43,30,57.00,"1,710.00"
2020-07-30,2020073001020817,ALBSL,42,11,11,701.00,"7,711.00"
2020-07-30,2020073001020762,ALBSL,59,50,11,701.00,"7,711.00"
2020-07-30,2020073001020702,ALBSL,47,47,11,702.00,"7,722.00"
2020-07-30,2020073001020792,ALICL,55,16,200,645.00,"129,000.00"
2020-07-30,2020073001020791,ALICL,42,16,100,645.00,"64,500.00"
2020-07-30,2020073001020790,ALICL,6,16,490,645.00,"316,050.00"
2020-07-30,2020073001020666,ALICL,6,55,10,645.00,"6,450.00"
2020-07-30,2020073001020490,API,6,6,20,108.00,"2,160.00"
2020-07-30,2020073001020399,API,45,56,50,109.00,"5,450.00"
2020-07-30,2020073001020398,API,1,56,459,109.00,"50,031.00"
2020-07-30,2020073001020326,BNT,57,45,10,"6,600.00","66,000.00"
2020-07-30,2020073001020595,BOKL,32,47,200,234.00,"46,800.00"
2020-07-30,2020073001020594,BOKL,32,47,200,234.00,"46,800.00"
2020-07-30,2020073001020593,BOKL,34,47,400,234.00,"93,600.00"
2020-07-30,2020073001020592,BOKL,28,47,157,234.00,"36,738.00"
2020-07-30,2020073001020591,BOKL,44,47,85,235.00,"19,975.00"
2020-07-30,2020073001020590,BOKL,45,47,235,235.00,"55,225.00"
2020-07-30,2020073001020356,BOKL,32,47,248,234.00,"58,032.00"
2020-07-30,2020073001020329,BOKL,32,47,318,234.00,"74,412.00"
2020-07-30,2020073001020496,BOKL,45,32,85,235.00,"19,975.00"
2020-07-30,2020073001020480,BOKL,44,32,235,235.00,"55,225.00"
2020-07-30,2020073001020461,BOKL,28,47,43,234.00,"10,062.00"
2020-07-30,2020073001020460,BOKL,32,47,257,234.00,"60,138.00"
2020-07-30,2020073001020409,BOKL,32,47,171,234.00,"40,014.00"
2020-07-30,2020073001020382,BOKL,32,47,134,234.00,"31,356.00"
2020-07-30,2020073001020736,BPCL,29,29,218,356.00,"77,608.00"
2020-07-30,2020073001020735,BPCL,6,29,178,356.00,"63,368.00"
2020-07-30,2020073001020734,BPCL,42,29,120,357.00,"42,840.00"
2020-07-30,2020073001020733,BPCL,51,29,250,357.00,"89,250.00"
2020-07-30,2020073001020732,BPCL,16,29,20,357.00,"7,140.00"
2020-07-30,2020073001020731,BPCL,32,29,50,357.00,"17,850.00"
2020-07-30,2020073001020730,BPCL,36,29,264,358.00,"94,512.00"
2020-07-30,2020073001020711,CBL,49,6,171,146.00,"24,966.00"
2020-07-30,2020073001020710,CBL,57,6,829,146.00,"121,034.00"
2020-07-30,2020073001020649,CBL,57,6,135,146.00,"19,710.00"
2020-07-30,2020073001020569,CBL,57,52,36,146.00,"5,256.00"
2020-07-30,2020073001020568,CBL,54,52,445,146.00,"64,970.00"
2020-07-30,2020073001020483,CBL,54,57,37,146.00,"5,402.00"
2020-07-30,2020073001020456,CBL,54,19,23,146.00,"3,358.00"
2020-07-30,2020073001020705,CCBL,4,19,500,178.00,"89,000.00"
2020-07-30,2020073001020704,CCBL,4,43,100,178.00,"17,800.00"
2020-07-30,2020073001020449,CCBL,36,57,65,177.00,"11,505.00"
2020-07-30,2020073001020635,CHCL,37,6,30,399.00,"11,970.00"
2020-07-30,2020073001020383,CIT,22,51,10,"2,552.00","25,520.00"
2020-07-30,2020073001020688,CZBIL,49,35,200,196.00,"39,200.00"
2020-07-30,2020073001020614,CZBIL,49,32,99,196.00,"19,404.00"
2020-07-30,2020073001020613,CZBIL,49,32,79,196.00,"15,484.00"
2020-07-30,2020073001020437,CZBIL,16,16,2,196.00,392.00
2020-07-30,2020073001020525,DDBL,14,45,143,860.00,"122,980.00"
2020-07-30,2020073001020524,DDBL,14,43,220,860.00,"189,200.00"
2020-07-30,2020073001020523,DDBL,14,20,50,859.00,"42,950.00"
2020-07-30,2020073001020372,DDBL,16,20,50,857.00,"42,850.00"
2020-07-30,2020073001020396,DHPL,51,52,40,56.00,"2,240.00"
2020-07-30,2020073001020725,EBL,14,55,32,753.00,"24,096.00"
2020-07-30,2020073001020697,EBL,14,51,50,753.00,"37,650.00"
2020-07-30,2020073001020722,EIC,28,32,35,405.00,"14,175.00"
2020-07-30,2020073001020707,EIC,28,19,100,405.00,"40,500.00"
2020-07-30,2020073001020462,EIC,28,19,200,405.00,"81,000.00"
2020-07-30,2020073001020420,EIC,28,1,104,404.00,"42,016.00"
2020-07-30,2020073001020696,FMDBL,58,56,18,536.00,"9,648.00"
2020-07-30,2020073001020612,FOWAD,25,32,260,"1,545.00","401,700.00"
2020-07-30,2020073001020611,FOWAD,6,32,40,"1,546.00","61,840.00"
2020-07-30,2020073001020394,GBBL,45,57,27,241.00,"6,507.00"
2020-07-30,2020073001020393,GBBL,42,57,473,241.00,"113,993.00"
2020-07-30,2020073001020813,GBIME,29,29,200,257.00,"51,400.00"
2020-07-30,2020073001020759,GBIME,6,46,20,258.00,"5,160.00"
2020-07-30,2020073001020746,GBIME,29,35,100,257.00,"25,700.00"
2020-07-30,2020073001020701,GBIME,48,45,11,258.00,"2,838.00"
2020-07-30,2020073001020515,GBIME,29,52,279,257.00,"71,703.00"
2020-07-30,2020073001020391,GBIME,38,45,89,258.00,"22,962.00"
2020-07-30,2020073001020390,GBIME,38,45,11,258.00,"2,838.00"
2020-07-30,2020073001020377,GBIME,26,45,39,258.00,"10,062.00"
2020-07-30,2020073001020376,GBIME,26,57,61,258.00,"15,738.00"
2020-07-30,2020073001020343,GBIME,46,57,10,258.00,"2,580.00"
2020-07-30,2020073001020358,GBLBS,45,42,30,500.00,"15,000.00"
2020-07-30,2020073001020641,GGBSL,8,38,200,830.00,"166,000.00"
2020-07-30,2020073001020640,GGBSL,25,38,20,830.00,"16,600.00"
2020-07-30,2020073001020639,GGBSL,45,38,10,831.00,"8,310.00"
2020-07-30,2020073001020638,GGBSL,25,38,10,835.00,"8,350.00"
2020-07-30,2020073001020637,GGBSL,55,38,40,837.00,"33,480.00"
2020-07-30,2020073001020636,GGBSL,32,38,20,837.00,"16,740.00"
2020-07-30,2020073001020784,GLBSL,43,46,10,"1,029.00","10,290.00"
2020-07-30,2020073001020748,GLBSL,43,43,10,"1,011.00","10,110.00"
2020-07-30,2020073001020723,GLBSL,43,43,10,992.00,"9,920.00"
2020-07-30,2020073001020709,GLBSL,43,43,10,973.00,"9,730.00"
2020-07-30,2020073001020692,GLBSL,43,36,53,954.00,"50,562.00"
2020-07-30,2020073001020691,GLBSL,43,43,100,954.00,"95,400.00"
2020-07-30,2020073001020618,GLBSL,43,53,10,900.00,"9,000.00"
2020-07-30,2020073001020617,GLBSL,43,41,10,900.00,"9,000.00"
2020-07-30,2020073001020616,GLBSL,43,17,50,897.00,"44,850.00"
2020-07-30,2020073001020615,GLBSL,43,6,10,896.00,"8,960.00"
2020-07-30,2020073001020446,GLBSL,22,37,17,890.00,"15,130.00"
2020-07-30,2020073001020445,GLBSL,34,37,83,890.00,"73,870.00"
2020-07-30,2020073001020652,GLBSL,43,50,50,912.00,"45,600.00"
2020-07-30,2020073001020651,GLBSL,43,17,10,910.00,"9,100.00"
2020-07-30,2020073001020622,GLBSL,43,42,46,907.00,"41,722.00"
2020-07-30,2020073001020621,GLBSL,43,55,21,905.00,"19,005.00"
2020-07-30,2020073001020620,GLBSL,43,14,20,905.00,"18,100.00"
2020-07-30,2020073001020619,GLBSL,43,45,10,902.00,"9,020.00"
2020-07-30,2020073001020658,GLBSL,43,43,50,918.00,"45,900.00"
2020-07-30,2020073001020657,GLBSL,43,48,50,915.00,"45,750.00"
2020-07-30,2020073001020656,GLBSL,43,48,100,912.00,"91,200.00"
2020-07-30,2020073001020655,GLBSL,43,38,110,912.00,"100,320.00"
2020-07-30,2020073001020654,GLBSL,43,39,20,912.00,"18,240.00"
2020-07-30,2020073001020653,GLBSL,43,35,100,912.00,"91,200.00"
2020-07-30,2020073001020690,GLBSL,43,1,10,954.00,"9,540.00"
2020-07-30,2020073001020689,GLBSL,43,16,10,954.00,"9,540.00"
2020-07-30,2020073001020671,GLBSL,43,26,20,936.00,"18,720.00"
2020-07-30,2020073001020670,GLBSL,43,48,50,930.00,"46,500.00"
2020-07-30,2020073001020660,GLBSL,43,26,10,918.00,"9,180.00"
2020-07-30,2020073001020659,GLBSL,43,1,10,918.00,"9,180.00"
2020-07-30,2020073001020587,GLICL,45,55,29,470.00,"13,630.00"
2020-07-30,2020073001020571,GMFIL,11,48,161,123.00,"19,803.00"
2020-07-30,2020073001020366,GRDBL,4,13,365,112.00,"40,880.00"
2020-07-30,2020073001020767,HDL,25,55,50,"1,695.00","84,750.00"
2020-07-30,2020073001020541,HDL,41,52,100,"1,697.00","169,700.00"
2020-07-30,2020073001020531,HGI,1,55,10,411.00,"4,110.00"
2020-07-30,2020073001020488,HGI,45,38,71,414.00,"29,394.00"
2020-07-30,2020073001020487,HGI,45,45,29,413.00,"11,977.00"
2020-07-30,2020073001020362,HGI,51,45,21,413.00,"8,673.00"
2020-07-30,2020073001020361,HGI,51,45,49,413.00,"20,237.00"
2020-07-30,2020073001020360,HGI,51,1,130,413.00,"53,690.00"
2020-07-30,2020073001020503,HIDCL,41,57,22,130.00,"2,860.00"
2020-07-30,2020073001020448,HIDCL,41,45,30,132.00,"3,960.00"
2020-07-30,2020073001020402,HIDCL,36,55,11,131.00,"1,441.00"
2020-07-30,2020073001020549,HPPL,50,17,42,141.00,"5,922.00"
2020-07-30,2020073001020516,HPPL,50,49,10,141.00,"1,410.00"
2020-07-30,2020073001020511,HPPL,50,17,48,141.00,"6,768.00"
2020-07-30,2020073001020510,HPPL,50,17,10,141.00,"1,410.00"
2020-07-30,2020073001020397,HPPL,50,21,10,141.00,"1,410.00"
2020-07-30,2020073001020775,ILBS,58,11,11,743.00,"8,173.00"
2020-07-30,2020073001020724,ILBS,58,21,11,743.00,"8,173.00"
2020-07-30,2020073001020721,ILBS,58,21,10,743.00,"7,430.00"
2020-07-30,2020073001020482,JBBL,17,52,69,179.00,"12,351.00"
2020-07-30,2020073001020585,JFL,16,54,100,168.00,"16,800.00"
2020-07-30,2020073001020509,JSLBB,53,53,50,"1,487.00","74,350.00"
2020-07-30,2020073001020322,KBL,49,18,500,198.00,"99,000.00"
2020-07-30,2020073001020809,KMCDB,52,38,308,803.00,"247,324.00"
2020-07-30,2020073001020537,KMCDB,52,33,108,804.00,"86,832.00"
2020-07-30,2020073001020803,KPCL,50,4,300,107.00,"32,100.00"
2020-07-30,2020073001020802,KPCL,50,38,10,107.00,"1,070.00"
2020-07-30,2020073001020801,KPCL,50,58,"1,010",107.00,"108,070.00"
2020-07-30,2020073001020404,KPCL,16,57,10,106.00,"1,060.00"
2020-07-30,2020073001020720,KRBL,25,57,54,105.00,"5,670.00"
2020-07-30,2020073001020753,KSBBL,45,57,27,153.00,"4,131.00"
2020-07-30,2020073001020610,KSBBL,13,1,250,154.00,"38,500.00"
2020-07-30,2020073001020507,KSBBL,45,36,198,153.00,"30,294.00"
2020-07-30,2020073001020648,LBBL,44,25,53,194.00,"10,282.00"
2020-07-30,2020073001020647,LBBL,57,25,47,194.00,"9,118.00"
2020-07-30,2020073001020355,LBL,45,55,35,235.00,"8,225.00"
2020-07-30,2020073001020751,MBL,38,32,100,235.00,"23,500.00"
2020-07-30,2020073001020561,MBL,13,32,135,235.00,"31,725.00"
2020-07-30,2020073001020560,MBL,13,46,65,235.00,"15,275.00"
2020-07-30,2020073001020367,MDB,6,32,27,330.00,"8,910.00"
2020-07-30,2020073001020800,MEGA,45,57,109,229.00,"24,961.00"
2020-07-30,2020073001020769,MEGA,48,43,104,228.00,"23,712.00"
2020-07-30,2020073001020698,MEGA,38,43,100,229.00,"22,900.00"
2020-07-30,2020073001020340,MEGA,22,43,281,229.00,"64,349.00"
2020-07-30,2020073001020321,MEGA,45,59,478,230.00,"109,940.00"
2020-07-30,2020073001020320,MEGA,45,42,22,230.00,"5,060.00"
2020-07-30,2020073001020458,MEGA,57,43,100,229.00,"22,900.00"
2020-07-30,2020073001020392,MEGA,50,43,10,229.00,"2,290.00"
2020-07-30,2020073001020342,MEGA,58,43,100,229.00,"22,900.00"
2020-07-30,2020073001020341,MEGA,48,43,40,229.00,"9,160.00"
2020-07-30,2020073001020491,MEGA,51,43,65,229.00,"14,885.00"
2020-07-30,2020073001020604,MERO,56,39,293,650.00,"190,450.00"
2020-07-30,2020073001020603,MERO,56,51,10,650.00,"6,500.00"
2020-07-30,2020073001020602,MERO,56,38,43,650.00,"27,950.00"
2020-07-30,2020073001020601,MERO,56,42,100,650.00,"65,000.00"
2020-07-30,2020073001020600,MERO,56,38,143,648.00,"92,664.00"
2020-07-30,2020073001020599,MERO,56,37,35,647.00,"22,645.00"
2020-07-30,2020073001020606,MFIL,33,6,10,282.00,"2,820.00"
2020-07-30,2020073001020605,MFIL,47,6,20,284.00,"5,680.00"
2020-07-30,2020073001020625,MLBL,45,52,19,199.00,"3,781.00"
2020-07-30,2020073001020624,MLBL,45,52,50,199.00,"9,950.00"
2020-07-30,2020073001020455,MMFDB,22,7,19,990.00,"18,810.00"
2020-07-30,2020073001020333,MMFDB,39,54,29,993.00,"28,797.00"
2020-07-30,2020073001020584,MSMBS,33,41,10,710.00,"7,100.00"
2020-07-30,2020073001020526,MSMBS,54,41,34,711.00,"24,174.00"
2020-07-30,2020073001020323,MSMBS,51,55,11,712.00,"7,832.00"
2020-07-30,2020073001020785,NABIL,18,45,37,845.00,"31,265.00"
2020-07-30,2020073001020727,NABIL,18,45,183,845.00,"154,635.00"
2020-07-30,2020073001020715,NABIL,17,45,37,845.00,"31,265.00"
2020-07-30,2020073001020667,NABIL,33,45,20,845.00,"16,900.00"
2020-07-30,2020073001020563,NABIL,58,45,50,845.00,"42,250.00"
2020-07-30,2020073001020555,NABIL,44,10,63,844.00,"53,172.00"
2020-07-30,2020073001020375,NABIL,39,45,10,845.00,"8,450.00"
2020-07-30,2020073001020519,NADEP,1,1,3,628.00,"1,884.00"
2020-07-30,2020073001020747,NBB,7,50,250,208.00,"52,000.00"
2020-07-30,2020073001020675,NBB,38,47,100,209.00,"20,900.00"
2020-07-30,2020073001020351,NBB,7,47,500,209.00,"104,500.00"
2020-07-30,2020073001020350,NBB,7,14,500,209.00,"104,500.00"
2020-07-30,2020073001020804,NBL,33,29,10,261.00,"2,610.00"
2020-07-30,2020073001020578,NBL,43,59,126,259.00,"32,634.00"
2020-07-30,2020073001020577,NBL,58,59,10,259.00,"2,590.00"
2020-07-30,2020073001020576,NBL,42,59,500,260.00,"130,000.00"
2020-07-30,2020073001020575,NBL,5,59,50,260.00,"13,000.00"
2020-07-30,2020073001020574,NBL,42,59,30,260.00,"7,800.00"
2020-07-30,2020073001020573,NBL,42,59,20,260.00,"5,200.00"
2020-07-30,2020073001020572,NBL,43,59,414,260.00,"107,640.00"
2020-07-30,2020073001020818,NCCB,6,28,460,196.00,"90,160.00"
2020-07-30,2020073001020789,NCCB,44,57,18,195.00,"3,510.00"
2020-07-30,2020073001020628,NCCB,57,49,"10,000",195.00,"1,950,000.00"
2020-07-30,2020073001020466,NCCB,32,47,9,196.00,"1,764.00"
2020-07-30,2020073001020554,NGPL,22,57,11,119.00,"1,309.00"
2020-07-30,2020073001020378,NGPL,29,38,11,119.00,"1,309.00"
2020-07-30,2020073001020771,NHDL,33,57,10,133.00,"1,330.00"
2020-07-30,2020073001020770,NHDL,33,32,10,133.00,"1,330.00"
2020-07-30,2020073001020465,NHDL,45,38,10,132.00,"1,320.00"
2020-07-30,2020073001020492,NHPC,49,49,200,56.00,"11,200.00"
2020-07-30,2020073001020489,NHPC,45,49,100,56.00,"5,600.00"
2020-07-30,2020073001020457,NHPC,51,49,"1,000",56.00,"56,000.00"
2020-07-30,2020073001020423,NHPC,58,49,15,56.00,840.00
2020-07-30,2020073001020331,NHPC,45,49,100,56.00,"5,600.00"
2020-07-30,2020073001020795,NIB,55,57,49,466.00,"22,834.00"
2020-07-30,2020073001020530,NIBLPF,56,34,"1,000",8.46,"8,460.00"
2020-07-30,2020073001020774,NICA,26,49,50,572.00,"28,600.00"
2020-07-30,2020073001020740,NICA,14,14,300,573.00,"171,900.00"
2020-07-30,2020073001020686,NICA,8,14,100,573.00,"57,300.00"
2020-07-30,2020073001020556,NICA,14,14,100,573.00,"57,300.00"
2020-07-30,2020073001020553,NICL,17,41,100,455.00,"45,500.00"
2020-07-30,2020073001020552,NICL,53,41,200,456.00,"91,200.00"
2020-07-30,2020073001020810,NICLBSL,11,20,10,803.00,"8,030.00"
2020-07-30,2020073001020798,NICLBSL,11,44,10,803.00,"8,030.00"
2020-07-30,2020073001020772,NICLBSL,11,40,10,803.00,"8,030.00"
2020-07-30,2020073001020749,NICLBSL,14,21,10,803.00,"8,030.00"
2020-07-30,2020073001020745,NICLBSL,11,40,10,804.00,"8,040.00"
2020-07-30,2020073001020719,NICLBSL,11,7,10,804.00,"8,040.00"
2020-07-30,2020073001020330,NICLBSL,49,44,10,805.00,"8,050.00"
2020-07-30,2020073001020401,NICLBSL,52,40,10,806.00,"8,060.00"
2020-07-30,2020073001020389,NICLBSL,45,1,10,805.00,"8,050.00"
2020-07-30,2020073001020373,NICLBSL,49,52,10,805.00,"8,050.00"
2020-07-30,2020073001020371,NICLBSL,49,44,10,805.00,"8,050.00"
2020-07-30,2020073001020347,NICLBSL,49,45,10,805.00,"8,050.00"
2020-07-30,2020073001020344,NICLBSL,49,21,10,805.00,"8,050.00"
2020-07-30,2020073001020453,NICLBSL,54,44,10,805.00,"8,050.00"
2020-07-30,2020073001020451,NICLBSL,54,47,10,805.00,"8,050.00"
2020-07-30,2020073001020447,NICLBSL,54,40,10,805.00,"8,050.00"
2020-07-30,2020073001020415,NICLBSL,54,44,10,805.00,"8,050.00"
2020-07-30,2020073001020408,NICLBSL,45,40,10,805.00,"8,050.00"
2020-07-30,2020073001020403,NICLBSL,45,21,10,805.00,"8,050.00"
2020-07-30,2020073001020550,NICLBSL,44,13,10,807.00,"8,070.00"
2020-07-30,2020073001020535,NICLBSL,4,20,10,804.00,"8,040.00"
2020-07-30,2020073001020514,NICLBSL,4,44,10,804.00,"8,040.00"
2020-07-30,2020073001020508,NICLBSL,4,40,10,804.00,"8,040.00"
2020-07-30,2020073001020481,NICLBSL,4,40,510,804.00,"410,040.00"
2020-07-30,2020073001020454,NICLBSL,54,20,10,805.00,"8,050.00"
2020-07-30,2020073001020650,NICLBSL,8,20,10,804.00,"8,040.00"
2020-07-30,2020073001020634,NICLBSL,8,50,10,804.00,"8,040.00"
2020-07-30,2020073001020597,NICLBSL,8,56,10,804.00,"8,040.00"
2020-07-30,2020073001020586,NICLBSL,8,21,10,804.00,"8,040.00"
2020-07-30,2020073001020562,NICLBSL,8,44,10,804.00,"8,040.00"
2020-07-30,2020073001020551,NICLBSL,44,17,10,807.00,"8,070.00"
2020-07-30,2020073001020718,NICLBSL,38,7,"1,000",804.00,"804,000.00"
2020-07-30,2020073001020717,NICLBSL,51,7,40,804.00,"32,160.00"
2020-07-30,2020073001020716,NICLBSL,8,7,450,804.00,"361,800.00"
2020-07-30,2020073001020706,NICLBSL,57,20,10,805.00,"8,050.00"
2020-07-30,2020073001020695,NICLBSL,44,46,10,807.00,"8,070.00"
2020-07-30,2020073001020694,NICLBSL,44,13,10,807.00,"8,070.00"
2020-07-30,2020073001020812,NIL,36,58,390,642.00,"250,380.00"
2020-07-30,2020073001020764,NIL,36,49,490,642.00,"314,580.00"
2020-07-30,2020073001020763,NIL,36,57,120,640.00,"76,800.00"
2020-07-30,2020073001020761,NIL,54,43,560,638.00,"357,280.00"
2020-07-30,2020073001020348,NIL,42,58,907,640.00,"580,480.00"
2020-07-30,2020073001020744,NLBBL,5,13,100,712.00,"71,200.00"
2020-07-30,2020073001020743,NLBBL,8,13,200,712.00,"142,400.00"
2020-07-30,2020073001020742,NLBBL,45,13,75,712.00,"53,400.00"
2020-07-30,2020073001020570,NLG,25,55,10,651.00,"6,510.00"
2020-07-30,2020073001020539,NLG,20,43,30,650.00,"19,500.00"
2020-07-30,2020073001020385,NLG,42,43,120,650.00,"78,000.00"
2020-07-30,2020073001020384,NLG,28,43,50,650.00,"32,500.00"
2020-07-30,2020073001020567,NLIC,53,38,30,"1,347.00","40,410.00"
2020-07-30,2020073001020566,NLIC,53,45,20,"1,347.00","26,940.00"
2020-07-30,2020073001020534,NLIC,43,52,50,"1,345.00","67,250.00"
2020-07-30,2020073001020533,NLIC,48,52,50,"1,345.00","67,250.00"
2020-07-30,2020073001020532,NLIC,41,52,100,"1,346.00","134,600.00"
2020-07-30,2020073001020529,NLIC,42,45,38,"1,347.00","51,186.00"
2020-07-30,2020073001020444,NLIC,41,42,50,"1,346.00","67,300.00"
2020-07-30,2020073001020395,NLIC,48,35,30,"1,345.00","40,350.00"
2020-07-30,2020073001020369,NLIC,48,14,20,"1,345.00","26,900.00"
2020-07-30,2020073001020368,NLIC,45,14,20,"1,345.00","26,900.00"
2020-07-30,2020073001020363,NLIC,6,45,64,"1,347.00","86,208.00"
2020-07-30,2020073001020700,NLICL,53,43,417,695.00,"289,815.00"
2020-07-30,2020073001020422,NLICL,39,43,200,695.00,"139,000.00"
2020-07-30,2020073001020807,NMB,25,10,41,429.00,"17,589.00"
2020-07-30,2020073001020806,NMB,25,41,109,429.00,"46,761.00"
2020-07-30,2020073001020799,NMB,47,28,"1,000",428.00,"428,000.00"
2020-07-30,2020073001020760,NMB,47,28,"1,000",428.00,"428,000.00"
2020-07-30,2020073001020752,NMB,47,16,12,428.00,"5,136.00"
2020-07-30,2020073001020750,NMB,22,41,100,429.00,"42,900.00"
2020-07-30,2020073001020387,NMB,28,28,376,429.00,"161,304.00"
2020-07-30,2020073001020386,NMB,28,17,124,429.00,"53,196.00"
2020-07-30,2020073001020379,NMB,47,52,58,428.00,"24,824.00"
2020-07-30,2020073001020359,NMB,59,17,76,429.00,"32,604.00"
2020-07-30,2020073001020345,NMB,45,17,50,429.00,"21,450.00"
2020-07-30,2020073001020685,NMB,26,41,291,429.00,"124,839.00"
2020-07-30,2020073001020684,NMB,26,17,209,429.00,"89,661.00"
2020-07-30,2020073001020643,NMB,53,17,491,429.00,"210,639.00"
2020-07-30,2020073001020642,NMB,53,28,509,429.00,"218,361.00"
2020-07-30,2020073001020501,NMB,47,41,45,428.00,"19,260.00"
2020-07-30,2020073001020418,NMB,50,28,115,429.00,"49,335.00"
2020-07-30,2020073001020814,NMB50,22,57,100,9.91,991.00
2020-07-30,2020073001020815,NRIC,14,14,100,598.00,"59,800.00"
2020-07-30,2020073001020811,NRIC,45,54,149,597.00,"88,953.00"
2020-07-30,2020073001020797,NRIC,45,52,40,597.00,"23,880.00"
2020-07-30,2020073001020782,NRIC,45,20,50,597.00,"29,850.00"
2020-07-30,2020073001020781,NRIC,45,7,210,597.00,"125,370.00"
2020-07-30,2020073001020780,NRIC,45,7,50,597.00,"29,850.00"
2020-07-30,2020073001020325,NRIC,25,45,40,596.00,"23,840.00"
2020-07-30,2020073001020319,NRIC,38,19,290,595.00,"172,550.00"
2020-07-30,2020073001020405,NRIC,25,59,50,596.00,"29,800.00"
2020-07-30,2020073001020388,NRIC,6,20,30,597.00,"17,910.00"
2020-07-30,2020073001020381,NRIC,6,59,40,597.00,"23,880.00"
2020-07-30,2020073001020357,NRIC,25,48,10,596.00,"5,960.00"
2020-07-30,2020073001020353,NRIC,25,21,50,596.00,"29,800.00"
2020-07-30,2020073001020346,NRIC,25,20,40,596.00,"23,840.00"
2020-07-30,2020073001020450,NRIC,49,43,50,596.00,"29,800.00"
2020-07-30,2020073001020443,NRIC,38,59,50,596.00,"29,800.00"
2020-07-30,2020073001020421,NRIC,38,20,40,596.00,"23,840.00"
2020-07-30,2020073001020417,NRIC,38,21,40,596.00,"23,840.00"
2020-07-30,2020073001020414,NRIC,38,1,30,596.00,"17,880.00"
2020-07-30,2020073001020413,NRIC,25,1,10,596.00,"5,960.00"
2020-07-30,2020073001020521,NRIC,3,51,20,598.00,"11,960.00"
2020-07-30,2020073001020520,NRIC,3,52,40,598.00,"23,920.00"
2020-07-30,2020073001020517,NRIC,38,47,40,597.00,"23,880.00"
2020-07-30,2020073001020474,NRIC,38,1,50,597.00,"29,850.00"
2020-07-30,2020073001020463,NRIC,10,20,20,597.00,"11,940.00"
2020-07-30,2020073001020452,NRIC,49,52,40,596.00,"23,840.00"
2020-07-30,2020073001020544,NRIC,33,14,170,598.00,"101,660.00"
2020-07-30,2020073001020543,NRIC,33,11,20,598.00,"11,960.00"
2020-07-30,2020073001020542,NRIC,33,35,50,598.00,"29,900.00"
2020-07-30,2020073001020536,NRIC,14,11,10,598.00,"5,980.00"
2020-07-30,2020073001020528,NRIC,41,11,20,598.00,"11,960.00"
2020-07-30,2020073001020527,NRIC,41,51,80,598.00,"47,840.00"
2020-07-30,2020073001020607,NRIC,36,21,10,597.00,"5,970.00"
2020-07-30,2020073001020596,NRIC,10,14,40,598.00,"23,920.00"
2020-07-30,2020073001020564,NRIC,36,20,40,597.00,"23,880.00"
2020-07-30,2020073001020559,NRIC,36,56,10,597.00,"5,970.00"
2020-07-30,2020073001020558,NRIC,39,56,20,597.00,"11,940.00"
2020-07-30,2020073001020557,NRIC,38,56,10,597.00,"5,970.00"
2020-07-30,2020073001020708,NRIC,5,20,50,597.00,"29,850.00"
2020-07-30,2020073001020703,NRIC,5,39,40,597.00,"23,880.00"
2020-07-30,2020073001020668,NRIC,5,50,40,597.00,"23,880.00"
2020-07-30,2020073001020663,NRIC,14,14,10,598.00,"5,980.00"
2020-07-30,2020073001020623,NRIC,5,20,40,597.00,"23,880.00"
2020-07-30,2020073001020608,NRIC,5,21,40,597.00,"23,880.00"
2020-07-30,2020073001020779,NRIC,52,7,40,597.00,"23,880.00"
2020-07-30,2020073001020778,NRIC,5,7,140,597.00,"83,580.00"
2020-07-30,2020073001020773,NRIC,5,45,20,597.00,"11,940.00"
2020-07-30,2020073001020765,NRIC,5,21,50,597.00,"29,850.00"
2020-07-30,2020073001020741,NRIC,5,20,40,597.00,"23,880.00"
2020-07-30,2020073001020726,NRIC,5,20,40,597.00,"23,880.00"
2020-07-30,2020073001020479,NTC,7,43,200,657.00,"131,400.00"
2020-07-30,2020073001020738,OHL,42,26,70,365.00,"25,550.00"
2020-07-30,2020073001020737,OHL,43,26,20,366.00,"7,320.00"
2020-07-30,2020073001020788,PCBL,48,57,568,280.00,"159,040.00"
2020-07-30,2020073001020787,PCBL,48,56,58,280.00,"16,240.00"
2020-07-30,2020073001020777,PCBL,6,28,"1,346",279.00,"375,534.00"
2020-07-30,2020073001020712,PCBL,38,28,100,280.00,"28,000.00"
2020-07-30,2020073001020425,PCBL,48,28,54,280.00,"15,120.00"
2020-07-30,2020073001020424,PCBL,48,14,200,280.00,"56,000.00"
2020-07-30,2020073001020339,PCBL,48,32,200,279.00,"55,800.00"
2020-07-30,2020073001020468,PFL,5,1,42,151.00,"6,342.00"
2020-07-30,2020073001020629,PIC,50,38,20,640.00,"12,800.00"
2020-07-30,2020073001020406,PIC,50,21,20,640.00,"12,800.00"
2020-07-30,2020073001020400,PIC,5,59,60,640.00,"38,400.00"
2020-07-30,2020073001020687,PRIN,49,48,127,497.00,"63,119.00"
2020-07-30,2020073001020674,PRIN,44,52,12,492.00,"5,904.00"
2020-07-30,2020073001020673,PRIN,44,45,110,492.00,"54,120.00"
2020-07-30,2020073001020502,PRVU,49,39,90,239.00,"21,510.00"
2020-07-30,2020073001020429,PRVU,45,39,100,239.00,"23,900.00"
2020-07-30,2020073001020428,PRVU,58,39,50,239.00,"11,950.00"
2020-07-30,2020073001020427,PRVU,51,39,50,239.00,"11,950.00"
2020-07-30,2020073001020426,PRVU,4,39,398,239.00,"95,122.00"
2020-07-30,2020073001020473,RADHI,41,57,11,167.00,"1,837.00"
2020-07-30,2020073001020472,RADHI,41,34,12,167.00,"2,004.00"
2020-07-30,2020073001020683,RBCLPO,45,7,10,"8,255.00","82,550.00"
2020-07-30,2020073001020682,RBCLPO,20,7,10,"8,256.00","82,560.00"
2020-07-30,2020073001020768,RHPL,26,21,40,145.00,"5,800.00"
2020-07-30,2020073001020739,RHPL,26,21,20,145.00,"2,900.00"
2020-07-30,2020073001020729,RHPL,26,50,20,145.00,"2,900.00"
2020-07-30,2020073001020627,RHPL,26,21,40,145.00,"5,800.00"
2020-07-30,2020073001020626,RHPL,26,21,30,145.00,"4,350.00"
2020-07-30,2020073001020548,RHPL,44,42,40,147.00,"5,880.00"
2020-07-30,2020073001020335,RHPL,19,13,10,146.00,"1,460.00"
2020-07-30,2020073001020334,RHPL,19,6,30,146.00,"4,380.00"
2020-07-30,2020073001020436,RHPL,6,21,40,145.00,"5,800.00"
2020-07-30,2020073001020380,RHPL,6,46,40,145.00,"5,800.00"
2020-07-30,2020073001020364,RHPL,6,21,40,145.00,"5,800.00"
2020-07-30,2020073001020338,RHPL,19,13,10,146.00,"1,460.00"
2020-07-30,2020073001020337,RHPL,19,13,10,146.00,"1,460.00"
2020-07-30,2020073001020336,RHPL,19,13,10,146.00,"1,460.00"
2020-07-30,2020073001020547,RHPL,44,58,20,147.00,"2,940.00"
2020-07-30,2020073001020546,RHPL,44,18,10,147.00,"1,470.00"
2020-07-30,2020073001020545,RHPL,44,7,30,147.00,"4,410.00"
2020-07-30,2020073001020538,RHPL,26,6,20,145.00,"2,900.00"
2020-07-30,2020073001020500,RHPL,26,43,70,145.00,"10,150.00"
2020-07-30,2020073001020499,RHPL,6,43,70,145.00,"10,150.00"
2020-07-30,2020073001020805,RMDC,13,48,11,728.00,"8,008.00"
2020-07-30,2020073001020630,RMDC,55,28,40,726.00,"29,040.00"
2020-07-30,2020073001020467,RMDC,55,45,18,726.00,"13,068.00"
2020-07-30,2020073001020664,RRHP,32,21,10,102.00,"1,020.00"
2020-07-30,2020073001020513,RRHP,32,46,10,102.00,"1,020.00"
2020-07-30,2020073001020816,SABSL,6,51,11,760.00,"8,360.00"
2020-07-30,2020073001020662,SABSL,41,21,11,756.00,"8,316.00"
2020-07-30,2020073001020407,SABSL,41,3,11,756.00,"8,316.00"
2020-07-30,2020073001020352,SABSL,41,34,11,756.00,"8,316.00"
2020-07-30,2020073001020485,SANIMA,4,41,110,361.00,"39,710.00"
2020-07-30,2020073001020459,SANIMA,59,6,100,362.00,"36,200.00"
2020-07-30,2020073001020506,SAPDBL,35,39,100,124.00,"12,400.00"
2020-07-30,2020073001020505,SAPDBL,35,17,86,124.00,"10,664.00"
2020-07-30,2020073001020504,SAPDBL,35,22,130,123.00,"15,990.00"
2020-07-30,2020073001020464,SAPDBL,48,22,20,123.00,"2,460.00"
2020-07-30,2020073001020486,SCB,26,35,300,675.00,"202,500.00"
2020-07-30,2020073001020609,SEF,21,37,"4,200",9.60,"40,320.00"
2020-07-30,2020073001020471,SEF,21,34,"5,000",9.60,"48,000.00"
2020-07-30,2020073001020470,SEF,21,26,500,9.60,"4,800.00"
2020-07-30,2020073001020469,SEF,21,26,300,9.60,"2,880.00"
2020-07-30,2020073001020522,SHINE,49,43,207,242.00,"50,094.00"
2020-07-30,2020073001020478,SHINE,49,32,412,242.00,"99,704.00"
2020-07-30,2020073001020477,SHINE,33,32,50,242.00,"12,100.00"
2020-07-30,2020073001020476,SHINE,33,32,50,242.00,"12,100.00"
2020-07-30,2020073001020475,SHINE,58,32,688,242.00,"166,496.00"
2020-07-30,2020073001020365,SHINE,58,21,14,242.00,"3,388.00"
2020-07-30,2020073001020349,SHIVM,7,22,50,600.00,"30,000.00"
2020-07-30,2020073001020786,SHPC,45,39,"1,000",221.00,"221,000.00"
2020-07-30,2020073001020540,SHPC,58,43,797,220.00,"175,340.00"
2020-07-30,2020073001020494,SICL,56,5,40,"1,221.00","48,840.00"
2020-07-30,2020073001020493,SICL,56,1,10,"1,218.00","12,180.00"
2020-07-30,2020073001020808,SIL,44,25,20,610.00,"12,200.00"
2020-07-30,2020073001020583,SIL,7,43,215,605.00,"130,075.00"
2020-07-30,2020073001020582,SIL,50,43,74,605.00,"44,770.00"
2020-07-30,2020073001020581,SIL,49,43,50,606.00,"30,300.00"
2020-07-30,2020073001020580,SIL,32,43,42,606.00,"25,452.00"
2020-07-30,2020073001020370,SIL,32,45,50,606.00,"30,300.00"
2020-07-30,2020073001020796,SJCL,21,21,20,134.00,"2,680.00"
2020-07-30,2020073001020766,SJCL,21,21,10,134.00,"1,340.00"
2020-07-30,2020073001020714,SJCL,21,50,10,134.00,"1,340.00"
2020-07-30,2020073001020324,SJCL,8,54,20,135.00,"2,700.00"
2020-07-30,2020073001020442,SJCL,8,21,20,135.00,"2,700.00"
2020-07-30,2020073001020374,SJCL,8,21,20,135.00,"2,700.00"
2020-07-30,2020073001020669,SJCL,21,21,20,134.00,"2,680.00"
2020-07-30,2020073001020632,SJCL,21,43,380,134.00,"50,920.00"
2020-07-30,2020073001020631,SJCL,8,43,90,135.00,"12,150.00"
2020-07-30,2020073001020565,SJCL,8,46,20,135.00,"2,700.00"
2020-07-30,2020073001020518,SJCL,8,28,20,135.00,"2,700.00"
2020-07-30,2020073001020793,SKBBL,58,5,16,"1,258.00","20,128.00"
2020-07-30,2020073001020699,SKBBL,58,38,37,"1,258.00","46,546.00"
2020-07-30,2020073001020598,SKBBL,58,52,65,"1,258.00","81,770.00"
2020-07-30,2020073001020498,SKBBL,58,38,252,"1,252.00","315,504.00"
2020-07-30,2020073001020434,SKBBL,39,38,"1,000","1,252.00","1,252,000.00"
2020-07-30,2020073001020433,SKBBL,58,38,200,"1,253.00","250,600.00"
2020-07-30,2020073001020432,SKBBL,16,38,100,"1,254.00","125,400.00"
2020-07-30,2020073001020431,SKBBL,26,38,20,"1,254.00","25,080.00"
2020-07-30,2020073001020430,SKBBL,58,38,10,"1,255.00","12,550.00"
2020-07-30,2020073001020328,SLBS,1,1,1,953.00,953.00
2020-07-30,2020073001020589,SLBSL,57,54,10,857.00,"8,570.00"
2020-07-30,2020073001020661,SLICL,50,19,602,453.00,"272,706.00"
2020-07-30,2020073001020497,SLICL,45,48,100,452.00,"45,200.00"
2020-07-30,2020073001020713,SMFBS,53,8,20,910.00,"18,200.00"
2020-07-30,2020073001020681,SPARS,32,45,12,830.00,"9,960.00"
2020-07-30,2020073001020680,SPARS,33,45,60,830.00,"49,800.00"
2020-07-30,2020073001020679,SPARS,48,45,28,830.00,"23,240.00"
2020-07-30,2020073001020678,SPARS,58,45,50,831.00,"41,550.00"
2020-07-30,2020073001020677,SPARS,46,45,100,831.00,"83,100.00"
2020-07-30,2020073001020676,SPARS,58,45,50,832.00,"41,600.00"
2020-07-30,2020073001020672,SRBL,39,16,30,243.00,"7,290.00"
2020-07-30,2020073001020665,SRBL,39,43,110,243.00,"26,730.00"
2020-07-30,2020073001020435,SRBL,39,40,347,243.00,"84,321.00"
2020-07-30,2020073001020416,SWBBL,49,39,50,"1,219.00","60,950.00"
2020-07-30,2020073001020441,UFL,56,34,100,184.00,"18,400.00"
2020-07-30,2020073001020794,UIC,28,29,125,379.00,"47,375.00"
2020-07-30,2020073001020728,UIC,7,45,40,379.00,"15,160.00"
2020-07-30,2020073001020512,UIC,58,48,100,378.00,"37,800.00"
2020-07-30,2020073001020783,UPPER,52,21,50,228.00,"11,400.00"
2020-07-30,2020073001020776,UPPER,57,50,50,228.00,"11,400.00"
2020-07-30,2020073001020693,UPPER,11,43,490,228.00,"111,720.00"
2020-07-30,2020073001020332,UPPER,11,39,180,228.00,"41,040.00"
2020-07-30,2020073001020327,UPPER,6,39,50,228.00,"11,400.00"
2020-07-30,2020073001020633,UPPER,11,46,40,228.00,"9,120.00"
2020-07-30,2020073001020579,UPPER,11,42,250,228.00,"57,000.00"
2020-07-30,2020073001020484,UPPER,11,47,40,228.00,"9,120.00"
2020-07-30,2020073001020412,UPPER,45,57,27,229.00,"6,183.00"
2020-07-30,2020073001020411,UPPER,45,37,423,229.00,"96,867.00"
2020-07-30,2020073001020410,UPPER,45,14,50,229.00,"11,450.00"
2020-07-30,2020073001020296,ADBL,39,6,100,426.00,"42,600.00"
2020-07-30,2020073001020282,ADBL,34,43,100,427.00,"42,700.00"
2020-07-30,2020073001020281,ADBL,34,57,200,427.00,"85,400.00"
2020-07-30,2020073001020072,ADBL,39,42,124,426.00,"52,824.00"
2020-07-30,2020073001020089,AHPC,54,59,200,98.00,"19,600.00"
2020-07-30,2020073001019999,AHPC,10,1,470,97.00,"45,590.00"
2020-07-30,2020073001019984,AHPC,56,59,270,98.00,"26,460.00"
2020-07-30,2020073001019983,AHPC,56,7,200,98.00,"19,600.00"
2020-07-30,2020073001019982,AHPC,56,5,11,98.00,"1,078.00"
2020-07-30,2020073001019981,AHPC,56,45,69,98.00,"6,762.00"
2020-07-30,2020073001019980,AHPC,56,11,200,98.00,"19,600.00"
2020-07-30,2020073001019979,AHPC,56,45,110,98.00,"10,780.00"
2020-07-30,2020073001019917,AHPC,10,52,520,97.00,"50,440.00"
2020-07-30,2020073001020317,AKPL,40,41,13,117.00,"1,521.00"
2020-07-30,2020073001019992,ALICL,57,35,"1,410",647.00,"912,270.00"
2020-07-30,2020073001019907,ALICL,57,59,50,647.00,"32,350.00"
2020-07-30,2020073001020243,API,6,56,800,110.00,"88,000.00"
2020-07-30,2020073001020192,API,25,56,40,110.00,"4,400.00"
2020-07-30,2020073001020210,BOKL,32,47,140,234.00,"32,760.00"
2020-07-30,2020073001020161,BOKL,32,47,332,234.00,"77,688.00"
2020-07-30,2020073001020160,BOKL,25,47,168,234.00,"39,312.00"
2020-07-30,2020073001020085,BOKL,25,47,132,234.00,"30,888.00"
2020-07-30,2020073001020084,BOKL,49,47,100,235.00,"23,500.00"
2020-07-30,2020073001020083,BOKL,14,47,168,235.00,"39,480.00"
2020-07-30,2020073001020060,BOKL,14,47,32,235.00,"7,520.00"
2020-07-30,2020073001020059,BOKL,34,47,80,235.00,"18,800.00"
2020-07-30,2020073001019894,CBBL,45,42,10,"1,069.00","10,690.00"
2020-07-30,2020073001019893,CBBL,42,42,90,"1,075.00","96,750.00"
2020-07-30,2020073001020252,CBL,41,6,100,147.00,"14,700.00"
2020-07-30,2020073001020216,CBL,43,6,10,147.00,"1,470.00"
2020-07-30,2020073001019883,CBL,54,1,50,146.00,"7,300.00"
2020-07-30,2020073001019870,CBL,54,1,28,146.00,"4,088.00"
2020-07-30,2020073001019830,CBL,54,1,19,146.00,"2,774.00"
2020-07-30,2020073001019985,CCBL,36,57,12,177.00,"2,124.00"
2020-07-30,2020073001019827,CCBL,36,32,100,177.00,"17,700.00"
2020-07-30,2020073001020095,CIT,58,47,100,"2,552.00","255,200.00"
2020-07-30,2020073001020080,CIT,46,6,10,"2,551.00","25,510.00"
2020-07-30,2020073001019946,CZBIL,49,25,221,196.00,"43,316.00"
2020-07-30,2020073001019829,CZBIL,48,25,200,196.00,"39,200.00"
2020-07-30,2020073001020265,DDBL,6,43,15,860.00,"12,900.00"
2020-07-30,2020073001020204,DDBL,14,43,100,860.00,"86,000.00"
2020-07-30,2020073001020203,DDBL,19,43,150,860.00,"129,000.00"
2020-07-30,2020073001020202,DDBL,43,43,115,860.00,"98,900.00"
2020-07-30,2020073001019989,DDBL,43,47,225,860.00,"193,500.00"
2020-07-30,2020073001019836,DDBL,43,32,100,860.00,"86,000.00"
2020-07-30,2020073001019823,DDBL,37,17,200,861.00,"172,200.00"
2020-07-30,2020073001020032,DHPL,41,42,10,57.00,570.00
2020-07-30,2020073001020031,DHPL,41,57,10,56.00,560.00
2020-07-30,2020073001020261,EBL,14,53,20,753.00,"15,060.00"
2020-07-30,2020073001020128,EBL,26,35,180,755.00,"135,900.00"
2020-07-30,2020073001020127,EBL,26,49,20,754.00,"15,080.00"
2020-07-30,2020073001019869,EBL,14,58,50,753.00,"37,650.00"
2020-07-30,2020073001019854,EBL,14,57,370,753.00,"278,610.00"
2020-07-30,2020073001019853,EBL,14,57,30,753.00,"22,590.00"
2020-07-30,2020073001020101,EDBL,14,40,915,331.00,"302,865.00"
2020-07-30,2020073001020100,EDBL,57,40,85,332.00,"28,220.00"
2020-07-30,2020073001020069,EIC,28,59,110,404.00,"44,440.00"
2020-07-30,2020073001019991,EIC,28,13,186,404.00,"75,144.00"
2020-07-30,2020073001019875,EIC,28,49,10,404.00,"4,040.00"
2020-07-30,2020073001019868,EIC,28,32,100,404.00,"40,400.00"
2020-07-30,2020073001019867,EIC,28,49,490,404.00,"197,960.00"
2020-07-30,2020073001020013,FMDBL,37,42,20,541.00,"10,820.00"
2020-07-30,2020073001019865,FMDBL,3,52,40,535.00,"21,400.00"
2020-07-30,2020073001019864,FMDBL,53,52,10,536.00,"5,360.00"
2020-07-30,2020073001019852,FMDBL,53,45,100,536.00,"53,600.00"
2020-07-30,2020073001020221,FOWAD,6,43,250,"1,546.00","386,500.00"
2020-07-30,2020073001020233,GBBL,42,43,232,241.00,"55,912.00"
2020-07-30,2020073001020226,GBBL,42,48,130,241.00,"31,330.00"
2020-07-30,2020073001019915,GBBL,42,16,10,241.00,"2,410.00"
2020-07-30,2020073001019914,GBBL,42,57,80,241.00,"19,280.00"
2020-07-30,2020073001019913,GBBL,42,45,75,241.00,"18,075.00"
2020-07-30,2020073001020316,GBIME,46,57,10,258.00,"2,580.00"
2020-07-30,2020073001020088,GBIME,29,42,13,257.00,"3,341.00"
2020-07-30,2020073001020028,GBIME,51,28,100,258.00,"25,800.00"
2020-07-30,2020073001020027,GBIME,54,28,200,258.00,"51,600.00"
2020-07-30,2020073001020026,GBIME,52,28,500,258.00,"129,000.00"
2020-07-30,2020073001020025,GBIME,36,28,"1,000",258.00,"258,000.00"
2020-07-30,2020073001020024,GBIME,59,28,500,258.00,"129,000.00"
2020-07-30,2020073001020023,GBIME,36,28,500,258.00,"129,000.00"
2020-07-30,2020073001020022,GBIME,50,28,80,258.00,"20,640.00"
2020-07-30,2020073001019997,GBIME,49,11,300,259.00,"77,700.00"
2020-07-30,2020073001019936,GBIME,8,11,12,259.00,"3,108.00"
2020-07-30,2020073001020280,GBLBS,45,43,300,500.00,"150,000.00"
2020-07-30,2020073001020217,GBLBS,45,57,15,500.00,"7,500.00"
2020-07-30,2020073001020035,GBLBS,41,57,10,499.00,"4,990.00"
2020-07-30,2020073001020034,GBLBS,17,57,200,499.00,"99,800.00"
2020-07-30,2020073001020287,GGBSL,52,52,10,837.00,"8,370.00"
2020-07-30,2020073001020164,GGBSL,25,46,10,835.00,"8,350.00"
2020-07-30,2020073001020149,GGBSL,33,14,10,829.00,"8,290.00"
2020-07-30,2020073001019973,GGBSL,48,17,10,830.00,"8,300.00"
2020-07-30,2020073001019972,GGBSL,45,17,10,830.00,"8,300.00"
2020-07-30,2020073001020279,GILB,41,10,75,"1,240.00","93,000.00"
2020-07-30,2020073001020110,GILB,41,58,100,"1,240.00","124,000.00"
2020-07-30,2020073001019890,GILB,41,57,14,"1,240.00","17,360.00"
2020-07-30,2020073001020310,GLICL,45,43,100,470.00,"47,000.00"
2020-07-30,2020073001020309,GLICL,57,43,100,470.00,"47,000.00"
2020-07-30,2020073001019880,GLICL,57,32,100,470.00,"47,000.00"
2020-07-30,2020073001019863,GLICL,29,36,457,469.00,"214,333.00"
2020-07-30,2020073001020247,GMFBS,59,51,10,800.00,"8,000.00"
2020-07-30,2020073001020263,GMFIL,11,34,500,124.00,"62,000.00"
2020-07-30,2020073001019975,GRDBL,41,41,50,111.00,"5,550.00"
2020-07-30,2020073001020106,HDL,41,45,40,"1,691.00","67,640.00"
2020-07-30,2020073001020105,HDL,58,45,50,"1,692.00","84,600.00"
2020-07-30,2020073001020058,HDL,41,48,30,"1,691.00","50,730.00"
2020-07-30,2020073001020057,HDL,52,48,10,"1,691.00","16,910.00"
2020-07-30,2020073001020056,HDL,41,48,50,"1,692.00","84,600.00"
2020-07-30,2020073001020055,HDL,40,48,10,"1,692.00","16,920.00"
2020-07-30,2020073001020054,HDL,6,48,60,"1,692.00","101,520.00"
2020-07-30,2020073001020053,HDL,25,48,40,"1,693.00","67,720.00"
2020-07-30,2020073001019961,HDL,58,56,40,"1,700.00","68,000.00"
2020-07-30,2020073001019960,HDL,58,38,30,"1,700.00","51,000.00"
2020-07-30,2020073001019959,HDL,58,17,40,"1,700.00","68,000.00"
2020-07-30,2020073001019950,HDL,41,53,10,"1,695.00","16,950.00"
2020-07-30,2020073001020257,HGI,17,45,10,413.00,"4,130.00"
2020-07-30,2020073001020286,HIDCL,36,57,45,131.00,"5,895.00"
2020-07-30,2020073001020285,HIDCL,56,57,16,131.00,"2,096.00"
2020-07-30,2020073001020016,HIDCL,36,17,25,131.00,"3,275.00"
2020-07-30,2020073001020071,HPPL,41,20,10,143.00,"1,430.00"
2020-07-30,2020073001019900,IGI,29,32,36,431.00,"15,516.00"
2020-07-30,2020073001019899,IGI,52,32,54,432.00,"23,328.00"
2020-07-30,2020073001019898,IGI,40,32,10,433.00,"4,330.00"
