Date,Transact. No.,Symbol,Buyer,Seller,Quantity,Rate,Amount
2019-03-05,2019030501003897,ADBL,19,58,64,292.00,"18,688.00"
2019-03-05,2019030501003866,ADBL,19,42,40,292.00,"11,680.00"
2019-03-05,2019030501004321,ALICL,49,44,10,540.00,"5,400.00"
2019-03-05,2019030501004320,ALICL,47,44,20,540.00,"10,800.00"
2019-03-05,2019030501004319,ALICL,34,44,100,540.00,"54,000.00"
2019-03-05,2019030501004318,ALICL,54,44,200,540.00,"108,000.00"
2019-03-05,2019030501004317,ALICL,11,44,20,540.00,"10,800.00"
2019-03-05,2019030501004316,ALICL,14,44,30,540.00,"16,200.00"
2019-03-05,2019030501003843,ALICL,57,5,11,542.00,"5,962.00"
2019-03-05,2019030501003837,ALICL,39,44,200,543.00,"108,600.00"
2019-03-05,2019030501003836,ALICL,45,44,11,545.00,"5,995.00"
2019-03-05,2019030501003835,ALICL,45,54,14,545.00,"7,630.00"
2019-03-05,2019030501003834,ALICL,45,45,18,545.00,"9,810.00"
2019-03-05,2019030501003833,ALICL,45,17,27,544.00,"14,688.00"
2019-03-05,2019030501003921,ALICL,42,44,175,543.00,"95,025.00"
2019-03-05,2019030501003882,ALICL,35,32,182,542.00,"98,644.00"
2019-03-05,2019030501003881,ALICL,21,32,100,542.00,"54,200.00"
2019-03-05,2019030501003880,ALICL,57,32,118,542.00,"63,956.00"
2019-03-05,2019030501003869,ALICL,45,44,10,543.00,"5,430.00"
2019-03-05,2019030501003847,ALICL,57,14,61,542.00,"33,062.00"
2019-03-05,2019030501003990,ALICL,22,35,30,543.00,"16,290.00"
2019-03-05,2019030501003989,ALICL,22,44,105,543.00,"57,015.00"
2019-03-05,2019030501003970,ALICL,38,35,20,542.00,"10,840.00"
2019-03-05,2019030501003969,ALICL,11,35,50,542.00,"27,100.00"
2019-03-05,2019030501003968,ALICL,35,35,11,542.00,"5,962.00"
2019-03-05,2019030501003928,ALICL,49,44,10,543.00,"5,430.00"
2019-03-05,2019030501004113,ALICL,25,7,50,542.00,"27,100.00"
2019-03-05,2019030501004112,ALICL,42,7,400,542.00,"216,800.00"
2019-03-05,2019030501004097,ALICL,32,44,120,543.00,"65,160.00"
2019-03-05,2019030501004064,ALICL,42,21,100,542.00,"54,200.00"
2019-03-05,2019030501004028,ALICL,10,44,15,543.00,"8,145.00"
2019-03-05,2019030501004020,ALICL,22,44,365,543.00,"198,195.00"
2019-03-05,2019030501004176,ALICL,57,57,138,541.00,"74,658.00"
2019-03-05,2019030501004175,ALICL,26,57,204,541.00,"110,364.00"
2019-03-05,2019030501004174,ALICL,50,57,100,542.00,"54,200.00"
2019-03-05,2019030501004166,ALICL,17,52,100,542.00,"54,200.00"
2019-03-05,2019030501004162,ALICL,33,52,100,542.00,"54,200.00"
2019-03-05,2019030501004114,ALICL,26,7,96,541.00,"51,936.00"
2019-03-05,2019030501004206,ALICL,50,44,37,543.00,"20,091.00"
2019-03-05,2019030501004204,ALICL,56,56,8,532.00,"4,256.00"
2019-03-05,2019030501004192,ALICL,13,58,28,541.00,"15,148.00"
2019-03-05,2019030501004191,ALICL,57,58,12,541.00,"6,492.00"
2019-03-05,2019030501004188,ALICL,57,45,50,541.00,"27,050.00"
2019-03-05,2019030501004177,ALICL,56,56,8,533.00,"4,264.00"
2019-03-05,2019030501004264,ALICL,32,44,200,541.00,"108,200.00"
2019-03-05,2019030501004263,ALICL,54,44,100,541.00,"54,100.00"
2019-03-05,2019030501004262,ALICL,49,44,600,541.00,"324,600.00"
2019-03-05,2019030501004261,ALICL,32,44,300,541.00,"162,300.00"
2019-03-05,2019030501004260,ALICL,13,44,72,541.00,"38,952.00"
2019-03-05,2019030501004213,ALICL,36,44,"1,000",542.00,"542,000.00"
2019-03-05,2019030501004270,ALICL,53,44,70,540.00,"37,800.00"
2019-03-05,2019030501004269,ALICL,25,44,65,540.00,"35,100.00"
2019-03-05,2019030501004268,ALICL,11,44,500,540.00,"270,000.00"
2019-03-05,2019030501004267,ALICL,51,44,"1,000",540.00,"540,000.00"
2019-03-05,2019030501004266,ALICL,26,44,150,540.00,"81,000.00"
2019-03-05,2019030501004265,ALICL,33,44,50,541.00,"27,050.00"
2019-03-05,2019030501004315,ALICL,36,44,107,540.00,"57,780.00"
2019-03-05,2019030501004292,ALICL,36,35,390,541.00,"210,990.00"
2019-03-05,2019030501004275,ALICL,14,58,20,542.00,"10,840.00"
2019-03-05,2019030501004274,ALICL,14,17,80,541.00,"43,280.00"
2019-03-05,2019030501004272,ALICL,36,44,893,540.00,"482,220.00"
2019-03-05,2019030501004271,ALICL,32,44,500,540.00,"270,000.00"
2019-03-05,2019030501004156,BHBL,4,47,127,150.00,"19,050.00"
2019-03-05,2019030501004155,BHBL,4,38,380,150.00,"57,000.00"
2019-03-05,2019030501004066,BOKL,34,59,61,237.00,"14,457.00"
2019-03-05,2019030501004033,BOKL,29,22,100,236.00,"23,600.00"
2019-03-05,2019030501003886,BOKL,29,25,177,236.00,"41,772.00"
2019-03-05,2019030501004252,BPCL,55,50,45,340.00,"15,300.00"
2019-03-05,2019030501004211,BPCL,55,49,160,340.00,"54,400.00"
2019-03-05,2019030501004150,BPCL,55,13,70,340.00,"23,800.00"
2019-03-05,2019030501004276,CBBL,49,33,93,868.00,"80,724.00"
2019-03-05,2019030501004193,CBBL,26,28,100,869.00,"86,900.00"
2019-03-05,2019030501004108,CBBL,20,37,100,869.00,"86,900.00"
2019-03-05,2019030501004278,CBL,56,33,350,148.00,"51,800.00"
2019-03-05,2019030501004107,CBL,56,28,19,148.00,"2,812.00"
2019-03-05,2019030501004106,CBL,25,28,"1,000",148.00,"148,000.00"
2019-03-05,2019030501004105,CBL,44,28,212,148.00,"31,376.00"
2019-03-05,2019030501004070,CBL,44,45,80,148.00,"11,840.00"
2019-03-05,2019030501004054,CBL,1,28,200,149.00,"29,800.00"
2019-03-05,2019030501004111,CCBL,36,14,370,159.00,"58,830.00"
2019-03-05,2019030501004077,CCBL,22,45,100,158.00,"15,800.00"
2019-03-05,2019030501003894,CCBL,53,25,81,158.00,"12,798.00"
2019-03-05,2019030501004227,CFCL,43,58,10,114.00,"1,140.00"
2019-03-05,2019030501004190,CFCL,28,6,"1,000",112.00,"112,000.00"
2019-03-05,2019030501004189,CFCL,28,41,500,112.00,"56,000.00"
2019-03-05,2019030501004152,CHCL,53,13,14,501.00,"7,014.00"
2019-03-05,2019030501004151,CHCL,53,16,17,501.00,"8,517.00"
2019-03-05,2019030501004025,CHCL,49,36,200,500.00,"100,000.00"
2019-03-05,2019030501004017,CHCL,49,48,14,500.00,"7,000.00"
2019-03-05,2019030501004079,CHL,58,16,132,101.00,"13,332.00"
2019-03-05,2019030501004186,CHLBS,5,38,10,561.00,"5,610.00"
2019-03-05,2019030501004167,CHLBS,5,38,10,561.00,"5,610.00"
2019-03-05,2019030501004148,CHLBS,41,38,10,560.00,"5,600.00"
2019-03-05,2019030501004124,CHLBS,41,41,10,560.00,"5,600.00"
2019-03-05,2019030501004116,CHLBS,41,38,10,560.00,"5,600.00"
2019-03-05,2019030501004099,CHLBS,41,38,10,560.00,"5,600.00"
2019-03-05,2019030501004081,CHLBS,41,38,10,560.00,"5,600.00"
2019-03-05,2019030501004069,CHLBS,41,38,10,560.00,"5,600.00"
2019-03-05,2019030501004037,CHLBS,41,38,10,560.00,"5,600.00"
2019-03-05,2019030501003977,CHLBS,41,42,10,560.00,"5,600.00"
2019-03-05,2019030501003865,CHLBS,41,42,10,560.00,"5,600.00"
2019-03-05,2019030501004202,CIT,16,28,42,"2,530.00","106,260.00"
2019-03-05,2019030501004047,CIT,16,55,100,"2,530.00","253,000.00"
2019-03-05,2019030501004046,CIT,16,45,40,"2,530.00","101,200.00"
2019-03-05,2019030501004045,CIT,16,5,18,"2,530.00","45,540.00"
2019-03-05,2019030501003945,CIT,1,26,10,"2,528.00","25,280.00"
2019-03-05,2019030501003935,CIT,20,5,18,"2,530.00","45,540.00"
2019-03-05,2019030501003973,CLBSL,11,13,10,591.00,"5,910.00"
2019-03-05,2019030501003972,CLBSL,5,13,100,593.00,"59,300.00"
2019-03-05,2019030501004287,CZBIL,11,11,300,201.00,"60,300.00"
2019-03-05,2019030501004286,CZBIL,22,11,100,201.00,"20,100.00"
2019-03-05,2019030501004285,CZBIL,14,11,15,201.00,"3,015.00"
2019-03-05,2019030501004284,CZBIL,55,11,144,201.00,"28,944.00"
2019-03-05,2019030501004277,CZBIL,55,52,109,201.00,"21,909.00"
2019-03-05,2019030501004158,CZBIL,48,11,50,202.00,"10,100.00"
2019-03-05,2019030501003947,CZBIL,55,26,202,201.00,"40,602.00"
2019-03-05,2019030501003904,CZBIL,55,11,10,201.00,"2,010.00"
2019-03-05,2019030501003868,CZBIL,33,1,200,202.00,"40,400.00"
2019-03-05,2019030501004061,DDBL,29,17,319,584.00,"186,296.00"
2019-03-05,2019030501004060,DDBL,29,56,30,584.00,"17,520.00"
2019-03-05,2019030501004059,DDBL,29,55,30,583.00,"17,490.00"
2019-03-05,2019030501004058,DDBL,29,55,41,580.00,"23,780.00"
2019-03-05,2019030501004057,DDBL,29,13,100,580.00,"58,000.00"
2019-03-05,2019030501004056,DDBL,29,34,40,580.00,"23,200.00"
2019-03-05,2019030501004055,DDBL,29,59,140,579.00,"81,060.00"
2019-03-05,2019030501003893,DDBL,49,45,50,575.00,"28,750.00"
2019-03-05,2019030501004257,EBL,59,59,6,499.00,"2,994.00"
2019-03-05,2019030501004203,EBL,13,34,343,509.00,"174,587.00"
2019-03-05,2019030501004102,EBL,58,34,50,509.00,"25,450.00"
2019-03-05,2019030501003878,EIC,32,5,60,799.00,"47,940.00"
2019-03-05,2019030501004084,FMDBL,32,13,30,357.00,"10,710.00"
2019-03-05,2019030501004083,FMDBL,34,13,20,357.00,"7,140.00"
2019-03-05,2019030501003901,FMDBL,45,43,20,357.00,"7,140.00"
2019-03-05,2019030501003943,FOWAD,48,11,10,"1,525.00","15,250.00"
2019-03-05,2019030501003839,FOWAD,16,16,440,"1,506.00","662,640.00"
2019-03-05,2019030501003838,FOWAD,7,16,25,"1,506.00","37,650.00"
2019-03-05,2019030501004063,GBIME,49,22,50,260.00,"13,000.00"
2019-03-05,2019030501004232,GBLBS,49,28,470,436.00,"204,920.00"
2019-03-05,2019030501004231,GBLBS,1,28,100,437.00,"43,700.00"
2019-03-05,2019030501004157,GBLBS,49,41,10,436.00,"4,360.00"
2019-03-05,2019030501004096,GBLBS,49,42,200,440.00,"88,000.00"
2019-03-05,2019030501004095,GBLBS,49,45,10,440.00,"4,400.00"
2019-03-05,2019030501004094,GBLBS,49,5,50,440.00,"22,000.00"
2019-03-05,2019030501004093,GBLBS,49,22,480,440.00,"211,200.00"
2019-03-05,2019030501003939,GLICL,36,43,380,683.00,"259,540.00"
2019-03-05,2019030501003938,GLICL,36,34,11,682.00,"7,502.00"
2019-03-05,2019030501003937,GLICL,36,13,60,682.00,"40,920.00"
2019-03-05,2019030501003936,GLICL,36,56,33,681.00,"22,473.00"
2019-03-05,2019030501004229,GUFL,28,35,550,108.00,"59,400.00"
2019-03-05,2019030501004228,GUFL,28,57,950,108.00,"102,600.00"
2019-03-05,2019030501004103,GUFL,58,57,50,108.00,"5,400.00"
2019-03-05,2019030501004053,HATH,54,37,150,108.00,"16,200.00"
2019-03-05,2019030501004052,HATH,45,37,930,108.00,"100,440.00"
2019-03-05,2019030501004245,HGI,17,50,50,370.00,"18,500.00"
2019-03-05,2019030501004244,HGI,47,50,50,370.00,"18,500.00"
2019-03-05,2019030501004230,HGI,16,50,100,372.00,"37,200.00"
2019-03-05,2019030501004304,HIDCL,35,22,30,130.00,"3,900.00"
2019-03-05,2019030501003840,HIDCL,16,16,56,130.00,"7,280.00"
2019-03-05,2019030501003828,HIDCL,40,44,343,129.00,"44,247.00"
2019-03-05,2019030501004001,HPPL,14,45,10,173.00,"1,730.00"
2019-03-05,2019030501003953,HPPL,45,42,20,179.00,"3,580.00"
2019-03-05,2019030501003952,HPPL,45,53,930,178.00,"165,540.00"
2019-03-05,2019030501003951,HPPL,45,49,10,176.00,"1,760.00"
2019-03-05,2019030501003950,HPPL,45,26,20,175.00,"3,500.00"
2019-03-05,2019030501003949,HPPL,45,26,10,175.00,"1,750.00"
2019-03-05,2019030501004314,IGI,38,35,70,396.00,"27,720.00"
2019-03-05,2019030501004258,IGI,38,13,60,394.00,"23,640.00"
2019-03-05,2019030501004215,IGI,38,17,100,395.00,"39,500.00"
2019-03-05,2019030501004214,IGI,38,17,200,394.00,"78,800.00"
2019-03-05,2019030501004051,JBBL,18,19,80,133.00,"10,640.00"
2019-03-05,2019030501004050,JBBL,51,19,170,133.00,"22,610.00"
2019-03-05,2019030501003863,JBBL,51,25,22,133.00,"2,926.00"
2019-03-05,2019030501003844,JBBL,51,25,22,133.00,"2,926.00"
2019-03-05,2019030501003887,JBNL,41,25,51,163.00,"8,313.00"
2019-03-05,2019030501004303,KBL,33,17,300,228.00,"68,400.00"
2019-03-05,2019030501004253,KBL,51,17,250,228.00,"57,000.00"
2019-03-05,2019030501004226,KBL,16,58,420,227.00,"95,340.00"
2019-03-05,2019030501004225,KBL,25,58,280,227.00,"63,560.00"
2019-03-05,2019030501003956,KBL,56,17,34,228.00,"7,752.00"
2019-03-05,2019030501003955,KBL,45,17,20,228.00,"4,560.00"
2019-03-05,2019030501003896,KBL,56,41,166,229.00,"38,014.00"
2019-03-05,2019030501003895,KBL,56,52,300,229.00,"68,700.00"
2019-03-05,2019030501004080,KMCDB,48,40,10,835.00,"8,350.00"
2019-03-05,2019030501004235,KMFL,56,26,97,860.00,"83,420.00"
2019-03-05,2019030501004291,KRBL,14,57,33,92.00,"3,036.00"
2019-03-05,2019030501004249,KSBBL,46,38,690,135.00,"93,150.00"
2019-03-05,2019030501004248,KSBBL,46,19,190,135.00,"25,650.00"
2019-03-05,2019030501004247,KSBBL,46,19,64,135.00,"8,640.00"
2019-03-05,2019030501004246,KSBBL,46,19,56,135.00,"7,560.00"
2019-03-05,2019030501004164,KSBBL,6,19,134,135.00,"18,090.00"
2019-03-05,2019030501004163,KSBBL,6,25,252,135.00,"34,020.00"
2019-03-05,2019030501004123,LBBL,14,55,42,170.00,"7,140.00"
2019-03-05,2019030501004122,LBBL,14,55,22,170.00,"3,740.00"
2019-03-05,2019030501004121,LBBL,14,55,47,170.00,"7,990.00"
2019-03-05,2019030501004086,LBBL,51,28,755,169.00,"127,595.00"
2019-03-05,2019030501004085,LBBL,51,28,977,169.00,"165,113.00"
2019-03-05,2019030501004290,LBL,6,26,75,186.00,"13,950.00"
2019-03-05,2019030501003995,LBL,32,13,120,185.00,"22,200.00"
2019-03-05,2019030501003971,LBL,32,53,600,185.00,"111,000.00"
2019-03-05,2019030501003941,LBL,6,53,500,185.00,"92,500.00"
2019-03-05,2019030501003849,LBL,36,49,"1,000",185.00,"185,000.00"
2019-03-05,2019030501004172,LLBS,57,13,40,754.00,"30,160.00"
2019-03-05,2019030501004171,LLBS,58,13,10,754.00,"7,540.00"
2019-03-05,2019030501004139,MBL,40,35,440,208.00,"91,520.00"
2019-03-05,2019030501004092,MBL,40,34,60,208.00,"12,480.00"
2019-03-05,2019030501004091,MBL,33,34,200,208.00,"41,600.00"
2019-03-05,2019030501004090,MBL,21,34,50,208.00,"10,400.00"
2019-03-05,2019030501004089,MBL,45,34,50,208.00,"10,400.00"
2019-03-05,2019030501004088,MBL,16,34,100,208.00,"20,800.00"
2019-03-05,2019030501004087,MBL,38,34,40,208.00,"8,320.00"
2019-03-05,2019030501004140,MEGA,19,34,500,156.00,"78,000.00"
2019-03-05,2019030501004115,MEGA,58,52,100,157.00,"15,700.00"
2019-03-05,2019030501004019,MEGA,19,22,348,156.00,"54,288.00"
2019-03-05,2019030501004018,MEGA,58,22,152,156.00,"23,712.00"
2019-03-05,2019030501003861,MEGA,58,58,348,156.00,"54,288.00"
2019-03-05,2019030501003860,MEGA,19,58,52,156.00,"8,112.00"
2019-03-05,2019030501003998,MFIL,46,58,436,111.00,"48,396.00"
2019-03-05,2019030501003889,MFIL,46,10,64,111.00,"7,104.00"
2019-03-05,2019030501004241,MLBBL,32,48,20,588.00,"11,760.00"
2019-03-05,2019030501004240,MLBBL,34,48,20,589.00,"11,780.00"
2019-03-05,2019030501004298,MNBBL,45,1,50,335.00,"16,750.00"
2019-03-05,2019030501004297,MNBBL,34,1,200,335.00,"67,000.00"
2019-03-05,2019030501004296,MNBBL,57,1,500,336.00,"168,000.00"
2019-03-05,2019030501004295,MNBBL,38,1,50,336.00,"16,800.00"
2019-03-05,2019030501004219,MNBBL,7,58,400,337.00,"134,800.00"
2019-03-05,2019030501003985,MNBBL,32,58,500,337.00,"168,500.00"
2019-03-05,2019030501003879,MNBBL,49,1,200,338.00,"67,600.00"
2019-03-05,2019030501004294,MSLB,34,58,10,"1,271.00","12,710.00"
2019-03-05,2019030501004293,MSLB,55,58,10,"1,277.00","12,770.00"
2019-03-05,2019030501004076,MSLB,57,16,500,"1,295.00","647,500.00"
2019-03-05,2019030501004075,MSLB,41,16,50,"1,295.00","64,750.00"
2019-03-05,2019030501004044,MSLB,53,16,20,"1,301.00","26,020.00"
2019-03-05,2019030501003994,MSLB,39,11,15,"1,320.00","19,800.00"
2019-03-05,2019030501003993,MSLB,43,11,19,"1,321.00","25,099.00"
2019-03-05,2019030501003992,MSLB,34,11,40,"1,322.00","52,880.00"
2019-03-05,2019030501004043,MSLB,5,16,10,"1,301.00","13,010.00"
2019-03-05,2019030501004042,MSLB,47,16,10,"1,302.00","13,020.00"
2019-03-05,2019030501004041,MSLB,55,16,10,"1,304.00","13,040.00"
2019-03-05,2019030501004040,MSLB,34,16,10,"1,305.00","13,050.00"
2019-03-05,2019030501004039,MSLB,39,16,15,"1,305.00","19,575.00"
2019-03-05,2019030501004038,MSLB,34,16,15,"1,306.00","19,590.00"
2019-03-05,2019030501004324,NABIL,5,54,31,683.00,"21,173.00"
2019-03-05,2019030501004323,NABIL,26,54,40,683.00,"27,320.00"
2019-03-05,2019030501004322,NABIL,14,54,50,683.00,"34,150.00"
2019-03-05,2019030501004233,NABIL,5,35,150,685.00,"102,750.00"
2019-03-05,2019030501004014,NABIL,14,25,375,685.00,"256,875.00"
2019-03-05,2019030501003974,NABIL,14,43,70,685.00,"47,950.00"
2019-03-05,2019030501003871,NABIL,28,43,10,685.00,"6,850.00"
2019-03-05,2019030501003870,NABIL,28,36,40,684.00,"27,360.00"
2019-03-05,2019030501004010,NADEP,29,42,10,661.00,"6,610.00"
2019-03-05,2019030501003922,NBB,13,34,330,184.00,"60,720.00"
2019-03-05,2019030501004212,NBBL,51,42,100,639.00,"63,900.00"
2019-03-05,2019030501004021,NBBL,19,28,300,635.00,"190,500.00"
2019-03-05,2019030501004299,NBL,46,56,200,284.00,"56,800.00"
2019-03-05,2019030501004243,NBL,6,11,460,282.00,"129,720.00"
2019-03-05,2019030501004036,NBL,25,22,44,282.00,"12,408.00"
2019-03-05,2019030501003832,NBL,44,47,500,283.00,"141,500.00"
2019-03-05,2019030501004311,NCCB,8,38,"4,676",202.00,"944,552.00"
2019-03-05,2019030501004310,NCCB,44,38,"1,000",202.00,"202,000.00"
2019-03-05,2019030501004309,NCCB,25,38,200,202.00,"40,400.00"
2019-03-05,2019030501004308,NCCB,32,38,300,202.00,"60,600.00"
2019-03-05,2019030501004307,NCCB,26,38,500,202.00,"101,000.00"
2019-03-05,2019030501004306,NCCB,32,38,"1,000",202.00,"202,000.00"
2019-03-05,2019030501003829,NCCB,58,32,20,204.00,"4,080.00"
2019-03-05,2019030501004128,NCCB,19,38,100,203.00,"20,300.00"
2019-03-05,2019030501004127,NCCB,52,38,207,203.00,"42,021.00"
2019-03-05,2019030501004126,NCCB,25,38,"1,000",204.00,"204,000.00"
2019-03-05,2019030501004125,NCCB,42,38,485,204.00,"98,940.00"
2019-03-05,2019030501003831,NCCB,42,32,780,204.00,"159,120.00"
2019-03-05,2019030501003830,NCCB,6,32,200,204.00,"40,800.00"
2019-03-05,2019030501004134,NCCB,43,38,100,203.00,"20,300.00"
2019-03-05,2019030501004133,NCCB,38,38,500,203.00,"101,500.00"
2019-03-05,2019030501004132,NCCB,57,38,"1,000",203.00,"203,000.00"
2019-03-05,2019030501004131,NCCB,36,38,"1,000",203.00,"203,000.00"
2019-03-05,2019030501004130,NCCB,43,38,30,203.00,"6,090.00"
2019-03-05,2019030501004129,NCCB,51,38,100,203.00,"20,300.00"
2019-03-05,2019030501004305,NCCB,46,38,"1,000",202.00,"202,000.00"
2019-03-05,2019030501004242,NCCB,8,48,10,205.00,"2,050.00"
2019-03-05,2019030501004138,NCCB,38,38,"4,000",203.00,"812,000.00"
2019-03-05,2019030501004137,NCCB,50,38,"2,000",203.00,"406,000.00"
2019-03-05,2019030501004136,NCCB,28,38,500,203.00,"101,500.00"
2019-03-05,2019030501004135,NCCB,39,38,302,203.00,"61,306.00"
2019-03-05,2019030501003898,NEF,22,47,483,7.65,"3,694.95"
2019-03-05,2019030501004072,NIB,22,35,21,504.00,"10,584.00"
2019-03-05,2019030501004071,NIB,22,54,277,504.00,"139,608.00"
2019-03-05,2019030501003996,NIB,41,54,100,504.00,"50,400.00"
2019-03-05,2019030501003903,NIB,49,54,20,504.00,"10,080.00"
2019-03-05,2019030501004154,NIBLPF,26,11,851,7.40,"6,297.40"
2019-03-05,2019030501004153,NIBLPF,16,11,412,7.53,"3,102.36"
2019-03-05,2019030501004082,NIBLPF,16,48,475,7.53,"3,576.75"
2019-03-05,2019030501003926,NIBLPF,16,16,"1,638",7.52,"12,317.76"
2019-03-05,2019030501003925,NIBLPF,32,16,887,7.54,"6,687.98"
2019-03-05,2019030501004224,NICA,25,6,100,381.00,"38,100.00"
2019-03-05,2019030501004013,NICA,22,33,100,380.00,"38,000.00"
2019-03-05,2019030501003999,NICA,22,14,100,380.00,"38,000.00"
2019-03-05,2019030501003979,NICA,22,33,200,380.00,"76,000.00"
2019-03-05,2019030501003845,NICGF,22,41,300,8.61,"2,583.00"
2019-03-05,2019030501004030,NIL,21,42,100,508.00,"50,800.00"
2019-03-05,2019030501003954,NLBBL,21,13,60,447.00,"26,820.00"
2019-03-05,2019030501004283,NLG,25,53,10,790.00,"7,900.00"
2019-03-05,2019030501004282,NLG,25,13,30,780.00,"23,400.00"
2019-03-05,2019030501004074,NLG,25,13,10,780.00,"7,800.00"
2019-03-05,2019030501004280,NLIC,32,26,100,"1,056.00","105,600.00"
2019-03-05,2019030501004279,NLIC,32,56,29,"1,056.00","30,624.00"
2019-03-05,2019030501004149,NLIC,58,56,20,"1,056.00","21,120.00"
2019-03-05,2019030501004027,NLIC,50,56,10,"1,056.00","10,560.00"
2019-03-05,2019030501004026,NLIC,36,56,141,"1,056.00","148,896.00"
2019-03-05,2019030501004000,NLIC,36,45,67,"1,056.00","70,752.00"
2019-03-05,2019030501003853,NLIC,4,16,16,"1,056.00","16,896.00"
2019-03-05,2019030501003842,NLIC,4,56,84,"1,056.00","88,704.00"
2019-03-05,2019030501003841,NLIC,22,56,16,"1,056.00","16,896.00"
2019-03-05,2019030501003859,NLIC,26,16,63,"1,054.00","66,402.00"
2019-03-05,2019030501003858,NLIC,48,16,10,"1,054.00","10,540.00"
2019-03-05,2019030501003857,NLIC,33,16,150,"1,054.00","158,100.00"
2019-03-05,2019030501003856,NLIC,59,16,16,"1,054.00","16,864.00"
2019-03-05,2019030501003855,NLIC,51,16,10,"1,055.00","10,550.00"
2019-03-05,2019030501003854,NLIC,1,16,62,"1,055.00","65,410.00"
2019-03-05,2019030501003942,NLIC,36,14,17,"1,056.00","17,952.00"
2019-03-05,2019030501003927,NLIC,36,14,17,"1,056.00","17,952.00"
2019-03-05,2019030501003915,NLIC,36,14,17,"1,056.00","17,952.00"
2019-03-05,2019030501003909,NLIC,36,14,241,"1,056.00","254,496.00"
2019-03-05,2019030501003885,NLIC,49,50,100,"1,057.00","105,700.00"
2019-03-05,2019030501003864,NLIC,32,16,40,"1,054.00","42,160.00"
2019-03-05,2019030501004078,NLICL,42,43,200,614.00,"122,800.00"
2019-03-05,2019030501003934,NLICL,35,11,112,611.00,"68,432.00"
2019-03-05,2019030501003933,NLICL,35,11,20,611.00,"12,220.00"
2019-03-05,2019030501003932,NLICL,8,11,100,611.00,"61,100.00"
2019-03-05,2019030501003931,NLICL,14,11,100,611.00,"61,100.00"
2019-03-05,2019030501003930,NLICL,56,11,100,612.00,"61,200.00"
2019-03-05,2019030501003929,NLICL,22,11,120,612.00,"73,440.00"
2019-03-05,2019030501004216,NMB,59,57,1,301.00,301.00
2019-03-05,2019030501004117,NMB,22,14,500,306.00,"153,000.00"
2019-03-05,2019030501004255,NMFBS,34,58,20,"1,602.00","32,040.00"
2019-03-05,2019030501004254,NMFBS,6,58,10,"1,605.00","16,050.00"
2019-03-05,2019030501004015,NSEWA,11,44,10,526.00,"5,260.00"
2019-03-05,2019030501004325,NTC,47,49,10,680.00,"6,800.00"
2019-03-05,2019030501004195,NTC,42,7,135,683.00,"92,205.00"
2019-03-05,2019030501004169,NTC,59,7,20,683.00,"13,660.00"
2019-03-05,2019030501004049,NTC,47,28,500,680.00,"340,000.00"
2019-03-05,2019030501004048,NTC,47,28,500,680.00,"340,000.00"
2019-03-05,2019030501003888,NTC,59,7,20,683.00,"13,660.00"
2019-03-05,2019030501003867,NTC,34,28,"1,000",679.00,"679,000.00"
2019-03-05,2019030501004142,OHL,44,35,130,415.00,"53,950.00"
2019-03-05,2019030501004141,OHL,44,37,451,415.00,"187,165.00"
2019-03-05,2019030501004034,PCBL,14,26,141,306.00,"43,146.00"
2019-03-05,2019030501004313,PFL,56,57,26,129.00,"3,354.00"
2019-03-05,2019030501004289,PFL,39,57,26,129.00,"3,354.00"
2019-03-05,2019030501004256,PFL,39,57,26,129.00,"3,354.00"
2019-03-05,2019030501004234,PFL,39,57,26,129.00,"3,354.00"
2019-03-05,2019030501004217,PFL,39,57,26,129.00,"3,354.00"
2019-03-05,2019030501004170,PIC,49,32,59,"1,000.00","59,000.00"
2019-03-05,2019030501004118,PIC,49,34,78,"1,003.00","78,234.00"
2019-03-05,2019030501004062,PIC,49,11,11,"1,003.00","11,033.00"
2019-03-05,2019030501004029,PIC,49,7,141,"1,003.00","141,423.00"
2019-03-05,2019030501003986,PIC,49,32,70,"1,003.00","70,210.00"
2019-03-05,2019030501003946,PIC,49,45,100,"1,003.00","100,300.00"
2019-03-05,2019030501003920,PICL,49,58,100,678.00,"67,800.00"
2019-03-05,2019030501003902,PICL,49,36,400,678.00,"271,200.00"
2019-03-05,2019030501004288,PLIC,39,42,10,438.00,"4,380.00"
2019-03-05,2019030501003940,PLIC,51,45,200,433.00,"86,600.00"
2019-03-05,2019030501003948,PMHPL,28,20,10,108.00,"1,080.00"
2019-03-05,2019030501004110,PRIN,36,38,100,406.00,"40,600.00"
2019-03-05,2019030501004101,PRVU,51,8,25,212.00,"5,300.00"
2019-03-05,2019030501004100,PRVU,14,8,167,212.00,"35,404.00"
2019-03-05,2019030501004073,PRVU,14,14,100,212.00,"21,200.00"
2019-03-05,2019030501004068,PRVU,6,38,102,213.00,"21,726.00"
2019-03-05,2019030501004067,PRVU,6,39,148,213.00,"31,524.00"
2019-03-05,2019030501004199,PURBL,58,42,200,165.00,"33,000.00"
2019-03-05,2019030501004198,PURBL,58,42,86,165.00,"14,190.00"
2019-03-05,2019030501004197,PURBL,58,42,51,165.00,"8,415.00"
2019-03-05,2019030501004259,RADHI,50,42,11,158.00,"1,738.00"
2019-03-05,2019030501004031,RRHP,53,44,10,89.00,890.00
2019-03-05,2019030501004302,RSDC,44,5,60,375.00,"22,500.00"
2019-03-05,2019030501004301,RSDC,44,48,40,375.00,"15,000.00"
2019-03-05,2019030501003892,SADBL,42,42,40,135.00,"5,400.00"
2019-03-05,2019030501003891,SADBL,26,42,100,135.00,"13,500.00"
2019-03-05,2019030501004119,SANIMA,58,29,50,292.00,"14,600.00"
2019-03-05,2019030501003997,SANIMA,11,29,13,292.00,"3,796.00"
2019-03-05,2019030501004223,SBI,36,53,500,371.00,"185,500.00"
2019-03-05,2019030501004222,SBI,36,37,"1,000",370.00,"370,000.00"
2019-03-05,2019030501004221,SBI,36,5,50,370.00,"18,500.00"
2019-03-05,2019030501004220,SBI,36,37,250,370.00,"92,500.00"
2019-03-05,2019030501003914,SBI,14,37,100,370.00,"37,000.00"
2019-03-05,2019030501003883,SBL,43,1,78,276.00,"21,528.00"
2019-03-05,2019030501004273,SCB,26,47,50,528.00,"26,400.00"
2019-03-05,2019030501004209,SCB,45,47,20,528.00,"10,560.00"
2019-03-05,2019030501004159,SCB,29,47,10,528.00,"5,280.00"
2019-03-05,2019030501003899,SCB,51,13,30,527.00,"15,810.00"
2019-03-05,2019030501004035,SDESI,47,48,27,580.00,"15,660.00"
2019-03-05,2019030501004205,SEOS,7,19,"1,000",9.53,"9,530.00"
2019-03-05,2019030501004300,SHINE,34,34,"8,000",239.00,"1,912,000.00"
2019-03-05,2019030501004196,SHINE,34,34,10,240.00,"2,400.00"
2019-03-05,2019030501004239,SHPC,7,38,800,221.00,"176,800.00"
2019-03-05,2019030501004238,SHPC,7,25,11,220.00,"2,420.00"
2019-03-05,2019030501004237,SHPC,7,25,11,220.00,"2,420.00"
2019-03-05,2019030501004236,SHPC,7,25,11,220.00,"2,420.00"
2019-03-05,2019030501003884,SHPC,7,16,250,218.00,"54,500.00"
2019-03-05,2019030501004312,SIC,42,55,20,"1,258.00","25,160.00"
2019-03-05,2019030501004250,SIC,26,55,20,"1,255.00","25,100.00"
2019-03-05,2019030501004165,SIC,26,40,37,"1,255.00","46,435.00"
2019-03-05,2019030501003890,SIC,25,58,20,"1,249.00","24,980.00"
2019-03-05,2019030501004147,SICL,45,10,"1,000",860.00,"860,000.00"
2019-03-05,2019030501004146,SICL,41,10,100,860.00,"86,000.00"
2019-03-05,2019030501004145,SICL,59,10,500,861.00,"430,500.00"
2019-03-05,2019030501004144,SICL,40,10,200,861.00,"172,200.00"
2019-03-05,2019030501004143,SICL,59,10,195,861.00,"167,895.00"
2019-03-05,2019030501004065,SICL,34,10,100,862.00,"86,200.00"
2019-03-05,2019030501003873,SICL,57,16,120,862.00,"103,440.00"
2019-03-05,2019030501003872,SICL,35,16,20,863.00,"17,260.00"
2019-03-05,2019030501003851,SICL,14,26,150,865.00,"129,750.00"
2019-03-05,2019030501004012,SICL,5,10,300,862.00,"258,600.00"
2019-03-05,2019030501004011,SICL,34,10,200,863.00,"172,600.00"
2019-03-05,2019030501003877,SICL,59,16,105,861.00,"90,405.00"
2019-03-05,2019030501003876,SICL,29,16,71,861.00,"61,131.00"
2019-03-05,2019030501003875,SICL,5,16,84,861.00,"72,324.00"
2019-03-05,2019030501003874,SICL,34,16,200,862.00,"172,400.00"
2019-03-05,2019030501004281,SIL,42,44,50,597.00,"29,850.00"
2019-03-05,2019030501003978,SIL,56,20,57,592.00,"33,744.00"
2019-03-05,2019030501003917,SINDU,47,34,100,116.00,"11,600.00"
2019-03-05,2019030501003916,SINDU,1,34,990,116.00,"114,840.00"
2019-03-05,2019030501003846,SKBBL,22,1,52,825.00,"42,900.00"
2019-03-05,2019030501003962,SLBBL,54,28,58,482.00,"27,956.00"
2019-03-05,2019030501003961,SLBBL,14,28,15,482.00,"7,230.00"
2019-03-05,2019030501003960,SLBBL,21,28,20,482.00,"9,640.00"
2019-03-05,2019030501003959,SLBBL,37,28,100,483.00,"48,300.00"
2019-03-05,2019030501004327,SLBSL,52,21,190,770.00,"146,300.00"
2019-03-05,2019030501004326,SLBSL,52,42,10,769.00,"7,690.00"
2019-03-05,2019030501004104,SLBSL,52,56,10,765.00,"7,650.00"
2019-03-05,2019030501003848,SLBSL,52,45,10,765.00,"7,650.00"
2019-03-05,2019030501004251,SLICL,51,32,76,515.00,"39,140.00"
2019-03-05,2019030501004180,SLICL,51,13,48,515.00,"24,720.00"
2019-03-05,2019030501004179,SLICL,48,13,88,515.00,"45,320.00"
2019-03-05,2019030501004178,SLICL,34,13,15,516.00,"7,740.00"
2019-03-05,2019030501004098,SLICL,34,16,25,516.00,"12,900.00"
2019-03-05,2019030501004120,SMATA,57,10,18,"1,306.00","23,508.00"
2019-03-05,2019030501004016,SMATA,28,19,28,"1,307.00","36,596.00"
2019-03-05,2019030501003910,SMATA,28,32,72,"1,307.00","94,104.00"
2019-03-05,2019030501004187,SMB,58,55,10,606.00,"6,060.00"
2019-03-05,2019030501004173,SMB,58,11,10,606.00,"6,060.00"
2019-03-05,2019030501004210,SMFDB,45,22,300,632.00,"189,600.00"
2019-03-05,2019030501003862,SPDL,45,45,10,88.00,880.00
2019-03-05,2019030501004208,SRBL,6,52,412,206.00,"84,872.00"
2019-03-05,2019030501004207,SRBL,6,53,500,206.00,"103,000.00"
2019-03-05,2019030501004161,SWBBL,57,34,20,781.00,"15,620.00"
2019-03-05,2019030501004160,SWBBL,32,34,10,782.00,"7,820.00"
2019-03-05,2019030501003924,TRH,35,33,26,241.00,"6,266.00"
2019-03-05,2019030501003980,UIC,43,13,60,759.00,"45,540.00"
2019-03-05,2019030501003923,UIC,45,55,20,754.00,"15,080.00"
2019-03-05,2019030501004201,UPPER,16,16,50,224.00,"11,200.00"
2019-03-05,2019030501004200,UPPER,38,16,50,223.00,"11,150.00"
2019-03-05,2019030501003852,UPPER,38,45,100,224.00,"22,400.00"
2019-03-05,2019030501003958,UPPER,25,16,40,223.00,"8,920.00"
2019-03-05,2019030501003957,UPPER,25,44,50,223.00,"11,150.00"
2019-03-05,2019030501003944,UPPER,25,44,50,223.00,"11,150.00"
2019-03-05,2019030501003919,UPPER,25,44,24,223.00,"5,352.00"
2019-03-05,2019030501003918,UPPER,50,44,26,223.00,"5,798.00"
2019-03-05,2019030501003913,UPPER,50,16,50,223.00,"11,150.00"
2019-03-05,2019030501003965,UPPER,11,45,20,224.00,"4,480.00"
2019-03-05,2019030501003963,UPPER,25,20,50,223.00,"11,150.00"
2019-03-05,2019030501003982,UPPER,16,45,145,224.00,"32,480.00"
2019-03-05,2019030501003981,UPPER,16,34,55,224.00,"12,320.00"
2019-03-05,2019030501003976,UPPER,25,16,50,223.00,"11,150.00"
2019-03-05,2019030501003975,UPPER,25,44,50,223.00,"11,150.00"
2019-03-05,2019030501003967,UPPER,45,34,100,224.00,"22,400.00"
2019-03-05,2019030501003966,UPPER,11,34,40,224.00,"8,960.00"
2019-03-05,2019030501004003,UPPER,35,6,50,224.00,"11,200.00"
2019-03-05,2019030501004002,UPPER,35,6,25,224.00,"5,600.00"
2019-03-05,2019030501003991,UPPER,25,16,40,223.00,"8,920.00"
2019-03-05,2019030501003988,UPPER,25,44,50,223.00,"11,150.00"
2019-03-05,2019030501003987,UPPER,25,11,40,223.00,"8,920.00"
2019-03-05,2019030501003983,UPPER,16,6,15,224.00,"3,360.00"
2019-03-05,2019030501004009,UPPER,38,11,40,223.00,"8,920.00"
2019-03-05,2019030501004008,UPPER,25,28,6,223.00,"1,338.00"
2019-03-05,2019030501004007,UPPER,25,16,50,223.00,"11,150.00"
2019-03-05,2019030501004006,UPPER,35,6,50,224.00,"11,200.00"
2019-03-05,2019030501004005,UPPER,35,39,50,224.00,"11,200.00"
2019-03-05,2019030501004004,UPPER,35,6,40,224.00,"8,960.00"
2019-03-05,2019030501004168,UPPER,29,11,50,223.00,"11,150.00"
2019-03-05,2019030501004109,UPPER,29,11,50,223.00,"11,150.00"
2019-03-05,2019030501004032,UPPER,29,11,40,223.00,"8,920.00"
2019-03-05,2019030501004024,UPPER,29,42,20,223.00,"4,460.00"
2019-03-05,2019030501004023,UPPER,38,42,10,223.00,"2,230.00"
2019-03-05,2019030501004022,UPPER,38,42,10,223.00,"2,230.00"
2019-03-05,2019030501004194,UPPER,38,16,40,223.00,"8,920.00"
2019-03-05,2019030501004185,UPPER,38,38,"2,110",223.00,"470,530.00"
2019-03-05,2019030501004184,UPPER,50,38,200,223.00,"44,600.00"
2019-03-05,2019030501004183,UPPER,36,38,100,223.00,"22,300.00"
2019-03-05,2019030501004182,UPPER,55,38,250,223.00,"55,750.00"
2019-03-05,2019030501004181,UPPER,29,38,340,223.00,"75,820.00"
2019-03-05,2019030501003984,VLBS,51,48,12,656.00,"7,872.00"
2019-03-05,2019030501003912,VLBS,25,13,100,660.00,"66,000.00"
2019-03-05,2019030501003911,VLBS,57,13,100,660.00,"66,000.00"
2019-03-05,2019030501003908,VLBS,34,13,100,661.00,"66,100.00"
2019-03-05,2019030501003907,VLBS,35,13,12,661.00,"7,932.00"
2019-03-05,2019030501003906,VLBS,33,13,21,662.00,"13,902.00"
2019-03-05,2019030501003905,VLBS,58,13,88,663.00,"58,344.00"
2019-03-05,2019030501004218,WOMI,33,13,10,"1,100.00","11,000.00"
2019-03-05,2019030501003964,WOMI,22,58,10,"1,080.00","10,800.00"
2019-03-05,2019030501003620,ADBL,45,18,30,293.00,"8,790.00"
2019-03-05,2019030501003545,ADBL,19,22,100,292.00,"29,200.00"
2019-03-05,2019030501003355,ADBL,19,21,50,292.00,"14,600.00"
2019-03-05,2019030501003735,AKJCL,29,21,10,80.00,800.00
2019-03-05,2019030501003734,AKJCL,29,21,10,80.00,800.00
2019-03-05,2019030501003733,AKJCL,29,21,20,80.00,"1,600.00"
2019-03-05,2019030501003732,AKJCL,29,21,20,80.00,"1,600.00"
2019-03-05,2019030501003651,AKPL,22,8,13,156.00,"2,028.00"
2019-03-05,2019030501003820,ALICL,59,17,10,544.00,"5,440.00"
2019-03-05,2019030501003761,ALICL,57,21,10,542.00,"5,420.00"
2019-03-05,2019030501003760,ALICL,42,21,50,542.00,"27,100.00"
2019-03-05,2019030501003759,ALICL,39,21,40,543.00,"21,720.00"
2019-03-05,2019030501003752,ALICL,39,28,60,543.00,"32,580.00"
2019-03-05,2019030501003748,ALICL,51,28,100,543.00,"54,300.00"
2019-03-05,2019030501003346,ALICL,45,6,100,541.00,"54,100.00"
2019-03-05,2019030501003344,ALICL,51,44,50,542.00,"27,100.00"
2019-03-05,2019030501003330,ALICL,51,44,50,542.00,"27,100.00"
2019-03-05,2019030501003400,ALICL,58,44,100,542.00,"54,200.00"
2019-03-05,2019030501003389,ALICL,26,18,107,541.00,"57,887.00"
2019-03-05,2019030501003386,ALICL,36,44,843,541.00,"456,063.00"
2019-03-05,2019030501003372,ALICL,36,6,107,541.00,"57,887.00"
2019-03-05,2019030501003348,ALICL,36,6,50,541.00,"27,050.00"
2019-03-05,2019030501003347,ALICL,25,6,100,541.00,"54,100.00"
2019-03-05,2019030501003490,ALICL,52,44,500,542.00,"271,000.00"
2019-03-05,2019030501003465,ALICL,52,25,100,542.00,"54,200.00"
2019-03-05,2019030501003464,ALICL,47,25,100,542.00,"54,200.00"
2019-03-05,2019030501003463,ALICL,56,25,60,542.00,"32,520.00"
2019-03-05,2019030501003426,ALICL,56,44,30,542.00,"16,260.00"
2019-03-05,2019030501003401,ALICL,55,44,200,542.00,"108,400.00"
2019-03-05,2019030501003618,ALICL,22,44,100,542.00,"54,200.00"
2019-03-05,2019030501003599,ALICL,35,19,15,541.00,"8,115.00"
2019-03-05,2019030501003589,ALICL,35,21,92,541.00,"49,772.00"
2019-03-05,2019030501003588,ALICL,26,21,93,541.00,"50,313.00"
2019-03-05,2019030501003587,ALICL,6,21,15,542.00,"8,130.00"
2019-03-05,2019030501003542,ALICL,34,44,20,543.00,"10,860.00"
2019-03-05,2019030501003699,ALICL,16,28,100,543.00,"54,300.00"
2019-03-05,2019030501003670,ALICL,58,28,84,543.00,"45,612.00"
2019-03-05,2019030501003669,ALICL,58,26,100,543.00,"54,300.00"
2019-03-05,2019030501003668,ALICL,58,44,480,543.00,"260,640.00"
2019-03-05,2019030501003667,ALICL,58,26,156,542.00,"84,552.00"
2019-03-05,2019030501003619,ALICL,36,44,500,542.00,"271,000.00"
2019-03-05,2019030501003751,API,25,44,11,125.00,"1,375.00"
2019-03-05,2019030501003723,API,45,25,350,124.00,"43,400.00"
2019-03-05,2019030501003437,API,37,5,100,124.00,"12,400.00"
2019-03-05,2019030501003410,API,39,5,500,124.00,"62,000.00"
2019-03-05,2019030501003641,BHBL,28,34,500,150.00,"75,000.00"
2019-03-05,2019030501003640,BHBL,28,16,500,150.00,"75,000.00"
2019-03-05,2019030501003803,BNT,28,40,21,"6,500.00","136,500.00"
2019-03-05,2019030501003795,BOKL,52,59,"1,000",237.00,"237,000.00"
2019-03-05,2019030501003794,BOKL,1,59,100,237.00,"23,700.00"
2019-03-05,2019030501003793,BOKL,8,59,200,237.00,"47,400.00"
2019-03-05,2019030501003792,BOKL,38,59,25,237.00,"5,925.00"
2019-03-05,2019030501003791,BOKL,46,59,500,237.00,"118,500.00"
2019-03-05,2019030501003790,BOKL,13,59,100,238.00,"23,800.00"
2019-03-05,2019030501003789,BOKL,10,59,150,238.00,"35,700.00"
2019-03-05,2019030501003788,BOKL,19,59,100,238.00,"23,800.00"
2019-03-05,2019030501003787,BOKL,16,59,28,238.00,"6,664.00"
2019-03-05,2019030501003571,BOKL,57,45,94,239.00,"22,466.00"
2019-03-05,2019030501003632,BPCL,26,50,80,341.00,"27,280.00"
2019-03-05,2019030501003467,CBBL,49,56,121,868.00,"105,028.00"
2019-03-05,2019030501003725,CBL,52,28,10,149.00,"1,490.00"
2019-03-05,2019030501003508,CBL,44,28,150,148.00,"22,200.00"
2019-03-05,2019030501003396,CBL,37,28,150,149.00,"22,350.00"
2019-03-05,2019030501003516,CCBL,53,43,10,158.00,"1,580.00"
2019-03-05,2019030501003515,CCBL,56,43,36,158.00,"5,688.00"
2019-03-05,2019030501003631,CHCL,28,16,120,501.00,"60,120.00"
2019-03-05,2019030501003552,CHCL,28,16,860,501.00,"430,860.00"
2019-03-05,2019030501003534,CHCL,28,16,30,501.00,"15,030.00"
2019-03-05,2019030501003420,CHCL,28,56,100,501.00,"50,100.00"
2019-03-05,2019030501003419,CHCL,28,7,10,501.00,"5,010.00"
2019-03-05,2019030501003741,CHL,45,26,204,100.00,"20,400.00"
2019-03-05,2019030501003674,CHL,58,26,146,100.00,"14,600.00"
2019-03-05,2019030501003563,CHL,56,16,100,101.00,"10,100.00"
2019-03-05,2019030501003562,CHL,53,16,60,101.00,"6,060.00"
2019-03-05,2019030501003561,CHL,58,16,170,101.00,"17,170.00"
2019-03-05,2019030501003560,CHL,55,16,10,102.00,"1,020.00"
2019-03-05,2019030501003559,CHL,13,16,282,103.00,"29,046.00"
2019-03-05,2019030501003801,CHLBS,41,41,10,560.00,"5,600.00"
2019-03-05,2019030501003662,CHLBS,1,1,10,561.00,"5,610.00"
2019-03-05,2019030501003661,CHLBS,1,1,10,561.00,"5,610.00"
2019-03-05,2019030501003645,CHLBS,41,48,350,560.00,"196,000.00"
2019-03-05,2019030501003639,CHLBS,41,22,10,560.00,"5,600.00"
2019-03-05,2019030501003633,CHLBS,41,57,10,560.00,"5,600.00"
2019-03-05,2019030501003479,CHLBS,13,57,10,562.00,"5,620.00"
2019-03-05,2019030501003443,CHLBS,13,57,10,562.00,"5,620.00"
2019-03-05,2019030501003431,CHLBS,13,57,10,562.00,"5,620.00"
2019-03-05,2019030501003403,CHLBS,13,28,10,562.00,"5,620.00"
2019-03-05,2019030501003513,CHLBS,13,38,10,562.00,"5,620.00"
2019-03-05,2019030501003507,CHLBS,13,38,10,562.00,"5,620.00"
2019-03-05,2019030501003506,CHLBS,13,55,10,562.00,"5,620.00"
2019-03-05,2019030501003499,CHLBS,13,38,10,562.00,"5,620.00"
2019-03-05,2019030501003497,CHLBS,13,36,10,562.00,"5,620.00"
2019-03-05,2019030501003496,CHLBS,13,55,10,562.00,"5,620.00"
2019-03-05,2019030501003554,CHLBS,13,29,10,562.00,"5,620.00"
2019-03-05,2019030501003544,CHLBS,13,29,10,562.00,"5,620.00"
2019-03-05,2019030501003538,CHLBS,13,29,10,562.00,"5,620.00"
2019-03-05,2019030501003526,CHLBS,13,38,10,562.00,"5,620.00"
2019-03-05,2019030501003521,CHLBS,13,55,10,562.00,"5,620.00"
2019-03-05,2019030501003517,CHLBS,13,38,10,562.00,"5,620.00"
2019-03-05,2019030501003606,CHLBS,21,41,10,561.00,"5,610.00"
2019-03-05,2019030501003605,CHLBS,21,41,10,561.00,"5,610.00"
2019-03-05,2019030501003604,CHLBS,49,41,30,561.00,"16,830.00"
2019-03-05,2019030501003602,CHLBS,49,1,10,561.00,"5,610.00"
2019-03-05,2019030501003590,CHLBS,49,1,10,561.00,"5,610.00"
2019-03-05,2019030501003568,CHLBS,13,48,10,562.00,"5,620.00"
2019-03-05,2019030501003623,CHLBS,42,57,10,560.00,"5,600.00"
2019-03-05,2019030501003614,CHLBS,42,55,10,560.00,"5,600.00"
2019-03-05,2019030501003610,CHLBS,42,41,30,560.00,"16,800.00"
2019-03-05,2019030501003609,CHLBS,47,41,10,560.00,"5,600.00"
2019-03-05,2019030501003608,CHLBS,14,41,10,560.00,"5,600.00"
2019-03-05,2019030501003607,CHLBS,48,41,100,561.00,"56,100.00"
2019-03-05,2019030501003766,CIT,21,45,10,"2,530.00","25,300.00"
2019-03-05,2019030501003421,CIT,58,42,70,"2,530.00","177,100.00"
2019-03-05,2019030501003405,CIT,52,42,10,"2,530.00","25,300.00"
2019-03-05,2019030501003354,CIT,41,57,144,"2,530.00","364,320.00"
2019-03-05,2019030501003329,CIT,41,6,55,"2,530.00","139,150.00"
2019-03-05,2019030501003328,CIT,22,6,10,"2,530.00","25,300.00"
2019-03-05,2019030501003512,CZBIL,43,41,500,202.00,"101,000.00"
2019-03-05,2019030501003511,CZBIL,43,41,200,202.00,"40,400.00"
2019-03-05,2019030501003510,CZBIL,43,22,"2,041",202.00,"412,282.00"
2019-03-05,2019030501003509,CZBIL,43,33,20,202.00,"4,040.00"
2019-03-05,2019030501003441,CZBIL,48,33,20,202.00,"4,040.00"
2019-03-05,2019030501003536,DBBL,19,28,10,123.00,"1,230.00"
2019-03-05,2019030501003638,DDBL,43,45,50,575.00,"28,750.00"
2019-03-05,2019030501003650,EBL,4,38,50,507.00,"25,350.00"
2019-03-05,2019030501003649,EBL,17,38,50,508.00,"25,400.00"
2019-03-05,2019030501003593,EDBL,1,38,200,280.00,"56,000.00"
2019-03-05,2019030501003373,EDBL,20,42,56,276.00,"15,456.00"
2019-03-05,2019030501003647,FOWAD,42,39,20,"1,510.00","30,200.00"
2019-03-05,2019030501003646,FOWAD,42,39,80,"1,510.00","120,800.00"
2019-03-05,2019030501003771,GBIME,49,41,31,260.00,"8,060.00"
2019-03-05,2019030501003770,GBIME,14,41,15,260.00,"3,900.00"
2019-03-05,2019030501003769,GBIME,40,41,30,260.00,"7,800.00"
2019-03-05,2019030501003768,GBIME,40,41,30,260.00,"7,800.00"
2019-03-05,2019030501003767,GBIME,50,41,124,260.00,"32,240.00"
2019-03-05,2019030501003460,GBIME,50,55,76,260.00,"19,760.00"
2019-03-05,2019030501003436,GBIME,48,21,736,259.00,"190,624.00"
2019-03-05,2019030501003365,GBIME,48,47,90,259.00,"23,310.00"
2019-03-05,2019030501003567,GBLBS,34,29,10,435.00,"4,350.00"
2019-03-05,2019030501003353,GFCL,50,32,100,113.00,"11,300.00"
2019-03-05,2019030501003710,GLICL,32,35,30,677.00,"20,310.00"
2019-03-05,2019030501003740,HBL,11,17,100,428.00,"42,800.00"
2019-03-05,2019030501003705,HDL,45,26,92,"1,320.00","121,440.00"
2019-03-05,2019030501003827,HIDCL,11,44,200,129.00,"25,800.00"
2019-03-05,2019030501003826,HIDCL,54,44,120,129.00,"15,480.00"
2019-03-05,2019030501003825,HIDCL,25,44,500,129.00,"64,500.00"
2019-03-05,2019030501003824,HIDCL,33,44,200,129.00,"25,800.00"
2019-03-05,2019030501003823,HIDCL,48,44,29,129.00,"3,741.00"
2019-03-05,2019030501003822,HIDCL,47,44,610,129.00,"78,690.00"
2019-03-05,2019030501003708,HIDCL,5,44,213,130.00,"27,690.00"
2019-03-05,2019030501003489,HIDCL,5,14,29,130.00,"3,770.00"
2019-03-05,2019030501003488,HIDCL,5,14,29,130.00,"3,770.00"
2019-03-05,2019030501003487,HIDCL,5,14,29,130.00,"3,770.00"
2019-03-05,2019030501003812,HPPL,14,35,10,173.00,"1,730.00"
2019-03-05,2019030501003611,JBNL,33,42,200,164.00,"32,800.00"
2019-03-05,2019030501003333,JBNL,41,16,27,163.00,"4,401.00"
2019-03-05,2019030501003332,JBNL,19,16,300,163.00,"48,900.00"
2019-03-05,2019030501003331,JBNL,42,16,60,163.00,"9,780.00"
2019-03-05,2019030501003532,JSLBB,16,16,14,"2,415.00","33,810.00"
2019-03-05,2019030501003569,KBBL,57,16,110,205.00,"22,550.00"
2019-03-05,2019030501003541,KBL,25,16,23,227.00,"5,221.00"
2019-03-05,2019030501003450,KBL,25,21,697,227.00,"158,219.00"
2019-03-05,2019030501003449,KBL,42,21,20,227.00,"4,540.00"
2019-03-05,2019030501003448,KBL,46,21,811,227.00,"184,097.00"
2019-03-05,2019030501003447,KBL,33,21,500,228.00,"114,000.00"
2019-03-05,2019030501003446,KBL,29,21,250,229.00,"57,250.00"
2019-03-05,2019030501003371,KBL,16,16,835,228.00,"190,380.00"
2019-03-05,2019030501003370,KBL,6,16,200,228.00,"45,600.00"
2019-03-05,2019030501003369,KBL,10,16,100,228.00,"22,800.00"
2019-03-05,2019030501003368,KBL,52,16,100,228.00,"22,800.00"
2019-03-05,2019030501003367,KBL,6,16,460,228.00,"104,880.00"
2019-03-05,2019030501003722,KKHC,29,1,10,71.00,710.00
2019-03-05,2019030501003721,KKHC,29,1,10,71.00,710.00
2019-03-05,2019030501003720,KKHC,29,1,10,71.00,710.00
2019-03-05,2019030501003719,KKHC,29,1,10,71.00,710.00
2019-03-05,2019030501003718,KKHC,29,1,10,71.00,710.00
2019-03-05,2019030501003663,KMCDB,48,40,10,825.00,"8,250.00"
2019-03-05,2019030501003540,KMCDB,52,48,50,815.00,"40,750.00"
2019-03-05,2019030501003687,KMFL,29,26,277,860.00,"238,220.00"
2019-03-05,2019030501003673,KMFL,57,42,13,865.00,"11,245.00"
2019-03-05,2019030501003596,KMFL,29,16,23,860.00,"19,780.00"
2019-03-05,2019030501003595,KMFL,5,16,249,862.00,"214,638.00"
2019-03-05,2019030501003594,KMFL,42,16,10,865.00,"8,650.00"
2019-03-05,2019030501003468,KMFL,45,17,10,865.00,"8,650.00"
2019-03-05,2019030501003629,KPCL,51,51,10,92.00,920.00
2019-03-05,2019030501003628,KPCL,51,51,10,92.00,920.00
2019-03-05,2019030501003627,KPCL,51,51,10,92.00,920.00
2019-03-05,2019030501003660,KPCL,51,51,10,92.00,920.00
2019-03-05,2019030501003659,KPCL,51,51,10,92.00,920.00
2019-03-05,2019030501003658,KPCL,51,51,10,92.00,920.00
2019-03-05,2019030501003577,LBL,6,19,130,183.00,"23,790.00"
2019-03-05,2019030501003459,LBL,6,21,10,183.00,"1,830.00"
2019-03-05,2019030501003458,LBL,6,21,500,184.00,"92,000.00"
2019-03-05,2019030501003457,LBL,32,21,200,184.00,"36,800.00"
2019-03-05,2019030501003456,LBL,57,21,100,184.00,"18,400.00"
2019-03-05,2019030501003455,LBL,21,21,163,184.00,"29,992.00"
2019-03-05,2019030501003430,LGIL,53,41,10,500.00,"5,000.00"
2019-03-05,2019030501003786,MBL,49,14,100,209.00,"20,900.00"
2019-03-05,2019030501003498,MBL,38,28,790,208.00,"164,320.00"
2019-03-05,2019030501003335,MBL,38,49,147,208.00,"30,576.00"
2019-03-05,2019030501003462,MDB,4,21,31,222.00,"6,882.00"
2019-03-05,2019030501003461,MDB,57,21,300,222.00,"66,600.00"
2019-03-05,2019030501003730,MEGA,19,49,148,156.00,"23,088.00"
2019-03-05,2019030501003729,MEGA,28,49,55,156.00,"8,580.00"
2019-03-05,2019030501003696,MEGA,28,34,400,156.00,"62,400.00"
2019-03-05,2019030501003691,MEGA,13,52,202,157.00,"31,714.00"
2019-03-05,2019030501003690,MEGA,13,36,100,157.00,"15,700.00"
2019-03-05,2019030501003689,MEGA,13,13,198,157.00,"31,086.00"
2019-03-05,2019030501003411,MEGA,48,13,755,156.00,"117,780.00"
2019-03-05,2019030501003356,MEGA,5,13,50,157.00,"7,850.00"
2019-03-05,2019030501003451,MEGA,55,13,200,157.00,"31,400.00"
2019-03-05,2019030501003434,MEGA,22,13,211,157.00,"33,127.00"
2019-03-05,2019030501003433,MEGA,22,56,89,157.00,"13,973.00"
2019-03-05,2019030501003414,MEGA,28,13,45,156.00,"7,020.00"
2019-03-05,2019030501003413,MEGA,54,13,50,156.00,"7,800.00"
2019-03-05,2019030501003412,MEGA,21,13,150,156.00,"23,400.00"
2019-03-05,2019030501003394,MERO,50,16,89,582.00,"51,798.00"
2019-03-05,2019030501003393,MERO,51,16,20,585.00,"11,700.00"
2019-03-05,2019030501003392,MERO,28,16,81,586.00,"47,466.00"
2019-03-05,2019030501003391,MERO,44,16,20,587.00,"11,740.00"
2019-03-05,2019030501003390,MERO,51,16,100,588.00,"58,800.00"
2019-03-05,2019030501003454,MFIL,49,29,"1,000",112.00,"112,000.00"
2019-03-05,2019030501003453,MFIL,49,8,"4,021",112.00,"450,352.00"
2019-03-05,2019030501003452,MFIL,49,25,800,112.00,"89,600.00"
2019-03-05,2019030501003648,MIDBL,34,57,500,147.00,"73,500.00"
2019-03-05,2019030501003781,MNBBL,51,58,"1,000",336.00,"336,000.00"
2019-03-05,2019030501003780,MNBBL,43,58,20,337.00,"6,740.00"
2019-03-05,2019030501003418,MSLB,43,16,81,"1,321.00","107,001.00"
2019-03-05,2019030501003417,MSLB,26,16,20,"1,323.00","26,460.00"
2019-03-05,2019030501003819,NABIL,26,25,50,683.00,"34,150.00"
2019-03-05,2019030501003773,NABIL,41,36,150,684.00,"102,600.00"
2019-03-05,2019030501003533,NABIL,26,34,50,683.00,"34,150.00"
2019-03-05,2019030501003816,NBB,8,5,267,183.00,"48,861.00"
2019-03-05,2019030501003811,NBB,8,5,100,183.00,"18,300.00"
2019-03-05,2019030501003677,NBB,45,34,50,184.00,"9,200.00"
2019-03-05,2019030501003676,NBB,17,34,120,184.00,"22,080.00"
2019-03-05,2019030501003553,NBB,17,19,213,184.00,"39,192.00"
2019-03-05,2019030501003397,NBB,17,29,167,184.00,"30,728.00"
2019-03-05,2019030501003653,NBL,25,36,"1,956",282.00,"551,592.00"
2019-03-05,2019030501003652,NBL,16,36,44,282.00,"12,408.00"
2019-03-05,2019030501003475,NBL,16,21,150,282.00,"42,300.00"
2019-03-05,2019030501003474,NBL,20,21,"1,000",283.00,"283,000.00"
2019-03-05,2019030501003473,NBL,52,21,100,283.00,"28,300.00"
2019-03-05,2019030501003472,NBL,44,21,200,283.00,"56,600.00"
2019-03-05,2019030501003471,NBL,14,21,100,283.00,"28,300.00"
2019-03-05,2019030501003470,NBL,51,21,100,283.00,"28,300.00"
2019-03-05,2019030501003469,NBL,57,21,350,283.00,"99,050.00"
2019-03-05,2019030501003427,NCDB,43,57,172,116.00,"19,952.00"
2019-03-05,2019030501003742,NEF,16,16,"2,414",7.75,"18,708.50"
2019-03-05,2019030501003782,NIB,41,21,37,503.00,"18,611.00"
2019-03-05,2019030501003724,NIB,28,54,200,504.00,"100,800.00"
2019-03-05,2019030501003625,NIB,41,55,37,503.00,"18,611.00"
2019-03-05,2019030501003581,NIB,42,54,50,504.00,"25,200.00"
2019-03-05,2019030501003580,NIB,38,54,100,504.00,"50,400.00"
2019-03-05,2019030501003579,NIB,37,54,50,504.00,"25,200.00"
2019-03-05,2019030501003578,NIB,10,54,203,504.00,"102,312.00"
2019-03-05,2019030501003500,NIB,10,43,37,504.00,"18,648.00"
2019-03-05,2019030501003387,NIB,10,11,60,504.00,"30,240.00"
2019-03-05,2019030501003758,NIBPO,34,59,23,460.00,"10,580.00"
2019-03-05,2019030501003757,NIBPO,34,59,40,460.00,"18,400.00"
2019-03-05,2019030501003756,NIBPO,34,59,40,460.00,"18,400.00"
2019-03-05,2019030501003755,NIBPO,19,59,300,460.00,"138,000.00"
2019-03-05,2019030501003754,NIBPO,57,59,200,461.00,"92,200.00"
2019-03-05,2019030501003753,NIBPO,34,59,50,462.00,"23,100.00"
2019-03-05,2019030501003440,NIBSF1,52,8,"5,000",9.00,"45,000.00"
2019-03-05,2019030501003749,NICA,22,26,100,380.00,"38,000.00"
2019-03-05,2019030501003717,NICA,22,14,300,380.00,"114,000.00"
2019-03-05,2019030501003654,NICA,43,14,50,380.00,"19,000.00"
2019-03-05,2019030501003576,NICA,43,5,"2,640",380.00,"1,003,200.00"
2019-03-05,2019030501003575,NICA,43,14,12,380.00,"4,560.00"
2019-03-05,2019030501003574,NICA,43,14,15,380.00,"5,700.00"
2019-03-05,2019030501003573,NICA,43,49,"3,200",380.00,"1,216,000.00"
2019-03-05,2019030501003442,NICA,35,16,200,379.00,"75,800.00"
2019-03-05,2019030501003706,NICL,35,21,60,365.00,"21,900.00"
2019-03-05,2019030501003486,NICL,35,21,85,365.00,"31,025.00"
2019-03-05,2019030501003547,NIL,59,34,955,508.00,"485,140.00"
2019-03-05,2019030501003477,NLBBL,49,49,"1,650",440.00,"726,000.00"
2019-03-05,2019030501003425,NLBBL,5,49,50,446.00,"22,300.00"
2019-03-05,2019030501003424,NLBBL,44,49,100,450.00,"45,000.00"
2019-03-05,2019030501003423,NLBBL,21,49,100,451.00,"45,100.00"
2019-03-05,2019030501003422,NLBBL,41,49,100,452.00,"45,200.00"
2019-03-05,2019030501003818,NLIC,32,42,100,"1,057.00","105,700.00"
2019-03-05,2019030501003817,NLIC,32,6,219,"1,057.00","231,483.00"
2019-03-05,2019030501003802,NLIC,22,51,17,"1,056.00","17,952.00"
2019-03-05,2019030501003785,NLIC,22,6,17,"1,056.00","17,952.00"
2019-03-05,2019030501003715,NLIC,49,6,81,"1,057.00","85,617.00"
2019-03-05,2019030501003714,NLIC,49,50,20,"1,057.00","21,140.00"
2019-03-05,2019030501003522,NLIC,32,42,11,"1,055.00","11,605.00"
2019-03-05,2019030501003445,NLIC,17,42,59,"1,055.00","62,245.00"
2019-03-05,2019030501003444,NLIC,17,57,41,"1,055.00","43,255.00"
2019-03-05,2019030501003364,NLIC,22,42,20,"1,055.00","21,100.00"
2019-03-05,2019030501003352,NLIC,35,42,10,"1,055.00","10,550.00"
2019-03-05,2019030501003583,NLIC,32,47,101,"1,056.00","106,656.00"
2019-03-05,2019030501003582,NLIC,32,47,24,"1,056.00","25,344.00"
2019-03-05,2019030501003546,NLIC,32,34,100,"1,055.00","105,500.00"
2019-03-05,2019030501003525,NLIC,32,33,100,"1,055.00","105,500.00"
2019-03-05,2019030501003524,NLIC,32,34,17,"1,055.00","17,935.00"
2019-03-05,2019030501003523,NLIC,32,22,17,"1,055.00","17,935.00"
2019-03-05,2019030501003671,NLIC,55,55,3,"1,055.00","3,165.00"
2019-03-05,2019030501003665,NLIC,13,50,17,"1,055.00","17,935.00"
2019-03-05,2019030501003613,NLIC,13,49,100,"1,055.00","105,500.00"
2019-03-05,2019030501003586,NLIC,32,1,98,"1,056.00","103,488.00"
2019-03-05,2019030501003585,NLIC,32,5,300,"1,056.00","316,800.00"
2019-03-05,2019030501003584,NLIC,32,14,200,"1,056.00","211,200.00"
2019-03-05,2019030501003713,NLIC,49,51,102,"1,057.00","107,814.00"
2019-03-05,2019030501003712,NLIC,49,6,17,"1,057.00","17,969.00"
2019-03-05,2019030501003711,NLIC,16,16,17,"1,056.00","17,952.00"
2019-03-05,2019030501003702,NLIC,1,22,38,"1,055.00","40,090.00"
2019-03-05,2019030501003701,NLIC,13,22,33,"1,055.00","34,815.00"
2019-03-05,2019030501003672,NLIC,39,34,17,"1,057.00","17,969.00"
2019-03-05,2019030501003685,NLICL,22,50,80,612.00,"48,960.00"
2019-03-05,2019030501003728,NMB,55,42,60,305.00,"18,300.00"
2019-03-05,2019030501003704,NMB,54,14,10,306.00,"3,060.00"
2019-03-05,2019030501003682,NMB,55,35,410,305.00,"125,050.00"
2019-03-05,2019030501003681,NMB,58,35,100,305.00,"30,500.00"
2019-03-05,2019030501003680,NMB,28,35,100,305.00,"30,500.00"
2019-03-05,2019030501003679,NMB,42,35,390,305.00,"118,950.00"
2019-03-05,2019030501003601,NMB,21,21,7,302.00,"2,114.00"
2019-03-05,2019030501003800,NMBHF1,16,16,"4,161",8.85,"36,824.85"
2019-03-05,2019030501003798,NMBMF,46,42,10,"1,025.00","10,250.00"
2019-03-05,2019030501003797,NMBMF,46,34,50,"1,019.00","50,950.00"
2019-03-05,2019030501003796,NMBMF,46,13,137,"1,016.00","139,192.00"
2019-03-05,2019030501003556,NMBMF,43,8,22,"1,010.00","22,220.00"
2019-03-05,2019030501003555,NMBMF,43,52,10,"1,009.00","10,090.00"
2019-03-05,2019030501003763,NTC,34,7,949,679.00,"644,371.00"
2019-03-05,2019030501003762,NTC,19,7,51,679.00,"34,629.00"
2019-03-05,2019030501003745,NTC,35,7,20,680.00,"13,600.00"
2019-03-05,2019030501003698,NTC,19,7,15,683.00,"10,245.00"
2019-03-05,2019030501003350,NTC,25,7,10,683.00,"6,830.00"
2019-03-05,2019030501003744,PCBL,49,26,59,306.00,"18,054.00"
2019-03-05,2019030501003743,PCBL,49,43,11,306.00,"3,366.00"
2019-03-05,2019030501003520,PCBL,52,28,80,305.00,"24,400.00"
2019-03-05,2019030501003519,PCBL,11,28,100,305.00,"30,500.00"
2019-03-05,2019030501003518,PCBL,33,28,100,305.00,"30,500.00"
2019-03-05,2019030501003357,PCBL,33,28,350,305.00,"106,750.00"
2019-03-05,2019030501003675,PIC,49,34,100,"1,003.00","100,300.00"
2019-03-05,2019030501003634,PIC,49,55,11,"1,000.00","11,000.00"
2019-03-05,2019030501003617,PIC,49,33,150,"1,000.00","150,000.00"
2019-03-05,2019030501003694,PMHPL,28,17,10,108.00,"1,080.00"
2019-03-05,2019030501003693,PMHPL,28,17,10,108.00,"1,080.00"
2019-03-05,2019030501003692,PMHPL,28,17,10,108.00,"1,080.00"
2019-03-05,2019030501003615,PMHPL,56,21,97,107.00,"10,379.00"
2019-03-05,2019030501003564,PMHPL,56,16,10,107.00,"1,070.00"
2019-03-05,2019030501003415,PMHPL,56,39,10,107.00,"1,070.00"
2019-03-05,2019030501003402,PMHPL,56,39,10,107.00,"1,070.00"
2019-03-05,2019030501003366,PMHPL,56,14,30,107.00,"3,210.00"
2019-03-05,2019030501003799,PRIN,34,38,500,405.00,"202,500.00"
2019-03-05,2019030501003806,PRVU,49,39,100,213.00,"21,300.00"
2019-03-05,2019030501003550,PRVU,14,28,100,212.00,"21,200.00"
2019-03-05,2019030501003549,PRVU,14,55,16,212.00,"3,392.00"
2019-03-05,2019030501003548,PRVU,14,4,17,212.00,"3,604.00"
2019-03-05,2019030501003483,PRVU,28,21,954,211.00,"201,294.00"
2019-03-05,2019030501003482,PRVU,58,21,100,211.00,"21,100.00"
2019-03-05,2019030501003340,PRVU,52,59,150,211.00,"31,650.00"
2019-03-05,2019030501003339,PRVU,21,59,200,211.00,"42,200.00"
2019-03-05,2019030501003338,PRVU,1,59,100,211.00,"21,100.00"
2019-03-05,2019030501003337,PRVU,49,59,28,211.00,"5,908.00"
2019-03-05,2019030501003481,PRVU,42,21,100,211.00,"21,100.00"
2019-03-05,2019030501003480,PRVU,1,21,178,211.00,"37,558.00"
2019-03-05,2019030501003388,PRVU,26,4,100,212.00,"21,200.00"
2019-03-05,2019030501003343,PRVU,1,59,22,211.00,"4,642.00"
2019-03-05,2019030501003342,PRVU,51,59,100,211.00,"21,100.00"
2019-03-05,2019030501003341,PRVU,34,59,100,211.00,"21,100.00"
2019-03-05,2019030501003805,RLFL,1,13,195,110.00,"21,450.00"
2019-03-05,2019030501003804,RLFL,1,13,300,111.00,"33,300.00"
2019-03-05,2019030501003737,RMDC,58,55,10,528.00,"5,280.00"
2019-03-05,2019030501003624,RSDC,5,50,50,370.00,"18,500.00"
2019-03-05,2019030501003784,SANIMA,49,29,100,292.00,"29,200.00"
2019-03-05,2019030501003764,SANIMA,53,25,50,291.00,"14,550.00"
2019-03-05,2019030501003597,SANIMA,53,49,400,291.00,"116,400.00"
2019-03-05,2019030501003531,SANIMA,53,34,282,291.00,"82,062.00"
2019-03-05,2019030501003695,SBI,43,37,50,370.00,"18,500.00"
2019-03-05,2019030501003565,SBI,17,37,50,370.00,"18,500.00"
2019-03-05,2019030501003485,SBI,38,41,50,369.00,"18,450.00"
2019-03-05,2019030501003603,SBL,43,21,22,276.00,"6,072.00"
2019-03-05,2019030501003566,SBL,44,19,161,275.00,"44,275.00"
2019-03-05,2019030501003558,SBL,17,21,19,276.00,"5,244.00"
2019-03-05,2019030501003539,SBL,17,16,81,276.00,"22,356.00"
2019-03-05,2019030501003570,SCB,51,16,20,527.00,"10,540.00"
2019-03-05,2019030501003557,SCB,16,47,20,528.00,"10,560.00"
2019-03-05,2019030501003543,SCB,42,42,360,528.00,"190,080.00"
2019-03-05,2019030501003395,SCB,42,41,90,528.00,"47,520.00"
2019-03-05,2019030501003612,SDESI,21,21,1,573.00,573.00
2019-03-05,2019030501003478,SEOS,47,16,"5,000",9.35,"46,750.00"
2019-03-05,2019030501003683,SHINE,41,21,52,236.00,"12,272.00"
2019-03-05,2019030501003527,SHL,54,41,740,202.00,"149,480.00"
2019-03-05,2019030501003398,SIC,7,56,19,"1,248.00","23,712.00"
2019-03-05,2019030501003644,SICL,57,50,50,862.00,"43,100.00"
2019-03-05,2019030501003505,SICL,57,16,30,862.00,"25,860.00"
2019-03-05,2019030501003504,SICL,25,16,50,863.00,"43,150.00"
2019-03-05,2019030501003503,SICL,19,16,50,863.00,"43,150.00"
2019-03-05,2019030501003502,SICL,5,16,20,863.00,"17,260.00"
2019-03-05,2019030501003501,SICL,42,16,100,865.00,"86,500.00"
2019-03-05,2019030501003484,SIFC,49,22,537,134.00,"71,958.00"
2019-03-05,2019030501003777,SIL,56,59,338,592.00,"200,096.00"
2019-03-05,2019030501003776,SIL,59,59,28,593.00,"16,604.00"
2019-03-05,2019030501003738,SIL,1,34,30,595.00,"17,850.00"
2019-03-05,2019030501003466,SIL,19,34,10,595.00,"5,950.00"
2019-03-05,2019030501003432,SINDU,43,14,234,117.00,"27,378.00"
2019-03-05,2019030501003765,SKBBL,4,21,10,824.00,"8,240.00"
2019-03-05,2019030501003666,SLBBL,21,21,80,482.00,"38,560.00"
2019-03-05,2019030501003551,SLBS,58,17,10,959.00,"9,590.00"
2019-03-05,2019030501003404,SLBS,58,39,10,943.00,"9,430.00"
2019-03-05,2019030501003351,SLBS,58,8,15,925.00,"13,875.00"
2019-03-05,2019030501003336,SLBS,58,21,18,910.00,"16,380.00"
2019-03-05,2019030501003747,SLBSL,52,51,10,768.00,"7,680.00"
2019-03-05,2019030501003731,SLBSL,52,45,10,765.00,"7,650.00"
2019-03-05,2019030501003726,SLBSL,52,45,10,765.00,"7,650.00"
2019-03-05,2019030501003514,SLBSL,8,19,10,766.00,"7,660.00"
2019-03-05,2019030501003657,SLICL,48,42,12,515.00,"6,180.00"
2019-03-05,2019030501003656,SLICL,51,42,100,516.00,"51,600.00"
2019-03-05,2019030501003655,SLICL,41,42,50,517.00,"25,850.00"
2019-03-05,2019030501003572,SLICL,51,16,50,516.00,"25,800.00"
2019-03-05,2019030501003529,SLICL,51,28,50,516.00,"25,800.00"
2019-03-05,2019030501003528,SLICL,6,28,30,517.00,"15,510.00"
2019-03-05,2019030501003821,SPDL,45,45,10,90.00,900.00
2019-03-05,2019030501003775,SPDL,45,54,200,91.00,"18,200.00"
2019-03-05,2019030501003774,SPDL,45,13,200,90.00,"18,000.00"
2019-03-05,2019030501003684,SPDL,16,16,15,89.00,"1,335.00"
2019-03-05,2019030501003810,SRBL,34,17,79,205.00,"16,195.00"
2019-03-05,2019030501003809,SRBL,52,17,50,205.00,"10,250.00"
2019-03-05,2019030501003808,SRBL,25,17,50,205.00,"10,250.00"
2019-03-05,2019030501003807,SRBL,42,17,821,205.00,"168,305.00"
2019-03-05,2019030501003783,SRBL,42,26,160,205.00,"32,800.00"
2019-03-05,2019030501003709,SRBL,42,42,50,205.00,"10,250.00"
2019-03-05,2019030501003495,SRBL,42,21,469,205.00,"96,145.00"
2019-03-05,2019030501003494,SRBL,34,21,85,205.00,"17,425.00"
2019-03-05,2019030501003493,SRBL,34,21,50,205.00,"10,250.00"
2019-03-05,2019030501003492,SRBL,6,21,500,205.00,"102,500.00"
2019-03-05,2019030501003491,SRBL,58,21,256,205.00,"52,480.00"
2019-03-05,2019030501003416,SRBL,43,53,500,206.00,"103,000.00"
2019-03-05,2019030501003626,UIC,32,35,30,755.00,"22,650.00"
2019-03-05,2019030501003530,UIC,55,52,25,753.00,"18,825.00"
2019-03-05,2019030501003779,UPPER,1,45,50,224.00,"11,200.00"
2019-03-05,2019030501003778,UPPER,38,45,130,224.00,"29,120.00"
2019-03-05,2019030501003772,UPPER,52,57,40,225.00,"9,000.00"
2019-03-05,2019030501003750,UPPER,38,38,50,224.00,"11,200.00"
2019-03-05,2019030501003746,UPPER,38,38,50,224.00,"11,200.00"
2019-03-05,2019030501003739,UPPER,38,38,50,224.00,"11,200.00"
2019-03-05,2019030501003334,UPPER,14,38,51,223.00,"11,373.00"
2019-03-05,2019030501003361,UPPER,6,59,40,224.00,"8,960.00"
2019-03-05,2019030501003360,UPPER,6,14,40,224.00,"8,960.00"
2019-03-05,2019030501003359,UPPER,6,14,40,224.00,"8,960.00"
2019-03-05,2019030501003358,UPPER,6,14,40,224.00,"8,960.00"
2019-03-05,2019030501003349,UPPER,14,38,53,223.00,"11,819.00"
2019-03-05,2019030501003345,UPPER,14,16,50,223.00,"11,150.00"
2019-03-05,2019030501003377,UPPER,40,6,50,224.00,"11,200.00"
2019-03-05,2019030501003376,UPPER,40,32,40,224.00,"8,960.00"
2019-03-05,2019030501003375,UPPER,40,39,50,224.00,"11,200.00"
2019-03-05,2019030501003374,UPPER,40,34,40,224.00,"8,960.00"
2019-03-05,2019030501003363,UPPER,6,34,10,224.00,"2,240.00"
2019-03-05,2019030501003362,UPPER,6,7,50,224.00,"11,200.00"
2019-03-05,2019030501003383,UPPER,40,6,40,224.00,"8,960.00"
2019-03-05,2019030501003382,UPPER,40,42,50,224.00,"11,200.00"
2019-03-05,2019030501003381,UPPER,40,6,40,224.00,"8,960.00"
2019-03-05,2019030501003380,UPPER,40,42,50,224.00,"11,200.00"
2019-03-05,2019030501003379,UPPER,40,6,50,224.00,"11,200.00"
2019-03-05,2019030501003378,UPPER,40,6,40,224.00,"8,960.00"
2019-03-05,2019030501003409,UPPER,38,29,230,224.00,"51,520.00"
2019-03-05,2019030501003408,UPPER,38,42,50,224.00,"11,200.00"
2019-03-05,2019030501003407,UPPER,38,35,50,224.00,"11,200.00"
2019-03-05,2019030501003406,UPPER,38,42,40,224.00,"8,960.00"
2019-03-05,2019030501003385,UPPER,14,49,40,223.00,"8,920.00"
2019-03-05,2019030501003384,UPPER,40,42,50,224.00,"11,200.00"
2019-03-05,2019030501003476,UPPER,57,29,700,224.00,"156,800.00"
2019-03-05,2019030501003439,UPPER,50,38,24,223.00,"5,352.00"
2019-03-05,2019030501003438,UPPER,1,38,26,223.00,"5,798.00"
2019-03-05,2019030501003435,UPPER,57,29,163,224.00,"36,512.00"
2019-03-05,2019030501003429,UPPER,1,38,24,223.00,"5,352.00"
2019-03-05,2019030501003428,UPPER,14,38,26,223.00,"5,798.00"
2019-03-05,2019030501003600,UPPER,16,38,50,224.00,"11,200.00"
2019-03-05,2019030501003598,UPPER,16,49,50,224.00,"11,200.00"
2019-03-05,2019030501003592,UPPER,16,38,50,224.00,"11,200.00"
2019-03-05,2019030501003591,UPPER,16,57,40,224.00,"8,960.00"
2019-03-05,2019030501003537,UPPER,16,57,50,224.00,"11,200.00"
2019-03-05,2019030501003535,UPPER,16,57,50,224.00,"11,200.00"
2019-03-05,2019030501003622,UPPER,16,38,50,224.00,"11,200.00"
2019-03-05,2019030501003621,UPPER,16,21,40,224.00,"8,960.00"
2019-03-05,2019030501003616,UPPER,16,38,50,224.00,"11,200.00"
2019-03-05,2019030501003643,UPPER,38,55,20,224.00,"4,480.00"
2019-03-05,2019030501003642,UPPER,16,55,20,224.00,"4,480.00"
2019-03-05,2019030501003630,UPPER,16,38,50,224.00,"11,200.00"
2019-03-05,2019030501003697,UPPER,38,38,40,224.00,"8,960.00"
2019-03-05,2019030501003688,UPPER,38,21,50,224.00,"11,200.00"
2019-03-05,2019030501003686,UPPER,38,38,50,224.00,"11,200.00"
2019-03-05,2019030501003678,UPPER,38,38,40,224.00,"8,960.00"
2019-03-05,2019030501003664,UPPER,38,38,40,224.00,"8,960.00"
2019-03-05,2019030501003736,UPPER,38,38,40,224.00,"8,960.00"
2019-03-05,2019030501003727,UPPER,38,38,50,224.00,"11,200.00"
2019-03-05,2019030501003716,UPPER,38,38,50,224.00,"11,200.00"
2019-03-05,2019030501003707,UPPER,38,38,50,224.00,"11,200.00"
2019-03-05,2019030501003703,UPPER,38,38,50,224.00,"11,200.00"
2019-03-05,2019030501003700,UPPER,38,57,50,224.00,"11,200.00"
2019-03-05,2019030501003815,WOMI,22,13,28,"1,080.00","30,240.00"
2019-03-05,2019030501003814,WOMI,21,13,50,"1,080.00","54,000.00"
2019-03-05,2019030501003813,WOMI,1,13,22,"1,080.00","23,760.00"
2019-03-05,2019030501003637,WOMI,1,56,28,"1,080.00","30,240.00"
2019-03-05,2019030501003636,WOMI,49,56,100,"1,081.00","108,100.00"
2019-03-05,2019030501003635,WOMI,22,56,17,"1,081.00","18,377.00"
2019-03-05,2019030501003399,WOMI,22,57,33,"1,081.00","35,673.00"
2019-03-05,2019030501003200,ADBL,19,21,150,292.00,"43,800.00"
2019-03-05,2019030501002943,ADBL,51,18,50,293.00,"14,650.00"
2019-03-05,2019030501002875,ADBL,49,18,100,293.00,"29,300.00"
2019-03-05,2019030501003233,AKJCL,6,6,20,80.00,"1,600.00"
2019-03-05,2019030501003195,AKJCL,45,16,10,81.00,810.00
2019-03-05,2019030501003263,AKPL,16,16,13,158.00,"2,054.00"
2019-03-05,2019030501003101,AKPL,22,25,200,160.00,"32,000.00"
2019-03-05,2019030501003082,AKPL,55,55,3,158.00,474.00
2019-03-05,2019030501003070,AKPL,22,21,50,159.00,"7,950.00"
2019-03-05,2019030501002938,AKPL,58,14,13,159.00,"2,067.00"
2019-03-05,2019030501002937,AKPL,58,14,13,159.00,"2,067.00"
2019-03-05,2019030501002936,AKPL,58,14,13,159.00,"2,067.00"
2019-03-05,2019030501003323,ALICL,22,44,50,542.00,"27,100.00"
2019-03-05,2019030501003322,ALICL,43,44,20,542.00,"10,840.00"
2019-03-05,2019030501003300,ALICL,44,6,85,542.00,"46,070.00"
2019-03-05,2019030501003292,ALICL,44,42,15,542.00,"8,130.00"
2019-03-05,2019030501003241,ALICL,42,14,18,542.00,"9,756.00"
2019-03-05,2019030501003229,ALICL,17,6,100,541.00,"54,100.00"
2019-03-05,2019030501002851,ALICL,25,38,100,541.00,"54,100.00"
2019-03-05,2019030501002850,ALICL,45,38,25,541.00,"13,525.00"
2019-03-05,2019030501002846,ALICL,21,13,10,543.00,"5,430.00"
2019-03-05,2019030501002900,ALICL,38,38,5,541.00,"2,705.00"
2019-03-05,2019030501002896,ALICL,43,44,60,542.00,"32,520.00"
2019-03-05,2019030501002895,ALICL,49,44,230,542.00,"124,660.00"
2019-03-05,2019030501002894,ALICL,54,44,60,542.00,"32,520.00"
2019-03-05,2019030501002862,ALICL,35,13,30,543.00,"16,290.00"
2019-03-05,2019030501002852,ALICL,51,13,50,543.00,"27,150.00"
2019-03-05,2019030501002958,ALICL,42,13,10,543.00,"5,430.00"
2019-03-05,2019030501002957,ALICL,42,44,10,542.00,"5,420.00"
2019-03-05,2019030501002955,ALICL,25,44,20,542.00,"10,840.00"
2019-03-05,2019030501002934,ALICL,38,44,45,542.00,"24,390.00"
2019-03-05,2019030501002914,ALICL,21,44,15,542.00,"8,130.00"
2019-03-05,2019030501002907,ALICL,1,44,60,542.00,"32,520.00"
2019-03-05,2019030501003048,ALICL,57,44,70,542.00,"37,940.00"
2019-03-05,2019030501003047,ALICL,22,44,300,542.00,"162,600.00"
2019-03-05,2019030501003046,ALICL,56,44,100,543.00,"54,300.00"
2019-03-05,2019030501003025,ALICL,52,17,65,544.00,"35,360.00"
2019-03-05,2019030501002960,ALICL,42,18,56,545.00,"30,520.00"
2019-03-05,2019030501002959,ALICL,42,26,24,545.00,"13,080.00"
2019-03-05,2019030501003096,ALICL,36,55,60,542.00,"32,520.00"
2019-03-05,2019030501003086,ALICL,52,57,99,541.00,"53,559.00"
2019-03-05,2019030501003085,ALICL,56,57,19,541.00,"10,279.00"
2019-03-05,2019030501003084,ALICL,57,57,82,542.00,"44,444.00"
2019-03-05,2019030501003051,ALICL,32,17,20,544.00,"10,880.00"
2019-03-05,2019030501003049,ALICL,57,44,150,542.00,"81,300.00"
2019-03-05,2019030501003137,ALICL,25,55,10,542.00,"5,420.00"
2019-03-05,2019030501003130,ALICL,43,44,60,542.00,"32,520.00"
2019-03-05,2019030501003107,ALICL,36,44,895,542.00,"485,090.00"
2019-03-05,2019030501003105,ALICL,36,55,60,542.00,"32,520.00"
2019-03-05,2019030501003103,ALICL,36,28,400,542.00,"216,800.00"
2019-03-05,2019030501003098,ALICL,36,17,85,542.00,"46,070.00"
2019-03-05,2019030501003164,ALICL,33,14,30,542.00,"16,260.00"
2019-03-05,2019030501003156,ALICL,57,14,100,542.00,"54,200.00"
2019-03-05,2019030501003153,ALICL,56,14,22,542.00,"11,924.00"
2019-03-05,2019030501003152,ALICL,33,14,130,542.00,"70,460.00"
2019-03-05,2019030501003149,ALICL,33,55,30,542.00,"16,260.00"
2019-03-05,2019030501003140,ALICL,42,55,60,542.00,"32,520.00"
2019-03-05,2019030501003174,ALICL,22,44,200,541.00,"108,200.00"
2019-03-05,2019030501003173,ALICL,32,44,200,541.00,"108,200.00"
2019-03-05,2019030501003172,ALICL,33,44,600,541.00,"324,600.00"
2019-03-05,2019030501003171,ALICL,14,44,"1,000",541.00,"541,000.00"
2019-03-05,2019030501003170,ALICL,34,44,37,541.00,"20,017.00"
2019-03-05,2019030501003169,ALICL,52,44,52,541.00,"28,132.00"
2019-03-05,2019030501003228,ALICL,40,14,500,542.00,"271,000.00"
2019-03-05,2019030501003213,ALICL,17,18,100,541.00,"54,100.00"
2019-03-05,2019030501003197,ALICL,48,6,127,541.00,"68,707.00"
2019-03-05,2019030501003188,ALICL,48,56,73,541.00,"39,493.00"
2019-03-05,2019030501003181,ALICL,51,14,200,542.00,"108,400.00"
2019-03-05,2019030501003175,ALICL,42,44,410,541.00,"221,810.00"
2019-03-05,2019030501003196,AMFI,28,42,10,661.00,"6,610.00"
2019-03-05,2019030501002889,AMFI,11,57,100,661.00,"66,100.00"
2019-03-05,2019030501002898,API,13,13,50,123.00,"6,150.00"
2019-03-05,2019030501002987,BARUN,39,19,460,94.00,"43,240.00"
2019-03-05,2019030501002844,BBC,4,45,20,"1,605.00","32,100.00"
2019-03-05,2019030501003135,BHBL,4,10,904,149.00,"134,696.00"
2019-03-05,2019030501003010,BOKL,16,49,172,238.00,"40,936.00"
2019-03-05,2019030501003009,BOKL,1,49,128,238.00,"30,464.00"
2019-03-05,2019030501003123,BPCL,26,16,10,341.00,"3,410.00"
2019-03-05,2019030501003050,BPCL,26,10,20,341.00,"6,820.00"
2019-03-05,2019030501003262,CBBL,49,16,111,868.00,"96,348.00"
2019-03-05,2019030501003261,CBBL,48,16,100,868.00,"86,800.00"
2019-03-05,2019030501003260,CBBL,49,16,350,868.00,"303,800.00"
2019-03-05,2019030501003259,CBBL,1,16,10,868.00,"8,680.00"
2019-03-05,2019030501003256,CBBL,48,5,50,869.00,"43,450.00"
2019-03-05,2019030501003168,CBBL,48,19,30,869.00,"26,070.00"
2019-03-05,2019030501003265,CBL,6,6,8,146.00,"1,168.00"
2019-03-05,2019030501003083,CBL,44,42,500,148.00,"74,000.00"
2019-03-05,2019030501003167,CCBL,1,14,29,159.00,"4,611.00"
2019-03-05,2019030501003166,CCBL,1,48,71,159.00,"11,289.00"
2019-03-05,2019030501003125,CCBL,56,41,116,158.00,"18,328.00"
2019-03-05,2019030501002868,CCBL,56,56,48,158.00,"7,584.00"
2019-03-05,2019030501002867,CCBL,52,56,50,158.00,"7,900.00"
2019-03-05,2019030501002866,CCBL,57,56,19,158.00,"3,002.00"
2019-03-05,2019030501003305,CHCL,49,16,326,500.00,"163,000.00"
2019-03-05,2019030501003207,CHCL,49,14,600,500.00,"300,000.00"
2019-03-05,2019030501003206,CHCL,53,14,200,501.00,"100,200.00"
2019-03-05,2019030501003114,CHCL,26,26,64,501.00,"32,064.00"
2019-03-05,2019030501003112,CHCL,26,26,"1,300",501.00,"651,300.00"
2019-03-05,2019030501003067,CHCL,26,42,100,501.00,"50,100.00"
2019-03-05,2019030501002963,CHCL,49,32,75,500.00,"37,500.00"
2019-03-05,2019030501002994,CHL,13,21,18,103.00,"1,854.00"
2019-03-05,2019030501003310,CHLBS,13,51,10,562.00,"5,620.00"
2019-03-05,2019030501003295,CHLBS,13,51,10,562.00,"5,620.00"
2019-03-05,2019030501003245,CHLBS,6,6,10,564.00,"5,640.00"
2019-03-05,2019030501003209,CHLBS,13,26,10,562.00,"5,620.00"
2019-03-05,2019030501003204,CHLBS,13,26,10,562.00,"5,620.00"
2019-03-05,2019030501003190,CHLBS,13,28,10,562.00,"5,620.00"
2019-03-05,2019030501002838,CHLBS,13,44,10,562.00,"5,620.00"
2019-03-05,2019030501002834,CHLBS,13,44,10,562.00,"5,620.00"
2019-03-05,2019030501002831,CHLBS,13,8,10,562.00,"5,620.00"
2019-03-05,2019030501002829,CHLBS,13,44,10,562.00,"5,620.00"
2019-03-05,2019030501003008,CHLBS,33,38,10,564.00,"5,640.00"
2019-03-05,2019030501003007,CHLBS,33,25,10,563.00,"5,630.00"
2019-03-05,2019030501002854,CHLBS,13,35,10,562.00,"5,620.00"
2019-03-05,2019030501002848,CHLBS,13,35,10,562.00,"5,620.00"
2019-03-05,2019030501002847,CHLBS,13,49,10,562.00,"5,620.00"
2019-03-05,2019030501002839,CHLBS,13,8,10,562.00,"5,620.00"
2019-03-05,2019030501003185,CHLBS,13,38,10,562.00,"5,620.00"
2019-03-05,2019030501003180,CHLBS,13,28,10,562.00,"5,620.00"
2019-03-05,2019030501003132,CHLBS,52,51,10,564.00,"5,640.00"
2019-03-05,2019030501003131,CHLBS,13,16,10,562.00,"5,620.00"
2019-03-05,2019030501003124,CHLBS,52,51,10,564.00,"5,640.00"
2019-03-05,2019030501003066,CHLBS,13,28,10,562.00,"5,620.00"
2019-03-05,2019030501003327,CIT,55,6,10,"2,530.00","25,300.00"
2019-03-05,2019030501003326,CIT,22,6,25,"2,532.00","63,300.00"
2019-03-05,2019030501003264,CIT,49,49,200,"2,533.00","506,600.00"
2019-03-05,2019030501003134,CZBIL,22,33,50,202.00,"10,100.00"
2019-03-05,2019030501002966,CZBIL,14,22,300,201.00,"60,300.00"
2019-03-05,2019030501002965,CZBIL,45,22,501,201.00,"100,701.00"
2019-03-05,2019030501002964,CZBIL,41,22,25,201.00,"5,025.00"
2019-03-05,2019030501003063,DDBL,49,32,15,575.00,"8,625.00"
2019-03-05,2019030501003155,EBL,4,28,200,507.00,"101,400.00"
2019-03-05,2019030501002993,EBL,4,17,500,507.00,"253,500.00"
2019-03-05,2019030501002952,EBL,36,34,10,509.00,"5,090.00"
2019-03-05,2019030501003307,EIC,39,13,50,799.00,"39,950.00"
2019-03-05,2019030501003320,FOWAD,42,49,20,"1,510.00","30,200.00"
2019-03-05,2019030501003319,FOWAD,59,49,20,"1,510.00","30,200.00"
2019-03-05,2019030501003318,FOWAD,38,49,10,"1,515.00","15,150.00"
2019-03-05,2019030501003317,FOWAD,55,49,35,"1,515.00","53,025.00"
2019-03-05,2019030501003316,FOWAD,43,49,100,"1,516.00","151,600.00"
2019-03-05,2019030501003315,FOWAD,25,49,15,"1,516.00","22,740.00"
2019-03-05,2019030501002835,FOWAD,48,21,40,"1,520.00","60,800.00"
2019-03-05,2019030501003216,GBBL,45,16,233,180.00,"41,940.00"
2019-03-05,2019030501003215,GBBL,1,16,100,181.00,"18,100.00"
2019-03-05,2019030501003002,GBBL,45,13,50,180.00,"9,000.00"
2019-03-05,2019030501002983,GBBL,45,51,100,180.00,"18,000.00"
2019-03-05,2019030501002977,GBBL,42,33,356,180.00,"64,080.00"
2019-03-05,2019030501002935,GBBL,42,1,137,180.00,"24,660.00"
2019-03-05,2019030501002916,GBBL,49,1,250,181.00,"45,250.00"
2019-03-05,2019030501003232,GBIME,25,51,380,260.00,"98,800.00"
2019-03-05,2019030501003179,GBIME,22,52,43,260.00,"11,180.00"
2019-03-05,2019030501003104,GBIME,48,41,100,259.00,"25,900.00"
2019-03-05,2019030501003022,GBIME,52,41,100,259.00,"25,900.00"
2019-03-05,2019030501003021,GBIME,42,41,300,260.00,"78,000.00"
2019-03-05,2019030501002954,GBIME,33,38,140,261.00,"36,540.00"
2019-03-05,2019030501002953,GBIME,33,25,60,261.00,"15,660.00"
2019-03-05,2019030501003282,GBLBS,16,16,10,439.00,"4,390.00"
2019-03-05,2019030501003244,GDBL,35,41,50,177.00,"8,850.00"
2019-03-05,2019030501003243,GDBL,37,41,265,177.00,"46,905.00"
2019-03-05,2019030501003211,GDBL,37,16,235,177.00,"41,595.00"
2019-03-05,2019030501003210,GDBL,55,16,161,177.00,"28,497.00"
2019-03-05,2019030501003092,GDBL,55,41,107,177.00,"18,939.00"
2019-03-05,2019030501002979,GDBL,55,14,165,177.00,"29,205.00"
2019-03-05,2019030501002833,GHL,49,42,30,229.00,"6,870.00"
2019-03-05,2019030501002903,GLICL,11,43,20,683.00,"13,660.00"
2019-03-05,2019030501002995,GRDBL,55,28,100,104.00,"10,400.00"
2019-03-05,2019030501003249,HIDCL,47,10,28,129.00,"3,612.00"
2019-03-05,2019030501003119,HIDCL,47,41,58,129.00,"7,482.00"
2019-03-05,2019030501003108,HIDCL,47,41,58,129.00,"7,482.00"
2019-03-05,2019030501002891,HIDCL,47,41,58,129.00,"7,482.00"
2019-03-05,2019030501003311,HPPL,41,22,150,175.00,"26,250.00"
2019-03-05,2019030501003286,HPPL,14,33,60,173.00,"10,380.00"
2019-03-05,2019030501003257,HPPL,14,42,10,173.00,"1,730.00"
2019-03-05,2019030501003109,HPPL,14,10,10,173.00,"1,730.00"
2019-03-05,2019030501003159,IGI,49,35,100,394.00,"39,400.00"
2019-03-05,2019030501003158,IGI,57,35,10,395.00,"3,950.00"
2019-03-05,2019030501003157,IGI,56,35,20,395.00,"7,900.00"
2019-03-05,2019030501003151,JOSHI,49,42,20,160.00,"3,200.00"
2019-03-05,2019030501003275,KBL,6,29,40,228.00,"9,120.00"
2019-03-05,2019030501003274,KBL,56,29,500,228.00,"114,000.00"
2019-03-05,2019030501003273,KBL,1,29,100,228.00,"22,800.00"
2019-03-05,2019030501003272,KBL,17,29,150,228.00,"34,200.00"
2019-03-05,2019030501003271,KBL,25,29,100,228.00,"22,800.00"
2019-03-05,2019030501003270,KBL,51,29,200,228.00,"45,600.00"
2019-03-05,2019030501003269,KBL,4,29,250,229.00,"57,250.00"
2019-03-05,2019030501003268,KBL,1,29,277,229.00,"63,433.00"
2019-03-05,2019030501003091,KBL,1,42,100,229.00,"22,900.00"
2019-03-05,2019030501003036,KBL,52,48,42,230.00,"9,660.00"
2019-03-05,2019030501003020,KBL,1,52,42,229.00,"9,618.00"
2019-03-05,2019030501002918,KBL,1,41,65,229.00,"14,885.00"
2019-03-05,2019030501003250,KPCL,6,6,10,92.00,920.00
2019-03-05,2019030501003129,KSBBL,33,41,114,134.00,"15,276.00"
2019-03-05,2019030501002992,LBBL,49,53,"1,000",170.00,"170,000.00"
2019-03-05,2019030501003308,LBL,5,52,50,185.00,"9,250.00"
2019-03-05,2019030501002944,MBL,38,46,123,208.00,"25,584.00"
2019-03-05,2019030501003285,MEGA,48,49,270,156.00,"42,120.00"
2019-03-05,2019030501003266,MEGA,48,26,140,156.00,"21,840.00"
2019-03-05,2019030501002974,MEGA,49,13,70,157.00,"10,990.00"
2019-03-05,2019030501002973,MEGA,49,26,108,157.00,"16,956.00"
2019-03-05,2019030501002972,MEGA,49,26,110,157.00,"17,270.00"
2019-03-05,2019030501002971,MEGA,49,26,52,157.00,"8,164.00"
2019-03-05,2019030501002950,MEGA,56,26,58,157.00,"9,106.00"
2019-03-05,2019030501002949,MEGA,56,26,42,157.00,"6,594.00"
2019-03-05,2019030501002859,MEGA,43,26,200,157.00,"31,400.00"
2019-03-05,2019030501003095,MERO,42,42,10,592.00,"5,920.00"
2019-03-05,2019030501003252,MFIL,59,29,"1,000",111.00,"111,000.00"
2019-03-05,2019030501003203,MIDBL,38,57,100,145.00,"14,500.00"
2019-03-05,2019030501002930,MLBL,32,41,43,157.00,"6,751.00"
2019-03-05,2019030501003240,MMFDB,54,8,18,906.00,"16,308.00"
2019-03-05,2019030501003142,MNBBL,25,34,100,337.00,"33,700.00"
2019-03-05,2019030501003141,MNBBL,34,34,500,337.00,"168,500.00"
2019-03-05,2019030501003087,MNBBL,42,6,200,338.00,"67,600.00"
2019-03-05,2019030501003042,MNBBL,42,42,99,338.00,"33,462.00"
2019-03-05,2019030501003248,NABIL,1,34,48,683.00,"32,784.00"
2019-03-05,2019030501003071,NABIL,1,41,52,683.00,"35,516.00"
2019-03-05,2019030501003030,NABIL,51,41,100,683.00,"68,300.00"
2019-03-05,2019030501003029,NABIL,57,41,50,683.00,"34,150.00"
2019-03-05,2019030501003028,NABIL,19,41,83,683.00,"56,689.00"
2019-03-05,2019030501003027,NABIL,26,41,15,683.00,"10,245.00"
2019-03-05,2019030501002976,NABIL,19,4,17,683.00,"11,611.00"
2019-03-05,2019030501002890,NABIL,14,36,10,684.00,"6,840.00"
2019-03-05,2019030501002881,NABIL,43,3,100,686.00,"68,600.00"
2019-03-05,2019030501002863,NABIL,6,51,50,684.00,"34,200.00"
2019-03-05,2019030501003160,NABILP,11,44,190,644.00,"122,360.00"
2019-03-05,2019030501002883,NABILP,11,21,10,644.00,"6,440.00"
2019-03-05,2019030501003303,NADEP,29,57,10,660.00,"6,600.00"
2019-03-05,2019030501003176,NADEP,29,57,10,660.00,"6,600.00"
2019-03-05,2019030501003099,NBB,7,5,33,185.00,"6,105.00"
2019-03-05,2019030501003013,NBB,48,48,100,184.00,"18,400.00"
2019-03-05,2019030501002872,NBBL,35,41,50,641.00,"32,050.00"
2019-03-05,2019030501002845,NBBL,43,43,"1,164",632.00,"735,648.00"
2019-03-05,2019030501003060,NBL,57,42,50,283.00,"14,150.00"
2019-03-05,2019030501003059,NBL,35,42,50,283.00,"14,150.00"
2019-03-05,2019030501003110,NCCB,58,16,151,204.00,"30,804.00"
2019-03-05,2019030501003065,NCCB,55,55,9,205.00,"1,845.00"
2019-03-05,2019030501003062,NCCB,57,48,10,205.00,"2,050.00"
2019-03-05,2019030501003031,NCCB,58,13,160,204.00,"32,640.00"
2019-03-05,2019030501002988,NCCB,58,33,300,204.00,"61,200.00"
2019-03-05,2019030501003234,NEF,19,54,"1,000",7.80,"7,800.00"
2019-03-05,2019030501003231,NEF,7,54,"2,000",7.84,"15,680.00"
2019-03-05,2019030501003230,NEF,26,54,"5,000",7.85,"39,250.00"
2019-03-05,2019030501003187,NIB,14,11,90,504.00,"45,360.00"
2019-03-05,2019030501003186,NIB,14,45,10,504.00,"5,040.00"
2019-03-05,2019030501003146,NIB,49,45,50,504.00,"25,200.00"
2019-03-05,2019030501003032,NIB,41,41,200,503.00,"100,600.00"
2019-03-05,2019030501002917,NIB,41,17,100,503.00,"50,300.00"
2019-03-05,2019030501002869,NIB,43,17,100,503.00,"50,300.00"
2019-03-05,2019030501002876,NIBPO,34,34,"5,617",465.00,"2,611,905.00"
2019-03-05,2019030501002871,NIBPO,52,34,50,465.00,"23,250.00"
2019-03-05,2019030501002870,NIBPO,14,34,200,468.00,"93,600.00"
2019-03-05,2019030501003218,NIBSF1,22,17,"5,000",8.95,"44,750.00"
2019-03-05,2019030501003321,NICA,35,10,100,379.00,"37,900.00"
2019-03-05,2019030501003226,NICA,35,16,453,379.00,"171,687.00"
2019-03-05,2019030501003225,NICA,35,16,38,379.00,"14,402.00"
2019-03-05,2019030501003191,NICA,49,49,100,380.00,"38,000.00"
2019-03-05,2019030501003177,NICA,35,17,380,379.00,"144,020.00"
2019-03-05,2019030501003111,NICA,35,41,32,379.00,"12,128.00"
2019-03-05,2019030501002970,NICA,35,36,550,379.00,"208,450.00"
2019-03-05,2019030501002969,NICA,35,36,450,379.00,"170,550.00"
2019-03-05,2019030501002922,NICA,35,1,550,379.00,"208,450.00"
2019-03-05,2019030501003212,NIL,6,34,45,508.00,"22,860.00"
2019-03-05,2019030501003034,NLG,19,36,150,770.00,"115,500.00"
2019-03-05,2019030501002880,NLG,43,36,20,775.00,"15,500.00"
2019-03-05,2019030501002879,NLG,45,36,10,775.00,"7,750.00"
2019-03-05,2019030501002878,NLG,35,36,20,776.00,"15,520.00"
2019-03-05,2019030501003314,NLIC,56,57,36,"1,055.00","37,980.00"
2019-03-05,2019030501003302,NLIC,56,50,14,"1,055.00","14,770.00"
2019-03-05,2019030501003267,NLIC,52,50,20,"1,055.00","21,100.00"
2019-03-05,2019030501003017,NLIC,57,47,15,"1,056.00","15,840.00"
2019-03-05,2019030501003004,NLIC,4,47,40,"1,056.00","42,240.00"
2019-03-05,2019030501003003,NLIC,4,38,15,"1,055.00","15,825.00"
2019-03-05,2019030501002967,NLIC,4,38,10,"1,055.00","10,550.00"
2019-03-05,2019030501002945,NLIC,4,8,50,"1,055.00","52,750.00"
2019-03-05,2019030501002904,NLIC,4,25,40,"1,055.00","42,200.00"
2019-03-05,2019030501002877,NLIC,49,25,10,"1,055.00","10,550.00"
2019-03-05,2019030501002830,NLIC,41,25,50,"1,055.00","52,750.00"
2019-03-05,2019030501002956,NLICL,34,52,50,612.00,"30,600.00"
2019-03-05,2019030501003208,NMB,49,22,100,307.00,"30,700.00"
2019-03-05,2019030501003194,NMB,49,49,"4,000",306.00,"1,224,000.00"
2019-03-05,2019030501003193,NMB,49,25,100,306.00,"30,600.00"
2019-03-05,2019030501003057,NMB,42,13,53,305.00,"16,165.00"
2019-03-05,2019030501003053,NMB,42,10,57,305.00,"17,385.00"
2019-03-05,2019030501002861,NMB,16,26,1,302.00,302.00
2019-03-05,2019030501002855,NMB,16,26,1,302.00,302.00
2019-03-05,2019030501003143,NMBSF1,41,19,"2,000",10.00,"20,000.00"
2019-03-05,2019030501003035,NTC,32,7,200,680.00,"136,000.00"
2019-03-05,2019030501003290,PCBL,33,14,50,305.00,"15,250.00"
2019-03-05,2019030501003289,PCBL,33,14,500,305.00,"152,500.00"
2019-03-05,2019030501003288,PCBL,25,14,152,305.00,"46,360.00"
2019-03-05,2019030501003283,PCBL,25,14,448,305.00,"136,640.00"
2019-03-05,2019030501003255,PCBL,25,43,400,305.00,"122,000.00"
2019-03-05,2019030501003254,PCBL,16,43,100,305.00,"30,500.00"
2019-03-05,2019030501003253,PCBL,43,43,500,305.00,"152,500.00"
2019-03-05,2019030501003113,PCBL,42,43,150,306.00,"45,900.00"
2019-03-05,2019030501002946,PCBL,33,43,200,306.00,"61,200.00"
2019-03-05,2019030501002849,PCBL,11,43,298,306.00,"91,188.00"
2019-03-05,2019030501002841,PCBL,53,43,741,306.00,"226,746.00"
2019-03-05,2019030501003217,PFL,39,14,14,129.00,"1,806.00"
2019-03-05,2019030501003189,PFL,39,10,11,129.00,"1,419.00"
2019-03-05,2019030501002962,PFL,39,8,39,129.00,"5,031.00"
2019-03-05,2019030501002843,PFL,39,3,26,129.00,"3,354.00"
2019-03-05,2019030501002840,PFL,39,3,39,129.00,"5,031.00"
2019-03-05,2019030501002832,PFL,39,3,26,129.00,"3,354.00"
2019-03-05,2019030501003016,PIC,49,48,276,"1,000.00","276,000.00"
2019-03-05,2019030501002980,PIC,35,33,11,"1,000.00","11,000.00"
2019-03-05,2019030501002892,PIC,49,34,199,"1,000.00","199,000.00"
2019-03-05,2019030501002884,PIC,49,36,100,"1,000.00","100,000.00"
2019-03-05,2019030501002882,PIC,49,41,11,"1,000.00","11,000.00"
2019-03-05,2019030501003304,PLIC,40,35,110,434.00,"47,740.00"
2019-03-05,2019030501003298,PLIC,40,40,40,434.00,"17,360.00"
2019-03-05,2019030501003258,PMHPL,6,17,10,108.00,"1,080.00"
2019-03-05,2019030501003227,PMHPL,56,42,10,107.00,"1,070.00"
2019-03-05,2019030501003219,PMHPL,56,6,10,107.00,"1,070.00"
2019-03-05,2019030501003061,PMHPL,56,17,10,107.00,"1,070.00"
2019-03-05,2019030501002865,PMHPL,56,38,10,107.00,"1,070.00"
2019-03-05,2019030501003287,PRIN,34,40,32,404.00,"12,928.00"
2019-03-05,2019030501003276,PRIN,22,32,50,405.00,"20,250.00"
2019-03-05,2019030501003161,PRIN,32,38,100,406.00,"40,600.00"
2019-03-05,2019030501003088,PRIN,5,13,50,404.00,"20,200.00"
2019-03-05,2019030501002837,PRIN,34,38,500,405.00,"202,500.00"
2019-03-05,2019030501003247,PRVU,57,4,300,212.00,"63,600.00"
2019-03-05,2019030501003122,PRVU,32,14,133,212.00,"28,196.00"
2019-03-05,2019030501002857,PRVU,1,14,17,212.00,"3,604.00"
2019-03-05,2019030501003073,PRVU,49,42,172,211.00,"36,292.00"
2019-03-05,2019030501003072,PRVU,34,42,28,211.00,"5,908.00"
2019-03-05,2019030501003052,PRVU,19,14,500,212.00,"106,000.00"
2019-03-05,2019030501002858,PRVU,19,14,100,212.00,"21,200.00"
2019-03-05,2019030501003023,PURBL,55,55,43,165.00,"7,095.00"
2019-03-05,2019030501003251,RADHI,13,38,11,156.00,"1,716.00"
2019-03-05,2019030501003237,RADHI,13,38,11,156.00,"1,716.00"
2019-03-05,2019030501003138,RADHI,13,38,11,156.00,"1,716.00"
2019-03-05,2019030501003118,RADHI,13,16,11,156.00,"1,716.00"
2019-03-05,2019030501002940,RADHI,13,17,11,156.00,"1,716.00"
2019-03-05,2019030501002933,RADHI,13,17,11,156.00,"1,716.00"
2019-03-05,2019030501003075,RBCL,22,48,10,"9,050.00","90,500.00"
2019-03-05,2019030501003100,RHPC,34,54,100,88.00,"8,800.00"
2019-03-05,2019030501003239,RSDC,5,19,38,370.00,"14,060.00"
2019-03-05,2019030501003238,RSDC,55,19,44,370.00,"16,280.00"
2019-03-05,2019030501003306,SANIMA,53,46,286,291.00,"83,226.00"
2019-03-05,2019030501003281,SANIMA,1,29,100,292.00,"29,200.00"
2019-03-05,2019030501003202,SANIMA,49,29,100,293.00,"29,300.00"
2019-03-05,2019030501002888,SANIMA,45,26,160,292.00,"46,720.00"
2019-03-05,2019030501002887,SANIMA,45,13,188,292.00,"54,896.00"
2019-03-05,2019030501002886,SANIMA,45,34,26,292.00,"7,592.00"
2019-03-05,2019030501003183,SBI,35,53,109,369.00,"40,221.00"
2019-03-05,2019030501003182,SBI,35,51,91,369.00,"33,579.00"
2019-03-05,2019030501003127,SBI,29,13,10,367.00,"3,670.00"
2019-03-05,2019030501003126,SBI,28,13,50,367.00,"18,350.00"
2019-03-05,2019030501003041,SBI,25,53,100,368.00,"36,800.00"
2019-03-05,2019030501003040,SBI,16,53,200,368.00,"73,600.00"
2019-03-05,2019030501003039,SBI,10,53,100,368.00,"36,800.00"
2019-03-05,2019030501002942,SBI,25,51,100,369.00,"36,900.00"
2019-03-05,2019030501002941,SBI,14,51,90,369.00,"33,210.00"
2019-03-05,2019030501003279,SBL,44,40,100,275.00,"27,500.00"
2019-03-05,2019030501003019,SBL,29,16,150,276.00,"41,400.00"
2019-03-05,2019030501003018,SBL,53,16,700,276.00,"193,200.00"
2019-03-05,2019030501002897,SBL,53,36,100,276.00,"27,600.00"
2019-03-05,2019030501002885,SBL,53,36,200,276.00,"55,200.00"
2019-03-05,2019030501003150,SCB,42,53,50,528.00,"26,400.00"
2019-03-05,2019030501003055,SCB,57,13,10,530.00,"5,300.00"
2019-03-05,2019030501002951,SCB,51,44,100,527.00,"52,700.00"
2019-03-05,2019030501002906,SCB,51,6,48,527.00,"25,296.00"
2019-03-05,2019030501002905,SCB,19,6,50,527.00,"26,350.00"
2019-03-05,2019030501002948,SHL,54,8,200,202.00,"40,400.00"
2019-03-05,2019030501003198,SHPC,17,17,102,218.00,"22,236.00"
2019-03-05,2019030501003144,SHPC,7,33,172,218.00,"37,496.00"
2019-03-05,2019030501003117,SHPC,45,33,"1,000",218.00,"218,000.00"
2019-03-05,2019030501003116,SHPC,16,33,78,218.00,"17,004.00"
2019-03-05,2019030501003115,SHPC,1,33,"1,250",219.00,"273,750.00"
2019-03-05,2019030501003064,SHPC,1,42,100,219.00,"21,900.00"
2019-03-05,2019030501002932,SHPC,1,49,50,219.00,"10,950.00"
2019-03-05,2019030501002931,SHPC,41,49,50,219.00,"10,950.00"
2019-03-05,2019030501002899,SHPC,41,28,150,219.00,"32,850.00"
2019-03-05,2019030501003325,SIC,7,49,200,"1,248.00","249,600.00"
2019-03-05,2019030501003324,SIC,40,49,100,"1,248.00","124,800.00"
2019-03-05,2019030501003214,SICL,34,10,300,866.00,"259,800.00"
2019-03-05,2019030501003162,SICL,59,10,400,867.00,"346,800.00"
2019-03-05,2019030501003139,SICL,42,10,100,870.00,"87,000.00"
2019-03-05,2019030501003012,SICL,53,10,500,870.00,"435,000.00"
2019-03-05,2019030501003011,SICL,8,10,100,870.00,"87,000.00"
2019-03-05,2019030501002874,SICL,8,47,200,870.00,"174,000.00"
2019-03-05,2019030501003293,SIL,59,40,22,593.00,"13,046.00"
2019-03-05,2019030501003081,SIL,39,59,70,596.00,"41,720.00"
2019-03-05,2019030501003236,SINDU,34,14,500,117.00,"58,500.00"
2019-03-05,2019030501003235,SINDU,38,14,100,118.00,"11,800.00"
2019-03-05,2019030501003015,SINDU,1,32,10,116.00,"1,160.00"
2019-03-05,2019030501003014,SINDU,14,32,40,116.00,"4,640.00"
2019-03-05,2019030501002998,SINDU,14,32,10,116.00,"1,160.00"
2019-03-05,2019030501002997,SINDU,13,32,40,116.00,"4,640.00"
2019-03-05,2019030501002923,SINDU,47,16,100,117.00,"11,700.00"
2019-03-05,2019030501002996,SINDU,52,32,500,116.00,"58,000.00"
2019-03-05,2019030501002928,SINDU,52,16,500,116.00,"58,000.00"
2019-03-05,2019030501002927,SINDU,32,16,100,116.00,"11,600.00"
2019-03-05,2019030501002926,SINDU,45,16,100,116.00,"11,600.00"
2019-03-05,2019030501002925,SINDU,52,16,100,116.00,"11,600.00"
2019-03-05,2019030501002924,SINDU,1,16,100,117.00,"11,700.00"
2019-03-05,2019030501003296,SKBBL,43,53,100,825.00,"82,500.00"
2019-03-05,2019030501002893,SLBBL,57,36,220,483.00,"106,260.00"
2019-03-05,2019030501003201,SLBSL,8,28,10,766.00,"7,660.00"
2019-03-05,2019030501003102,SLBSL,8,1,10,766.00,"7,660.00"
2019-03-05,2019030501003094,SLBSL,8,1,10,766.00,"7,660.00"
2019-03-05,2019030501003089,SLBSL,8,1,10,766.00,"7,660.00"
2019-03-05,2019030501003074,SLBSL,8,1,70,766.00,"53,620.00"
2019-03-05,2019030501003037,SLBSL,7,17,10,766.00,"7,660.00"
2019-03-05,2019030501002986,SLBSL,7,28,10,766.00,"7,660.00"
2019-03-05,2019030501002921,SLBSL,1,14,10,766.00,"7,660.00"
2019-03-05,2019030501002920,SLBSL,32,21,10,770.00,"7,700.00"
2019-03-05,2019030501002828,SLBSL,52,21,30,770.00,"23,100.00"
2019-03-05,2019030501003297,SLICL,51,32,40,518.00,"20,720.00"
2019-03-05,2019030501002908,SMATA,22,57,18,"1,315.00","23,670.00"
2019-03-05,2019030501002901,SMFDB,32,36,100,628.00,"62,800.00"
2019-03-05,2019030501002836,SPDL,45,45,10,88.00,880.00
2019-03-05,2019030501002864,SRBL,43,53,250,206.00,"51,500.00"
2019-03-05,2019030501002860,SRBL,36,53,250,206.00,"51,500.00"
2019-03-05,2019030501003024,SWBBL,35,13,30,790.00,"23,700.00"
2019-03-05,2019030501002991,UIC,5,35,20,751.00,"15,020.00"
2019-03-05,2019030501002990,UIC,22,35,20,751.00,"15,020.00"
2019-03-05,2019030501002929,UIC,34,41,50,752.00,"37,600.00"
2019-03-05,2019030501002913,UIC,34,36,46,752.00,"34,592.00"
2019-03-05,2019030501002912,UIC,57,36,50,753.00,"37,650.00"
2019-03-05,2019030501002911,UIC,42,36,20,755.00,"15,100.00"
2019-03-05,2019030501003313,UPPER,35,44,40,223.00,"8,920.00"
2019-03-05,2019030501003312,UPPER,35,38,50,223.00,"11,150.00"
2019-03-05,2019030501003309,UPPER,35,16,50,223.00,"11,150.00"
2019-03-05,2019030501003301,UPPER,35,44,40,223.00,"8,920.00"
2019-03-05,2019030501003299,UPPER,35,38,50,223.00,"11,150.00"
2019-03-05,2019030501003294,UPPER,35,38,50,223.00,"11,150.00"
2019-03-05,2019030501002853,UPPER,36,36,200,224.00,"44,800.00"
2019-03-05,2019030501002842,UPPER,41,8,40,223.00,"8,920.00"
2019-03-05,2019030501002915,UPPER,41,25,40,223.00,"8,920.00"
2019-03-05,2019030501002910,UPPER,41,25,40,223.00,"8,920.00"
2019-03-05,2019030501002902,UPPER,41,25,40,223.00,"8,920.00"
2019-03-05,2019030501002873,UPPER,41,4,40,223.00,"8,920.00"
2019-03-05,2019030501002856,UPPER,41,47,40,223.00,"8,920.00"
2019-03-05,2019030501002975,UPPER,41,38,40,223.00,"8,920.00"
2019-03-05,2019030501002968,UPPER,41,38,40,223.00,"8,920.00"
2019-03-05,2019030501002961,UPPER,41,38,50,223.00,"11,150.00"
2019-03-05,2019030501002947,UPPER,1,36,40,224.00,"8,960.00"
2019-03-05,2019030501002939,UPPER,41,1,40,223.00,"8,920.00"
2019-03-05,2019030501002919,UPPER,41,25,50,223.00,"11,150.00"
2019-03-05,2019030501002999,UPPER,41,33,50,223.00,"11,150.00"
2019-03-05,2019030501002989,UPPER,41,58,40,223.00,"8,920.00"
2019-03-05,2019030501002985,UPPER,41,38,40,223.00,"8,920.00"
2019-03-05,2019030501002984,UPPER,41,38,50,223.00,"11,150.00"
2019-03-05,2019030501002981,UPPER,41,38,50,223.00,"11,150.00"
2019-03-05,2019030501002978,UPPER,41,38,50,223.00,"11,150.00"
2019-03-05,2019030501003038,UPPER,28,38,55,223.00,"12,265.00"
2019-03-05,2019030501003033,UPPER,28,10,40,223.00,"8,920.00"
2019-03-05,2019030501003026,UPPER,28,39,50,223.00,"11,150.00"
2019-03-05,2019030501003006,UPPER,28,58,10,223.00,"2,230.00"
2019-03-05,2019030501003005,UPPER,41,58,30,223.00,"6,690.00"
2019-03-05,2019030501003001,UPPER,41,58,50,223.00,"11,150.00"
2019-03-05,2019030501003058,UPPER,16,58,50,223.00,"11,150.00"
2019-03-05,2019030501003056,UPPER,16,10,40,223.00,"8,920.00"
2019-03-05,2019030501003054,UPPER,28,38,45,223.00,"10,035.00"
2019-03-05,2019030501003045,UPPER,14,39,25,224.00,"5,600.00"
2019-03-05,2019030501003044,UPPER,14,39,50,224.00,"11,200.00"
2019-03-05,2019030501003043,UPPER,14,13,145,224.00,"32,480.00"
2019-03-05,2019030501003079,UPPER,14,39,50,224.00,"11,200.00"
2019-03-05,2019030501003078,UPPER,14,39,50,224.00,"11,200.00"
2019-03-05,2019030501003077,UPPER,14,39,25,224.00,"5,600.00"
2019-03-05,2019030501003076,UPPER,16,38,55,223.00,"12,265.00"
2019-03-05,2019030501003069,UPPER,16,41,72,223.00,"16,056.00"
2019-03-05,2019030501003068,UPPER,16,38,55,223.00,"12,265.00"
2019-03-05,2019030501003121,UPPER,16,10,40,223.00,"8,920.00"
2019-03-05,2019030501003120,UPPER,16,35,50,223.00,"11,150.00"
2019-03-05,2019030501003106,UPPER,16,58,50,223.00,"11,150.00"
2019-03-05,2019030501003093,UPPER,16,10,40,223.00,"8,920.00"
2019-03-05,2019030501003090,UPPER,14,54,100,224.00,"22,400.00"
2019-03-05,2019030501003080,UPPER,14,54,75,224.00,"16,800.00"
2019-03-05,2019030501003148,UPPER,35,38,18,223.00,"4,014.00"
2019-03-05,2019030501003147,UPPER,16,38,34,223.00,"7,582.00"
2019-03-05,2019030501003145,UPPER,16,35,50,223.00,"11,150.00"
2019-03-05,2019030501003136,UPPER,16,38,57,223.00,"12,711.00"
2019-03-05,2019030501003133,UPPER,16,35,50,223.00,"11,150.00"
2019-03-05,2019030501003128,UPPER,16,38,57,223.00,"12,711.00"
2019-03-05,2019030501003165,UPPER,35,38,52,223.00,"11,596.00"
2019-03-05,2019030501003163,UPPER,35,35,40,223.00,"8,920.00"
2019-03-05,2019030501003154,UPPER,35,38,50,223.00,"11,150.00"
2019-03-05,2019030501003220,UPPER,38,54,25,224.00,"5,600.00"
2019-03-05,2019030501003205,UPPER,35,38,55,223.00,"12,265.00"
2019-03-05,2019030501003199,UPPER,35,10,40,223.00,"8,920.00"
2019-03-05,2019030501003192,UPPER,35,38,55,223.00,"12,265.00"
2019-03-05,2019030501003184,UPPER,35,38,55,223.00,"12,265.00"
2019-03-05,2019030501003178,UPPER,35,35,50,223.00,"11,150.00"
2019-03-05,2019030501003246,UPPER,35,42,50,223.00,"11,150.00"
2019-03-05,2019030501003242,UPPER,38,38,7,223.00,"1,561.00"
2019-03-05,2019030501003224,UPPER,38,42,5,224.00,"1,120.00"
2019-03-05,2019030501003223,UPPER,38,14,50,224.00,"11,200.00"
2019-03-05,2019030501003222,UPPER,38,14,50,224.00,"11,200.00"
2019-03-05,2019030501003221,UPPER,38,39,513,224.00,"114,912.00"
2019-03-05,2019030501003291,UPPER,35,44,40,223.00,"8,920.00"
2019-03-05,2019030501003284,UPPER,35,38,55,223.00,"12,265.00"
2019-03-05,2019030501003280,UPPER,35,44,50,223.00,"11,150.00"
2019-03-05,2019030501003278,UPPER,35,38,60,223.00,"13,380.00"
2019-03-05,2019030501003277,UPPER,35,10,50,223.00,"11,150.00"
2019-03-05,2019030501002827,ADBL,19,49,531,292.00,"155,052.00"
2019-03-05,2019030501002826,ADBL,7,49,100,292.00,"29,200.00"
2019-03-05,2019030501002825,ADBL,13,49,200,292.00,"58,400.00"
2019-03-05,2019030501002824,ADBL,58,49,50,292.00,"14,600.00"
2019-03-05,2019030501002823,ADBL,36,49,519,292.00,"151,548.00"
2019-03-05,2019030501002765,ADBL,36,35,100,292.00,"29,200.00"
2019-03-05,2019030501002678,ADBL,34,18,50,293.00,"14,650.00"
2019-03-05,2019030501002658,ADBL,53,18,100,293.00,"29,300.00"
2019-03-05,2019030501002480,ADBL,13,18,100,293.00,"29,300.00"
2019-03-05,2019030501002479,ADBL,1,18,84,293.00,"24,612.00"
2019-03-05,2019030501002388,ADBL,1,1,16,293.00,"4,688.00"
2019-03-05,2019030501002387,ADBL,59,1,18,293.00,"5,274.00"
2019-03-05,2019030501002570,AKPL,16,16,13,161.00,"2,093.00"
2019-03-05,2019030501002695,ALICL,45,44,15,541.00,"8,115.00"
2019-03-05,2019030501002693,ALICL,25,44,35,542.00,"18,970.00"
2019-03-05,2019030501002660,ALICL,42,44,15,542.00,"8,130.00"
2019-03-05,2019030501002637,ALICL,48,44,66,542.00,"35,772.00"
2019-03-05,2019030501002636,ALICL,33,44,100,542.00,"54,200.00"
2019-03-05,2019030501002635,ALICL,41,44,100,542.00,"54,200.00"
2019-03-05,2019030501002396,ALICL,39,44,30,545.00,"16,350.00"
2019-03-05,2019030501002391,ALICL,39,44,20,545.00,"10,900.00"
2019-03-05,2019030501002335,ALICL,51,44,500,546.00,"273,000.00"
2019-03-05,2019030501002486,ALICL,36,54,490,545.00,"267,050.00"
2019-03-05,2019030501002485,ALICL,48,54,10,545.00,"5,450.00"
2019-03-05,2019030501002456,ALICL,48,45,11,546.00,"6,006.00"
2019-03-05,2019030501002446,ALICL,51,19,30,545.00,"16,350.00"
2019-03-05,2019030501002423,ALICL,45,45,100,546.00,"54,600.00"
2019-03-05,2019030501002397,ALICL,51,44,470,545.00,"256,150.00"
2019-03-05,2019030501002533,ALICL,46,21,100,544.00,"54,400.00"
2019-03-05,2019030501002528,ALICL,28,44,100,546.00,"54,600.00"
2019-03-05,2019030501002521,ALICL,5,21,194,544.00,"105,536.00"
2019-03-05,2019030501002520,ALICL,20,21,40,544.00,"21,760.00"
2019-03-05,2019030501002519,ALICL,13,21,20,545.00,"10,900.00"
2019-03-05,2019030501002518,ALICL,36,21,10,545.00,"5,450.00"
2019-03-05,2019030501002567,ALICL,26,22,370,545.00,"201,650.00"
2019-03-05,2019030501002566,ALICL,17,22,100,545.00,"54,500.00"
2019-03-05,2019030501002565,ALICL,41,22,100,545.00,"54,500.00"
2019-03-05,2019030501002548,ALICL,50,25,81,543.00,"43,983.00"
2019-03-05,2019030501002535,ALICL,50,21,300,543.00,"162,900.00"
2019-03-05,2019030501002534,ALICL,33,21,100,543.00,"54,300.00"
2019-03-05,2019030501002634,ALICL,34,44,50,543.00,"27,150.00"
2019-03-05,2019030501002633,ALICL,34,44,100,543.00,"54,300.00"
2019-03-05,2019030501002632,ALICL,50,44,19,543.00,"10,317.00"
2019-03-05,2019030501002620,ALICL,22,26,80,545.00,"43,600.00"
2019-03-05,2019030501002610,ALICL,43,44,120,546.00,"65,520.00"
2019-03-05,2019030501002602,ALICL,16,44,60,546.00,"32,760.00"
2019-03-05,2019030501002785,AMFI,28,34,130,670.00,"87,100.00"
2019-03-05,2019030501002784,AMFI,28,10,10,668.00,"6,680.00"
2019-03-05,2019030501002352,AMFI,6,13,10,668.00,"6,680.00"
2019-03-05,2019030501002344,AMFI,28,28,10,662.00,"6,620.00"
2019-03-05,2019030501002758,API,13,14,29,123.00,"3,567.00"
2019-03-05,2019030501002744,API,13,14,29,123.00,"3,567.00"
2019-03-05,2019030501002725,API,13,14,29,123.00,"3,567.00"
2019-03-05,2019030501002708,API,13,36,29,123.00,"3,567.00"
2019-03-05,2019030501002707,API,10,36,71,123.00,"8,733.00"
2019-03-05,2019030501002374,API,43,22,"1,000",122.00,"122,000.00"
2019-03-05,2019030501002373,API,37,22,500,123.00,"61,500.00"
2019-03-05,2019030501002372,API,41,22,100,123.00,"12,300.00"
2019-03-05,2019030501002371,API,13,22,500,123.00,"61,500.00"
2019-03-05,2019030501002370,API,42,22,100,123.00,"12,300.00"
2019-03-05,2019030501002449,API,10,28,29,123.00,"3,567.00"
2019-03-05,2019030501002378,API,16,22,"6,600",122.00,"805,200.00"
2019-03-05,2019030501002377,API,55,22,500,122.00,"61,000.00"
2019-03-05,2019030501002376,API,25,22,100,122.00,"12,200.00"
2019-03-05,2019030501002375,API,43,22,100,122.00,"12,200.00"
2019-03-05,2019030501002815,BARUN,45,39,10,93.00,930.00
2019-03-05,2019030501002814,BARUN,45,50,10,93.00,930.00
2019-03-05,2019030501002465,BHBL,4,1,"1,281",149.00,"190,869.00"
2019-03-05,2019030501002464,BHBL,4,32,200,148.00,"29,600.00"
2019-03-05,2019030501002787,BPCL,26,10,10,341.00,"3,410.00"
2019-03-05,2019030501002368,CBBL,19,47,64,870.00,"55,680.00"
2019-03-05,2019030501002541,CBL,5,34,"2,000",149.00,"298,000.00"
2019-03-05,2019030501002406,CBL,22,16,23,149.00,"3,427.00"
2019-03-05,2019030501002661,CCBL,57,10,48,158.00,"7,584.00"
2019-03-05,2019030501002525,CCBL,57,20,11,158.00,"1,738.00"
2019-03-05,2019030501002517,CCBL,57,20,11,158.00,"1,738.00"
2019-03-05,2019030501002505,CCBL,57,20,11,158.00,"1,738.00"
2019-03-05,2019030501002496,CCBL,56,14,18,159.00,"2,862.00"
2019-03-05,2019030501002710,CHCL,49,21,14,500.00,"7,000.00"
2019-03-05,2019030501002709,CHCL,49,13,744,500.00,"372,000.00"
2019-03-05,2019030501002359,CHCL,37,48,125,501.00,"62,625.00"
2019-03-05,2019030501002822,CHLBS,13,44,10,562.00,"5,620.00"
2019-03-05,2019030501002805,CHLBS,13,44,10,562.00,"5,620.00"
2019-03-05,2019030501002796,CHLBS,13,44,10,562.00,"5,620.00"
2019-03-05,2019030501002749,CHLBS,13,49,10,562.00,"5,620.00"
2019-03-05,2019030501002683,CHLBS,19,6,10,564.00,"5,640.00"
2019-03-05,2019030501002617,CHLBS,13,39,10,562.00,"5,620.00"
2019-03-05,2019030501002346,CHLBS,13,1,10,562.00,"5,620.00"
2019-03-05,2019030501002336,CHLBS,13,28,10,562.00,"5,620.00"
2019-03-05,2019030501002332,CHLBS,13,34,10,562.00,"5,620.00"
2019-03-05,2019030501002580,CHLBS,14,45,10,563.00,"5,630.00"
2019-03-05,2019030501002579,CHLBS,14,45,10,563.00,"5,630.00"
2019-03-05,2019030501002527,CHLBS,13,49,10,562.00,"5,620.00"
2019-03-05,2019030501002454,CHLBS,13,28,10,562.00,"5,620.00"
2019-03-05,2019030501002367,CHLBS,13,14,10,562.00,"5,620.00"
2019-03-05,2019030501002358,CHLBS,13,14,10,562.00,"5,620.00"
2019-03-05,2019030501002472,CLBSL,39,28,16,603.00,"9,648.00"
2019-03-05,2019030501002349,CLBSL,57,28,10,604.00,"6,040.00"
2019-03-05,2019030501002555,CMF1,16,1,500,8.70,"4,350.00"
2019-03-05,2019030501002389,CZBIL,45,33,50,202.00,"10,100.00"
2019-03-05,2019030501002687,DDBL,45,34,10,580.00,"5,800.00"
2019-03-05,2019030501002748,EBL,21,17,50,508.00,"25,400.00"
2019-03-05,2019030501002638,EBL,26,49,50,508.00,"25,400.00"
2019-03-05,2019030501002631,EBL,55,13,10,509.00,"5,090.00"
2019-03-05,2019030501002671,EBL,57,34,80,509.00,"40,720.00"
2019-03-05,2019030501002670,EBL,58,34,17,509.00,"8,653.00"
2019-03-05,2019030501002669,EBL,58,13,40,509.00,"20,360.00"
2019-03-05,2019030501002641,EBL,4,49,233,507.00,"118,131.00"
2019-03-05,2019030501002640,EBL,54,49,50,508.00,"25,400.00"
2019-03-05,2019030501002639,EBL,29,49,100,508.00,"50,800.00"
2019-03-05,2019030501002742,FOWAD,48,25,20,"1,520.00","30,400.00"
2019-03-05,2019030501002531,FOWAD,48,39,147,"1,520.00","223,440.00"
2019-03-05,2019030501002477,FOWAD,55,28,15,"1,517.00","22,755.00"
2019-03-05,2019030501002745,GBBL,58,41,579,180.00,"104,220.00"
2019-03-05,2019030501002698,GBBL,43,57,200,181.00,"36,200.00"
2019-03-05,2019030501002799,GBIME,14,43,500,259.00,"129,500.00"
2019-03-05,2019030501002798,GBIME,58,43,100,259.00,"25,900.00"
2019-03-05,2019030501002797,GBIME,16,43,127,260.00,"33,020.00"
2019-03-05,2019030501002780,GBIME,43,38,12,261.00,"3,132.00"
2019-03-05,2019030501002779,GBIME,43,25,28,261.00,"7,308.00"
2019-03-05,2019030501002495,GBIME,42,34,13,260.00,"3,380.00"
2019-03-05,2019030501002347,GBIME,34,34,"1,378",260.00,"358,280.00"
2019-03-05,2019030501002342,GBIME,34,1,51,260.00,"13,260.00"
2019-03-05,2019030501002341,GBIME,34,6,71,260.00,"18,460.00"
