Date,Transact. No.,Symbol,Buyer,Seller,Quantity,Rate,Amount
2020-07-05,2020070501020278,ADBL,20,14,400,356.00,"142,400.00"
2020-07-05,2020070501020447,ALBSL,32,51,100,582.00,"58,200.00"
2020-07-05,2020070501020446,ALBSL,32,22,337,582.00,"196,134.00"
2020-07-05,2020070501020445,ALBSL,32,51,16,581.00,"9,296.00"
2020-07-05,2020070501020368,ALICL,50,34,100,563.00,"56,300.00"
2020-07-05,2020070501020083,ALICL,50,58,84,563.00,"47,292.00"
2020-07-05,2020070501020441,API,25,47,30,107.00,"3,210.00"
2020-07-05,2020070501020011,API,25,47,20,107.00,"2,140.00"
2020-07-05,2020070501020474,BOKL,34,5,15,208.00,"3,120.00"
2020-07-05,2020070501020125,BOKL,25,47,50,209.00,"10,450.00"
2020-07-05,2020070501020276,CBL,39,41,"1,000",130.00,"130,000.00"
2020-07-05,2020070501020060,CCBL,16,39,53,160.00,"8,480.00"
2020-07-05,2020070501020106,CHCL,45,51,90,356.00,"32,040.00"
2020-07-05,2020070501020105,CHCL,33,51,48,356.00,"17,088.00"
2020-07-05,2020070501020104,CHCL,8,51,40,357.00,"14,280.00"
2020-07-05,2020070501020377,CZBIL,7,22,172,184.00,"31,648.00"
2020-07-05,2020070501020370,DDBL,21,49,110,800.00,"88,000.00"
2020-07-05,2020070501020305,DDBL,21,29,150,795.00,"119,250.00"
2020-07-05,2020070501020412,EBL,50,45,194,630.00,"122,220.00"
2020-07-05,2020070501020411,EBL,50,14,100,629.00,"62,900.00"
2020-07-05,2020070501020410,EBL,50,43,406,629.00,"255,374.00"
2020-07-05,2020070501020298,EBL,28,57,195,628.00,"122,460.00"
2020-07-05,2020070501020297,EBL,28,45,100,628.00,"62,800.00"
2020-07-05,2020070501020296,EBL,28,58,84,628.00,"52,752.00"
2020-07-05,2020070501020110,EBL,54,36,12,621.00,"7,452.00"
2020-07-05,2020070501020109,EBL,47,36,50,623.00,"31,150.00"
2020-07-05,2020070501020108,EBL,56,36,100,626.00,"62,600.00"
2020-07-05,2020070501020107,EBL,44,36,348,626.00,"217,848.00"
2020-07-05,2020070501020126,EDBL,54,59,118,302.00,"35,636.00"
2020-07-05,2020070501020369,EIC,48,7,100,362.00,"36,200.00"
2020-07-05,2020070501020346,FMDBL,5,25,490,430.00,"210,700.00"
2020-07-05,2020070501020340,FMDBL,58,25,10,430.00,"4,300.00"
2020-07-05,2020070501020313,GBBL,6,52,500,207.00,"103,500.00"
2020-07-05,2020070501020312,GBBL,4,52,"1,000",207.00,"207,000.00"
2020-07-05,2020070501020295,GBBL,34,6,20,209.00,"4,180.00"
2020-07-05,2020070501020113,GBBL,42,52,500,207.00,"103,500.00"
2020-07-05,2020070501020112,GBBL,39,52,100,207.00,"20,700.00"
2020-07-05,2020070501020111,GBBL,4,52,80,207.00,"16,560.00"
2020-07-05,2020070501020017,GBBL,4,57,12,210.00,"2,520.00"
2020-07-05,2020070501020016,GBBL,4,6,51,210.00,"10,710.00"
2020-07-05,2020070501020015,GBBL,4,6,67,210.00,"14,070.00"
2020-07-05,2020070501020081,GBBL,6,52,200,208.00,"41,600.00"
2020-07-05,2020070501020080,GBBL,47,52,100,208.00,"20,800.00"
2020-07-05,2020070501020079,GBBL,26,52,100,208.00,"20,800.00"
2020-07-05,2020070501020078,GBBL,6,52,200,208.00,"41,600.00"
2020-07-05,2020070501020077,GBBL,26,52,212,208.00,"44,096.00"
2020-07-05,2020070501020018,GBBL,41,6,"1,000",209.00,"209,000.00"
2020-07-05,2020070501020458,GBIME,57,22,300,234.00,"70,200.00"
2020-07-05,2020070501020425,GBIME,57,22,600,234.00,"140,400.00"
2020-07-05,2020070501020364,GBIME,57,22,300,234.00,"70,200.00"
2020-07-05,2020070501020355,GBIME,49,55,300,235.00,"70,500.00"
2020-07-05,2020070501020353,GBIME,21,55,100,235.00,"23,500.00"
2020-07-05,2020070501020309,GBIME,57,35,203,234.00,"47,502.00"
2020-07-05,2020070501020181,GBIME,25,55,"3,549",235.00,"834,015.00"
2020-07-05,2020070501020032,GILB,36,13,14,"1,200.00","16,800.00"
2020-07-05,2020070501020031,GILB,45,13,22,"1,201.00","26,422.00"
2020-07-05,2020070501020294,GLBSL,46,43,10,592.00,"5,920.00"
2020-07-05,2020070501020037,GLBSL,45,25,90,595.00,"53,550.00"
2020-07-05,2020070501020036,GLBSL,46,25,110,596.00,"65,560.00"
2020-07-05,2020070501020035,GLBSL,46,25,10,602.00,"6,020.00"
2020-07-05,2020070501020249,GLICL,11,22,10,447.00,"4,470.00"
2020-07-05,2020070501019980,GLICL,34,37,23,447.00,"10,281.00"
2020-07-05,2020070501020261,HBL,20,35,50,515.00,"25,750.00"
2020-07-05,2020070501020260,HBL,20,36,100,512.00,"51,200.00"
2020-07-05,2020070501020429,HDL,58,25,50,"1,465.00","73,250.00"
2020-07-05,2020070501020428,HDL,58,41,50,"1,460.00","73,000.00"
2020-07-05,2020070501020407,HDL,58,56,150,"1,448.00","217,200.00"
2020-07-05,2020070501020362,HDL,51,56,200,"1,448.00","289,600.00"
2020-07-05,2020070501020361,HDL,53,56,500,"1,448.00","724,000.00"
2020-07-05,2020070501020360,HDL,56,56,50,"1,449.00","72,450.00"
2020-07-05,2020070501020359,HDL,32,56,100,"1,449.00","144,900.00"
2020-07-05,2020070501020348,HDL,59,14,100,"1,450.00","145,000.00"
2020-07-05,2020070501020199,HDL,25,14,10,"1,450.00","14,500.00"
2020-07-05,2020070501020088,HDL,43,59,55,"1,450.00","79,750.00"
2020-07-05,2020070501020048,HDL,44,59,20,"1,450.00","29,000.00"
2020-07-05,2020070501020047,HDL,42,59,25,"1,453.00","36,325.00"
2020-07-05,2020070501020170,HGI,51,25,150,334.00,"50,100.00"
2020-07-05,2020070501020169,HGI,48,25,200,335.00,"67,000.00"
2020-07-05,2020070501020424,ICFC,25,25,150,167.00,"25,050.00"
2020-07-05,2020070501020453,JFL,58,32,100,157.00,"15,700.00"
2020-07-05,2020070501020157,KMCDB,25,16,10,732.00,"7,320.00"
2020-07-05,2020070501020352,KPCL,25,56,10,104.00,"1,040.00"
2020-07-05,2020070501020351,KPCL,25,1,10,102.00,"1,020.00"
2020-07-05,2020070501020292,KPCL,25,56,20,104.00,"2,080.00"
2020-07-05,2020070501020291,KPCL,25,36,10,104.00,"1,040.00"
2020-07-05,2020070501020268,KSBBL,26,39,500,139.00,"69,500.00"
2020-07-05,2020070501020267,KSBBL,56,39,200,139.00,"27,800.00"
2020-07-05,2020070501020266,KSBBL,6,39,500,139.00,"69,500.00"
2020-07-05,2020070501020265,KSBBL,51,39,"1,000",140.00,"140,000.00"
2020-07-05,2020070501020264,KSBBL,11,39,100,140.00,"14,000.00"
2020-07-05,2020070501020263,KSBBL,42,39,32,140.00,"4,480.00"
2020-07-05,2020070501020262,KSBBL,47,39,446,141.00,"62,886.00"
2020-07-05,2020070501020227,LBBL,28,1,145,171.00,"24,795.00"
2020-07-05,2020070501020226,LBBL,19,1,200,171.00,"34,200.00"
2020-07-05,2020070501020225,LBBL,41,1,300,171.00,"51,300.00"
2020-07-05,2020070501020224,LBBL,6,1,100,171.00,"17,100.00"
2020-07-05,2020070501020223,LBBL,53,1,673,171.00,"115,083.00"
2020-07-05,2020070501020319,LGIL,48,45,56,377.00,"21,112.00"
2020-07-05,2020070501020449,LICN,1,41,10,"1,250.00","12,500.00"
2020-07-05,2020070501020300,LICN,25,25,15,"1,251.00","18,765.00"
2020-07-05,2020070501020130,MBL,33,33,120,212.00,"25,440.00"
2020-07-05,2020070501020129,MBL,33,8,500,210.00,"105,000.00"
2020-07-05,2020070501020301,MEGA,28,32,500,201.00,"100,500.00"
2020-07-05,2020070501020173,MEGA,28,32,"1,000",201.00,"201,000.00"
2020-07-05,2020070501020057,MEGA,38,7,500,201.00,"100,500.00"
2020-07-05,2020070501020056,MEGA,38,7,81,201.00,"16,281.00"
2020-07-05,2020070501020233,MERO,49,25,147,552.00,"81,144.00"
2020-07-05,2020070501020232,MERO,26,25,200,553.00,"110,600.00"
2020-07-05,2020070501020231,MERO,26,25,100,553.00,"55,300.00"
2020-07-05,2020070501020230,MERO,20,25,20,554.00,"11,080.00"
2020-07-05,2020070501020229,MERO,25,25,23,555.00,"12,765.00"
2020-07-05,2020070501020228,MERO,34,25,10,565.00,"5,650.00"
2020-07-05,2020070501020293,MFIL,18,4,"2,000",258.00,"516,000.00"
2020-07-05,2020070501020120,MLBL,21,44,10,182.00,"1,820.00"
2020-07-05,2020070501020172,MNBBL,53,48,60,297.00,"17,820.00"
2020-07-05,2020070501020075,MNBBL,25,48,30,297.00,"8,910.00"
2020-07-05,2020070501020414,NABIL,1,37,135,729.00,"98,415.00"
2020-07-05,2020070501020405,NABIL,20,37,133,729.00,"96,957.00"
2020-07-05,2020070501020250,NABIL,28,37,40,729.00,"29,160.00"
2020-07-05,2020070501020164,NABIL,29,49,293,726.00,"212,718.00"
2020-07-05,2020070501020163,NABIL,29,6,71,725.00,"51,475.00"
2020-07-05,2020070501020162,NABIL,29,45,100,725.00,"72,500.00"
2020-07-05,2020070501020161,NABIL,29,34,30,725.00,"21,750.00"
2020-07-05,2020070501019996,NABIL,39,34,30,725.00,"21,750.00"
2020-07-05,2020070501020203,NBB,19,48,"1,000",185.00,"185,000.00"
2020-07-05,2020070501019992,NBB,50,44,"1,700",184.00,"312,800.00"
2020-07-05,2020070501019991,NBB,39,44,100,184.00,"18,400.00"
2020-07-05,2020070501020469,NBL,33,43,20,241.00,"4,820.00"
2020-07-05,2020070501020311,NBL,49,13,309,238.00,"73,542.00"
2020-07-05,2020070501020310,NBL,33,13,500,238.00,"119,000.00"
2020-07-05,2020070501020460,NCCB,56,43,100,180.00,"18,000.00"
2020-07-05,2020070501020367,NCCB,56,25,"1,000",178.00,"178,000.00"
2020-07-05,2020070501020366,NCCB,56,58,200,178.00,"35,600.00"
2020-07-05,2020070501020365,NCCB,56,39,200,178.00,"35,600.00"
2020-07-05,2020070501020286,NCCB,58,32,300,177.00,"53,100.00"
2020-07-05,2020070501020212,NCCB,26,6,990,177.00,"175,230.00"
2020-07-05,2020070501019983,NCCB,33,6,10,177.00,"1,770.00"
2020-07-05,2020070501020343,NEF,34,28,100,8.14,814.00
2020-07-05,2020070501020089,NEF,4,28,"1,281",8.10,"10,376.10"
2020-07-05,2020070501020420,NGPL,52,41,13,105.00,"1,365.00"
2020-07-05,2020070501020331,NHPC,45,38,980,52.00,"50,960.00"
2020-07-05,2020070501020248,NHPC,58,38,20,52.00,"1,040.00"
2020-07-05,2020070501020455,NIB,17,34,10,439.00,"4,390.00"
2020-07-05,2020070501020440,NIB,1,34,240,439.00,"105,360.00"
2020-07-05,2020070501020439,NIB,1,52,25,439.00,"10,975.00"
2020-07-05,2020070501020438,NIB,1,57,217,439.00,"95,263.00"
2020-07-05,2020070501020437,NIB,1,41,500,439.00,"219,500.00"
2020-07-05,2020070501020436,NIB,1,14,18,438.00,"7,884.00"
2020-07-05,2020070501019981,NIB,8,58,100,434.00,"43,400.00"
2020-07-05,2020070501020379,NIB,32,22,100,435.00,"43,500.00"
2020-07-05,2020070501020333,NIB,46,57,10,439.00,"4,390.00"
2020-07-05,2020070501020332,NIB,46,14,10,438.00,"4,380.00"
2020-07-05,2020070501020092,NIB,22,14,25,438.00,"10,950.00"
2020-07-05,2020070501019998,NIB,8,35,192,438.00,"84,096.00"
2020-07-05,2020070501019997,NIB,8,33,45,437.00,"19,665.00"
2020-07-05,2020070501020334,NICA,38,14,600,490.00,"294,000.00"
2020-07-05,2020070501020316,NICA,21,14,100,490.00,"49,000.00"
2020-07-05,2020070501020241,NICA,35,39,279,487.00,"135,873.00"
2020-07-05,2020070501020240,NICA,56,39,100,487.00,"48,700.00"
2020-07-05,2020070501020239,NICA,41,39,300,487.00,"146,100.00"
2020-07-05,2020070501020238,NICA,45,39,108,487.00,"52,596.00"
2020-07-05,2020070501020237,NICA,57,39,100,488.00,"48,800.00"
2020-07-05,2020070501020236,NICA,17,39,113,489.00,"55,257.00"
2020-07-05,2020070501020386,NICGF,4,42,100,9.20,920.00
2020-07-05,2020070501020338,NICGF,4,58,"1,000",9.06,"9,060.00"
2020-07-05,2020070501020406,NICL,55,26,400,366.00,"146,400.00"
2020-07-05,2020070501020255,NICL,4,35,200,367.00,"73,400.00"
2020-07-05,2020070501020007,NICL,34,35,47,372.00,"17,484.00"
2020-07-05,2020070501020342,NIL,28,57,10,535.00,"5,350.00"
2020-07-05,2020070501020070,NIL,48,21,196,528.00,"103,488.00"
2020-07-05,2020070501020279,NLBBL,54,44,41,635.00,"26,035.00"
2020-07-05,2020070501020473,NLIC,54,4,140,"1,180.00","165,200.00"
2020-07-05,2020070501020472,NLIC,34,4,360,"1,180.00","424,800.00"
2020-07-05,2020070501020280,NLIC,42,6,22,"1,182.00","26,004.00"
2020-07-05,2020070501020256,NLIC,42,6,22,"1,179.00","25,938.00"
2020-07-05,2020070501020214,NLIC,1,4,156,"1,177.00","183,612.00"
2020-07-05,2020070501020213,NLIC,25,4,100,"1,178.00","117,800.00"
2020-07-05,2020070501020151,NLIC,33,6,22,"1,179.00","25,938.00"
2020-07-05,2020070501020074,NLIC,43,4,10,"1,180.00","11,800.00"
2020-07-05,2020070501020193,NLIC,39,4,744,"1,180.00","877,920.00"
2020-07-05,2020070501020180,NLIC,39,6,22,"1,180.00","25,960.00"
2020-07-05,2020070501020160,NLIC,39,4,234,"1,180.00","276,120.00"
2020-07-05,2020070501020154,NLIC,33,4,766,"1,180.00","903,880.00"
2020-07-05,2020070501020153,NLIC,33,4,990,"1,180.00","1,168,200.00"
2020-07-05,2020070501020152,NLIC,33,6,22,"1,179.00","25,938.00"
2020-07-05,2020070501020404,NLICL,4,3,100,628.00,"62,800.00"
2020-07-05,2020070501020403,NLICL,4,54,131,628.00,"82,268.00"
2020-07-05,2020070501020402,NLICL,4,33,200,625.00,"125,000.00"
2020-07-05,2020070501020401,NLICL,4,35,273,625.00,"170,625.00"
2020-07-05,2020070501020400,NLICL,4,34,290,624.00,"180,960.00"
2020-07-05,2020070501020094,NLICL,50,42,40,617.00,"24,680.00"
2020-07-05,2020070501020461,NMB,10,28,"4,281",369.00,"1,579,689.00"
2020-07-05,2020070501020357,NMB,10,52,219,369.00,"80,811.00"
2020-07-05,2020070501020356,NMB,41,52,79,369.00,"29,151.00"
2020-07-05,2020070501019979,NMB,41,17,300,369.00,"110,700.00"
2020-07-05,2020070501019978,NMB,57,17,200,370.00,"74,000.00"
2020-07-05,2020070501020459,NRIC,49,16,40,400.00,"16,000.00"
2020-07-05,2020070501020457,NRIC,49,8,40,400.00,"16,000.00"
2020-07-05,2020070501020456,NRIC,49,21,40,400.00,"16,000.00"
2020-07-05,2020070501020452,NRIC,49,6,10,400.00,"4,000.00"
2020-07-05,2020070501020451,NRIC,46,6,30,400.00,"12,000.00"
2020-07-05,2020070501020448,NRIC,46,38,40,400.00,"16,000.00"
2020-07-05,2020070501019985,NRIC,16,55,40,400.00,"16,000.00"
2020-07-05,2020070501019984,NRIC,16,37,40,400.00,"16,000.00"
2020-07-05,2020070501019982,NRIC,16,11,50,400.00,"20,000.00"
2020-07-05,2020070501019977,NRIC,16,10,50,400.00,"20,000.00"
2020-07-05,2020070501019976,NRIC,16,57,20,400.00,"8,000.00"
2020-07-05,2020070501019975,NRIC,38,57,20,400.00,"8,000.00"
2020-07-05,2020070501019999,NRIC,25,41,40,400.00,"16,000.00"
2020-07-05,2020070501019990,NRIC,25,14,40,400.00,"16,000.00"
2020-07-05,2020070501019989,NRIC,25,58,40,400.00,"16,000.00"
2020-07-05,2020070501019988,NRIC,25,21,40,400.00,"16,000.00"
2020-07-05,2020070501019987,NRIC,25,21,30,400.00,"12,000.00"
2020-07-05,2020070501019986,NRIC,16,21,10,400.00,"4,000.00"
2020-07-05,2020070501020005,NRIC,25,34,10,400.00,"4,000.00"
2020-07-05,2020070501020004,NRIC,19,34,30,401.00,"12,030.00"
2020-07-05,2020070501020003,NRIC,19,10,40,401.00,"16,040.00"
2020-07-05,2020070501020002,NRIC,19,38,40,401.00,"16,040.00"
2020-07-05,2020070501020001,NRIC,19,44,50,401.00,"20,050.00"
2020-07-05,2020070501020000,NRIC,19,48,40,401.00,"16,040.00"
2020-07-05,2020070501020026,NRIC,38,58,40,400.00,"16,000.00"
2020-07-05,2020070501020014,NRIC,38,11,40,400.00,"16,000.00"
2020-07-05,2020070501020013,NRIC,38,21,40,400.00,"16,000.00"
2020-07-05,2020070501020012,NRIC,38,26,40,400.00,"16,000.00"
2020-07-05,2020070501020009,NRIC,38,40,40,400.00,"16,000.00"
2020-07-05,2020070501020008,NRIC,38,29,40,400.00,"16,000.00"
2020-07-05,2020070501020034,NRIC,38,40,40,400.00,"16,000.00"
2020-07-05,2020070501020033,NRIC,38,29,40,400.00,"16,000.00"
2020-07-05,2020070501020030,NRIC,38,21,50,400.00,"20,000.00"
2020-07-05,2020070501020029,NRIC,38,21,40,400.00,"16,000.00"
2020-07-05,2020070501020028,NRIC,38,10,40,400.00,"16,000.00"
2020-07-05,2020070501020027,NRIC,38,8,40,400.00,"16,000.00"
2020-07-05,2020070501020043,NRIC,29,40,40,400.00,"16,000.00"
2020-07-05,2020070501020042,NRIC,29,11,10,400.00,"4,000.00"
2020-07-05,2020070501020041,NRIC,1,11,30,400.00,"12,000.00"
2020-07-05,2020070501020040,NRIC,1,34,40,400.00,"16,000.00"
2020-07-05,2020070501020039,NRIC,1,37,30,400.00,"12,000.00"
2020-07-05,2020070501020038,NRIC,38,37,10,400.00,"4,000.00"
2020-07-05,2020070501020052,NRIC,52,10,40,400.00,"16,000.00"
2020-07-05,2020070501020051,NRIC,29,21,40,400.00,"16,000.00"
2020-07-05,2020070501020049,NRIC,29,8,40,400.00,"16,000.00"
2020-07-05,2020070501020046,NRIC,29,28,40,400.00,"16,000.00"
2020-07-05,2020070501020045,NRIC,29,6,40,400.00,"16,000.00"
2020-07-05,2020070501020044,NRIC,29,14,40,400.00,"16,000.00"
2020-07-05,2020070501020061,NRIC,21,41,50,400.00,"20,000.00"
2020-07-05,2020070501020059,NRIC,21,38,20,400.00,"8,000.00"
2020-07-05,2020070501020058,NRIC,57,38,20,400.00,"8,000.00"
2020-07-05,2020070501020055,NRIC,57,21,50,400.00,"20,000.00"
2020-07-05,2020070501020054,NRIC,57,3,30,400.00,"12,000.00"
2020-07-05,2020070501020053,NRIC,52,3,10,400.00,"4,000.00"
2020-07-05,2020070501020082,NRIC,16,11,40,400.00,"16,000.00"
2020-07-05,2020070501020076,NRIC,16,19,40,400.00,"16,000.00"
2020-07-05,2020070501020065,NRIC,16,29,40,400.00,"16,000.00"
2020-07-05,2020070501020064,NRIC,16,26,40,400.00,"16,000.00"
2020-07-05,2020070501020063,NRIC,16,37,10,400.00,"4,000.00"
2020-07-05,2020070501020062,NRIC,21,37,30,400.00,"12,000.00"
2020-07-05,2020070501020093,NRIC,14,40,10,400.00,"4,000.00"
2020-07-05,2020070501020091,NRIC,14,40,40,400.00,"16,000.00"
2020-07-05,2020070501020090,NRIC,14,10,50,400.00,"20,000.00"
2020-07-05,2020070501020086,NRIC,16,14,40,400.00,"16,000.00"
2020-07-05,2020070501020085,NRIC,16,21,40,400.00,"16,000.00"
2020-07-05,2020070501020084,NRIC,16,8,40,400.00,"16,000.00"
2020-07-05,2020070501020100,NRIC,44,21,40,399.00,"15,960.00"
2020-07-05,2020070501020099,NRIC,42,6,20,400.00,"8,000.00"
2020-07-05,2020070501020098,NRIC,42,26,40,400.00,"16,000.00"
2020-07-05,2020070501020097,NRIC,42,40,40,400.00,"16,000.00"
2020-07-05,2020070501020096,NRIC,6,10,40,399.00,"15,960.00"
2020-07-05,2020070501020095,NRIC,6,32,10,399.00,"3,990.00"
2020-07-05,2020070501020127,NRIC,44,40,20,399.00,"7,980.00"
2020-07-05,2020070501020124,NRIC,36,21,30,400.00,"12,000.00"
2020-07-05,2020070501020123,NRIC,36,6,10,400.00,"4,000.00"
2020-07-05,2020070501020122,NRIC,45,6,10,400.00,"4,000.00"
2020-07-05,2020070501020121,NRIC,45,39,40,400.00,"16,000.00"
2020-07-05,2020070501020103,NRIC,44,8,40,399.00,"15,960.00"
2020-07-05,2020070501020143,NRIC,28,21,10,399.00,"3,990.00"
2020-07-05,2020070501020142,NRIC,28,32,50,399.00,"19,950.00"
2020-07-05,2020070501020138,NRIC,28,10,10,399.00,"3,990.00"
2020-07-05,2020070501020137,NRIC,35,10,40,399.00,"15,960.00"
2020-07-05,2020070501020136,NRIC,35,14,40,399.00,"15,960.00"
2020-07-05,2020070501020128,NRIC,35,40,20,399.00,"7,980.00"
2020-07-05,2020070501020149,NRIC,37,37,50,400.00,"20,000.00"
2020-07-05,2020070501020148,NRIC,37,38,40,400.00,"16,000.00"
2020-07-05,2020070501020147,NRIC,37,55,40,400.00,"16,000.00"
2020-07-05,2020070501020146,NRIC,37,41,40,400.00,"16,000.00"
2020-07-05,2020070501020145,NRIC,37,11,50,400.00,"20,000.00"
2020-07-05,2020070501020144,NRIC,37,29,40,400.00,"16,000.00"
2020-07-05,2020070501020167,NRIC,37,10,10,400.00,"4,000.00"
2020-07-05,2020070501020166,NRIC,37,37,50,400.00,"20,000.00"
2020-07-05,2020070501020165,NRIC,37,39,50,400.00,"20,000.00"
2020-07-05,2020070501020159,NRIC,37,29,40,400.00,"16,000.00"
2020-07-05,2020070501020156,NRIC,37,21,40,400.00,"16,000.00"
2020-07-05,2020070501020155,NRIC,37,19,50,400.00,"20,000.00"
2020-07-05,2020070501020183,NRIC,40,14,40,400.00,"16,000.00"
2020-07-05,2020070501020182,NRIC,40,32,40,400.00,"16,000.00"
2020-07-05,2020070501020175,NRIC,40,18,40,400.00,"16,000.00"
2020-07-05,2020070501020174,NRIC,40,38,40,400.00,"16,000.00"
2020-07-05,2020070501020171,NRIC,40,8,40,400.00,"16,000.00"
2020-07-05,2020070501020168,NRIC,40,10,30,400.00,"12,000.00"
2020-07-05,2020070501020192,NRIC,37,21,40,400.00,"16,000.00"
2020-07-05,2020070501020191,NRIC,37,8,40,400.00,"16,000.00"
2020-07-05,2020070501020189,NRIC,37,40,40,400.00,"16,000.00"
2020-07-05,2020070501020188,NRIC,37,29,40,400.00,"16,000.00"
2020-07-05,2020070501020187,NRIC,37,10,50,400.00,"20,000.00"
2020-07-05,2020070501020185,NRIC,40,21,40,400.00,"16,000.00"
2020-07-05,2020070501020204,NRIC,37,41,40,400.00,"16,000.00"
2020-07-05,2020070501020202,NRIC,37,41,40,400.00,"16,000.00"
2020-07-05,2020070501020201,NRIC,37,21,40,400.00,"16,000.00"
2020-07-05,2020070501020200,NRIC,37,32,40,400.00,"16,000.00"
2020-07-05,2020070501020197,NRIC,37,38,40,400.00,"16,000.00"
2020-07-05,2020070501020196,NRIC,37,39,40,400.00,"16,000.00"
2020-07-05,2020070501020215,NRIC,45,14,40,400.00,"16,000.00"
2020-07-05,2020070501020211,NRIC,45,37,50,400.00,"20,000.00"
2020-07-05,2020070501020210,NRIC,45,21,40,400.00,"16,000.00"
2020-07-05,2020070501020209,NRIC,45,10,30,400.00,"12,000.00"
2020-07-05,2020070501020208,NRIC,37,10,10,400.00,"4,000.00"
2020-07-05,2020070501020207,NRIC,37,10,40,400.00,"16,000.00"
2020-07-05,2020070501020244,NRIC,26,39,40,400.00,"16,000.00"
2020-07-05,2020070501020243,NRIC,26,38,40,400.00,"16,000.00"
2020-07-05,2020070501020242,NRIC,26,40,30,400.00,"12,000.00"
2020-07-05,2020070501020234,NRIC,22,40,10,400.00,"4,000.00"
2020-07-05,2020070501020222,NRIC,22,8,40,400.00,"16,000.00"
2020-07-05,2020070501020221,NRIC,45,29,40,400.00,"16,000.00"
2020-07-05,2020070501020257,NRIC,26,26,30,400.00,"12,000.00"
2020-07-05,2020070501020252,NRIC,26,10,50,400.00,"20,000.00"
2020-07-05,2020070501020251,NRIC,26,21,40,400.00,"16,000.00"
2020-07-05,2020070501020247,NRIC,26,14,40,400.00,"16,000.00"
2020-07-05,2020070501020246,NRIC,26,8,40,400.00,"16,000.00"
2020-07-05,2020070501020245,NRIC,26,40,40,400.00,"16,000.00"
2020-07-05,2020070501020272,NRIC,57,8,40,400.00,"16,000.00"
2020-07-05,2020070501020271,NRIC,57,40,10,400.00,"4,000.00"
2020-07-05,2020070501020270,NRIC,26,40,30,400.00,"12,000.00"
2020-07-05,2020070501020269,NRIC,26,37,40,400.00,"16,000.00"
2020-07-05,2020070501020259,NRIC,26,29,40,400.00,"16,000.00"
2020-07-05,2020070501020258,NRIC,26,14,40,400.00,"16,000.00"
2020-07-05,2020070501020282,NRIC,1,48,40,401.00,"16,040.00"
2020-07-05,2020070501020281,NRIC,1,40,40,401.00,"16,040.00"
2020-07-05,2020070501020277,NRIC,57,10,40,400.00,"16,000.00"
2020-07-05,2020070501020275,NRIC,57,21,40,400.00,"16,000.00"
2020-07-05,2020070501020274,NRIC,57,38,40,400.00,"16,000.00"
2020-07-05,2020070501020273,NRIC,57,6,50,400.00,"20,000.00"
2020-07-05,2020070501020299,NRIC,57,29,40,400.00,"16,000.00"
2020-07-05,2020070501020290,NRIC,57,29,30,400.00,"12,000.00"
2020-07-05,2020070501020289,NRIC,57,53,10,400.00,"4,000.00"
2020-07-05,2020070501020287,NRIC,57,8,40,400.00,"16,000.00"
2020-07-05,2020070501020284,NRIC,57,1,40,400.00,"16,000.00"
2020-07-05,2020070501020283,NRIC,1,17,20,401.00,"8,020.00"
2020-07-05,2020070501020315,NRIC,58,8,20,400.00,"8,000.00"
2020-07-05,2020070501020314,NRIC,41,8,20,400.00,"8,000.00"
2020-07-05,2020070501020308,NRIC,41,55,40,400.00,"16,000.00"
2020-07-05,2020070501020307,NRIC,57,8,40,400.00,"16,000.00"
2020-07-05,2020070501020306,NRIC,57,10,40,400.00,"16,000.00"
2020-07-05,2020070501020304,NRIC,57,21,40,400.00,"16,000.00"
2020-07-05,2020070501020325,NRIC,58,48,50,400.00,"20,000.00"
2020-07-05,2020070501020324,NRIC,58,25,40,400.00,"16,000.00"
2020-07-05,2020070501020323,NRIC,58,10,50,400.00,"20,000.00"
2020-07-05,2020070501020322,NRIC,58,40,40,400.00,"16,000.00"
2020-07-05,2020070501020320,NRIC,58,21,40,400.00,"16,000.00"
2020-07-05,2020070501020317,NRIC,58,38,40,400.00,"16,000.00"
2020-07-05,2020070501020341,NRIC,57,43,100,400.00,"40,000.00"
2020-07-05,2020070501020335,NRIC,28,21,40,399.00,"15,960.00"
2020-07-05,2020070501020330,NRIC,58,43,100,400.00,"40,000.00"
2020-07-05,2020070501020328,NRIC,58,29,40,400.00,"16,000.00"
2020-07-05,2020070501020327,NRIC,58,40,40,400.00,"16,000.00"
2020-07-05,2020070501020326,NRIC,58,10,40,400.00,"16,000.00"
2020-07-05,2020070501020354,NRIC,45,38,40,399.00,"15,960.00"
2020-07-05,2020070501020350,NRIC,45,10,30,399.00,"11,970.00"
2020-07-05,2020070501020349,NRIC,28,10,10,399.00,"3,990.00"
2020-07-05,2020070501020347,NRIC,35,43,30,400.00,"12,000.00"
2020-07-05,2020070501020345,NRIC,28,10,40,399.00,"15,960.00"
2020-07-05,2020070501020344,NRIC,28,21,40,399.00,"15,960.00"
2020-07-05,2020070501020378,NRIC,20,10,40,399.00,"15,960.00"
2020-07-05,2020070501020376,NRIC,20,14,40,399.00,"15,960.00"
2020-07-05,2020070501020375,NRIC,45,14,10,399.00,"3,990.00"
2020-07-05,2020070501020373,NRIC,45,21,40,399.00,"15,960.00"
2020-07-05,2020070501020371,NRIC,45,10,40,399.00,"15,960.00"
2020-07-05,2020070501020358,NRIC,45,40,40,399.00,"15,960.00"
2020-07-05,2020070501020392,NRIC,8,53,40,400.00,"16,000.00"
2020-07-05,2020070501020391,NRIC,8,14,40,400.00,"16,000.00"
2020-07-05,2020070501020390,NRIC,8,8,40,400.00,"16,000.00"
2020-07-05,2020070501020389,NRIC,8,14,30,400.00,"12,000.00"
2020-07-05,2020070501020388,NRIC,8,8,40,400.00,"16,000.00"
2020-07-05,2020070501020387,NRIC,8,43,70,400.00,"28,000.00"
2020-07-05,2020070501020413,NRIC,20,21,40,399.00,"15,960.00"
2020-07-05,2020070501020398,NRIC,20,10,40,399.00,"15,960.00"
2020-07-05,2020070501020396,NRIC,8,55,20,400.00,"8,000.00"
2020-07-05,2020070501020395,NRIC,8,8,40,400.00,"16,000.00"
2020-07-05,2020070501020394,NRIC,8,29,40,400.00,"16,000.00"
2020-07-05,2020070501020393,NRIC,8,8,40,400.00,"16,000.00"
2020-07-05,2020070501020421,NRIC,46,8,40,400.00,"16,000.00"
2020-07-05,2020070501020419,NRIC,46,29,40,400.00,"16,000.00"
2020-07-05,2020070501020418,NRIC,46,8,40,400.00,"16,000.00"
2020-07-05,2020070501020417,NRIC,46,8,40,400.00,"16,000.00"
2020-07-05,2020070501020416,NRIC,46,55,20,400.00,"8,000.00"
2020-07-05,2020070501020415,NRIC,20,40,40,399.00,"15,960.00"
2020-07-05,2020070501020444,NRIC,46,21,40,400.00,"16,000.00"
2020-07-05,2020070501020443,NRIC,46,29,30,400.00,"12,000.00"
2020-07-05,2020070501020442,NRIC,46,48,40,400.00,"16,000.00"
2020-07-05,2020070501020434,NRIC,46,10,50,400.00,"20,000.00"
2020-07-05,2020070501020426,NRIC,46,14,50,400.00,"20,000.00"
2020-07-05,2020070501020422,NRIC,46,14,40,400.00,"16,000.00"
2020-07-05,2020070501020471,PCBL,14,54,432,231.00,"99,792.00"
2020-07-05,2020070501020470,PCBL,14,54,68,231.00,"15,708.00"
2020-07-05,2020070501020408,PCBL,10,54,62,231.00,"14,322.00"
2020-07-05,2020070501020235,PCBL,48,54,500,231.00,"115,500.00"
2020-07-05,2020070501020158,PCBL,43,54,150,231.00,"34,650.00"
2020-07-05,2020070501020050,PCBL,33,54,"1,020",231.00,"235,620.00"
2020-07-05,2020070501019995,PCBL,42,54,200,231.00,"46,200.00"
2020-07-05,2020070501020409,PIC,45,21,56,542.00,"30,352.00"
2020-07-05,2020070501020285,PIC,6,32,355,540.00,"191,700.00"
2020-07-05,2020070501020220,PIC,26,32,50,540.00,"27,000.00"
2020-07-05,2020070501020150,PIC,56,32,95,540.00,"51,300.00"
2020-07-05,2020070501020067,PIC,56,5,50,540.00,"27,000.00"
2020-07-05,2020070501020066,PIC,56,45,55,540.00,"29,700.00"
2020-07-05,2020070501020433,PLIC,50,38,165,464.00,"76,560.00"
2020-07-05,2020070501020432,PLIC,14,38,50,465.00,"23,250.00"
2020-07-05,2020070501020431,PLIC,7,38,75,465.00,"34,875.00"
2020-07-05,2020070501020430,PLIC,57,38,70,466.00,"32,620.00"
2020-07-05,2020070501020329,PMHPL,33,1,10,71.00,710.00
2020-07-05,2020070501020206,PPCL,1,43,20,102.00,"2,040.00"
2020-07-05,2020070501020205,PPCL,1,42,30,102.00,"3,060.00"
2020-07-05,2020070501020466,PRVU,50,52,32,218.00,"6,976.00"
2020-07-05,2020070501020465,PRVU,50,39,216,218.00,"47,088.00"
2020-07-05,2020070501020464,PRVU,50,38,175,218.00,"38,150.00"
2020-07-05,2020070501020463,PRVU,50,51,163,218.00,"35,534.00"
2020-07-05,2020070501020462,PRVU,50,34,970,218.00,"211,460.00"
2020-07-05,2020070501020435,PRVU,49,34,20,218.00,"4,360.00"
2020-07-05,2020070501020427,PRVU,25,34,"1,000",218.00,"218,000.00"
2020-07-05,2020070501020073,PRVU,33,8,200,217.00,"43,400.00"
2020-07-05,2020070501020072,PRVU,33,48,24,217.00,"5,208.00"
2020-07-05,2020070501020071,PRVU,33,55,"3,482",217.00,"755,594.00"
2020-07-05,2020070501019994,PRVU,25,55,"1,000",217.00,"217,000.00"
2020-07-05,2020070501020363,RHPL,49,21,40,144.00,"5,760.00"
2020-07-05,2020070501020198,RHPL,49,21,40,144.00,"5,760.00"
2020-07-05,2020070501020135,RSDC,41,38,30,427.00,"12,810.00"
2020-07-05,2020070501020134,RSDC,49,38,50,429.00,"21,450.00"
2020-07-05,2020070501020133,RSDC,5,38,30,430.00,"12,900.00"
2020-07-05,2020070501020132,RSDC,55,38,10,432.00,"4,320.00"
2020-07-05,2020070501020384,SANIMA,49,34,"2,325",312.00,"725,400.00"
2020-07-05,2020070501020383,SANIMA,44,34,500,313.00,"156,500.00"
2020-07-05,2020070501020382,SANIMA,57,34,50,313.00,"15,650.00"
2020-07-05,2020070501020381,SANIMA,32,34,100,313.00,"31,300.00"
2020-07-05,2020070501020380,SANIMA,17,34,25,313.00,"7,825.00"
2020-07-05,2020070501020337,SBL,25,22,827,280.00,"231,560.00"
2020-07-05,2020070501020336,SBL,49,22,673,280.00,"188,440.00"
2020-07-05,2020070501020467,SCB,29,25,10,592.00,"5,920.00"
2020-07-05,2020070501020454,SDESI,25,6,10,794.00,"7,940.00"
2020-07-05,2020070501020423,SDESI,57,45,100,780.00,"78,000.00"
2020-07-05,2020070501020468,SHIVM,6,42,20,557.00,"11,140.00"
2020-07-05,2020070501020397,SHIVM,10,42,20,556.00,"11,120.00"
2020-07-05,2020070501020195,SHIVM,39,51,39,563.00,"21,957.00"
2020-07-05,2020070501020194,SHIVM,39,35,61,563.00,"34,343.00"
2020-07-05,2020070501020179,SHIVM,48,46,100,562.00,"56,200.00"
2020-07-05,2020070501020178,SHIVM,48,7,200,562.00,"112,400.00"
2020-07-05,2020070501020115,SHIVM,10,37,160,556.00,"88,960.00"
2020-07-05,2020070501020114,SHIVM,10,33,"1,000",555.00,"555,000.00"
2020-07-05,2020070501020019,SHIVM,44,55,100,553.00,"55,300.00"
2020-07-05,2020070501020010,SHIVM,44,46,100,553.00,"55,300.00"
2020-07-05,2020070501020177,SHIVM,48,50,100,562.00,"56,200.00"
2020-07-05,2020070501020176,SHIVM,48,3,100,561.00,"56,100.00"
2020-07-05,2020070501020119,SHIVM,10,16,500,560.00,"280,000.00"
2020-07-05,2020070501020118,SHIVM,10,42,962,560.00,"538,720.00"
2020-07-05,2020070501020117,SHIVM,10,36,550,556.00,"305,800.00"
2020-07-05,2020070501020116,SHIVM,10,3,100,556.00,"55,600.00"
2020-07-05,2020070501020399,SHPC,34,49,10,204.00,"2,040.00"
2020-07-05,2020070501020339,SIC,17,49,10,616.00,"6,160.00"
2020-07-05,2020070501020321,SIC,17,56,50,610.00,"30,500.00"
2020-07-05,2020070501020102,SIC,17,25,31,601.00,"18,631.00"
2020-07-05,2020070501020372,SICL,46,44,10,935.00,"9,350.00"
2020-07-05,2020070501020186,SICL,45,45,100,930.00,"93,000.00"
2020-07-05,2020070501020184,SIL,34,25,10,487.00,"4,870.00"
2020-07-05,2020070501020385,SJCL,35,21,20,129.00,"2,580.00"
2020-07-05,2020070501020374,SJCL,35,45,100,129.00,"12,900.00"
2020-07-05,2020070501020219,SJCL,35,21,20,129.00,"2,580.00"
2020-07-05,2020070501019993,SJCL,35,21,20,129.00,"2,580.00"
2020-07-05,2020070501020190,SKBBL,48,40,200,"1,140.00","228,000.00"
2020-07-05,2020070501020101,SLBBL,34,6,10,773.00,"7,730.00"
2020-07-05,2020070501020450,SLICL,3,59,10,398.00,"3,980.00"
2020-07-05,2020070501020141,STC,58,51,584,"2,565.00","1,497,960.00"
2020-07-05,2020070501020140,STC,51,51,50,"2,565.00","128,250.00"
2020-07-05,2020070501020139,STC,28,51,10,"2,566.00","25,660.00"
2020-07-05,2020070501020006,STC,28,58,10,"2,566.00","25,660.00"
2020-07-05,2020070501020131,TRH,3,28,23,186.00,"4,278.00"
2020-07-05,2020070501020318,UIC,7,56,68,299.00,"20,332.00"
2020-07-05,2020070501020303,UIC,53,56,200,299.00,"59,800.00"
2020-07-05,2020070501020302,UIC,39,56,41,299.00,"12,259.00"
2020-07-05,2020070501020254,UIC,39,56,350,299.00,"104,650.00"
2020-07-05,2020070501020253,UIC,56,56,150,300.00,"45,000.00"
2020-07-05,2020070501020218,UIC,56,56,350,300.00,"105,000.00"
2020-07-05,2020070501020217,UIC,36,56,100,300.00,"30,000.00"
2020-07-05,2020070501020216,UIC,33,56,50,301.00,"15,050.00"
2020-07-05,2020070501020069,UIC,35,16,170,305.00,"51,850.00"
2020-07-05,2020070501020068,UIC,35,16,100,304.00,"30,400.00"
2020-07-05,2020070501020288,UPPER,45,22,10,231.00,"2,310.00"
2020-07-05,2020070501020025,UPPER,1,41,50,230.00,"11,500.00"
2020-07-05,2020070501020024,UPPER,1,41,40,230.00,"9,200.00"
2020-07-05,2020070501020023,UPPER,1,41,50,230.00,"11,500.00"
2020-07-05,2020070501020022,UPPER,1,41,50,230.00,"11,500.00"
2020-07-05,2020070501020021,UPPER,1,41,50,230.00,"11,500.00"
2020-07-05,2020070501020020,UPPER,1,33,190,229.00,"43,510.00"
2020-07-05,2020070501020087,VLBS,43,19,100,955.00,"95,500.00"
2020-07-05,2020070501019743,ADBL,29,21,100,355.00,"35,500.00"
2020-07-05,2020070501019742,ADBL,29,53,200,355.00,"71,000.00"
2020-07-05,2020070501019558,ADBL,14,6,200,354.00,"70,800.00"
2020-07-05,2020070501019935,AKPL,19,39,"1,000",114.00,"114,000.00"
2020-07-05,2020070501019934,AKPL,14,39,622,114.00,"70,908.00"
2020-07-05,2020070501019933,AKPL,1,39,500,114.00,"57,000.00"
2020-07-05,2020070501019932,AKPL,47,39,200,115.00,"23,000.00"
2020-07-05,2020070501019931,AKPL,45,39,500,115.00,"57,500.00"
2020-07-05,2020070501019930,AKPL,25,39,"1,000",115.00,"115,000.00"
2020-07-05,2020070501019929,AKPL,8,39,500,115.00,"57,500.00"
2020-07-05,2020070501019928,AKPL,14,39,300,115.00,"34,500.00"
2020-07-05,2020070501019927,AKPL,17,39,722,115.00,"83,030.00"
2020-07-05,2020070501019926,AKPL,45,39,500,116.00,"58,000.00"
2020-07-05,2020070501019589,ALBSL,49,41,11,571.00,"6,281.00"
2020-07-05,2020070501019959,ALICL,50,13,200,563.00,"112,600.00"
2020-07-05,2020070501019545,ALICL,50,41,242,561.00,"135,762.00"
2020-07-05,2020070501019489,API,34,44,27,106.00,"2,862.00"
2020-07-05,2020070501019488,API,56,44,"2,000",106.00,"212,000.00"
2020-07-05,2020070501019487,API,43,44,100,106.00,"10,600.00"
2020-07-05,2020070501019486,API,34,44,"1,000",106.00,"106,000.00"
2020-07-05,2020070501019485,API,1,44,873,106.00,"92,538.00"
2020-07-05,2020070501019484,API,44,44,200,106.00,"21,200.00"
2020-07-05,2020070501019483,API,35,44,500,106.00,"53,000.00"
2020-07-05,2020070501019726,BPCL,45,13,20,336.00,"6,720.00"
2020-07-05,2020070501019564,BPCL,46,13,150,335.00,"50,250.00"
2020-07-05,2020070501019535,BPCL,6,13,20,336.00,"6,720.00"
2020-07-05,2020070501019534,BPCL,6,13,70,336.00,"23,520.00"
2020-07-05,2020070501019533,BPCL,6,13,100,336.00,"33,600.00"
2020-07-05,2020070501019532,BPCL,6,13,30,336.00,"10,080.00"
2020-07-05,2020070501019531,BPCL,41,13,10,337.00,"3,370.00"
2020-07-05,2020070501019530,BPCL,4,13,50,338.00,"16,900.00"
2020-07-05,2020070501019738,CBBL,58,14,50,967.00,"48,350.00"
2020-07-05,2020070501019737,CBBL,58,32,500,960.00,"480,000.00"
2020-07-05,2020070501019736,CBBL,58,54,50,960.00,"48,000.00"
2020-07-05,2020070501019735,CBBL,58,32,200,955.00,"191,000.00"
2020-07-05,2020070501019631,CBBL,6,13,216,946.00,"204,336.00"
2020-07-05,2020070501019678,CCBL,13,45,104,159.00,"16,536.00"
2020-07-05,2020070501019664,CCBL,13,16,150,159.00,"23,850.00"
2020-07-05,2020070501019563,CIT,35,14,10,"2,450.00","24,500.00"
2020-07-05,2020070501019720,CORBL,14,35,200,116.00,"23,200.00"
2020-07-05,2020070501019834,CZBIL,7,37,28,183.00,"5,124.00"
2020-07-05,2020070501019972,EBL,44,17,36,627.00,"22,572.00"
2020-07-05,2020070501019943,EBL,44,13,133,625.00,"83,125.00"
2020-07-05,2020070501019940,EBL,55,13,250,625.00,"156,250.00"
2020-07-05,2020070501019939,EBL,20,13,98,625.00,"61,250.00"
2020-07-05,2020070501019922,EBL,20,58,52,625.00,"32,500.00"
2020-07-05,2020070501019921,EBL,33,58,48,625.00,"30,000.00"
2020-07-05,2020070501019877,EBL,34,13,419,626.00,"262,294.00"
2020-07-05,2020070501019870,EBL,34,52,56,626.00,"35,056.00"
2020-07-05,2020070501019863,EBL,34,20,425,626.00,"266,050.00"
2020-07-05,2020070501019769,EBL,10,17,100,627.00,"62,700.00"
2020-07-05,2020070501019786,FMDBL,58,34,10,428.00,"4,280.00"
2020-07-05,2020070501019638,FMDBL,58,6,386,428.00,"165,208.00"
2020-07-05,2020070501019637,FMDBL,45,6,74,429.00,"31,746.00"
2020-07-05,2020070501019607,FMDBL,45,5,120,429.00,"51,480.00"
2020-07-05,2020070501019606,FMDBL,34,5,30,430.00,"12,900.00"
2020-07-05,2020070501019605,FMDBL,49,5,300,430.00,"129,000.00"
2020-07-05,2020070501019799,FOWAD,58,34,50,"1,450.00","72,500.00"
2020-07-05,2020070501019798,FOWAD,58,50,20,"1,428.00","28,560.00"
2020-07-05,2020070501019797,FOWAD,58,38,50,"1,428.00","71,400.00"
2020-07-05,2020070501019796,FOWAD,58,53,10,"1,428.00","14,280.00"
2020-07-05,2020070501019795,FOWAD,58,32,15,"1,427.00","21,405.00"
2020-07-05,2020070501019794,FOWAD,58,45,50,"1,415.00","70,750.00"
2020-07-05,2020070501019790,FOWAD,35,26,19,"1,390.00","26,410.00"
2020-07-05,2020070501019941,GBIME,14,55,100,235.00,"23,500.00"
2020-07-05,2020070501019832,GBIME,14,55,100,235.00,"23,500.00"
2020-07-05,2020070501019808,GBIME,7,55,200,235.00,"47,000.00"
2020-07-05,2020070501019793,GBIME,47,55,136,235.00,"31,960.00"
2020-07-05,2020070501019792,GBIME,47,49,179,235.00,"42,065.00"
2020-07-05,2020070501019779,GBIME,57,45,65,234.00,"15,210.00"
2020-07-05,2020070501019778,GBIME,48,45,35,234.00,"8,190.00"
2020-07-05,2020070501019657,GBIME,38,49,436,235.00,"102,460.00"
2020-07-05,2020070501019656,GBIME,38,55,564,235.00,"132,540.00"
2020-07-05,2020070501019686,GLICL,50,34,10,441.00,"4,410.00"
2020-07-05,2020070501019685,GLICL,50,6,50,440.00,"22,000.00"
2020-07-05,2020070501019684,GLICL,50,38,58,440.00,"25,520.00"
2020-07-05,2020070501019683,GLICL,50,25,200,439.00,"87,800.00"
2020-07-05,2020070501019586,GLICL,45,42,30,436.00,"13,080.00"
2020-07-05,2020070501019785,GMFBS,57,59,230,730.00,"167,900.00"
2020-07-05,2020070501019635,GMFBS,57,59,50,730.00,"36,500.00"
2020-07-05,2020070501019830,HBL,17,5,100,510.00,"51,000.00"
2020-07-05,2020070501019904,HDL,58,58,100,"1,460.00","146,000.00"
2020-07-05,2020070501019903,HDL,58,42,100,"1,459.00","145,900.00"
2020-07-05,2020070501019902,HDL,58,55,30,"1,458.00","43,740.00"
2020-07-05,2020070501019901,HDL,58,28,85,"1,457.00","123,845.00"
2020-07-05,2020070501019900,HDL,58,14,35,"1,455.00","50,925.00"
2020-07-05,2020070501019899,HDL,58,48,150,"1,454.00","218,100.00"
2020-07-05,2020070501019800,HDL,3,14,50,"1,447.00","72,350.00"
2020-07-05,2020070501019602,HIDCL,11,46,10,123.00,"1,230.00"
2020-07-05,2020070501019755,HURJA,35,29,20,90.00,"1,800.00"
2020-07-05,2020070501019552,ICFC,49,21,79,170.00,"13,430.00"
2020-07-05,2020070501019551,ICFC,49,52,20,170.00,"3,400.00"
2020-07-05,2020070501019601,JBBL,21,34,43,160.00,"6,880.00"
2020-07-05,2020070501019600,JBBL,10,34,100,160.00,"16,000.00"
2020-07-05,2020070501019599,JBBL,25,34,250,160.00,"40,000.00"
2020-07-05,2020070501019598,JBBL,28,34,100,160.00,"16,000.00"
2020-07-05,2020070501019597,JBBL,47,34,307,160.00,"49,120.00"
2020-07-05,2020070501019555,JBBL,26,34,500,161.00,"80,500.00"
2020-07-05,2020070501019887,JFL,7,32,100,157.00,"15,700.00"
2020-07-05,2020070501019595,JFL,8,42,21,154.00,"3,234.00"
2020-07-05,2020070501019893,JSLBB,29,44,100,"1,550.00","155,000.00"
2020-07-05,2020070501019892,JSLBB,29,57,80,"1,550.00","124,000.00"
2020-07-05,2020070501019811,JSLBB,26,5,30,"1,534.00","46,020.00"
2020-07-05,2020070501019754,KBL,43,45,192,176.00,"33,792.00"
2020-07-05,2020070501019694,KBL,25,7,20,177.00,"3,540.00"
2020-07-05,2020070501019781,KPCL,51,29,10,102.00,"1,020.00"
2020-07-05,2020070501019853,LBL,14,49,18,200.00,"3,600.00"
2020-07-05,2020070501019852,LBL,14,38,617,199.00,"122,783.00"
2020-07-05,2020070501019791,LBL,14,34,50,197.00,"9,850.00"
2020-07-05,2020070501019802,LGIL,58,35,900,378.00,"340,200.00"
2020-07-05,2020070501019721,LGIL,4,35,100,378.00,"37,800.00"
2020-07-05,2020070501019646,LGIL,55,19,48,384.00,"18,432.00"
2020-07-05,2020070501019619,LGIL,55,28,828,384.00,"317,952.00"
2020-07-05,2020070501019618,LGIL,7,28,22,385.00,"8,470.00"
2020-07-05,2020070501019970,LICN,25,36,10,"1,252.00","12,520.00"
2020-07-05,2020070501019826,LICN,16,6,150,"1,241.00","186,150.00"
2020-07-05,2020070501019588,LICN,16,14,30,"1,241.00","37,230.00"
2020-07-05,2020070501019816,MBL,58,8,100,210.00,"21,000.00"
2020-07-05,2020070501019550,MEGA,38,25,119,201.00,"23,919.00"
2020-07-05,2020070501019974,MLBL,21,52,10,180.00,"1,800.00"
2020-07-05,2020070501019731,MNBBL,56,47,927,295.00,"273,465.00"
2020-07-05,2020070501019696,MNBBL,54,47,50,295.00,"14,750.00"
2020-07-05,2020070501019695,MNBBL,46,47,23,295.00,"6,785.00"
2020-07-05,2020070501019961,NABIL,41,58,100,723.00,"72,300.00"
2020-07-05,2020070501019529,NABIL,20,11,17,722.00,"12,274.00"
2020-07-05,2020070501019950,NBL,33,49,25,242.00,"6,050.00"
2020-07-05,2020070501019949,NBL,33,59,75,240.00,"18,000.00"
2020-07-05,2020070501019891,NBL,47,59,75,240.00,"18,000.00"
2020-07-05,2020070501019890,NBL,47,49,40,240.00,"9,600.00"
2020-07-05,2020070501019889,NBL,47,58,35,240.00,"8,400.00"
2020-07-05,2020070501019856,NBL,33,58,10,240.00,"2,400.00"
2020-07-05,2020070501019855,NBL,33,28,220,239.00,"52,580.00"
2020-07-05,2020070501019809,NBL,54,28,200,239.00,"47,800.00"
2020-07-05,2020070501019652,NBL,7,28,80,239.00,"19,120.00"
2020-07-05,2020070501019651,NBL,7,16,120,239.00,"28,680.00"
2020-07-05,2020070501019505,NBL,58,7,18,236.00,"4,248.00"
2020-07-05,2020070501019895,NEF,4,28,"3,065",8.10,"24,826.50"
2020-07-05,2020070501019880,NEF,22,28,654,8.10,"5,297.40"
2020-07-05,2020070501019804,NIB,49,41,95,436.00,"41,420.00"
2020-07-05,2020070501019569,NIBPO,8,21,300,344.00,"103,200.00"
2020-07-05,2020070501019703,NICA,54,14,30,490.00,"14,700.00"
2020-07-05,2020070501019691,NICA,38,14,50,490.00,"24,500.00"
2020-07-05,2020070501019690,NICA,42,14,250,490.00,"122,500.00"
2020-07-05,2020070501019689,NICA,36,14,"1,000",490.00,"490,000.00"
2020-07-05,2020070501019688,NICA,17,14,110,491.00,"54,010.00"
2020-07-05,2020070501019653,NICA,43,47,50,492.00,"24,600.00"
2020-07-05,2020070501019611,NICA,17,54,87,491.00,"42,717.00"
2020-07-05,2020070501019610,NICA,22,54,10,491.00,"4,910.00"
2020-07-05,2020070501019609,NICA,20,54,100,491.00,"49,100.00"
2020-07-05,2020070501019936,NIL,14,56,179,525.00,"93,975.00"
2020-07-05,2020070501019862,NIL,28,56,16,525.00,"8,400.00"
2020-07-05,2020070501019861,NIL,28,6,30,524.00,"15,720.00"
2020-07-05,2020070501019549,NIL,48,26,357,518.00,"184,926.00"
2020-07-05,2020070501019914,NLIC,33,14,205,"1,180.00","241,900.00"
2020-07-05,2020070501019913,NLIC,33,19,50,"1,179.00","58,950.00"
2020-07-05,2020070501019812,NLIC,33,26,22,"1,172.00","25,784.00"
2020-07-05,2020070501019749,NLIC,51,14,45,"1,180.00","53,100.00"
2020-07-05,2020070501019748,NLIC,51,19,100,"1,180.00","118,000.00"
2020-07-05,2020070501019747,NLIC,51,35,100,"1,180.00","118,000.00"
2020-07-05,2020070501019560,NLIC,34,4,278,"1,175.00","326,650.00"
2020-07-05,2020070501019559,NLIC,34,6,22,"1,174.00","25,828.00"
2020-07-05,2020070501019557,NLIC,6,6,22,"1,174.00","25,828.00"
2020-07-05,2020070501019508,NLIC,33,38,50,"1,171.00","58,550.00"
2020-07-05,2020070501019746,NLIC,51,56,45,"1,180.00","53,100.00"
2020-07-05,2020070501019745,NLIC,51,25,10,"1,179.00","11,790.00"
2020-07-05,2020070501019714,NLIC,28,25,20,"1,172.00","23,440.00"
2020-07-05,2020070501019622,NLIC,33,19,100,"1,171.00","117,100.00"
2020-07-05,2020070501019613,NLIC,42,57,93,"1,180.00","109,740.00"
2020-07-05,2020070501019603,NLIC,33,4,222,"1,175.00","260,850.00"
2020-07-05,2020070501019629,NLICL,34,34,10,624.00,"6,240.00"
2020-07-05,2020070501019787,NMB,41,38,13,369.00,"4,797.00"
2020-07-05,2020070501019633,NMB,41,11,178,369.00,"65,682.00"
2020-07-05,2020070501019632,NMB,20,11,149,370.00,"55,130.00"
2020-07-05,2020070501019621,NMB,20,41,210,370.00,"77,700.00"
2020-07-05,2020070501019580,NMB,25,52,473,371.00,"175,483.00"
2020-07-05,2020070501019579,NMB,25,16,27,371.00,"10,017.00"
2020-07-05,2020070501019973,NRIC,38,38,40,400.00,"16,000.00"
2020-07-05,2020070501019968,NRIC,38,38,40,400.00,"16,000.00"
2020-07-05,2020070501019967,NRIC,41,53,40,400.00,"16,000.00"
2020-07-05,2020070501019966,NRIC,41,29,40,400.00,"16,000.00"
2020-07-05,2020070501019965,NRIC,41,21,40,400.00,"16,000.00"
2020-07-05,2020070501019964,NRIC,41,21,40,400.00,"16,000.00"
2020-07-05,2020070501019476,NRIC,44,37,40,400.00,"16,000.00"
2020-07-05,2020070501019475,NRIC,44,26,40,400.00,"16,000.00"
2020-07-05,2020070501019491,NRIC,44,26,40,400.00,"16,000.00"
2020-07-05,2020070501019482,NRIC,44,45,20,400.00,"8,000.00"
2020-07-05,2020070501019481,NRIC,1,45,20,401.00,"8,020.00"
2020-07-05,2020070501019480,NRIC,1,41,40,401.00,"16,040.00"
2020-07-05,2020070501019479,NRIC,1,39,40,401.00,"16,040.00"
2020-07-05,2020070501019477,NRIC,44,37,40,400.00,"16,000.00"
2020-07-05,2020070501019497,NRIC,44,21,40,400.00,"16,000.00"
2020-07-05,2020070501019496,NRIC,44,21,40,400.00,"16,000.00"
2020-07-05,2020070501019495,NRIC,44,40,50,400.00,"20,000.00"
2020-07-05,2020070501019494,NRIC,44,8,50,400.00,"20,000.00"
2020-07-05,2020070501019493,NRIC,44,47,40,400.00,"16,000.00"
2020-07-05,2020070501019492,NRIC,44,17,50,400.00,"20,000.00"
2020-07-05,2020070501019507,NRIC,39,28,40,400.00,"16,000.00"
2020-07-05,2020070501019506,NRIC,44,21,45,400.00,"18,000.00"
2020-07-05,2020070501019504,NRIC,44,41,10,400.00,"4,000.00"
2020-07-05,2020070501019503,NRIC,1,41,30,402.00,"12,060.00"
2020-07-05,2020070501019499,NRIC,1,25,40,402.00,"16,080.00"
2020-07-05,2020070501019498,NRIC,1,18,50,401.00,"20,050.00"
2020-07-05,2020070501019516,NRIC,39,55,50,400.00,"20,000.00"
2020-07-05,2020070501019515,NRIC,39,8,40,400.00,"16,000.00"
2020-07-05,2020070501019512,NRIC,39,47,40,400.00,"16,000.00"
2020-07-05,2020070501019511,NRIC,39,38,30,400.00,"12,000.00"
2020-07-05,2020070501019510,NRIC,39,26,50,400.00,"20,000.00"
2020-07-05,2020070501019509,NRIC,39,21,40,400.00,"16,000.00"
2020-07-05,2020070501019524,NRIC,13,44,40,401.00,"16,040.00"
2020-07-05,2020070501019523,NRIC,13,13,40,401.00,"16,040.00"
2020-07-05,2020070501019520,NRIC,13,55,40,401.00,"16,040.00"
2020-07-05,2020070501019519,NRIC,13,7,40,401.00,"16,040.00"
2020-07-05,2020070501019518,NRIC,39,37,40,400.00,"16,000.00"
2020-07-05,2020070501019517,NRIC,39,49,50,400.00,"20,000.00"
2020-07-05,2020070501019541,NRIC,13,21,40,401.00,"16,040.00"
2020-07-05,2020070501019540,NRIC,13,8,40,401.00,"16,040.00"
2020-07-05,2020070501019539,NRIC,13,26,50,401.00,"20,050.00"
2020-07-05,2020070501019537,NRIC,13,17,50,401.00,"20,050.00"
2020-07-05,2020070501019536,NRIC,13,28,40,401.00,"16,040.00"
2020-07-05,2020070501019526,NRIC,13,39,50,401.00,"20,050.00"
2020-07-05,2020070501019548,NRIC,13,37,50,401.00,"20,050.00"
2020-07-05,2020070501019547,NRIC,13,41,40,401.00,"16,040.00"
2020-07-05,2020070501019546,NRIC,13,26,40,401.00,"16,040.00"
2020-07-05,2020070501019544,NRIC,13,44,40,401.00,"16,040.00"
2020-07-05,2020070501019543,NRIC,13,21,40,401.00,"16,040.00"
2020-07-05,2020070501019542,NRIC,13,49,40,401.00,"16,040.00"
2020-07-05,2020070501019567,NRIC,13,21,40,401.00,"16,040.00"
2020-07-05,2020070501019566,NRIC,13,8,40,401.00,"16,040.00"
2020-07-05,2020070501019565,NRIC,11,10,30,402.00,"12,060.00"
2020-07-05,2020070501019562,NRIC,13,18,50,401.00,"20,050.00"
2020-07-05,2020070501019561,NRIC,13,58,50,401.00,"20,050.00"
2020-07-05,2020070501019554,NRIC,13,7,40,401.00,"16,040.00"
2020-07-05,2020070501019575,NRIC,4,57,40,401.00,"16,040.00"
2020-07-05,2020070501019574,NRIC,4,14,50,401.00,"20,050.00"
2020-07-05,2020070501019573,NRIC,4,26,20,401.00,"8,020.00"
2020-07-05,2020070501019572,NRIC,13,26,20,401.00,"8,020.00"
2020-07-05,2020070501019570,NRIC,13,44,40,401.00,"16,040.00"
2020-07-05,2020070501019568,NRIC,13,49,40,401.00,"16,040.00"
2020-07-05,2020070501019590,NRIC,14,25,40,402.00,"16,080.00"
2020-07-05,2020070501019587,NRIC,4,18,40,401.00,"16,040.00"
2020-07-05,2020070501019585,NRIC,4,8,40,401.00,"16,040.00"
2020-07-05,2020070501019583,NRIC,4,21,50,401.00,"20,050.00"
2020-07-05,2020070501019577,NRIC,4,37,50,401.00,"20,050.00"
2020-07-05,2020070501019576,NRIC,4,56,40,401.00,"16,040.00"
2020-07-05,2020070501019612,NRIC,4,26,50,401.00,"20,050.00"
2020-07-05,2020070501019596,NRIC,4,40,40,401.00,"16,040.00"
2020-07-05,2020070501019594,NRIC,4,58,40,401.00,"16,040.00"
2020-07-05,2020070501019593,NRIC,14,10,10,402.00,"4,020.00"
2020-07-05,2020070501019592,NRIC,14,25,50,402.00,"20,100.00"
2020-07-05,2020070501019591,NRIC,14,25,40,402.00,"16,080.00"
2020-07-05,2020070501019625,NRIC,39,14,40,400.00,"16,000.00"
2020-07-05,2020070501019620,NRIC,39,8,40,400.00,"16,000.00"
2020-07-05,2020070501019617,NRIC,41,10,50,401.00,"20,050.00"
2020-07-05,2020070501019616,NRIC,41,21,40,401.00,"16,040.00"
2020-07-05,2020070501019615,NRIC,41,32,10,401.00,"4,010.00"
2020-07-05,2020070501019614,NRIC,4,32,40,401.00,"16,040.00"
2020-07-05,2020070501019639,NRIC,39,8,40,400.00,"16,000.00"
2020-07-05,2020070501019636,NRIC,39,8,40,400.00,"16,000.00"
2020-07-05,2020070501019634,NRIC,39,37,50,400.00,"20,000.00"
2020-07-05,2020070501019630,NRIC,39,47,30,400.00,"12,000.00"
2020-07-05,2020070501019628,NRIC,39,21,40,400.00,"16,000.00"
2020-07-05,2020070501019627,NRIC,39,16,10,400.00,"4,000.00"
2020-07-05,2020070501019645,NRIC,39,41,35,400.00,"14,000.00"
2020-07-05,2020070501019644,NRIC,39,41,15,400.00,"6,000.00"
2020-07-05,2020070501019643,NRIC,39,44,40,400.00,"16,000.00"
2020-07-05,2020070501019642,NRIC,39,21,40,400.00,"16,000.00"
2020-07-05,2020070501019641,NRIC,41,57,50,401.00,"20,050.00"
2020-07-05,2020070501019640,NRIC,41,41,50,401.00,"20,050.00"
2020-07-05,2020070501019655,NRIC,39,10,50,400.00,"20,000.00"
2020-07-05,2020070501019654,NRIC,39,38,40,400.00,"16,000.00"
2020-07-05,2020070501019650,NRIC,39,37,40,400.00,"16,000.00"
2020-07-05,2020070501019649,NRIC,41,55,10,401.00,"4,010.00"
2020-07-05,2020070501019648,NRIC,41,55,40,401.00,"16,040.00"
2020-07-05,2020070501019647,NRIC,41,37,50,401.00,"20,050.00"
2020-07-05,2020070501019670,NRIC,39,7,40,400.00,"16,000.00"
2020-07-05,2020070501019665,NRIC,39,8,50,400.00,"20,000.00"
2020-07-05,2020070501019663,NRIC,39,28,40,400.00,"16,000.00"
2020-07-05,2020070501019662,NRIC,39,47,40,400.00,"16,000.00"
2020-07-05,2020070501019659,NRIC,39,58,40,400.00,"16,000.00"
2020-07-05,2020070501019658,NRIC,39,11,40,400.00,"16,000.00"
2020-07-05,2020070501019676,NRIC,14,32,40,401.00,"16,040.00"
2020-07-05,2020070501019675,NRIC,14,40,40,401.00,"16,040.00"
2020-07-05,2020070501019674,NRIC,14,32,50,401.00,"20,050.00"
2020-07-05,2020070501019673,NRIC,14,14,40,401.00,"16,040.00"
2020-07-05,2020070501019672,NRIC,14,55,30,401.00,"12,030.00"
2020-07-05,2020070501019671,NRIC,39,43,5,400.00,"2,000.00"
2020-07-05,2020070501019692,NRIC,39,37,30,400.00,"12,000.00"
2020-07-05,2020070501019687,NRIC,51,55,40,400.00,"16,000.00"
2020-07-05,2020070501019682,NRIC,51,10,30,400.00,"12,000.00"
2020-07-05,2020070501019681,NRIC,54,10,10,400.00,"4,000.00"
2020-07-05,2020070501019680,NRIC,54,44,40,400.00,"16,000.00"
2020-07-05,2020070501019677,NRIC,14,49,50,401.00,"20,050.00"
2020-07-05,2020070501019704,NRIC,58,58,50,400.00,"20,000.00"
2020-07-05,2020070501019702,NRIC,58,10,40,400.00,"16,000.00"
2020-07-05,2020070501019701,NRIC,58,21,40,400.00,"16,000.00"
2020-07-05,2020070501019698,NRIC,58,21,40,400.00,"16,000.00"
2020-07-05,2020070501019697,NRIC,58,38,40,400.00,"16,000.00"
2020-07-05,2020070501019693,NRIC,58,37,10,400.00,"4,000.00"
2020-07-05,2020070501019713,NRIC,58,21,40,400.00,"16,000.00"
2020-07-05,2020070501019712,NRIC,58,40,40,400.00,"16,000.00"
2020-07-05,2020070501019710,NRIC,58,44,50,400.00,"20,000.00"
2020-07-05,2020070501019708,NRIC,58,8,40,400.00,"16,000.00"
2020-07-05,2020070501019707,NRIC,58,28,40,400.00,"16,000.00"
2020-07-05,2020070501019706,NRIC,58,40,40,400.00,"16,000.00"
2020-07-05,2020070501019728,NRIC,21,8,35,400.00,"14,000.00"
2020-07-05,2020070501019725,NRIC,21,38,25,400.00,"10,000.00"
2020-07-05,2020070501019724,NRIC,39,38,15,400.00,"6,000.00"
2020-07-05,2020070501019717,NRIC,39,49,50,400.00,"20,000.00"
2020-07-05,2020070501019716,NRIC,39,37,10,400.00,"4,000.00"
2020-07-05,2020070501019715,NRIC,58,37,30,400.00,"12,000.00"
2020-07-05,2020070501019739,NRIC,8,8,40,400.00,"16,000.00"
2020-07-05,2020070501019734,NRIC,8,21,15,400.00,"6,000.00"
2020-07-05,2020070501019733,NRIC,54,21,35,400.00,"14,000.00"
2020-07-05,2020070501019732,NRIC,54,44,10,400.00,"4,000.00"
2020-07-05,2020070501019730,NRIC,54,39,40,400.00,"16,000.00"
2020-07-05,2020070501019729,NRIC,54,8,15,400.00,"6,000.00"
2020-07-05,2020070501019753,NRIC,39,47,40,400.00,"16,000.00"
2020-07-05,2020070501019752,NRIC,39,55,40,400.00,"16,000.00"
2020-07-05,2020070501019751,NRIC,39,21,40,400.00,"16,000.00"
2020-07-05,2020070501019750,NRIC,39,55,40,400.00,"16,000.00"
2020-07-05,2020070501019744,NRIC,39,40,40,400.00,"16,000.00"
2020-07-05,2020070501019741,NRIC,8,10,40,400.00,"16,000.00"
2020-07-05,2020070501019777,NRIC,39,8,50,400.00,"20,000.00"
2020-07-05,2020070501019776,NRIC,39,40,40,400.00,"16,000.00"
2020-07-05,2020070501019775,NRIC,39,37,40,400.00,"16,000.00"
2020-07-05,2020070501019771,NRIC,39,8,25,400.00,"10,000.00"
2020-07-05,2020070501019770,NRIC,39,8,15,400.00,"6,000.00"
2020-07-05,2020070501019768,NRIC,39,38,40,400.00,"16,000.00"
2020-07-05,2020070501019805,NRIC,39,58,40,400.00,"16,000.00"
2020-07-05,2020070501019803,NRIC,39,40,40,400.00,"16,000.00"
2020-07-05,2020070501019801,NRIC,39,13,40,400.00,"16,000.00"
2020-07-05,2020070501019788,NRIC,39,41,40,400.00,"16,000.00"
2020-07-05,2020070501019784,NRIC,39,21,40,400.00,"16,000.00"
2020-07-05,2020070501019780,NRIC,39,44,50,400.00,"20,000.00"
2020-07-05,2020070501019822,NRIC,39,10,40,401.00,"16,040.00"
2020-07-05,2020070501019821,NRIC,39,32,50,401.00,"20,050.00"
2020-07-05,2020070501019819,NRIC,59,21,30,400.00,"12,000.00"
2020-07-05,2020070501019818,NRIC,46,21,10,400.00,"4,000.00"
2020-07-05,2020070501019817,NRIC,39,40,40,400.00,"16,000.00"
2020-07-05,2020070501019806,NRIC,39,44,50,400.00,"20,000.00"
2020-07-05,2020070501019835,NRIC,59,21,40,400.00,"16,000.00"
2020-07-05,2020070501019833,NRIC,59,8,40,400.00,"16,000.00"
2020-07-05,2020070501019831,NRIC,59,37,40,400.00,"16,000.00"
2020-07-05,2020070501019827,NRIC,59,53,40,400.00,"16,000.00"
2020-07-05,2020070501019824,NRIC,39,57,30,401.00,"12,030.00"
2020-07-05,2020070501019823,NRIC,39,32,40,401.00,"16,040.00"
2020-07-05,2020070501019842,NRIC,59,21,40,400.00,"16,000.00"
2020-07-05,2020070501019840,NRIC,59,55,40,400.00,"16,000.00"
2020-07-05,2020070501019839,NRIC,59,40,40,400.00,"16,000.00"
2020-07-05,2020070501019838,NRIC,38,32,40,401.00,"16,040.00"
2020-07-05,2020070501019837,NRIC,59,29,40,400.00,"16,000.00"
2020-07-05,2020070501019836,NRIC,59,38,40,400.00,"16,000.00"
2020-07-05,2020070501019859,NRIC,58,53,10,400.00,"4,000.00"
2020-07-05,2020070501019857,NRIC,58,44,40,400.00,"16,000.00"
2020-07-05,2020070501019854,NRIC,58,58,40,400.00,"16,000.00"
2020-07-05,2020070501019851,NRIC,58,21,40,400.00,"16,000.00"
2020-07-05,2020070501019844,NRIC,58,13,20,400.00,"8,000.00"
2020-07-05,2020070501019843,NRIC,59,13,10,400.00,"4,000.00"
2020-07-05,2020070501019869,NRIC,57,37,40,400.00,"16,000.00"
2020-07-05,2020070501019868,NRIC,57,21,10,400.00,"4,000.00"
2020-07-05,2020070501019867,NRIC,17,21,10,400.00,"4,000.00"
2020-07-05,2020070501019866,NRIC,10,21,20,400.00,"8,000.00"
2020-07-05,2020070501019864,NRIC,10,10,40,400.00,"16,000.00"
2020-07-05,2020070501019860,NRIC,10,8,40,400.00,"16,000.00"
2020-07-05,2020070501019882,NRIC,8,38,20,400.00,"8,000.00"
2020-07-05,2020070501019881,NRIC,6,21,40,399.00,"15,960.00"
2020-07-05,2020070501019876,NRIC,44,38,20,400.00,"8,000.00"
2020-07-05,2020070501019875,NRIC,44,38,40,400.00,"16,000.00"
2020-07-05,2020070501019873,NRIC,57,38,10,400.00,"4,000.00"
2020-07-05,2020070501019871,NRIC,57,29,40,400.00,"16,000.00"
2020-07-05,2020070501019896,NRIC,6,40,40,399.00,"15,960.00"
2020-07-05,2020070501019894,NRIC,6,21,40,399.00,"15,960.00"
2020-07-05,2020070501019886,NRIC,8,39,20,400.00,"8,000.00"
2020-07-05,2020070501019885,NRIC,8,11,40,400.00,"16,000.00"
2020-07-05,2020070501019884,NRIC,8,40,40,400.00,"16,000.00"
2020-07-05,2020070501019883,NRIC,8,57,40,400.00,"16,000.00"
2020-07-05,2020070501019909,NRIC,25,55,50,400.00,"20,000.00"
2020-07-05,2020070501019908,NRIC,25,34,50,400.00,"20,000.00"
2020-07-05,2020070501019907,NRIC,25,25,40,400.00,"16,000.00"
2020-07-05,2020070501019906,NRIC,25,39,30,400.00,"12,000.00"
2020-07-05,2020070501019898,NRIC,6,8,40,399.00,"15,960.00"
2020-07-05,2020070501019897,NRIC,6,40,40,399.00,"15,960.00"
2020-07-05,2020070501019918,NRIC,25,11,50,400.00,"20,000.00"
2020-07-05,2020070501019917,NRIC,25,10,40,400.00,"16,000.00"
2020-07-05,2020070501019915,NRIC,25,39,40,400.00,"16,000.00"
2020-07-05,2020070501019912,NRIC,25,44,40,400.00,"16,000.00"
2020-07-05,2020070501019911,NRIC,25,41,40,400.00,"16,000.00"
2020-07-05,2020070501019910,NRIC,25,29,40,400.00,"16,000.00"
2020-07-05,2020070501019945,NRIC,25,44,40,400.00,"16,000.00"
2020-07-05,2020070501019942,NRIC,25,29,40,400.00,"16,000.00"
2020-07-05,2020070501019924,NRIC,25,53,40,400.00,"16,000.00"
2020-07-05,2020070501019923,NRIC,25,34,50,400.00,"20,000.00"
2020-07-05,2020070501019920,NRIC,25,38,50,400.00,"20,000.00"
2020-07-05,2020070501019919,NRIC,25,21,40,400.00,"16,000.00"
2020-07-05,2020070501019955,NRIC,1,38,10,401.00,"4,010.00"
2020-07-05,2020070501019954,NRIC,1,7,50,401.00,"20,050.00"
2020-07-05,2020070501019953,NRIC,1,40,40,401.00,"16,040.00"
2020-07-05,2020070501019948,NRIC,25,21,40,400.00,"16,000.00"
2020-07-05,2020070501019947,NRIC,25,35,40,400.00,"16,000.00"
2020-07-05,2020070501019946,NRIC,25,40,40,400.00,"16,000.00"
2020-07-05,2020070501019963,NRIC,41,8,40,400.00,"16,000.00"
2020-07-05,2020070501019962,NRIC,25,14,40,400.00,"16,000.00"
2020-07-05,2020070501019960,NRIC,25,21,40,400.00,"16,000.00"
2020-07-05,2020070501019958,NRIC,25,37,40,400.00,"16,000.00"
2020-07-05,2020070501019957,NRIC,25,11,40,400.00,"16,000.00"
2020-07-05,2020070501019956,NRIC,25,38,40,400.00,"16,000.00"
2020-07-05,2020070501019553,OHL,45,5,10,266.00,"2,660.00"
2020-07-05,2020070501019582,PCBL,17,8,100,232.00,"23,200.00"
2020-07-05,2020070501019581,PCBL,17,38,400,232.00,"92,800.00"
2020-07-05,2020070501019846,PLIC,50,7,87,468.00,"40,716.00"
2020-07-05,2020070501019845,PLIC,50,8,313,468.00,"146,484.00"
2020-07-05,2020070501019841,PLIC,41,5,100,467.00,"46,700.00"
2020-07-05,2020070501019865,PMHPL,33,45,10,71.00,710.00
2020-07-05,2020070501019556,PMHPL,21,21,10,70.00,700.00
2020-07-05,2020070501019820,PRIN,56,38,38,392.00,"14,896.00"
2020-07-05,2020070501019937,PRVU,47,55,140,217.00,"30,380.00"
2020-07-05,2020070501019604,PRVU,44,44,"5,000",215.00,"1,075,000.00"
2020-07-05,2020070501019584,PRVU,33,41,255,215.00,"54,825.00"
2020-07-05,2020070501019969,RADHI,38,36,10,182.00,"1,820.00"
2020-07-05,2020070501019879,RADHI,38,21,12,180.00,"2,160.00"
2020-07-05,2020070501019878,RADHI,38,49,11,179.00,"1,969.00"
2020-07-05,2020070501019782,RADHI,38,45,12,177.00,"2,124.00"
2020-07-05,2020070501019709,RADHI,38,38,10,174.00,"1,740.00"
2020-07-05,2020070501019660,RADHI,38,38,10,171.00,"1,710.00"
2020-07-05,2020070501019525,RADHI,38,19,10,168.00,"1,680.00"
2020-07-05,2020070501019624,RBCLPO,39,7,20,"7,500.00","150,000.00"
2020-07-05,2020070501019623,RBCLPO,19,7,10,"7,501.00","75,010.00"
2020-07-05,2020070501019971,RHPL,49,21,50,144.00,"7,200.00"
2020-07-05,2020070501019888,RHPL,49,21,40,144.00,"5,760.00"
2020-07-05,2020070501019810,RHPL,49,21,40,144.00,"5,760.00"
2020-07-05,2020070501019772,RHPL,49,56,40,144.00,"5,760.00"
2020-07-05,2020070501019719,RHPL,49,21,30,144.00,"4,320.00"
2020-07-05,2020070501019718,RHPL,35,21,10,145.00,"1,450.00"
2020-07-05,2020070501019669,RHPL,49,41,40,146.00,"5,840.00"
2020-07-05,2020070501019668,RHPL,49,55,40,146.00,"5,840.00"
2020-07-05,2020070501019667,RHPL,49,38,40,146.00,"5,840.00"
2020-07-05,2020070501019666,RHPL,49,58,10,146.00,"1,460.00"
2020-07-05,2020070501019626,RHPL,49,56,40,144.00,"5,760.00"
2020-07-05,2020070501019514,RHPL,49,21,40,144.00,"5,760.00"
2020-07-05,2020070501019951,SANIMA,17,17,75,313.00,"23,475.00"
2020-07-05,2020070501019925,SANIMA,25,17,50,313.00,"15,650.00"
2020-07-05,2020070501019874,SANIMA,14,17,100,313.00,"31,300.00"
2020-07-05,2020070501019767,SANIMA,44,34,"1,923",310.00,"596,130.00"
2020-07-05,2020070501019766,SANIMA,45,34,500,310.00,"155,000.00"
2020-07-05,2020070501019765,SANIMA,29,34,100,310.00,"31,000.00"
2020-07-05,2020070501019478,SANIMA,33,7,20,312.00,"6,240.00"
2020-07-05,2020070501019758,SANIMA,7,34,50,312.00,"15,600.00"
2020-07-05,2020070501019757,SANIMA,33,34,100,312.00,"31,200.00"
2020-07-05,2020070501019756,SANIMA,45,34,87,312.00,"27,144.00"
2020-07-05,2020070501019608,SANIMA,25,17,200,313.00,"62,600.00"
2020-07-05,2020070501019522,SANIMA,45,11,113,312.00,"35,256.00"
2020-07-05,2020070501019521,SANIMA,33,11,87,312.00,"27,144.00"
2020-07-05,2020070501019764,SANIMA,52,34,20,310.00,"6,200.00"
2020-07-05,2020070501019763,SANIMA,7,34,50,310.00,"15,500.00"
2020-07-05,2020070501019762,SANIMA,34,34,100,311.00,"31,100.00"
2020-07-05,2020070501019761,SANIMA,39,34,50,311.00,"15,550.00"
2020-07-05,2020070501019760,SANIMA,52,34,20,311.00,"6,220.00"
2020-07-05,2020070501019759,SANIMA,54,34,"1,000",311.00,"311,000.00"
2020-07-05,2020070501019723,SBI,10,34,"1,000",400.00,"400,000.00"
2020-07-05,2020070501019722,SBI,10,37,438,399.00,"174,762.00"
2020-07-05,2020070501019700,SBI,47,37,62,399.00,"24,738.00"
2020-07-05,2020070501019699,SBI,47,14,38,399.00,"15,162.00"
2020-07-05,2020070501019661,SBI,54,56,43,397.00,"17,071.00"
2020-07-05,2020070501019825,SBL,49,5,24,280.00,"6,720.00"
2020-07-05,2020070501019727,SBL,49,45,49,280.00,"13,720.00"
2020-07-05,2020070501019952,SCB,38,26,20,581.00,"11,620.00"
2020-07-05,2020070501019850,SCB,38,25,270,581.00,"156,870.00"
2020-07-05,2020070501019849,SCB,45,25,300,581.00,"174,300.00"
2020-07-05,2020070501019848,SCB,20,25,50,583.00,"29,150.00"
2020-07-05,2020070501019847,SCB,45,25,80,584.00,"46,720.00"
2020-07-05,2020070501019829,SCB,45,26,20,584.00,"11,680.00"
2020-07-05,2020070501019783,SHINE,56,53,500,211.00,"105,500.00"
2020-07-05,2020070501019789,SHL,32,20,100,145.00,"14,500.00"
2020-07-05,2020070501019571,SIC,21,26,25,600.00,"15,000.00"
2020-07-05,2020070501019944,SICL,46,44,76,930.00,"70,680.00"
2020-07-05,2020070501019528,SICL,17,21,100,921.00,"92,100.00"
2020-07-05,2020070501019527,SICL,42,21,100,922.00,"92,200.00"
2020-07-05,2020070501019916,SJCL,35,21,20,129.00,"2,580.00"
2020-07-05,2020070501019828,SJCL,35,21,20,129.00,"2,580.00"
2020-07-05,2020070501019740,SJCL,35,21,20,129.00,"2,580.00"
2020-07-05,2020070501019711,SJCL,35,56,20,129.00,"2,580.00"
2020-07-05,2020070501019578,SJCL,35,56,20,129.00,"2,580.00"
2020-07-05,2020070501019538,SJCL,35,21,20,129.00,"2,580.00"
2020-07-05,2020070501019513,SJCL,35,56,20,129.00,"2,580.00"
2020-07-05,2020070501019490,SJCL,35,56,20,129.00,"2,580.00"
2020-07-05,2020070501019502,SLICL,29,26,193,394.00,"76,042.00"
2020-07-05,2020070501019501,SLICL,7,26,34,394.00,"13,396.00"
2020-07-05,2020070501019500,SLICL,57,26,50,395.00,"19,750.00"
2020-07-05,2020070501019858,SRBL,14,6,50,213.00,"10,650.00"
2020-07-05,2020070501019705,SRBL,14,45,67,213.00,"14,271.00"
2020-07-05,2020070501019905,STC,39,5,10,"2,620.00","26,200.00"
2020-07-05,2020070501019872,SWBBL,58,41,250,"1,087.00","271,750.00"
2020-07-05,2020070501019807,SWBBL,14,41,50,"1,090.00","54,500.00"
2020-07-05,2020070501019774,SWBBL,44,41,200,"1,095.00","219,000.00"
2020-07-05,2020070501019773,SWBBL,5,41,50,"1,095.00","54,750.00"
2020-07-05,2020070501019938,UIC,25,16,30,305.00,"9,150.00"
2020-07-05,2020070501019815,UIC,36,36,250,303.00,"75,750.00"
2020-07-05,2020070501019814,UIC,33,36,50,303.00,"15,150.00"
2020-07-05,2020070501019813,UIC,49,36,12,303.00,"3,636.00"
2020-07-05,2020070501019679,UMHL,52,21,50,102.00,"5,100.00"
2020-07-05,2020070501019131,ALICL,50,26,110,561.00,"61,710.00"
2020-07-05,2020070501019130,ALICL,48,26,390,561.00,"218,790.00"
2020-07-05,2020070501019344,API,1,44,27,106.00,"2,862.00"
2020-07-05,2020070501019343,API,41,44,50,106.00,"5,300.00"
2020-07-05,2020070501019342,API,43,44,23,106.00,"2,438.00"
2020-07-05,2020070501019433,BOKL,43,13,454,207.00,"93,978.00"
2020-07-05,2020070501019357,BOKL,43,7,528,207.00,"109,296.00"
2020-07-05,2020070501019206,BOKL,43,7,18,207.00,"3,726.00"
2020-07-05,2020070501019175,BOKL,48,11,56,206.00,"11,536.00"
2020-07-05,2020070501019174,BOKL,40,11,44,206.00,"9,064.00"
2020-07-05,2020070501019019,BOKL,43,13,716,207.00,"148,212.00"
2020-07-05,2020070501019463,CBBL,21,32,50,950.00,"47,500.00"
2020-07-05,2020070501019332,CBL,39,39,"1,240",130.00,"161,200.00"
2020-07-05,2020070501019331,CBL,49,39,136,130.00,"17,680.00"
2020-07-05,2020070501019330,CBL,46,39,20,131.00,"2,620.00"
2020-07-05,2020070501019329,CBL,39,39,107,131.00,"14,017.00"
2020-07-05,2020070501019278,CCBL,16,45,120,159.00,"19,080.00"
2020-07-05,2020070501019207,CCBL,34,11,200,158.00,"31,600.00"
2020-07-05,2020070501018999,CCBL,34,7,180,158.00,"28,440.00"
2020-07-05,2020070501019349,CFCL,14,41,149,117.00,"17,433.00"
2020-07-05,2020070501019348,CFCL,6,41,300,117.00,"35,100.00"
2020-07-05,2020070501019347,CFCL,6,41,300,117.00,"35,100.00"
2020-07-05,2020070501019140,CFCL,6,41,150,117.00,"17,550.00"
2020-07-05,2020070501019139,CFCL,54,41,100,117.00,"11,700.00"
2020-07-05,2020070501019138,CFCL,6,41,150,117.00,"17,550.00"
2020-07-05,2020070501019137,CFCL,6,41,149,117.00,"17,433.00"
2020-07-05,2020070501019375,CHCL,33,7,52,356.00,"18,512.00"
2020-07-05,2020070501019374,CHCL,14,7,300,356.00,"106,800.00"
2020-07-05,2020070501019373,CHCL,8,7,20,357.00,"7,140.00"
2020-07-05,2020070501019372,CHCL,20,7,400,358.00,"143,200.00"
2020-07-05,2020070501019436,CHL,45,57,100,81.00,"8,100.00"
2020-07-05,2020070501019324,CIT,22,14,100,"2,450.00","245,000.00"
2020-07-05,2020070501019431,CZBIL,58,38,500,182.00,"91,000.00"
2020-07-05,2020070501019371,CZBIL,58,38,500,182.00,"91,000.00"
2020-07-05,2020070501019302,CZBIL,58,38,438,182.00,"79,716.00"
2020-07-05,2020070501019381,DHPL,7,7,11,49.00,539.00
2020-07-05,2020070501019145,EBL,33,46,52,625.00,"32,500.00"
2020-07-05,2020070501019104,EBL,33,49,100,625.00,"62,500.00"
2020-07-05,2020070501019013,EBL,28,29,200,625.00,"125,000.00"
2020-07-05,2020070501018996,EBL,28,29,50,625.00,"31,250.00"
2020-07-05,2020070501019366,FOWAD,58,40,100,"1,400.00","140,000.00"
2020-07-05,2020070501019365,FOWAD,58,58,29,"1,390.00","40,310.00"
2020-07-05,2020070501019392,GBIME,59,7,159,232.00,"36,888.00"
2020-07-05,2020070501019391,GBIME,14,7,20,233.00,"4,660.00"
2020-07-05,2020070501019169,GBIME,49,14,530,234.00,"124,020.00"
2020-07-05,2020070501019112,GBIME,50,7,202,233.00,"47,066.00"
2020-07-05,2020070501019042,GBIME,41,7,200,233.00,"46,600.00"
2020-07-05,2020070501019041,GBIME,45,7,329,233.00,"76,657.00"
2020-07-05,2020070501019040,GBIME,20,7,400,234.00,"93,600.00"
2020-07-05,2020070501019346,GBLBS,16,53,10,427.00,"4,270.00"
2020-07-05,2020070501019232,GBLBS,16,44,330,419.00,"138,270.00"
2020-07-05,2020070501019213,GLICL,50,54,10,433.00,"4,330.00"
2020-07-05,2020070501019212,GLICL,45,54,40,433.00,"17,320.00"
2020-07-05,2020070501019186,GLICL,45,59,10,433.00,"4,330.00"
2020-07-05,2020070501019219,HDL,45,46,200,"1,450.00","290,000.00"
2020-07-05,2020070501019218,HDL,45,25,60,"1,450.00","87,000.00"
2020-07-05,2020070501019217,HDL,45,28,15,"1,449.00","21,735.00"
2020-07-05,2020070501019173,HDL,45,45,50,"1,447.00","72,350.00"
2020-07-05,2020070501019447,JFL,8,16,51,154.00,"7,854.00"
2020-07-05,2020070501019454,KBL,43,38,270,176.00,"47,520.00"
2020-07-05,2020070501019453,KBL,39,38,730,176.00,"128,480.00"
2020-07-05,2020070501019404,KBL,39,38,470,176.00,"82,720.00"
2020-07-05,2020070501019376,KBL,44,7,"2,000",175.00,"350,000.00"
2020-07-05,2020070501019334,KBL,44,38,410,175.00,"71,750.00"
2020-07-05,2020070501019333,KBL,38,38,90,176.00,"15,840.00"
2020-07-05,2020070501018997,KBL,38,49,110,176.00,"19,360.00"
2020-07-05,2020070501019322,KMCDB,57,8,10,734.00,"7,340.00"
2020-07-05,2020070501019294,KMCDB,57,39,150,732.00,"109,800.00"
2020-07-05,2020070501019267,KMCDB,57,57,10,725.00,"7,250.00"
2020-07-05,2020070501019132,KMCDB,57,51,70,711.00,"49,770.00"
2020-07-05,2020070501019101,KMCDB,57,51,20,710.00,"14,200.00"
2020-07-05,2020070501019233,KPCL,22,21,10,102.00,"1,020.00"
2020-07-05,2020070501019181,KPCL,22,37,10,102.00,"1,020.00"
2020-07-05,2020070501019215,KSBBL,47,7,154,141.00,"21,714.00"
2020-07-05,2020070501019293,LBBL,53,7,77,171.00,"13,167.00"
2020-07-05,2020070501019264,LBL,34,7,46,196.00,"9,016.00"
2020-07-05,2020070501019196,LBL,34,32,25,196.00,"4,900.00"
2020-07-05,2020070501019319,LICN,38,51,64,"1,240.00","79,360.00"
2020-07-05,2020070501019318,LICN,34,51,26,"1,241.00","32,266.00"
2020-07-05,2020070501019289,LICN,34,26,85,"1,241.00","105,485.00"
2020-07-05,2020070501019205,MBL,51,56,19,210.00,"3,990.00"
2020-07-05,2020070501019187,MBL,39,33,100,209.00,"20,900.00"
2020-07-05,2020070501019428,MEGA,58,36,100,200.00,"20,000.00"
2020-07-05,2020070501019110,MEGA,58,14,200,200.00,"40,000.00"
2020-07-05,2020070501019108,NABIL,45,13,933,721.00,"672,693.00"
2020-07-05,2020070501019107,NABIL,44,13,"1,000",721.00,"721,000.00"
2020-07-05,2020070501019106,NABIL,1,13,50,722.00,"36,100.00"
2020-07-05,2020070501019105,NABIL,17,13,18,722.00,"12,996.00"
2020-07-05,2020070501018983,NABIL,17,14,100,722.00,"72,200.00"
2020-07-05,2020070501019449,NADEP,50,10,11,540.00,"5,940.00"
2020-07-05,2020070501019150,NBB,39,41,100,184.00,"18,400.00"
2020-07-05,2020070501019120,NBB,16,32,162,185.00,"29,970.00"
2020-07-05,2020070501018978,NBB,45,32,"1,000",185.00,"185,000.00"
2020-07-05,2020070501018977,NBB,7,32,500,185.00,"92,500.00"
2020-07-05,2020070501018976,NBB,44,32,38,185.00,"7,030.00"
2020-07-05,2020070501018975,NBB,40,32,250,186.00,"46,500.00"
2020-07-05,2020070501019321,NBL,33,16,20,239.00,"4,780.00"
2020-07-05,2020070501019287,NBL,33,28,500,238.00,"119,000.00"
2020-07-05,2020070501019284,NBL,38,28,483,237.00,"114,471.00"
2020-07-05,2020070501018984,NCCB,7,7,38,175.00,"6,650.00"
2020-07-05,2020070501019102,NHDL,22,45,10,115.00,"1,150.00"
2020-07-05,2020070501019465,NHPC,13,1,"1,740",51.00,"88,740.00"
2020-07-05,2020070501019363,NHPC,39,1,760,51.00,"38,760.00"
2020-07-05,2020070501019398,NIB,11,41,137,437.00,"59,869.00"
2020-07-05,2020070501019323,NIB,11,35,63,437.00,"27,531.00"
2020-07-05,2020070501019249,NIB,33,35,31,437.00,"13,547.00"
2020-07-05,2020070501019248,NIB,33,11,60,436.00,"26,160.00"
2020-07-05,2020070501019246,NIB,8,55,68,434.00,"29,512.00"
2020-07-05,2020070501019471,NICA,14,47,50,492.00,"24,600.00"
2020-07-05,2020070501019049,NICA,39,45,15,491.00,"7,365.00"
2020-07-05,2020070501019020,NICA,39,6,35,490.00,"17,150.00"
2020-07-05,2020070501019067,NIL,10,56,189,525.00,"99,225.00"
2020-07-05,2020070501019066,NIL,10,18,11,524.00,"5,764.00"
2020-07-05,2020070501019014,NIL,53,37,16,516.00,"8,256.00"
2020-07-05,2020070501019214,NLG,16,25,50,554.00,"27,700.00"
2020-07-05,2020070501019464,NLIC,45,45,100,"1,173.00","117,300.00"
2020-07-05,2020070501019427,NLIC,25,54,35,"1,174.00","41,090.00"
2020-07-05,2020070501019419,NLIC,33,4,187,"1,171.00","218,977.00"
2020-07-05,2020070501019418,NLIC,14,4,93,"1,171.00","108,903.00"
2020-07-05,2020070501019417,NLIC,6,4,220,"1,174.00","258,280.00"
2020-07-05,2020070501019354,NLIC,45,53,153,"1,178.00","180,234.00"
2020-07-05,2020070501019015,NLIC,14,25,102,"1,170.00","119,340.00"
2020-07-05,2020070501019033,NLIC,6,6,22,"1,174.00","25,828.00"
2020-07-05,2020070501019032,NLIC,6,6,22,"1,174.00","25,828.00"
2020-07-05,2020070501019031,NLIC,6,6,22,"1,174.00","25,828.00"
2020-07-05,2020070501019030,NLIC,6,6,22,"1,174.00","25,828.00"
2020-07-05,2020070501019029,NLIC,6,6,22,"1,174.00","25,828.00"
2020-07-05,2020070501019028,NLIC,6,6,22,"1,174.00","25,828.00"
2020-07-05,2020070501019081,NLIC,14,46,25,"1,171.00","29,275.00"
2020-07-05,2020070501019080,NLIC,34,46,25,"1,172.00","29,300.00"
2020-07-05,2020070501019037,NLIC,6,6,22,"1,174.00","25,828.00"
2020-07-05,2020070501019036,NLIC,6,6,22,"1,174.00","25,828.00"
2020-07-05,2020070501019035,NLIC,6,6,22,"1,174.00","25,828.00"
2020-07-05,2020070501019034,NLIC,6,6,22,"1,174.00","25,828.00"
2020-07-05,2020070501019262,NLIC,33,6,22,"1,174.00","25,828.00"
2020-07-05,2020070501019261,NLIC,33,6,22,"1,174.00","25,828.00"
2020-07-05,2020070501019260,NLIC,33,6,22,"1,174.00","25,828.00"
2020-07-05,2020070501019259,NLIC,33,6,22,"1,174.00","25,828.00"
2020-07-05,2020070501019258,NLIC,33,6,22,"1,174.00","25,828.00"
2020-07-05,2020070501019144,NLIC,33,1,100,"1,175.00","117,500.00"
2020-07-05,2020070501019314,NLIC,45,34,66,"1,174.00","77,484.00"
2020-07-05,2020070501019313,NLIC,14,6,22,"1,174.00","25,828.00"
2020-07-05,2020070501019297,NLIC,14,6,22,"1,174.00","25,828.00"
2020-07-05,2020070501019296,NLIC,14,6,22,"1,174.00","25,828.00"
2020-07-05,2020070501019295,NLIC,14,6,22,"1,174.00","25,828.00"
2020-07-05,2020070501019279,NLIC,33,28,50,"1,173.00","58,650.00"
2020-07-05,2020070501019434,NLICL,50,10,10,617.00,"6,170.00"
2020-07-05,2020070501019472,NMB,45,7,21,371.00,"7,791.00"
2020-07-05,2020070501019458,NMB,45,14,118,371.00,"43,778.00"
2020-07-05,2020070501019274,NMB,19,14,82,371.00,"30,422.00"
2020-07-05,2020070501019273,NMB,19,3,18,371.00,"6,678.00"
2020-07-05,2020070501019097,NMB,20,54,41,370.00,"15,170.00"
2020-07-05,2020070501019078,NMB,57,54,50,371.00,"18,550.00"
2020-07-05,2020070501019004,NMB,38,14,500,370.00,"185,000.00"
2020-07-05,2020070501018979,NMB,41,22,30,369.00,"11,070.00"
2020-07-05,2020070501019203,NMBMF,54,50,90,680.00,"61,200.00"
2020-07-05,2020070501019300,NMFBS,34,10,20,"1,376.00","27,520.00"
2020-07-05,2020070501019299,NMFBS,5,10,20,"1,377.00","27,540.00"
2020-07-05,2020070501019470,NRIC,44,8,50,400.00,"20,000.00"
2020-07-05,2020070501019469,NRIC,44,55,40,400.00,"16,000.00"
2020-07-05,2020070501019468,NRIC,44,56,40,400.00,"16,000.00"
2020-07-05,2020070501019467,NRIC,44,58,40,400.00,"16,000.00"
2020-07-05,2020070501019462,NRIC,44,46,40,400.00,"16,000.00"
2020-07-05,2020070501019460,NRIC,44,21,40,400.00,"16,000.00"
2020-07-05,2020070501018985,NRIC,11,4,40,400.00,"16,000.00"
2020-07-05,2020070501018992,NRIC,11,14,40,400.00,"16,000.00"
2020-07-05,2020070501018991,NRIC,11,37,50,400.00,"20,000.00"
2020-07-05,2020070501018990,NRIC,11,28,40,400.00,"16,000.00"
2020-07-05,2020070501018989,NRIC,11,34,10,400.00,"4,000.00"
2020-07-05,2020070501018988,NRIC,11,45,40,400.00,"16,000.00"
2020-07-05,2020070501018987,NRIC,11,47,40,400.00,"16,000.00"
2020-07-05,2020070501019003,NRIC,39,21,40,400.00,"16,000.00"
2020-07-05,2020070501019001,NRIC,39,29,20,400.00,"8,000.00"
2020-07-05,2020070501019000,NRIC,11,29,20,400.00,"8,000.00"
2020-07-05,2020070501018998,NRIC,11,40,50,400.00,"20,000.00"
2020-07-05,2020070501018995,NRIC,11,41,50,400.00,"20,000.00"
2020-07-05,2020070501018994,NRIC,11,10,40,400.00,"16,000.00"
2020-07-05,2020070501019018,NRIC,35,29,10,400.00,"4,000.00"
2020-07-05,2020070501019017,NRIC,35,10,40,400.00,"16,000.00"
2020-07-05,2020070501019016,NRIC,35,37,50,400.00,"20,000.00"
2020-07-05,2020070501019009,NRIC,39,47,40,400.00,"16,000.00"
2020-07-05,2020070501019008,NRIC,39,34,40,400.00,"16,000.00"
2020-07-05,2020070501019005,NRIC,39,7,40,400.00,"16,000.00"
2020-07-05,2020070501019051,NRIC,57,21,40,399.00,"15,960.00"
2020-07-05,2020070501019048,NRIC,57,10,40,399.00,"15,960.00"
2020-07-05,2020070501019047,NRIC,57,34,50,399.00,"19,950.00"
2020-07-05,2020070501019046,NRIC,57,45,40,399.00,"15,960.00"
2020-07-05,2020070501019045,NRIC,57,21,40,399.00,"15,960.00"
2020-07-05,2020070501019043,NRIC,57,37,40,399.00,"15,960.00"
2020-07-05,2020070501019059,NRIC,39,29,10,400.00,"4,000.00"
2020-07-05,2020070501019058,NRIC,39,41,40,400.00,"16,000.00"
2020-07-05,2020070501019057,NRIC,57,40,50,399.00,"19,950.00"
2020-07-05,2020070501019056,NRIC,57,37,50,399.00,"19,950.00"
2020-07-05,2020070501019055,NRIC,32,29,20,400.00,"8,000.00"
2020-07-05,2020070501019054,NRIC,57,40,40,399.00,"15,960.00"
2020-07-05,2020070501019065,NRIC,39,25,15,400.00,"6,000.00"
2020-07-05,2020070501019064,NRIC,39,29,30,400.00,"12,000.00"
2020-07-05,2020070501019063,NRIC,39,16,40,400.00,"16,000.00"
2020-07-05,2020070501019062,NRIC,39,10,40,400.00,"16,000.00"
2020-07-05,2020070501019061,NRIC,39,14,40,400.00,"16,000.00"
2020-07-05,2020070501019060,NRIC,39,32,40,400.00,"16,000.00"
2020-07-05,2020070501019075,NRIC,6,10,40,399.00,"15,960.00"
2020-07-05,2020070501019074,NRIC,6,28,10,399.00,"3,990.00"
2020-07-05,2020070501019073,NRIC,57,28,30,399.00,"11,970.00"
2020-07-05,2020070501019070,NRIC,57,34,40,399.00,"15,960.00"
2020-07-05,2020070501019069,NRIC,57,21,40,399.00,"15,960.00"
2020-07-05,2020070501019068,NRIC,57,25,10,400.00,"4,000.00"
2020-07-05,2020070501019088,NRIC,6,45,40,399.00,"15,960.00"
2020-07-05,2020070501019085,NRIC,6,34,20,399.00,"7,980.00"
2020-07-05,2020070501019084,NRIC,6,21,40,399.00,"15,960.00"
2020-07-05,2020070501019083,NRIC,6,7,40,399.00,"15,960.00"
2020-07-05,2020070501019082,NRIC,6,37,50,399.00,"19,950.00"
2020-07-05,2020070501019079,NRIC,6,10,40,399.00,"15,960.00"
2020-07-05,2020070501019099,NRIC,6,34,10,399.00,"3,990.00"
2020-07-05,2020070501019098,NRIC,6,10,40,399.00,"15,960.00"
2020-07-05,2020070501019096,NRIC,6,47,40,399.00,"15,960.00"
2020-07-05,2020070501019095,NRIC,6,40,50,399.00,"19,950.00"
2020-07-05,2020070501019094,NRIC,6,32,40,399.00,"15,960.00"
2020-07-05,2020070501019093,NRIC,6,40,50,399.00,"19,950.00"
2020-07-05,2020070501019121,NRIC,6,34,40,399.00,"15,960.00"
2020-07-05,2020070501019119,NRIC,6,40,50,399.00,"19,950.00"
2020-07-05,2020070501019118,NRIC,6,21,40,399.00,"15,960.00"
2020-07-05,2020070501019113,NRIC,6,58,30,399.00,"11,970.00"
2020-07-05,2020070501019111,NRIC,6,13,40,399.00,"15,960.00"
2020-07-05,2020070501019109,NRIC,6,18,40,399.00,"15,960.00"
2020-07-05,2020070501019127,NRIC,44,29,40,400.00,"16,000.00"
2020-07-05,2020070501019126,NRIC,44,14,40,400.00,"16,000.00"
2020-07-05,2020070501019125,NRIC,44,55,40,400.00,"16,000.00"
2020-07-05,2020070501019124,NRIC,44,29,40,400.00,"16,000.00"
2020-07-05,2020070501019123,NRIC,44,41,40,400.00,"16,000.00"
2020-07-05,2020070501019122,NRIC,44,25,15,400.00,"6,000.00"
2020-07-05,2020070501019141,NRIC,44,16,40,400.00,"16,000.00"
2020-07-05,2020070501019136,NRIC,44,14,50,400.00,"20,000.00"
2020-07-05,2020070501019135,NRIC,44,28,40,400.00,"16,000.00"
2020-07-05,2020070501019133,NRIC,44,4,50,400.00,"20,000.00"
2020-07-05,2020070501019129,NRIC,44,29,40,400.00,"16,000.00"
2020-07-05,2020070501019128,NRIC,44,42,50,400.00,"20,000.00"
2020-07-05,2020070501019153,NRIC,44,21,40,400.00,"16,000.00"
2020-07-05,2020070501019152,NRIC,44,40,50,400.00,"20,000.00"
2020-07-05,2020070501019151,NRIC,44,29,40,400.00,"16,000.00"
2020-07-05,2020070501019147,NRIC,44,38,50,400.00,"20,000.00"
2020-07-05,2020070501019143,NRIC,44,10,40,400.00,"16,000.00"
2020-07-05,2020070501019142,NRIC,44,40,40,400.00,"16,000.00"
2020-07-05,2020070501019163,NRIC,52,38,40,401.00,"16,040.00"
2020-07-05,2020070501019162,NRIC,52,38,40,401.00,"16,040.00"
2020-07-05,2020070501019159,NRIC,44,18,40,400.00,"16,000.00"
2020-07-05,2020070501019157,NRIC,44,34,40,400.00,"16,000.00"
2020-07-05,2020070501019156,NRIC,44,55,40,400.00,"16,000.00"
2020-07-05,2020070501019154,NRIC,44,21,40,400.00,"16,000.00"
2020-07-05,2020070501019170,NRIC,52,29,40,401.00,"16,040.00"
2020-07-05,2020070501019168,NRIC,52,16,50,401.00,"20,050.00"
2020-07-05,2020070501019167,NRIC,52,38,40,401.00,"16,040.00"
2020-07-05,2020070501019166,NRIC,52,20,40,401.00,"16,040.00"
2020-07-05,2020070501019165,NRIC,52,38,40,401.00,"16,040.00"
2020-07-05,2020070501019164,NRIC,52,55,40,401.00,"16,040.00"
2020-07-05,2020070501019189,NRIC,52,28,40,401.00,"16,040.00"
2020-07-05,2020070501019188,NRIC,52,7,40,401.00,"16,040.00"
2020-07-05,2020070501019185,NRIC,52,21,40,401.00,"16,040.00"
2020-07-05,2020070501019182,NRIC,52,34,40,401.00,"16,040.00"
2020-07-05,2020070501019176,NRIC,52,38,40,401.00,"16,040.00"
2020-07-05,2020070501019172,NRIC,52,10,30,401.00,"12,030.00"
2020-07-05,2020070501019199,NRIC,52,16,30,401.00,"12,030.00"
2020-07-05,2020070501019197,NRIC,52,34,20,401.00,"8,020.00"
2020-07-05,2020070501019195,NRIC,52,20,40,401.00,"16,040.00"
2020-07-05,2020070501019194,NRIC,52,29,40,401.00,"16,040.00"
2020-07-05,2020070501019193,NRIC,52,21,40,401.00,"16,040.00"
2020-07-05,2020070501019190,NRIC,52,40,50,401.00,"20,050.00"
2020-07-05,2020070501019211,NRIC,52,21,40,401.00,"16,040.00"
2020-07-05,2020070501019210,NRIC,52,29,30,401.00,"12,030.00"
2020-07-05,2020070501019209,NRIC,52,10,40,401.00,"16,040.00"
2020-07-05,2020070501019208,NRIC,52,38,40,401.00,"16,040.00"
2020-07-05,2020070501019204,NRIC,52,10,30,401.00,"12,030.00"
2020-07-05,2020070501019201,NRIC,52,28,40,401.00,"16,040.00"
2020-07-05,2020070501019228,NRIC,52,18,40,401.00,"16,040.00"
2020-07-05,2020070501019224,NRIC,52,47,40,401.00,"16,040.00"
2020-07-05,2020070501019223,NRIC,52,28,40,401.00,"16,040.00"
2020-07-05,2020070501019221,NRIC,52,29,40,401.00,"16,040.00"
2020-07-05,2020070501019220,NRIC,52,34,50,401.00,"20,050.00"
2020-07-05,2020070501019216,NRIC,52,55,40,401.00,"16,040.00"
2020-07-05,2020070501019237,NRIC,52,7,50,401.00,"20,050.00"
2020-07-05,2020070501019236,NRIC,52,10,30,401.00,"12,030.00"
2020-07-05,2020070501019234,NRIC,52,20,40,401.00,"16,040.00"
2020-07-05,2020070501019231,NRIC,52,37,40,401.00,"16,040.00"
2020-07-05,2020070501019230,NRIC,40,40,40,402.00,"16,080.00"
2020-07-05,2020070501019229,NRIC,52,37,40,401.00,"16,040.00"
2020-07-05,2020070501019245,NRIC,40,38,40,401.00,"16,040.00"
2020-07-05,2020070501019243,NRIC,44,34,10,400.00,"4,000.00"
2020-07-05,2020070501019242,NRIC,52,34,20,401.00,"8,020.00"
2020-07-05,2020070501019241,NRIC,52,29,40,401.00,"16,040.00"
2020-07-05,2020070501019240,NRIC,52,21,40,401.00,"16,040.00"
2020-07-05,2020070501019238,NRIC,52,58,50,401.00,"20,050.00"
2020-07-05,2020070501019255,NRIC,40,16,50,401.00,"20,050.00"
2020-07-05,2020070501019254,NRIC,40,37,40,401.00,"16,040.00"
2020-07-05,2020070501019253,NRIC,40,18,40,401.00,"16,040.00"
2020-07-05,2020070501019251,NRIC,40,10,40,401.00,"16,040.00"
2020-07-05,2020070501019250,NRIC,40,37,40,401.00,"16,040.00"
2020-07-05,2020070501019247,NRIC,40,39,40,401.00,"16,040.00"
2020-07-05,2020070501019269,NRIC,40,21,10,401.00,"4,010.00"
2020-07-05,2020070501019268,NRIC,40,55,40,401.00,"16,040.00"
2020-07-05,2020070501019266,NRIC,40,19,30,401.00,"12,030.00"
2020-07-05,2020070501019265,NRIC,40,20,40,401.00,"16,040.00"
2020-07-05,2020070501019263,NRIC,40,44,50,401.00,"20,050.00"
2020-07-05,2020070501019257,NRIC,40,29,40,401.00,"16,040.00"
2020-07-05,2020070501019282,NRIC,42,29,40,401.00,"16,040.00"
2020-07-05,2020070501019277,NRIC,42,21,40,401.00,"16,040.00"
2020-07-05,2020070501019276,NRIC,42,58,40,401.00,"16,040.00"
2020-07-05,2020070501019272,NRIC,42,34,40,401.00,"16,040.00"
2020-07-05,2020070501019271,NRIC,42,10,30,401.00,"12,030.00"
2020-07-05,2020070501019270,NRIC,42,21,30,401.00,"12,030.00"
2020-07-05,2020070501019291,NRIC,42,18,20,401.00,"8,020.00"
2020-07-05,2020070501019290,NRIC,42,10,30,401.00,"12,030.00"
2020-07-05,2020070501019288,NRIC,42,40,50,401.00,"20,050.00"
2020-07-05,2020070501019286,NRIC,42,34,40,401.00,"16,040.00"
2020-07-05,2020070501019285,NRIC,42,10,50,401.00,"20,050.00"
2020-07-05,2020070501019283,NRIC,42,28,50,401.00,"20,050.00"
2020-07-05,2020070501019306,NRIC,44,55,40,400.00,"16,000.00"
2020-07-05,2020070501019305,NRIC,44,17,50,400.00,"20,000.00"
2020-07-05,2020070501019304,NRIC,44,21,40,400.00,"16,000.00"
2020-07-05,2020070501019303,NRIC,44,44,50,400.00,"20,000.00"
2020-07-05,2020070501019301,NRIC,44,29,40,400.00,"16,000.00"
2020-07-05,2020070501019298,NRIC,44,49,40,400.00,"16,000.00"
2020-07-05,2020070501019315,NRIC,37,21,20,401.00,"8,020.00"
2020-07-05,2020070501019311,NRIC,37,37,40,401.00,"16,040.00"
2020-07-05,2020070501019310,NRIC,37,7,50,401.00,"20,050.00"
2020-07-05,2020070501019309,NRIC,37,20,40,401.00,"16,040.00"
2020-07-05,2020070501019308,NRIC,37,19,30,401.00,"12,030.00"
2020-07-05,2020070501019307,NRIC,37,18,20,401.00,"8,020.00"
2020-07-05,2020070501019327,NRIC,44,29,40,400.00,"16,000.00"
2020-07-05,2020070501019326,NRIC,44,28,40,400.00,"16,000.00"
2020-07-05,2020070501019325,NRIC,44,7,40,400.00,"16,000.00"
2020-07-05,2020070501019320,NRIC,44,10,30,400.00,"12,000.00"
2020-07-05,2020070501019317,NRIC,44,21,40,400.00,"16,000.00"
2020-07-05,2020070501019316,NRIC,44,21,20,400.00,"8,000.00"
2020-07-05,2020070501019353,NRIC,44,40,50,400.00,"20,000.00"
2020-07-05,2020070501019352,NRIC,44,28,40,400.00,"16,000.00"
2020-07-05,2020070501019345,NRIC,44,21,40,400.00,"16,000.00"
2020-07-05,2020070501019341,NRIC,44,21,40,400.00,"16,000.00"
2020-07-05,2020070501019339,NRIC,44,58,40,400.00,"16,000.00"
2020-07-05,2020070501019335,NRIC,44,58,50,400.00,"20,000.00"
2020-07-05,2020070501019362,NRIC,44,55,40,400.00,"16,000.00"
2020-07-05,2020070501019361,NRIC,44,47,40,400.00,"16,000.00"
2020-07-05,2020070501019360,NRIC,44,49,40,400.00,"16,000.00"
2020-07-05,2020070501019359,NRIC,44,41,40,400.00,"16,000.00"
2020-07-05,2020070501019356,NRIC,44,49,40,400.00,"16,000.00"
2020-07-05,2020070501019355,NRIC,44,10,30,400.00,"12,000.00"
2020-07-05,2020070501019380,NRIC,44,21,40,400.00,"16,000.00"
2020-07-05,2020070501019379,NRIC,44,58,40,400.00,"16,000.00"
2020-07-05,2020070501019369,NRIC,44,37,40,400.00,"16,000.00"
2020-07-05,2020070501019368,NRIC,44,28,40,400.00,"16,000.00"
2020-07-05,2020070501019367,NRIC,44,21,40,400.00,"16,000.00"
2020-07-05,2020070501019364,NRIC,44,17,40,400.00,"16,000.00"
2020-07-05,2020070501019388,NRIC,54,21,40,401.00,"16,040.00"
2020-07-05,2020070501019387,NRIC,54,13,40,401.00,"16,040.00"
2020-07-05,2020070501019386,NRIC,54,21,50,401.00,"20,050.00"
2020-07-05,2020070501019385,NRIC,54,10,50,401.00,"20,050.00"
2020-07-05,2020070501019384,NRIC,54,29,40,401.00,"16,040.00"
2020-07-05,2020070501019383,NRIC,44,49,40,400.00,"16,000.00"
2020-07-05,2020070501019399,NRIC,54,40,50,401.00,"20,050.00"
2020-07-05,2020070501019397,NRIC,54,10,40,401.00,"16,040.00"
2020-07-05,2020070501019396,NRIC,54,44,40,401.00,"16,040.00"
2020-07-05,2020070501019395,NRIC,54,37,40,401.00,"16,040.00"
2020-07-05,2020070501019394,NRIC,54,28,40,401.00,"16,040.00"
2020-07-05,2020070501019389,NRIC,54,49,40,401.00,"16,040.00"
2020-07-05,2020070501019407,NRIC,56,58,10,403.00,"4,030.00"
2020-07-05,2020070501019406,NRIC,54,17,50,401.00,"20,050.00"
2020-07-05,2020070501019405,NRIC,54,26,40,401.00,"16,040.00"
2020-07-05,2020070501019403,NRIC,52,58,30,403.00,"12,090.00"
2020-07-05,2020070501019402,NRIC,52,38,30,403.00,"12,090.00"
2020-07-05,2020070501019401,NRIC,52,40,40,402.00,"16,080.00"
2020-07-05,2020070501019426,NRIC,54,49,40,401.00,"16,040.00"
2020-07-05,2020070501019425,NRIC,54,28,40,401.00,"16,040.00"
2020-07-05,2020070501019424,NRIC,54,21,40,401.00,"16,040.00"
2020-07-05,2020070501019420,NRIC,54,55,40,401.00,"16,040.00"
2020-07-05,2020070501019416,NRIC,54,20,40,401.00,"16,040.00"
2020-07-05,2020070501019415,NRIC,54,21,40,401.00,"16,040.00"
2020-07-05,2020070501019441,NRIC,8,7,20,401.00,"8,020.00"
2020-07-05,2020070501019440,NRIC,54,7,20,401.00,"8,020.00"
2020-07-05,2020070501019439,NRIC,54,18,50,401.00,"20,050.00"
2020-07-05,2020070501019437,NRIC,54,56,40,401.00,"16,040.00"
2020-07-05,2020070501019435,NRIC,54,40,50,401.00,"20,050.00"
2020-07-05,2020070501019432,NRIC,54,47,40,401.00,"16,040.00"
2020-07-05,2020070501019457,NRIC,44,7,40,400.00,"16,000.00"
2020-07-05,2020070501019456,NRIC,44,58,30,400.00,"12,000.00"
2020-07-05,2020070501019455,NRIC,14,58,20,401.00,"8,020.00"
2020-07-05,2020070501019445,NRIC,14,17,40,401.00,"16,040.00"
2020-07-05,2020070501019443,NRIC,44,21,20,400.00,"8,000.00"
2020-07-05,2020070501019442,NRIC,8,21,20,401.00,"8,020.00"
2020-07-05,2020070501019452,OHL,49,44,194,261.00,"50,634.00"
2020-07-05,2020070501019451,OHL,51,44,200,262.00,"52,400.00"
2020-07-05,2020070501019450,OHL,13,44,50,262.00,"13,100.00"
2020-07-05,2020070501019444,PCBL,42,14,300,231.00,"69,300.00"
2020-07-05,2020070501019370,PCBL,19,38,100,232.00,"23,200.00"
2020-07-05,2020070501019227,PCBL,14,37,441,233.00,"102,753.00"
2020-07-05,2020070501019226,PCBL,14,49,38,233.00,"8,854.00"
2020-07-05,2020070501019225,PCBL,14,3,21,232.00,"4,872.00"
2020-07-05,2020070501019044,PCBL,13,8,300,230.00,"69,000.00"
2020-07-05,2020070501019149,PIC,37,25,10,538.00,"5,380.00"
2020-07-05,2020070501019184,PICL,14,38,100,390.00,"39,000.00"
2020-07-05,2020070501019183,PICL,57,38,43,390.00,"16,770.00"
2020-07-05,2020070501019117,PICL,57,38,57,390.00,"22,230.00"
2020-07-05,2020070501019116,PICL,48,38,200,391.00,"78,200.00"
2020-07-05,2020070501019115,PICL,7,38,250,394.00,"98,500.00"
2020-07-05,2020070501019114,PICL,33,38,193,395.00,"76,235.00"
2020-07-05,2020070501019100,PICL,58,38,500,396.00,"198,000.00"
2020-07-05,2020070501019050,PICL,33,37,80,395.00,"31,600.00"
2020-07-05,2020070501019446,PLIC,7,43,325,466.00,"151,450.00"
2020-07-05,2020070501019382,PLIC,50,52,79,464.00,"36,656.00"
2020-07-05,2020070501019244,PLIC,50,8,500,464.00,"232,000.00"
2020-07-05,2020070501019191,PMHPL,21,37,10,70.00,700.00
2020-07-05,2020070501019012,PMHPL,21,21,10,70.00,700.00
2020-07-05,2020070501019393,PRIN,56,37,102,390.00,"39,780.00"
2020-07-05,2020070501019039,PRIN,56,38,350,392.00,"137,200.00"
2020-07-05,2020070501019038,PRIN,56,45,50,390.00,"19,500.00"
2020-07-05,2020070501019423,PRVU,33,37,556,215.00,"119,540.00"
2020-07-05,2020070501019422,PRVU,20,37,10,215.00,"2,150.00"
2020-07-05,2020070501019202,PRVU,29,44,"1,051",214.00,"224,914.00"
2020-07-05,2020070501019086,PRVU,45,44,200,214.00,"42,800.00"
2020-07-05,2020070501019071,PRVU,35,44,"1,749",214.00,"374,286.00"
2020-07-05,2020070501018986,PRVU,35,14,251,214.00,"53,714.00"
2020-07-05,2020070501019430,RADHI,34,56,11,167.00,"1,837.00"
2020-07-05,2020070501019429,RADHI,34,8,12,167.00,"2,004.00"
2020-07-05,2020070501019377,RADHI,34,22,10,167.00,"1,670.00"
2020-07-05,2020070501019292,RHPC,32,26,14,78.00,"1,092.00"
2020-07-05,2020070501018982,RHPC,36,5,50,79.00,"3,950.00"
2020-07-05,2020070501018981,RHPC,55,5,300,79.00,"23,700.00"
2020-07-05,2020070501018980,RHPC,17,5,971,79.00,"76,709.00"
2020-07-05,2020070501019459,RHPL,49,21,40,144.00,"5,760.00"
2020-07-05,2020070501019400,RHPL,49,21,40,144.00,"5,760.00"
2020-07-05,2020070501019340,RHPL,49,21,40,144.00,"5,760.00"
2020-07-05,2020070501019281,RHPL,49,26,10,144.00,"1,440.00"
2020-07-05,2020070501019087,RHPL,49,21,40,144.00,"5,760.00"
2020-07-05,2020070501019052,RHPL,49,49,40,144.00,"5,760.00"
2020-07-05,2020070501019011,RRHP,1,49,10,89.00,890.00
2020-07-05,2020070501019438,SANIMA,33,33,33,312.00,"10,296.00"
2020-07-05,2020070501019275,SANIMA,33,26,30,312.00,"9,360.00"
2020-07-05,2020070501019256,SANIMA,38,17,150,313.00,"46,950.00"
2020-07-05,2020070501019027,SANIMA,33,41,30,312.00,"9,360.00"
2020-07-05,2020070501019026,SANIMA,21,41,300,312.00,"93,600.00"
2020-07-05,2020070501019025,SAPDBL,42,55,416,107.00,"44,512.00"
2020-07-05,2020070501019024,SAPDBL,10,55,200,107.00,"21,400.00"
2020-07-05,2020070501019023,SAPDBL,32,55,100,107.00,"10,700.00"
2020-07-05,2020070501019022,SAPDBL,33,55,21,107.00,"2,247.00"
2020-07-05,2020070501019021,SAPDBL,14,55,100,108.00,"10,800.00"
2020-07-05,2020070501019414,SBL,14,22,100,282.00,"28,200.00"
2020-07-05,2020070501019413,SBL,14,32,100,281.00,"28,100.00"
2020-07-05,2020070501019351,SBL,49,13,500,280.00,"140,000.00"
2020-07-05,2020070501019252,SBL,49,26,178,280.00,"49,840.00"
2020-07-05,2020070501019390,SCB,25,14,150,584.00,"87,600.00"
2020-07-05,2020070501019198,SCB,20,26,20,583.00,"11,660.00"
2020-07-05,2020070501019171,SCB,20,29,30,583.00,"17,490.00"
2020-07-05,2020070501019412,SDESI,33,45,200,790.00,"158,000.00"
2020-07-05,2020070501019411,SDESI,33,6,50,790.00,"39,500.00"
2020-07-05,2020070501019410,SDESI,33,55,26,790.00,"20,540.00"
2020-07-05,2020070501019409,SDESI,33,22,11,790.00,"8,690.00"
2020-07-05,2020070501019408,SDESI,33,13,15,790.00,"11,850.00"
2020-07-05,2020070501019350,SDESI,25,33,13,789.00,"10,257.00"
2020-07-05,2020070501019180,SDESI,25,19,20,789.00,"15,780.00"
2020-07-05,2020070501019179,SDESI,25,19,30,788.00,"23,640.00"
2020-07-05,2020070501019178,SDESI,25,47,27,785.00,"21,195.00"
2020-07-05,2020070501019148,SHIVM,6,33,125,552.00,"69,000.00"
2020-07-05,2020070501019448,SHPC,39,49,100,204.00,"20,400.00"
2020-07-05,2020070501019239,SHPC,37,26,400,202.00,"80,800.00"
2020-07-05,2020070501019007,SHPC,45,38,676,203.00,"137,228.00"
2020-07-05,2020070501019089,SIL,49,37,12,478.00,"5,736.00"
2020-07-05,2020070501019466,SJCL,35,21,20,129.00,"2,580.00"
2020-07-05,2020070501019421,SJCL,35,21,20,129.00,"2,580.00"
2020-07-05,2020070501019358,SJCL,35,21,20,129.00,"2,580.00"
2020-07-05,2020070501019235,SJCL,35,26,20,129.00,"2,580.00"
2020-07-05,2020070501019222,SJCL,35,26,10,129.00,"1,290.00"
2020-07-05,2020070501019103,SJCL,35,21,20,129.00,"2,580.00"
2020-07-05,2020070501019053,SJCL,53,41,20,131.00,"2,620.00"
2020-07-05,2020070501019006,SJCL,35,5,20,129.00,"2,580.00"
2020-07-05,2020070501019002,SJCL,35,22,10,129.00,"1,290.00"
2020-07-05,2020070501018993,SJCL,35,21,20,129.00,"2,580.00"
2020-07-05,2020070501019134,SKBBL,17,37,11,"1,145.00","12,595.00"
2020-07-05,2020070501019092,SLBSL,52,25,17,739.00,"12,563.00"
2020-07-05,2020070501019091,SLBSL,52,7,10,730.00,"7,300.00"
2020-07-05,2020070501019090,SLBSL,52,41,10,730.00,"7,300.00"
2020-07-05,2020070501019338,SLICL,55,35,150,400.00,"60,000.00"
2020-07-05,2020070501019337,SLICL,55,37,400,400.00,"160,000.00"
2020-07-05,2020070501019336,SLICL,55,4,450,400.00,"180,000.00"
2020-07-05,2020070501019328,SLICL,7,7,82,394.00,"32,308.00"
2020-07-05,2020070501019200,SLICL,58,26,15,398.00,"5,970.00"
2020-07-05,2020070501019146,SLICL,57,4,500,400.00,"200,000.00"
2020-07-05,2020070501019077,SLICL,58,56,75,398.00,"29,850.00"
2020-07-05,2020070501019076,SLICL,58,38,10,397.00,"3,970.00"
2020-07-05,2020070501019192,SPARS,45,45,10,791.00,"7,910.00"
2020-07-05,2020070501019378,SRBL,3,41,257,214.00,"54,998.00"
2020-07-05,2020070501019177,SRBL,29,26,106,211.00,"22,366.00"
2020-07-05,2020070501019461,STC,32,51,140,"2,600.00","364,000.00"
2020-07-05,2020070501019072,SWBBL,14,14,73,"1,102.00","80,446.00"
2020-07-05,2020070501019010,TMDBL,45,57,"1,350",160.00,"216,000.00"
2020-07-05,2020070501019158,TRH,3,22,31,183.00,"5,673.00"
2020-07-05,2020070501019312,UFL,16,7,107,164.00,"17,548.00"
2020-07-05,2020070501019280,UIC,49,41,300,303.00,"90,900.00"
2020-07-05,2020070501019155,UIC,49,26,68,303.00,"20,604.00"
2020-07-05,2020070501019161,UPCL,45,45,25,69.00,"1,725.00"
2020-07-05,2020070501019160,UPCL,45,45,50,69.00,"3,450.00"
2020-07-05,2020070501019474,UPPER,1,33,100,229.00,"22,900.00"
2020-07-05,2020070501019473,UPPER,33,33,10,230.00,"2,300.00"
2020-07-05,2020070501018800,ADBL,29,58,10,352.00,"3,520.00"
2020-07-05,2020070501018622,ADBL,55,18,130,351.00,"45,630.00"
2020-07-05,2020070501018936,AKPL,17,22,10,115.00,"1,150.00"
2020-07-05,2020070501018631,ALBSL,49,14,20,571.00,"11,420.00"
2020-07-05,2020070501018589,ALBSL,25,22,13,582.00,"7,566.00"
2020-07-05,2020070501018915,ALICL,32,33,200,562.00,"112,400.00"
2020-07-05,2020070501018894,ALICL,48,54,10,561.00,"5,610.00"
2020-07-05,2020070501018893,ALICL,38,54,100,563.00,"56,300.00"
2020-07-05,2020070501018479,ALICL,32,14,100,561.00,"56,100.00"
2020-07-05,2020070501018478,ALICL,45,14,100,561.00,"56,100.00"
2020-07-05,2020070501018803,API,25,55,20,108.00,"2,160.00"
2020-07-05,2020070501018649,API,43,46,77,106.00,"8,162.00"
2020-07-05,2020070501018648,API,11,46,200,106.00,"21,200.00"
2020-07-05,2020070501018647,API,44,46,"1,000",106.00,"106,000.00"
2020-07-05,2020070501018658,BFC,38,50,30,88.00,"2,640.00"
2020-07-05,2020070501018598,BPCL,13,39,200,340.00,"68,000.00"
2020-07-05,2020070501018573,BPCL,13,5,17,338.00,"5,746.00"
2020-07-05,2020070501018572,BPCL,6,5,100,338.00,"33,800.00"
2020-07-05,2020070501018571,BPCL,6,5,100,338.00,"33,800.00"
2020-07-05,2020070501018570,BPCL,6,5,100,338.00,"33,800.00"
2020-07-05,2020070501018569,BPCL,25,5,97,339.00,"32,883.00"
2020-07-05,2020070501018568,BPCL,57,5,86,340.00,"29,240.00"
2020-07-05,2020070501018476,BPCL,57,4,50,340.00,"17,000.00"
2020-07-05,2020070501018775,CBL,39,25,93,131.00,"12,183.00"
2020-07-05,2020070501018774,CBL,34,25,200,131.00,"26,200.00"
2020-07-05,2020070501018773,CBL,46,25,238,131.00,"31,178.00"
2020-07-05,2020070501018964,CCBL,34,49,306,158.00,"48,348.00"
2020-07-05,2020070501018509,CFCL,6,39,151,117.00,"17,667.00"
2020-07-05,2020070501018508,CFCL,43,39,100,118.00,"11,800.00"
2020-07-05,2020070501018733,CIT,54,41,10,"2,459.00","24,590.00"
2020-07-05,2020070501018574,CIT,41,41,25,"2,459.00","61,475.00"
2020-07-05,2020070501018886,CMF1,22,42,100,8.99,899.00
2020-07-05,2020070501018859,CZBIL,58,37,10,183.00,"1,830.00"
2020-07-05,2020070501018547,CZBIL,48,37,80,183.00,"14,640.00"
2020-07-05,2020070501018938,EBL,28,29,50,625.00,"31,250.00"
2020-07-05,2020070501018545,EIC,7,52,500,362.00,"181,000.00"
2020-07-05,2020070501018501,FMDBL,45,33,56,429.00,"24,024.00"
2020-07-05,2020070501018888,GBIME,54,55,376,235.00,"88,360.00"
2020-07-05,2020070501018887,GBIME,54,59,124,235.00,"29,140.00"
2020-07-05,2020070501018869,GBIME,45,5,171,233.00,"39,843.00"
2020-07-05,2020070501018868,GBIME,29,5,199,233.00,"46,367.00"
2020-07-05,2020070501018856,GBIME,6,59,81,235.00,"19,035.00"
2020-07-05,2020070501018855,GBIME,6,7,19,234.00,"4,446.00"
2020-07-05,2020070501018829,GBIME,14,7,200,234.00,"46,800.00"
2020-07-05,2020070501018828,GBIME,14,7,180,234.00,"42,120.00"
2020-07-05,2020070501018816,GBIME,8,59,500,235.00,"117,500.00"
2020-07-05,2020070501018506,GBIME,14,43,100,234.00,"23,400.00"
2020-07-05,2020070501018505,GBIME,14,45,20,234.00,"4,680.00"
2020-07-05,2020070501018475,GBIME,29,26,201,233.00,"46,833.00"
2020-07-05,2020070501018600,GBLBS,46,33,544,418.00,"227,392.00"
2020-07-05,2020070501018929,GFCL,6,21,26,148.00,"3,848.00"
2020-07-05,2020070501018871,GLBSL,46,41,10,603.00,"6,030.00"
2020-07-05,2020070501018540,GUFL,10,26,18,109.00,"1,962.00"
2020-07-05,2020070501018932,HBL,32,5,20,510.00,"10,200.00"
2020-07-05,2020070501018755,HBL,45,5,30,510.00,"15,300.00"
2020-07-05,2020070501018835,HDL,58,11,20,"1,446.00","28,920.00"
2020-07-05,2020070501018832,HDL,49,45,50,"1,447.00","72,350.00"
2020-07-05,2020070501018827,HDL,41,25,20,"1,450.00","29,000.00"
2020-07-05,2020070501018565,HDL,45,44,500,"1,445.00","722,500.00"
2020-07-05,2020070501018519,HDL,56,25,20,"1,450.00","29,000.00"
2020-07-05,2020070501018518,HDL,56,13,30,"1,450.00","43,500.00"
2020-07-05,2020070501018608,HIDCL,25,26,30,121.00,"3,630.00"
2020-07-05,2020070501018710,IGI,52,25,10,375.00,"3,750.00"
2020-07-05,2020070501018516,ILBS,57,39,37,648.00,"23,976.00"
2020-07-05,2020070501018903,JBBL,13,59,30,162.00,"4,860.00"
2020-07-05,2020070501018920,KMCDB,57,25,12,697.00,"8,364.00"
2020-07-05,2020070501018798,KMCDB,26,1,10,686.00,"6,860.00"
2020-07-05,2020070501018737,KMCDB,26,18,10,686.00,"6,860.00"
2020-07-05,2020070501018609,KMCDB,57,8,10,685.00,"6,850.00"
2020-07-05,2020070501018502,KMCDB,16,18,10,684.00,"6,840.00"
2020-07-05,2020070501018634,KRBL,45,57,190,99.00,"18,810.00"
2020-07-05,2020070501018960,KSBBL,42,7,42,140.00,"5,880.00"
2020-07-05,2020070501018728,MBL,29,56,11,210.00,"2,310.00"
2020-07-05,2020070501018633,MEGA,34,6,76,201.00,"15,276.00"
2020-07-05,2020070501018593,MEGA,47,6,34,201.00,"6,834.00"
2020-07-05,2020070501018523,MEGA,47,35,66,201.00,"13,266.00"
2020-07-05,2020070501018522,MEGA,57,35,234,201.00,"47,034.00"
2020-07-05,2020070501018957,MERO,59,22,43,554.00,"23,822.00"
2020-07-05,2020070501018918,MERO,25,52,126,564.00,"71,064.00"
2020-07-05,2020070501018687,MFIL,6,4,"1,000",257.00,"257,000.00"
2020-07-05,2020070501018686,MFIL,32,4,"1,000",258.00,"258,000.00"
2020-07-05,2020070501018685,MFIL,6,4,700,258.00,"180,600.00"
2020-07-05,2020070501018613,MLBL,21,5,17,177.00,"3,009.00"
2020-07-05,2020070501018875,MNBBL,46,37,27,295.00,"7,965.00"
2020-07-05,2020070501018759,MNBBL,45,50,500,296.00,"148,000.00"
2020-07-05,2020070501018530,MNBBL,25,4,20,299.00,"5,980.00"
2020-07-05,2020070501018939,NABIL,33,28,205,723.00,"148,215.00"
2020-07-05,2020070501018883,NABIL,17,55,60,722.00,"43,320.00"
2020-07-05,2020070501018704,NABIL,57,28,50,723.00,"36,150.00"
2020-07-05,2020070501018614,NABIL,14,28,20,723.00,"14,460.00"
2020-07-05,2020070501018576,NBL,58,5,15,236.00,"3,540.00"
2020-07-05,2020070501018491,NBL,58,39,46,236.00,"10,856.00"
2020-07-05,2020070501018794,NCCB,7,7,123,175.00,"21,525.00"
2020-07-05,2020070501018793,NCCB,47,7,60,175.00,"10,500.00"
2020-07-05,2020070501018792,NCCB,47,7,10,175.00,"1,750.00"
2020-07-05,2020070501018791,NCCB,58,7,259,175.00,"45,325.00"
2020-07-05,2020070501018790,NCCB,45,7,500,176.00,"88,000.00"
2020-07-05,2020070501018493,NCCB,45,48,"1,000",177.00,"177,000.00"
2020-07-05,2020070501018492,NCCB,45,32,500,177.00,"88,500.00"
2020-07-05,2020070501018919,NEF,22,37,"3,380",8.10,"27,378.00"
2020-07-05,2020070501018897,NEF,22,47,966,8.10,"7,824.60"
2020-07-05,2020070501018942,NIB,21,49,150,433.00,"64,950.00"
2020-07-05,2020070501018941,NIB,14,49,50,434.00,"21,700.00"
2020-07-05,2020070501018731,NIB,14,43,450,434.00,"195,300.00"
2020-07-05,2020070501018730,NIB,14,43,30,435.00,"13,050.00"
2020-07-05,2020070501018729,NIB,36,43,20,436.00,"8,720.00"
2020-07-05,2020070501018688,NIB,35,35,49,436.00,"21,364.00"
2020-07-05,2020070501018808,NIBPO,58,4,"1,000",347.00,"347,000.00"
2020-07-05,2020070501018611,NIBPO,58,4,"1,000",343.00,"343,000.00"
2020-07-05,2020070501018801,NICA,14,6,10,490.00,"4,900.00"
2020-07-05,2020070501018719,NICA,45,11,42,487.00,"20,454.00"
2020-07-05,2020070501018863,NICL,45,13,450,367.00,"165,150.00"
2020-07-05,2020070501018489,NICL,45,50,50,367.00,"18,350.00"
2020-07-05,2020070501018488,NICL,26,50,50,367.00,"18,350.00"
2020-07-05,2020070501018487,NICL,47,50,100,368.00,"36,800.00"
2020-07-05,2020070501018777,NIL,45,13,490,515.00,"252,350.00"
2020-07-05,2020070501018776,NIL,48,13,10,516.00,"5,160.00"
2020-07-05,2020070501018746,NIL,33,13,500,518.00,"259,000.00"
2020-07-05,2020070501018708,NIL,48,13,490,516.00,"252,840.00"
2020-07-05,2020070501018707,NIL,48,13,10,517.00,"5,170.00"
2020-07-05,2020070501018826,NLIC,22,37,28,"1,165.00","32,620.00"
2020-07-05,2020070501018825,NLIC,52,37,54,"1,166.00","62,964.00"
2020-07-05,2020070501018824,NLIC,16,37,300,"1,167.00","350,100.00"
2020-07-05,2020070501018823,NLIC,45,37,18,"1,170.00","21,060.00"
2020-07-05,2020070501018718,NLIC,33,6,22,"1,170.00","25,740.00"
2020-07-05,2020070501018717,NLIC,33,6,22,"1,170.00","25,740.00"
2020-07-05,2020070501018499,NLIC,44,5,40,"1,167.00","46,680.00"
2020-07-05,2020070501018481,NLIC,44,4,500,"1,167.00","583,500.00"
