Date,Transact. No.,Symbol,Buyer,Seller,Quantity,Rate,Amount
2019-06-13,2019061301006442,ADBL,36,39,"1,000",411.00,"411,000.00"
2019-06-13,2019061301006441,ADBL,45,39,100,411.00,"41,100.00"
2019-06-13,2019061301006279,ADBL,22,41,106,412.00,"43,672.00"
2019-06-13,2019061301006253,ADBL,29,39,50,411.00,"20,550.00"
2019-06-13,2019061301006236,ADBL,40,39,100,411.00,"41,100.00"
2019-06-13,2019061301006235,ADBL,40,39,100,411.00,"41,100.00"
2019-06-13,2019061301006111,ADBL,25,39,500,412.00,"206,000.00"
2019-06-13,2019061301006110,ADBL,49,39,74,412.00,"30,488.00"
2019-06-13,2019061301006078,ADBL,51,39,472,413.00,"194,936.00"
2019-06-13,2019061301006066,ADBL,51,48,278,413.00,"114,814.00"
2019-06-13,2019061301006117,ADBL,49,39,"1,000",412.00,"412,000.00"
2019-06-13,2019061301006116,ADBL,38,39,100,412.00,"41,200.00"
2019-06-13,2019061301006115,ADBL,25,39,100,412.00,"41,200.00"
2019-06-13,2019061301006114,ADBL,35,39,"1,000",412.00,"412,000.00"
2019-06-13,2019061301006113,ADBL,37,39,500,412.00,"206,000.00"
2019-06-13,2019061301006112,ADBL,45,39,300,412.00,"123,600.00"
2019-06-13,2019061301006141,ADBL,3,39,50,411.00,"20,550.00"
2019-06-13,2019061301006140,ADBL,14,39,200,411.00,"82,200.00"
2019-06-13,2019061301006139,ADBL,43,39,500,411.00,"205,500.00"
2019-06-13,2019061301006138,ADBL,49,39,902,411.00,"370,722.00"
2019-06-13,2019061301006119,ADBL,54,39,25,412.00,"10,300.00"
2019-06-13,2019061301006118,ADBL,40,39,200,412.00,"82,400.00"
2019-06-13,2019061301006211,ADBL,21,17,250,414.00,"103,500.00"
2019-06-13,2019061301006174,ADBL,40,39,100,411.00,"41,100.00"
2019-06-13,2019061301006145,ADBL,45,39,"3,000",411.00,"1,233,000.00"
2019-06-13,2019061301006144,ADBL,25,39,20,411.00,"8,220.00"
2019-06-13,2019061301006143,ADBL,45,39,100,411.00,"41,100.00"
2019-06-13,2019061301006142,ADBL,58,39,200,411.00,"82,200.00"
2019-06-13,2019061301006304,AKPL,8,58,74,184.00,"13,616.00"
2019-06-13,2019061301006303,AKPL,8,58,110,184.00,"20,240.00"
2019-06-13,2019061301006087,AKPL,8,56,131,184.00,"24,104.00"
2019-06-13,2019061301006086,AKPL,55,56,164,184.00,"30,176.00"
2019-06-13,2019061301006338,ALBSL,19,16,40,416.00,"16,640.00"
2019-06-13,2019061301006337,ALBSL,56,16,40,416.00,"16,640.00"
2019-06-13,2019061301006334,ALBSL,57,20,10,420.00,"4,200.00"
2019-06-13,2019061301006281,ALICL,13,57,20,395.00,"7,900.00"
2019-06-13,2019061301006224,ALICL,1,57,50,396.00,"19,800.00"
2019-06-13,2019061301006278,API,44,44,1,146.00,146.00
2019-06-13,2019061301006074,API,25,35,34,148.00,"5,032.00"
2019-06-13,2019061301006058,API,54,35,15,148.00,"2,220.00"
2019-06-13,2019061301006389,BFC,13,46,500,107.00,"53,500.00"
2019-06-13,2019061301006388,BFC,13,51,"1,500",107.00,"160,500.00"
2019-06-13,2019061301006480,BOKL,19,1,200,264.00,"52,800.00"
2019-06-13,2019061301006413,BOKL,21,42,300,263.00,"78,900.00"
2019-06-13,2019061301006328,BOKL,21,51,200,263.00,"52,600.00"
2019-06-13,2019061301006327,BOKL,21,39,445,263.00,"117,035.00"
2019-06-13,2019061301006079,BOKL,57,41,64,262.00,"16,768.00"
2019-06-13,2019061301006537,BPCL,36,47,32,406.00,"12,992.00"
2019-06-13,2019061301006217,CBBL,14,55,100,939.00,"93,900.00"
2019-06-13,2019061301006282,CBL,43,37,10,147.00,"1,470.00"
2019-06-13,2019061301006152,CBL,33,8,86,146.00,"12,556.00"
2019-06-13,2019061301006151,CBL,55,8,114,146.00,"16,644.00"
2019-06-13,2019061301006473,CCBL,42,1,300,168.00,"50,400.00"
2019-06-13,2019061301006073,CCBL,6,1,70,168.00,"11,760.00"
2019-06-13,2019061301006358,CEFL,13,58,100,102.00,"10,200.00"
2019-06-13,2019061301006357,CEFL,35,58,100,103.00,"10,300.00"
2019-06-13,2019061301006356,CEFL,32,58,100,103.00,"10,300.00"
2019-06-13,2019061301006313,CEFL,42,25,100,104.00,"10,400.00"
2019-06-13,2019061301006158,CHCL,52,45,30,517.00,"15,510.00"
2019-06-13,2019061301006109,CHCL,34,36,10,515.00,"5,150.00"
2019-06-13,2019061301006108,CHCL,6,36,40,515.00,"20,600.00"
2019-06-13,2019061301006265,CIT,41,49,45,"2,517.00","113,265.00"
2019-06-13,2019061301006264,CIT,22,49,18,"2,517.00","45,306.00"
2019-06-13,2019061301006252,CIT,22,32,20,"2,517.00","50,340.00"
2019-06-13,2019061301006489,CLBSL,54,57,8,570.00,"4,560.00"
2019-06-13,2019061301006488,CLBSL,54,56,60,530.00,"31,800.00"
2019-06-13,2019061301006487,CLBSL,54,43,16,527.00,"8,432.00"
2019-06-13,2019061301006486,CLBSL,54,43,16,526.00,"8,416.00"
2019-06-13,2019061301006485,CLBSL,54,57,10,526.00,"5,260.00"
2019-06-13,2019061301006239,CZBIL,3,38,30,222.00,"6,660.00"
2019-06-13,2019061301006223,CZBIL,41,38,100,222.00,"22,200.00"
2019-06-13,2019061301006166,CZBIL,28,17,10,221.00,"2,210.00"
2019-06-13,2019061301006162,CZBIL,28,37,276,221.00,"60,996.00"
2019-06-13,2019061301006161,CZBIL,41,37,231,221.00,"51,051.00"
2019-06-13,2019061301006160,CZBIL,58,58,1,220.00,220.00
2019-06-13,2019061301006273,DBBL,41,34,100,147.00,"14,700.00"
2019-06-13,2019061301006272,DBBL,56,34,186,147.00,"27,342.00"
2019-06-13,2019061301006308,DDBL,49,16,"1,000",707.00,"707,000.00"
2019-06-13,2019061301006307,DDBL,49,16,"1,000",707.00,"707,000.00"
2019-06-13,2019061301006231,EBL,42,41,99,663.00,"65,637.00"
2019-06-13,2019061301006061,EBL,14,38,190,662.00,"125,780.00"
2019-06-13,2019061301006154,EDBL,19,40,244,291.00,"71,004.00"
2019-06-13,2019061301006149,EIC,42,58,40,377.00,"15,080.00"
2019-06-13,2019061301006447,FOWAD,8,37,13,"1,406.00","18,278.00"
2019-06-13,2019061301006446,FOWAD,51,37,20,"1,406.00","28,120.00"
2019-06-13,2019061301006445,FOWAD,50,37,10,"1,406.00","14,060.00"
2019-06-13,2019061301006444,FOWAD,49,37,20,"1,407.00","28,140.00"
2019-06-13,2019061301006443,FOWAD,57,37,32,"1,407.00","45,024.00"
2019-06-13,2019061301006275,FOWAD,57,14,48,"1,407.00","67,536.00"
2019-06-13,2019061301006222,FOWAD,57,43,70,"1,407.00","98,490.00"
2019-06-13,2019061301006221,FOWAD,38,43,100,"1,408.00","140,800.00"
2019-06-13,2019061301006220,FOWAD,38,43,100,"1,409.00","140,900.00"
2019-06-13,2019061301006219,FOWAD,19,43,54,"1,410.00","76,140.00"
2019-06-13,2019061301006544,GBIME,53,41,13,298.00,"3,874.00"
2019-06-13,2019061301006527,GBIME,53,52,187,298.00,"55,726.00"
2019-06-13,2019061301006469,GBIME,42,52,30,298.00,"8,940.00"
2019-06-13,2019061301006249,GBIME,22,1,388,297.00,"115,236.00"
2019-06-13,2019061301006173,GBIME,22,10,40,297.00,"11,880.00"
2019-06-13,2019061301006157,GBIME,47,52,50,298.00,"14,900.00"
2019-06-13,2019061301006131,GBIME,40,52,733,298.00,"218,434.00"
2019-06-13,2019061301006130,GBIME,40,10,267,298.00,"79,566.00"
2019-06-13,2019061301006068,GBIME,49,10,70,298.00,"20,860.00"
2019-06-13,2019061301006148,GBLBS,36,34,200,358.00,"71,600.00"
2019-06-13,2019061301006517,GILB,6,29,10,"1,268.00","12,680.00"
2019-06-13,2019061301006464,GILB,6,6,1,"1,224.00","1,224.00"
2019-06-13,2019061301006128,GILB,58,16,22,"1,248.00","27,456.00"
2019-06-13,2019061301006060,GILB,58,16,22,"1,248.00","27,456.00"
2019-06-13,2019061301006240,GLICL,56,51,30,508.00,"15,240.00"
2019-06-13,2019061301006291,GMFIL,49,28,201,125.00,"25,125.00"
2019-06-13,2019061301006274,GUFL,13,45,33,118.00,"3,894.00"
2019-06-13,2019061301006190,GUFL,52,45,100,118.00,"11,800.00"
2019-06-13,2019061301006528,HDL,54,58,90,"1,744.00","156,960.00"
2019-06-13,2019061301006414,HDL,54,44,410,"1,744.00","715,040.00"
2019-06-13,2019061301006245,HGI,47,58,20,372.00,"7,440.00"
2019-06-13,2019061301006481,HIDCL,36,43,10,163.00,"1,630.00"
2019-06-13,2019061301006472,HIDCL,29,21,20,164.00,"3,280.00"
2019-06-13,2019061301006471,HIDCL,29,52,31,163.00,"5,053.00"
2019-06-13,2019061301006470,HIDCL,29,52,31,163.00,"5,053.00"
2019-06-13,2019061301006319,HURJA,11,52,20,146.00,"2,920.00"
2019-06-13,2019061301006288,HURJA,11,52,20,146.00,"2,920.00"
2019-06-13,2019061301006269,HURJA,11,52,10,146.00,"1,460.00"
2019-06-13,2019061301006268,HURJA,42,52,10,146.00,"1,460.00"
2019-06-13,2019061301006251,HURJA,42,52,20,146.00,"2,920.00"
2019-06-13,2019061301006189,HURJA,42,19,220,146.00,"32,120.00"
2019-06-13,2019061301006318,JBBL,40,1,460,157.00,"72,220.00"
2019-06-13,2019061301006069,JBBL,53,40,10,159.00,"1,590.00"
2019-06-13,2019061301006459,JBNL,25,53,635,208.00,"132,080.00"
2019-06-13,2019061301006458,JBNL,25,13,114,208.00,"23,712.00"
2019-06-13,2019061301006457,JBNL,25,34,801,208.00,"166,608.00"
2019-06-13,2019061301006456,JBNL,25,17,250,208.00,"52,000.00"
2019-06-13,2019061301006455,JBNL,25,53,"1,200",208.00,"249,600.00"
2019-06-13,2019061301006250,JBNL,45,38,500,207.00,"103,500.00"
2019-06-13,2019061301006155,JBNL,45,41,277,207.00,"57,339.00"
2019-06-13,2019061301006107,JBNL,45,17,250,207.00,"51,750.00"
2019-06-13,2019061301006102,JBNL,14,53,500,208.00,"104,000.00"
2019-06-13,2019061301006194,JOSHI,47,6,20,87.00,"1,740.00"
2019-06-13,2019061301006258,JSLBB,47,39,45,"1,804.00","81,180.00"
2019-06-13,2019061301006257,JSLBB,22,39,10,"1,833.00","18,330.00"
2019-06-13,2019061301006230,JSLBB,8,58,30,"1,837.00","55,110.00"
2019-06-13,2019061301006150,JSLBB,44,38,14,"1,840.00","25,760.00"
2019-06-13,2019061301006124,JSLBB,44,38,14,"1,840.00","25,760.00"
2019-06-13,2019061301006496,KBBL,32,58,"2,000",237.00,"474,000.00"
2019-06-13,2019061301006238,KBBL,39,25,200,235.00,"47,000.00"
2019-06-13,2019061301006518,KBL,38,56,"1,000",212.00,"212,000.00"
2019-06-13,2019061301006355,KBL,45,44,34,211.00,"7,174.00"
2019-06-13,2019061301006411,KPCL,40,59,100,96.00,"9,600.00"
2019-06-13,2019061301006523,KSBBL,46,25,"1,000",165.00,"165,000.00"
2019-06-13,2019061301006522,KSBBL,46,14,640,165.00,"105,600.00"
2019-06-13,2019061301006483,KSBBL,42,14,60,165.00,"9,900.00"
2019-06-13,2019061301006310,KSBBL,41,14,500,165.00,"82,500.00"
2019-06-13,2019061301006207,KSBBL,28,14,300,165.00,"49,500.00"
2019-06-13,2019061301006129,KSBBL,28,26,200,165.00,"33,000.00"
2019-06-13,2019061301006514,LBBL,53,47,20,201.00,"4,020.00"
2019-06-13,2019061301006494,LBBL,33,19,98,200.00,"19,600.00"
2019-06-13,2019061301006493,LBBL,33,38,25,200.00,"5,000.00"
2019-06-13,2019061301006492,LBBL,33,32,118,200.00,"23,600.00"
2019-06-13,2019061301006491,LBBL,33,32,500,200.00,"100,000.00"
2019-06-13,2019061301006261,LBBL,33,4,570,199.00,"113,430.00"
2019-06-13,2019061301006242,LBBL,33,52,132,198.00,"26,136.00"
2019-06-13,2019061301006241,LBBL,33,25,200,198.00,"39,600.00"
2019-06-13,2019061301006502,LBL,36,44,82,218.00,"17,876.00"
2019-06-13,2019061301006501,LBL,36,44,918,218.00,"200,124.00"
2019-06-13,2019061301006084,LICN,28,37,11,"1,643.00","18,073.00"
2019-06-13,2019061301006083,LICN,28,37,20,"1,643.00","32,860.00"
2019-06-13,2019061301006082,LICN,48,37,10,"1,643.00","16,430.00"
2019-06-13,2019061301006081,LICN,22,37,10,"1,644.00","16,440.00"
2019-06-13,2019061301006343,MBL,36,38,300,267.00,"80,100.00"
2019-06-13,2019061301006342,MBL,52,38,30,267.00,"8,010.00"
2019-06-13,2019061301006341,MBL,44,38,270,267.00,"72,090.00"
2019-06-13,2019061301006330,MBL,44,59,230,267.00,"61,410.00"
2019-06-13,2019061301006329,MBL,44,59,50,267.00,"13,350.00"
2019-06-13,2019061301006314,MBL,52,35,"1,000",268.00,"268,000.00"
2019-06-13,2019061301006540,MEGA,53,28,750,201.00,"150,750.00"
2019-06-13,2019061301006539,MEGA,56,28,250,201.00,"50,250.00"
2019-06-13,2019061301006468,MEGA,56,33,750,201.00,"150,750.00"
2019-06-13,2019061301006467,MEGA,13,33,500,201.00,"100,500.00"
2019-06-13,2019061301006466,MEGA,36,33,750,201.00,"150,750.00"
2019-06-13,2019061301006432,MEGA,43,35,10,202.00,"2,020.00"
2019-06-13,2019061301006095,MEGA,57,56,500,201.00,"100,500.00"
2019-06-13,2019061301006050,MEGA,57,57,500,201.00,"100,500.00"
2019-06-13,2019061301006320,MEGA,36,48,200,201.00,"40,200.00"
2019-06-13,2019061301006196,MEGA,39,35,50,202.00,"10,100.00"
2019-06-13,2019061301006153,MEGA,58,58,1,200.00,200.00
2019-06-13,2019061301006098,MEGA,36,56,50,201.00,"10,050.00"
2019-06-13,2019061301006097,MEGA,17,56,100,201.00,"20,100.00"
2019-06-13,2019061301006096,MEGA,6,56,50,201.00,"10,050.00"
2019-06-13,2019061301006136,MHNL,34,40,470,103.00,"48,410.00"
2019-06-13,2019061301006513,MLBL,33,25,328,194.00,"63,632.00"
2019-06-13,2019061301006345,MNBBL,41,1,150,373.00,"55,950.00"
2019-06-13,2019061301006294,MNBBL,44,49,200,375.00,"75,000.00"
2019-06-13,2019061301006293,MNBBL,28,49,13,376.00,"4,888.00"
2019-06-13,2019061301006256,MNBBL,28,41,118,376.00,"44,368.00"
2019-06-13,2019061301006344,MNBBL,42,1,100,373.00,"37,300.00"
2019-06-13,2019061301006299,MNBBL,25,49,200,375.00,"75,000.00"
2019-06-13,2019061301006298,MNBBL,25,49,300,375.00,"112,500.00"
2019-06-13,2019061301006297,MNBBL,45,49,100,375.00,"37,500.00"
2019-06-13,2019061301006296,MNBBL,44,49,"1,000",375.00,"375,000.00"
2019-06-13,2019061301006295,MNBBL,10,49,100,375.00,"37,500.00"
2019-06-13,2019061301006387,MPFL,6,57,73,193.00,"14,089.00"
2019-06-13,2019061301006490,MSLB,18,4,100,900.00,"90,000.00"
2019-06-13,2019061301006386,MSLB,38,4,160,887.00,"141,920.00"
2019-06-13,2019061301006385,MSLB,36,4,100,888.00,"88,800.00"
2019-06-13,2019061301006384,MSLB,5,4,30,889.00,"26,670.00"
2019-06-13,2019061301006383,MSLB,1,4,10,889.00,"8,890.00"
2019-06-13,2019061301006215,MSLB,1,58,40,889.00,"35,560.00"
2019-06-13,2019061301006316,NABIL,6,3,200,827.00,"165,400.00"
2019-06-13,2019061301006315,NABIL,6,22,190,826.00,"156,940.00"
2019-06-13,2019061301006181,NABIL,47,22,10,826.00,"8,260.00"
2019-06-13,2019061301006133,NABIL,6,38,43,825.00,"35,475.00"
2019-06-13,2019061301006132,NABIL,6,32,25,825.00,"20,625.00"
2019-06-13,2019061301006306,NADEP,55,58,10,440.00,"4,400.00"
2019-06-13,2019061301006259,NADEP,28,58,10,440.00,"4,400.00"
2019-06-13,2019061301006180,NADEP,6,58,20,440.00,"8,800.00"
2019-06-13,2019061301006137,NBB,7,32,50,224.00,"11,200.00"
2019-06-13,2019061301006548,NBL,33,38,100,325.00,"32,500.00"
2019-06-13,2019061301006521,NBL,44,45,500,324.00,"162,000.00"
2019-06-13,2019061301006520,NBL,52,45,200,324.00,"64,800.00"
2019-06-13,2019061301006237,NBL,56,19,500,324.00,"162,000.00"
2019-06-13,2019061301006094,NBL,55,35,200,324.00,"64,800.00"
2019-06-13,2019061301006515,NCCB,35,58,50,257.00,"12,850.00"
2019-06-13,2019061301006465,NCCB,41,58,50,257.00,"12,850.00"
2019-06-13,2019061301006195,NCCB,53,44,55,258.00,"14,190.00"
2019-06-13,2019061301006353,NHDL,28,39,190,129.00,"24,510.00"
2019-06-13,2019061301006302,NHDL,51,39,150,130.00,"19,500.00"
2019-06-13,2019061301006289,NIB,11,41,118,530.00,"62,540.00"
2019-06-13,2019061301006065,NIB,28,48,30,530.00,"15,900.00"
2019-06-13,2019061301006064,NIB,28,22,150,530.00,"79,500.00"
2019-06-13,2019061301006063,NIB,28,14,500,530.00,"265,000.00"
2019-06-13,2019061301006062,NIB,28,35,40,530.00,"21,200.00"
2019-06-13,2019061301006052,NIB,28,40,44,529.00,"23,276.00"
2019-06-13,2019061301006461,NIBPO,53,4,500,486.00,"243,000.00"
2019-06-13,2019061301006437,NIBPO,28,4,954,485.00,"462,690.00"
2019-06-13,2019061301006412,NIBPO,42,4,46,485.00,"22,310.00"
2019-06-13,2019061301006179,NIBPO,42,4,"1,000",484.00,"484,000.00"
2019-06-13,2019061301006178,NIBPO,32,4,200,484.00,"96,800.00"
2019-06-13,2019061301006177,NIBPO,19,4,200,484.00,"96,800.00"
2019-06-13,2019061301006176,NIBPO,44,4,50,484.00,"24,200.00"
2019-06-13,2019061301006536,NICA,40,39,500,454.00,"227,000.00"
2019-06-13,2019061301006535,NICA,28,39,200,454.00,"90,800.00"
2019-06-13,2019061301006534,NICA,26,39,"1,500",454.00,"681,000.00"
2019-06-13,2019061301006533,NICA,43,39,"1,000",454.00,"454,000.00"
2019-06-13,2019061301006532,NICA,25,39,500,454.00,"227,000.00"
2019-06-13,2019061301006531,NICA,56,39,40,454.00,"18,160.00"
2019-06-13,2019061301006324,NICA,50,39,209,457.00,"95,513.00"
2019-06-13,2019061301006322,NICA,50,6,300,457.00,"137,100.00"
2019-06-13,2019061301006351,NICA,52,39,50,456.00,"22,800.00"
2019-06-13,2019061301006350,NICA,14,39,200,456.00,"91,200.00"
2019-06-13,2019061301006349,NICA,29,39,"1,000",456.00,"456,000.00"
2019-06-13,2019061301006348,NICA,57,39,"1,000",456.00,"456,000.00"
2019-06-13,2019061301006326,NICA,52,39,900,457.00,"411,300.00"
2019-06-13,2019061301006325,NICA,45,39,50,457.00,"22,850.00"
2019-06-13,2019061301006395,NICA,48,39,50,455.00,"22,750.00"
2019-06-13,2019061301006394,NICA,41,39,100,455.00,"45,500.00"
2019-06-13,2019061301006393,NICA,22,39,20,455.00,"9,100.00"
2019-06-13,2019061301006392,NICA,28,39,"1,000",455.00,"455,000.00"
2019-06-13,2019061301006391,NICA,1,39,200,455.00,"91,000.00"
2019-06-13,2019061301006390,NICA,35,39,300,455.00,"136,500.00"
2019-06-13,2019061301006530,NICA,55,39,540,454.00,"245,160.00"
2019-06-13,2019061301006400,NICA,41,39,500,455.00,"227,500.00"
2019-06-13,2019061301006399,NICA,25,39,"1,000",455.00,"455,000.00"
2019-06-13,2019061301006398,NICA,50,39,500,455.00,"227,500.00"
2019-06-13,2019061301006397,NICA,14,39,100,455.00,"45,500.00"
2019-06-13,2019061301006396,NICA,50,39,100,455.00,"45,500.00"
2019-06-13,2019061301006482,NLG,33,25,10,763.00,"7,630.00"
2019-06-13,2019061301006247,NLIC,6,6,38,912.00,"34,656.00"
2019-06-13,2019061301006246,NLIC,20,6,216,912.00,"196,992.00"
2019-06-13,2019061301006213,NLIC,20,51,200,912.00,"182,400.00"
2019-06-13,2019061301006146,NLIC,58,58,2,900.00,"1,800.00"
2019-06-13,2019061301006440,NMFBS,28,39,15,"1,478.00","22,170.00"
2019-06-13,2019061301006439,NMFBS,28,40,170,"1,477.00","251,090.00"
2019-06-13,2019061301006335,NTC,43,34,10,700.00,"7,000.00"
2019-06-13,2019061301006526,NUBL,42,48,20,840.00,"16,800.00"
2019-06-13,2019061301006479,OHL,42,59,90,650.00,"58,500.00"
2019-06-13,2019061301006478,OHL,42,16,250,649.00,"162,250.00"
2019-06-13,2019061301006477,OHL,42,57,100,648.00,"64,800.00"
2019-06-13,2019061301006476,OHL,42,17,760,647.00,"491,720.00"
2019-06-13,2019061301006347,OHL,26,35,82,641.00,"52,562.00"
2019-06-13,2019061301006346,OHL,7,35,68,642.00,"43,656.00"
2019-06-13,2019061301006460,PCBL,42,5,400,292.00,"116,800.00"
2019-06-13,2019061301006277,PCBL,42,53,501,292.00,"146,292.00"
2019-06-13,2019061301006054,PCBL,42,18,79,292.00,"23,068.00"
2019-06-13,2019061301006336,PIC,58,4,199,"1,022.00","203,378.00"
2019-06-13,2019061301006287,PIC,58,10,140,"1,022.00","143,080.00"
2019-06-13,2019061301006286,PIC,25,10,60,"1,023.00","61,380.00"
2019-06-13,2019061301006167,PIC,58,44,150,"1,022.00","153,300.00"
2019-06-13,2019061301006072,PIC,58,40,11,"1,022.00","11,242.00"
2019-06-13,2019061301006406,PICL,13,58,356,591.00,"210,396.00"
2019-06-13,2019061301006405,PICL,43,58,100,591.00,"59,100.00"
2019-06-13,2019061301006404,PICL,1,58,100,592.00,"59,200.00"
2019-06-13,2019061301006403,PICL,6,58,30,592.00,"17,760.00"
2019-06-13,2019061301006402,PICL,6,58,22,592.00,"13,024.00"
2019-06-13,2019061301006401,PICL,58,58,20,593.00,"11,860.00"
2019-06-13,2019061301006292,PICL,6,42,100,592.00,"59,200.00"
2019-06-13,2019061301006057,PICL,6,48,78,592.00,"46,176.00"
2019-06-13,2019061301006056,PICL,32,48,125,594.00,"74,250.00"
2019-06-13,2019061301006546,PLIC,48,17,16,450.00,"7,200.00"
2019-06-13,2019061301006331,PLIC,29,35,50,448.00,"22,400.00"
2019-06-13,2019061301006547,PPCL,25,44,200,139.00,"27,800.00"
2019-06-13,2019061301006363,PPCL,38,14,970,138.00,"133,860.00"
2019-06-13,2019061301006312,PPCL,38,49,30,138.00,"4,140.00"
2019-06-13,2019061301006305,PPCL,38,57,500,139.00,"69,500.00"
2019-06-13,2019061301006077,PPCL,38,41,"1,000",139.00,"139,000.00"
2019-06-13,2019061301006076,PPCL,38,34,200,139.00,"27,800.00"
2019-06-13,2019061301006075,PPCL,38,34,200,139.00,"27,800.00"
2019-06-13,2019061301006431,PRIN,48,33,59,382.00,"22,538.00"
2019-06-13,2019061301006430,PRIN,45,33,20,382.00,"7,640.00"
2019-06-13,2019061301006429,PRIN,51,33,200,383.00,"76,600.00"
2019-06-13,2019061301006428,PRIN,13,33,26,383.00,"9,958.00"
2019-06-13,2019061301006210,PRIN,13,34,74,383.00,"28,342.00"
2019-06-13,2019061301006209,PRIN,48,34,20,383.00,"7,660.00"
2019-06-13,2019061301006170,PRIN,56,34,146,384.00,"56,064.00"
2019-06-13,2019061301006169,PRIN,28,34,60,385.00,"23,100.00"
2019-06-13,2019061301006529,PRVU,14,39,100,269.00,"26,900.00"
2019-06-13,2019061301006449,PRVU,41,39,100,269.00,"26,900.00"
2019-06-13,2019061301006053,PRVU,54,45,"2,000",269.00,"538,000.00"
2019-06-13,2019061301006051,PRVU,51,45,100,269.00,"26,900.00"
2019-06-13,2019061301006234,PRVU,59,14,40,269.00,"10,760.00"
2019-06-13,2019061301006233,PRVU,6,14,200,269.00,"53,800.00"
2019-06-13,2019061301006232,PRVU,36,14,"1,000",269.00,"269,000.00"
2019-06-13,2019061301006197,PRVU,14,34,50,270.00,"13,500.00"
2019-06-13,2019061301006105,PRVU,8,45,"2,218",269.00,"596,642.00"
2019-06-13,2019061301006059,PRVU,6,45,150,269.00,"40,350.00"
2019-06-13,2019061301006332,PRVU,36,14,660,269.00,"177,540.00"
2019-06-13,2019061301006309,PRVU,49,14,47,269.00,"12,643.00"
2019-06-13,2019061301006255,PRVU,56,14,50,269.00,"13,450.00"
2019-06-13,2019061301006254,PRVU,59,14,31,269.00,"8,339.00"
2019-06-13,2019061301006503,RADHI,35,50,420,166.00,"69,720.00"
2019-06-13,2019061301006364,RADHI,35,47,58,166.00,"9,628.00"
2019-06-13,2019061301006206,RADHI,35,47,22,166.00,"3,652.00"
2019-06-13,2019061301006067,RADHI,29,28,15,165.00,"2,475.00"
2019-06-13,2019061301006266,RBCLPO,42,6,20,"8,900.00","178,000.00"
2019-06-13,2019061301006175,RBCLPO,49,6,10,"8,900.00","89,000.00"
2019-06-13,2019061301006123,RBCLPO,42,6,50,"8,900.00","445,000.00"
2019-06-13,2019061301006091,RBCLPO,42,6,50,"8,900.00","445,000.00"
2019-06-13,2019061301006365,RLFL,14,37,310,133.00,"41,230.00"
2019-06-13,2019061301006212,RLFL,33,1,200,134.00,"26,800.00"
2019-06-13,2019061301006101,RMDC,6,11,74,648.00,"47,952.00"
2019-06-13,2019061301006100,RMDC,34,11,26,649.00,"16,874.00"
2019-06-13,2019061301006438,RRHP,19,34,50,107.00,"5,350.00"
2019-06-13,2019061301006090,RSDC,42,52,33,370.00,"12,210.00"
2019-06-13,2019061301006512,SADBL,19,55,100,150.00,"15,000.00"
2019-06-13,2019061301006366,SADBL,19,55,200,150.00,"30,000.00"
2019-06-13,2019061301006270,SADBL,5,19,300,150.00,"45,000.00"
2019-06-13,2019061301006354,SANIMA,34,14,10,348.00,"3,480.00"
2019-06-13,2019061301006172,SANIMA,22,35,109,345.00,"37,605.00"
2019-06-13,2019061301006089,SBI,58,59,100,464.00,"46,400.00"
2019-06-13,2019061301006321,SBL,16,48,20,324.00,"6,480.00"
2019-06-13,2019061301006267,SBL,52,58,400,323.00,"129,200.00"
2019-06-13,2019061301006104,SBL,58,58,100,323.00,"32,300.00"
2019-06-13,2019061301006498,SCB,22,37,115,659.00,"75,785.00"
2019-06-13,2019061301006497,SCB,19,37,50,659.00,"32,950.00"
2019-06-13,2019061301006426,SCB,34,26,100,660.00,"66,000.00"
2019-06-13,2019061301006425,SCB,11,26,200,660.00,"132,000.00"
2019-06-13,2019061301006424,SCB,3,26,20,660.00,"13,200.00"
2019-06-13,2019061301006423,SCB,6,26,10,660.00,"6,600.00"
2019-06-13,2019061301006271,SCB,16,37,100,665.00,"66,500.00"
2019-06-13,2019061301006263,SCB,38,48,50,662.00,"33,100.00"
2019-06-13,2019061301006092,SCB,38,40,10,662.00,"6,620.00"
2019-06-13,2019061301006416,SCB,38,26,100,661.00,"66,100.00"
2019-06-13,2019061301006415,SCB,48,26,428,661.00,"282,908.00"
2019-06-13,2019061301006362,SCB,45,37,20,662.00,"13,240.00"
2019-06-13,2019061301006361,SCB,25,37,15,662.00,"9,930.00"
2019-06-13,2019061301006360,SCB,38,37,80,662.00,"52,960.00"
2019-06-13,2019061301006359,SCB,41,37,20,663.00,"13,260.00"
2019-06-13,2019061301006422,SCB,19,26,100,660.00,"66,000.00"
2019-06-13,2019061301006421,SCB,42,26,100,660.00,"66,000.00"
2019-06-13,2019061301006420,SCB,45,26,100,660.00,"66,000.00"
2019-06-13,2019061301006419,SCB,25,26,200,660.00,"132,000.00"
2019-06-13,2019061301006418,SCB,6,26,26,660.00,"17,160.00"
2019-06-13,2019061301006417,SCB,42,26,50,661.00,"33,050.00"
2019-06-13,2019061301006121,SDESI,57,4,400,560.00,"224,000.00"
2019-06-13,2019061301006120,SDESI,26,4,100,560.00,"56,000.00"
2019-06-13,2019061301006080,SDESI,35,57,500,561.00,"280,500.00"
2019-06-13,2019061301006049,SDESI,45,57,83,562.00,"46,646.00"
2019-06-13,2019061301006352,SFFIL,59,52,10,210.00,"2,100.00"
2019-06-13,2019061301006433,SHINE,6,49,10,260.00,"2,600.00"
2019-06-13,2019061301006285,SHINE,6,49,1,260.00,260.00
2019-06-13,2019061301006284,SHINE,6,1,100,257.00,"25,700.00"
2019-06-13,2019061301006244,SHINE,6,13,133,251.00,"33,383.00"
2019-06-13,2019061301006545,SHIVM,34,57,10,664.00,"6,640.00"
2019-06-13,2019061301006541,SHIVM,42,57,50,664.00,"33,200.00"
2019-06-13,2019061301006538,SHIVM,5,57,100,664.00,"66,400.00"
2019-06-13,2019061301006511,SHIVM,25,16,178,660.00,"117,480.00"
2019-06-13,2019061301006510,SHIVM,14,16,50,660.00,"33,000.00"
2019-06-13,2019061301006509,SHIVM,52,16,197,660.00,"130,020.00"
2019-06-13,2019061301006218,SHIVM,45,25,50,662.00,"33,100.00"
2019-06-13,2019061301006171,SHIVM,45,34,100,661.00,"66,100.00"
2019-06-13,2019061301006165,SHIVM,45,57,100,661.00,"66,100.00"
2019-06-13,2019061301006103,SHIVM,45,58,"1,500",661.00,"991,500.00"
2019-06-13,2019061301006427,SHIVM,45,26,720,661.00,"475,920.00"
2019-06-13,2019061301006339,SHIVM,45,50,100,661.00,"66,100.00"
2019-06-13,2019061301006333,SHIVM,45,54,50,661.00,"33,050.00"
2019-06-13,2019061301006317,SHIVM,45,25,50,662.00,"33,100.00"
2019-06-13,2019061301006290,SHIVM,45,48,100,661.00,"66,100.00"
2019-06-13,2019061301006276,SHIVM,45,34,300,661.00,"198,300.00"
2019-06-13,2019061301006452,SHIVM,34,34,100,661.00,"66,100.00"
2019-06-13,2019061301006451,SHIVM,29,25,50,662.00,"33,100.00"
2019-06-13,2019061301006450,SHIVM,29,25,50,662.00,"33,100.00"
2019-06-13,2019061301006448,SHIVM,37,25,50,662.00,"33,100.00"
2019-06-13,2019061301006436,SHIVM,34,7,195,661.00,"128,895.00"
2019-06-13,2019061301006435,SHIVM,45,7,30,661.00,"19,830.00"
2019-06-13,2019061301006508,SHIVM,36,16,200,660.00,"132,000.00"
2019-06-13,2019061301006507,SHIVM,5,16,20,660.00,"13,200.00"
2019-06-13,2019061301006506,SHIVM,33,16,100,661.00,"66,100.00"
2019-06-13,2019061301006505,SHIVM,34,16,205,661.00,"135,505.00"
2019-06-13,2019061301006504,SHIVM,45,16,50,662.00,"33,100.00"
2019-06-13,2019061301006484,SHIVM,45,25,50,662.00,"33,100.00"
2019-06-13,2019061301006543,SHL,49,43,"1,000",233.00,"233,000.00"
2019-06-13,2019061301006542,SHL,43,43,700,233.00,"163,100.00"
2019-06-13,2019061301006519,SHPC,17,49,100,255.00,"25,500.00"
2019-06-13,2019061301006463,SHPC,17,49,90,255.00,"22,950.00"
2019-06-13,2019061301006462,SHPC,43,49,10,255.00,"2,550.00"
2019-06-13,2019061301006071,SHPC,43,6,20,257.00,"5,140.00"
2019-06-13,2019061301006070,SHPC,43,25,80,256.00,"20,480.00"
2019-06-13,2019061301006525,SIC,35,32,40,"1,268.00","50,720.00"
2019-06-13,2019061301006524,SIC,41,32,50,"1,268.00","63,400.00"
2019-06-13,2019061301006410,SIC,41,43,50,"1,268.00","63,400.00"
2019-06-13,2019061301006409,SIC,22,43,10,"1,270.00","12,700.00"
2019-06-13,2019061301006408,SIC,49,43,30,"1,270.00","38,100.00"
2019-06-13,2019061301006407,SIC,57,43,10,"1,271.00","12,710.00"
2019-06-13,2019061301006099,SIC,33,32,100,"1,273.00","127,300.00"
2019-06-13,2019061301006093,SIC,34,44,110,"1,267.00","139,370.00"
2019-06-13,2019061301006085,SIC,29,19,50,"1,270.00","63,500.00"
2019-06-13,2019061301006055,SIC,51,32,250,"1,273.00","318,250.00"
2019-06-13,2019061301006208,SIC,34,43,32,"1,273.00","40,736.00"
2019-06-13,2019061301006184,SIC,34,32,823,"1,273.00","1,047,679.00"
2019-06-13,2019061301006183,SIC,34,21,70,"1,270.00","88,900.00"
2019-06-13,2019061301006182,SIC,34,54,75,"1,270.00","95,250.00"
2019-06-13,2019061301006159,SIC,6,54,25,"1,270.00","31,750.00"
2019-06-13,2019061301006147,SIC,29,32,100,"1,273.00","127,300.00"
2019-06-13,2019061301006368,SIC,42,35,28,"1,272.00","35,616.00"
2019-06-13,2019061301006367,SIC,29,48,40,"1,271.00","50,840.00"
2019-06-13,2019061301006300,SIC,41,32,30,"1,273.00","38,190.00"
2019-06-13,2019061301006280,SIC,58,38,10,"1,270.00","12,700.00"
2019-06-13,2019061301006248,SIC,11,38,50,"1,270.00","63,500.00"
2019-06-13,2019061301006228,SIC,34,43,368,"1,273.00","468,464.00"
2019-06-13,2019061301006283,SIL,25,38,20,478.00,"9,560.00"
2019-06-13,2019061301006226,SIL,25,59,135,472.00,"63,720.00"
2019-06-13,2019061301006164,SIL,25,38,19,478.00,"9,082.00"
2019-06-13,2019061301006134,SIL,13,42,50,476.00,"23,800.00"
2019-06-13,2019061301006122,SIL,25,42,30,476.00,"14,280.00"
2019-06-13,2019061301006376,SINDU,34,59,"1,000",138.00,"138,000.00"
2019-06-13,2019061301006375,SINDU,22,59,500,138.00,"69,000.00"
2019-06-13,2019061301006374,SINDU,4,59,"1,000",138.00,"138,000.00"
2019-06-13,2019061301006373,SINDU,57,59,500,138.00,"69,000.00"
2019-06-13,2019061301006372,SINDU,39,59,500,139.00,"69,500.00"
2019-06-13,2019061301006371,SINDU,4,59,"1,000",139.00,"139,000.00"
2019-06-13,2019061301006370,SINDU,58,59,946,139.00,"131,494.00"
2019-06-13,2019061301006323,SINDU,6,59,179,140.00,"25,060.00"
2019-06-13,2019061301006475,SKBBL,35,55,49,958.00,"46,942.00"
2019-06-13,2019061301006474,SKBBL,7,55,13,958.00,"12,454.00"
2019-06-13,2019061301006214,SKBBL,22,28,12,965.00,"11,580.00"
2019-06-13,2019061301006163,SKBBL,7,48,17,958.00,"16,286.00"
2019-06-13,2019061301006382,SLBBL,20,7,29,432.00,"12,528.00"
2019-06-13,2019061301006381,SLBBL,43,7,100,432.00,"43,200.00"
2019-06-13,2019061301006380,SLBBL,37,7,61,435.00,"26,535.00"
2019-06-13,2019061301006379,SLBBL,37,7,50,435.00,"21,750.00"
2019-06-13,2019061301006378,SLBBL,17,7,50,437.00,"21,850.00"
2019-06-13,2019061301006377,SLBBL,39,7,10,440.00,"4,400.00"
2019-06-13,2019061301006369,SLBSL,52,38,20,548.00,"10,960.00"
2019-06-13,2019061301006106,SLBSL,52,38,10,548.00,"5,480.00"
2019-06-13,2019061301006227,SLICL,17,47,13,460.00,"5,980.00"
2019-06-13,2019061301006088,SPARS,22,48,10,505.00,"5,050.00"
2019-06-13,2019061301006454,SRBL,6,56,232,252.00,"58,464.00"
2019-06-13,2019061301006127,SRBL,58,56,100,253.00,"25,300.00"
2019-06-13,2019061301006126,SRBL,1,56,200,253.00,"50,600.00"
2019-06-13,2019061301006125,SRBL,43,56,630,253.00,"159,390.00"
2019-06-13,2019061301006185,SWBBL,32,48,13,880.00,"11,440.00"
2019-06-13,2019061301006434,TRH,32,55,100,324.00,"32,400.00"
2019-06-13,2019061301006301,TRH,34,21,200,322.00,"64,400.00"
2019-06-13,2019061301006260,TRH,58,48,240,320.00,"76,800.00"
2019-06-13,2019061301006229,TRH,46,48,260,320.00,"83,200.00"
2019-06-13,2019061301006225,TRH,46,3,200,320.00,"64,000.00"
2019-06-13,2019061301006193,TRH,46,5,40,320.00,"12,800.00"
2019-06-13,2019061301006192,TRH,57,5,50,320.00,"16,000.00"
2019-06-13,2019061301006191,TRH,25,5,10,320.00,"3,200.00"
2019-06-13,2019061301006188,TRH,25,58,190,320.00,"60,800.00"
2019-06-13,2019061301006187,TRH,26,58,200,320.00,"64,000.00"
2019-06-13,2019061301006186,TRH,46,58,110,320.00,"35,200.00"
2019-06-13,2019061301006135,UIC,42,45,10,926.00,"9,260.00"
2019-06-13,2019061301006216,UMHL,50,42,31,114.00,"3,534.00"
2019-06-13,2019061301006311,UNL,51,38,10,"19,304.00","193,040.00"
2019-06-13,2019061301006156,UPCL,49,43,50,93.00,"4,650.00"
2019-06-13,2019061301006516,UPPER,14,8,50,263.00,"13,150.00"
2019-06-13,2019061301006500,UPPER,21,8,510,263.00,"134,130.00"
2019-06-13,2019061301006499,UPPER,21,1,490,263.00,"128,870.00"
2019-06-13,2019061301006495,UPPER,6,1,500,263.00,"131,500.00"
2019-06-13,2019061301006453,UPPER,41,38,140,262.00,"36,680.00"
2019-06-13,2019061301006202,UPPER,41,38,200,263.00,"52,600.00"
2019-06-13,2019061301006201,UPPER,19,38,100,263.00,"26,300.00"
2019-06-13,2019061301006200,UPPER,40,38,220,263.00,"57,860.00"
2019-06-13,2019061301006199,UPPER,54,38,100,263.00,"26,300.00"
2019-06-13,2019061301006198,UPPER,42,38,348,263.00,"91,524.00"
2019-06-13,2019061301006168,UPPER,42,1,97,263.00,"25,511.00"
2019-06-13,2019061301006340,UPPER,41,38,552,262.00,"144,624.00"
2019-06-13,2019061301006262,UPPER,42,38,30,263.00,"7,890.00"
2019-06-13,2019061301006243,UPPER,41,48,40,262.00,"10,480.00"
2019-06-13,2019061301006205,UPPER,45,38,100,263.00,"26,300.00"
2019-06-13,2019061301006204,UPPER,38,38,100,263.00,"26,300.00"
2019-06-13,2019061301006203,UPPER,33,38,250,263.00,"65,750.00"
2019-06-13,2019061301006045,ADBL,51,57,250,413.00,"103,250.00"
2019-06-13,2019061301006018,ADBL,49,13,336,412.00,"138,432.00"
2019-06-13,2019061301005669,AHPC,53,43,55,106.00,"5,830.00"
2019-06-13,2019061301005618,AHPC,42,43,400,106.00,"42,400.00"
2019-06-13,2019061301005617,AHPC,45,43,500,106.00,"53,000.00"
2019-06-13,2019061301005616,AHPC,47,43,500,106.00,"53,000.00"
2019-06-13,2019061301005615,AHPC,46,43,200,106.00,"21,200.00"
2019-06-13,2019061301005614,AHPC,48,43,100,106.00,"10,600.00"
2019-06-13,2019061301005613,AHPC,14,43,200,106.00,"21,200.00"
2019-06-13,2019061301005612,AHPC,42,43,100,106.00,"10,600.00"
2019-06-13,2019061301005611,AHPC,8,43,190,106.00,"20,140.00"
2019-06-13,2019061301005610,AHPC,49,43,555,107.00,"59,385.00"
2019-06-13,2019061301005621,AKPL,55,40,13,184.00,"2,392.00"
2019-06-13,2019061301005858,ALBSL,56,22,10,416.00,"4,160.00"
2019-06-13,2019061301005845,ALBSL,1,42,10,418.00,"4,180.00"
2019-06-13,2019061301005577,ALICL,57,6,500,396.00,"198,000.00"
2019-06-13,2019061301005851,API,5,38,721,146.00,"105,266.00"
2019-06-13,2019061301005850,API,43,38,"1,000",146.00,"146,000.00"
2019-06-13,2019061301005849,API,53,38,279,146.00,"40,734.00"
2019-06-13,2019061301005892,BFC,34,14,125,106.00,"13,250.00"
2019-06-13,2019061301005891,BFC,35,14,200,106.00,"21,200.00"
2019-06-13,2019061301005890,BFC,53,14,75,106.00,"7,950.00"
2019-06-13,2019061301005889,BFC,57,14,"1,000",106.00,"106,000.00"
2019-06-13,2019061301005888,BFC,3,14,150,106.00,"15,900.00"
2019-06-13,2019061301005806,BOKL,57,45,20,262.00,"5,240.00"
2019-06-13,2019061301005682,BOKL,57,11,23,262.00,"6,026.00"
2019-06-13,2019061301005681,BOKL,42,11,17,262.00,"4,454.00"
2019-06-13,2019061301005554,BOKL,42,6,33,262.00,"8,646.00"
2019-06-13,2019061301005553,BOKL,43,6,100,262.00,"26,200.00"
2019-06-13,2019061301005552,BOKL,45,6,10,262.00,"2,620.00"
2019-06-13,2019061301005551,BOKL,42,6,95,262.00,"24,890.00"
2019-06-13,2019061301005816,BPCL,16,22,25,404.00,"10,100.00"
2019-06-13,2019061301005800,BPCL,32,22,200,404.00,"80,800.00"
2019-06-13,2019061301005799,BPCL,34,22,200,404.00,"80,800.00"
2019-06-13,2019061301005798,BPCL,5,22,300,405.00,"121,500.00"
2019-06-13,2019061301005797,BPCL,16,22,100,405.00,"40,500.00"
2019-06-13,2019061301005796,BPCL,6,22,50,405.00,"20,250.00"
2019-06-13,2019061301005795,BPCL,25,22,100,405.00,"40,500.00"
2019-06-13,2019061301005794,BPCL,33,22,25,405.00,"10,125.00"
2019-06-13,2019061301005775,CBBL,14,33,100,939.00,"93,900.00"
2019-06-13,2019061301005771,CBBL,14,32,10,939.00,"9,390.00"
2019-06-13,2019061301005918,CBL,55,42,186,146.00,"27,156.00"
2019-06-13,2019061301005917,CBL,33,42,500,146.00,"73,000.00"
2019-06-13,2019061301005916,CBL,21,42,10,146.00,"1,460.00"
2019-06-13,2019061301005915,CBL,33,42,200,146.00,"29,200.00"
2019-06-13,2019061301005914,CBL,29,42,50,146.00,"7,300.00"
2019-06-13,2019061301005913,CBL,8,42,54,146.00,"7,884.00"
2019-06-13,2019061301005904,CBL,42,37,200,147.00,"29,400.00"
2019-06-13,2019061301005754,CBL,42,37,900,147.00,"132,300.00"
2019-06-13,2019061301005668,CBL,8,58,200,146.00,"29,200.00"
2019-06-13,2019061301005817,CCBL,21,45,"2,000",166.00,"332,000.00"
2019-06-13,2019061301005673,CCBL,7,45,"1,500",167.00,"250,500.00"
2019-06-13,2019061301005667,CCBL,57,1,60,168.00,"10,080.00"
2019-06-13,2019061301005764,CHCL,1,45,10,517.00,"5,170.00"
2019-06-13,2019061301005902,CIT,40,6,100,"2,524.00","252,400.00"
2019-06-13,2019061301005824,CIT,22,35,12,"2,517.00","30,204.00"
2019-06-13,2019061301005692,CMF1,43,35,"1,000",9.42,"9,420.00"
2019-06-13,2019061301005691,CMF1,58,35,"4,000",9.44,"37,760.00"
2019-06-13,2019061301005581,CZBIL,41,59,10,221.00,"2,210.00"
2019-06-13,2019061301006048,DBBL,56,45,314,147.00,"46,158.00"
2019-06-13,2019061301005901,DBBL,59,10,425,146.00,"62,050.00"
2019-06-13,2019061301005963,DDBL,49,48,100,707.00,"70,700.00"
2019-06-13,2019061301005893,DDBL,22,6,100,708.00,"70,800.00"
2019-06-13,2019061301005856,DDBL,22,6,100,708.00,"70,800.00"
2019-06-13,2019061301005686,FOWAD,19,58,17,"1,410.00","23,970.00"
2019-06-13,2019061301005758,GBBL,35,36,345,225.00,"77,625.00"
2019-06-13,2019061301006040,GBIME,1,10,200,298.00,"59,600.00"
2019-06-13,2019061301005866,GBIME,39,10,50,298.00,"14,900.00"
2019-06-13,2019061301005865,GBIME,48,10,40,298.00,"11,920.00"
2019-06-13,2019061301005864,GBIME,34,10,100,298.00,"29,800.00"
2019-06-13,2019061301005863,GBIME,5,10,200,298.00,"59,600.00"
2019-06-13,2019061301005862,GBIME,57,10,88,299.00,"26,312.00"
2019-06-13,2019061301005650,GBIME,43,59,43,298.00,"12,814.00"
2019-06-13,2019061301005649,GBIME,56,59,100,298.00,"29,800.00"
2019-06-13,2019061301005648,GBIME,58,59,10,298.00,"2,980.00"
2019-06-13,2019061301005647,GBIME,53,59,200,298.00,"59,600.00"
2019-06-13,2019061301005646,GBIME,44,59,18,298.00,"5,364.00"
2019-06-13,2019061301005832,GBIME,57,40,78,299.00,"23,322.00"
2019-06-13,2019061301005831,GBIME,57,40,78,299.00,"23,322.00"
2019-06-13,2019061301005830,GBIME,57,40,56,299.00,"16,744.00"
2019-06-13,2019061301005721,GBIME,38,40,22,299.00,"6,578.00"
2019-06-13,2019061301005708,GBIME,38,40,78,299.00,"23,322.00"
2019-06-13,2019061301005685,GBIME,49,55,100,299.00,"29,900.00"
2019-06-13,2019061301005825,GBIMEP,47,49,"100,000",174.00,"17,400,000.00"
2019-06-13,2019061301005945,GBLBS,48,13,240,358.00,"85,920.00"
2019-06-13,2019061301006042,GDBL,26,45,274,210.00,"57,540.00"
2019-06-13,2019061301006026,GDBL,47,32,767,211.00,"161,837.00"
2019-06-13,2019061301005584,GDBL,35,32,303,211.00,"63,933.00"
2019-06-13,2019061301005569,GDBL,35,59,133,210.00,"27,930.00"
2019-06-13,2019061301005604,GHL,1,42,10,86.00,860.00
2019-06-13,2019061301005718,GLICL,57,51,100,515.00,"51,500.00"
2019-06-13,2019061301005717,GLICL,40,51,10,516.00,"5,160.00"
2019-06-13,2019061301005716,GLICL,42,51,50,520.00,"26,000.00"
2019-06-13,2019061301005715,GLICL,36,51,10,520.00,"5,200.00"
2019-06-13,2019061301006024,GRDBL,41,7,50,119.00,"5,950.00"
2019-06-13,2019061301006023,GRDBL,41,44,40,119.00,"4,760.00"
2019-06-13,2019061301005935,HBL,57,32,50,560.00,"28,000.00"
2019-06-13,2019061301005877,HDL,39,56,10,"1,748.00","17,480.00"
2019-06-13,2019061301005876,HDL,39,58,80,"1,740.00","139,200.00"
2019-06-13,2019061301005875,HDL,39,32,10,"1,735.00","17,350.00"
2019-06-13,2019061301005874,HDL,39,38,10,"1,734.00","17,340.00"
2019-06-13,2019061301005700,HIDCL,36,38,130,163.00,"21,190.00"
2019-06-13,2019061301005699,HIDCL,36,28,360,163.00,"58,680.00"
2019-06-13,2019061301005665,HIDCL,36,28,140,163.00,"22,820.00"
2019-06-13,2019061301005664,HIDCL,36,6,100,163.00,"16,300.00"
2019-06-13,2019061301005576,HIDCL,34,42,"4,558",162.00,"738,396.00"
2019-06-13,2019061301005575,HIDCL,38,42,22,162.00,"3,564.00"
2019-06-13,2019061301005574,HIDCL,1,42,30,163.00,"4,890.00"
2019-06-13,2019061301005568,HIDCL,1,42,"2,764",163.00,"450,532.00"
2019-06-13,2019061301005567,HPPL,45,43,20,180.00,"3,600.00"
2019-06-13,2019061301005560,HPPL,45,11,10,180.00,"1,800.00"
2019-06-13,2019061301005763,HURJA,42,42,150,146.00,"21,900.00"
2019-06-13,2019061301005762,HURJA,19,42,100,146.00,"14,600.00"
2019-06-13,2019061301005761,HURJA,55,42,500,146.00,"73,000.00"
2019-06-13,2019061301005760,HURJA,41,42,160,146.00,"23,360.00"
2019-06-13,2019061301005759,HURJA,41,42,90,146.00,"13,140.00"
2019-06-13,2019061301005932,JBNL,45,7,706,207.00,"146,142.00"
2019-06-13,2019061301005931,JBNL,57,7,294,207.00,"60,858.00"
2019-06-13,2019061301005921,JBNL,57,36,"4,000",207.00,"828,000.00"
2019-06-13,2019061301005898,JBNL,57,45,413,207.00,"85,491.00"
2019-06-13,2019061301005897,JBNL,14,45,475,207.00,"98,325.00"
2019-06-13,2019061301005793,JBNL,14,25,125,207.00,"25,875.00"
2019-06-13,2019061301005792,JBNL,58,25,175,207.00,"36,225.00"
2019-06-13,2019061301005773,JBNL,58,25,200,207.00,"41,400.00"
2019-06-13,2019061301005707,JBNL,58,58,200,207.00,"41,400.00"
2019-06-13,2019061301005605,JBNL,58,45,150,207.00,"31,050.00"
2019-06-13,2019061301005887,JSLBB,48,38,14,"1,870.00","26,180.00"
2019-06-13,2019061301005974,KBBL,52,33,450,234.00,"105,300.00"
2019-06-13,2019061301005973,KBBL,50,33,300,234.00,"70,200.00"
2019-06-13,2019061301005972,KBBL,32,33,250,235.00,"58,750.00"
2019-06-13,2019061301005910,KBBL,32,33,"3,500",236.00,"826,000.00"
2019-06-13,2019061301005722,KBBL,32,28,"1,000",236.00,"236,000.00"
2019-06-13,2019061301005723,KBL,49,51,696,212.00,"147,552.00"
2019-06-13,2019061301005698,KPCL,55,59,170,95.00,"16,150.00"
2019-06-13,2019061301005697,KPCL,55,48,10,95.00,950.00
2019-06-13,2019061301005696,KPCL,55,51,10,95.00,950.00
2019-06-13,2019061301005695,KPCL,55,26,10,95.00,950.00
2019-06-13,2019061301005886,KPCL,59,59,600,95.00,"57,000.00"
2019-06-13,2019061301005676,KRBL,29,1,500,118.00,"59,000.00"
2019-06-13,2019061301005675,KRBL,57,1,"1,000",118.00,"118,000.00"
2019-06-13,2019061301005674,KRBL,25,1,204,118.00,"24,072.00"
2019-06-13,2019061301006038,KSBBL,28,45,300,165.00,"49,500.00"
2019-06-13,2019061301005926,KSBBL,50,45,89,164.00,"14,596.00"
2019-06-13,2019061301005925,KSBBL,35,45,200,164.00,"32,800.00"
2019-06-13,2019061301005924,KSBBL,46,45,527,164.00,"86,428.00"
2019-06-13,2019061301005923,KSBBL,43,45,69,165.00,"11,385.00"
2019-06-13,2019061301005839,KSBBL,43,47,100,165.00,"16,500.00"
2019-06-13,2019061301005838,KSBBL,43,52,52,165.00,"8,580.00"
2019-06-13,2019061301005837,KSBBL,43,42,779,165.00,"128,535.00"
2019-06-13,2019061301005829,KSBBL,42,42,"1,221",165.00,"201,465.00"
2019-06-13,2019061301005828,KSBBL,42,1,279,165.00,"46,035.00"
2019-06-13,2019061301005684,KSBBL,46,53,973,164.00,"159,572.00"
2019-06-13,2019061301005683,KSBBL,1,53,81,164.00,"13,284.00"
2019-06-13,2019061301005920,LBBL,33,45,"2,000",197.00,"394,000.00"
2019-06-13,2019061301005857,LBL,45,44,"1,082",218.00,"235,876.00"
2019-06-13,2019061301005702,LBL,45,1,418,218.00,"91,124.00"
2019-06-13,2019061301005701,LBL,57,1,260,218.00,"56,680.00"
2019-06-13,2019061301006037,LICN,22,6,62,"1,650.00","102,300.00"
2019-06-13,2019061301005957,MBL,49,35,200,268.00,"53,600.00"
2019-06-13,2019061301005944,MBL,49,35,200,268.00,"53,600.00"
2019-06-13,2019061301005624,MBL,50,35,500,268.00,"134,000.00"
2019-06-13,2019061301005580,MDB,13,48,31,238.00,"7,378.00"
2019-06-13,2019061301005953,MEGA,47,35,200,202.00,"40,400.00"
2019-06-13,2019061301005905,MEGA,58,35,94,201.00,"18,894.00"
2019-06-13,2019061301005844,MEGA,58,36,406,201.00,"81,606.00"
2019-06-13,2019061301005843,MEGA,26,36,220,201.00,"44,220.00"
2019-06-13,2019061301005842,MEGA,34,36,374,201.00,"75,174.00"
2019-06-13,2019061301005820,MEGA,34,33,626,201.00,"125,826.00"
2019-06-13,2019061301005585,MEGA,39,1,122,202.00,"24,644.00"
2019-06-13,2019061301005583,MEGA,56,45,100,201.00,"20,100.00"
2019-06-13,2019061301005591,MEGA,39,45,505,202.00,"102,010.00"
2019-06-13,2019061301005590,MEGA,39,17,100,202.00,"20,200.00"
2019-06-13,2019061301005589,MEGA,39,45,260,202.00,"52,520.00"
2019-06-13,2019061301005588,MEGA,39,38,500,202.00,"101,000.00"
2019-06-13,2019061301005587,MEGA,39,44,"2,000",202.00,"404,000.00"
2019-06-13,2019061301005586,MEGA,39,13,"1,000",202.00,"202,000.00"
2019-06-13,2019061301005597,MEGA,39,19,500,203.00,"101,500.00"
2019-06-13,2019061301005596,MEGA,39,52,106,203.00,"21,518.00"
2019-06-13,2019061301005595,MEGA,39,19,700,202.00,"141,400.00"
2019-06-13,2019061301005594,MEGA,39,45,198,202.00,"39,996.00"
2019-06-13,2019061301005593,MEGA,39,38,500,202.00,"101,000.00"
2019-06-13,2019061301005592,MEGA,39,55,150,202.00,"30,300.00"
2019-06-13,2019061301005819,MEGA,17,33,274,201.00,"55,074.00"
2019-06-13,2019061301005786,MEGA,17,45,50,201.00,"10,050.00"
2019-06-13,2019061301005636,MEGA,17,58,176,201.00,"35,376.00"
2019-06-13,2019061301005635,MEGA,56,58,24,201.00,"4,824.00"
2019-06-13,2019061301005625,MEGA,13,33,100,202.00,"20,200.00"
2019-06-13,2019061301005598,MEGA,39,13,359,203.00,"72,877.00"
2019-06-13,2019061301006021,MLBL,59,32,250,195.00,"48,750.00"
2019-06-13,2019061301006020,MLBL,59,22,400,195.00,"78,000.00"
2019-06-13,2019061301005964,MNBBL,28,37,150,376.00,"56,400.00"
2019-06-13,2019061301005770,MPFL,52,57,50,193.00,"9,650.00"
2019-06-13,2019061301005769,MPFL,56,57,20,193.00,"3,860.00"
2019-06-13,2019061301005631,MSMBS,22,40,11,457.00,"5,027.00"
2019-06-13,2019061301005689,NADEP,32,39,80,440.00,"35,200.00"
2019-06-13,2019061301005688,NADEP,55,39,25,440.00,"11,000.00"
2019-06-13,2019061301005687,NADEP,19,39,80,440.00,"35,200.00"
2019-06-13,2019061301005637,NADEP,52,39,40,442.00,"17,680.00"
2019-06-13,2019061301005608,NADEP,42,39,120,443.00,"53,160.00"
2019-06-13,2019061301005933,NBL,51,28,500,324.00,"162,000.00"
2019-06-13,2019061301005579,NBL,56,36,300,324.00,"97,200.00"
2019-06-13,2019061301005578,NBL,56,28,40,324.00,"12,960.00"
2019-06-13,2019061301005572,NBL,16,21,"1,500",323.00,"484,500.00"
2019-06-13,2019061301005557,NBL,56,28,460,324.00,"149,040.00"
2019-06-13,2019061301005556,NBL,56,45,40,324.00,"12,960.00"
2019-06-13,2019061301006036,NCCB,6,44,300,258.00,"77,400.00"
2019-06-13,2019061301006015,NCCB,34,10,389,256.00,"99,584.00"
2019-06-13,2019061301006014,NCCB,51,10,250,256.00,"64,000.00"
2019-06-13,2019061301006013,NCCB,36,10,50,256.00,"12,800.00"
2019-06-13,2019061301006012,NCCB,41,10,500,256.00,"128,000.00"
2019-06-13,2019061301006011,NCCB,56,10,100,256.00,"25,600.00"
2019-06-13,2019061301005854,NCCB,34,45,159,257.00,"40,863.00"
2019-06-13,2019061301005853,NCCB,38,45,100,257.00,"25,700.00"
2019-06-13,2019061301005852,NCCB,43,45,241,257.00,"61,937.00"
2019-06-13,2019061301005694,NCCB,43,48,150,257.00,"38,550.00"
2019-06-13,2019061301005626,NCCB,41,44,500,258.00,"129,000.00"
2019-06-13,2019061301005986,NCCB,56,10,50,257.00,"12,850.00"
2019-06-13,2019061301005985,NCCB,34,10,341,257.00,"87,637.00"
2019-06-13,2019061301005982,NCCB,49,44,200,258.00,"51,600.00"
2019-06-13,2019061301005970,NCCB,49,44,200,258.00,"51,600.00"
2019-06-13,2019061301005912,NCCB,41,44,890,258.00,"229,620.00"
2019-06-13,2019061301005911,NCCB,41,44,610,258.00,"157,380.00"
2019-06-13,2019061301005992,NCCB,7,10,137,256.00,"35,072.00"
2019-06-13,2019061301005991,NCCB,54,10,50,257.00,"12,850.00"
2019-06-13,2019061301005990,NCCB,28,10,"1,000",257.00,"257,000.00"
2019-06-13,2019061301005989,NCCB,51,10,250,257.00,"64,250.00"
2019-06-13,2019061301005988,NCCB,51,10,100,257.00,"25,700.00"
2019-06-13,2019061301005987,NCCB,33,10,500,257.00,"128,500.00"
2019-06-13,2019061301005998,NCCB,50,10,100,256.00,"25,600.00"
2019-06-13,2019061301005997,NCCB,25,10,80,256.00,"20,480.00"
2019-06-13,2019061301005996,NCCB,26,10,500,256.00,"128,000.00"
2019-06-13,2019061301005995,NCCB,42,10,100,256.00,"25,600.00"
2019-06-13,2019061301005994,NCCB,40,10,200,256.00,"51,200.00"
2019-06-13,2019061301005993,NCCB,41,10,200,256.00,"51,200.00"
2019-06-13,2019061301006004,NCCB,49,10,400,256.00,"102,400.00"
2019-06-13,2019061301006003,NCCB,56,10,50,256.00,"12,800.00"
2019-06-13,2019061301006002,NCCB,35,10,300,256.00,"76,800.00"
2019-06-13,2019061301006001,NCCB,14,10,30,256.00,"7,680.00"
2019-06-13,2019061301006000,NCCB,58,10,60,256.00,"15,360.00"
2019-06-13,2019061301005999,NCCB,51,10,100,256.00,"25,600.00"
2019-06-13,2019061301006010,NCCB,46,10,300,256.00,"76,800.00"
2019-06-13,2019061301006009,NCCB,42,10,90,256.00,"23,040.00"
2019-06-13,2019061301006008,NCCB,34,10,500,256.00,"128,000.00"
2019-06-13,2019061301006007,NCCB,42,10,50,256.00,"12,800.00"
2019-06-13,2019061301006006,NCCB,53,10,50,256.00,"12,800.00"
2019-06-13,2019061301006005,NCCB,28,10,500,256.00,"128,000.00"
2019-06-13,2019061301006017,NHDL,51,53,10,130.00,"1,300.00"
2019-06-13,2019061301005785,NHPC,7,48,500,68.00,"34,000.00"
2019-06-13,2019061301005882,NIB,28,40,44,529.00,"23,276.00"
2019-06-13,2019061301005840,NIB,28,45,17,529.00,"8,993.00"
2019-06-13,2019061301005690,NIB,28,8,100,529.00,"52,900.00"
2019-06-13,2019061301005639,NIB,26,40,13,529.00,"6,877.00"
2019-06-13,2019061301005638,NIB,50,40,27,529.00,"14,283.00"
2019-06-13,2019061301005622,NIB,25,35,477,530.00,"252,810.00"
2019-06-13,2019061301005582,NIB,25,11,23,530.00,"12,190.00"
2019-06-13,2019061301005894,NICA,50,45,200,457.00,"91,400.00"
2019-06-13,2019061301005868,NICA,33,4,116,458.00,"53,128.00"
2019-06-13,2019061301005855,NICA,33,4,28,458.00,"12,824.00"
2019-06-13,2019061301005709,NICA,11,21,20,459.00,"9,180.00"
2019-06-13,2019061301005640,NICA,33,35,200,458.00,"91,600.00"
2019-06-13,2019061301005603,NICA,33,58,30,458.00,"13,740.00"
2019-06-13,2019061301005975,NICL,6,28,150,376.00,"56,400.00"
2019-06-13,2019061301005903,NIL,17,45,80,495.00,"39,600.00"
2019-06-13,2019061301005558,NIL,52,45,10,495.00,"4,950.00"
2019-06-13,2019061301005869,NLIC,20,36,30,912.00,"27,360.00"
2019-06-13,2019061301005804,NLIC,1,28,10,915.00,"9,150.00"
2019-06-13,2019061301005791,NLIC,20,32,10,912.00,"9,120.00"
2019-06-13,2019061301005787,NLIC,34,28,"1,000",915.00,"915,000.00"
2019-06-13,2019061301005768,NLIC,34,28,703,915.00,"643,245.00"
2019-06-13,2019061301005767,NLIC,34,1,22,915.00,"20,130.00"
2019-06-13,2019061301005766,NLIC,34,6,250,915.00,"228,750.00"
2019-06-13,2019061301005765,NLIC,34,40,25,914.00,"22,850.00"
2019-06-13,2019061301005672,NLIC,17,17,150,913.00,"136,950.00"
2019-06-13,2019061301005630,NLIC,20,11,17,912.00,"15,504.00"
2019-06-13,2019061301005601,NLIC,43,17,100,913.00,"91,300.00"
2019-06-13,2019061301005600,NLIC,13,17,50,913.00,"45,650.00"
2019-06-13,2019061301005969,NLICL,39,25,40,630.00,"25,200.00"
2019-06-13,2019061301005968,NLICL,41,25,26,630.00,"16,380.00"
2019-06-13,2019061301005818,NMBMF,44,44,5,980.00,"4,900.00"
2019-06-13,2019061301005680,NMFBS,57,40,30,"1,465.00","43,950.00"
2019-06-13,2019061301005654,NMFBS,28,40,200,"1,466.00","293,200.00"
2019-06-13,2019061301005836,NTC,7,42,90,698.00,"62,820.00"
2019-06-13,2019061301005835,NTC,16,42,20,698.00,"13,960.00"
2019-06-13,2019061301005834,NTC,16,42,50,698.00,"34,900.00"
2019-06-13,2019061301006044,NUBL,50,34,50,837.00,"41,850.00"
2019-06-13,2019061301006043,NUBL,59,34,50,838.00,"41,900.00"
2019-06-13,2019061301005619,OHL,42,42,"3,854",643.00,"2,478,122.00"
2019-06-13,2019061301005803,PCBL,38,26,50,293.00,"14,650.00"
2019-06-13,2019061301005802,PCBL,38,47,100,293.00,"29,300.00"
2019-06-13,2019061301005678,PCBL,42,22,99,292.00,"28,908.00"
2019-06-13,2019061301005651,PCBL,6,47,100,293.00,"29,300.00"
2019-06-13,2019061301006041,PIC,48,48,1,"1,030.00","1,030.00"
2019-06-13,2019061301005814,PIC,33,32,33,"1,030.00","33,990.00"
2019-06-13,2019061301005813,PIC,33,46,15,"1,030.00","15,450.00"
2019-06-13,2019061301005812,PIC,33,3,30,"1,026.00","30,780.00"
2019-06-13,2019061301005811,PIC,33,38,100,"1,025.00","102,500.00"
2019-06-13,2019061301005810,PIC,33,38,100,"1,025.00","102,500.00"
2019-06-13,2019061301005728,PIC,41,33,10,"1,020.00","10,200.00"
2019-06-13,2019061301005727,PIC,19,33,20,"1,020.00","20,400.00"
2019-06-13,2019061301005726,PIC,43,33,167,"1,020.00","170,340.00"
2019-06-13,2019061301005573,PIC,43,38,12,"1,020.00","12,240.00"
2019-06-13,2019061301005734,PIC,32,33,89,"1,020.00","90,780.00"
2019-06-13,2019061301005733,PIC,1,33,20,"1,020.00","20,400.00"
2019-06-13,2019061301005732,PIC,47,33,10,"1,020.00","10,200.00"
2019-06-13,2019061301005731,PIC,39,33,100,"1,020.00","102,000.00"
2019-06-13,2019061301005730,PIC,41,33,45,"1,020.00","45,900.00"
2019-06-13,2019061301005729,PIC,35,33,50,"1,020.00","51,000.00"
2019-06-13,2019061301005740,PIC,28,33,51,"1,017.00","51,867.00"
2019-06-13,2019061301005739,PIC,19,33,50,"1,017.00","50,850.00"
2019-06-13,2019061301005738,PIC,11,33,50,"1,020.00","51,000.00"
2019-06-13,2019061301005737,PIC,35,33,11,"1,020.00","11,220.00"
2019-06-13,2019061301005736,PIC,51,33,100,"1,020.00","102,000.00"
2019-06-13,2019061301005735,PIC,1,33,200,"1,020.00","204,000.00"
2019-06-13,2019061301005809,PIC,33,16,11,"1,025.00","11,275.00"
2019-06-13,2019061301005808,PIC,33,38,11,"1,025.00","11,275.00"
2019-06-13,2019061301005744,PIC,3,33,17,"1,015.00","17,255.00"
2019-06-13,2019061301005743,PIC,13,33,300,"1,015.00","304,500.00"
2019-06-13,2019061301005742,PIC,41,33,10,"1,015.00","10,150.00"
2019-06-13,2019061301005741,PIC,47,33,100,"1,015.00","101,500.00"
2019-06-13,2019061301006019,PICL,32,39,75,594.00,"44,550.00"
2019-06-13,2019061301005823,PICL,29,39,15,595.00,"8,925.00"
2019-06-13,2019061301005714,PICL,29,10,185,595.00,"110,075.00"
2019-06-13,2019061301005713,PICL,14,10,300,595.00,"178,500.00"
2019-06-13,2019061301005712,PICL,14,10,115,596.00,"68,540.00"
2019-06-13,2019061301005711,PICL,6,10,100,596.00,"59,600.00"
2019-06-13,2019061301005706,PICL,11,39,50,597.00,"29,850.00"
2019-06-13,2019061301005550,PLIC,52,42,91,445.00,"40,495.00"
2019-06-13,2019061301005549,PLIC,29,42,20,445.00,"8,900.00"
2019-06-13,2019061301005879,PLIC,40,53,122,445.00,"54,290.00"
2019-06-13,2019061301005878,PLIC,46,53,450,445.00,"200,250.00"
2019-06-13,2019061301005563,PLIC,46,35,100,445.00,"44,500.00"
2019-06-13,2019061301005919,PPCL,26,57,20,137.00,"2,740.00"
2019-06-13,2019061301005896,PPCL,26,57,30,137.00,"4,110.00"
2019-06-13,2019061301005880,PPCL,26,22,30,137.00,"4,110.00"
2019-06-13,2019061301005801,PPCL,25,35,340,138.00,"46,920.00"
2019-06-13,2019061301005609,PPCL,25,32,10,138.00,"1,380.00"
2019-06-13,2019061301005671,PRIN,56,11,154,384.00,"59,136.00"
2019-06-13,2019061301005670,PRIN,36,11,20,385.00,"7,700.00"
2019-06-13,2019061301005900,PRVU,57,45,200,269.00,"53,800.00"
2019-06-13,2019061301005899,PRVU,25,45,332,269.00,"89,308.00"
2019-06-13,2019061301005881,PRVU,25,6,500,269.00,"134,500.00"
2019-06-13,2019061301005867,PRVU,25,45,500,269.00,"134,500.00"
2019-06-13,2019061301005571,PRVU,43,11,22,268.00,"5,896.00"
2019-06-13,2019061301005570,PRVU,43,11,78,268.00,"20,904.00"
2019-06-13,2019061301005559,PRVU,29,45,540,269.00,"145,260.00"
2019-06-13,2019061301005841,PRVU,25,45,"1,253",269.00,"337,057.00"
2019-06-13,2019061301005750,PRVU,49,45,"2,000",269.00,"538,000.00"
2019-06-13,2019061301005661,PRVU,37,45,200,269.00,"53,800.00"
2019-06-13,2019061301005632,PRVU,34,45,300,269.00,"80,700.00"
2019-06-13,2019061301005629,PRVU,1,45,300,269.00,"80,700.00"
2019-06-13,2019061301005623,PRVU,34,45,200,269.00,"53,800.00"
2019-06-13,2019061301005752,RADHI,29,45,11,165.00,"1,815.00"
2019-06-13,2019061301005784,RBCL,51,6,10,"9,800.00","98,000.00"
2019-06-13,2019061301005757,RBCL,44,59,160,"9,700.00","1,552,000.00"
2019-06-13,2019061301005756,RBCL,39,59,10,"9,705.00","97,050.00"
2019-06-13,2019061301006025,RBCLPO,33,42,10,"8,870.00","88,700.00"
2019-06-13,2019061301005788,RBCLPO,59,6,100,"8,900.00","890,000.00"
2019-06-13,2019061301005922,RHPC,37,53,18,94.00,"1,692.00"
2019-06-13,2019061301005833,RLFL,33,28,100,136.00,"13,600.00"
2019-06-13,2019061301005956,RMDC,47,47,231,650.00,"150,150.00"
2019-06-13,2019061301005955,RMDC,47,45,27,650.00,"17,550.00"
2019-06-13,2019061301005954,RMDC,47,25,75,650.00,"48,750.00"
2019-06-13,2019061301006035,RRHP,19,38,10,108.00,"1,080.00"
2019-06-13,2019061301006034,RRHP,19,38,10,108.00,"1,080.00"
2019-06-13,2019061301006033,RRHP,19,1,10,108.00,"1,080.00"
2019-06-13,2019061301006032,RRHP,19,57,10,108.00,"1,080.00"
2019-06-13,2019061301006031,RRHP,19,57,10,108.00,"1,080.00"
2019-06-13,2019061301006030,RRHP,19,57,10,108.00,"1,080.00"
2019-06-13,2019061301006029,RRHP,19,57,10,108.00,"1,080.00"
2019-06-13,2019061301006028,RRHP,19,57,10,108.00,"1,080.00"
2019-06-13,2019061301006027,RRHP,19,57,10,108.00,"1,080.00"
2019-06-13,2019061301006016,RSDC,43,53,191,366.00,"69,906.00"
2019-06-13,2019061301005566,SADBL,5,28,200,150.00,"30,000.00"
2019-06-13,2019061301005565,SADBL,50,28,300,150.00,"45,000.00"
2019-06-13,2019061301005564,SADBL,41,28,500,150.00,"75,000.00"
2019-06-13,2019061301005962,SANIMA,22,8,169,345.00,"58,305.00"
2019-06-13,2019061301005961,SANIMA,54,8,264,345.00,"91,080.00"
2019-06-13,2019061301005677,SANIMA,37,37,150,346.00,"51,900.00"
2019-06-13,2019061301005790,SBI,45,17,297,462.00,"137,214.00"
2019-06-13,2019061301005789,SBI,29,17,978,462.00,"451,836.00"
2019-06-13,2019061301005705,SBI,29,11,22,462.00,"10,164.00"
2019-06-13,2019061301006039,SCB,52,26,410,663.00,"271,830.00"
2019-06-13,2019061301005909,SCB,52,11,90,663.00,"59,670.00"
2019-06-13,2019061301005908,SCB,47,11,20,663.00,"13,260.00"
2019-06-13,2019061301005907,SCB,6,11,41,663.00,"27,183.00"
2019-06-13,2019061301005906,SCB,19,11,69,663.00,"45,747.00"
2019-06-13,2019061301005653,SCB,19,40,10,663.00,"6,630.00"
2019-06-13,2019061301005846,SDESI,45,6,17,562.00,"9,554.00"
2019-06-13,2019061301005725,SFFIL,52,41,80,214.00,"17,120.00"
2019-06-13,2019061301005724,SFFIL,52,42,450,214.00,"96,300.00"
2019-06-13,2019061301005719,SHINE,32,28,340,252.00,"85,680.00"
2019-06-13,2019061301005599,SHINE,14,28,100,252.00,"25,200.00"
2019-06-13,2019061301005981,SHIVM,58,14,100,662.00,"66,200.00"
2019-06-13,2019061301005980,SHIVM,42,14,80,662.00,"52,960.00"
2019-06-13,2019061301005930,SHIVM,42,22,"3,920",662.00,"2,595,040.00"
2019-06-13,2019061301005929,SHIVM,29,22,80,662.00,"52,960.00"
2019-06-13,2019061301005927,SHIVM,43,7,150,663.00,"99,450.00"
2019-06-13,2019061301005895,SHIVM,29,7,125,663.00,"82,875.00"
2019-06-13,2019061301005642,SHIVM,45,40,385,664.00,"255,640.00"
2019-06-13,2019061301005641,SHIVM,45,38,200,664.00,"132,800.00"
2019-06-13,2019061301005634,SHIVM,45,45,100,663.00,"66,300.00"
2019-06-13,2019061301005633,SHIVM,45,34,200,663.00,"132,600.00"
2019-06-13,2019061301005663,SHIVM,38,14,50,664.00,"33,200.00"
2019-06-13,2019061301005662,SHIVM,45,14,195,664.00,"129,480.00"
2019-06-13,2019061301005645,SHIVM,45,44,400,664.00,"265,600.00"
2019-06-13,2019061301005644,SHIVM,45,32,20,664.00,"13,280.00"
2019-06-13,2019061301005643,SHIVM,45,38,500,664.00,"332,000.00"
2019-06-13,2019061301005873,SHIVM,29,42,275,663.00,"182,325.00"
2019-06-13,2019061301005861,SHIVM,29,38,100,663.00,"66,300.00"
2019-06-13,2019061301005848,SHIVM,29,49,100,662.00,"66,200.00"
2019-06-13,2019061301005746,SHIVM,29,22,740,662.00,"489,880.00"
2019-06-13,2019061301005745,SHIVM,53,22,260,663.00,"172,380.00"
2019-06-13,2019061301005704,SHIVM,53,45,40,663.00,"26,520.00"
2019-06-13,2019061301005871,SHL,43,21,300,233.00,"69,900.00"
2019-06-13,2019061301005870,SHL,38,21,500,233.00,"116,500.00"
2019-06-13,2019061301005860,SHPC,56,25,220,256.00,"56,320.00"
2019-06-13,2019061301005751,SHPC,26,58,200,256.00,"51,200.00"
2019-06-13,2019061301005620,SHPC,43,45,30,255.00,"7,650.00"
2019-06-13,2019061301006046,SIC,29,43,10,"1,273.00","12,730.00"
2019-06-13,2019061301005984,SIC,34,38,70,"1,267.00","88,690.00"
2019-06-13,2019061301005983,SIC,34,38,30,"1,269.00","38,070.00"
2019-06-13,2019061301005971,SIC,36,43,20,"1,273.00","25,460.00"
2019-06-13,2019061301005951,SIC,36,43,58,"1,270.00","73,660.00"
2019-06-13,2019061301005950,SIC,52,43,50,"1,270.00","63,500.00"
2019-06-13,2019061301005628,SIC,22,48,50,"1,270.00","63,500.00"
2019-06-13,2019061301005627,SIC,13,48,10,"1,270.00","12,700.00"
2019-06-13,2019061301005607,SIC,13,42,90,"1,270.00","114,300.00"
2019-06-13,2019061301005606,SIC,17,42,10,"1,270.00","12,700.00"
2019-06-13,2019061301005602,SIC,29,51,50,"1,271.00","63,550.00"
2019-06-13,2019061301005555,SIC,29,35,50,"1,271.00","63,550.00"
2019-06-13,2019061301005748,SIC,22,44,10,"1,270.00","12,700.00"
2019-06-13,2019061301005747,SIC,34,44,10,"1,270.00","12,700.00"
2019-06-13,2019061301005703,SIC,34,55,100,"1,270.00","127,000.00"
2019-06-13,2019061301005693,SIC,34,38,310,"1,270.00","393,700.00"
2019-06-13,2019061301005679,SIC,35,51,25,"1,271.00","31,775.00"
2019-06-13,2019061301005652,SIC,34,48,40,"1,270.00","50,800.00"
2019-06-13,2019061301005783,SIC,26,35,240,"1,273.00","305,520.00"
2019-06-13,2019061301005774,SIC,35,35,40,"1,273.00","50,920.00"
2019-06-13,2019061301005772,SIC,1,43,200,"1,268.00","253,600.00"
2019-06-13,2019061301005755,SIC,7,32,22,"1,270.00","27,940.00"
2019-06-13,2019061301005753,SIC,29,38,20,"1,269.00","25,380.00"
2019-06-13,2019061301005749,SIC,29,44,80,"1,269.00","101,520.00"
2019-06-13,2019061301005949,SIC,22,43,32,"1,270.00","40,640.00"
2019-06-13,2019061301005947,SIC,22,52,68,"1,270.00","86,360.00"
2019-06-13,2019061301005946,SIC,7,52,10,"1,270.00","12,700.00"
2019-06-13,2019061301005928,SIC,29,11,20,"1,273.00","25,460.00"
2019-06-13,2019061301005815,SIC,29,43,150,"1,273.00","190,950.00"
2019-06-13,2019061301005805,SIC,42,43,50,"1,273.00","63,650.00"
2019-06-13,2019061301005952,SICL,36,46,10,825.00,"8,250.00"
2019-06-13,2019061301005657,SINDU,6,11,21,140.00,"2,940.00"
2019-06-13,2019061301005656,SINDU,46,11,483,140.00,"67,620.00"
2019-06-13,2019061301005655,SINDU,46,42,17,140.00,"2,380.00"
2019-06-13,2019061301005872,SLBS,42,17,18,735.00,"13,230.00"
2019-06-13,2019061301005822,SLICL,17,4,700,460.00,"322,000.00"
2019-06-13,2019061301005821,SLICL,49,4,100,461.00,"46,100.00"
2019-06-13,2019061301005782,SLICL,17,38,264,460.00,"121,440.00"
2019-06-13,2019061301005781,SLICL,19,38,50,460.00,"23,000.00"
2019-06-13,2019061301005780,SLICL,10,38,500,460.00,"230,000.00"
2019-06-13,2019061301005779,SLICL,22,38,100,460.00,"46,000.00"
2019-06-13,2019061301005778,SLICL,29,38,70,460.00,"32,200.00"
2019-06-13,2019061301005777,SLICL,6,38,100,461.00,"46,100.00"
2019-06-13,2019061301005776,SLICL,49,38,100,461.00,"46,100.00"
2019-06-13,2019061301005561,SMFDB,50,48,89,541.00,"48,149.00"
2019-06-13,2019061301005562,SMFDB,35,48,55,540.00,"29,700.00"
2019-06-13,2019061301006022,SPARS,22,28,10,505.00,"5,050.00"
2019-06-13,2019061301005965,SPARS,22,28,10,505.00,"5,050.00"
2019-06-13,2019061301005948,SPARS,21,26,10,510.00,"5,100.00"
2019-06-13,2019061301005934,SPARS,57,48,10,506.00,"5,060.00"
2019-06-13,2019061301005847,SPARS,11,36,10,507.00,"5,070.00"
2019-06-13,2019061301005979,SRBL,17,25,200,254.00,"50,800.00"
2019-06-13,2019061301005978,SRBL,14,25,45,254.00,"11,430.00"
2019-06-13,2019061301005977,SRBL,45,25,20,254.00,"5,080.00"
2019-06-13,2019061301005976,SRBL,46,25,370,254.00,"93,980.00"
2019-06-13,2019061301005807,TRH,25,45,300,322.00,"96,600.00"
2019-06-13,2019061301005660,TRH,48,17,300,322.00,"96,600.00"
2019-06-13,2019061301005659,TRH,33,17,500,322.00,"161,000.00"
2019-06-13,2019061301005658,TRH,26,17,200,322.00,"64,400.00"
2019-06-13,2019061301006047,UIC,56,45,50,926.00,"46,300.00"
2019-06-13,2019061301005960,UPCL,37,53,110,92.00,"10,120.00"
2019-06-13,2019061301005959,UPCL,49,53,40,92.00,"3,680.00"
2019-06-13,2019061301005967,UPPER,42,35,55,263.00,"14,465.00"
2019-06-13,2019061301005966,UPPER,11,35,10,263.00,"2,630.00"
2019-06-13,2019061301005958,UPPER,11,48,50,263.00,"13,150.00"
2019-06-13,2019061301005943,UPPER,11,59,440,263.00,"115,720.00"
2019-06-13,2019061301005942,UPPER,28,59,40,263.00,"10,520.00"
2019-06-13,2019061301005941,UPPER,33,59,200,263.00,"52,600.00"
2019-06-13,2019061301005710,UPPER,51,50,200,264.00,"52,800.00"
2019-06-13,2019061301005885,UPPER,33,1,310,263.00,"81,530.00"
2019-06-13,2019061301005884,UPPER,33,1,"1,000",263.00,"263,000.00"
2019-06-13,2019061301005883,UPPER,41,1,690,263.00,"181,470.00"
2019-06-13,2019061301005827,UPPER,22,1,10,264.00,"2,640.00"
2019-06-13,2019061301005826,UPPER,22,50,290,264.00,"76,560.00"
2019-06-13,2019061301005720,UPPER,41,45,40,263.00,"10,520.00"
2019-06-13,2019061301005940,UPPER,48,59,300,263.00,"78,900.00"
2019-06-13,2019061301005939,UPPER,39,59,100,263.00,"26,300.00"
2019-06-13,2019061301005938,UPPER,6,59,200,263.00,"52,600.00"
2019-06-13,2019061301005937,UPPER,39,59,30,263.00,"7,890.00"
2019-06-13,2019061301005936,UPPER,33,59,690,263.00,"181,470.00"
2019-06-13,2019061301005666,VLBS,45,40,13,515.00,"6,695.00"
2019-06-13,2019061301005453,ADBL,49,11,13,412.00,"5,356.00"
2019-06-13,2019061301005452,ADBL,14,11,50,413.00,"20,650.00"
2019-06-13,2019061301005476,AKPL,26,43,99,186.00,"18,414.00"
2019-06-13,2019061301005123,ALICL,6,58,100,394.00,"39,400.00"
2019-06-13,2019061301005463,API,53,36,221,146.00,"32,266.00"
2019-06-13,2019061301005462,API,43,36,133,146.00,"19,418.00"
2019-06-13,2019061301005461,API,48,36,247,148.00,"36,556.00"
2019-06-13,2019061301005444,API,48,43,29,148.00,"4,292.00"
2019-06-13,2019061301005280,API,48,44,17,148.00,"2,516.00"
2019-06-13,2019061301005136,API,54,17,11,149.00,"1,639.00"
2019-06-13,2019061301005135,API,54,17,11,149.00,"1,639.00"
2019-06-13,2019061301005134,API,54,17,18,149.00,"2,682.00"
2019-06-13,2019061301005460,BARUN,44,44,2,95.00,190.00
2019-06-13,2019061301005145,BARUN,13,41,10,96.00,960.00
2019-06-13,2019061301005213,BOKL,42,41,100,262.00,"26,200.00"
2019-06-13,2019061301005258,CBBL,38,6,500,940.00,"470,000.00"
2019-06-13,2019061301005514,CBL,7,37,673,147.00,"98,931.00"
2019-06-13,2019061301005513,CBL,7,52,827,147.00,"121,569.00"
2019-06-13,2019061301005296,CBL,8,59,300,146.00,"43,800.00"
2019-06-13,2019061301005207,CBL,8,39,67,146.00,"9,782.00"
2019-06-13,2019061301005180,CBL,8,45,379,146.00,"55,334.00"
2019-06-13,2019061301005059,CBL,58,52,173,147.00,"25,431.00"
2019-06-13,2019061301005058,CBL,58,36,27,147.00,"3,969.00"
2019-06-13,2019061301005329,CCBL,21,57,23,170.00,"3,910.00"
2019-06-13,2019061301005328,CCBL,21,59,50,170.00,"8,500.00"
2019-06-13,2019061301005327,CCBL,21,41,190,169.00,"32,110.00"
2019-06-13,2019061301005139,CCBL,16,58,184,165.00,"30,360.00"
2019-06-13,2019061301005216,CCBL,21,21,180,167.00,"30,060.00"
2019-06-13,2019061301005149,CCBL,47,22,800,166.00,"132,800.00"
2019-06-13,2019061301005148,CCBL,47,38,"1,500",166.00,"249,000.00"
2019-06-13,2019061301005147,CCBL,47,32,"1,000",166.00,"166,000.00"
2019-06-13,2019061301005146,CCBL,47,39,50,166.00,"8,300.00"
2019-06-13,2019061301005140,CCBL,26,58,16,165.00,"2,640.00"
2019-06-13,2019061301005222,CCBL,21,58,100,168.00,"16,800.00"
2019-06-13,2019061301005221,CCBL,21,41,242,168.00,"40,656.00"
2019-06-13,2019061301005220,CCBL,21,14,50,167.00,"8,350.00"
2019-06-13,2019061301005219,CCBL,21,52,211,167.00,"35,237.00"
2019-06-13,2019061301005218,CCBL,21,1,161,167.00,"26,887.00"
2019-06-13,2019061301005217,CCBL,21,11,413,167.00,"68,971.00"
2019-06-13,2019061301005249,CCBL,21,45,97,169.00,"16,393.00"
2019-06-13,2019061301005233,CCBL,21,22,300,169.00,"50,700.00"
2019-06-13,2019061301005226,CCBL,21,42,100,169.00,"16,900.00"
2019-06-13,2019061301005225,CCBL,21,47,23,169.00,"3,887.00"
2019-06-13,2019061301005224,CCBL,21,57,50,168.00,"8,400.00"
2019-06-13,2019061301005223,CCBL,21,52,"1,000",168.00,"168,000.00"
2019-06-13,2019061301005259,CCBL,21,41,190,169.00,"32,110.00"
2019-06-13,2019061301005326,CCBL,21,1,200,169.00,"33,800.00"
2019-06-13,2019061301005325,CCBL,21,5,37,169.00,"6,253.00"
2019-06-13,2019061301005324,CCBL,21,25,"1,000",169.00,"169,000.00"
2019-06-13,2019061301005323,CCBL,21,58,500,167.00,"83,500.00"
2019-06-13,2019061301005266,CFCL,1,25,109,120.00,"13,080.00"
2019-06-13,2019061301005524,CHCL,6,45,30,515.00,"15,450.00"
2019-06-13,2019061301005458,CHCL,6,45,30,515.00,"15,450.00"
2019-06-13,2019061301005189,CHCL,52,45,30,516.00,"15,480.00"
2019-06-13,2019061301005506,CLBSL,54,43,16,525.00,"8,400.00"
2019-06-13,2019061301005478,CORBL,35,1,60,124.00,"7,440.00"
2019-06-13,2019061301005477,CORBL,35,45,10,123.00,"1,230.00"
2019-06-13,2019061301005470,CZBIL,29,8,93,222.00,"20,646.00"
2019-06-13,2019061301005469,CZBIL,29,19,500,222.00,"111,000.00"
2019-06-13,2019061301005316,CZBIL,26,8,100,222.00,"22,200.00"
2019-06-13,2019061301005265,CZBIL,41,8,50,222.00,"11,100.00"
2019-06-13,2019061301005068,CZBIL,47,8,190,222.00,"42,180.00"
2019-06-13,2019061301005067,CZBIL,47,38,10,222.00,"2,220.00"
2019-06-13,2019061301005532,DBBL,57,45,686,147.00,"100,842.00"
2019-06-13,2019061301005529,DBBL,57,17,100,148.00,"14,800.00"
2019-06-13,2019061301005528,DBBL,57,17,13,148.00,"1,924.00"
2019-06-13,2019061301005290,DBBL,57,22,87,148.00,"12,876.00"
2019-06-13,2019061301005244,DBBL,48,22,400,148.00,"59,200.00"
2019-06-13,2019061301005049,DBBL,46,22,13,148.00,"1,924.00"
2019-06-13,2019061301005489,DDBL,49,6,400,707.00,"282,800.00"
2019-06-13,2019061301005101,DDBL,49,6,818,710.00,"580,780.00"
2019-06-13,2019061301005500,EBL,40,11,66,661.00,"43,626.00"
2019-06-13,2019061301005372,EBL,57,6,209,662.00,"138,358.00"
2019-06-13,2019061301005322,EBL,14,6,100,662.00,"66,200.00"
2019-06-13,2019061301005160,EBL,51,38,10,664.00,"6,640.00"
2019-06-13,2019061301005335,EIC,33,25,30,380.00,"11,400.00"
2019-06-13,2019061301005240,EIC,42,48,17,377.00,"6,409.00"
2019-06-13,2019061301005154,FMDBL,43,34,50,386.00,"19,300.00"
2019-06-13,2019061301005111,FMDBL,11,48,79,385.00,"30,415.00"
2019-06-13,2019061301005268,FOWAD,19,38,25,"1,410.00","35,250.00"
2019-06-13,2019061301005178,FOWAD,38,49,18,"1,411.00","25,398.00"
2019-06-13,2019061301005516,GBBL,4,36,155,225.00,"34,875.00"
2019-06-13,2019061301005515,GBBL,4,36,45,225.00,"10,125.00"
2019-06-13,2019061301005488,GBBL,28,45,100,224.00,"22,400.00"
2019-06-13,2019061301005339,GBBL,28,41,123,224.00,"27,552.00"
2019-06-13,2019061301005143,GBBL,37,36,661,225.00,"148,725.00"
2019-06-13,2019061301005142,GBBL,26,36,300,225.00,"67,500.00"
2019-06-13,2019061301005083,GBBL,36,14,215,226.00,"48,590.00"
2019-06-13,2019061301005141,GBBL,22,36,259,225.00,"58,275.00"
2019-06-13,2019061301005133,GBBL,22,36,241,225.00,"54,225.00"
2019-06-13,2019061301005132,GBBL,4,36,300,225.00,"67,500.00"
2019-06-13,2019061301005131,GBBL,32,36,100,225.00,"22,500.00"
2019-06-13,2019061301005097,GBBL,37,58,685,226.00,"154,810.00"
2019-06-13,2019061301005096,GBBL,36,58,55,226.00,"12,430.00"
2019-06-13,2019061301005202,GBIME,42,1,12,299.00,"3,588.00"
2019-06-13,2019061301005201,GBIME,13,1,100,299.00,"29,900.00"
2019-06-13,2019061301005125,GBIME,13,45,100,299.00,"29,900.00"
2019-06-13,2019061301005084,GDBL,43,32,500,211.00,"105,500.00"
2019-06-13,2019061301005232,GILB,38,44,22,"1,250.00","27,500.00"
2019-06-13,2019061301005161,GMFIL,49,58,100,126.00,"12,600.00"
2019-06-13,2019061301005446,GUFL,52,45,400,118.00,"47,200.00"
2019-06-13,2019061301005445,GUFL,49,45,920,118.00,"108,560.00"
2019-06-13,2019061301005248,HBL,19,52,40,557.00,"22,280.00"
2019-06-13,2019061301005536,HIDCL,1,43,61,163.00,"9,943.00"
2019-06-13,2019061301005480,HIDCL,1,20,880,163.00,"143,440.00"
2019-06-13,2019061301005277,HIDCL,1,42,215,163.00,"35,045.00"
2019-06-13,2019061301005276,HIDCL,1,32,35,163.00,"5,705.00"
2019-06-13,2019061301005243,HIDCL,1,32,32,163.00,"5,216.00"
2019-06-13,2019061301005144,HIDCL,1,1,"1,000",163.00,"163,000.00"
2019-06-13,2019061301005109,HIDCL,1,57,361,163.00,"58,843.00"
2019-06-13,2019061301005388,HPPL,45,42,10,180.00,"1,800.00"
2019-06-13,2019061301005387,HPPL,45,52,10,179.00,"1,790.00"
2019-06-13,2019061301005264,ICFC,49,5,96,162.00,"15,552.00"
2019-06-13,2019061301005263,ICFC,10,5,400,163.00,"65,200.00"
2019-06-13,2019061301005262,ICFC,49,5,54,164.00,"8,856.00"
2019-06-13,2019061301005150,IGI,7,16,20,395.00,"7,900.00"
2019-06-13,2019061301005121,JBBL,43,38,300,158.00,"47,400.00"
2019-06-13,2019061301005390,JBNL,58,57,100,207.00,"20,700.00"
2019-06-13,2019061301005239,JBNL,58,49,175,207.00,"36,225.00"
2019-06-13,2019061301005238,JBNL,57,49,825,207.00,"170,775.00"
2019-06-13,2019061301005362,JBNLPO,37,34,"13,907",100.00,"1,390,700.00"
2019-06-13,2019061301005531,JSLBB,47,21,10,"1,860.00","18,600.00"
2019-06-13,2019061301005507,JSLBB,47,21,10,"1,860.00","18,600.00"
2019-06-13,2019061301005361,JSLBB,57,49,10,"1,873.00","18,730.00"
2019-06-13,2019061301005293,JSLBB,36,58,50,"1,853.00","92,650.00"
2019-06-13,2019061301005292,JSLBB,34,58,26,"1,855.00","48,230.00"
2019-06-13,2019061301005291,JSLBB,8,58,50,"1,855.00","92,750.00"
2019-06-13,2019061301005283,JSLBB,1,35,14,"1,860.00","26,040.00"
2019-06-13,2019061301005282,JSLBB,57,49,10,"1,873.00","18,730.00"
2019-06-13,2019061301005295,JSLBB,16,58,15,"1,850.00","27,750.00"
2019-06-13,2019061301005294,JSLBB,48,58,10,"1,851.00","18,510.00"
2019-06-13,2019061301005523,KBL,34,51,300,212.00,"63,600.00"
2019-06-13,2019061301005522,KBL,5,51,"1,000",212.00,"212,000.00"
2019-06-13,2019061301005521,KBL,58,51,38,212.00,"8,056.00"
2019-06-13,2019061301005487,KBL,58,58,462,212.00,"97,944.00"
2019-06-13,2019061301005486,KBL,43,58,500,212.00,"106,000.00"
2019-06-13,2019061301005485,KBL,58,58,200,212.00,"42,400.00"
2019-06-13,2019061301005484,KBL,51,58,450,212.00,"95,400.00"
2019-06-13,2019061301005483,KBL,22,58,300,212.00,"63,600.00"
2019-06-13,2019061301005482,KBL,42,58,40,212.00,"8,480.00"
2019-06-13,2019061301005481,KBL,46,58,48,212.00,"10,176.00"
2019-06-13,2019061301005356,KBL,46,42,100,212.00,"21,200.00"
2019-06-13,2019061301005110,KBL,19,16,100,213.00,"21,300.00"
2019-06-13,2019061301005475,KPCL,17,28,10,94.00,940.00
2019-06-13,2019061301005389,KRBL,25,32,100,118.00,"11,800.00"
2019-06-13,2019061301005105,KRBL,25,33,196,118.00,"23,128.00"
2019-06-13,2019061301005104,KRBL,28,33,290,118.00,"34,220.00"
2019-06-13,2019061301005103,KRBL,28,33,200,119.00,"23,800.00"
2019-06-13,2019061301005442,KSBBL,1,25,100,164.00,"16,400.00"
2019-06-13,2019061301005385,KSBBL,7,1,704,165.00,"116,160.00"
2019-06-13,2019061301005384,KSBBL,7,19,36,165.00,"5,940.00"
2019-06-13,2019061301005383,KSBBL,7,19,68,165.00,"11,220.00"
2019-06-13,2019061301005382,KSBBL,7,58,200,165.00,"33,000.00"
2019-06-13,2019061301005381,KSBBL,7,26,100,165.00,"16,500.00"
2019-06-13,2019061301005199,KSBBL,1,43,11,164.00,"1,804.00"
2019-06-13,2019061301005159,KSBBL,1,43,47,164.00,"7,708.00"
2019-06-13,2019061301005078,KSBBL,46,58,70,165.00,"11,550.00"
2019-06-13,2019061301005065,KSBBL,1,1,"1,000",164.00,"164,000.00"
2019-06-13,2019061301005064,KSBBL,1,51,400,164.00,"65,600.00"
2019-06-13,2019061301005063,KSBBL,1,1,542,164.00,"88,888.00"
2019-06-13,2019061301005288,KSBBL,33,58,562,165.00,"92,730.00"
2019-06-13,2019061301005275,KSBBL,1,13,337,164.00,"55,268.00"
2019-06-13,2019061301005274,KSBBL,22,13,263,164.00,"43,132.00"
2019-06-13,2019061301005215,KSBBL,22,43,37,164.00,"6,068.00"
2019-06-13,2019061301005214,KSBBL,57,43,87,164.00,"14,268.00"
2019-06-13,2019061301005200,KSBBL,57,43,113,164.00,"18,532.00"
2019-06-13,2019061301005380,KSBBL,7,17,200,165.00,"33,000.00"
2019-06-13,2019061301005379,KSBBL,7,17,80,165.00,"13,200.00"
2019-06-13,2019061301005378,KSBBL,7,17,50,165.00,"8,250.00"
2019-06-13,2019061301005377,KSBBL,7,32,62,165.00,"10,230.00"
2019-06-13,2019061301005297,KSBBL,1,57,"2,482",164.00,"407,048.00"
2019-06-13,2019061301005289,KSBBL,33,32,438,165.00,"72,270.00"
2019-06-13,2019061301005157,LBBL,33,45,"1,500",197.00,"295,500.00"
2019-06-13,2019061301005156,LBBL,33,45,320,197.00,"63,040.00"
2019-06-13,2019061301005447,LBL,57,44,140,218.00,"30,520.00"
2019-06-13,2019061301005336,LBL,36,59,100,217.00,"21,700.00"
2019-06-13,2019061301005242,LBL,49,44,500,218.00,"109,000.00"
2019-06-13,2019061301005158,LBL,36,41,100,217.00,"21,700.00"
2019-06-13,2019061301005137,LBL,49,44,"1,000",218.00,"218,000.00"
2019-06-13,2019061301005071,LBL,10,44,360,218.00,"78,480.00"
2019-06-13,2019061301005070,LBL,10,59,140,218.00,"30,520.00"
2019-06-13,2019061301005066,LGIL,19,32,50,461.00,"23,050.00"
2019-06-13,2019061301005315,MBL,36,19,871,268.00,"233,428.00"
2019-06-13,2019061301005286,MBL,36,41,200,268.00,"53,600.00"
2019-06-13,2019061301005273,MBL,36,10,200,268.00,"53,600.00"
2019-06-13,2019061301005257,MBL,36,49,729,268.00,"195,372.00"
2019-06-13,2019061301005256,MBL,19,49,200,268.00,"53,600.00"
2019-06-13,2019061301005255,MBL,35,49,200,268.00,"53,600.00"
2019-06-13,2019061301005254,MBL,35,49,500,268.00,"134,000.00"
2019-06-13,2019061301005253,MBL,52,49,20,268.00,"5,360.00"
2019-06-13,2019061301005252,MBL,58,49,200,268.00,"53,600.00"
2019-06-13,2019061301005251,MBL,29,49,100,268.00,"26,800.00"
2019-06-13,2019061301005250,MBL,34,49,551,268.00,"147,668.00"
2019-06-13,2019061301005333,MDB,13,32,81,238.00,"19,278.00"
2019-06-13,2019061301005332,MDB,57,32,50,238.00,"11,900.00"
2019-06-13,2019061301005354,MEGA,56,5,27,201.00,"5,427.00"
2019-06-13,2019061301005334,MEGA,56,50,40,201.00,"8,040.00"
2019-06-13,2019061301005320,MEGA,57,1,100,202.00,"20,200.00"
2019-06-13,2019061301005298,MEGA,57,1,100,202.00,"20,200.00"
2019-06-13,2019061301005203,MEGA,56,41,100,201.00,"20,100.00"
2019-06-13,2019061301005153,MEGA,39,1,178,202.00,"35,956.00"
2019-06-13,2019061301005152,MEGA,39,16,822,202.00,"166,044.00"
2019-06-13,2019061301005100,MEGA,39,16,175,202.00,"35,350.00"
2019-06-13,2019061301005099,MEGA,39,36,350,202.00,"70,700.00"
2019-06-13,2019061301005098,MEGA,39,50,475,202.00,"95,950.00"
2019-06-13,2019061301005092,MEGA,52,52,8,197.00,"1,576.00"
2019-06-13,2019061301005074,MEGA,56,5,112,201.00,"22,512.00"
2019-06-13,2019061301005073,MERO,45,17,11,565.00,"6,215.00"
2019-06-13,2019061301005072,MERO,7,17,22,566.00,"12,452.00"
2019-06-13,2019061301005181,MFIL,1,29,"1,000",126.00,"126,000.00"
2019-06-13,2019061301005163,MFIL,56,29,50,128.00,"6,400.00"
2019-06-13,2019061301005162,MFIL,28,29,200,128.00,"25,600.00"
2019-06-13,2019061301005122,MHNL,34,18,40,103.00,"4,120.00"
2019-06-13,2019061301005525,MNBBL,36,51,370,377.00,"139,490.00"
2019-06-13,2019061301005342,MNBBL,36,53,100,377.00,"37,700.00"
2019-06-13,2019061301005341,MNBBL,36,44,40,377.00,"15,080.00"
2019-06-13,2019061301005237,NABIL,6,49,60,825.00,"49,500.00"
2019-06-13,2019061301005236,NABIL,6,25,10,825.00,"8,250.00"
2019-06-13,2019061301005235,NABIL,6,22,140,825.00,"115,500.00"
2019-06-13,2019061301005234,NABIL,6,36,65,823.00,"53,495.00"
2019-06-13,2019061301005272,NABILP,42,17,500,800.00,"400,000.00"
2019-06-13,2019061301005081,NABILP,42,25,300,800.00,"240,000.00"
2019-06-13,2019061301005457,NADEP,42,42,70,443.00,"31,010.00"
2019-06-13,2019061301005456,NADEP,6,42,50,444.00,"22,200.00"
2019-06-13,2019061301005455,NADEP,6,42,40,444.00,"17,760.00"
2019-06-13,2019061301005443,NADEP,6,58,10,444.00,"4,440.00"
2019-06-13,2019061301005318,NADEP,42,16,10,443.00,"4,430.00"
2019-06-13,2019061301005433,NBL,29,42,"1,000",324.00,"324,000.00"
2019-06-13,2019061301005432,NBL,43,42,500,324.00,"162,000.00"
2019-06-13,2019061301005431,NBL,28,42,500,324.00,"162,000.00"
2019-06-13,2019061301005430,NBL,53,42,250,324.00,"81,000.00"
2019-06-13,2019061301005429,NBL,25,42,200,324.00,"64,800.00"
2019-06-13,2019061301005428,NBL,51,42,200,324.00,"64,800.00"
2019-06-13,2019061301005175,NBL,7,36,300,325.00,"97,500.00"
2019-06-13,2019061301005077,NBL,47,36,200,325.00,"65,000.00"
2019-06-13,2019061301005052,NBL,17,36,25,325.00,"8,125.00"
2019-06-13,2019061301005367,NBL,58,45,736,325.00,"239,200.00"
2019-06-13,2019061301005366,NBL,58,45,40,325.00,"13,000.00"
2019-06-13,2019061301005365,NBL,58,48,224,325.00,"72,800.00"
2019-06-13,2019061301005357,NBL,52,48,150,325.00,"48,750.00"
2019-06-13,2019061301005355,NBL,25,36,"1,000",325.00,"325,000.00"
2019-06-13,2019061301005287,NBL,5,36,"1,000",325.00,"325,000.00"
2019-06-13,2019061301005397,NBL,26,42,50,324.00,"16,200.00"
2019-06-13,2019061301005396,NBL,41,42,100,324.00,"32,400.00"
2019-06-13,2019061301005395,NBL,58,42,"2,000",324.00,"648,000.00"
2019-06-13,2019061301005394,NBL,34,42,91,324.00,"29,484.00"
2019-06-13,2019061301005392,NBL,26,38,736,325.00,"239,200.00"
2019-06-13,2019061301005391,NBL,26,45,264,325.00,"85,800.00"
2019-06-13,2019061301005403,NBL,43,42,50,324.00,"16,200.00"
2019-06-13,2019061301005402,NBL,43,42,50,324.00,"16,200.00"
2019-06-13,2019061301005401,NBL,43,42,40,324.00,"12,960.00"
2019-06-13,2019061301005400,NBL,41,42,500,324.00,"162,000.00"
2019-06-13,2019061301005399,NBL,35,42,100,324.00,"32,400.00"
2019-06-13,2019061301005398,NBL,1,42,500,324.00,"162,000.00"
2019-06-13,2019061301005409,NBL,58,42,"1,000",324.00,"324,000.00"
2019-06-13,2019061301005408,NBL,43,42,100,324.00,"32,400.00"
2019-06-13,2019061301005407,NBL,43,42,40,324.00,"12,960.00"
2019-06-13,2019061301005406,NBL,43,42,50,324.00,"16,200.00"
2019-06-13,2019061301005405,NBL,43,42,50,324.00,"16,200.00"
2019-06-13,2019061301005404,NBL,43,42,50,324.00,"16,200.00"
2019-06-13,2019061301005415,NBL,43,42,50,324.00,"16,200.00"
2019-06-13,2019061301005414,NBL,43,42,100,324.00,"32,400.00"
2019-06-13,2019061301005413,NBL,43,42,100,324.00,"32,400.00"
2019-06-13,2019061301005412,NBL,43,42,100,324.00,"32,400.00"
2019-06-13,2019061301005411,NBL,43,42,100,324.00,"32,400.00"
2019-06-13,2019061301005410,NBL,26,42,100,324.00,"32,400.00"
2019-06-13,2019061301005421,NBL,34,42,"1,000",324.00,"324,000.00"
2019-06-13,2019061301005420,NBL,43,42,60,324.00,"19,440.00"
2019-06-13,2019061301005419,NBL,35,42,100,324.00,"32,400.00"
2019-06-13,2019061301005418,NBL,6,42,"1,000",324.00,"324,000.00"
2019-06-13,2019061301005417,NBL,1,42,500,324.00,"162,000.00"
2019-06-13,2019061301005416,NBL,43,42,50,324.00,"16,200.00"
2019-06-13,2019061301005427,NBL,29,42,30,324.00,"9,720.00"
2019-06-13,2019061301005426,NBL,3,42,100,324.00,"32,400.00"
2019-06-13,2019061301005425,NBL,19,42,200,324.00,"64,800.00"
2019-06-13,2019061301005424,NBL,50,42,"1,000",324.00,"324,000.00"
2019-06-13,2019061301005423,NBL,26,42,"1,000",324.00,"324,000.00"
2019-06-13,2019061301005422,NBL,48,42,500,324.00,"162,000.00"
2019-06-13,2019061301005510,NCCB,43,33,109,257.00,"28,013.00"
2019-06-13,2019061301005509,NCCB,38,33,50,257.00,"12,850.00"
2019-06-13,2019061301005508,NCCB,51,33,41,257.00,"10,537.00"
2019-06-13,2019061301005435,NCCB,51,41,159,257.00,"40,863.00"
2019-06-13,2019061301005434,NCCB,13,41,27,257.00,"6,939.00"
2019-06-13,2019061301005314,NCCB,13,10,473,257.00,"121,561.00"
2019-06-13,2019061301005313,NCCB,28,10,"1,000",257.00,"257,000.00"
2019-06-13,2019061301005312,NCCB,43,10,100,257.00,"25,700.00"
2019-06-13,2019061301005311,NCCB,56,10,"1,325",257.00,"340,525.00"
2019-06-13,2019061301005310,NCCB,51,10,200,257.00,"51,400.00"
2019-06-13,2019061301005309,NCCB,14,10,"3,000",257.00,"771,000.00"
2019-06-13,2019061301005308,NCCB,29,10,"1,984",257.00,"509,888.00"
2019-06-13,2019061301005089,NGPL,11,1,100,120.00,"12,000.00"
2019-06-13,2019061301005088,NGPL,26,1,235,120.00,"28,200.00"
2019-06-13,2019061301005055,NGPL,26,38,15,120.00,"1,800.00"
2019-06-13,2019061301005050,NGPL,58,1,489,121.00,"59,169.00"
2019-06-13,2019061301005526,NHDL,51,52,40,130.00,"5,200.00"
2019-06-13,2019061301005095,NHPC,7,52,490,68.00,"33,320.00"
2019-06-13,2019061301005094,NHPC,52,52,"1,000",68.00,"68,000.00"
2019-06-13,2019061301005093,NHPC,6,52,100,68.00,"6,800.00"
2019-06-13,2019061301005540,NIB,25,45,4,530.00,"2,120.00"
2019-06-13,2019061301005539,NIB,25,28,196,530.00,"103,880.00"
2019-06-13,2019061301005538,NIB,17,28,32,530.00,"16,960.00"
2019-06-13,2019061301005537,NIB,28,28,272,530.00,"144,160.00"
2019-06-13,2019061301005247,NIB,25,14,77,531.00,"40,887.00"
2019-06-13,2019061301005246,NIB,25,42,100,531.00,"53,100.00"
2019-06-13,2019061301005155,NIB,28,49,28,530.00,"14,840.00"
2019-06-13,2019061301005138,NIB,28,51,56,530.00,"29,680.00"
2019-06-13,2019061301005054,NIB,28,32,50,530.00,"26,500.00"
2019-06-13,2019061301005053,NIB,28,40,44,530.00,"23,320.00"
2019-06-13,2019061301005547,NIBPO,28,4,500,485.00,"242,500.00"
2019-06-13,2019061301005546,NIBPO,22,4,200,485.00,"97,000.00"
2019-06-13,2019061301005502,NICA,33,29,46,458.00,"21,068.00"
2019-06-13,2019061301005501,NICA,33,28,80,458.00,"36,640.00"
2019-06-13,2019061301005441,NICA,50,36,291,457.00,"132,987.00"
2019-06-13,2019061301005440,NICA,16,36,759,457.00,"346,863.00"
2019-06-13,2019061301005370,NICA,14,28,100,458.00,"45,800.00"
2019-06-13,2019061301005369,NICA,35,28,120,458.00,"54,960.00"
2019-06-13,2019061301005368,NICA,50,28,100,458.00,"45,800.00"
2019-06-13,2019061301005321,NICA,58,21,100,459.00,"45,900.00"
2019-06-13,2019061301005069,NICA,16,38,16,457.00,"7,312.00"
2019-06-13,2019061301005393,NIL,28,42,200,493.00,"98,600.00"
2019-06-13,2019061301005307,NIL,1,36,51,494.00,"25,194.00"
2019-06-13,2019061301005437,NLG,49,28,74,754.00,"55,796.00"
2019-06-13,2019061301005436,NLG,44,28,26,754.00,"19,604.00"
2019-06-13,2019061301005196,NLG,44,38,24,754.00,"18,096.00"
2019-06-13,2019061301005195,NLG,44,38,54,754.00,"40,716.00"
2019-06-13,2019061301005194,NLG,1,38,100,754.00,"75,400.00"
2019-06-13,2019061301005193,NLG,41,38,178,754.00,"134,212.00"
2019-06-13,2019061301005192,NLG,45,38,15,755.00,"11,325.00"
2019-06-13,2019061301005191,NLG,49,38,182,755.00,"137,410.00"
2019-06-13,2019061301005541,NLIC,18,40,25,914.00,"22,850.00"
2019-06-13,2019061301005494,NLIC,18,14,17,914.00,"15,538.00"
2019-06-13,2019061301005493,NLIC,18,38,68,914.00,"62,152.00"
2019-06-13,2019061301005492,NLIC,18,54,10,914.00,"9,140.00"
2019-06-13,2019061301005267,NLIC,43,54,17,914.00,"15,538.00"
2019-06-13,2019061301005211,NLIC,13,54,100,914.00,"91,400.00"
2019-06-13,2019061301005076,NLIC,20,49,27,912.00,"24,624.00"
2019-06-13,2019061301005075,NLIC,56,49,20,912.00,"18,240.00"
2019-06-13,2019061301005503,NLICL,51,47,30,632.00,"18,960.00"
2019-06-13,2019061301005128,NMBMF,35,21,13,"1,000.00","13,000.00"
2019-06-13,2019061301005102,NMBMF,35,21,15,"1,000.00","15,000.00"
2019-06-13,2019061301005057,NMFBS,28,22,29,"1,470.00","42,630.00"
2019-06-13,2019061301005260,OHL,42,58,"1,146",643.00,"736,878.00"
2019-06-13,2019061301005124,PFL,57,35,40,138.00,"5,520.00"
2019-06-13,2019061301005364,PIC,42,38,57,"1,025.00","58,425.00"
2019-06-13,2019061301005363,PIC,42,16,11,"1,025.00","11,275.00"
2019-06-13,2019061301005340,PIC,42,3,50,"1,026.00","51,300.00"
2019-06-13,2019061301005304,PIC,46,3,20,"1,026.00","20,520.00"
2019-06-13,2019061301005303,PIC,46,4,10,"1,026.00","10,260.00"
2019-06-13,2019061301005271,PIC,43,45,300,"1,021.00","306,300.00"
2019-06-13,2019061301005270,PIC,57,45,100,"1,022.00","102,200.00"
2019-06-13,2019061301005269,PIC,25,45,89,"1,022.00","90,958.00"
2019-06-13,2019061301005179,PIC,33,4,50,"1,026.00","51,300.00"
2019-06-13,2019061301005499,PICL,6,10,100,596.00,"59,600.00"
2019-06-13,2019061301005498,PICL,43,10,50,596.00,"29,800.00"
2019-06-13,2019061301005497,PICL,35,10,50,597.00,"29,850.00"
2019-06-13,2019061301005374,PICL,26,39,10,598.00,"5,980.00"
2019-06-13,2019061301005373,PICL,14,39,50,598.00,"29,900.00"
2019-06-13,2019061301005241,PICL,14,17,150,598.00,"89,700.00"
2019-06-13,2019061301005548,PLIC,42,42,39,446.00,"17,394.00"
2019-06-13,2019061301005176,PLIC,5,45,40,448.00,"17,920.00"
2019-06-13,2019061301005491,PMHPL,6,56,10,112.00,"1,120.00"
2019-06-13,2019061301005082,PMHPL,44,38,10,110.00,"1,100.00"
2019-06-13,2019061301005544,PPCL,26,17,10,137.00,"1,370.00"
2019-06-13,2019061301005530,PPCL,26,17,10,137.00,"1,370.00"
2019-06-13,2019061301005511,PPCL,26,17,10,137.00,"1,370.00"
2019-06-13,2019061301005490,PPCL,26,17,10,137.00,"1,370.00"
2019-06-13,2019061301005468,PPCL,26,17,10,137.00,"1,370.00"
2019-06-13,2019061301005459,PPCL,26,17,10,137.00,"1,370.00"
2019-06-13,2019061301005228,PPCL,38,43,10,138.00,"1,380.00"
2019-06-13,2019061301005543,PRVU,39,45,100,269.00,"26,900.00"
2019-06-13,2019061301005439,PRVU,26,45,"1,000",269.00,"269,000.00"
2019-06-13,2019061301005353,PRVU,56,45,50,269.00,"13,450.00"
2019-06-13,2019061301005352,PRVU,44,45,300,269.00,"80,700.00"
2019-06-13,2019061301005351,PRVU,29,45,"1,000",269.00,"269,000.00"
2019-06-13,2019061301005350,PRVU,48,45,200,269.00,"53,800.00"
2019-06-13,2019061301005343,PRVU,38,45,157,269.00,"42,233.00"
2019-06-13,2019061301005107,PRVU,52,52,7,265.00,"1,855.00"
2019-06-13,2019061301005090,PRVU,41,34,100,270.00,"27,000.00"
2019-06-13,2019061301005349,PRVU,39,45,300,269.00,"80,700.00"
2019-06-13,2019061301005348,PRVU,45,45,200,269.00,"53,800.00"
2019-06-13,2019061301005347,PRVU,44,45,500,269.00,"134,500.00"
2019-06-13,2019061301005346,PRVU,44,45,"1,000",269.00,"269,000.00"
2019-06-13,2019061301005345,PRVU,29,45,200,269.00,"53,800.00"
2019-06-13,2019061301005344,PRVU,1,45,200,269.00,"53,800.00"
2019-06-13,2019061301005056,RADHI,16,47,60,165.00,"9,900.00"
2019-06-13,2019061301005151,RBCL,45,56,10,"9,800.00","98,000.00"
2019-06-13,2019061301005517,RBCLPO,17,58,15,"8,871.00","133,065.00"
2019-06-13,2019061301005190,RBCLPO,32,59,10,"8,888.00","88,880.00"
2019-06-13,2019061301005086,RHPC,37,38,18,94.00,"1,692.00"
2019-06-13,2019061301005062,RSDC,43,17,63,366.00,"23,058.00"
2019-06-13,2019061301005061,RSDC,29,17,37,367.00,"13,579.00"
2019-06-13,2019061301005359,SADBL,44,32,"1,000",151.00,"151,000.00"
2019-06-13,2019061301005358,SADBL,45,32,300,151.00,"45,300.00"
2019-06-13,2019061301005474,SBI,45,59,75,463.00,"34,725.00"
2019-06-13,2019061301005438,SBI,45,32,25,463.00,"11,575.00"
2019-06-13,2019061301005197,SBI,42,17,100,463.00,"46,300.00"
2019-06-13,2019061301005519,SBL,52,58,500,323.00,"161,500.00"
2019-06-13,2019061301005518,SBL,42,58,500,323.00,"161,500.00"
2019-06-13,2019061301005496,SBL,28,48,638,324.00,"206,712.00"
2019-06-13,2019061301005495,SBL,50,48,25,325.00,"8,125.00"
2019-06-13,2019061301005535,SCB,56,37,100,665.00,"66,500.00"
2019-06-13,2019061301005376,SCB,19,28,21,663.00,"13,923.00"
2019-06-13,2019061301005375,SCB,58,28,80,663.00,"53,040.00"
2019-06-13,2019061301005527,SHIVM,35,46,50,663.00,"33,150.00"
2019-06-13,2019061301005512,SHIVM,29,7,50,662.00,"33,100.00"
2019-06-13,2019061301005479,SHIVM,16,7,100,663.00,"66,300.00"
2019-06-13,2019061301005465,SHIVM,16,34,200,663.00,"132,600.00"
2019-06-13,2019061301005206,SHIVM,29,48,30,662.00,"19,860.00"
2019-06-13,2019061301005205,SHIVM,34,48,500,662.00,"331,000.00"
2019-06-13,2019061301005087,SHIVM,26,17,100,664.00,"66,400.00"
2019-06-13,2019061301005204,SHIVM,58,48,170,662.00,"112,540.00"
2019-06-13,2019061301005183,SHIVM,58,36,30,662.00,"19,860.00"
2019-06-13,2019061301005182,SHIVM,49,36,10,663.00,"6,630.00"
2019-06-13,2019061301005130,SHIVM,49,48,15,663.00,"9,945.00"
2019-06-13,2019061301005129,SHIVM,45,48,485,663.00,"321,555.00"
2019-06-13,2019061301005106,SHIVM,45,16,100,663.00,"66,300.00"
2019-06-13,2019061301005319,SHL,29,43,500,234.00,"117,000.00"
2019-06-13,2019061301005231,SHL,6,48,269,234.00,"62,946.00"
2019-06-13,2019061301005230,SHL,17,48,200,234.00,"46,800.00"
2019-06-13,2019061301005229,SHL,22,48,131,234.00,"30,654.00"
2019-06-13,2019061301005542,SHPC,43,45,30,255.00,"7,650.00"
2019-06-13,2019061301005467,SHPC,43,45,30,255.00,"7,650.00"
2019-06-13,2019061301005464,SHPC,48,49,200,256.00,"51,200.00"
2019-06-13,2019061301005317,SHPC,49,49,"10,000",255.00,"2,550,000.00"
2019-06-13,2019061301005227,SHPC,45,49,200,256.00,"51,200.00"
2019-06-13,2019061301005051,SHPC,5,49,108,256.00,"27,648.00"
2019-06-13,2019061301005451,SIC,34,38,451,"1,267.00","571,417.00"
2019-06-13,2019061301005450,SIC,13,38,10,"1,268.00","12,680.00"
2019-06-13,2019061301005449,SIC,35,38,10,"1,268.00","12,680.00"
2019-06-13,2019061301005448,SIC,42,38,20,"1,270.00","25,400.00"
2019-06-13,2019061301005371,SIC,57,21,10,"1,275.00","12,750.00"
2019-06-13,2019061301005360,SIC,54,21,20,"1,275.00","25,500.00"
2019-06-13,2019061301005117,SIC,41,14,100,"1,270.00","127,000.00"
2019-06-13,2019061301005116,SIC,7,14,50,"1,270.00","63,500.00"
2019-06-13,2019061301005115,SIC,43,14,100,"1,270.00","127,000.00"
2019-06-13,2019061301005114,SIC,54,14,50,"1,270.00","63,500.00"
2019-06-13,2019061301005113,SIC,34,14,500,"1,271.00","635,500.00"
2019-06-13,2019061301005112,SIC,52,14,50,"1,271.00","63,550.00"
2019-06-13,2019061301005278,SIC,48,45,100,"1,270.00","127,000.00"
2019-06-13,2019061301005261,SIC,57,32,10,"1,275.00","12,750.00"
2019-06-13,2019061301005186,SIC,39,38,50,"1,275.00","63,750.00"
2019-06-13,2019061301005184,SIC,34,14,540,"1,270.00","685,800.00"
2019-06-13,2019061301005177,SIC,42,14,100,"1,270.00","127,000.00"
2019-06-13,2019061301005118,SIC,51,14,100,"1,270.00","127,000.00"
2019-06-13,2019061301005330,SIC,34,8,200,"1,267.00","253,400.00"
2019-06-13,2019061301005302,SIC,34,17,59,"1,267.00","74,753.00"
2019-06-13,2019061301005301,SIC,34,17,21,"1,268.00","26,628.00"
2019-06-13,2019061301005300,SIC,48,17,10,"1,270.00","12,700.00"
2019-06-13,2019061301005299,SIC,26,17,10,"1,270.00","12,700.00"
2019-06-13,2019061301005279,SIC,48,45,100,"1,270.00","127,000.00"
2019-06-13,2019061301005281,SIFC,38,21,25,155.00,"3,875.00"
2019-06-13,2019061301005212,SIFC,38,59,104,155.00,"16,120.00"
2019-06-13,2019061301005545,SKBBL,14,28,50,965.00,"48,250.00"
2019-06-13,2019061301005188,SLBS,42,32,162,727.00,"117,774.00"
2019-06-13,2019061301005187,SLBS,28,32,38,727.00,"27,626.00"
2019-06-13,2019061301005060,SLBS,28,40,18,727.00,"13,086.00"
2019-06-13,2019061301005520,SLICL,42,28,20,463.00,"9,260.00"
2019-06-13,2019061301005085,SMFDB,50,36,71,541.00,"38,411.00"
2019-06-13,2019061301005505,SPARS,21,38,10,509.00,"5,090.00"
2019-06-13,2019061301005466,SPARS,11,39,10,507.00,"5,070.00"
2019-06-13,2019061301005120,SPARS,53,38,90,509.00,"45,810.00"
2019-06-13,2019061301005119,SPARS,53,49,10,509.00,"5,090.00"
2019-06-13,2019061301005091,SPARS,11,45,10,507.00,"5,070.00"
2019-06-13,2019061301005127,SRBL,46,38,35,254.00,"8,890.00"
2019-06-13,2019061301005473,TRH,38,42,500,323.00,"161,500.00"
2019-06-13,2019061301005472,TRH,46,42,200,323.00,"64,600.00"
2019-06-13,2019061301005471,TRH,38,42,200,323.00,"64,600.00"
2019-06-13,2019061301005306,TRH,4,28,800,326.00,"260,800.00"
2019-06-13,2019061301005305,TRH,4,35,200,325.00,"65,000.00"
2019-06-13,2019061301005210,TRH,58,35,170,326.00,"55,420.00"
2019-06-13,2019061301005165,TRH,48,1,110,324.00,"35,640.00"
2019-06-13,2019061301005164,TRH,48,3,50,324.00,"16,200.00"
2019-06-13,2019061301005171,TRH,48,43,500,325.00,"162,500.00"
2019-06-13,2019061301005170,TRH,48,22,"1,000",325.00,"325,000.00"
2019-06-13,2019061301005169,TRH,48,43,100,325.00,"32,500.00"
2019-06-13,2019061301005168,TRH,48,50,100,325.00,"32,500.00"
2019-06-13,2019061301005167,TRH,48,11,270,324.00,"87,480.00"
2019-06-13,2019061301005166,TRH,48,28,500,324.00,"162,000.00"
2019-06-13,2019061301005209,TRH,58,21,200,326.00,"65,200.00"
2019-06-13,2019061301005208,TRH,58,22,100,325.00,"32,500.00"
2019-06-13,2019061301005198,TRH,48,39,150,325.00,"48,750.00"
2019-06-13,2019061301005174,TRH,48,45,20,325.00,"6,500.00"
2019-06-13,2019061301005173,TRH,48,33,600,325.00,"195,000.00"
2019-06-13,2019061301005172,TRH,48,45,900,325.00,"292,500.00"
2019-06-13,2019061301005245,UFL,49,16,240,181.00,"43,440.00"
2019-06-13,2019061301005080,UFL,40,16,200,181.00,"36,200.00"
2019-06-13,2019061301005079,UFL,17,16,500,181.00,"90,500.00"
2019-06-13,2019061301005386,UPCL,49,50,50,92.00,"4,600.00"
2019-06-13,2019061301005534,UPPER,57,50,10,264.00,"2,640.00"
2019-06-13,2019061301005533,UPPER,57,34,990,264.00,"261,360.00"
2019-06-13,2019061301005504,UPPER,41,16,50,263.00,"13,150.00"
2019-06-13,2019061301005454,UPPER,41,10,52,263.00,"13,676.00"
2019-06-13,2019061301005338,UPPER,41,51,28,263.00,"7,364.00"
2019-06-13,2019061301005108,UPPER,59,44,52,263.00,"13,676.00"
2019-06-13,2019061301005337,UPPER,59,51,22,263.00,"5,786.00"
2019-06-13,2019061301005331,UPPER,59,49,35,263.00,"9,205.00"
2019-06-13,2019061301005285,UPPER,41,34,10,264.00,"2,640.00"
2019-06-13,2019061301005284,UPPER,41,34,990,264.00,"261,360.00"
2019-06-13,2019061301005185,UPPER,59,44,52,263.00,"13,676.00"
2019-06-13,2019061301004816,ADBL,49,21,577,412.00,"237,724.00"
2019-06-13,2019061301004815,ADBL,49,21,337,412.00,"138,844.00"
2019-06-13,2019061301004814,ADBL,25,21,200,413.00,"82,600.00"
2019-06-13,2019061301004813,ADBL,49,21,"1,000",413.00,"413,000.00"
2019-06-13,2019061301004812,ADBL,49,21,300,413.00,"123,900.00"
2019-06-13,2019061301004811,ADBL,25,21,200,413.00,"82,600.00"
2019-06-13,2019061301004737,ADBL,45,13,200,414.00,"82,800.00"
2019-06-13,2019061301004736,ADBL,38,13,250,414.00,"103,500.00"
2019-06-13,2019061301004810,ADBL,25,21,179,413.00,"73,927.00"
2019-06-13,2019061301004809,ADBL,40,21,21,414.00,"8,694.00"
2019-06-13,2019061301004796,ADBL,40,8,323,414.00,"133,722.00"
2019-06-13,2019061301004785,ADBL,40,26,106,414.00,"43,884.00"
2019-06-13,2019061301004739,ADBL,40,13,50,414.00,"20,700.00"
2019-06-13,2019061301004738,ADBL,49,13,500,414.00,"207,000.00"
2019-06-13,2019061301005020,AKPL,26,40,13,185.00,"2,405.00"
2019-06-13,2019061301004906,AKPL,26,40,13,185.00,"2,405.00"
2019-06-13,2019061301004647,AKPL,26,43,99,185.00,"18,315.00"
2019-06-13,2019061301004609,AKPL,26,40,13,185.00,"2,405.00"
2019-06-13,2019061301004808,ALBSL,56,19,20,418.00,"8,360.00"
2019-06-13,2019061301004798,ALBSL,56,40,10,418.00,"4,180.00"
2019-06-13,2019061301004792,ALBSL,56,42,10,418.00,"4,180.00"
2019-06-13,2019061301004665,API,48,43,29,148.00,"4,292.00"
2019-06-13,2019061301004640,API,48,40,29,148.00,"4,292.00"
2019-06-13,2019061301004608,API,48,13,27,148.00,"3,996.00"
2019-06-13,2019061301004575,API,48,54,10,148.00,"1,480.00"
2019-06-13,2019061301004572,API,48,40,12,148.00,"1,776.00"
2019-06-13,2019061301004571,API,54,40,17,148.00,"2,516.00"
2019-06-13,2019061301005021,BARUN,13,38,13,96.00,"1,248.00"
2019-06-13,2019061301004662,BARUN,13,13,10,96.00,960.00
2019-06-13,2019061301004804,BFC,39,33,100,107.00,"10,700.00"
2019-06-13,2019061301004646,BOKL,57,32,232,263.00,"61,016.00"
2019-06-13,2019061301004601,BOKL,42,28,305,262.00,"79,910.00"
2019-06-13,2019061301004600,BOKL,32,28,158,262.00,"41,396.00"
2019-06-13,2019061301004989,BPCL,33,57,200,409.00,"81,800.00"
2019-06-13,2019061301004988,BPCL,33,43,100,408.00,"40,800.00"
2019-06-13,2019061301004941,BPCL,41,47,268,406.00,"108,808.00"
2019-06-13,2019061301004797,BPCL,41,42,22,406.00,"8,932.00"
2019-06-13,2019061301004794,BPCL,41,28,10,406.00,"4,060.00"
2019-06-13,2019061301005038,CBBL,38,6,200,940.00,"188,000.00"
2019-06-13,2019061301005022,CBBL,14,55,49,939.00,"46,011.00"
2019-06-13,2019061301004983,CBBL,45,55,10,940.00,"9,400.00"
2019-06-13,2019061301004977,CBBL,26,55,41,940.00,"38,540.00"
2019-06-13,2019061301004963,CBBL,26,37,59,940.00,"55,460.00"
2019-06-13,2019061301005004,CCBL,35,43,50,166.00,"8,300.00"
2019-06-13,2019061301005003,CCBL,35,37,46,166.00,"7,636.00"
2019-06-13,2019061301004985,CCBL,16,58,100,165.00,"16,500.00"
2019-06-13,2019061301004774,CCBL,16,50,21,165.00,"3,465.00"
2019-06-13,2019061301004895,CFCL,1,11,18,120.00,"2,160.00"
2019-06-13,2019061301004905,CHCL,34,5,102,514.00,"52,428.00"
2019-06-13,2019061301004904,CHCL,34,33,393,514.00,"202,002.00"
2019-06-13,2019061301004903,CHCL,45,33,40,514.00,"20,560.00"
2019-06-13,2019061301004902,CHCL,52,33,100,515.00,"51,500.00"
2019-06-13,2019061301004901,CHCL,28,33,67,515.00,"34,505.00"
2019-06-13,2019061301004791,CORBL,22,57,70,122.00,"8,540.00"
2019-06-13,2019061301004642,CORBL,40,45,50,123.00,"6,150.00"
2019-06-13,2019061301004950,CZBIL,40,38,150,222.00,"33,300.00"
2019-06-13,2019061301004836,CZBIL,46,38,500,222.00,"111,000.00"
2019-06-13,2019061301004760,CZBIL,55,38,200,222.00,"44,400.00"
2019-06-13,2019061301004746,CZBIL,41,17,200,221.00,"44,200.00"
2019-06-13,2019061301004708,CZBIL,37,38,40,222.00,"8,880.00"
2019-06-13,2019061301004550,CZBIL,37,25,100,222.00,"22,200.00"
2019-06-13,2019061301005048,DBBL,46,58,16,148.00,"2,368.00"
2019-06-13,2019061301005047,DBBL,46,40,51,148.00,"7,548.00"
2019-06-13,2019061301004993,DBBL,57,1,314,147.00,"46,158.00"
2019-06-13,2019061301004992,DBBL,32,1,"1,086",147.00,"159,642.00"
2019-06-13,2019061301004970,DBBL,32,40,14,147.00,"2,058.00"
2019-06-13,2019061301004893,DBBL,32,51,140,147.00,"20,580.00"
2019-06-13,2019061301004724,DBBL,32,45,760,147.00,"111,720.00"
2019-06-13,2019061301004632,DBBL,57,45,"1,000",147.00,"147,000.00"
2019-06-13,2019061301004623,DBBL,59,40,21,146.00,"3,066.00"
2019-06-13,2019061301004586,DBBL,59,40,21,146.00,"3,066.00"
2019-06-13,2019061301004554,DDBL,1,6,100,708.00,"70,800.00"
2019-06-13,2019061301005046,FMDBL,26,34,500,386.00,"193,000.00"
2019-06-13,2019061301005039,FMDBL,26,33,50,387.00,"19,350.00"
2019-06-13,2019061301005002,FMDBL,59,33,150,387.00,"58,050.00"
2019-06-13,2019061301005001,FMDBL,17,33,100,387.00,"38,700.00"
2019-06-13,2019061301004971,FOWAD,38,49,25,"1,411.00","35,275.00"
2019-06-13,2019061301004892,FOWAD,19,18,39,"1,415.00","55,185.00"
2019-06-13,2019061301004891,FOWAD,19,1,15,"1,414.00","21,210.00"
2019-06-13,2019061301005008,GBBL,37,45,150,226.00,"33,900.00"
2019-06-13,2019061301004974,GBBL,41,45,50,226.00,"11,300.00"
2019-06-13,2019061301004641,GBBL,36,28,566,225.00,"127,350.00"
2019-06-13,2019061301004709,GBIME,1,42,50,300.00,"15,000.00"
2019-06-13,2019061301004694,GBIME,14,32,200,299.00,"59,800.00"
2019-06-13,2019061301004693,GBIME,51,32,100,299.00,"29,900.00"
2019-06-13,2019061301004692,GBIME,41,32,300,299.00,"89,700.00"
2019-06-13,2019061301004691,GBIME,42,32,30,299.00,"8,970.00"
2019-06-13,2019061301004690,GBIME,52,32,100,299.00,"29,900.00"
2019-06-13,2019061301004689,GBIME,53,32,158,299.00,"47,242.00"
2019-06-13,2019061301004585,GBIME,43,42,105,300.00,"31,500.00"
2019-06-13,2019061301004584,GBIME,43,42,20,300.00,"6,000.00"
2019-06-13,2019061301004583,GBIME,43,39,125,300.00,"37,500.00"
2019-06-13,2019061301005024,GBLBS,42,49,17,356.00,"6,052.00"
2019-06-13,2019061301004978,GBLBS,11,13,10,355.00,"3,550.00"
2019-06-13,2019061301004621,GDBL,35,16,64,210.00,"13,440.00"
2019-06-13,2019061301004620,GDBL,40,16,36,210.00,"7,560.00"
2019-06-13,2019061301004839,GDBL,35,14,"1,102",211.00,"232,522.00"
2019-06-13,2019061301004660,GFCL,17,17,100,135.00,"13,500.00"
2019-06-13,2019061301004939,GILB,58,11,18,"1,248.00","22,464.00"
2019-06-13,2019061301004667,GILB,58,49,21,"1,250.00","26,250.00"
2019-06-13,2019061301004666,GILB,58,11,18,"1,248.00","22,464.00"
2019-06-13,2019061301004907,GRDBL,22,51,55,118.00,"6,490.00"
2019-06-13,2019061301004874,GRDBL,39,44,10,119.00,"1,190.00"
2019-06-13,2019061301004860,GUFL,49,40,80,118.00,"9,440.00"
2019-06-13,2019061301004859,GUFL,59,40,20,118.00,"2,360.00"
2019-06-13,2019061301004773,HGI,29,46,180,372.00,"66,960.00"
2019-06-13,2019061301004955,HIDCL,1,55,283,163.00,"46,129.00"
2019-06-13,2019061301004915,HIDCL,1,58,"1,000",163.00,"163,000.00"
2019-06-13,2019061301004886,HIDCL,1,40,43,163.00,"7,009.00"
2019-06-13,2019061301004853,HIDCL,14,21,13,164.00,"2,132.00"
2019-06-13,2019061301004852,HIDCL,14,47,37,164.00,"6,068.00"
2019-06-13,2019061301004789,HIDCL,1,43,61,163.00,"9,943.00"
