Date,Transact. No.,Symbol,Buyer,Seller,Quantity,Rate,Amount
2019-01-30,2019013001004588,ADBL,45,13,280,339.00,"94,920.00"
2019-01-30,2019013001004276,ADBL,45,55,400,339.00,"135,600.00"
2019-01-30,2019013001004359,AKJCL,17,34,10,84.00,840.00
2019-01-30,2019013001004281,AKJCL,17,34,10,84.00,840.00
2019-01-30,2019013001004223,AKJCL,17,34,20,84.00,"1,680.00"
2019-01-30,2019013001004468,AKPL,37,59,74,185.00,"13,690.00"
2019-01-30,2019013001004261,AKPL,37,39,13,184.00,"2,392.00"
2019-01-30,2019013001004589,ALICL,49,50,10,613.00,"6,130.00"
2019-01-30,2019013001004502,ALICL,35,13,20,610.00,"12,200.00"
2019-01-30,2019013001004501,ALICL,57,13,454,610.00,"276,940.00"
2019-01-30,2019013001004375,ALICL,49,13,20,611.00,"12,220.00"
2019-01-30,2019013001004511,API,25,39,50,144.00,"7,200.00"
2019-01-30,2019013001004499,API,5,25,29,142.00,"4,118.00"
2019-01-30,2019013001004196,API,57,25,117,140.00,"16,380.00"
2019-01-30,2019013001004195,API,42,25,100,140.00,"14,000.00"
2019-01-30,2019013001004194,API,41,25,283,140.00,"39,620.00"
2019-01-30,2019013001004280,BARUN,42,42,40,103.00,"4,120.00"
2019-01-30,2019013001004522,BHBL,4,1,24,147.00,"3,528.00"
2019-01-30,2019013001004472,BHBL,1,42,280,146.00,"40,880.00"
2019-01-30,2019013001004554,BOKL,8,1,600,254.00,"152,400.00"
2019-01-30,2019013001004527,BOKL,8,1,620,254.00,"157,480.00"
2019-01-30,2019013001004526,BOKL,8,29,200,253.00,"50,600.00"
2019-01-30,2019013001004525,BOKL,8,25,200,253.00,"50,600.00"
2019-01-30,2019013001004524,BOKL,8,49,75,253.00,"18,975.00"
2019-01-30,2019013001004361,BPCL,49,33,100,362.00,"36,200.00"
2019-01-30,2019013001004175,BPCL,51,49,"3,456",359.00,"1,240,704.00"
2019-01-30,2019013001004586,CBBL,28,58,15,866.00,"12,990.00"
2019-01-30,2019013001004497,CBBL,45,42,10,872.00,"8,720.00"
2019-01-30,2019013001004295,CBBL,28,55,85,866.00,"73,610.00"
2019-01-30,2019013001004294,CBBL,32,55,15,866.00,"12,990.00"
2019-01-30,2019013001004170,CBBL,32,50,85,866.00,"73,610.00"
2019-01-30,2019013001004169,CBBL,3,50,15,867.00,"13,005.00"
2019-01-30,2019013001004582,CBL,42,59,500,158.00,"79,000.00"
2019-01-30,2019013001004498,CBL,43,14,10,159.00,"1,590.00"
2019-01-30,2019013001004341,CBL,42,44,18,158.00,"2,844.00"
2019-01-30,2019013001004129,CCBL,47,16,657,169.00,"111,033.00"
2019-01-30,2019013001004128,CCBL,49,16,200,169.00,"33,800.00"
2019-01-30,2019013001004127,CCBL,22,16,100,169.00,"16,900.00"
2019-01-30,2019013001004126,CCBL,26,16,390,169.00,"65,910.00"
2019-01-30,2019013001004450,CEFL,18,47,10,123.00,"1,230.00"
2019-01-30,2019013001004454,CFCL,58,32,350,110.00,"38,500.00"
2019-01-30,2019013001004476,CHCL,38,22,100,529.00,"52,900.00"
2019-01-30,2019013001004477,CIT,25,58,15,"2,717.00","40,755.00"
2019-01-30,2019013001004457,CIT,45,58,10,"2,717.00","27,170.00"
2019-01-30,2019013001004279,CIT,52,38,14,"2,704.00","37,856.00"
2019-01-30,2019013001004246,CIT,4,1,300,"2,704.00","811,200.00"
2019-01-30,2019013001004245,CIT,16,1,84,"2,705.00","227,220.00"
2019-01-30,2019013001004204,CIT,16,35,18,"2,719.00","48,942.00"
2019-01-30,2019013001004202,CIT,16,39,12,"2,719.00","32,628.00"
2019-01-30,2019013001004201,CIT,16,43,30,"2,718.00","81,540.00"
2019-01-30,2019013001004200,CIT,54,34,60,"2,715.00","162,900.00"
2019-01-30,2019013001004165,CIT,54,18,20,"2,715.00","54,300.00"
2019-01-30,2019013001004365,DBBL,53,10,35,125.00,"4,375.00"
2019-01-30,2019013001004263,DBBL,53,10,35,125.00,"4,375.00"
2019-01-30,2019013001004242,DBBL,53,10,35,125.00,"4,375.00"
2019-01-30,2019013001004118,DBBL,53,10,35,125.00,"4,375.00"
2019-01-30,2019013001004413,EBL,53,6,90,525.00,"47,250.00"
2019-01-30,2019013001004590,EIC,28,32,100,829.00,"82,900.00"
2019-01-30,2019013001004417,EIC,28,55,41,826.00,"33,866.00"
2019-01-30,2019013001004335,EIC,42,5,201,827.00,"166,227.00"
2019-01-30,2019013001004507,FMDBL,57,39,100,384.00,"38,400.00"
2019-01-30,2019013001004506,FMDBL,57,5,200,380.00,"76,000.00"
2019-01-30,2019013001004362,FMDBL,26,49,40,377.00,"15,080.00"
2019-01-30,2019013001004185,FMDBL,39,6,29,379.00,"10,991.00"
2019-01-30,2019013001004133,FMDBL,55,6,20,378.00,"7,560.00"
2019-01-30,2019013001004297,GBIME,7,49,200,268.00,"53,600.00"
2019-01-30,2019013001004438,GBLBS,50,42,30,440.00,"13,200.00"
2019-01-30,2019013001004437,GBLBS,50,42,30,440.00,"13,200.00"
2019-01-30,2019013001004436,GBLBS,13,42,30,440.00,"13,200.00"
2019-01-30,2019013001004271,GBLBS,56,39,10,441.00,"4,410.00"
2019-01-30,2019013001004116,GBLBS,13,56,10,440.00,"4,400.00"
2019-01-30,2019013001004104,GBLBS,13,34,10,440.00,"4,400.00"
2019-01-30,2019013001004485,GFCL,17,50,50,122.00,"6,100.00"
2019-01-30,2019013001004395,GFCL,17,7,44,122.00,"5,368.00"
2019-01-30,2019013001004585,GILB,19,26,15,"1,198.00","17,970.00"
2019-01-30,2019013001004530,GLICL,44,37,750,710.00,"532,500.00"
2019-01-30,2019013001004529,GLICL,57,37,50,710.00,"35,500.00"
2019-01-30,2019013001004528,GLICL,50,37,100,711.00,"71,100.00"
2019-01-30,2019013001004371,GLICL,41,37,100,712.00,"71,200.00"
2019-01-30,2019013001004230,HATH,50,16,650,114.00,"74,100.00"
2019-01-30,2019013001004229,HATH,39,16,500,115.00,"57,500.00"
2019-01-30,2019013001004228,HATH,4,16,870,115.00,"100,050.00"
2019-01-30,2019013001004227,HATH,43,16,50,116.00,"5,800.00"
2019-01-30,2019013001004226,HATH,6,16,90,116.00,"10,440.00"
2019-01-30,2019013001004193,HBL,8,25,60,443.00,"26,580.00"
2019-01-30,2019013001004192,HBL,42,25,40,443.00,"17,720.00"
2019-01-30,2019013001004191,HBL,42,25,60,443.00,"26,580.00"
2019-01-30,2019013001004488,HGI,16,56,25,390.00,"9,750.00"
2019-01-30,2019013001004400,HGI,35,7,116,389.00,"45,124.00"
2019-01-30,2019013001004399,HGI,34,7,500,389.00,"194,500.00"
2019-01-30,2019013001004398,HGI,36,7,"1,000",390.00,"390,000.00"
2019-01-30,2019013001004397,HGI,33,7,84,391.00,"32,844.00"
2019-01-30,2019013001004304,HGI,33,59,16,391.00,"6,256.00"
2019-01-30,2019013001004303,HGI,34,59,184,391.00,"71,944.00"
2019-01-30,2019013001004523,HIDCL,43,44,10,143.00,"1,430.00"
2019-01-30,2019013001004492,HIDCL,26,7,760,141.00,"107,160.00"
2019-01-30,2019013001004491,HIDCL,13,7,100,141.00,"14,100.00"
2019-01-30,2019013001004490,HIDCL,16,7,50,141.00,"7,050.00"
2019-01-30,2019013001004489,HIDCL,29,7,490,141.00,"69,090.00"
2019-01-30,2019013001004480,HIDCL,19,7,100,142.00,"14,200.00"
2019-01-30,2019013001004336,HPPL,22,17,10,181.00,"1,810.00"
2019-01-30,2019013001004254,HPPL,22,45,10,181.00,"1,810.00"
2019-01-30,2019013001004115,HPPL,22,10,200,183.00,"36,600.00"
2019-01-30,2019013001004114,HPPL,22,47,20,182.00,"3,640.00"
2019-01-30,2019013001004367,ICFC,35,49,450,150.00,"67,500.00"
2019-01-30,2019013001004238,ICFC,38,25,584,151.00,"88,184.00"
2019-01-30,2019013001004503,IGI,46,6,50,440.00,"22,000.00"
2019-01-30,2019013001004505,IGI,56,6,100,440.00,"44,000.00"
2019-01-30,2019013001004504,IGI,22,6,50,440.00,"22,000.00"
2019-01-30,2019013001004591,JBNL,4,43,100,167.00,"16,700.00"
2019-01-30,2019013001004510,JBNL,26,43,400,167.00,"66,800.00"
2019-01-30,2019013001004288,JBNL,46,43,91,167.00,"15,197.00"
2019-01-30,2019013001004559,JEFL,32,28,178,128.00,"22,784.00"
2019-01-30,2019013001004258,JEFL,32,49,822,128.00,"105,216.00"
2019-01-30,2019013001004478,JFL,58,38,84,167.00,"14,028.00"
2019-01-30,2019013001004225,KBL,58,22,230,245.00,"56,350.00"
2019-01-30,2019013001004257,KKHC,45,32,100,95.00,"9,500.00"
2019-01-30,2019013001004253,KKHC,45,34,504,94.00,"47,376.00"
2019-01-30,2019013001004252,KKHC,45,53,82,93.00,"7,626.00"
2019-01-30,2019013001004251,KKHC,45,41,120,93.00,"11,160.00"
2019-01-30,2019013001004250,KKHC,45,35,10,92.00,920.00
2019-01-30,2019013001004249,KKHC,45,35,10,92.00,920.00
2019-01-30,2019013001004248,KKHC,45,22,10,92.00,920.00
2019-01-30,2019013001004247,KKHC,45,22,10,92.00,920.00
2019-01-30,2019013001004344,KMCDB,42,59,60,865.00,"51,900.00"
2019-01-30,2019013001004343,KMCDB,42,19,19,864.00,"16,416.00"
2019-01-30,2019013001004342,KMCDB,42,37,90,863.00,"77,670.00"
2019-01-30,2019013001004583,KPCL,54,37,10,95.00,950.00
2019-01-30,2019013001004117,KPCL,43,37,10,95.00,950.00
2019-01-30,2019013001004113,KPCL,43,57,400,95.00,"38,000.00"
2019-01-30,2019013001004112,KPCL,43,34,10,95.00,950.00
2019-01-30,2019013001004239,KPCL,43,34,10,95.00,950.00
2019-01-30,2019013001004296,KPCL,43,37,10,95.00,950.00
2019-01-30,2019013001004290,KPCL,43,34,10,95.00,950.00
2019-01-30,2019013001004355,KPCL,43,37,10,95.00,950.00
2019-01-30,2019013001004391,KPCL,54,37,10,95.00,950.00
2019-01-30,2019013001004368,KPCL,43,34,10,95.00,950.00
2019-01-30,2019013001004429,KPCL,54,37,10,95.00,950.00
2019-01-30,2019013001004416,KPCL,54,37,10,95.00,950.00
2019-01-30,2019013001004516,LBBL,56,49,"1,000",173.00,"173,000.00"
2019-01-30,2019013001004515,LBBL,42,49,50,173.00,"8,650.00"
2019-01-30,2019013001004514,LBBL,33,49,"1,000",173.00,"173,000.00"
2019-01-30,2019013001004513,LBBL,1,49,200,173.00,"34,600.00"
2019-01-30,2019013001004512,LBBL,17,49,100,173.00,"17,300.00"
2019-01-30,2019013001004103,LBL,11,39,93,196.00,"18,228.00"
2019-01-30,2019013001004102,LBL,57,39,100,196.00,"19,600.00"
2019-01-30,2019013001004101,LBL,17,39,500,197.00,"98,500.00"
2019-01-30,2019013001004599,LGIL,45,4,10,535.00,"5,350.00"
2019-01-30,2019013001004224,LGIL,47,4,390,535.00,"208,650.00"
2019-01-30,2019013001004136,LICN,1,20,150,"1,720.00","258,000.00"
2019-01-30,2019013001004421,LLBS,37,19,18,801.00,"14,418.00"
2019-01-30,2019013001004420,LLBS,37,42,70,800.00,"56,000.00"
2019-01-30,2019013001004539,MBL,58,25,100,210.00,"21,000.00"
2019-01-30,2019013001004319,MDB,17,33,94,282.00,"26,508.00"
2019-01-30,2019013001004284,MDB,17,33,100,282.00,"28,200.00"
2019-01-30,2019013001004188,MDB,58,33,100,282.00,"28,200.00"
2019-01-30,2019013001004187,MDB,25,33,200,283.00,"56,600.00"
2019-01-30,2019013001004186,MDB,28,33,86,285.00,"24,510.00"
2019-01-30,2019013001004537,MEGA,21,57,143,166.00,"23,738.00"
2019-01-30,2019013001004381,MEGA,58,47,20,167.00,"3,340.00"
2019-01-30,2019013001004203,MEGA,21,50,357,166.00,"59,262.00"
2019-01-30,2019013001004409,MERO,42,26,20,"1,153.00","23,060.00"
2019-01-30,2019013001004309,MERO,34,26,20,"1,153.00","23,060.00"
2019-01-30,2019013001004308,MERO,45,58,80,"1,150.00","92,000.00"
2019-01-30,2019013001004307,MERO,42,58,20,"1,150.00","23,000.00"
2019-01-30,2019013001004298,MERO,33,13,20,"1,151.00","23,020.00"
2019-01-30,2019013001004306,MERO,45,58,100,"1,150.00","115,000.00"
2019-01-30,2019013001004305,MERO,29,58,185,"1,150.00","212,750.00"
2019-01-30,2019013001004302,MERO,29,13,115,"1,150.00","132,250.00"
2019-01-30,2019013001004301,MERO,43,13,30,"1,150.00","34,500.00"
2019-01-30,2019013001004300,MERO,57,13,25,"1,151.00","28,775.00"
2019-01-30,2019013001004299,MERO,39,13,25,"1,151.00","28,775.00"
2019-01-30,2019013001004412,MLBL,4,13,140,172.00,"24,080.00"
2019-01-30,2019013001004184,MNBBL,40,7,22,348.00,"7,656.00"
2019-01-30,2019013001004183,MNBBL,44,7,50,349.00,"17,450.00"
2019-01-30,2019013001004598,MSLB,5,22,20,"1,519.00","30,380.00"
2019-01-30,2019013001004597,MSLB,5,53,20,"1,518.00","30,360.00"
2019-01-30,2019013001004596,MSLB,5,48,10,"1,515.00","15,150.00"
2019-01-30,2019013001004595,MSLB,5,34,20,"1,515.00","30,300.00"
2019-01-30,2019013001004594,MSLB,5,11,10,"1,514.00","15,140.00"
2019-01-30,2019013001004575,MSLB,5,32,15,"1,509.00","22,635.00"
2019-01-30,2019013001004345,MSLB,50,33,30,"1,500.00","45,000.00"
2019-01-30,2019013001004286,MSLB,50,47,10,"1,500.00","15,000.00"
2019-01-30,2019013001004278,MSLB,50,47,10,"1,500.00","15,000.00"
2019-01-30,2019013001004272,MSLB,50,47,20,"1,500.00","30,000.00"
2019-01-30,2019013001004199,MSLB,50,47,50,"1,500.00","75,000.00"
2019-01-30,2019013001004346,MSLB,41,33,70,"1,480.00","103,600.00"
2019-01-30,2019013001004447,MSMBS,56,19,50,553.00,"27,650.00"
2019-01-30,2019013001004443,NABIL,48,43,100,837.00,"83,700.00"
2019-01-30,2019013001004433,NABIL,45,43,20,837.00,"16,740.00"
2019-01-30,2019013001004393,NABIL,32,43,100,837.00,"83,700.00"
2019-01-30,2019013001004325,NABIL,28,38,45,836.00,"37,620.00"
2019-01-30,2019013001004324,NABIL,59,38,100,836.00,"83,600.00"
2019-01-30,2019013001004323,NABIL,51,38,63,836.00,"52,668.00"
2019-01-30,2019013001004283,NABIL,16,16,9,830.00,"7,470.00"
2019-01-30,2019013001004244,NABIL,38,43,10,837.00,"8,370.00"
2019-01-30,2019013001004243,NABIL,38,32,30,837.00,"25,110.00"
2019-01-30,2019013001004173,NABIL,8,32,10,837.00,"8,370.00"
2019-01-30,2019013001004172,NABIL,8,32,10,837.00,"8,370.00"
2019-01-30,2019013001004171,NABIL,44,32,50,837.00,"41,850.00"
2019-01-30,2019013001004379,NADEP,55,34,10,783.00,"7,830.00"
2019-01-30,2019013001004123,NADEP,55,34,10,783.00,"7,830.00"
2019-01-30,2019013001004496,NBB,34,29,129,185.00,"23,865.00"
2019-01-30,2019013001004415,NBB,54,29,71,185.00,"13,135.00"
2019-01-30,2019013001004414,NBB,54,59,929,185.00,"171,865.00"
2019-01-30,2019013001004181,NBB,21,59,71,185.00,"13,135.00"
2019-01-30,2019013001004180,NBB,21,19,429,185.00,"79,365.00"
2019-01-30,2019013001004174,NBB,28,19,11,185.00,"2,035.00"
2019-01-30,2019013001004164,NBB,16,28,11,184.00,"2,024.00"
2019-01-30,2019013001004428,NBBL,1,34,50,715.00,"35,750.00"
2019-01-30,2019013001004427,NBBL,57,34,500,716.00,"358,000.00"
2019-01-30,2019013001004426,NBBL,34,34,200,717.00,"143,400.00"
2019-01-30,2019013001004425,NBBL,38,34,50,720.00,"36,000.00"
2019-01-30,2019013001004424,NBBL,47,34,50,720.00,"36,000.00"
2019-01-30,2019013001004402,NBBL,42,45,10,724.00,"7,240.00"
2019-01-30,2019013001004458,NBL,34,42,200,290.00,"58,000.00"
2019-01-30,2019013001004449,NBL,34,38,50,290.00,"14,500.00"
2019-01-30,2019013001004383,NBL,34,5,100,290.00,"29,000.00"
2019-01-30,2019013001004364,NBL,34,38,800,290.00,"232,000.00"
2019-01-30,2019013001004357,NBL,34,52,500,290.00,"145,000.00"
2019-01-30,2019013001004141,NBL,34,42,200,290.00,"58,000.00"
2019-01-30,2019013001004573,NCCB,21,34,15,214.00,"3,210.00"
2019-01-30,2019013001004333,NCCB,56,1,400,213.00,"85,200.00"
2019-01-30,2019013001004264,NGPL,13,1,29,129.00,"3,741.00"
2019-01-30,2019013001004214,NGPL,13,8,11,129.00,"1,419.00"
2019-01-30,2019013001004442,NIB,56,32,30,531.00,"15,930.00"
2019-01-30,2019013001004431,NIB,44,32,50,532.00,"26,600.00"
2019-01-30,2019013001004430,NIB,16,32,20,532.00,"10,640.00"
2019-01-30,2019013001004132,NIB,18,58,306,533.00,"163,098.00"
2019-01-30,2019013001004131,NIB,18,56,23,532.00,"12,236.00"
2019-01-30,2019013001004130,NIB,18,58,171,532.00,"90,972.00"
2019-01-30,2019013001004581,NICA,55,25,53,392.00,"20,776.00"
2019-01-30,2019013001004580,NICA,17,25,47,392.00,"18,424.00"
2019-01-30,2019013001004576,NICA,17,38,20,392.00,"7,840.00"
2019-01-30,2019013001004461,NICA,17,55,170,392.00,"66,640.00"
2019-01-30,2019013001004460,NICA,17,48,175,392.00,"68,600.00"
2019-01-30,2019013001004564,NICL,43,14,10,570.00,"5,700.00"
2019-01-30,2019013001004521,NICL,44,19,176,565.00,"99,440.00"
2019-01-30,2019013001004455,NICL,39,19,14,569.00,"7,966.00"
2019-01-30,2019013001004446,NICL,39,19,14,569.00,"7,966.00"
2019-01-30,2019013001004552,NIL,5,13,23,531.00,"12,213.00"
2019-01-30,2019013001004551,NIL,16,13,20,531.00,"10,620.00"
2019-01-30,2019013001004550,NIL,52,13,100,531.00,"53,100.00"
2019-01-30,2019013001004549,NIL,51,13,100,531.00,"53,100.00"
2019-01-30,2019013001004548,NIL,35,13,100,531.00,"53,100.00"
2019-01-30,2019013001004547,NIL,35,13,200,531.00,"106,200.00"
2019-01-30,2019013001004378,NIL,42,37,27,533.00,"14,391.00"
2019-01-30,2019013001004377,NIL,34,37,200,533.00,"106,600.00"
2019-01-30,2019013001004376,NIL,34,37,11,533.00,"5,863.00"
2019-01-30,2019013001004363,NIL,58,13,43,535.00,"23,005.00"
2019-01-30,2019013001004140,NIL,47,13,150,535.00,"80,250.00"
2019-01-30,2019013001004546,NIL,43,13,70,532.00,"37,240.00"
2019-01-30,2019013001004545,NIL,55,13,300,532.00,"159,600.00"
2019-01-30,2019013001004544,NIL,43,13,93,532.00,"49,476.00"
2019-01-30,2019013001004408,NIL,43,58,407,532.00,"216,524.00"
2019-01-30,2019013001004407,NIL,50,58,20,533.00,"10,660.00"
2019-01-30,2019013001004406,NIL,42,58,73,533.00,"38,909.00"
2019-01-30,2019013001004462,NLBBL,58,19,50,466.00,"23,300.00"
2019-01-30,2019013001004577,NLIC,42,7,16,"1,092.00","17,472.00"
2019-01-30,2019013001004423,NLIC,42,34,100,"1,092.00","109,200.00"
2019-01-30,2019013001004422,NLIC,42,26,17,"1,092.00","18,564.00"
2019-01-30,2019013001004389,NLIC,33,56,230,"1,093.00","251,390.00"
2019-01-30,2019013001004388,NLIC,33,28,100,"1,093.00","109,300.00"
2019-01-30,2019013001004277,NLIC,42,39,17,"1,092.00","18,564.00"
2019-01-30,2019013001004541,NLICL,33,57,10,680.00,"6,800.00"
2019-01-30,2019013001004210,NLICL,25,28,371,671.00,"248,941.00"
2019-01-30,2019013001004209,NLICL,14,28,15,672.00,"10,080.00"
2019-01-30,2019013001004208,NLICL,14,28,50,672.00,"33,600.00"
2019-01-30,2019013001004207,NLICL,19,28,20,672.00,"13,440.00"
2019-01-30,2019013001004206,NLICL,35,28,20,672.00,"13,440.00"
2019-01-30,2019013001004205,NLICL,11,28,25,674.00,"16,850.00"
2019-01-30,2019013001004531,NMB,33,49,100,317.00,"31,700.00"
2019-01-30,2019013001004385,NMB,49,52,400,316.00,"126,400.00"
2019-01-30,2019013001004331,NMB,49,21,668,316.00,"211,088.00"
2019-01-30,2019013001004330,NMB,54,21,57,316.00,"18,012.00"
2019-01-30,2019013001004326,NMB,54,7,45,316.00,"14,220.00"
2019-01-30,2019013001004481,NMFBS,33,45,10,"1,729.00","17,290.00"
2019-01-30,2019013001004600,NSEWA,17,48,10,626.00,"6,260.00"
2019-01-30,2019013001004572,NSEWA,14,58,10,625.00,"6,250.00"
2019-01-30,2019013001004571,NSEWA,14,35,10,624.00,"6,240.00"
2019-01-30,2019013001004570,NSEWA,14,33,30,623.00,"18,690.00"
2019-01-30,2019013001004569,NSEWA,14,22,10,620.00,"6,200.00"
2019-01-30,2019013001004568,NSEWA,14,3,10,620.00,"6,200.00"
2019-01-30,2019013001004567,NSEWA,14,57,10,619.00,"6,190.00"
2019-01-30,2019013001004566,NSEWA,14,57,10,619.00,"6,190.00"
2019-01-30,2019013001004565,NSEWA,14,57,10,619.00,"6,190.00"
2019-01-30,2019013001004256,NSEWA,14,34,10,618.00,"6,180.00"
2019-01-30,2019013001004517,NTC,43,28,10,730.00,"7,300.00"
2019-01-30,2019013001004125,NTC,53,47,100,726.00,"72,600.00"
2019-01-30,2019013001004394,PCBL,47,46,200,321.00,"64,200.00"
2019-01-30,2019013001004215,PCBL,53,46,32,320.00,"10,240.00"
2019-01-30,2019013001004156,PCBL,28,46,500,320.00,"160,000.00"
2019-01-30,2019013001004155,PCBL,51,46,100,320.00,"32,000.00"
2019-01-30,2019013001004154,PCBL,59,46,30,320.00,"9,600.00"
2019-01-30,2019013001004153,PCBL,43,46,100,320.00,"32,000.00"
2019-01-30,2019013001004146,PCBL,38,46,500,321.00,"160,500.00"
2019-01-30,2019013001004145,PCBL,53,46,900,321.00,"288,900.00"
2019-01-30,2019013001004152,PCBL,47,46,200,320.00,"64,000.00"
2019-01-30,2019013001004151,PCBL,41,46,300,320.00,"96,000.00"
2019-01-30,2019013001004150,PCBL,34,46,300,320.00,"96,000.00"
2019-01-30,2019013001004149,PCBL,47,46,988,320.00,"316,160.00"
2019-01-30,2019013001004148,PCBL,6,46,50,321.00,"16,050.00"
2019-01-30,2019013001004147,PCBL,43,46,"2,000",321.00,"642,000.00"
2019-01-30,2019013001004289,PIC,34,39,11,"1,036.00","11,396.00"
2019-01-30,2019013001004135,PIC,33,34,11,"1,035.00","11,385.00"
2019-01-30,2019013001004111,PIC,33,44,144,"1,035.00","149,040.00"
2019-01-30,2019013001004110,PIC,22,44,50,"1,036.00","51,800.00"
2019-01-30,2019013001004109,PIC,35,44,20,"1,036.00","20,720.00"
2019-01-30,2019013001004108,PIC,39,44,56,"1,036.00","58,016.00"
2019-01-30,2019013001004107,PIC,10,44,100,"1,037.00","103,700.00"
2019-01-30,2019013001004106,PIC,6,44,30,"1,037.00","31,110.00"
2019-01-30,2019013001004318,PICL,25,36,130,710.00,"92,300.00"
2019-01-30,2019013001004275,PICL,34,5,85,706.00,"60,010.00"
2019-01-30,2019013001004274,PICL,34,5,100,707.00,"70,700.00"
2019-01-30,2019013001004273,PICL,26,5,30,707.00,"21,210.00"
2019-01-30,2019013001004358,PLIC,28,52,20,492.00,"9,840.00"
2019-01-30,2019013001004592,PMHPL,10,37,190,109.00,"20,710.00"
2019-01-30,2019013001004366,PMHPL,10,37,10,107.00,"1,070.00"
2019-01-30,2019013001004360,PMHPL,10,6,10,108.00,"1,080.00"
2019-01-30,2019013001004329,PMHPL,10,34,10,107.00,"1,070.00"
2019-01-30,2019013001004311,PMHPL,10,37,10,107.00,"1,070.00"
2019-01-30,2019013001004270,PMHPL,10,39,10,108.00,"1,080.00"
2019-01-30,2019013001004134,PMHPL,10,37,10,107.00,"1,070.00"
2019-01-30,2019013001004269,PMHPL,10,39,10,108.00,"1,080.00"
2019-01-30,2019013001004268,PMHPL,10,57,160,108.00,"17,280.00"
2019-01-30,2019013001004260,PMHPL,10,34,10,107.00,"1,070.00"
2019-01-30,2019013001004197,PMHPL,10,37,10,107.00,"1,070.00"
2019-01-30,2019013001004176,PMHPL,10,37,10,107.00,"1,070.00"
2019-01-30,2019013001004139,PMHPL,10,37,10,107.00,"1,070.00"
2019-01-30,2019013001004520,PRIN,28,19,10,448.00,"4,480.00"
2019-01-30,2019013001004519,PRIN,28,33,28,444.00,"12,432.00"
2019-01-30,2019013001004494,PRIN,51,33,50,444.00,"22,200.00"
2019-01-30,2019013001004493,PRIN,58,33,422,444.00,"187,368.00"
2019-01-30,2019013001004509,PRVU,25,33,200,240.00,"48,000.00"
2019-01-30,2019013001004508,PRVU,28,33,600,240.00,"144,000.00"
2019-01-30,2019013001004382,RADHI,49,34,11,163.00,"1,793.00"
2019-01-30,2019013001004538,RBCL,34,34,10,"9,312.00","93,120.00"
2019-01-30,2019013001004179,RHPC,35,5,494,94.00,"46,436.00"
2019-01-30,2019013001004178,RHPC,21,5,200,94.00,"18,800.00"
2019-01-30,2019013001004177,RHPC,47,5,100,94.00,"9,400.00"
2019-01-30,2019013001004167,RHPC,41,5,50,95.00,"4,750.00"
2019-01-30,2019013001004166,RHPC,14,5,950,95.00,"90,250.00"
2019-01-30,2019013001004159,RHPC,42,5,100,96.00,"9,600.00"
2019-01-30,2019013001004158,RHPC,28,5,68,96.00,"6,528.00"
2019-01-30,2019013001004157,RHPC,33,5,38,97.00,"3,686.00"
2019-01-30,2019013001004448,RLFL,33,51,40,118.00,"4,720.00"
2019-01-30,2019013001004536,RMDC,35,56,92,544.00,"50,048.00"
2019-01-30,2019013001004495,RMDC,5,56,13,548.00,"7,124.00"
2019-01-30,2019013001004380,RRHP,45,37,10,99.00,990.00
2019-01-30,2019013001004332,RRHP,45,37,10,99.00,990.00
2019-01-30,2019013001004282,RRHP,45,45,10,99.00,990.00
2019-01-30,2019013001004138,RRHP,45,34,10,99.00,990.00
2019-01-30,2019013001004553,RSDC,39,29,50,388.00,"19,400.00"
2019-01-30,2019013001004467,SANIMA,42,55,500,301.00,"150,500.00"
2019-01-30,2019013001004466,SANIMA,47,55,100,301.00,"30,100.00"
2019-01-30,2019013001004465,SANIMA,57,55,"1,000",301.00,"301,000.00"
2019-01-30,2019013001004464,SANIMA,14,55,55,301.00,"16,555.00"
2019-01-30,2019013001004463,SANIMA,44,55,226,301.00,"68,026.00"
2019-01-30,2019013001004435,SANIMA,44,56,10,301.00,"3,010.00"
2019-01-30,2019013001004418,SANIMA,19,56,65,302.00,"19,630.00"
2019-01-30,2019013001004558,SBI,52,40,260,380.00,"98,800.00"
2019-01-30,2019013001004557,SBI,17,40,100,380.00,"38,000.00"
2019-01-30,2019013001004556,SBI,13,40,50,380.00,"19,000.00"
2019-01-30,2019013001004555,SBI,55,40,340,380.00,"129,200.00"
2019-01-30,2019013001004386,SBI,6,28,100,382.00,"38,200.00"
2019-01-30,2019013001004241,SBI,5,5,448,381.00,"170,688.00"
2019-01-30,2019013001004122,SBI,55,39,96,380.00,"36,480.00"
2019-01-30,2019013001004419,SBL,44,28,500,288.00,"144,000.00"
2019-01-30,2019013001004369,SBL,44,5,100,288.00,"28,800.00"
2019-01-30,2019013001004349,SBL,44,52,379,288.00,"109,152.00"
2019-01-30,2019013001004348,SBL,34,52,19,289.00,"5,491.00"
2019-01-30,2019013001004347,SBL,13,52,102,289.00,"29,478.00"
2019-01-30,2019013001004182,SBL,13,13,250,289.00,"72,250.00"
2019-01-30,2019013001004563,SCB,17,34,20,562.00,"11,240.00"
2019-01-30,2019013001004444,SCB,17,7,10,562.00,"5,620.00"
2019-01-30,2019013001004317,SCB,17,5,56,562.00,"31,472.00"
2019-01-30,2019013001004316,SCB,7,5,10,562.00,"5,620.00"
2019-01-30,2019013001004315,SCB,1,5,10,563.00,"5,630.00"
2019-01-30,2019013001004121,SCB,17,35,33,564.00,"18,612.00"
2019-01-30,2019013001004314,SCB,17,5,100,563.00,"56,300.00"
2019-01-30,2019013001004313,SCB,42,5,30,563.00,"16,890.00"
2019-01-30,2019013001004312,SCB,47,5,15,564.00,"8,460.00"
2019-01-30,2019013001004287,SCB,47,5,185,564.00,"104,340.00"
2019-01-30,2019013001004190,SDESI,53,28,10,625.00,"6,250.00"
2019-01-30,2019013001004163,SDESI,43,28,100,626.00,"62,600.00"
2019-01-30,2019013001004162,SDESI,33,28,25,626.00,"15,650.00"
2019-01-30,2019013001004469,SICL,41,19,100,919.00,"91,900.00"
2019-01-30,2019013001004374,SIL,6,34,381,640.00,"243,840.00"
2019-01-30,2019013001004373,SIL,34,34,19,640.00,"12,160.00"
2019-01-30,2019013001004372,SIL,38,34,100,641.00,"64,100.00"
2019-01-30,2019013001004451,SKBBL,42,59,50,869.00,"43,450.00"
2019-01-30,2019013001004356,SKBBL,32,26,40,864.00,"34,560.00"
2019-01-30,2019013001004453,SLBBL,43,7,12,530.00,"6,360.00"
2019-01-30,2019013001004452,SLBBL,45,7,40,530.00,"21,200.00"
2019-01-30,2019013001004479,SLBBL,43,42,38,530.00,"20,140.00"
2019-01-30,2019013001004293,SLBSL,32,42,10,606.00,"6,060.00"
2019-01-30,2019013001004161,SLICL,32,37,496,545.00,"270,320.00"
2019-01-30,2019013001004160,SLICL,59,37,20,545.00,"10,900.00"
2019-01-30,2019013001004471,SMATA,34,34,51,"1,270.00","64,770.00"
2019-01-30,2019013001004470,SMATA,34,42,63,"1,269.00","79,947.00"
2019-01-30,2019013001004144,SMATA,45,26,12,"1,265.00","15,180.00"
2019-01-30,2019013001004384,SMB,49,57,20,712.00,"14,240.00"
2019-01-30,2019013001004370,SMB,42,38,30,709.00,"21,270.00"
2019-01-30,2019013001004354,SMB,42,38,40,709.00,"28,360.00"
2019-01-30,2019013001004198,SMB,42,34,10,709.00,"7,090.00"
2019-01-30,2019013001004262,SMFDB,56,26,100,700.00,"70,000.00"
2019-01-30,2019013001004292,SMFDB,50,26,75,699.00,"52,425.00"
2019-01-30,2019013001004267,SMFDB,34,26,25,700.00,"17,500.00"
2019-01-30,2019013001004291,SPDL,45,45,15,93.00,"1,395.00"
2019-01-30,2019013001004584,SRBL,59,32,100,212.00,"21,200.00"
2019-01-30,2019013001004484,SRBL,59,28,800,212.00,"169,600.00"
2019-01-30,2019013001004483,SRBL,40,28,100,212.00,"21,200.00"
2019-01-30,2019013001004482,SRBL,49,28,100,212.00,"21,200.00"
2019-01-30,2019013001004432,SRBL,58,32,100,213.00,"21,300.00"
2019-01-30,2019013001004543,TRH,56,42,180,247.00,"44,460.00"
2019-01-30,2019013001004542,TRH,14,42,120,248.00,"29,760.00"
2019-01-30,2019013001004441,UIC,25,28,27,800.00,"21,600.00"
2019-01-30,2019013001004440,UIC,25,6,100,795.00,"79,500.00"
2019-01-30,2019013001004439,UIC,25,7,73,788.00,"57,524.00"
2019-01-30,2019013001004220,UIC,25,7,17,788.00,"13,396.00"
2019-01-30,2019013001004219,UIC,25,16,10,788.00,"7,880.00"
2019-01-30,2019013001004218,UIC,25,5,123,787.00,"96,801.00"
2019-01-30,2019013001004217,UIC,25,16,150,786.00,"117,900.00"
2019-01-30,2019013001004237,UMHL,14,43,26,116.00,"3,016.00"
2019-01-30,2019013001004236,UMHL,13,43,100,116.00,"11,600.00"
2019-01-30,2019013001004235,UMHL,41,43,100,116.00,"11,600.00"
2019-01-30,2019013001004234,UMHL,1,43,110,116.00,"12,760.00"
2019-01-30,2019013001004233,UMHL,14,43,50,117.00,"5,850.00"
2019-01-30,2019013001004232,UMHL,59,43,42,117.00,"4,914.00"
2019-01-30,2019013001004405,UNL,35,25,30,"19,272.00","578,160.00"
2019-01-30,2019013001004404,UNL,25,25,10,"19,272.00","192,720.00"
2019-01-30,2019013001004403,UNL,16,25,10,"19,273.00","192,730.00"
2019-01-30,2019013001004593,UPPER,36,35,50,256.00,"12,800.00"
2019-01-30,2019013001004587,UPPER,36,39,40,256.00,"10,240.00"
2019-01-30,2019013001004578,UPPER,36,16,50,256.00,"12,800.00"
2019-01-30,2019013001004574,UPPER,36,35,40,256.00,"10,240.00"
2019-01-30,2019013001004540,UPPER,36,56,50,256.00,"12,800.00"
2019-01-30,2019013001004120,UPPER,57,38,60,258.00,"15,480.00"
2019-01-30,2019013001004119,UPPER,57,21,40,258.00,"10,320.00"
2019-01-30,2019013001004105,UPPER,44,39,40,257.00,"10,280.00"
2019-01-30,2019013001004189,UPPER,44,39,40,257.00,"10,280.00"
2019-01-30,2019013001004168,UPPER,44,39,40,257.00,"10,280.00"
2019-01-30,2019013001004143,UPPER,44,39,40,257.00,"10,280.00"
2019-01-30,2019013001004142,UPPER,44,34,50,257.00,"12,850.00"
2019-01-30,2019013001004137,UPPER,44,39,40,257.00,"10,280.00"
2019-01-30,2019013001004124,UPPER,44,39,40,257.00,"10,280.00"
2019-01-30,2019013001004222,UPPER,38,35,40,257.00,"10,280.00"
2019-01-30,2019013001004221,UPPER,38,35,40,257.00,"10,280.00"
2019-01-30,2019013001004216,UPPER,8,39,38,257.00,"9,766.00"
2019-01-30,2019013001004213,UPPER,8,35,22,257.00,"5,654.00"
2019-01-30,2019013001004212,UPPER,44,35,28,257.00,"7,196.00"
2019-01-30,2019013001004211,UPPER,44,34,50,257.00,"12,850.00"
2019-01-30,2019013001004265,UPPER,38,34,50,257.00,"12,850.00"
2019-01-30,2019013001004259,UPPER,38,51,50,257.00,"12,850.00"
2019-01-30,2019013001004255,UPPER,38,22,800,257.00,"205,600.00"
2019-01-30,2019013001004240,UPPER,38,25,500,257.00,"128,500.00"
2019-01-30,2019013001004231,UPPER,38,39,40,257.00,"10,280.00"
2019-01-30,2019013001004320,UPPER,38,19,40,257.00,"10,280.00"
2019-01-30,2019013001004310,UPPER,38,35,40,257.00,"10,280.00"
2019-01-30,2019013001004285,UPPER,38,19,40,257.00,"10,280.00"
2019-01-30,2019013001004266,UPPER,38,21,40,257.00,"10,280.00"
2019-01-30,2019013001004339,UPPER,43,57,10,257.00,"2,570.00"
2019-01-30,2019013001004338,UPPER,58,57,40,257.00,"10,280.00"
2019-01-30,2019013001004337,UPPER,58,34,50,257.00,"12,850.00"
2019-01-30,2019013001004334,UPPER,58,19,40,257.00,"10,280.00"
2019-01-30,2019013001004328,UPPER,58,45,20,257.00,"5,140.00"
2019-01-30,2019013001004327,UPPER,38,45,20,257.00,"5,140.00"
2019-01-30,2019013001004353,UPPER,56,44,51,257.00,"13,107.00"
2019-01-30,2019013001004352,UPPER,43,44,150,257.00,"38,550.00"
2019-01-30,2019013001004351,UPPER,49,40,40,258.00,"10,320.00"
2019-01-30,2019013001004350,UPPER,49,38,60,258.00,"15,480.00"
2019-01-30,2019013001004340,UPPER,43,39,40,257.00,"10,280.00"
2019-01-30,2019013001004396,UPPER,42,35,40,256.00,"10,240.00"
2019-01-30,2019013001004392,UPPER,42,57,40,256.00,"10,240.00"
2019-01-30,2019013001004390,UPPER,42,34,50,256.00,"12,800.00"
2019-01-30,2019013001004387,UPPER,42,35,40,256.00,"10,240.00"
2019-01-30,2019013001004434,UPPER,42,38,50,256.00,"12,800.00"
2019-01-30,2019013001004411,UPPER,42,35,40,256.00,"10,240.00"
2019-01-30,2019013001004410,UPPER,42,44,40,256.00,"10,240.00"
2019-01-30,2019013001004401,UPPER,42,57,40,256.00,"10,240.00"
2019-01-30,2019013001004473,UPPER,42,26,40,256.00,"10,240.00"
2019-01-30,2019013001004459,UPPER,42,26,50,256.00,"12,800.00"
2019-01-30,2019013001004456,UPPER,42,44,260,256.00,"66,560.00"
2019-01-30,2019013001004445,UPPER,42,44,99,256.00,"25,344.00"
2019-01-30,2019013001004487,UPPER,1,44,18,257.00,"4,626.00"
2019-01-30,2019013001004486,UPPER,1,35,40,257.00,"10,280.00"
2019-01-30,2019013001004475,UPPER,42,44,200,256.00,"51,200.00"
2019-01-30,2019013001004474,UPPER,42,25,500,256.00,"128,000.00"
2019-01-30,2019013001004535,UPPER,36,35,40,256.00,"10,240.00"
2019-01-30,2019013001004534,UPPER,36,17,59,256.00,"15,104.00"
2019-01-30,2019013001004533,UPPER,42,17,60,256.00,"15,360.00"
2019-01-30,2019013001004532,UPPER,42,17,31,256.00,"7,936.00"
2019-01-30,2019013001004579,WOMI,33,48,10,"1,140.00","11,400.00"
2019-01-30,2019013001004087,ADBL,46,55,100,339.00,"33,900.00"
2019-01-30,2019013001004086,ADBL,35,16,30,339.00,"10,170.00"
2019-01-30,2019013001004085,ADBL,45,16,250,339.00,"84,750.00"
2019-01-30,2019013001004084,ADBL,32,16,112,339.00,"37,968.00"
2019-01-30,2019013001003774,ADBL,32,4,88,339.00,"29,832.00"
2019-01-30,2019013001003773,ADBL,50,4,97,339.00,"32,883.00"
2019-01-30,2019013001003709,ADBL,50,49,20,339.00,"6,780.00"
2019-01-30,2019013001003708,ADBL,58,49,180,339.00,"61,020.00"
2019-01-30,2019013001003663,ADBL,42,13,20,340.00,"6,800.00"
2019-01-30,2019013001003693,AHPC,33,4,79,102.00,"8,058.00"
2019-01-30,2019013001003692,AHPC,19,4,100,102.00,"10,200.00"
2019-01-30,2019013001003691,AHPC,45,4,100,102.00,"10,200.00"
2019-01-30,2019013001003690,AHPC,26,4,400,102.00,"40,800.00"
2019-01-30,2019013001003689,AHPC,25,4,42,102.00,"4,284.00"
2019-01-30,2019013001004093,AKJCL,17,34,20,84.00,"1,680.00"
2019-01-30,2019013001004028,AKJCL,13,34,20,85.00,"1,700.00"
2019-01-30,2019013001003983,AKJCL,13,34,10,85.00,850.00
2019-01-30,2019013001003867,AKJCL,13,34,10,85.00,850.00
2019-01-30,2019013001003830,AKJCL,13,34,20,85.00,"1,700.00"
2019-01-30,2019013001003790,AKJCL,22,34,20,86.00,"1,720.00"
2019-01-30,2019013001003940,AKPL,37,39,13,184.00,"2,392.00"
2019-01-30,2019013001003621,AKPL,58,35,13,182.00,"2,366.00"
2019-01-30,2019013001004054,ALICL,57,13,499,611.00,"304,889.00"
2019-01-30,2019013001003668,ALICL,57,1,501,611.00,"306,111.00"
2019-01-30,2019013001003950,AMFI,43,39,10,721.00,"7,210.00"
2019-01-30,2019013001003683,AMFI,43,29,10,721.00,"7,210.00"
2019-01-30,2019013001003992,API,41,25,17,140.00,"2,380.00"
2019-01-30,2019013001003991,API,25,25,483,140.00,"67,620.00"
2019-01-30,2019013001003980,API,56,56,17,142.00,"2,414.00"
2019-01-30,2019013001003726,API,25,4,17,140.00,"2,380.00"
2019-01-30,2019013001003725,API,42,4,100,140.00,"14,000.00"
2019-01-30,2019013001003724,API,49,4,33,140.00,"4,620.00"
2019-01-30,2019013001003711,API,49,49,100,140.00,"14,000.00"
2019-01-30,2019013001003694,API,25,4,29,142.00,"4,118.00"
2019-01-30,2019013001003831,BARUN,45,4,10,101.00,"1,010.00"
2019-01-30,2019013001003720,BOKL,8,49,200,252.00,"50,400.00"
2019-01-30,2019013001003682,BOKL,1,49,925,253.00,"234,025.00"
2019-01-30,2019013001003681,BOKL,1,11,25,253.00,"6,325.00"
2019-01-30,2019013001003680,BOKL,1,17,250,253.00,"63,250.00"
2019-01-30,2019013001003772,BPCL,47,41,20,360.00,"7,200.00"
2019-01-30,2019013001003661,BPCL,49,49,"1,500",360.00,"540,000.00"
2019-01-30,2019013001003644,BPCL,47,49,123,360.00,"44,280.00"
2019-01-30,2019013001003643,BPCL,8,49,800,361.00,"288,800.00"
2019-01-30,2019013001003642,BPCL,1,49,127,361.00,"45,847.00"
2019-01-30,2019013001003641,BPCL,41,49,450,362.00,"162,900.00"
2019-01-30,2019013001004098,CBL,42,16,455,158.00,"71,890.00"
2019-01-30,2019013001003896,CBL,42,29,300,158.00,"47,400.00"
2019-01-30,2019013001003775,CBL,42,35,150,158.00,"23,700.00"
2019-01-30,2019013001003723,CCBL,26,49,200,169.00,"33,800.00"
2019-01-30,2019013001003697,CCBL,26,38,23,169.00,"3,887.00"
2019-01-30,2019013001004092,CIT,35,36,189,"2,715.00","513,135.00"
2019-01-30,2019013001003994,CIT,39,36,109,"2,710.00","295,390.00"
2019-01-30,2019013001003985,CIT,42,1,152,"2,719.00","413,288.00"
2019-01-30,2019013001003968,CIT,42,10,30,"2,719.00","81,570.00"
2019-01-30,2019013001003967,CIT,42,19,100,"2,719.00","271,900.00"
2019-01-30,2019013001003966,CIT,42,57,100,"2,718.00","271,800.00"
2019-01-30,2019013001003965,CIT,42,6,48,"2,718.00","130,464.00"
2019-01-30,2019013001003964,CIT,42,33,20,"2,715.00","54,300.00"
2019-01-30,2019013001003963,CIT,42,7,50,"2,714.00","135,700.00"
2019-01-30,2019013001003756,CIT,18,18,10,"2,718.00","27,180.00"
2019-01-30,2019013001003605,CIT,11,1,100,"2,710.00","271,000.00"
2019-01-30,2019013001004032,CLBSL,39,38,60,700.00,"42,000.00"
2019-01-30,2019013001003715,CLBSL,54,38,40,700.00,"28,000.00"
2019-01-30,2019013001004082,CMF1,22,49,"5,000",9.08,"45,400.00"
2019-01-30,2019013001004064,CMF1,47,49,500,9.00,"4,500.00"
2019-01-30,2019013001003935,CZBIL,47,4,704,210.00,"147,840.00"
2019-01-30,2019013001003745,CZBIL,49,7,10,209.00,"2,090.00"
2019-01-30,2019013001003734,CZBIL,49,7,10,209.00,"2,090.00"
2019-01-30,2019013001003729,CZBIL,49,49,100,209.00,"20,900.00"
2019-01-30,2019013001003728,CZBIL,58,49,100,209.00,"20,900.00"
2019-01-30,2019013001003727,CZBIL,35,49,50,209.00,"10,450.00"
2019-01-30,2019013001003633,CZBIL,47,4,200,210.00,"42,000.00"
2019-01-30,2019013001003632,CZBIL,40,4,40,210.00,"8,400.00"
2019-01-30,2019013001003631,CZBIL,47,4,"1,000",210.00,"210,000.00"
2019-01-30,2019013001003630,CZBIL,11,4,250,210.00,"52,500.00"
2019-01-30,2019013001004089,DBBL,53,10,35,125.00,"4,375.00"
2019-01-30,2019013001004048,DBBL,53,10,35,125.00,"4,375.00"
2019-01-30,2019013001004027,DBBL,53,10,35,125.00,"4,375.00"
2019-01-30,2019013001004012,DBBL,26,10,29,125.00,"3,625.00"
2019-01-30,2019013001003645,DBBL,26,35,44,125.00,"5,500.00"
2019-01-30,2019013001003811,EBL,1,52,350,525.00,"183,750.00"
2019-01-30,2019013001003688,EBL,40,13,57,524.00,"29,868.00"
2019-01-30,2019013001003647,EBL,40,40,24,524.00,"12,576.00"
2019-01-30,2019013001003620,FMDBL,26,40,60,377.00,"22,620.00"
2019-01-30,2019013001003816,FOWAD,16,19,95,"1,590.00","151,050.00"
2019-01-30,2019013001003815,FOWAD,16,37,91,"1,589.00","144,599.00"
2019-01-30,2019013001003619,FOWAD,56,25,39,"1,589.00","61,971.00"
2019-01-30,2019013001004069,GBBL,26,16,752,184.00,"138,368.00"
2019-01-30,2019013001004068,GBBL,49,16,100,184.00,"18,400.00"
2019-01-30,2019013001004067,GBBL,13,16,264,184.00,"48,576.00"
2019-01-30,2019013001004066,GBBL,17,16,100,184.00,"18,400.00"
2019-01-30,2019013001004061,GBBL,56,16,50,185.00,"9,250.00"
2019-01-30,2019013001004060,GBBL,34,16,450,185.00,"83,250.00"
2019-01-30,2019013001004059,GBBL,1,16,200,185.00,"37,000.00"
2019-01-30,2019013001004058,GBBL,42,16,500,185.00,"92,500.00"
2019-01-30,2019013001004057,GBBL,14,16,500,185.00,"92,500.00"
2019-01-30,2019013001004056,GBBL,13,16,337,185.00,"62,345.00"
2019-01-30,2019013001003822,GBIME,7,39,500,268.00,"134,000.00"
2019-01-30,2019013001003821,GBIME,7,37,584,268.00,"156,512.00"
2019-01-30,2019013001003765,GBIME,44,11,200,266.00,"53,200.00"
2019-01-30,2019013001004008,GBLBS,13,42,50,440.00,"22,000.00"
2019-01-30,2019013001003893,GBLBS,13,22,10,440.00,"4,400.00"
2019-01-30,2019013001003874,GBLBS,13,34,10,440.00,"4,400.00"
2019-01-30,2019013001003868,GBLBS,13,38,10,440.00,"4,400.00"
2019-01-30,2019013001003777,GFCL,22,21,100,124.00,"12,400.00"
2019-01-30,2019013001004006,GILB,21,38,300,"1,175.00","352,500.00"
2019-01-30,2019013001004005,GILB,44,38,500,"1,176.00","588,000.00"
2019-01-30,2019013001004004,GILB,21,38,200,"1,180.00","236,000.00"
2019-01-30,2019013001004003,GILB,19,38,150,"1,189.00","178,350.00"
2019-01-30,2019013001003825,GUFL,49,49,"10,000",102.00,"1,020,000.00"
2019-01-30,2019013001003612,GUFL,19,56,300,102.00,"30,600.00"
2019-01-30,2019013001003611,GUFL,49,56,"1,000",102.00,"102,000.00"
2019-01-30,2019013001003610,GUFL,47,56,200,102.00,"20,400.00"
2019-01-30,2019013001003609,GUFL,29,56,100,102.00,"10,200.00"
2019-01-30,2019013001003608,GUFL,34,56,500,102.00,"51,000.00"
2019-01-30,2019013001003607,GUFL,21,56,500,103.00,"51,500.00"
2019-01-30,2019013001003606,GUFL,17,56,200,103.00,"20,600.00"
2019-01-30,2019013001003939,HGI,34,49,16,391.00,"6,256.00"
2019-01-30,2019013001003938,HGI,28,49,14,391.00,"5,474.00"
2019-01-30,2019013001003953,HIDCL,45,45,56,142.00,"7,952.00"
2019-01-30,2019013001003952,HIDCL,45,45,56,142.00,"7,952.00"
2019-01-30,2019013001003768,HIDCL,53,29,50,142.00,"7,100.00"
2019-01-30,2019013001003890,HPPL,6,38,10,180.00,"1,800.00"
2019-01-30,2019013001003634,HPPL,6,35,10,180.00,"1,800.00"
2019-01-30,2019013001003740,ICFC,49,25,720,151.00,"108,720.00"
2019-01-30,2019013001003675,ICFC,49,13,167,151.00,"25,217.00"
2019-01-30,2019013001003674,ICFC,58,13,33,151.00,"4,983.00"
2019-01-30,2019013001003978,JBBL,1,16,468,137.00,"64,116.00"
2019-01-30,2019013001003977,JBBL,35,16,100,137.00,"13,700.00"
2019-01-30,2019013001003976,JBBL,43,16,100,137.00,"13,700.00"
2019-01-30,2019013001003975,JBBL,56,16,200,137.00,"27,400.00"
2019-01-30,2019013001003974,JBBL,26,16,100,137.00,"13,700.00"
2019-01-30,2019013001003973,JBBL,57,16,446,137.00,"61,102.00"
2019-01-30,2019013001003736,JBBL,57,49,54,137.00,"7,398.00"
2019-01-30,2019013001003735,JBBL,57,49,96,137.00,"13,152.00"
2019-01-30,2019013001003803,JBNL,45,56,376,166.00,"62,416.00"
2019-01-30,2019013001003802,JBNL,40,56,120,166.00,"19,920.00"
2019-01-30,2019013001003801,JBNL,34,56,150,166.00,"24,900.00"
2019-01-30,2019013001003800,JBNL,45,56,280,166.00,"46,480.00"
2019-01-30,2019013001004091,JSLBB,47,34,17,"2,540.00","43,180.00"
2019-01-30,2019013001003995,JSLBB,55,34,15,"2,540.00","38,100.00"
2019-01-30,2019013001003718,JSLBB,11,11,2,"2,520.00","5,040.00"
2019-01-30,2019013001003713,JSLBB,47,34,30,"2,540.00","76,200.00"
2019-01-30,2019013001003653,JSLBB,56,4,14,"2,540.00","35,560.00"
2019-01-30,2019013001003652,JSLBB,56,22,14,"2,540.00","35,560.00"
2019-01-30,2019013001003955,KBBL,48,32,79,212.00,"16,748.00"
2019-01-30,2019013001003954,KBL,44,16,72,244.00,"17,568.00"
2019-01-30,2019013001003746,KBL,44,51,30,244.00,"7,320.00"
2019-01-30,2019013001003846,KMCDB,48,19,154,863.00,"132,902.00"
2019-01-30,2019013001003934,KNBL,1,16,461,119.00,"54,859.00"
2019-01-30,2019013001004094,KPCL,43,37,10,95.00,950.00
2019-01-30,2019013001004079,KPCL,43,39,10,95.00,950.00
2019-01-30,2019013001003649,KPCL,45,35,10,96.00,960.00
2019-01-30,2019013001003667,KPCL,45,57,10,96.00,960.00
2019-01-30,2019013001003686,KPCL,45,37,10,96.00,960.00
2019-01-30,2019013001003685,KPCL,45,57,10,96.00,960.00
2019-01-30,2019013001003706,KPCL,45,37,10,96.00,960.00
2019-01-30,2019013001003739,KPCL,45,39,10,96.00,960.00
2019-01-30,2019013001003722,KPCL,45,37,10,96.00,960.00
2019-01-30,2019013001003794,KPCL,45,39,10,96.00,960.00
2019-01-30,2019013001003785,KPCL,45,45,10,96.00,960.00
2019-01-30,2019013001003819,KPCL,45,37,10,96.00,960.00
2019-01-30,2019013001003833,KPCL,45,34,10,96.00,960.00
2019-01-30,2019013001003837,KPCL,45,39,10,96.00,960.00
2019-01-30,2019013001003847,KPCL,45,37,10,96.00,960.00
2019-01-30,2019013001003845,KPCL,45,39,10,96.00,960.00
2019-01-30,2019013001003884,KPCL,45,37,10,96.00,960.00
2019-01-30,2019013001003883,KPCL,45,34,10,96.00,960.00
2019-01-30,2019013001003929,KPCL,45,37,10,96.00,960.00
2019-01-30,2019013001003979,KPCL,45,37,10,96.00,960.00
2019-01-30,2019013001004018,KPCL,45,39,10,96.00,960.00
2019-01-30,2019013001004013,KPCL,45,37,10,96.00,960.00
2019-01-30,2019013001004037,KPCL,43,34,10,95.00,950.00
2019-01-30,2019013001004024,KPCL,6,57,500,96.00,"48,000.00"
2019-01-30,2019013001004023,KPCL,45,57,100,96.00,"9,600.00"
2019-01-30,2019013001004022,KPCL,41,57,100,96.00,"9,600.00"
2019-01-30,2019013001004021,KPCL,45,57,30,96.00,"2,880.00"
2019-01-30,2019013001003901,KRBL,57,16,102,98.00,"9,996.00"
2019-01-30,2019013001003900,KRBL,55,16,276,99.00,"27,324.00"
2019-01-30,2019013001003937,LBBL,42,49,50,174.00,"8,700.00"
2019-01-30,2019013001003865,LBBL,50,49,"1,000",173.00,"173,000.00"
2019-01-30,2019013001003864,LBBL,18,49,"1,000",173.00,"173,000.00"
2019-01-30,2019013001003856,LBBL,21,37,492,174.00,"85,608.00"
2019-01-30,2019013001003789,LBBL,17,37,500,174.00,"87,000.00"
2019-01-30,2019013001003788,LBBL,33,37,448,174.00,"77,952.00"
2019-01-30,2019013001003863,LBBL,17,49,500,173.00,"86,500.00"
2019-01-30,2019013001003862,LBBL,56,49,500,173.00,"86,500.00"
2019-01-30,2019013001003861,LBBL,14,49,500,173.00,"86,500.00"
2019-01-30,2019013001003860,LBBL,41,49,300,173.00,"51,900.00"
2019-01-30,2019013001003859,LBBL,32,49,"1,000",173.00,"173,000.00"
2019-01-30,2019013001003858,LBBL,38,49,300,173.00,"51,900.00"
2019-01-30,2019013001004100,LBL,41,39,150,197.00,"29,550.00"
2019-01-30,2019013001004099,LBL,49,39,451,198.00,"89,298.00"
2019-01-30,2019013001003700,LBL,13,13,7,195.00,"1,365.00"
2019-01-30,2019013001003990,LGIL,47,44,10,535.00,"5,350.00"
2019-01-30,2019013001003962,LGIL,45,44,90,537.00,"48,330.00"
2019-01-30,2019013001003936,LGIL,45,56,25,537.00,"13,425.00"
2019-01-30,2019013001004088,LICN,59,26,18,"1,716.00","30,888.00"
2019-01-30,2019013001004038,LICN,25,20,200,"1,720.00","344,000.00"
2019-01-30,2019013001003857,LICN,25,20,50,"1,720.00","86,000.00"
2019-01-30,2019013001003767,LLBS,37,38,38,796.00,"30,248.00"
2019-01-30,2019013001004043,MBL,40,48,289,209.00,"60,401.00"
2019-01-30,2019013001004042,MBL,44,48,452,209.00,"94,468.00"
2019-01-30,2019013001003782,MBL,42,25,100,210.00,"21,000.00"
2019-01-30,2019013001003781,MBL,26,25,250,210.00,"52,500.00"
2019-01-30,2019013001003780,MBL,43,25,285,210.00,"59,850.00"
2019-01-30,2019013001003747,MBL,43,22,463,210.00,"97,230.00"
2019-01-30,2019013001004026,MDB,28,7,54,285.00,"15,390.00"
2019-01-30,2019013001003887,MDB,28,16,10,285.00,"2,850.00"
2019-01-30,2019013001003886,MDB,17,16,100,286.00,"28,600.00"
2019-01-30,2019013001004035,MEGA,28,50,40,167.00,"6,680.00"
2019-01-30,2019013001004034,MEGA,28,13,20,167.00,"3,340.00"
2019-01-30,2019013001004033,MEGA,16,13,30,167.00,"5,010.00"
2019-01-30,2019013001004025,MEGA,28,13,100,167.00,"16,700.00"
2019-01-30,2019013001004011,MEGA,28,56,40,166.00,"6,640.00"
2019-01-30,2019013001003791,MEGA,8,56,960,166.00,"159,360.00"
2019-01-30,2019013001003657,MEGA,8,38,40,166.00,"6,640.00"
2019-01-30,2019013001003627,MEGA,55,38,242,166.00,"40,172.00"
2019-01-30,2019013001003626,MEGA,32,38,300,166.00,"49,800.00"
2019-01-30,2019013001003625,MEGA,55,38,70,166.00,"11,620.00"
2019-01-30,2019013001003624,MEGA,16,38,200,166.00,"33,200.00"
2019-01-30,2019013001003623,MEGA,41,38,32,166.00,"5,312.00"
2019-01-30,2019013001003618,MIDBL,59,29,123,148.00,"18,204.00"
2019-01-30,2019013001003617,MIDBL,38,29,100,149.00,"14,900.00"
2019-01-30,2019013001003882,MLBL,7,13,50,172.00,"8,600.00"
2019-01-30,2019013001003942,MNBBL,44,48,750,349.00,"261,750.00"
2019-01-30,2019013001003941,MNBBL,44,42,200,349.00,"69,800.00"
2019-01-30,2019013001003885,MNBBL,40,56,200,348.00,"69,600.00"
2019-01-30,2019013001003603,MSMBS,47,38,45,555.00,"24,975.00"
2019-01-30,2019013001003714,NABIL,51,49,100,838.00,"83,800.00"
2019-01-30,2019013001003707,NABIL,51,49,50,838.00,"41,900.00"
2019-01-30,2019013001003848,NADEP,55,38,10,783.00,"7,830.00"
2019-01-30,2019013001003836,NADEP,32,34,10,784.00,"7,840.00"
2019-01-30,2019013001003806,NADEP,32,34,10,784.00,"7,840.00"
2019-01-30,2019013001003622,NADEP,16,47,10,788.00,"7,880.00"
2019-01-30,2019013001003754,NBB,21,49,30,183.00,"5,490.00"
2019-01-30,2019013001003753,NBB,14,49,51,183.00,"9,333.00"
2019-01-30,2019013001003752,NBB,51,49,200,184.00,"36,800.00"
2019-01-30,2019013001003751,NBB,44,49,50,184.00,"9,200.00"
2019-01-30,2019013001003750,NBB,45,49,25,184.00,"4,600.00"
2019-01-30,2019013001003749,NBB,51,49,444,184.00,"81,696.00"
2019-01-30,2019013001003944,NBBL,47,57,50,720.00,"36,000.00"
2019-01-30,2019013001003869,NBL,34,45,500,290.00,"145,000.00"
2019-01-30,2019013001003851,NBL,52,51,227,291.00,"66,057.00"
2019-01-30,2019013001003850,NBL,52,50,30,291.00,"8,730.00"
2019-01-30,2019013001003759,NBL,40,49,500,290.00,"145,000.00"
2019-01-30,2019013001003636,NBL,58,50,20,291.00,"5,820.00"
2019-01-30,2019013001003872,NCCB,59,16,88,212.00,"18,656.00"
2019-01-30,2019013001003871,NCCB,22,16,350,212.00,"74,200.00"
2019-01-30,2019013001003870,NCCB,25,16,512,212.00,"108,544.00"
2019-01-30,2019013001003770,NCCB,25,49,488,212.00,"103,456.00"
2019-01-30,2019013001003769,NCCB,38,49,62,212.00,"13,144.00"
2019-01-30,2019013001004076,NIB,49,58,21,532.00,"11,172.00"
2019-01-30,2019013001003776,NIB,56,49,150,531.00,"79,650.00"
2019-01-30,2019013001003733,NIB,44,58,450,532.00,"239,400.00"
2019-01-30,2019013001003699,NIB,1,58,358,532.00,"190,456.00"
2019-01-30,2019013001003698,NIB,1,58,142,532.00,"75,544.00"
2019-01-30,2019013001004078,NIBPO,28,22,90,485.00,"43,650.00"
2019-01-30,2019013001004071,NICA,42,48,325,392.00,"127,400.00"
2019-01-30,2019013001004040,NICA,42,38,500,392.00,"196,000.00"
2019-01-30,2019013001004017,NICA,42,1,100,392.00,"39,200.00"
2019-01-30,2019013001004016,NICA,42,6,75,392.00,"29,400.00"
2019-01-30,2019013001003786,NICA,17,49,150,391.00,"58,650.00"
2019-01-30,2019013001003658,NICA,26,26,1,385.00,385.00
2019-01-30,2019013001003958,NICGF,22,49,500,9.30,"4,650.00"
2019-01-30,2019013001003797,NICL,1,49,200,562.00,"112,400.00"
2019-01-30,2019013001003796,NICL,52,49,100,564.00,"56,400.00"
2019-01-30,2019013001003889,NIL,34,55,100,533.00,"53,300.00"
2019-01-30,2019013001004007,NLIC,42,57,50,"1,092.00","54,600.00"
2019-01-30,2019013001003982,NLIC,6,39,17,"1,089.00","18,513.00"
2019-01-30,2019013001003932,NLIC,59,50,44,"1,093.00","48,092.00"
2019-01-30,2019013001003931,NLIC,59,29,17,"1,091.00","18,547.00"
2019-01-30,2019013001003930,NLIC,59,29,17,"1,090.00","18,530.00"
2019-01-30,2019013001003783,NLIC,6,5,50,"1,089.00","54,450.00"
2019-01-30,2019013001003656,NLIC,6,35,17,"1,089.00","18,513.00"
2019-01-30,2019013001003873,NLICL,26,39,100,673.00,"67,300.00"
2019-01-30,2019013001004096,NMB,54,47,98,316.00,"30,968.00"
2019-01-30,2019013001004095,NMB,6,47,102,316.00,"32,232.00"
2019-01-30,2019013001003732,NMB,56,49,100,317.00,"31,700.00"
2019-01-30,2019013001003949,NMBMF,36,1,10,"1,125.00","11,250.00"
2019-01-30,2019013001003629,NSEWA,14,29,10,618.00,"6,180.00"
2019-01-30,2019013001004065,NTC,53,57,500,726.00,"363,000.00"
2019-01-30,2019013001004039,NTC,53,6,100,726.00,"72,600.00"
2019-01-30,2019013001003738,NTC,53,35,100,726.00,"72,600.00"
2019-01-30,2019013001003957,OHL,59,16,10,445.00,"4,450.00"
2019-01-30,2019013001003809,OHL,56,16,10,445.00,"4,450.00"
2019-01-30,2019013001003798,OHL,56,56,248,438.00,"108,624.00"
2019-01-30,2019013001003808,PCBL,53,49,150,321.00,"48,150.00"
2019-01-30,2019013001004080,PIC,42,53,173,"1,040.00","179,920.00"
2019-01-30,2019013001004045,PIC,1,34,10,"1,042.00","10,420.00"
2019-01-30,2019013001003986,PIC,42,5,27,"1,040.00","28,080.00"
2019-01-30,2019013001003961,PIC,6,49,10,"1,037.00","10,370.00"
2019-01-30,2019013001003960,PIC,13,49,50,"1,037.00","51,850.00"
2019-01-30,2019013001003943,PIC,57,5,59,"1,040.00","61,360.00"
2019-01-30,2019013001003826,PIC,41,11,11,"1,043.00","11,473.00"
2019-01-30,2019013001003748,PIC,41,34,11,"1,043.00","11,473.00"
2019-01-30,2019013001003928,PIC,57,34,11,"1,040.00","11,440.00"
2019-01-30,2019013001003921,PIC,6,5,100,"1,040.00","104,000.00"
2019-01-30,2019013001003920,PIC,10,5,50,"1,040.00","52,000.00"
2019-01-30,2019013001003919,PIC,42,5,17,"1,042.00","17,714.00"
2019-01-30,2019013001003876,PIC,41,5,67,"1,043.00","69,881.00"
2019-01-30,2019013001003838,PLIC,28,19,40,490.00,"19,600.00"
2019-01-30,2019013001003799,PLIC,28,38,56,488.00,"27,328.00"
2019-01-30,2019013001003793,PLIC,28,37,15,490.00,"7,350.00"
2019-01-30,2019013001003778,PLIC,28,37,"1,900",490.00,"931,000.00"
2019-01-30,2019013001003757,PLIC,55,37,40,490.00,"19,600.00"
2019-01-30,2019013001003710,PLIC,43,37,20,490.00,"9,800.00"
2019-01-30,2019013001003628,PLIC,28,58,29,488.00,"14,152.00"
2019-01-30,2019013001004031,PMHPL,10,39,10,107.00,"1,070.00"
2019-01-30,2019013001004020,PMHPL,10,37,10,107.00,"1,070.00"
2019-01-30,2019013001003988,PMHPL,10,34,10,107.00,"1,070.00"
2019-01-30,2019013001003945,PMHPL,10,26,10,107.00,"1,070.00"
2019-01-30,2019013001003933,PMHPL,10,26,10,107.00,"1,070.00"
2019-01-30,2019013001003918,PMHPL,10,26,10,107.00,"1,070.00"
2019-01-30,2019013001003892,PMHPL,10,34,10,107.00,"1,070.00"
2019-01-30,2019013001003891,PMHPL,10,26,10,107.00,"1,070.00"
2019-01-30,2019013001003849,PMHPL,10,22,10,107.00,"1,070.00"
2019-01-30,2019013001003758,PMHPL,10,34,10,107.00,"1,070.00"
2019-01-30,2019013001003730,PMHPL,22,57,340,108.00,"36,720.00"
2019-01-30,2019013001003660,PMHPL,22,35,10,108.00,"1,080.00"
2019-01-30,2019013001004047,PRIN,58,57,78,444.00,"34,632.00"
2019-01-30,2019013001004046,PRIN,38,57,100,444.00,"44,400.00"
2019-01-30,2019013001004030,PRIN,56,57,100,445.00,"44,500.00"
2019-01-30,2019013001004029,PRIN,6,57,122,445.00,"54,290.00"
2019-01-30,2019013001003972,PRVU,6,55,60,239.00,"14,340.00"
2019-01-30,2019013001003971,PRVU,1,55,150,239.00,"35,850.00"
2019-01-30,2019013001003970,PRVU,54,55,200,239.00,"47,800.00"
2019-01-30,2019013001003969,PRVU,45,55,85,240.00,"20,400.00"
2019-01-30,2019013001003814,PRVU,45,49,500,240.00,"120,000.00"
2019-01-30,2019013001003760,PRVU,8,45,220,240.00,"52,800.00"
2019-01-30,2019013001003764,PRVU,45,45,760,240.00,"182,400.00"
2019-01-30,2019013001003763,PRVU,42,45,35,240.00,"8,400.00"
2019-01-30,2019013001003762,PRVU,33,45,300,240.00,"72,000.00"
2019-01-30,2019013001003761,PRVU,48,45,30,240.00,"7,200.00"
2019-01-30,2019013001003922,PURBL,14,8,37,152.00,"5,624.00"
2019-01-30,2019013001003894,PURBL,14,8,106,152.00,"16,112.00"
2019-01-30,2019013001004055,RADHI,22,34,11,163.00,"1,793.00"
2019-01-30,2019013001004036,RADHI,22,37,10,163.00,"1,630.00"
2019-01-30,2019013001004053,RBCL,45,39,30,"9,350.00","280,500.00"
2019-01-30,2019013001004052,RBCL,57,39,20,"9,351.00","187,020.00"
2019-01-30,2019013001004051,RBCL,55,39,10,"9,360.00","93,600.00"
2019-01-30,2019013001004050,RBCL,33,39,20,"9,366.00","187,320.00"
2019-01-30,2019013001004049,RBCL,7,39,10,"9,370.00","93,700.00"
2019-01-30,2019013001003646,RBCLPO,33,28,10,"8,868.00","88,680.00"
2019-01-30,2019013001003662,RHPC,33,56,12,97.00,"1,164.00"
2019-01-30,2019013001004019,RLFL,42,19,100,116.00,"11,600.00"
2019-01-30,2019013001003812,RLFL,42,4,26,116.00,"3,016.00"
2019-01-30,2019013001003899,RRHP,45,22,10,99.00,990.00
2019-01-30,2019013001003897,RRHP,45,34,10,99.00,990.00
2019-01-30,2019013001003655,RRHP,45,22,10,99.00,990.00
2019-01-30,2019013001003926,SADBL,35,52,23,142.00,"3,266.00"
2019-01-30,2019013001003925,SADBL,16,52,10,142.00,"1,420.00"
2019-01-30,2019013001003924,SADBL,32,52,80,142.00,"11,360.00"
2019-01-30,2019013001003824,SADBL,32,49,220,142.00,"31,240.00"
2019-01-30,2019013001003823,SADBL,59,49,30,142.00,"4,260.00"
2019-01-30,2019013001003828,SANIMA,44,49,300,301.00,"90,300.00"
2019-01-30,2019013001004002,SBI,55,18,"1,564",380.00,"594,320.00"
2019-01-30,2019013001004001,SBI,45,18,50,380.00,"19,000.00"
2019-01-30,2019013001004000,SBI,11,18,200,381.00,"76,200.00"
2019-01-30,2019013001003999,SBI,40,18,110,381.00,"41,910.00"
2019-01-30,2019013001003998,SBI,6,18,76,381.00,"28,956.00"
2019-01-30,2019013001003875,SBI,6,49,200,381.00,"76,200.00"
2019-01-30,2019013001003684,SBL,36,28,20,289.00,"5,780.00"
2019-01-30,2019013001003640,SBL,44,41,200,288.00,"57,600.00"
2019-01-30,2019013001003639,SBL,44,28,500,288.00,"144,000.00"
2019-01-30,2019013001003638,SBL,44,28,300,288.00,"86,400.00"
2019-01-30,2019013001004081,SCB,1,35,17,564.00,"9,588.00"
2019-01-30,2019013001004077,SCB,1,14,400,564.00,"225,600.00"
2019-01-30,2019013001003866,SCB,1,22,20,564.00,"11,280.00"
2019-01-30,2019013001003804,SCB,1,4,20,564.00,"11,280.00"
2019-01-30,2019013001003787,SCB,1,35,43,564.00,"24,252.00"
2019-01-30,2019013001003670,SCB,43,35,20,564.00,"11,280.00"
2019-01-30,2019013001003719,SDESI,45,37,27,628.00,"16,956.00"
2019-01-30,2019013001003737,SHL,41,41,100,203.00,"20,300.00"
2019-01-30,2019013001003766,SICL,56,40,27,920.00,"24,840.00"
2019-01-30,2019013001003705,SICL,4,5,397,918.00,"364,446.00"
2019-01-30,2019013001003704,SICL,42,5,320,918.00,"293,760.00"
2019-01-30,2019013001003844,SIFC,43,42,53,137.00,"7,261.00"
2019-01-30,2019013001004015,SKBBL,32,57,60,864.00,"51,840.00"
2019-01-30,2019013001003695,SLICL,56,55,200,549.00,"109,800.00"
2019-01-30,2019013001003993,SMFDB,41,49,20,710.00,"14,200.00"
2019-01-30,2019013001003687,SPDL,45,35,10,93.00,930.00
2019-01-30,2019013001003907,SRBL,48,32,100,213.00,"21,300.00"
2019-01-30,2019013001003906,SRBL,29,32,100,213.00,"21,300.00"
2019-01-30,2019013001003905,SRBL,26,32,200,213.00,"42,600.00"
2019-01-30,2019013001003895,SRBL,26,49,300,213.00,"63,900.00"
2019-01-30,2019013001003881,SWBBL,25,34,18,855.00,"15,390.00"
2019-01-30,2019013001003880,SWBBL,25,33,121,850.00,"102,850.00"
2019-01-30,2019013001003879,SWBBL,25,37,161,849.00,"136,689.00"
2019-01-30,2019013001003898,UIC,34,42,20,785.00,"15,700.00"
2019-01-30,2019013001003673,UMHL,59,8,14,117.00,"1,638.00"
2019-01-30,2019013001004090,UPPER,44,39,40,257.00,"10,280.00"
2019-01-30,2019013001004070,UPPER,44,17,50,257.00,"12,850.00"
2019-01-30,2019013001004063,UPPER,44,34,50,257.00,"12,850.00"
2019-01-30,2019013001004062,UPPER,44,21,40,257.00,"10,280.00"
2019-01-30,2019013001003616,UPPER,54,10,40,257.00,"10,280.00"
2019-01-30,2019013001003613,UPPER,54,25,500,257.00,"128,500.00"
2019-01-30,2019013001003604,UPPER,54,35,50,257.00,"12,850.00"
2019-01-30,2019013001003602,UPPER,54,1,16,257.00,"4,112.00"
2019-01-30,2019013001003601,UPPER,16,1,34,257.00,"8,738.00"
2019-01-30,2019013001003665,UPPER,54,33,50,257.00,"12,850.00"
2019-01-30,2019013001003664,UPPER,54,1,50,257.00,"12,850.00"
2019-01-30,2019013001003659,UPPER,54,33,40,257.00,"10,280.00"
2019-01-30,2019013001003637,UPPER,54,1,40,257.00,"10,280.00"
2019-01-30,2019013001003635,UPPER,54,10,40,257.00,"10,280.00"
2019-01-30,2019013001003676,UPPER,11,21,60,257.00,"15,420.00"
2019-01-30,2019013001003672,UPPER,11,42,40,257.00,"10,280.00"
2019-01-30,2019013001003671,UPPER,54,37,34,257.00,"8,738.00"
2019-01-30,2019013001003669,UPPER,54,56,100,257.00,"25,700.00"
2019-01-30,2019013001003666,UPPER,54,10,40,257.00,"10,280.00"
2019-01-30,2019013001003696,UPPER,42,37,50,256.00,"12,800.00"
2019-01-30,2019013001003679,UPPER,38,21,100,257.00,"25,700.00"
2019-01-30,2019013001003678,UPPER,36,21,60,257.00,"15,420.00"
2019-01-30,2019013001003677,UPPER,36,21,200,257.00,"51,400.00"
2019-01-30,2019013001003716,UPPER,42,37,40,256.00,"10,240.00"
2019-01-30,2019013001003712,UPPER,56,21,100,257.00,"25,700.00"
2019-01-30,2019013001003703,UPPER,42,35,50,256.00,"12,800.00"
2019-01-30,2019013001003702,UPPER,42,1,50,256.00,"12,800.00"
2019-01-30,2019013001003701,UPPER,29,21,200,257.00,"51,400.00"
2019-01-30,2019013001003741,UPPER,44,21,54,257.00,"13,878.00"
2019-01-30,2019013001003731,UPPER,42,1,40,256.00,"10,240.00"
2019-01-30,2019013001003721,UPPER,42,8,40,256.00,"10,240.00"
2019-01-30,2019013001003717,UPPER,42,1,40,256.00,"10,240.00"
2019-01-30,2019013001003779,UPPER,44,16,22,257.00,"5,654.00"
2019-01-30,2019013001003771,UPPER,44,39,50,257.00,"12,850.00"
2019-01-30,2019013001003755,UPPER,44,39,50,257.00,"12,850.00"
2019-01-30,2019013001003744,UPPER,44,33,50,257.00,"12,850.00"
2019-01-30,2019013001003743,UPPER,44,1,50,257.00,"12,850.00"
2019-01-30,2019013001003742,UPPER,44,33,40,257.00,"10,280.00"
2019-01-30,2019013001003807,UPPER,44,37,50,257.00,"12,850.00"
2019-01-30,2019013001003805,UPPER,44,26,40,257.00,"10,280.00"
2019-01-30,2019013001003795,UPPER,44,45,50,257.00,"12,850.00"
2019-01-30,2019013001003784,UPPER,44,39,40,257.00,"10,280.00"
2019-01-30,2019013001003820,UPPER,44,56,40,257.00,"10,280.00"
2019-01-30,2019013001003818,UPPER,44,34,50,257.00,"12,850.00"
2019-01-30,2019013001003817,UPPER,44,25,40,257.00,"10,280.00"
2019-01-30,2019013001003813,UPPER,44,26,40,257.00,"10,280.00"
2019-01-30,2019013001003810,UPPER,44,11,40,257.00,"10,280.00"
2019-01-30,2019013001003835,UPPER,44,26,40,257.00,"10,280.00"
2019-01-30,2019013001003834,UPPER,44,11,50,257.00,"12,850.00"
2019-01-30,2019013001003832,UPPER,44,39,50,257.00,"12,850.00"
2019-01-30,2019013001003829,UPPER,44,26,40,257.00,"10,280.00"
2019-01-30,2019013001003827,UPPER,44,44,40,257.00,"10,280.00"
2019-01-30,2019013001003843,UPPER,44,26,50,257.00,"12,850.00"
2019-01-30,2019013001003842,UPPER,44,37,40,257.00,"10,280.00"
2019-01-30,2019013001003841,UPPER,49,34,10,258.00,"2,580.00"
2019-01-30,2019013001003840,UPPER,49,34,40,258.00,"10,320.00"
2019-01-30,2019013001003839,UPPER,49,6,50,258.00,"12,900.00"
2019-01-30,2019013001003878,UPPER,44,22,40,257.00,"10,280.00"
2019-01-30,2019013001003877,UPPER,44,37,40,257.00,"10,280.00"
2019-01-30,2019013001003855,UPPER,44,39,40,257.00,"10,280.00"
2019-01-30,2019013001003852,UPPER,44,26,40,257.00,"10,280.00"
2019-01-30,2019013001003904,UPPER,44,25,40,257.00,"10,280.00"
2019-01-30,2019013001003903,UPPER,44,21,40,257.00,"10,280.00"
2019-01-30,2019013001003902,UPPER,44,19,40,257.00,"10,280.00"
2019-01-30,2019013001003888,UPPER,44,25,50,257.00,"12,850.00"
2019-01-30,2019013001003913,UPPER,37,58,72,258.00,"18,576.00"
2019-01-30,2019013001003912,UPPER,37,6,50,258.00,"12,900.00"
2019-01-30,2019013001003911,UPPER,37,57,50,258.00,"12,900.00"
2019-01-30,2019013001003910,UPPER,37,49,20,258.00,"5,160.00"
2019-01-30,2019013001003909,UPPER,37,45,260,258.00,"67,080.00"
2019-01-30,2019013001003908,UPPER,37,34,30,258.00,"7,740.00"
2019-01-30,2019013001003927,UPPER,44,25,50,257.00,"12,850.00"
2019-01-30,2019013001003923,UPPER,44,39,293,257.00,"75,301.00"
2019-01-30,2019013001003917,UPPER,44,22,50,257.00,"12,850.00"
2019-01-30,2019013001003916,UPPER,44,37,50,257.00,"12,850.00"
2019-01-30,2019013001003915,UPPER,44,34,50,257.00,"12,850.00"
2019-01-30,2019013001003914,UPPER,37,34,18,258.00,"4,644.00"
2019-01-30,2019013001003956,UPPER,45,37,40,258.00,"10,320.00"
2019-01-30,2019013001003951,UPPER,45,21,40,258.00,"10,320.00"
2019-01-30,2019013001003948,UPPER,45,25,40,258.00,"10,320.00"
2019-01-30,2019013001003947,UPPER,45,34,50,258.00,"12,900.00"
2019-01-30,2019013001003946,UPPER,45,34,32,258.00,"8,256.00"
2019-01-30,2019013001003996,UPPER,44,34,50,257.00,"12,850.00"
2019-01-30,2019013001003989,UPPER,44,35,293,257.00,"75,301.00"
2019-01-30,2019013001003987,UPPER,44,25,40,257.00,"10,280.00"
2019-01-30,2019013001003984,UPPER,45,49,50,258.00,"12,900.00"
2019-01-30,2019013001003981,UPPER,45,25,40,258.00,"10,320.00"
2019-01-30,2019013001004014,UPPER,44,34,50,257.00,"12,850.00"
2019-01-30,2019013001004010,UPPER,44,25,50,257.00,"12,850.00"
2019-01-30,2019013001004009,UPPER,44,39,40,257.00,"10,280.00"
2019-01-30,2019013001003997,UPPER,44,37,50,257.00,"12,850.00"
2019-01-30,2019013001004041,UPPER,44,39,40,257.00,"10,280.00"
2019-01-30,2019013001004097,WOMI,10,40,100,"1,128.00","112,800.00"
2019-01-30,2019013001004075,WOMI,10,29,500,"1,135.00","567,500.00"
2019-01-30,2019013001004074,WOMI,10,26,19,"1,135.00","21,565.00"
2019-01-30,2019013001004073,WOMI,10,45,33,"1,135.00","37,455.00"
2019-01-30,2019013001004072,WOMI,10,50,33,"1,133.00","37,389.00"
2019-01-30,2019013001004044,WOMI,10,16,30,"1,128.00","33,840.00"
2019-01-30,2019013001003792,WOMI,10,4,11,"1,128.00","12,408.00"
2019-01-30,2019013001003558,ADBL,11,13,200,340.00,"68,000.00"
2019-01-30,2019013001003489,ADBL,20,19,30,340.00,"10,200.00"
2019-01-30,2019013001003125,ADBL,6,13,23,340.00,"7,820.00"
2019-01-30,2019013001003124,ADBL,6,33,500,340.00,"170,000.00"
2019-01-30,2019013001003547,AHPC,25,26,53,102.00,"5,406.00"
2019-01-30,2019013001003598,AKJCL,22,35,20,86.00,"1,720.00"
2019-01-30,2019013001003490,AKJCL,22,34,20,86.00,"1,720.00"
2019-01-30,2019013001003435,AKJCL,22,57,20,86.00,"1,720.00"
2019-01-30,2019013001003364,AKJCL,22,21,20,86.00,"1,720.00"
2019-01-30,2019013001003359,AKJCL,13,21,20,85.00,"1,700.00"
2019-01-30,2019013001003135,AKJCL,39,19,10,86.00,860.00
2019-01-30,2019013001003583,AKPL,28,59,402,184.00,"73,968.00"
2019-01-30,2019013001003582,AKPL,22,59,51,185.00,"9,435.00"
2019-01-30,2019013001003525,AKPL,22,1,13,185.00,"2,405.00"
2019-01-30,2019013001003471,AKPL,22,35,13,185.00,"2,405.00"
2019-01-30,2019013001003315,AKPL,22,8,13,185.00,"2,405.00"
2019-01-30,2019013001003264,AKPL,22,28,10,185.00,"1,850.00"
2019-01-30,2019013001003197,AMFI,36,28,10,720.00,"7,200.00"
2019-01-30,2019013001003107,AMFI,11,57,10,718.00,"7,180.00"
2019-01-30,2019013001003523,API,49,45,67,140.00,"9,380.00"
2019-01-30,2019013001003522,API,58,45,500,140.00,"70,000.00"
2019-01-30,2019013001003521,API,29,45,200,140.00,"28,000.00"
2019-01-30,2019013001003520,API,37,45,233,140.00,"32,620.00"
2019-01-30,2019013001003476,API,37,35,17,140.00,"2,380.00"
2019-01-30,2019013001003320,BARUN,45,8,21,101.00,"2,121.00"
2019-01-30,2019013001003470,BOKL,54,17,50,253.00,"12,650.00"
2019-01-30,2019013001003396,BOKL,13,17,200,253.00,"50,600.00"
2019-01-30,2019013001003174,BOKL,8,52,34,252.00,"8,568.00"
2019-01-30,2019013001003482,BPCL,41,57,10,362.00,"3,620.00"
2019-01-30,2019013001003370,BPCL,41,36,20,364.00,"7,280.00"
2019-01-30,2019013001003276,BPCL,41,28,10,364.00,"3,640.00"
2019-01-30,2019013001003360,CBBL,29,42,200,871.00,"174,200.00"
2019-01-30,2019013001003146,CBBL,16,58,95,865.00,"82,175.00"
2019-01-30,2019013001003145,CBBL,16,58,165,865.00,"142,725.00"
2019-01-30,2019013001003144,CBBL,13,58,50,866.00,"43,300.00"
2019-01-30,2019013001003545,CBL,13,16,11,159.00,"1,749.00"
2019-01-30,2019013001003529,CBL,42,13,11,158.00,"1,738.00"
2019-01-30,2019013001003170,CCBL,26,35,103,169.00,"17,407.00"
2019-01-30,2019013001003102,CFCL,58,34,100,110.00,"11,000.00"
2019-01-30,2019013001003319,CHCL,38,25,50,529.00,"26,450.00"
2019-01-30,2019013001003424,CHL,45,8,10,100.00,"1,000.00"
2019-01-30,2019013001003323,CHL,45,8,10,100.00,"1,000.00"
2019-01-30,2019013001003153,CHL,45,8,10,100.00,"1,000.00"
2019-01-30,2019013001003150,CHL,45,42,34,100.00,"3,400.00"
2019-01-30,2019013001003149,CHL,41,42,16,100.00,"1,600.00"
2019-01-30,2019013001003403,CIT,10,29,30,"2,730.00","81,900.00"
2019-01-30,2019013001003402,CIT,10,5,18,"2,730.00","49,140.00"
2019-01-30,2019013001003401,CIT,10,14,10,"2,730.00","27,300.00"
2019-01-30,2019013001003400,CIT,10,26,142,"2,730.00","387,660.00"
2019-01-30,2019013001003342,CIT,28,47,11,"2,720.00","29,920.00"
2019-01-30,2019013001003329,CIT,5,26,23,"2,730.00","62,790.00"
2019-01-30,2019013001003167,CIT,39,50,20,"2,715.00","54,300.00"
2019-01-30,2019013001003114,CIT,41,5,50,"2,715.00","135,750.00"
2019-01-30,2019013001003303,CIT,16,43,11,"2,715.00","29,865.00"
2019-01-30,2019013001003302,CIT,16,43,11,"2,715.00","29,865.00"
2019-01-30,2019013001003301,CIT,16,34,80,"2,714.00","217,120.00"
2019-01-30,2019013001003300,CIT,16,6,100,"2,712.00","271,200.00"
2019-01-30,2019013001003169,CIT,39,11,26,"2,716.00","70,616.00"
2019-01-30,2019013001003168,CIT,39,11,45,"2,716.00","122,220.00"
2019-01-30,2019013001003309,CIT,16,19,179,"2,719.00","486,701.00"
2019-01-30,2019013001003308,CIT,16,22,30,"2,717.00","81,510.00"
2019-01-30,2019013001003307,CIT,16,42,50,"2,716.00","135,800.00"
2019-01-30,2019013001003306,CIT,16,43,17,"2,715.00","46,155.00"
2019-01-30,2019013001003305,CIT,16,43,41,"2,715.00","111,315.00"
2019-01-30,2019013001003304,CIT,16,43,17,"2,715.00","46,155.00"
2019-01-30,2019013001003328,CIT,5,19,53,"2,724.00","144,372.00"
2019-01-30,2019013001003327,CIT,5,52,24,"2,720.00","65,280.00"
2019-01-30,2019013001003313,CIT,16,51,50,"2,720.00","136,000.00"
2019-01-30,2019013001003312,CIT,16,33,20,"2,720.00","54,400.00"
2019-01-30,2019013001003311,CIT,16,22,50,"2,720.00","136,000.00"
2019-01-30,2019013001003310,CIT,16,49,200,"2,720.00","544,000.00"
2019-01-30,2019013001003581,CZBIL,25,4,200,211.00,"42,200.00"
2019-01-30,2019013001003389,EBL,47,52,50,525.00,"26,250.00"
2019-01-30,2019013001003375,EBL,38,1,100,525.00,"52,500.00"
2019-01-30,2019013001003369,EIC,44,55,100,825.00,"82,500.00"
2019-01-30,2019013001003600,FOWAD,56,6,50,"1,588.00","79,400.00"
2019-01-30,2019013001003573,GBBL,32,33,500,186.00,"93,000.00"
2019-01-30,2019013001003454,GBBL,13,51,63,185.00,"11,655.00"
2019-01-30,2019013001003156,GBIME,7,16,35,265.00,"9,275.00"
2019-01-30,2019013001003142,GBIME,7,16,"1,528",265.00,"404,920.00"
2019-01-30,2019013001003134,GBIME,7,4,272,263.00,"71,536.00"
2019-01-30,2019013001003122,GBIME,43,4,60,263.00,"15,780.00"
2019-01-30,2019013001003121,GBIME,43,4,57,263.00,"14,991.00"
2019-01-30,2019013001003120,GBIME,43,4,100,263.00,"26,300.00"
2019-01-30,2019013001003119,GBIME,49,4,108,263.00,"28,404.00"
2019-01-30,2019013001003118,GBIME,43,4,45,263.00,"11,835.00"
2019-01-30,2019013001003117,GBIME,40,4,50,263.00,"13,150.00"
2019-01-30,2019013001003510,GBLBS,13,35,10,440.00,"4,400.00"
2019-01-30,2019013001003507,GBLBS,13,35,10,440.00,"4,400.00"
2019-01-30,2019013001003594,GDBL,13,13,4,180.00,720.00
2019-01-30,2019013001003322,GILB,37,37,10,"1,166.00","11,660.00"
2019-01-30,2019013001003210,GILB,6,37,10,"1,182.00","11,820.00"
2019-01-30,2019013001003554,HDL,19,20,50,"1,350.00","67,500.00"
2019-01-30,2019013001003388,HGI,28,41,111,391.00,"43,401.00"
2019-01-30,2019013001003387,HGI,42,41,100,392.00,"39,200.00"
2019-01-30,2019013001003386,HGI,19,41,70,393.00,"27,510.00"
2019-01-30,2019013001003385,HGI,19,41,70,393.00,"27,510.00"
2019-01-30,2019013001003203,HGI,41,59,100,395.00,"39,500.00"
2019-01-30,2019013001003207,HIDCL,45,29,56,142.00,"7,952.00"
2019-01-30,2019013001003206,HIDCL,45,29,56,142.00,"7,952.00"
2019-01-30,2019013001003205,HIDCL,53,29,100,142.00,"14,200.00"
2019-01-30,2019013001003528,HPPL,6,35,10,180.00,"1,800.00"
2019-01-30,2019013001003438,HPPL,6,1,10,180.00,"1,800.00"
2019-01-30,2019013001003437,HPPL,6,8,10,180.00,"1,800.00"
2019-01-30,2019013001003341,HPPL,6,8,20,180.00,"3,600.00"
2019-01-30,2019013001003171,HPPL,6,8,10,180.00,"1,800.00"
2019-01-30,2019013001003250,ICFC,58,6,32,151.00,"4,832.00"
2019-01-30,2019013001003249,ICFC,43,6,165,151.00,"24,915.00"
2019-01-30,2019013001003139,JBBL,57,47,104,137.00,"14,248.00"
2019-01-30,2019013001003138,JBBL,17,47,17,137.00,"2,329.00"
2019-01-30,2019013001003459,JBNL,47,43,391,167.00,"65,297.00"
2019-01-30,2019013001003458,JBNL,47,57,109,167.00,"18,203.00"
2019-01-30,2019013001003334,JBNL,17,57,15,167.00,"2,505.00"
2019-01-30,2019013001003283,JBNL,49,57,200,167.00,"33,400.00"
2019-01-30,2019013001003108,JBNL,45,34,200,166.00,"33,200.00"
2019-01-30,2019013001003571,JEFL,32,49,563,129.00,"72,627.00"
2019-01-30,2019013001003252,JEFL,32,42,200,129.00,"25,800.00"
2019-01-30,2019013001003483,KBBL,51,32,200,213.00,"42,600.00"
2019-01-30,2019013001003362,KBBL,48,48,21,212.00,"4,452.00"
2019-01-30,2019013001003181,KBBL,22,48,200,212.00,"42,400.00"
2019-01-30,2019013001003537,KBL,41,22,470,245.00,"115,150.00"
2019-01-30,2019013001003515,KBL,44,56,"8,023",244.00,"1,957,612.00"
2019-01-30,2019013001003514,KBL,50,56,500,244.00,"122,000.00"
2019-01-30,2019013001003513,KBL,16,56,60,244.00,"14,640.00"
2019-01-30,2019013001003512,KBL,40,56,"1,000",244.00,"244,000.00"
2019-01-30,2019013001003511,KBL,53,56,417,244.00,"101,748.00"
2019-01-30,2019013001003419,KBL,52,22,50,245.00,"12,250.00"
2019-01-30,2019013001003418,KBL,52,39,100,245.00,"24,500.00"
2019-01-30,2019013001003481,KMFL,19,38,100,997.00,"99,700.00"
2019-01-30,2019013001003449,KNBL,22,8,95,120.00,"11,400.00"
2019-01-30,2019013001003448,KNBL,56,8,124,120.00,"14,880.00"
2019-01-30,2019013001003200,KNBL,56,8,54,120.00,"6,480.00"
2019-01-30,2019013001003194,KNBL,56,35,22,120.00,"2,640.00"
2019-01-30,2019013001003193,KNBL,6,35,170,120.00,"20,400.00"
2019-01-30,2019013001003576,KPCL,45,57,10,96.00,960.00
2019-01-30,2019013001003442,KPCL,45,57,10,96.00,960.00
2019-01-30,2019013001003488,KPCL,45,57,10,96.00,960.00
2019-01-30,2019013001003508,KPCL,45,34,10,96.00,960.00
2019-01-30,2019013001003569,KPCL,45,35,10,96.00,960.00
2019-01-30,2019013001003457,KRBL,55,28,24,99.00,"2,376.00"
2019-01-30,2019013001003346,LBBL,33,49,552,174.00,"96,048.00"
2019-01-30,2019013001003345,LBBL,18,49,"1,000",174.00,"174,000.00"
2019-01-30,2019013001003293,LBBL,45,28,350,175.00,"61,250.00"
2019-01-30,2019013001003292,LBBL,16,28,50,175.00,"8,750.00"
2019-01-30,2019013001003291,LBBL,17,28,500,175.00,"87,500.00"
2019-01-30,2019013001003290,LBBL,56,28,500,175.00,"87,500.00"
2019-01-30,2019013001003289,LBBL,45,28,190,175.00,"33,250.00"
2019-01-30,2019013001003215,LBBL,40,25,100,176.00,"17,600.00"
2019-01-30,2019013001003557,LBL,49,26,21,198.00,"4,158.00"
2019-01-30,2019013001003524,LBL,49,25,28,198.00,"5,544.00"
2019-01-30,2019013001003232,LBL,7,25,100,198.00,"19,800.00"
2019-01-30,2019013001003116,LBL,17,34,100,197.00,"19,700.00"
2019-01-30,2019013001003475,LGIL,1,33,20,539.00,"10,780.00"
2019-01-30,2019013001003502,LICN,33,20,400,"1,720.00","688,000.00"
2019-01-30,2019013001003487,LICN,25,20,50,"1,720.00","86,000.00"
2019-01-30,2019013001003453,LICN,28,20,50,"1,720.00","86,000.00"
2019-01-30,2019013001003423,LLBS,36,36,6,797.00,"4,782.00"
2019-01-30,2019013001003447,MBL,43,1,13,210.00,"2,730.00"
2019-01-30,2019013001003376,MDB,28,34,50,285.00,"14,250.00"
2019-01-30,2019013001003441,MEGA,41,34,68,166.00,"11,288.00"
2019-01-30,2019013001003440,MEGA,26,34,500,166.00,"83,000.00"
2019-01-30,2019013001003439,MEGA,54,34,432,166.00,"71,712.00"
2019-01-30,2019013001003111,MEGA,54,16,568,166.00,"94,288.00"
2019-01-30,2019013001003110,MEGA,26,16,45,166.00,"7,470.00"
2019-01-30,2019013001003491,MERO,48,48,16,"1,153.00","18,448.00"
2019-01-30,2019013001003472,MERO,33,51,16,"1,151.00","18,416.00"
2019-01-30,2019013001003446,MERO,57,58,20,"1,154.00","23,080.00"
2019-01-30,2019013001003272,MERO,33,45,14,"1,151.00","16,114.00"
2019-01-30,2019013001003148,MERO,42,32,25,"1,155.00","28,875.00"
2019-01-30,2019013001003141,MERO,1,32,50,"1,155.00","57,750.00"
2019-01-30,2019013001003235,MLBL,48,16,128,172.00,"22,016.00"
2019-01-30,2019013001003456,MNBBL,54,14,50,350.00,"17,500.00"
2019-01-30,2019013001003340,MSLB,5,18,50,"1,508.00","75,400.00"
2019-01-30,2019013001003339,MSLB,5,53,20,"1,505.00","30,100.00"
2019-01-30,2019013001003338,MSLB,5,11,20,"1,499.00","29,980.00"
2019-01-30,2019013001003337,MSLB,5,40,60,"1,498.00","89,880.00"
2019-01-30,2019013001003336,MSLB,5,47,50,"1,497.00","74,850.00"
2019-01-30,2019013001003199,MSLB,41,47,100,"1,490.00","149,000.00"
2019-01-30,2019013001003548,MSMBS,47,54,11,555.00,"6,105.00"
2019-01-30,2019013001003372,MSMBS,47,38,44,555.00,"24,420.00"
2019-01-30,2019013001003371,MSMBS,43,38,56,555.00,"31,080.00"
2019-01-30,2019013001003445,NABIL,35,16,30,837.00,"25,110.00"
2019-01-30,2019013001003351,NABIL,6,16,100,837.00,"83,700.00"
2019-01-30,2019013001003332,NABILP,19,11,60,727.00,"43,620.00"
2019-01-30,2019013001003331,NABILP,19,32,100,727.00,"72,700.00"
2019-01-30,2019013001003330,NABILP,19,22,40,727.00,"29,080.00"
2019-01-30,2019013001003597,NADEP,16,47,10,788.00,"7,880.00"
2019-01-30,2019013001003544,NADEP,16,32,10,788.00,"7,880.00"
2019-01-30,2019013001003420,NADEP,16,47,10,788.00,"7,880.00"
2019-01-30,2019013001003325,NADEP,16,34,80,788.00,"63,040.00"
2019-01-30,2019013001003180,NADEP,55,33,40,783.00,"31,320.00"
2019-01-30,2019013001003516,NBB,20,19,40,185.00,"7,400.00"
2019-01-30,2019013001003421,NBB,51,6,56,184.00,"10,304.00"
2019-01-30,2019013001003397,NBB,51,6,144,184.00,"26,496.00"
2019-01-30,2019013001003262,NBB,14,5,49,183.00,"8,967.00"
2019-01-30,2019013001003261,NBB,49,5,250,183.00,"45,750.00"
2019-01-30,2019013001003260,NBB,29,5,250,183.00,"45,750.00"
2019-01-30,2019013001003259,NBB,51,5,200,183.00,"36,600.00"
2019-01-30,2019013001003258,NBB,32,5,200,183.00,"36,600.00"
2019-01-30,2019013001003257,NBB,51,5,200,183.00,"36,600.00"
2019-01-30,2019013001003230,NBB,48,13,200,184.00,"36,800.00"
2019-01-30,2019013001003404,NBBL,42,19,100,724.00,"72,400.00"
2019-01-30,2019013001003586,NBL,44,50,50,291.00,"14,550.00"
2019-01-30,2019013001003585,NBL,44,54,250,291.00,"72,750.00"
2019-01-30,2019013001003298,NBL,52,33,243,290.00,"70,470.00"
2019-01-30,2019013001003280,NBL,52,33,757,290.00,"219,530.00"
2019-01-30,2019013001003279,NBL,52,11,243,290.00,"70,470.00"
2019-01-30,2019013001003126,NBL,28,11,257,290.00,"74,530.00"
2019-01-30,2019013001003536,NCCB,38,4,938,212.00,"198,856.00"
2019-01-30,2019013001003192,NCCB,33,34,"1,000",212.00,"212,000.00"
2019-01-30,2019013001003191,NCCB,37,34,200,212.00,"42,400.00"
2019-01-30,2019013001003190,NCCB,17,34,300,212.00,"63,600.00"
2019-01-30,2019013001003183,NCCB,45,4,400,213.00,"85,200.00"
2019-01-30,2019013001003182,NCCB,45,55,500,213.00,"106,500.00"
2019-01-30,2019013001003350,NCDB,43,19,27,120.00,"3,240.00"
2019-01-30,2019013001003349,NCDB,43,4,305,119.00,"36,295.00"
2019-01-30,2019013001003535,NIB,52,58,25,532.00,"13,300.00"
2019-01-30,2019013001003380,NIB,17,58,200,532.00,"106,400.00"
2019-01-30,2019013001003368,NIB,56,25,660,531.00,"350,460.00"
2019-01-30,2019013001003367,NIB,59,25,50,531.00,"26,550.00"
2019-01-30,2019013001003366,NIB,45,25,200,531.00,"106,200.00"
2019-01-30,2019013001003365,NIB,37,25,290,531.00,"153,990.00"
2019-01-30,2019013001003157,NIB,38,17,36,532.00,"19,152.00"
2019-01-30,2019013001003133,NIB,38,18,37,532.00,"19,684.00"
2019-01-30,2019013001003165,NIB,49,17,15,532.00,"7,980.00"
2019-01-30,2019013001003164,NIB,50,17,100,532.00,"53,200.00"
2019-01-30,2019013001003163,NIB,1,17,341,532.00,"181,412.00"
2019-01-30,2019013001003160,NIB,1,17,159,532.00,"84,588.00"
2019-01-30,2019013001003159,NIB,48,17,200,532.00,"106,400.00"
2019-01-30,2019013001003158,NIB,22,17,105,532.00,"55,860.00"
2019-01-30,2019013001003314,NIB,37,25,30,531.00,"15,930.00"
2019-01-30,2019013001003179,NIB,53,58,"1,500",532.00,"798,000.00"
2019-01-30,2019013001003178,NIB,8,58,100,532.00,"53,200.00"
2019-01-30,2019013001003177,NIB,47,58,10,532.00,"5,320.00"
2019-01-30,2019013001003176,NIB,28,58,23,532.00,"12,236.00"
2019-01-30,2019013001003166,NIB,28,17,77,532.00,"40,964.00"
2019-01-30,2019013001003549,NICA,36,6,25,392.00,"9,800.00"
2019-01-30,2019013001003540,NICA,17,43,108,391.00,"42,228.00"
2019-01-30,2019013001003539,NICA,58,43,100,391.00,"39,100.00"
2019-01-30,2019013001003538,NICA,21,43,62,391.00,"24,242.00"
2019-01-30,2019013001003277,NICA,58,58,"17,990",392.00,"7,052,080.00"
2019-01-30,2019013001003172,NICA,55,39,"1,000",392.00,"392,000.00"
2019-01-30,2019013001003559,NICL,45,19,10,569.00,"5,690.00"
2019-01-30,2019013001003127,NICL,52,52,200,568.00,"113,600.00"
2019-01-30,2019013001003443,NIL,34,46,100,533.00,"53,300.00"
2019-01-30,2019013001003427,NIL,34,38,289,533.00,"154,037.00"
2019-01-30,2019013001003426,NIL,28,38,500,535.00,"267,500.00"
2019-01-30,2019013001003425,NIL,42,38,10,535.00,"5,350.00"
2019-01-30,2019013001003596,NLG,25,53,50,868.00,"43,400.00"
2019-01-30,2019013001003595,NLG,25,47,50,867.00,"43,350.00"
2019-01-30,2019013001003434,NLG,53,49,40,852.00,"34,080.00"
2019-01-30,2019013001003531,NLIC,48,48,17,"1,092.00","18,564.00"
2019-01-30,2019013001003417,NLIC,33,8,500,"1,090.00","545,000.00"
2019-01-30,2019013001003416,NLIC,41,8,85,"1,090.00","92,650.00"
2019-01-30,2019013001003415,NLIC,33,8,52,"1,091.00","56,732.00"
2019-01-30,2019013001003393,NLIC,33,13,700,"1,092.00","764,400.00"
2019-01-30,2019013001003392,NLIC,33,40,30,"1,092.00","32,760.00"
2019-01-30,2019013001003333,NLIC,33,19,151,"1,091.00","164,741.00"
2019-01-30,2019013001003297,NLIC,11,40,20,"1,092.00","21,840.00"
2019-01-30,2019013001003294,NLIC,33,25,246,"1,091.00","268,386.00"
2019-01-30,2019013001003198,NLIC,32,40,100,"1,092.00","109,200.00"
2019-01-30,2019013001003592,NMB,44,49,100,317.00,"31,700.00"
2019-01-30,2019013001003553,NMB,58,49,49,317.00,"15,533.00"
2019-01-30,2019013001003552,NMB,58,28,101,317.00,"32,017.00"
2019-01-30,2019013001003422,NMB,17,28,50,317.00,"15,850.00"
2019-01-30,2019013001003358,NMB,6,38,100,316.00,"31,600.00"
2019-01-30,2019013001003218,NMB,6,45,22,316.00,"6,952.00"
2019-01-30,2019013001003196,NMB,6,57,85,316.00,"26,860.00"
2019-01-30,2019013001003479,NMFBS,34,28,20,"1,700.00","34,000.00"
2019-01-30,2019013001003316,NMFBS,37,34,10,"1,700.00","17,000.00"
2019-01-30,2019013001003247,NMFBS,52,7,50,"1,734.00","86,700.00"
2019-01-30,2019013001003246,NMFBS,52,42,10,"1,730.00","17,300.00"
2019-01-30,2019013001003245,NMFBS,52,45,10,"1,729.00","17,290.00"
2019-01-30,2019013001003244,NMFBS,52,4,12,"1,720.00","20,640.00"
2019-01-30,2019013001003243,NMFBS,52,57,12,"1,700.00","20,400.00"
2019-01-30,2019013001003589,NSEWA,14,36,10,618.00,"6,180.00"
2019-01-30,2019013001003580,NSEWA,14,36,10,618.00,"6,180.00"
2019-01-30,2019013001003572,NSEWA,14,36,10,618.00,"6,180.00"
2019-01-30,2019013001003398,NSEWA,55,29,10,617.00,"6,170.00"
2019-01-30,2019013001003161,NSEWA,55,57,10,617.00,"6,170.00"
2019-01-30,2019013001003406,OHL,44,20,500,433.00,"216,500.00"
2019-01-30,2019013001003405,OHL,59,20,200,434.00,"86,800.00"
2019-01-30,2019013001003409,OHL,56,20,"2,143",430.00,"921,490.00"
2019-01-30,2019013001003408,OHL,16,20,300,431.00,"129,300.00"
2019-01-30,2019013001003407,OHL,33,20,250,432.00,"108,000.00"
2019-01-30,2019013001003579,PCBL,53,41,100,321.00,"32,100.00"
2019-01-30,2019013001003578,PCBL,41,41,100,322.00,"32,200.00"
2019-01-30,2019013001003577,PCBL,41,41,300,322.00,"96,600.00"
2019-01-30,2019013001003428,PCBL,53,46,250,321.00,"80,250.00"
2019-01-30,2019013001003234,PCBL,53,34,100,321.00,"32,100.00"
2019-01-30,2019013001003550,PIC,41,34,11,"1,043.00","11,473.00"
2019-01-30,2019013001003414,PIC,42,44,100,"1,048.00","104,800.00"
2019-01-30,2019013001003282,PIC,42,28,11,"1,042.00","11,462.00"
2019-01-30,2019013001003599,PLIC,33,19,10,491.00,"4,910.00"
2019-01-30,2019013001003271,PLIC,21,38,200,486.00,"97,200.00"
2019-01-30,2019013001003270,PLIC,1,38,20,486.00,"9,720.00"
2019-01-30,2019013001003214,PLIC,52,52,8,487.00,"3,896.00"
2019-01-30,2019013001003269,PLIC,35,38,20,486.00,"9,720.00"
2019-01-30,2019013001003268,PLIC,5,38,100,487.00,"48,700.00"
2019-01-30,2019013001003267,PLIC,28,38,200,488.00,"97,600.00"
2019-01-30,2019013001003266,PLIC,7,38,50,489.00,"24,450.00"
2019-01-30,2019013001003591,PMHPL,22,34,10,108.00,"1,080.00"
2019-01-30,2019013001003563,PMHPL,22,10,10,108.00,"1,080.00"
2019-01-30,2019013001003561,PMHPL,48,37,10,109.00,"1,090.00"
2019-01-30,2019013001003556,PMHPL,22,48,10,108.00,"1,080.00"
2019-01-30,2019013001003493,PMHPL,22,57,10,108.00,"1,080.00"
2019-01-30,2019013001003480,PMHPL,22,8,10,108.00,"1,080.00"
2019-01-30,2019013001003463,PMHPL,22,41,10,109.00,"1,090.00"
2019-01-30,2019013001003295,PMHPL,10,35,10,107.00,"1,070.00"
2019-01-30,2019013001003469,PMHPL,22,42,10,109.00,"1,090.00"
2019-01-30,2019013001003468,PMHPL,22,42,30,109.00,"3,270.00"
2019-01-30,2019013001003467,PMHPL,22,41,10,109.00,"1,090.00"
2019-01-30,2019013001003466,PMHPL,22,41,10,109.00,"1,090.00"
2019-01-30,2019013001003465,PMHPL,22,41,10,109.00,"1,090.00"
2019-01-30,2019013001003464,PMHPL,22,38,10,109.00,"1,090.00"
2019-01-30,2019013001003534,PRIN,45,22,100,447.00,"44,700.00"
2019-01-30,2019013001003533,PRIN,45,22,100,447.00,"44,700.00"
2019-01-30,2019013001003532,PRIN,41,22,25,447.00,"11,175.00"
2019-01-30,2019013001003204,PRIN,41,19,25,447.00,"11,175.00"
2019-01-30,2019013001003500,PRVU,8,4,422,240.00,"101,280.00"
2019-01-30,2019013001003499,PRVU,29,4,200,240.00,"48,000.00"
2019-01-30,2019013001003498,PRVU,34,4,500,240.00,"120,000.00"
2019-01-30,2019013001003497,PRVU,42,4,100,240.00,"24,000.00"
2019-01-30,2019013001003496,PRVU,44,4,100,240.00,"24,000.00"
2019-01-30,2019013001003208,PRVU,45,1,19,240.00,"4,560.00"
2019-01-30,2019013001003431,PRVU,25,6,500,240.00,"120,000.00"
2019-01-30,2019013001003430,PRVU,36,6,164,240.00,"39,360.00"
2019-01-30,2019013001003429,PRVU,45,6,101,240.00,"24,240.00"
2019-01-30,2019013001003495,PRVU,14,4,465,240.00,"111,600.00"
2019-01-30,2019013001003452,PRVU,47,4,131,241.00,"31,571.00"
2019-01-30,2019013001003451,PRVU,47,40,100,241.00,"24,100.00"
2019-01-30,2019013001003450,PRVU,47,54,269,241.00,"64,829.00"
2019-01-30,2019013001003433,PRVU,14,6,35,240.00,"8,400.00"
2019-01-30,2019013001003432,PRVU,34,6,200,240.00,"48,000.00"
2019-01-30,2019013001003486,PURBL,25,8,100,153.00,"15,300.00"
2019-01-30,2019013001003413,PURBL,25,42,10,156.00,"1,560.00"
2019-01-30,2019013001003503,RADHI,22,8,11,163.00,"1,793.00"
2019-01-30,2019013001003324,RHPC,36,5,50,98.00,"4,900.00"
2019-01-30,2019013001003361,RMDC,46,22,51,545.00,"27,795.00"
2019-01-30,2019013001003229,RMDC,46,43,146,545.00,"79,570.00"
2019-01-30,2019013001003228,RMDC,34,43,17,546.00,"9,282.00"
2019-01-30,2019013001003227,RMDC,59,43,174,546.00,"95,004.00"
2019-01-30,2019013001003575,RRHP,45,35,10,99.00,990.00
2019-01-30,2019013001003526,RRHP,45,8,10,99.00,990.00
2019-01-30,2019013001003296,RRHP,45,28,10,100.00,"1,000.00"
2019-01-30,2019013001003256,RRHP,45,50,10,100.00,"1,000.00"
2019-01-30,2019013001003219,RRHP,45,8,10,100.00,"1,000.00"
2019-01-30,2019013001003348,RSDC,35,45,32,389.00,"12,448.00"
2019-01-30,2019013001003347,RSDC,35,19,60,388.00,"23,280.00"
2019-01-30,2019013001003274,SANIMA,52,52,2,300.00,600.00
2019-01-30,2019013001003189,SANIMA,42,55,100,302.00,"30,200.00"
2019-01-30,2019013001003188,SANIMA,45,55,100,302.00,"30,200.00"
2019-01-30,2019013001003187,SANIMA,33,55,200,302.00,"60,400.00"
2019-01-30,2019013001003186,SANIMA,29,55,150,302.00,"45,300.00"
2019-01-30,2019013001003185,SANIMA,38,55,14,302.00,"4,228.00"
2019-01-30,2019013001003137,SANIMA,17,55,184,303.00,"55,752.00"
2019-01-30,2019013001003562,SBL,47,40,40,286.00,"11,440.00"
2019-01-30,2019013001003226,SBL,47,4,156,286.00,"44,616.00"
2019-01-30,2019013001003225,SBL,47,4,300,286.00,"85,800.00"
2019-01-30,2019013001003224,SBL,43,4,150,286.00,"42,900.00"
2019-01-30,2019013001003223,SBL,43,4,36,286.00,"10,296.00"
2019-01-30,2019013001003222,SBL,43,34,81,286.00,"23,166.00"
2019-01-30,2019013001003221,SBL,34,34,19,287.00,"5,453.00"
2019-01-30,2019013001003519,SCB,17,14,100,565.00,"56,500.00"
2019-01-30,2019013001003518,SCB,17,39,300,565.00,"169,500.00"
2019-01-30,2019013001003460,SCB,56,1,100,564.00,"56,400.00"
2019-01-30,2019013001003184,SCB,42,34,20,563.00,"11,260.00"
2019-01-30,2019013001003209,SDESI,18,18,6,630.00,"3,780.00"
2019-01-30,2019013001003175,SDESI,45,18,23,628.00,"14,444.00"
2019-01-30,2019013001003115,SDESI,42,18,23,629.00,"14,467.00"
2019-01-30,2019013001003113,SDESI,42,18,23,629.00,"14,467.00"
2019-01-30,2019013001003109,SDESI,42,18,23,629.00,"14,467.00"
2019-01-30,2019013001003105,SDESI,58,18,17,630.00,"10,710.00"
2019-01-30,2019013001003101,SDESI,58,18,13,630.00,"8,190.00"
2019-01-30,2019013001003506,SFFIL,55,42,30,222.00,"6,660.00"
2019-01-30,2019013001003505,SFFIL,34,42,36,222.00,"7,992.00"
2019-01-30,2019013001003251,SHPC,37,4,22,231.00,"5,082.00"
2019-01-30,2019013001003590,SIC,25,10,17,"1,346.00","22,882.00"
2019-01-30,2019013001003155,SIC,26,42,10,"1,320.00","13,200.00"
2019-01-30,2019013001003154,SIC,26,42,20,"1,319.00","26,380.00"
2019-01-30,2019013001003436,SICL,47,32,51,925.00,"47,175.00"
2019-01-30,2019013001003374,SICL,47,22,100,925.00,"92,500.00"
2019-01-30,2019013001003131,SICL,47,47,28,925.00,"25,900.00"
2019-01-30,2019013001003485,SIL,57,56,42,640.00,"26,880.00"
2019-01-30,2019013001003395,SIL,53,44,500,648.00,"324,000.00"
2019-01-30,2019013001003567,SLICL,57,41,250,544.00,"136,000.00"
2019-01-30,2019013001003566,SLICL,52,41,100,545.00,"54,500.00"
2019-01-30,2019013001003565,SLICL,32,41,100,545.00,"54,500.00"
2019-01-30,2019013001003564,SLICL,41,41,50,546.00,"27,300.00"
2019-01-30,2019013001003377,SLICL,1,22,61,546.00,"33,306.00"
2019-01-30,2019013001003344,SLICL,19,22,10,546.00,"5,460.00"
2019-01-30,2019013001003343,SLICL,58,22,100,546.00,"54,600.00"
2019-01-30,2019013001003326,SLICL,25,58,100,546.00,"54,600.00"
2019-01-30,2019013001003568,SMATA,36,34,50,"1,270.00","63,500.00"
2019-01-30,2019013001003129,SMATA,34,34,10,"1,274.00","12,740.00"
2019-01-30,2019013001003128,SMATA,34,42,18,"1,274.00","22,932.00"
2019-01-30,2019013001003551,SPDL,45,8,15,93.00,"1,395.00"
2019-01-30,2019013001003373,SPDL,45,8,15,93.00,"1,395.00"
2019-01-30,2019013001003265,SPDL,45,4,15,93.00,"1,395.00"
2019-01-30,2019013001003233,SPDL,45,8,15,93.00,"1,395.00"
2019-01-30,2019013001003357,TRH,14,13,10,251.00,"2,510.00"
2019-01-30,2019013001003356,TRH,14,50,100,251.00,"25,100.00"
2019-01-30,2019013001003355,TRH,14,42,40,250.00,"10,000.00"
2019-01-30,2019013001003354,TRH,14,55,100,250.00,"25,000.00"
2019-01-30,2019013001003353,TRH,14,55,80,249.00,"19,920.00"
2019-01-30,2019013001003352,TRH,14,4,150,248.00,"37,200.00"
2019-01-30,2019013001003541,UIC,19,5,100,780.00,"78,000.00"
2019-01-30,2019013001003462,UMHL,59,1,10,117.00,"1,170.00"
2019-01-30,2019013001003381,UMHL,59,8,14,117.00,"1,638.00"
2019-01-30,2019013001003299,UMHL,7,43,487,119.00,"57,953.00"
2019-01-30,2019013001003273,UMHL,7,8,13,119.00,"1,547.00"
2019-01-30,2019013001003593,UPPER,16,1,40,257.00,"10,280.00"
2019-01-30,2019013001003588,UPPER,16,35,50,257.00,"12,850.00"
2019-01-30,2019013001003587,UPPER,16,1,50,257.00,"12,850.00"
2019-01-30,2019013001003584,UPPER,48,16,50,258.00,"12,900.00"
2019-01-30,2019013001003574,UPPER,16,48,50,257.00,"12,850.00"
2019-01-30,2019013001003130,UPPER,41,14,50,257.00,"12,850.00"
2019-01-30,2019013001003123,UPPER,41,39,40,257.00,"10,280.00"
2019-01-30,2019013001003112,UPPER,41,39,40,257.00,"10,280.00"
2019-01-30,2019013001003106,UPPER,41,39,40,257.00,"10,280.00"
2019-01-30,2019013001003104,UPPER,41,14,50,257.00,"12,850.00"
2019-01-30,2019013001003103,UPPER,41,39,40,257.00,"10,280.00"
2019-01-30,2019013001003151,UPPER,41,50,40,257.00,"10,280.00"
2019-01-30,2019013001003147,UPPER,41,39,40,257.00,"10,280.00"
2019-01-30,2019013001003143,UPPER,41,14,50,257.00,"12,850.00"
2019-01-30,2019013001003140,UPPER,41,8,50,257.00,"12,850.00"
2019-01-30,2019013001003136,UPPER,41,39,40,257.00,"10,280.00"
2019-01-30,2019013001003132,UPPER,41,39,40,257.00,"10,280.00"
2019-01-30,2019013001003202,UPPER,41,39,40,257.00,"10,280.00"
2019-01-30,2019013001003201,UPPER,41,47,40,257.00,"10,280.00"
2019-01-30,2019013001003195,UPPER,41,1,50,257.00,"12,850.00"
2019-01-30,2019013001003173,UPPER,41,39,40,257.00,"10,280.00"
2019-01-30,2019013001003162,UPPER,41,39,40,257.00,"10,280.00"
2019-01-30,2019013001003152,UPPER,41,39,40,257.00,"10,280.00"
2019-01-30,2019013001003253,UPPER,42,49,30,258.00,"7,740.00"
2019-01-30,2019013001003248,UPPER,41,29,40,257.00,"10,280.00"
2019-01-30,2019013001003231,UPPER,41,14,50,257.00,"12,850.00"
2019-01-30,2019013001003220,UPPER,41,33,40,257.00,"10,280.00"
2019-01-30,2019013001003217,UPPER,42,49,10,258.00,"2,580.00"
2019-01-30,2019013001003216,UPPER,42,3,50,258.00,"12,900.00"
2019-01-30,2019013001003281,UPPER,41,21,40,257.00,"10,280.00"
2019-01-30,2019013001003278,UPPER,41,29,50,257.00,"12,850.00"
2019-01-30,2019013001003275,UPPER,41,21,50,257.00,"12,850.00"
2019-01-30,2019013001003263,UPPER,41,33,40,257.00,"10,280.00"
2019-01-30,2019013001003255,UPPER,42,26,20,258.00,"5,160.00"
2019-01-30,2019013001003254,UPPER,42,26,50,258.00,"12,900.00"
2019-01-30,2019013001003317,UPPER,41,21,40,257.00,"10,280.00"
2019-01-30,2019013001003288,UPPER,40,6,40,258.00,"10,320.00"
2019-01-30,2019013001003287,UPPER,40,26,40,258.00,"10,320.00"
2019-01-30,2019013001003286,UPPER,40,26,50,258.00,"12,900.00"
2019-01-30,2019013001003285,UPPER,40,26,50,258.00,"12,900.00"
2019-01-30,2019013001003284,UPPER,40,26,20,258.00,"5,160.00"
2019-01-30,2019013001003383,UPPER,48,26,30,257.00,"7,710.00"
2019-01-30,2019013001003379,UPPER,48,26,20,257.00,"5,140.00"
2019-01-30,2019013001003378,UPPER,41,26,30,257.00,"7,710.00"
2019-01-30,2019013001003363,UPPER,41,57,40,257.00,"10,280.00"
2019-01-30,2019013001003321,UPPER,41,21,10,257.00,"2,570.00"
2019-01-30,2019013001003318,UPPER,41,34,50,257.00,"12,850.00"
2019-01-30,2019013001003411,UPPER,51,57,50,257.00,"12,850.00"
2019-01-30,2019013001003410,UPPER,51,35,50,257.00,"12,850.00"
2019-01-30,2019013001003399,UPPER,13,16,50,257.00,"12,850.00"
2019-01-30,2019013001003391,UPPER,33,8,40,257.00,"10,280.00"
2019-01-30,2019013001003390,UPPER,33,26,40,257.00,"10,280.00"
2019-01-30,2019013001003384,UPPER,33,26,20,257.00,"5,140.00"
2019-01-30,2019013001003477,UPPER,8,16,13,257.00,"3,341.00"
2019-01-30,2019013001003473,UPPER,8,16,50,257.00,"12,850.00"
2019-01-30,2019013001003461,UPPER,8,16,50,257.00,"12,850.00"
2019-01-30,2019013001003444,UPPER,8,16,40,257.00,"10,280.00"
2019-01-30,2019013001003412,UPPER,8,57,47,257.00,"12,079.00"
2019-01-30,2019013001003501,UPPER,16,59,40,257.00,"10,280.00"
2019-01-30,2019013001003494,UPPER,16,26,40,257.00,"10,280.00"
2019-01-30,2019013001003492,UPPER,16,16,40,257.00,"10,280.00"
2019-01-30,2019013001003484,UPPER,16,16,50,257.00,"12,850.00"
2019-01-30,2019013001003478,UPPER,16,16,37,257.00,"9,509.00"
2019-01-30,2019013001003530,UPPER,16,22,50,257.00,"12,850.00"
2019-01-30,2019013001003527,UPPER,16,17,50,257.00,"12,850.00"
2019-01-30,2019013001003517,UPPER,16,17,40,257.00,"10,280.00"
2019-01-30,2019013001003509,UPPER,16,59,50,257.00,"12,850.00"
2019-01-30,2019013001003504,UPPER,16,17,40,257.00,"10,280.00"
2019-01-30,2019013001003570,UPPER,16,51,159,257.00,"40,863.00"
2019-01-30,2019013001003560,UPPER,16,17,50,257.00,"12,850.00"
2019-01-30,2019013001003555,UPPER,16,17,50,257.00,"12,850.00"
2019-01-30,2019013001003546,UPPER,16,17,40,257.00,"10,280.00"
2019-01-30,2019013001003542,UPPER,16,17,40,257.00,"10,280.00"
2019-01-30,2019013001003394,VLBS,40,38,15,685.00,"10,275.00"
2019-01-30,2019013001003543,WOMI,33,55,200,"1,130.00","226,000.00"
2019-01-30,2019013001003080,ADBL,58,34,40,339.00,"13,560.00"
2019-01-30,2019013001003079,ADBL,49,34,10,339.00,"3,390.00"
2019-01-30,2019013001002985,AHPC,25,58,235,102.00,"23,970.00"
2019-01-30,2019013001002891,AHPC,48,4,147,103.00,"15,141.00"
2019-01-30,2019013001002678,AHPC,48,57,53,103.00,"5,459.00"
2019-01-30,2019013001003063,AKJCL,39,39,20,86.00,"1,720.00"
2019-01-30,2019013001003062,AKJCL,39,39,20,86.00,"1,720.00"
2019-01-30,2019013001003061,AKJCL,39,39,10,86.00,860.00
2019-01-30,2019013001003060,AKJCL,39,39,20,86.00,"1,720.00"
2019-01-30,2019013001003059,AKJCL,39,39,10,86.00,860.00
2019-01-30,2019013001003058,AKJCL,39,39,10,86.00,860.00
2019-01-30,2019013001003057,AKJCL,39,39,20,86.00,"1,720.00"
2019-01-30,2019013001003056,AKJCL,39,39,20,86.00,"1,720.00"
2019-01-30,2019013001003055,AKJCL,39,39,10,86.00,860.00
2019-01-30,2019013001002972,AKJCL,13,49,10,85.00,850.00
2019-01-30,2019013001002965,AKJCL,13,29,10,85.00,850.00
2019-01-30,2019013001002896,AKPL,28,4,20,184.00,"3,680.00"
2019-01-30,2019013001002869,AKPL,37,40,40,185.00,"7,400.00"
2019-01-30,2019013001002868,AKPL,37,6,10,185.00,"1,850.00"
2019-01-30,2019013001002853,AKPL,28,22,13,184.00,"2,392.00"
2019-01-30,2019013001002795,AKPL,28,22,13,184.00,"2,392.00"
2019-01-30,2019013001002792,AMFI,19,19,10,720.00,"7,200.00"
2019-01-30,2019013001002646,API,38,39,500,140.00,"70,000.00"
2019-01-30,2019013001002645,API,58,39,861,140.00,"120,540.00"
2019-01-30,2019013001002644,API,43,39,500,140.00,"70,000.00"
2019-01-30,2019013001002643,API,8,39,200,140.00,"28,000.00"
2019-01-30,2019013001002642,API,55,39,200,140.00,"28,000.00"
2019-01-30,2019013001002641,API,43,39,233,141.00,"32,853.00"
2019-01-30,2019013001002640,API,21,39,50,141.00,"7,050.00"
2019-01-30,2019013001002639,API,7,39,217,141.00,"30,597.00"
2019-01-30,2019013001002906,BOKL,8,4,135,252.00,"34,020.00"
2019-01-30,2019013001002608,BOKL,17,13,20,253.00,"5,060.00"
2019-01-30,2019013001002607,BOKL,17,59,86,253.00,"21,758.00"
2019-01-30,2019013001002636,CBBL,16,35,45,865.00,"38,925.00"
2019-01-30,2019013001002601,CBBL,16,50,40,865.00,"34,600.00"
2019-01-30,2019013001002968,CBL,42,58,109,158.00,"17,222.00"
2019-01-30,2019013001002751,CBL,38,16,300,159.00,"47,700.00"
2019-01-30,2019013001002740,CBL,38,16,300,159.00,"47,700.00"
2019-01-30,2019013001003090,CCBL,26,34,100,169.00,"16,900.00"
2019-01-30,2019013001002971,CCBL,26,4,740,169.00,"125,060.00"
2019-01-30,2019013001002898,CCBL,26,42,119,169.00,"20,111.00"
2019-01-30,2019013001002856,CCBL,26,22,26,169.00,"4,394.00"
2019-01-30,2019013001002623,CCBL,10,45,100,170.00,"17,000.00"
2019-01-30,2019013001002978,CFCL,58,4,24,110.00,"2,640.00"
2019-01-30,2019013001002977,CFCL,48,4,23,110.00,"2,530.00"
2019-01-30,2019013001003087,CHCL,47,6,300,533.00,"159,900.00"
2019-01-30,2019013001003086,CHCL,47,10,450,532.00,"239,400.00"
2019-01-30,2019013001003042,CHCL,41,10,30,531.00,"15,930.00"
2019-01-30,2019013001002887,CHCL,35,10,100,530.00,"53,000.00"
2019-01-30,2019013001002886,CHCL,17,10,393,530.00,"208,290.00"
2019-01-30,2019013001002606,CHCL,17,16,25,530.00,"13,250.00"
2019-01-30,2019013001002605,CHCL,17,16,57,531.00,"30,267.00"
2019-01-30,2019013001003078,CHL,41,22,50,100.00,"5,000.00"
2019-01-30,2019013001002858,CIT,54,45,20,"2,720.00","54,400.00"
2019-01-30,2019013001002857,CIT,54,42,100,"2,720.00","272,000.00"
2019-01-30,2019013001002822,CIT,6,34,16,"2,718.00","43,488.00"
2019-01-30,2019013001002757,CIT,55,45,97,"2,718.00","263,646.00"
2019-01-30,2019013001002756,CIT,55,5,50,"2,717.00","135,850.00"
2019-01-30,2019013001002755,CIT,55,5,53,"2,715.00","143,895.00"
2019-01-30,2019013001002894,CLBSL,44,44,10,705.00,"7,050.00"
2019-01-30,2019013001002708,CLBSL,17,35,16,710.00,"11,360.00"
2019-01-30,2019013001002799,CZBIL,17,22,17,210.00,"3,570.00"
2019-01-30,2019013001002797,CZBIL,17,59,10,210.00,"2,100.00"
2019-01-30,2019013001002814,DBBL,25,16,451,126.00,"56,826.00"
2019-01-30,2019013001002893,DDBL,53,34,20,580.00,"11,600.00"
2019-01-30,2019013001002923,EBL,53,33,130,525.00,"68,250.00"
2019-01-30,2019013001002922,EBL,53,19,276,525.00,"144,900.00"
2019-01-30,2019013001002905,EBL,41,33,30,525.00,"15,750.00"
2019-01-30,2019013001002843,EBL,51,33,40,525.00,"21,000.00"
2019-01-30,2019013001002652,EBL,55,19,13,525.00,"6,825.00"
2019-01-30,2019013001002651,EBL,55,50,137,525.00,"71,925.00"
2019-01-30,2019013001002967,EDBL,52,19,50,287.00,"14,350.00"
2019-01-30,2019013001002670,GBBL,17,39,"1,000",185.00,"185,000.00"
2019-01-30,2019013001002669,GBBL,58,39,50,185.00,"9,250.00"
2019-01-30,2019013001002668,GBBL,45,39,145,185.00,"26,825.00"
2019-01-30,2019013001002667,GBBL,1,39,293,185.00,"54,205.00"
2019-01-30,2019013001002666,GBBL,42,39,130,185.00,"24,050.00"
2019-01-30,2019013001002665,GBBL,41,39,200,186.00,"37,200.00"
2019-01-30,2019013001002664,GBBL,42,39,230,186.00,"42,780.00"
2019-01-30,2019013001002663,GBBL,1,39,160,186.00,"29,760.00"
2019-01-30,2019013001003025,GBIME,54,4,476,265.00,"126,140.00"
2019-01-30,2019013001003024,GBIME,25,4,80,266.00,"21,280.00"
2019-01-30,2019013001003023,GBIME,1,4,200,266.00,"53,200.00"
2019-01-30,2019013001003022,GBIME,7,4,516,268.00,"138,288.00"
2019-01-30,2019013001003017,GBIME,7,55,300,268.00,"80,400.00"
2019-01-30,2019013001003016,GBIME,7,42,100,268.00,"26,800.00"
2019-01-30,2019013001002996,GBIME,7,4,16,267.00,"4,272.00"
2019-01-30,2019013001002979,GBIME,7,18,68,267.00,"18,156.00"
2019-01-30,2019013001002676,GBIME,7,25,500,268.00,"134,000.00"
2019-01-30,2019013001002675,GBIME,7,36,278,268.00,"74,504.00"
2019-01-30,2019013001003074,GBLBS,13,39,10,440.00,"4,400.00"
2019-01-30,2019013001003047,GBLBS,13,4,10,440.00,"4,400.00"
2019-01-30,2019013001002904,GBLBS,13,42,10,440.00,"4,400.00"
2019-01-30,2019013001002860,GBLBS,13,48,10,440.00,"4,400.00"
2019-01-30,2019013001002610,GBLBS,13,10,10,440.00,"4,400.00"
2019-01-30,2019013001002928,GDBL,6,32,200,183.00,"36,600.00"
2019-01-30,2019013001002927,GDBL,34,32,500,183.00,"91,500.00"
2019-01-30,2019013001002926,GDBL,1,32,"1,990",183.00,"364,170.00"
2019-01-30,2019013001002914,GDBL,56,32,"1,688",184.00,"310,592.00"
2019-01-30,2019013001002913,GDBL,1,32,122,185.00,"22,570.00"
2019-01-30,2019013001002912,GDBL,7,32,500,186.00,"93,000.00"
2019-01-30,2019013001002872,GDBL,7,42,500,186.00,"93,000.00"
2019-01-30,2019013001002709,GFCL,43,50,50,124.00,"6,200.00"
2019-01-30,2019013001002844,GIMES1,1,38,220,8.51,"1,872.20"
2019-01-30,2019013001002815,GRDBL,46,22,50,105.00,"5,250.00"
2019-01-30,2019013001002704,GRDBL,46,57,50,105.00,"5,250.00"
2019-01-30,2019013001002637,GRDBL,52,59,105,106.00,"11,130.00"
2019-01-30,2019013001002696,HATH,6,39,10,116.00,"1,160.00"
2019-01-30,2019013001002903,HIDCL,53,22,56,142.00,"7,952.00"
2019-01-30,2019013001002902,HIDCL,53,22,56,142.00,"7,952.00"
2019-01-30,2019013001003077,HPPL,6,39,10,180.00,"1,800.00"
2019-01-30,2019013001003050,HPPL,6,4,10,180.00,"1,800.00"
2019-01-30,2019013001003021,HPPL,6,18,10,180.00,"1,800.00"
2019-01-30,2019013001002910,HPPL,6,42,10,180.00,"1,800.00"
2019-01-30,2019013001003070,IGI,47,35,200,445.00,"89,000.00"
2019-01-30,2019013001003069,IGI,47,6,300,444.00,"133,200.00"
2019-01-30,2019013001003068,IGI,47,41,39,442.00,"17,238.00"
2019-01-30,2019013001003051,JBBL,17,5,12,137.00,"1,644.00"
2019-01-30,2019013001002899,JBBL,17,18,54,137.00,"7,398.00"
2019-01-30,2019013001002700,JBBL,50,18,56,138.00,"7,728.00"
2019-01-30,2019013001003067,JBNL,45,5,20,166.00,"3,320.00"
2019-01-30,2019013001003066,JBNL,57,5,50,166.00,"8,300.00"
2019-01-30,2019013001003065,JBNL,57,5,50,166.00,"8,300.00"
2019-01-30,2019013001003064,JBNL,57,5,30,166.00,"4,980.00"
2019-01-30,2019013001002689,KADBL,59,38,100,160.00,"16,000.00"
2019-01-30,2019013001002674,KADBL,51,59,10,157.00,"1,570.00"
2019-01-30,2019013001002721,KBL,53,48,400,244.00,"97,600.00"
2019-01-30,2019013001003054,KMFL,20,42,20,"1,015.00","20,300.00"
2019-01-30,2019013001002930,KMFL,42,42,17,"1,015.00","17,255.00"
2019-01-30,2019013001002745,KMFL,42,58,100,"1,015.00","101,500.00"
2019-01-30,2019013001002744,KMFL,42,44,96,"1,014.00","97,344.00"
2019-01-30,2019013001002743,KMFL,42,13,37,"1,014.00","37,518.00"
2019-01-30,2019013001002691,KPCL,13,18,10,97.00,970.00
2019-01-30,2019013001002714,KPCL,13,18,10,97.00,970.00
2019-01-30,2019013001002707,KPCL,13,18,10,97.00,970.00
2019-01-30,2019013001002726,KPCL,13,18,10,97.00,970.00
2019-01-30,2019013001002742,KPCL,6,18,10,96.00,960.00
2019-01-30,2019013001002739,KPCL,6,18,10,96.00,960.00
2019-01-30,2019013001002738,KPCL,13,18,10,97.00,970.00
2019-01-30,2019013001002735,KPCL,13,18,10,97.00,970.00
2019-01-30,2019013001002753,KPCL,6,18,10,96.00,960.00
2019-01-30,2019013001002783,KPCL,21,18,10,96.00,960.00
2019-01-30,2019013001002769,KPCL,21,18,10,96.00,960.00
2019-01-30,2019013001002763,KPCL,6,18,10,96.00,960.00
2019-01-30,2019013001002796,KPCL,21,18,10,96.00,960.00
2019-01-30,2019013001002791,KPCL,21,18,10,96.00,960.00
2019-01-30,2019013001002813,KPCL,45,18,10,96.00,960.00
2019-01-30,2019013001002805,KPCL,21,18,10,96.00,960.00
2019-01-30,2019013001002867,KPCL,45,18,10,96.00,960.00
2019-01-30,2019013001002859,KPCL,45,18,10,96.00,960.00
2019-01-30,2019013001002849,KPCL,45,18,10,96.00,960.00
2019-01-30,2019013001002889,KPCL,45,18,10,96.00,960.00
2019-01-30,2019013001002888,KPCL,45,18,10,96.00,960.00
2019-01-30,2019013001002884,KPCL,45,18,10,96.00,960.00
2019-01-30,2019013001002883,KPCL,45,18,10,96.00,960.00
2019-01-30,2019013001002876,KPCL,45,18,10,96.00,960.00
2019-01-30,2019013001002907,KPCL,45,18,10,96.00,960.00
2019-01-30,2019013001002901,KPCL,45,18,10,96.00,960.00
2019-01-30,2019013001002895,KPCL,45,18,10,96.00,960.00
2019-01-30,2019013001002920,KPCL,45,18,10,96.00,960.00
2019-01-30,2019013001002911,KPCL,45,18,10,96.00,960.00
