Date,Transact. No.,Symbol,Buyer,Seller,Quantity,Rate,Amount
2020-09-15,2020091501032203,ACLBSL,34,25,10,748.00,"7,480.00"
2020-09-15,2020091501032129,ACLBSL,42,58,63,746.00,"46,998.00"
2020-09-15,2020091501031852,ACLBSL,46,56,20,740.00,"14,800.00"
2020-09-15,2020091501031851,ACLBSL,38,56,20,741.00,"14,820.00"
2020-09-15,2020091501032262,ADBL,34,54,64,433.00,"27,712.00"
2020-09-15,2020091501032157,ADBL,38,22,500,432.00,"216,000.00"
2020-09-15,2020091501031854,ADBL,47,54,100,433.00,"43,300.00"
2020-09-15,2020091501032307,AHPC,58,37,100,148.00,"14,800.00"
2020-09-15,2020091501032159,AHPC,10,14,50,147.00,"7,350.00"
2020-09-15,2020091501032059,AHPC,45,37,10,148.00,"1,480.00"
2020-09-15,2020091501032294,AIL,22,51,10,523.00,"5,230.00"
2020-09-15,2020091501032293,AIL,19,58,100,520.00,"52,000.00"
2020-09-15,2020091501032292,AIL,34,58,10,520.00,"5,200.00"
2020-09-15,2020091501032291,AIL,57,58,50,520.00,"26,000.00"
2020-09-15,2020091501032290,AIL,55,58,40,520.00,"20,800.00"
2020-09-15,2020091501032288,AIL,57,51,20,523.00,"10,460.00"
2020-09-15,2020091501032017,AIL,49,51,80,523.00,"41,840.00"
2020-09-15,2020091501032016,AIL,49,55,10,523.00,"5,230.00"
2020-09-15,2020091501032015,AIL,49,34,10,522.00,"5,220.00"
2020-09-15,2020091501031949,AIL,1,38,10,521.00,"5,210.00"
2020-09-15,2020091501031846,AIL,55,39,10,520.00,"5,200.00"
2020-09-15,2020091501032055,AKJCL,36,54,10,75.00,750.00
2020-09-15,2020091501032326,AKPL,42,51,100,183.00,"18,300.00"
2020-09-15,2020091501032048,AKPL,26,38,74,182.00,"13,468.00"
2020-09-15,2020091501032047,AKPL,26,57,250,182.00,"45,500.00"
2020-09-15,2020091501031942,AKPL,44,38,10,182.00,"1,820.00"
2020-09-15,2020091501032281,ALBSL,5,14,39,840.00,"32,760.00"
2020-09-15,2020091501032073,ALBSL,19,14,10,852.00,"8,520.00"
2020-09-15,2020091501032030,ALBSL,5,40,11,840.00,"9,240.00"
2020-09-15,2020091501032269,ALICL,50,56,10,757.00,"7,570.00"
2020-09-15,2020091501031985,ALICL,18,7,270,752.00,"203,040.00"
2020-09-15,2020091501031921,API,17,13,200,144.00,"28,800.00"
2020-09-15,2020091501032261,BARUN,36,34,461,120.00,"55,320.00"
2020-09-15,2020091501032260,BARUN,40,34,539,120.00,"64,680.00"
2020-09-15,2020091501032068,BARUN,51,11,10,121.00,"1,210.00"
2020-09-15,2020091501032067,BARUN,51,49,200,121.00,"24,200.00"
2020-09-15,2020091501032066,BARUN,51,25,290,121.00,"35,090.00"
2020-09-15,2020091501031989,BARUN,56,25,10,121.00,"1,210.00"
2020-09-15,2020091501031960,BARUN,40,34,500,120.00,"60,000.00"
2020-09-15,2020091501031875,BARUN,40,50,286,120.00,"34,320.00"
2020-09-15,2020091501032253,BBC,28,48,10,"1,621.00","16,210.00"
2020-09-15,2020091501032250,BFC,47,46,10,108.00,"1,080.00"
2020-09-15,2020091501032249,BFC,47,29,10,108.00,"1,080.00"
2020-09-15,2020091501031997,BOKL,56,59,"1,119",250.00,"279,750.00"
2020-09-15,2020091501032305,BPCL,18,42,100,397.00,"39,700.00"
2020-09-15,2020091501032304,BPCL,18,13,475,397.00,"188,575.00"
2020-09-15,2020091501032267,BPCL,36,13,500,397.00,"198,500.00"
2020-09-15,2020091501032208,BPCL,59,25,21,396.00,"8,316.00"
2020-09-15,2020091501032207,BPCL,42,25,500,396.00,"198,000.00"
2020-09-15,2020091501032206,BPCL,34,25,100,396.00,"39,600.00"
2020-09-15,2020091501032205,BPCL,34,25,112,396.00,"44,352.00"
2020-09-15,2020091501032192,BPCL,34,45,78,396.00,"30,888.00"
2020-09-15,2020091501031870,BPCL,39,13,10,397.00,"3,970.00"
2020-09-15,2020091501032279,CBBL,49,58,100,"1,127.00","112,700.00"
2020-09-15,2020091501032230,CBBL,28,33,25,"1,125.00","28,125.00"
2020-09-15,2020091501032229,CBBL,28,33,25,"1,126.00","28,150.00"
2020-09-15,2020091501031993,CBL,49,13,882,145.00,"127,890.00"
2020-09-15,2020091501031957,CBL,49,34,150,145.00,"21,750.00"
2020-09-15,2020091501031832,CBL,43,13,10,146.00,"1,460.00"
2020-09-15,2020091501032164,CHCL,39,36,20,479.00,"9,580.00"
2020-09-15,2020091501032156,CHCL,21,58,21,478.00,"10,038.00"
2020-09-15,2020091501032155,CHCL,56,58,73,478.00,"34,894.00"
2020-09-15,2020091501031969,CHCL,56,34,50,478.00,"23,900.00"
2020-09-15,2020091501032040,CHL,34,49,10,112.00,"1,120.00"
2020-09-15,2020091501032039,CHL,34,49,"1,000",112.00,"112,000.00"
2020-09-15,2020091501032038,CHL,19,49,490,112.00,"54,880.00"
2020-09-15,2020091501032037,CHL,22,49,500,113.00,"56,500.00"
2020-09-15,2020091501032263,CIT,57,29,25,"3,417.00","85,425.00"
2020-09-15,2020091501032201,CIT,40,38,14,"3,415.00","47,810.00"
2020-09-15,2020091501032200,CIT,50,38,10,"3,416.00","34,160.00"
2020-09-15,2020091501032094,CIT,1,29,10,"3,417.00","34,170.00"
2020-09-15,2020091501032078,CIT,59,29,20,"3,417.00","68,340.00"
2020-09-15,2020091501031888,CIT,25,50,50,"3,415.00","170,750.00"
2020-09-15,2020091501031887,CIT,52,50,19,"3,415.00","64,885.00"
2020-09-15,2020091501031886,CIT,11,50,10,"3,416.00","34,160.00"
2020-09-15,2020091501031885,CIT,38,50,20,"3,419.00","68,380.00"
2020-09-15,2020091501032197,CMF1,45,57,500,11.14,"5,570.00"
2020-09-15,2020091501032147,CMF1,40,57,"1,000",11.14,"11,140.00"
2020-09-15,2020091501031855,CMF1,45,49,"3,000",11.13,"33,390.00"
2020-09-15,2020091501032199,CZBIL,49,13,40,195.00,"7,800.00"
2020-09-15,2020091501032119,CZBIL,54,13,90,195.00,"17,550.00"
2020-09-15,2020091501031920,CZBIL,42,13,95,195.00,"18,525.00"
2020-09-15,2020091501031919,CZBIL,34,13,244,195.00,"47,580.00"
2020-09-15,2020091501031918,CZBIL,6,13,390,195.00,"76,050.00"
2020-09-15,2020091501031917,CZBIL,39,13,200,195.00,"39,000.00"
2020-09-15,2020091501031916,CZBIL,56,13,150,195.00,"29,250.00"
2020-09-15,2020091501031915,CZBIL,40,13,10,195.00,"1,950.00"
2020-09-15,2020091501031914,CZBIL,45,13,50,195.00,"9,750.00"
2020-09-15,2020091501032083,DDBL,8,14,30,878.00,"26,340.00"
2020-09-15,2020091501032139,EBL,44,45,90,731.00,"65,790.00"
2020-09-15,2020091501032138,EBL,52,45,10,731.00,"7,310.00"
2020-09-15,2020091501032314,EDBL,56,1,60,297.00,"17,820.00"
2020-09-15,2020091501032313,EDBL,52,1,100,297.00,"29,700.00"
2020-09-15,2020091501032312,EDBL,51,1,22,297.00,"6,534.00"
2020-09-15,2020091501032034,EDBL,42,1,13,298.00,"3,874.00"
2020-09-15,2020091501031999,EDBL,42,51,97,298.00,"28,906.00"
2020-09-15,2020091501032202,EIC,34,48,400,564.00,"225,600.00"
2020-09-15,2020091501032120,EIC,18,48,500,564.00,"282,000.00"
2020-09-15,2020091501032031,EIC,59,11,336,563.00,"189,168.00"
2020-09-15,2020091501032025,EIC,25,11,50,563.00,"28,150.00"
2020-09-15,2020091501032018,EIC,45,11,170,563.00,"95,710.00"
2020-09-15,2020091501031947,EIC,45,11,330,563.00,"185,790.00"
2020-09-15,2020091501031850,EIC,57,48,"1,230",564.00,"693,720.00"
2020-09-15,2020091501031849,EIC,57,34,270,563.00,"152,010.00"
2020-09-15,2020091501032258,FMDBL,33,29,50,590.00,"29,500.00"
2020-09-15,2020091501032252,FMDBL,56,29,40,590.00,"23,600.00"
2020-09-15,2020091501032247,FMDBL,43,29,50,590.00,"29,500.00"
2020-09-15,2020091501032246,FMDBL,20,29,50,590.00,"29,500.00"
2020-09-15,2020091501032245,FMDBL,49,29,30,590.00,"17,700.00"
2020-09-15,2020091501031848,FMDBL,6,57,191,589.00,"112,499.00"
2020-09-15,2020091501031847,FMDBL,56,57,59,590.00,"34,810.00"
2020-09-15,2020091501032173,FMDBL,20,14,150,590.00,"88,500.00"
2020-09-15,2020091501032172,FMDBL,10,14,50,590.00,"29,500.00"
2020-09-15,2020091501032035,FMDBL,56,51,40,591.00,"23,640.00"
2020-09-15,2020091501032320,GBIME,17,49,"1,000",265.00,"265,000.00"
2020-09-15,2020091501032280,GBIME,10,49,200,265.00,"53,000.00"
2020-09-15,2020091501032218,GBIME,34,38,30,264.00,"7,920.00"
2020-09-15,2020091501032217,GBIME,13,38,20,264.00,"5,280.00"
2020-09-15,2020091501032216,GBIME,36,38,50,264.00,"13,200.00"
2020-09-15,2020091501032019,GBIME,17,49,200,265.00,"53,000.00"
2020-09-15,2020091501031923,GBIME,36,46,950,264.00,"250,800.00"
2020-09-15,2020091501031922,GBIME,47,46,50,264.00,"13,200.00"
2020-09-15,2020091501032318,GBLBS,46,38,15,555.00,"8,325.00"
2020-09-15,2020091501032317,GBLBS,46,34,15,554.00,"8,310.00"
2020-09-15,2020091501032130,GBLBS,1,40,11,549.00,"6,039.00"
2020-09-15,2020091501032063,GBLBS,25,38,80,553.00,"44,240.00"
2020-09-15,2020091501031869,GBLBS,16,38,10,553.00,"5,530.00"
2020-09-15,2020091501031865,GBLBS,36,38,10,553.00,"5,530.00"
2020-09-15,2020091501031831,GFCL,57,38,100,158.00,"15,800.00"
2020-09-15,2020091501032239,GHL,1,40,30,80.00,"2,400.00"
2020-09-15,2020091501032237,GILB,34,16,100,"1,224.00","122,400.00"
2020-09-15,2020091501032236,GILB,34,16,20,"1,224.00","24,480.00"
2020-09-15,2020091501032226,GLBSL,48,45,30,787.00,"23,610.00"
2020-09-15,2020091501032225,GLBSL,51,45,20,788.00,"15,760.00"
2020-09-15,2020091501032190,GLICL,26,5,40,645.00,"25,800.00"
2020-09-15,2020091501032189,GLICL,53,5,100,645.00,"64,500.00"
2020-09-15,2020091501032085,GLICL,5,22,10,646.00,"6,460.00"
2020-09-15,2020091501032084,GLICL,5,38,90,646.00,"58,140.00"
2020-09-15,2020091501031882,GLICL,34,38,50,646.00,"32,300.00"
2020-09-15,2020091501031874,GMFBS,38,34,10,838.00,"8,380.00"
2020-09-15,2020091501031873,GMFBS,38,1,32,835.00,"26,720.00"
2020-09-15,2020091501031872,GMFBS,38,56,20,834.00,"16,680.00"
2020-09-15,2020091501031871,GMFBS,38,36,10,830.00,"8,300.00"
2020-09-15,2020091501031899,GMFIL,51,44,200,130.00,"26,000.00"
2020-09-15,2020091501032184,GRDBL,45,22,10,116.00,"1,160.00"
2020-09-15,2020091501032278,HDL,34,45,400,"1,799.00","719,600.00"
2020-09-15,2020091501031973,HDL,16,58,30,"1,800.00","54,000.00"
2020-09-15,2020091501032322,HGI,53,41,58,536.00,"31,088.00"
2020-09-15,2020091501032321,HGI,51,41,42,536.00,"22,512.00"
2020-09-15,2020091501032308,HGI,51,51,20,536.00,"10,720.00"
2020-09-15,2020091501032224,HGI,51,46,20,536.00,"10,720.00"
2020-09-15,2020091501032223,HGI,51,11,150,536.00,"80,400.00"
2020-09-15,2020091501032222,HGI,51,42,68,536.00,"36,448.00"
2020-09-15,2020091501031927,HGI,39,25,100,534.00,"53,400.00"
2020-09-15,2020091501031926,HGI,39,51,186,534.00,"99,324.00"
2020-09-15,2020091501031830,HGI,28,25,49,533.00,"26,117.00"
2020-09-15,2020091501031829,HGI,28,25,51,533.00,"27,183.00"
2020-09-15,2020091501031940,HGI,59,49,100,533.00,"53,300.00"
2020-09-15,2020091501031939,HGI,28,49,250,533.00,"133,250.00"
2020-09-15,2020091501031938,HGI,28,49,51,533.00,"27,183.00"
2020-09-15,2020091501031930,HGI,39,25,50,535.00,"26,750.00"
2020-09-15,2020091501031929,HGI,39,40,50,535.00,"26,750.00"
2020-09-15,2020091501031928,HGI,39,29,614,535.00,"328,490.00"
2020-09-15,2020091501032180,HGI,28,42,50,536.00,"26,800.00"
2020-09-15,2020091501032082,HGI,28,33,100,535.00,"53,500.00"
2020-09-15,2020091501032081,HGI,28,5,20,535.00,"10,700.00"
2020-09-15,2020091501032080,HGI,28,26,40,535.00,"21,400.00"
2020-09-15,2020091501032001,HGI,38,10,100,533.00,"53,300.00"
2020-09-15,2020091501032000,HGI,38,49,99,533.00,"52,767.00"
2020-09-15,2020091501032296,HIDCL,13,6,500,151.00,"75,500.00"
2020-09-15,2020091501032135,HIDCL,13,43,10,151.00,"1,510.00"
2020-09-15,2020091501032134,HIDCL,35,43,25,152.00,"3,800.00"
2020-09-15,2020091501032133,HIDCL,32,43,51,152.00,"7,752.00"
2020-09-15,2020091501032132,HIDCL,14,43,14,152.00,"2,128.00"
2020-09-15,2020091501032131,HIDCL,54,43,95,152.00,"14,440.00"
2020-09-15,2020091501032113,HPPL,52,1,550,182.00,"100,100.00"
2020-09-15,2020091501032112,HPPL,52,45,100,182.00,"18,200.00"
2020-09-15,2020091501032111,HPPL,52,37,230,182.00,"41,860.00"
2020-09-15,2020091501032110,HPPL,52,28,20,182.00,"3,640.00"
2020-09-15,2020091501032109,HPPL,52,49,20,182.00,"3,640.00"
2020-09-15,2020091501032108,HPPL,52,22,10,182.00,"1,820.00"
2020-09-15,2020091501032107,HPPL,52,49,190,181.00,"34,390.00"
2020-09-15,2020091501032106,HPPL,52,49,70,180.00,"12,600.00"
2020-09-15,2020091501032105,HPPL,52,40,10,176.00,"1,760.00"
2020-09-15,2020091501032327,HURJA,48,3,230,119.00,"27,370.00"
2020-09-15,2020091501031948,HURJA,48,57,20,119.00,"2,380.00"
2020-09-15,2020091501032137,IGI,39,13,20,564.00,"11,280.00"
2020-09-15,2020091501032268,ILBS,19,51,10,845.00,"8,450.00"
2020-09-15,2020091501031908,ILBS,56,39,50,845.00,"42,250.00"
2020-09-15,2020091501031907,ILBS,56,32,11,840.00,"9,240.00"
2020-09-15,2020091501031906,ILBS,56,36,200,840.00,"168,000.00"
2020-09-15,2020091501031905,ILBS,56,13,11,840.00,"9,240.00"
2020-09-15,2020091501031904,ILBS,56,42,30,839.00,"25,170.00"
2020-09-15,2020091501031903,ILBS,56,42,154,839.00,"129,206.00"
2020-09-15,2020091501031902,ILBS,56,14,16,838.00,"13,408.00"
2020-09-15,2020091501031901,ILBS,56,42,21,838.00,"17,598.00"
2020-09-15,2020091501032264,JBBL,58,45,10,169.00,"1,690.00"
2020-09-15,2020091501032251,JBBL,34,45,20,169.00,"3,380.00"
2020-09-15,2020091501032242,JBBL,56,45,100,169.00,"16,900.00"
2020-09-15,2020091501032127,JFL,58,37,20,173.00,"3,460.00"
2020-09-15,2020091501031992,JOSHI,33,16,120,94.00,"11,280.00"
2020-09-15,2020091501032002,JSLBB,55,14,10,"1,376.00","13,760.00"
2020-09-15,2020091501032235,KBL,44,38,300,195.00,"58,500.00"
2020-09-15,2020091501032090,KBL,50,17,10,194.00,"1,940.00"
2020-09-15,2020091501031956,KBL,50,25,14,194.00,"2,716.00"
2020-09-15,2020091501031955,KBL,10,25,251,194.00,"48,694.00"
2020-09-15,2020091501031913,KBL,10,32,249,194.00,"48,306.00"
2020-09-15,2020091501031912,KBL,28,32,392,194.00,"76,048.00"
2020-09-15,2020091501031911,KBL,19,32,84,194.00,"16,296.00"
2020-09-15,2020091501031867,KBL,19,42,66,194.00,"12,804.00"
2020-09-15,2020091501031984,KMCDB,38,56,70,752.00,"52,640.00"
2020-09-15,2020091501031983,KMCDB,21,56,250,752.00,"188,000.00"
2020-09-15,2020091501031982,KMCDB,6,56,60,752.00,"45,120.00"
2020-09-15,2020091501031981,KMCDB,1,56,20,753.00,"15,060.00"
2020-09-15,2020091501032255,KPCL,19,38,10,129.00,"1,290.00"
2020-09-15,2020091501032328,LBBL,58,33,20,184.00,"3,680.00"
2020-09-15,2020091501032176,LBBL,28,33,100,184.00,"18,400.00"
2020-09-15,2020091501032228,LICN,45,37,101,"1,538.00","155,338.00"
2020-09-15,2020091501032323,LUK,52,1,100,9.44,944.00
2020-09-15,2020091501032126,LUK,52,49,220,9.43,"2,074.60"
2020-09-15,2020091501032125,LUK,52,56,100,9.33,933.00
2020-09-15,2020091501032124,LUK,52,38,200,9.27,"1,854.00"
2020-09-15,2020091501032182,MDB,54,34,50,368.00,"18,400.00"
2020-09-15,2020091501032123,MDB,54,5,50,367.00,"18,350.00"
2020-09-15,2020091501032198,MEGA,36,45,318,222.00,"70,596.00"
2020-09-15,2020091501032188,MFIL,55,10,200,298.00,"59,600.00"
2020-09-15,2020091501032187,MFIL,52,10,250,298.00,"74,500.00"
2020-09-15,2020091501032186,MFIL,16,10,300,298.00,"89,400.00"
2020-09-15,2020091501032185,MFIL,17,10,710,298.00,"211,580.00"
2020-09-15,2020091501032259,MMFDB,6,58,50,949.00,"47,450.00"
2020-09-15,2020091501032096,MNBBL,42,16,62,328.00,"20,336.00"
2020-09-15,2020091501032095,MNBBL,34,16,384,328.00,"125,952.00"
2020-09-15,2020091501031987,MNBBL,6,49,200,328.00,"65,600.00"
2020-09-15,2020091501032272,NABIL,25,49,31,856.00,"26,536.00"
2020-09-15,2020091501032271,NABIL,25,14,120,854.00,"102,480.00"
2020-09-15,2020091501032241,NABIL,25,14,30,854.00,"25,620.00"
2020-09-15,2020091501032093,NABIL,26,49,100,856.00,"85,600.00"
2020-09-15,2020091501032091,NABIL,18,32,50,855.00,"42,750.00"
2020-09-15,2020091501032075,NABIL,49,32,50,855.00,"42,750.00"
2020-09-15,2020091501031986,NABIL,18,22,95,856.00,"81,320.00"
2020-09-15,2020091501032325,NADEP,45,29,10,734.00,"7,340.00"
2020-09-15,2020091501032289,NADEP,38,58,23,726.00,"16,698.00"
2020-09-15,2020091501032283,NBB,34,58,"1,057",204.00,"215,628.00"
2020-09-15,2020091501032282,NBB,34,8,943,204.00,"192,372.00"
2020-09-15,2020091501032194,NBB,44,58,200,204.00,"40,800.00"
2020-09-15,2020091501031876,NBB,44,55,20,203.00,"4,060.00"
2020-09-15,2020091501031925,NBF2,6,1,500,9.20,"4,600.00"
2020-09-15,2020091501031843,NBF2,6,39,"1,100",9.05,"9,955.00"
2020-09-15,2020091501031842,NBF2,6,39,"5,000",9.05,"45,250.00"
2020-09-15,2020091501031841,NBF2,6,39,"3,800",9.05,"34,390.00"
2020-09-15,2020091501031840,NBF2,6,39,"3,500",9.05,"31,675.00"
2020-09-15,2020091501031839,NBF2,6,39,"2,900",9.05,"26,245.00"
2020-09-15,2020091501031838,NBF2,6,39,"14,000",9.05,"126,700.00"
2020-09-15,2020091501031837,NBF2,6,39,800,9.05,"7,240.00"
2020-09-15,2020091501031836,NBF2,6,39,700,9.05,"6,335.00"
2020-09-15,2020091501031835,NBF2,6,39,"1,200",9.05,"10,860.00"
2020-09-15,2020091501031834,NBF2,6,39,"1,600",9.05,"14,480.00"
2020-09-15,2020091501031833,NBF2,6,39,"1,000",9.05,"9,050.00"
2020-09-15,2020091501032311,NBL,45,10,70,309.00,"21,630.00"
2020-09-15,2020091501032310,NBL,45,22,300,309.00,"92,700.00"
2020-09-15,2020091501032309,NBL,45,46,130,309.00,"40,170.00"
2020-09-15,2020091501032275,NBL,34,46,20,309.00,"6,180.00"
2020-09-15,2020091501032254,NBL,38,46,100,309.00,"30,900.00"
2020-09-15,2020091501032148,NBL,26,32,100,308.00,"30,800.00"
2020-09-15,2020091501031861,NBL,49,34,100,308.00,"30,800.00"
2020-09-15,2020091501032122,NBL,48,32,100,308.00,"30,800.00"
2020-09-15,2020091501032079,NBL,50,32,100,308.00,"30,800.00"
2020-09-15,2020091501031937,NBL,52,46,100,309.00,"30,900.00"
2020-09-15,2020091501031864,NBL,55,34,236,307.00,"72,452.00"
2020-09-15,2020091501031863,NBL,45,34,200,307.00,"61,400.00"
2020-09-15,2020091501031862,NBL,6,34,"1,464",307.00,"449,448.00"
2020-09-15,2020091501032072,NCCB,32,26,30,206.00,"6,180.00"
2020-09-15,2020091501032014,NCCB,32,53,99,206.00,"20,394.00"
2020-09-15,2020091501031950,NEF,38,19,"2,898",8.79,"25,473.40"
2020-09-15,2020091501032065,NFS,1,53,61,195.00,"11,895.00"
2020-09-15,2020091501032064,NFS,1,22,40,195.00,"7,800.00"
2020-09-15,2020091501032011,NFS,26,22,200,195.00,"39,000.00"
2020-09-15,2020091501032183,NHDL,56,22,30,183.00,"5,490.00"
2020-09-15,2020091501032171,NHPC,33,29,490,66.00,"32,340.00"
2020-09-15,2020091501032170,NHPC,1,29,500,66.00,"33,000.00"
2020-09-15,2020091501032169,NHPC,36,29,10,66.00,660.00
2020-09-15,2020091501032284,NIB,42,32,100,421.00,"42,100.00"
2020-09-15,2020091501032008,NIB,34,44,31,421.00,"13,051.00"
2020-09-15,2020091501032043,NIBLPF,17,34,505,8.59,"4,337.95"
2020-09-15,2020091501032042,NIBLPF,17,48,859,8.58,"7,370.22"
2020-09-15,2020091501032041,NIBLPF,17,11,"2,100",8.57,"17,997.00"
2020-09-15,2020091501032045,NIBLPF,17,22,575,8.76,"5,037.00"
2020-09-15,2020091501032044,NIBLPF,17,13,961,8.59,"8,254.99"
2020-09-15,2020091501032033,NIBPO,49,53,15,364.00,"5,460.00"
2020-09-15,2020091501032062,NIBSF1,17,19,678,9.19,"6,230.82"
2020-09-15,2020091501032061,NIBSF1,37,19,"2,000",9.20,"18,400.00"
2020-09-15,2020091501032060,NIBSF1,37,19,422,9.20,"3,882.40"
2020-09-15,2020091501031898,NIBSF1,56,19,"10,000",9.21,"92,100.00"
2020-09-15,2020091501032240,NICA,58,25,100,581.00,"58,100.00"
2020-09-15,2020091501032145,NICA,21,42,50,582.00,"29,100.00"
2020-09-15,2020091501032088,NICA,58,46,150,581.00,"87,150.00"
2020-09-15,2020091501032053,NICA,25,42,200,582.00,"116,400.00"
2020-09-15,2020091501031977,NICA,34,42,170,582.00,"98,940.00"
2020-09-15,2020091501032277,NICL,46,58,300,570.00,"171,000.00"
2020-09-15,2020091501032315,NIL,48,42,10,826.00,"8,260.00"
2020-09-15,2020091501032191,NIL,34,47,10,825.00,"8,250.00"
2020-09-15,2020091501032103,NIL,34,10,"1,310",825.00,"1,080,750.00"
2020-09-15,2020091501032102,NIL,45,10,100,825.00,"82,500.00"
2020-09-15,2020091501032101,NIL,16,10,90,826.00,"74,340.00"
2020-09-15,2020091501032032,NIL,16,49,10,826.00,"8,260.00"
2020-09-15,2020091501031991,NIL,39,49,40,826.00,"33,040.00"
2020-09-15,2020091501031990,NIL,39,47,10,826.00,"8,260.00"
2020-09-15,2020091501031894,NIL,39,49,50,826.00,"41,300.00"
2020-09-15,2020091501031892,NIL,37,49,50,826.00,"41,300.00"
2020-09-15,2020091501031891,NIL,16,47,20,825.00,"16,500.00"
2020-09-15,2020091501031893,NLG,49,37,17,759.00,"12,903.00"
2020-09-15,2020091501032244,NLIC,44,25,62,"1,410.00","87,420.00"
2020-09-15,2020091501032243,NLIC,49,25,38,"1,410.00","53,580.00"
2020-09-15,2020091501032193,NLIC,49,16,50,"1,413.00","70,650.00"
2020-09-15,2020091501031972,NLIC,49,28,20,"1,410.00","28,200.00"
2020-09-15,2020091501031971,NLIC,49,14,20,"1,410.00","28,200.00"
2020-09-15,2020091501031970,NLIC,49,34,22,"1,410.00","31,020.00"
2020-09-15,2020091501032301,NLICL,49,4,10,780.00,"7,800.00"
2020-09-15,2020091501032234,NLICL,18,58,100,776.00,"77,600.00"
2020-09-15,2020091501032233,NLICL,5,58,200,776.00,"155,200.00"
2020-09-15,2020091501032232,NLICL,14,58,200,777.00,"155,400.00"
2020-09-15,2020091501031845,NMBHF1,22,19,"1,554",10.07,"15,648.80"
2020-09-15,2020091501031844,NMBHF1,57,19,110,10.08,"1,108.80"
2020-09-15,2020091501032163,NMBMF,58,1,100,828.00,"82,800.00"
2020-09-15,2020091501032162,NMBMF,58,4,50,820.00,"41,000.00"
2020-09-15,2020091501032057,NMBMF,58,4,300,820.00,"246,000.00"
2020-09-15,2020091501032049,NMBMF,35,4,100,820.00,"82,000.00"
2020-09-15,2020091501032300,NRIC,49,34,10,881.00,"8,810.00"
2020-09-15,2020091501032299,NRIC,49,55,40,881.00,"35,240.00"
2020-09-15,2020091501032181,NRIC,59,3,45,880.00,"39,600.00"
2020-09-15,2020091501032136,NRIC,14,3,100,880.00,"88,000.00"
2020-09-15,2020091501032021,NRIC,34,3,20,880.00,"17,600.00"
2020-09-15,2020091501032020,NRIC,40,3,10,880.00,"8,800.00"
2020-09-15,2020091501031988,NRIC,40,38,40,880.00,"35,200.00"
2020-09-15,2020091501031924,NRIC,40,39,50,880.00,"44,000.00"
2020-09-15,2020091501031881,NRIC,21,55,70,881.00,"61,670.00"
2020-09-15,2020091501031880,NRIC,21,10,230,881.00,"202,630.00"
2020-09-15,2020091501031879,NRIC,21,36,40,880.00,"35,200.00"
2020-09-15,2020091501032319,NRN,51,28,100,408.00,"40,800.00"
2020-09-15,2020091501032295,NRN,51,50,10,408.00,"4,080.00"
2020-09-15,2020091501032215,NRN,45,48,10,409.00,"4,090.00"
2020-09-15,2020091501032214,NRN,45,6,10,409.00,"4,090.00"
2020-09-15,2020091501032213,NRN,45,48,10,409.00,"4,090.00"
2020-09-15,2020091501032074,NRN,51,35,10,408.00,"4,080.00"
2020-09-15,2020091501031996,NRN,51,22,10,408.00,"4,080.00"
2020-09-15,2020091501031866,NRN,51,35,10,408.00,"4,080.00"
2020-09-15,2020091501032212,NRN,45,34,10,409.00,"4,090.00"
2020-09-15,2020091501032211,NRN,45,48,10,409.00,"4,090.00"
2020-09-15,2020091501032210,NRN,45,48,10,409.00,"4,090.00"
2020-09-15,2020091501032209,NRN,45,48,10,409.00,"4,090.00"
2020-09-15,2020091501032144,NRN,51,39,10,408.00,"4,080.00"
2020-09-15,2020091501032077,NRN,51,16,10,408.00,"4,080.00"
2020-09-15,2020091501032274,NTC,14,51,10,707.00,"7,070.00"
2020-09-15,2020091501032143,OHL,47,18,330,365.00,"120,450.00"
2020-09-15,2020091501032142,OHL,47,41,50,365.00,"18,250.00"
2020-09-15,2020091501032141,OHL,47,57,50,365.00,"18,250.00"
2020-09-15,2020091501032140,OHL,47,41,20,365.00,"7,300.00"
2020-09-15,2020091501032051,OHL,59,45,626,364.00,"227,864.00"
2020-09-15,2020091501032050,OHL,59,45,15,363.00,"5,445.00"
2020-09-15,2020091501031975,PCBL,22,58,206,281.00,"57,886.00"
2020-09-15,2020091501031974,PCBL,22,58,63,282.00,"17,766.00"
2020-09-15,2020091501032052,PFL,43,33,279,148.00,"41,292.00"
2020-09-15,2020091501031860,PIC,56,14,11,805.00,"8,855.00"
2020-09-15,2020091501031954,PICL,36,38,36,564.00,"20,304.00"
2020-09-15,2020091501031953,PICL,36,50,100,563.00,"56,300.00"
2020-09-15,2020091501031952,PICL,36,52,14,563.00,"7,882.00"
2020-09-15,2020091501032287,PLIC,32,4,220,672.00,"147,840.00"
2020-09-15,2020091501032286,PLIC,32,4,80,672.00,"53,760.00"
2020-09-15,2020091501032285,PLIC,32,32,200,671.00,"134,200.00"
2020-09-15,2020091501032056,PLIC,53,4,250,671.00,"167,750.00"
2020-09-15,2020091501032054,PLIC,32,4,100,671.00,"67,100.00"
2020-09-15,2020091501031941,PLIC,39,4,20,672.00,"13,440.00"
2020-09-15,2020091501031857,PMHPL,29,26,10,96.00,960.00
2020-09-15,2020091501032161,PPCL,58,14,430,137.00,"58,910.00"
2020-09-15,2020091501032160,PPCL,45,14,500,138.00,"69,000.00"
2020-09-15,2020091501032118,PPCL,49,51,500,139.00,"69,500.00"
2020-09-15,2020091501031951,PPCL,58,14,10,137.00,"1,370.00"
2020-09-15,2020091501031909,PPCL,58,26,10,137.00,"1,370.00"
2020-09-15,2020091501032303,PRIN,49,54,500,614.00,"307,000.00"
2020-09-15,2020091501032302,PRIN,34,54,500,614.00,"307,000.00"
2020-09-15,2020091501032265,PRIN,34,34,500,614.00,"307,000.00"
2020-09-15,2020091501032151,PRIN,42,4,400,615.00,"246,000.00"
2020-09-15,2020091501032150,PRIN,28,4,300,615.00,"184,500.00"
2020-09-15,2020091501032149,PRIN,57,4,966,615.00,"594,090.00"
2020-09-15,2020091501032104,PRIN,57,58,95,616.00,"58,520.00"
2020-09-15,2020091501032248,PROFL,34,18,50,107.00,"5,350.00"
2020-09-15,2020091501032227,PRVU,45,28,500,230.00,"115,000.00"
2020-09-15,2020091501032071,PRVU,17,28,70,230.00,"16,100.00"
2020-09-15,2020091501032070,PRVU,56,28,100,230.00,"23,000.00"
2020-09-15,2020091501032069,PRVU,35,28,300,230.00,"69,000.00"
2020-09-15,2020091501032316,RADHI,37,38,11,239.00,"2,629.00"
2020-09-15,2020091501032029,RADHI,37,39,10,239.00,"2,390.00"
2020-09-15,2020091501031978,RADHI,37,26,11,239.00,"2,629.00"
2020-09-15,2020091501031853,RADHI,33,22,10,245.00,"2,450.00"
2020-09-15,2020091501032024,RHPC,42,21,"1,000",118.00,"118,000.00"
2020-09-15,2020091501031976,RHPC,3,44,"3,000",118.00,"354,000.00"
2020-09-15,2020091501031897,RHPC,21,44,"1,000",118.00,"118,000.00"
2020-09-15,2020091501031896,RHPC,21,44,"1,000",118.00,"118,000.00"
2020-09-15,2020091501031895,RHPC,29,44,820,118.00,"96,760.00"
2020-09-15,2020091501032298,RHPL,28,26,10,171.00,"1,710.00"
2020-09-15,2020091501032266,RHPL,16,21,40,172.00,"6,880.00"
2020-09-15,2020091501032027,RHPL,28,14,40,171.00,"6,840.00"
2020-09-15,2020091501032023,RHPL,28,57,20,171.00,"3,420.00"
2020-09-15,2020091501032022,RHPL,32,57,20,171.00,"3,420.00"
2020-09-15,2020091501032012,RHPL,32,26,40,171.00,"6,840.00"
2020-09-15,2020091501031980,RHPL,32,40,30,171.00,"5,130.00"
2020-09-15,2020091501032324,RMDC,35,28,100,863.00,"86,300.00"
2020-09-15,2020091501032175,RRHP,48,47,250,124.00,"31,000.00"
2020-09-15,2020091501032174,RRHP,43,47,30,124.00,"3,720.00"
2020-09-15,2020091501032153,RSDC,45,36,90,577.00,"51,930.00"
2020-09-15,2020091501032152,RSDC,45,42,110,577.00,"63,470.00"
2020-09-15,2020091501031946,RSDC,49,29,10,576.00,"5,760.00"
2020-09-15,2020091501032046,SABSL,44,26,11,871.00,"9,581.00"
2020-09-15,2020091501032196,SANIMA,34,38,100,343.00,"34,300.00"
2020-09-15,2020091501032026,SBI,35,58,231,425.00,"98,175.00"
2020-09-15,2020091501031936,SBI,35,58,102,425.00,"43,350.00"
2020-09-15,2020091501031935,SBI,45,58,25,425.00,"10,625.00"
2020-09-15,2020091501031934,SBI,8,58,100,425.00,"42,500.00"
2020-09-15,2020091501031933,SBI,36,58,500,425.00,"212,500.00"
2020-09-15,2020091501031932,SBI,42,58,100,425.00,"42,500.00"
2020-09-15,2020091501031931,SBI,3,58,173,425.00,"73,525.00"
2020-09-15,2020091501032238,SBL,18,10,45,305.00,"13,725.00"
2020-09-15,2020091501032005,SBL,49,10,"2,416",306.00,"739,296.00"
2020-09-15,2020091501032004,SBL,49,29,584,305.00,"178,120.00"
2020-09-15,2020091501032273,SCB,26,57,20,664.00,"13,280.00"
2020-09-15,2020091501031877,SCB,58,32,10,665.00,"6,650.00"
2020-09-15,2020091501032100,SDLBSL,57,45,30,865.00,"25,950.00"
2020-09-15,2020091501032013,SDLBSL,56,38,40,860.00,"34,400.00"
2020-09-15,2020091501031994,SDLBSL,56,39,10,860.00,"8,600.00"
2020-09-15,2020091501032270,SFCL,57,47,100,112.00,"11,200.00"
2020-09-15,2020091501031890,SFCL,57,47,100,112.00,"11,200.00"
2020-09-15,2020091501032297,SHIVM,26,38,100,722.00,"72,200.00"
2020-09-15,2020091501032128,SHIVM,32,29,500,720.00,"360,000.00"
2020-09-15,2020091501032086,SHIVM,36,38,120,722.00,"86,640.00"
2020-09-15,2020091501032036,SHIVM,32,16,300,720.00,"216,000.00"
2020-09-15,2020091501032204,SHL,55,56,200,164.00,"32,800.00"
2020-09-15,2020091501031900,SHL,38,56,100,164.00,"16,400.00"
2020-09-15,2020091501031995,SHPC,10,45,500,284.00,"142,000.00"
2020-09-15,2020091501032028,SIC,59,47,20,945.00,"18,900.00"
2020-09-15,2020091501032010,SIC,59,55,199,945.00,"188,055.00"
2020-09-15,2020091501032009,SIC,32,55,801,945.00,"756,945.00"
2020-09-15,2020091501032117,SICL,58,17,12,"1,374.00","16,488.00"
2020-09-15,2020091501032116,SICL,58,14,38,"1,373.00","52,174.00"
2020-09-15,2020091501032115,SICL,58,17,250,"1,372.00","343,000.00"
2020-09-15,2020091501031968,SICL,43,36,200,"1,371.00","274,200.00"
2020-09-15,2020091501031967,SICL,43,58,85,"1,371.00","116,535.00"
2020-09-15,2020091501031945,SICL,28,58,15,"1,371.00","20,565.00"
2020-09-15,2020091501031944,SICL,28,43,15,"1,371.00","20,565.00"
2020-09-15,2020091501031943,SICL,28,33,170,"1,371.00","233,070.00"
2020-09-15,2020091501031858,SICL,45,58,50,"1,370.00","68,500.00"
2020-09-15,2020091501032146,SJCL,18,57,20,155.00,"3,100.00"
2020-09-15,2020091501032099,SJCL,18,14,20,155.00,"3,100.00"
2020-09-15,2020091501032092,SJCL,18,26,20,155.00,"3,100.00"
2020-09-15,2020091501031910,SJCL,18,40,20,155.00,"3,100.00"
2020-09-15,2020091501032306,SKBBL,40,42,10,"1,385.00","13,850.00"
2020-09-15,2020091501032195,SKBBL,40,46,90,"1,380.00","124,200.00"
2020-09-15,2020091501032076,SKBBL,40,14,100,"1,376.00","137,600.00"
2020-09-15,2020091501032256,SLBS,33,14,18,977.00,"17,586.00"
2020-09-15,2020091501032178,SLBSL,28,49,20,810.00,"16,200.00"
2020-09-15,2020091501032231,SLICL,34,56,20,631.00,"12,620.00"
2020-09-15,2020091501031889,SLICL,50,56,200,631.00,"126,200.00"
2020-09-15,2020091501031859,SLICL,50,32,200,631.00,"126,200.00"
2020-09-15,2020091501031856,SLICL,50,56,100,631.00,"63,100.00"
2020-09-15,2020091501031966,SMFBS,34,39,10,"1,000.00","10,000.00"
2020-09-15,2020091501031965,SMFBS,34,34,10,"1,000.00","10,000.00"
2020-09-15,2020091501031964,SMFBS,34,47,10,999.00,"9,990.00"
2020-09-15,2020091501031963,SMFBS,34,6,10,999.00,"9,990.00"
2020-09-15,2020091501031962,SMFBS,34,55,20,998.00,"19,960.00"
2020-09-15,2020091501031961,SMFBS,34,55,40,995.00,"39,800.00"
2020-09-15,2020091501032177,SPDL,49,26,15,150.00,"2,250.00"
2020-09-15,2020091501032168,SPDL,28,5,149,152.00,"22,648.00"
2020-09-15,2020091501032167,SPDL,28,33,"2,000",152.00,"304,000.00"
2020-09-15,2020091501032166,SPDL,28,29,15,152.00,"2,280.00"
2020-09-15,2020091501032165,SPDL,28,10,86,152.00,"13,072.00"
2020-09-15,2020091501032089,SPDL,14,33,"2,000",151.00,"302,000.00"
2020-09-15,2020091501031959,SPDL,28,33,"1,000",151.00,"151,000.00"
2020-09-15,2020091501031958,SPDL,28,34,950,151.00,"143,450.00"
2020-09-15,2020091501031979,SRBL,34,1,40,236.00,"9,440.00"
2020-09-15,2020091501032276,UIC,44,28,20,455.00,"9,100.00"
2020-09-15,2020091501032221,UIC,58,25,75,454.00,"34,050.00"
2020-09-15,2020091501032220,UIC,34,25,50,454.00,"22,700.00"
2020-09-15,2020091501032219,UIC,14,25,75,454.00,"34,050.00"
2020-09-15,2020091501032179,UIC,14,32,100,454.00,"45,400.00"
2020-09-15,2020091501032154,UIC,14,5,50,454.00,"22,700.00"
2020-09-15,2020091501032121,UIC,44,28,20,455.00,"9,100.00"
2020-09-15,2020091501032007,UIC,14,49,75,454.00,"34,050.00"
2020-09-15,2020091501032006,UIC,29,49,25,454.00,"11,350.00"
2020-09-15,2020091501031884,UIC,29,50,305,454.00,"138,470.00"
2020-09-15,2020091501031883,UIC,29,40,115,454.00,"52,210.00"
2020-09-15,2020091501031878,UIC,36,45,25,453.00,"11,325.00"
2020-09-15,2020091501032158,UMHL,28,5,200,122.00,"24,400.00"
2020-09-15,2020091501032114,UMHL,1,1,12,121.00,"1,452.00"
2020-09-15,2020091501032003,UMHL,1,5,275,121.00,"33,275.00"
2020-09-15,2020091501031868,UNHPL,38,57,50,85.00,"4,250.00"
2020-09-15,2020091501032087,UPCL,38,51,401,99.00,"39,699.00"
2020-09-15,2020091501032058,UPCL,49,34,50,100.00,"5,000.00"
2020-09-15,2020091501031998,UPCL,38,22,150,99.00,"14,850.00"
2020-09-15,2020091501032257,UPPER,29,26,40,250.00,"10,000.00"
2020-09-15,2020091501032098,VLBS,16,49,16,933.00,"14,928.00"
2020-09-15,2020091501032097,VLBS,16,45,74,933.00,"69,042.00"
2020-09-15,2020091501031728,ACLBSL,44,56,20,740.00,"14,800.00"
2020-09-15,2020091501031727,ACLBSL,51,56,10,740.00,"7,400.00"
2020-09-15,2020091501031726,ACLBSL,45,56,10,741.00,"7,410.00"
2020-09-15,2020091501031725,ACLBSL,51,56,10,741.00,"7,410.00"
2020-09-15,2020091501031724,ACLBSL,1,56,10,741.00,"7,410.00"
2020-09-15,2020091501031534,ACLBSL,1,56,40,741.00,"29,640.00"
2020-09-15,2020091501031533,ACLBSL,51,56,60,741.00,"44,460.00"
2020-09-15,2020091501031532,ACLBSL,43,56,10,743.00,"7,430.00"
2020-09-15,2020091501031531,ACLBSL,38,45,100,745.00,"74,500.00"
2020-09-15,2020091501031350,ACLBSL,48,58,30,746.00,"22,380.00"
2020-09-15,2020091501031349,ACLBSL,48,40,10,745.00,"7,450.00"
2020-09-15,2020091501031639,AHPC,10,14,"1,000",147.00,"147,000.00"
2020-09-15,2020091501031521,AHPC,58,53,100,146.00,"14,600.00"
2020-09-15,2020091501031473,AHPC,58,36,"4,878",146.00,"712,188.00"
2020-09-15,2020091501031472,AHPC,58,36,122,146.00,"17,812.00"
2020-09-15,2020091501031719,AIL,19,45,10,521.00,"5,210.00"
2020-09-15,2020091501031663,AIL,19,29,10,521.00,"5,210.00"
2020-09-15,2020091501031625,AIL,19,29,10,521.00,"5,210.00"
2020-09-15,2020091501031593,AIL,19,20,10,521.00,"5,210.00"
2020-09-15,2020091501031395,AIL,36,49,40,521.00,"20,840.00"
2020-09-15,2020091501031353,AIL,57,50,10,520.00,"5,200.00"
2020-09-15,2020091501031340,AIL,35,26,10,520.00,"5,200.00"
2020-09-15,2020091501031466,AKJCL,36,47,240,75.00,"18,000.00"
2020-09-15,2020091501031681,AKPL,10,38,15,182.00,"2,730.00"
2020-09-15,2020091501031680,AKPL,10,45,13,182.00,"2,366.00"
2020-09-15,2020091501031679,AKPL,10,47,500,182.00,"91,000.00"
2020-09-15,2020091501031678,AKPL,10,45,"1,472",182.00,"267,904.00"
2020-09-15,2020091501031654,AKPL,58,38,400,181.00,"72,400.00"
2020-09-15,2020091501031464,AKPL,58,40,500,181.00,"90,500.00"
2020-09-15,2020091501031809,ALBSL,19,14,10,852.00,"8,520.00"
2020-09-15,2020091501031761,ALBSL,3,16,90,838.00,"75,420.00"
2020-09-15,2020091501031760,ALBSL,49,16,10,840.00,"8,400.00"
2020-09-15,2020091501031432,ALBSL,34,28,20,839.00,"16,780.00"
2020-09-15,2020091501031431,ALBSL,51,28,10,840.00,"8,400.00"
2020-09-15,2020091501031430,ALBSL,32,28,10,840.00,"8,400.00"
2020-09-15,2020091501031365,ALBSL,56,28,20,840.00,"16,800.00"
2020-09-15,2020091501031364,ALBSL,57,28,10,840.00,"8,400.00"
2020-09-15,2020091501031363,ALBSL,38,28,10,840.00,"8,400.00"
2020-09-15,2020091501031438,ALBSL,21,28,100,834.00,"83,400.00"
2020-09-15,2020091501031437,ALBSL,56,28,20,834.00,"16,680.00"
2020-09-15,2020091501031436,ALBSL,49,28,500,835.00,"417,500.00"
2020-09-15,2020091501031435,ALBSL,10,28,44,838.00,"36,872.00"
2020-09-15,2020091501031434,ALBSL,14,28,100,839.00,"83,900.00"
2020-09-15,2020091501031433,ALBSL,38,28,11,839.00,"9,229.00"
2020-09-15,2020091501031523,ALBSL,3,16,90,838.00,"75,420.00"
2020-09-15,2020091501031454,ALBSL,17,16,10,850.00,"8,500.00"
2020-09-15,2020091501031439,ALBSL,42,28,485,834.00,"404,490.00"
2020-09-15,2020091501031778,ALICL,18,45,300,752.00,"225,600.00"
2020-09-15,2020091501031628,ALICL,18,4,500,752.00,"376,000.00"
2020-09-15,2020091501031463,ALICL,59,7,402,752.00,"302,304.00"
2020-09-15,2020091501031462,ALICL,58,7,200,753.00,"150,600.00"
2020-09-15,2020091501031425,ALICL,34,43,500,754.00,"377,000.00"
2020-09-15,2020091501031665,API,25,13,25,144.00,"3,600.00"
2020-09-15,2020091501031664,API,25,45,200,143.00,"28,600.00"
2020-09-15,2020091501031615,BARUN,40,35,200,120.00,"24,000.00"
2020-09-15,2020091501031467,BARUN,40,14,180,120.00,"21,600.00"
2020-09-15,2020091501031529,BOKL,56,50,91,250.00,"22,750.00"
2020-09-15,2020091501031528,BOKL,56,56,"1,501",250.00,"375,250.00"
2020-09-15,2020091501031699,BPCL,39,13,15,397.00,"5,955.00"
2020-09-15,2020091501031522,BPCL,39,34,85,397.00,"33,745.00"
2020-09-15,2020091501031379,BPCL,6,26,12,397.00,"4,764.00"
2020-09-15,2020091501031451,CBBL,44,45,100,"1,124.00","112,400.00"
2020-09-15,2020091501031459,CBL,49,50,33,145.00,"4,785.00"
2020-09-15,2020091501031576,CCBL,44,58,26,173.00,"4,498.00"
2020-09-15,2020091501031766,CHCL,47,36,30,479.00,"14,370.00"
2020-09-15,2020091501031627,CHL,19,54,10,112.00,"1,120.00"
2020-09-15,2020091501031354,CHL,44,11,321,113.00,"36,273.00"
2020-09-15,2020091501031816,CIT,11,42,20,"3,419.00","68,380.00"
2020-09-15,2020091501031764,CMF1,45,58,"2,100",11.13,"23,373.00"
2020-09-15,2020091501031722,CMF1,43,58,100,11.13,"1,113.00"
2020-09-15,2020091501031721,CMF1,43,4,100,11.12,"1,112.00"
2020-09-15,2020091501031592,CMF1,45,4,900,11.12,"10,008.00"
2020-09-15,2020091501031591,CMF1,45,34,"7,000",11.12,"77,840.00"
2020-09-15,2020091501031590,CMF1,45,4,100,11.10,"1,110.00"
2020-09-15,2020091501031419,CMF1,13,42,500,11.08,"5,540.00"
2020-09-15,2020091501031382,CMF1,54,4,100,11.10,"1,110.00"
2020-09-15,2020091501031752,EDBL,42,17,100,299.00,"29,900.00"
2020-09-15,2020091501031794,EIC,36,34,50,563.00,"28,150.00"
2020-09-15,2020091501031709,EIC,11,34,180,563.00,"101,340.00"
2020-09-15,2020091501031708,EIC,11,17,20,563.00,"11,260.00"
2020-09-15,2020091501031648,EIC,16,42,280,563.00,"157,640.00"
2020-09-15,2020091501031609,EIC,57,54,100,562.00,"56,200.00"
2020-09-15,2020091501031608,EIC,4,54,100,562.00,"56,200.00"
2020-09-15,2020091501031336,EIC,38,49,100,563.00,"56,300.00"
2020-09-15,2020091501031607,EIC,57,54,200,562.00,"112,400.00"
2020-09-15,2020091501031606,EIC,34,54,100,562.00,"56,200.00"
2020-09-15,2020091501031575,EIC,45,26,10,562.00,"5,620.00"
2020-09-15,2020091501031480,EIC,19,49,194,563.00,"109,222.00"
2020-09-15,2020091501031366,EIC,16,49,200,563.00,"112,600.00"
2020-09-15,2020091501031337,EIC,34,49,50,563.00,"28,150.00"
2020-09-15,2020091501031803,FMDBL,56,46,30,590.00,"17,700.00"
2020-09-15,2020091501031802,FMDBL,56,57,11,590.00,"6,490.00"
2020-09-15,2020091501031782,FMDBL,57,57,374,590.00,"220,660.00"
2020-09-15,2020091501031369,FMDBL,34,57,115,590.00,"67,850.00"
2020-09-15,2020091501031368,FMDBL,34,53,115,590.00,"67,850.00"
2020-09-15,2020091501031367,FMDBL,34,32,70,590.00,"41,300.00"
2020-09-15,2020091501031361,FMDBL,56,50,50,589.00,"29,450.00"
2020-09-15,2020091501031360,FMDBL,34,50,200,589.00,"117,800.00"
2020-09-15,2020091501031359,FMDBL,28,50,100,589.00,"58,900.00"
2020-09-15,2020091501031358,FMDBL,28,50,100,589.00,"58,900.00"
2020-09-15,2020091501031723,GBBL,1,4,61,237.00,"14,457.00"
2020-09-15,2020091501031605,GBIME,47,21,50,264.00,"13,200.00"
2020-09-15,2020091501031527,GBIME,35,49,30,265.00,"7,950.00"
2020-09-15,2020091501031526,GBIME,35,34,70,265.00,"18,550.00"
2020-09-15,2020091501031517,GBLBS,17,6,35,550.00,"19,250.00"
2020-09-15,2020091501031414,GBLBS,17,26,15,550.00,"8,250.00"
2020-09-15,2020091501031401,GBLBS,46,38,11,555.00,"6,105.00"
2020-09-15,2020091501031799,GLBSL,51,34,10,788.00,"7,880.00"
2020-09-15,2020091501031736,GLICL,21,10,200,646.00,"129,200.00"
2020-09-15,2020091501031355,GLICL,53,32,500,645.00,"322,500.00"
2020-09-15,2020091501031685,GUFL,34,22,100,124.00,"12,400.00"
2020-09-15,2020091501031797,HBL,39,55,350,566.00,"198,100.00"
2020-09-15,2020091501031796,HBL,39,6,150,566.00,"84,900.00"
2020-09-15,2020091501031589,HDHPC,39,25,10,96.00,960.00
2020-09-15,2020091501031479,HDHPC,39,57,20,91.00,"1,820.00"
2020-09-15,2020091501031737,HDL,25,52,335,"1,795.00","601,325.00"
2020-09-15,2020091501031357,HDL,45,28,20,"1,793.00","35,860.00"
2020-09-15,2020091501031407,HDL,45,38,30,"1,793.00","53,790.00"
2020-09-15,2020091501031491,HDL,5,38,170,"1,792.00","304,640.00"
2020-09-15,2020091501031647,HDL,26,4,80,"1,792.00","143,360.00"
2020-09-15,2020091501031646,HDL,6,4,100,"1,792.00","179,200.00"
2020-09-15,2020091501031645,HDL,42,4,10,"1,792.00","17,920.00"
2020-09-15,2020091501031644,HDL,5,4,10,"1,792.00","17,920.00"
2020-09-15,2020091501031677,HGI,52,51,100,534.00,"53,400.00"
2020-09-15,2020091501031676,HGI,53,51,14,534.00,"7,476.00"
2020-09-15,2020091501031476,HGI,32,29,386,535.00,"206,510.00"
2020-09-15,2020091501031475,HGI,32,38,14,535.00,"7,490.00"
2020-09-15,2020091501031446,HPPL,52,26,10,173.00,"1,730.00"
2020-09-15,2020091501031817,HURJA,48,22,170,119.00,"20,230.00"
2020-09-15,2020091501031694,HURJA,48,54,20,119.00,"2,380.00"
2020-09-15,2020091501031338,ILBS,52,6,110,835.00,"91,850.00"
2020-09-15,2020091501031351,JOSHI,49,16,10,94.00,940.00
2020-09-15,2020091501031793,JSLBB,6,37,83,"1,379.00","114,457.00"
2020-09-15,2020091501031418,JSLBB,10,37,10,"1,379.00","13,790.00"
2020-09-15,2020091501031819,KBL,22,38,20,195.00,"3,900.00"
2020-09-15,2020091501031500,KBL,28,50,158,194.00,"30,652.00"
2020-09-15,2020091501031356,KBL,44,38,200,195.00,"39,000.00"
2020-09-15,2020091501031642,KMCDB,6,14,10,752.00,"7,520.00"
2020-09-15,2020091501031791,KPCL,40,39,14,131.00,"1,834.00"
2020-09-15,2020091501031729,KPCL,40,14,10,130.00,"1,300.00"
2020-09-15,2020091501031707,KPCL,40,19,10,130.00,"1,300.00"
2020-09-15,2020091501031706,KPCL,40,58,10,130.00,"1,300.00"
2020-09-15,2020091501031675,KPCL,40,49,10,129.00,"1,290.00"
2020-09-15,2020091501031674,KPCL,40,11,20,128.00,"2,560.00"
2020-09-15,2020091501031478,KPCL,46,26,10,127.00,"1,270.00"
2020-09-15,2020091501031705,KPCL,40,58,10,130.00,"1,300.00"
2020-09-15,2020091501031704,KPCL,40,53,"1,000",130.00,"130,000.00"
2020-09-15,2020091501031703,KPCL,40,46,36,130.00,"4,680.00"
2020-09-15,2020091501031702,KPCL,40,42,10,130.00,"1,300.00"
2020-09-15,2020091501031701,KPCL,40,49,10,130.00,"1,300.00"
2020-09-15,2020091501031700,KPCL,40,6,10,130.00,"1,300.00"
2020-09-15,2020091501031733,KSBBL,57,33,"1,851",142.00,"262,842.00"
2020-09-15,2020091501031732,KSBBL,45,33,99,143.00,"14,157.00"
2020-09-15,2020091501031731,KSBBL,50,33,50,143.00,"7,150.00"
2020-09-15,2020091501031411,KSBBL,45,45,51,142.00,"7,242.00"
2020-09-15,2020091501031827,LBBL,59,51,161,183.00,"29,463.00"
2020-09-15,2020091501031826,LBBL,55,51,200,183.00,"36,600.00"
2020-09-15,2020091501031825,LBBL,4,51,100,183.00,"18,300.00"
2020-09-15,2020091501031824,LBBL,44,51,"1,000",183.00,"183,000.00"
2020-09-15,2020091501031823,LBBL,25,51,161,183.00,"29,463.00"
2020-09-15,2020091501031535,LGIL,28,42,10,552.00,"5,520.00"
2020-09-15,2020091501031458,LGIL,36,34,"1,298",551.00,"715,198.00"
2020-09-15,2020091501031770,MBL,44,14,"1,780",228.00,"405,840.00"
2020-09-15,2020091501031769,MBL,35,14,500,229.00,"114,500.00"
2020-09-15,2020091501031768,MBL,47,14,50,229.00,"11,450.00"
2020-09-15,2020091501031714,MBL,34,33,422,230.00,"97,060.00"
2020-09-15,2020091501031713,MBL,34,34,78,230.00,"17,940.00"
2020-09-15,2020091501031673,MBL,44,34,300,230.00,"69,000.00"
2020-09-15,2020091501031381,MBL,17,34,622,230.00,"143,060.00"
2020-09-15,2020091501031380,MBL,17,47,378,230.00,"86,940.00"
2020-09-15,2020091501031730,MEGA,50,45,100,222.00,"22,200.00"
2020-09-15,2020091501031601,MEGA,17,45,"1,000",222.00,"222,000.00"
2020-09-15,2020091501031396,MEGA,45,45,24,221.00,"5,304.00"
2020-09-15,2020091501031530,MERO,53,26,39,722.00,"28,158.00"
2020-09-15,2020091501031672,MFIL,14,48,100,299.00,"29,900.00"
2020-09-15,2020091501031453,MFIL,17,45,90,298.00,"26,820.00"
2020-09-15,2020091501031332,MFIL,42,48,33,299.00,"9,867.00"
2020-09-15,2020091501031614,MHNL,26,26,30,98.00,"2,940.00"
2020-09-15,2020091501031684,MLBL,17,50,"1,497",195.00,"291,915.00"
2020-09-15,2020091501031536,MLBL,17,38,503,195.00,"98,085.00"
2020-09-15,2020091501031780,MNBBL,36,52,100,329.00,"32,900.00"
2020-09-15,2020091501031486,MNBBL,44,35,17,329.00,"5,593.00"
2020-09-15,2020091501031465,MNBBL,34,16,50,328.00,"16,400.00"
2020-09-15,2020091501031417,MNBBL,44,35,100,329.00,"32,900.00"
2020-09-15,2020091501031641,MNBBL,50,52,100,329.00,"32,900.00"
2020-09-15,2020091501031613,MNBBL,32,52,33,329.00,"10,857.00"
2020-09-15,2020091501031612,MNBBL,32,34,67,329.00,"22,043.00"
2020-09-15,2020091501031489,MNBBL,44,34,33,329.00,"10,857.00"
2020-09-15,2020091501031488,MNBBL,44,34,100,329.00,"32,900.00"
2020-09-15,2020091501031487,MNBBL,44,34,100,329.00,"32,900.00"
2020-09-15,2020091501031667,MPFL,46,42,20,108.00,"2,160.00"
2020-09-15,2020091501031666,MPFL,8,42,480,108.00,"51,840.00"
2020-09-15,2020091501031773,NABIL,25,44,20,854.00,"17,080.00"
2020-09-15,2020091501031772,NABIL,45,44,25,854.00,"21,350.00"
2020-09-15,2020091501031771,NABIL,45,44,55,854.00,"46,970.00"
2020-09-15,2020091501031656,NABIL,45,22,145,854.00,"123,830.00"
2020-09-15,2020091501031655,NABIL,25,22,55,854.00,"46,970.00"
2020-09-15,2020091501031539,NABIL,25,11,123,854.00,"105,042.00"
2020-09-15,2020091501031490,NABIL,25,17,50,855.00,"42,750.00"
2020-09-15,2020091501031371,NABIL,13,22,120,856.00,"102,720.00"
2020-09-15,2020091501031474,NADEP,45,25,100,731.00,"73,100.00"
2020-09-15,2020091501031640,NBB,44,58,26,203.00,"5,278.00"
2020-09-15,2020091501031689,NBL,29,46,25,309.00,"7,725.00"
2020-09-15,2020091501031571,NBL,34,10,500,308.00,"154,000.00"
2020-09-15,2020091501031570,NBL,25,10,600,308.00,"184,800.00"
2020-09-15,2020091501031569,NBL,45,10,500,308.00,"154,000.00"
2020-09-15,2020091501031568,NBL,53,10,600,308.00,"184,800.00"
2020-09-15,2020091501031567,NBL,45,10,500,308.00,"154,000.00"
2020-09-15,2020091501031386,NBL,39,17,30,309.00,"9,270.00"
2020-09-15,2020091501031385,NBL,37,17,700,309.00,"216,300.00"
2020-09-15,2020091501031384,NBL,28,17,500,309.00,"154,500.00"
2020-09-15,2020091501031392,NBL,49,17,100,309.00,"30,900.00"
2020-09-15,2020091501031391,NBL,35,17,200,309.00,"61,800.00"
2020-09-15,2020091501031390,NBL,34,17,20,309.00,"6,180.00"
2020-09-15,2020091501031389,NBL,13,17,100,309.00,"30,900.00"
2020-09-15,2020091501031388,NBL,54,17,250,309.00,"77,250.00"
2020-09-15,2020091501031387,NBL,57,17,"1,200",309.00,"370,800.00"
2020-09-15,2020091501031542,NBL,43,10,"1,000",308.00,"308,000.00"
2020-09-15,2020091501031541,NBL,39,10,100,308.00,"30,800.00"
2020-09-15,2020091501031540,NBL,47,10,"2,000",308.00,"616,000.00"
2020-09-15,2020091501031516,NBL,29,46,25,309.00,"7,725.00"
2020-09-15,2020091501031448,NBL,36,46,100,309.00,"30,900.00"
2020-09-15,2020091501031447,NBL,36,17,"1,900",309.00,"587,100.00"
2020-09-15,2020091501031548,NBL,38,10,250,308.00,"77,000.00"
2020-09-15,2020091501031547,NBL,6,10,200,308.00,"61,600.00"
2020-09-15,2020091501031546,NBL,1,10,40,308.00,"12,320.00"
2020-09-15,2020091501031545,NBL,38,10,300,308.00,"92,400.00"
2020-09-15,2020091501031544,NBL,34,10,50,308.00,"15,400.00"
2020-09-15,2020091501031543,NBL,59,10,700,308.00,"215,600.00"
2020-09-15,2020091501031554,NBL,28,10,"1,000",308.00,"308,000.00"
2020-09-15,2020091501031553,NBL,41,10,100,308.00,"30,800.00"
2020-09-15,2020091501031552,NBL,56,10,300,308.00,"92,400.00"
2020-09-15,2020091501031551,NBL,42,10,130,308.00,"40,040.00"
2020-09-15,2020091501031550,NBL,58,10,50,308.00,"15,400.00"
2020-09-15,2020091501031549,NBL,38,10,250,308.00,"77,000.00"
2020-09-15,2020091501031560,NBL,21,10,100,308.00,"30,800.00"
2020-09-15,2020091501031559,NBL,20,10,500,308.00,"154,000.00"
2020-09-15,2020091501031558,NBL,58,10,100,308.00,"30,800.00"
2020-09-15,2020091501031557,NBL,16,10,30,308.00,"9,240.00"
2020-09-15,2020091501031556,NBL,21,10,100,308.00,"30,800.00"
2020-09-15,2020091501031555,NBL,28,10,"1,000",308.00,"308,000.00"
2020-09-15,2020091501031566,NBL,40,10,"2,000",308.00,"616,000.00"
2020-09-15,2020091501031565,NBL,34,10,100,308.00,"30,800.00"
2020-09-15,2020091501031564,NBL,32,10,500,308.00,"154,000.00"
2020-09-15,2020091501031563,NBL,36,10,100,308.00,"30,800.00"
2020-09-15,2020091501031562,NBL,35,10,100,308.00,"30,800.00"
2020-09-15,2020091501031561,NBL,58,10,100,308.00,"30,800.00"
2020-09-15,2020091501031813,NHDL,53,13,10,180.00,"1,800.00"
2020-09-15,2020091501031812,NHDL,53,43,10,180.00,"1,800.00"
2020-09-15,2020091501031811,NHDL,53,7,10,180.00,"1,800.00"
2020-09-15,2020091501031810,NHDL,53,32,270,180.00,"48,600.00"
2020-09-15,2020091501031659,NHPC,54,38,215,66.00,"14,190.00"
2020-09-15,2020091501031587,NHPC,25,38,185,66.00,"12,210.00"
2020-09-15,2020091501031586,NHPC,25,59,790,66.00,"52,140.00"
2020-09-15,2020091501031585,NHPC,25,36,25,66.00,"1,650.00"
2020-09-15,2020091501031735,NIB,16,57,100,420.00,"42,000.00"
2020-09-15,2020091501031734,NIB,16,38,370,420.00,"155,400.00"
2020-09-15,2020091501031828,NIBPO,46,50,10,363.00,"3,630.00"
2020-09-15,2020091501031720,NICA,45,42,100,582.00,"58,200.00"
2020-09-15,2020091501031636,NICA,14,42,850,582.00,"494,700.00"
2020-09-15,2020091501031635,NICA,53,42,67,582.00,"38,994.00"
2020-09-15,2020091501031584,NICA,53,13,33,582.00,"19,206.00"
2020-09-15,2020091501031580,NICA,58,13,"1,000",582.00,"582,000.00"
2020-09-15,2020091501031424,NICA,49,13,177,582.00,"103,014.00"
2020-09-15,2020091501031423,NICA,49,7,23,582.00,"13,386.00"
2020-09-15,2020091501031400,NICA,51,7,25,582.00,"14,550.00"
2020-09-15,2020091501031376,NICL,58,58,110,570.00,"62,700.00"
2020-09-15,2020091501031375,NICL,58,36,50,570.00,"28,500.00"
2020-09-15,2020091501031801,NIL,16,57,141,825.00,"116,325.00"
2020-09-15,2020091501031800,NIL,16,55,"1,433",825.00,"1,182,220.00"
2020-09-15,2020091501031751,NIL,14,55,567,825.00,"467,775.00"
2020-09-15,2020091501031750,NIL,14,13,20,825.00,"16,500.00"
2020-09-15,2020091501031749,NIL,14,10,321,825.00,"264,825.00"
2020-09-15,2020091501031748,NIL,14,5,250,825.00,"206,250.00"
2020-09-15,2020091501031747,NIL,14,47,16,825.00,"13,200.00"
2020-09-15,2020091501031671,NIL,14,38,150,824.00,"123,600.00"
2020-09-15,2020091501031444,NIL,14,49,100,824.00,"82,400.00"
2020-09-15,2020091501031443,NIL,14,21,76,824.00,"62,624.00"
2020-09-15,2020091501031335,NIL,50,29,160,823.00,"131,680.00"
2020-09-15,2020091501031329,NIL,4,55,60,824.00,"49,440.00"
2020-09-15,2020091501031807,NLBBL,38,39,20,780.00,"15,600.00"
2020-09-15,2020091501031806,NLBBL,38,28,300,780.00,"234,000.00"
2020-09-15,2020091501031805,NLBBL,38,45,30,779.00,"23,370.00"
2020-09-15,2020091501031804,NLBBL,38,33,150,779.00,"116,850.00"
2020-09-15,2020091501031818,NLIC,42,54,25,"1,410.00","35,250.00"
2020-09-15,2020091501031683,NLIC,56,38,334,"1,409.00","470,606.00"
2020-09-15,2020091501031653,NLIC,33,26,22,"1,407.00","30,954.00"
2020-09-15,2020091501031652,NLIC,33,44,100,"1,407.00","140,700.00"
2020-09-15,2020091501031481,NLIC,33,46,40,"1,407.00","56,280.00"
2020-09-15,2020091501031442,NLIC,33,16,38,"1,407.00","53,466.00"
2020-09-15,2020091501031406,NLIC,35,36,200,"1,406.00","281,200.00"
2020-09-15,2020091501031763,NLICL,54,4,300,780.00,"234,000.00"
2020-09-15,2020091501031765,NMB,43,45,50,421.00,"21,050.00"
2020-09-15,2020091501031658,NMB,44,45,50,421.00,"21,050.00"
2020-09-15,2020091501031657,NMB,49,45,100,421.00,"42,100.00"
2020-09-15,2020091501031626,NMB,17,58,100,421.00,"42,100.00"
2020-09-15,2020091501031440,NMB,53,58,100,421.00,"42,100.00"
2020-09-15,2020091501031331,NMB,18,58,242,421.00,"101,882.00"
2020-09-15,2020091501031525,NMBMF,58,4,50,820.00,"41,000.00"
2020-09-15,2020091501031738,NRIC,10,10,270,882.00,"238,140.00"
2020-09-15,2020091501031698,NRIC,10,36,100,882.00,"88,200.00"
2020-09-15,2020091501031697,NRIC,10,42,50,882.00,"44,100.00"
2020-09-15,2020091501031696,NRIC,10,16,40,882.00,"35,280.00"
2020-09-15,2020091501031695,NRIC,10,51,40,882.00,"35,280.00"
2020-09-15,2020091501031692,NRIC,22,26,20,879.00,"17,580.00"
2020-09-15,2020091501031484,NRIC,13,58,110,880.00,"96,800.00"
2020-09-15,2020091501031483,NRIC,13,42,90,880.00,"79,200.00"
2020-09-15,2020091501031452,NRIC,59,48,35,880.00,"30,800.00"
2020-09-15,2020091501031449,NRIC,59,44,40,880.00,"35,200.00"
2020-09-15,2020091501031412,NRIC,59,4,40,880.00,"35,200.00"
2020-09-15,2020091501031377,NRIC,59,44,40,880.00,"35,200.00"
2020-09-15,2020091501031583,NRIC,48,57,40,881.00,"35,240.00"
2020-09-15,2020091501031582,NRIC,48,48,40,881.00,"35,240.00"
2020-09-15,2020091501031581,NRIC,48,36,100,881.00,"88,100.00"
2020-09-15,2020091501031498,NRIC,57,44,30,880.00,"26,400.00"
2020-09-15,2020091501031497,NRIC,38,44,10,880.00,"8,800.00"
2020-09-15,2020091501031485,NRIC,38,58,90,880.00,"79,200.00"
2020-09-15,2020091501031691,NRIC,50,26,10,880.00,"8,800.00"
2020-09-15,2020091501031690,NRIC,56,26,10,880.00,"8,800.00"
2020-09-15,2020091501031688,NRIC,56,44,40,880.00,"35,200.00"
2020-09-15,2020091501031637,NRIC,56,45,50,880.00,"44,000.00"
2020-09-15,2020091501031611,NRIC,57,44,20,880.00,"17,600.00"
2020-09-15,2020091501031610,NRIC,48,44,20,881.00,"17,620.00"
2020-09-15,2020091501031792,NRN,51,14,10,408.00,"4,080.00"
2020-09-15,2020091501031767,NRN,51,26,10,408.00,"4,080.00"
2020-09-15,2020091501031718,NRN,51,35,10,408.00,"4,080.00"
2020-09-15,2020091501031715,NRN,51,54,10,408.00,"4,080.00"
2020-09-15,2020091501031687,NRN,51,58,10,408.00,"4,080.00"
2020-09-15,2020091501031339,NRN,34,36,10,408.00,"4,080.00"
2020-09-15,2020091501031409,NRN,4,16,10,408.00,"4,080.00"
2020-09-15,2020091501031399,NRN,34,10,10,408.00,"4,080.00"
2020-09-15,2020091501031397,NRN,34,36,10,408.00,"4,080.00"
2020-09-15,2020091501031378,NRN,34,32,10,408.00,"4,080.00"
2020-09-15,2020091501031370,NRN,50,48,200,409.00,"81,800.00"
2020-09-15,2020091501031477,NRN,47,48,60,408.00,"24,480.00"
2020-09-15,2020091501031461,NRN,47,48,10,408.00,"4,080.00"
2020-09-15,2020091501031460,NRN,47,53,10,408.00,"4,080.00"
2020-09-15,2020091501031457,NRN,47,44,10,408.00,"4,080.00"
2020-09-15,2020091501031420,NRN,4,48,10,408.00,"4,080.00"
2020-09-15,2020091501031596,NRN,38,36,10,409.00,"4,090.00"
2020-09-15,2020091501031595,NRN,38,45,10,409.00,"4,090.00"
2020-09-15,2020091501031594,NRN,38,28,10,409.00,"4,090.00"
2020-09-15,2020091501031588,NRN,51,48,10,408.00,"4,080.00"
2020-09-15,2020091501031537,NRN,51,29,10,408.00,"4,080.00"
2020-09-15,2020091501031499,NRN,47,48,10,408.00,"4,080.00"
2020-09-15,2020091501031638,NRN,38,48,10,409.00,"4,090.00"
2020-09-15,2020091501031630,NRN,38,44,10,409.00,"4,090.00"
2020-09-15,2020091501031600,NRN,38,58,10,409.00,"4,090.00"
2020-09-15,2020091501031599,NRN,38,45,10,409.00,"4,090.00"
2020-09-15,2020091501031598,NRN,38,29,10,409.00,"4,090.00"
2020-09-15,2020091501031597,NRN,38,50,10,409.00,"4,090.00"
2020-09-15,2020091501031668,NRN,51,45,10,408.00,"4,080.00"
2020-09-15,2020091501031662,NRN,38,35,10,409.00,"4,090.00"
2020-09-15,2020091501031745,OHL,47,35,50,362.00,"18,100.00"
2020-09-15,2020091501031649,PCBL,22,58,37,282.00,"10,434.00"
2020-09-15,2020091501031405,PCBL,58,58,25,282.00,"7,050.00"
2020-09-15,2020091501031404,PCBL,47,58,25,282.00,"7,050.00"
2020-09-15,2020091501031403,PCBL,47,58,41,282.00,"11,562.00"
2020-09-15,2020091501031402,PCBL,18,58,10,282.00,"2,820.00"
2020-09-15,2020091501031795,PIC,14,50,200,806.00,"161,200.00"
2020-09-15,2020091501031515,PIC,56,50,20,805.00,"16,100.00"
2020-09-15,2020091501031514,PIC,48,50,200,805.00,"161,000.00"
2020-09-15,2020091501031513,PIC,47,50,10,806.00,"8,060.00"
2020-09-15,2020091501031512,PIC,54,50,200,806.00,"161,200.00"
2020-09-15,2020091501031511,PIC,16,50,10,806.00,"8,060.00"
2020-09-15,2020091501031504,PIC,45,50,300,808.00,"242,400.00"
2020-09-15,2020091501031503,PIC,57,50,500,809.00,"404,500.00"
2020-09-15,2020091501031502,PIC,49,50,50,809.00,"40,450.00"
2020-09-15,2020091501031501,PIC,51,50,103,809.00,"83,327.00"
2020-09-15,2020091501031510,PIC,26,50,100,806.00,"80,600.00"
2020-09-15,2020091501031509,PIC,43,50,100,806.00,"80,600.00"
2020-09-15,2020091501031508,PIC,49,50,100,806.00,"80,600.00"
2020-09-15,2020091501031507,PIC,29,50,302,806.00,"243,412.00"
2020-09-15,2020091501031506,PIC,45,50,200,807.00,"161,400.00"
2020-09-15,2020091501031505,PIC,25,50,300,808.00,"242,400.00"
2020-09-15,2020091501031820,PICL,46,52,486,563.00,"273,618.00"
2020-09-15,2020091501031759,PICL,46,1,20,563.00,"11,260.00"
2020-09-15,2020091501031758,PICL,46,49,10,563.00,"5,630.00"
2020-09-15,2020091501031757,PICL,46,33,200,563.00,"112,600.00"
2020-09-15,2020091501031756,PICL,46,38,200,563.00,"112,600.00"
2020-09-15,2020091501031755,PICL,46,6,96,563.00,"54,048.00"
2020-09-15,2020091501031754,PICL,46,49,38,562.00,"21,356.00"
2020-09-15,2020091501031520,PLIC,29,34,500,670.00,"335,000.00"
2020-09-15,2020091501031821,PRIN,47,58,200,616.00,"123,200.00"
2020-09-15,2020091501031815,PRIN,57,5,34,615.00,"20,910.00"
2020-09-15,2020091501031814,PRIN,10,5,16,615.00,"9,840.00"
2020-09-15,2020091501031410,PRIN,58,33,178,616.00,"109,648.00"
2020-09-15,2020091501031334,PRIN,58,35,122,616.00,"75,152.00"
2020-09-15,2020091501031333,PRIN,58,35,28,616.00,"17,248.00"
2020-09-15,2020091501031661,PRVU,35,3,100,230.00,"23,000.00"
2020-09-15,2020091501031660,PRVU,35,21,100,230.00,"23,000.00"
2020-09-15,2020091501031779,RADHI,33,49,10,244.00,"2,440.00"
2020-09-15,2020091501031603,RADHI,33,43,10,243.00,"2,430.00"
2020-09-15,2020091501031798,RBCL,40,57,10,"11,802.00","118,020.00"
2020-09-15,2020091501031740,RBCL,45,13,20,"11,804.00","236,080.00"
2020-09-15,2020091501031739,RBCL,47,13,10,"11,805.00","118,050.00"
2020-09-15,2020091501031651,RHPC,51,44,500,119.00,"59,500.00"
2020-09-15,2020091501031650,RHPC,34,44,50,119.00,"5,950.00"
2020-09-15,2020091501031348,RHPC,49,14,500,119.00,"59,500.00"
2020-09-15,2020091501031347,RHPC,49,49,20,119.00,"2,380.00"
2020-09-15,2020091501031346,RHPC,49,49,100,119.00,"11,900.00"
2020-09-15,2020091501031345,RHPC,49,1,400,119.00,"47,600.00"
2020-09-15,2020091501031344,RHPC,49,43,"1,000",119.00,"119,000.00"
2020-09-15,2020091501031343,RHPC,49,45,100,119.00,"11,900.00"
2020-09-15,2020091501031342,RHPC,49,41,200,119.00,"23,800.00"
2020-09-15,2020091501031341,RHPC,49,38,480,119.00,"57,120.00"
2020-09-15,2020091501031777,RLI,14,45,10,546.00,"5,460.00"
2020-09-15,2020091501031633,RMDC,35,56,20,863.00,"17,260.00"
2020-09-15,2020091501031632,RMDC,35,35,50,863.00,"43,150.00"
2020-09-15,2020091501031631,RMDC,35,16,225,863.00,"194,175.00"
2020-09-15,2020091501031496,RMDC,35,28,13,862.00,"11,206.00"
2020-09-15,2020091501031495,RMDC,35,26,100,862.00,"86,200.00"
2020-09-15,2020091501031790,RSDC,17,39,10,576.00,"5,760.00"
2020-09-15,2020091501031789,RSDC,39,39,100,576.00,"57,600.00"
2020-09-15,2020091501031788,RSDC,11,39,200,576.00,"115,200.00"
2020-09-15,2020091501031787,RSDC,11,39,50,576.00,"28,800.00"
2020-09-15,2020091501031786,RSDC,17,39,124,576.00,"71,424.00"
2020-09-15,2020091501031330,RSDC,17,16,136,576.00,"78,336.00"
2020-09-15,2020091501031398,SAPDBL,44,22,28,121.00,"3,388.00"
2020-09-15,2020091501031634,SBI,3,34,59,425.00,"25,075.00"
2020-09-15,2020091501031471,SBL,56,29,416,305.00,"126,880.00"
2020-09-15,2020091501031470,SBL,56,34,100,305.00,"30,500.00"
2020-09-15,2020091501031469,SBL,56,22,100,305.00,"30,500.00"
2020-09-15,2020091501031468,SBL,56,22,384,305.00,"117,120.00"
2020-09-15,2020091501031808,SCB,29,42,74,662.00,"48,988.00"
2020-09-15,2020091501031741,SCB,54,42,20,663.00,"13,260.00"
2020-09-15,2020091501031602,SCB,49,54,20,661.00,"13,220.00"
2020-09-15,2020091501031352,SCB,49,35,20,661.00,"13,220.00"
2020-09-15,2020091501031746,SDLBSL,56,47,10,860.00,"8,600.00"
2020-09-15,2020091501031693,SDLBSL,56,47,10,860.00,"8,600.00"
2020-09-15,2020091501031643,SDLBSL,56,38,10,860.00,"8,600.00"
2020-09-15,2020091501031518,SDLBSL,56,43,10,860.00,"8,600.00"
2020-09-15,2020091501031445,SDLBSL,56,43,10,860.00,"8,600.00"
2020-09-15,2020091501031413,SDLBSL,56,35,10,860.00,"8,600.00"
2020-09-15,2020091501031716,SHINE,33,1,18,239.00,"4,302.00"
2020-09-15,2020091501031574,SHINE,34,1,42,239.00,"10,038.00"
2020-09-15,2020091501031573,SHINE,34,45,33,239.00,"7,887.00"
2020-09-15,2020091501031572,SHINE,34,45,70,239.00,"16,730.00"
2020-09-15,2020091501031422,SHINE,53,45,16,238.00,"3,808.00"
2020-09-15,2020091501031822,SHIVM,21,20,40,721.00,"28,840.00"
2020-09-15,2020091501031712,SHIVM,22,25,50,721.00,"36,050.00"
2020-09-15,2020091501031711,SHIVM,22,25,200,721.00,"144,200.00"
2020-09-15,2020091501031710,SHIVM,6,25,50,721.00,"36,050.00"
2020-09-15,2020091501031383,SHIVM,37,20,20,721.00,"14,420.00"
2020-09-15,2020091501031450,SHPC,34,36,100,284.00,"28,400.00"
2020-09-15,2020091501031373,SHPC,34,36,400,284.00,"113,600.00"
2020-09-15,2020091501031372,SHPC,34,57,100,284.00,"28,400.00"
2020-09-15,2020091501031781,SIC,32,47,25,945.00,"23,625.00"
2020-09-15,2020091501031774,SICL,45,45,100,"1,370.00","137,000.00"
2020-09-15,2020091501031604,SICL,57,33,100,"1,371.00","137,100.00"
2020-09-15,2020091501031519,SICL,45,38,50,"1,370.00","68,500.00"
2020-09-15,2020091501031493,SICL,45,22,37,"1,370.00","50,690.00"
2020-09-15,2020091501031492,SICL,45,17,500,"1,370.00","685,000.00"
2020-09-15,2020091501031429,SICL,4,56,32,"1,369.00","43,808.00"
2020-09-15,2020091501031428,SICL,43,56,968,"1,370.00","1,326,160.00"
2020-09-15,2020091501031427,SICL,43,26,10,"1,370.00","13,700.00"
2020-09-15,2020091501031426,SICL,43,17,22,"1,370.00","30,140.00"
2020-09-15,2020091501031374,SIL,47,50,10,775.00,"7,750.00"
2020-09-15,2020091501031669,SJCL,18,32,10,155.00,"1,550.00"
2020-09-15,2020091501031455,SJCL,18,35,20,155.00,"3,100.00"
2020-09-15,2020091501031421,SJCL,18,54,20,155.00,"3,100.00"
2020-09-15,2020091501031744,SKBBL,40,28,312,"1,376.00","429,312.00"
2020-09-15,2020091501031743,SKBBL,20,28,10,"1,377.00","13,770.00"
2020-09-15,2020091501031742,SKBBL,22,28,78,"1,378.00","107,484.00"
2020-09-15,2020091501031524,SKBBL,22,45,22,"1,378.00","30,316.00"
2020-09-15,2020091501031785,SLICL,34,35,875,634.00,"554,750.00"
2020-09-15,2020091501031784,SLICL,34,37,85,633.00,"53,805.00"
2020-09-15,2020091501031783,SLICL,34,51,40,629.00,"25,160.00"
2020-09-15,2020091501031762,SLICL,47,51,100,629.00,"62,900.00"
2020-09-15,2020091501031717,SLICL,8,29,10,630.00,"6,300.00"
2020-09-15,2020091501031416,SLICL,32,45,40,631.00,"25,240.00"
2020-09-15,2020091501031415,SLICL,35,45,10,631.00,"6,310.00"
2020-09-15,2020091501031620,SLICL,29,49,600,630.00,"378,000.00"
2020-09-15,2020091501031619,SLICL,34,49,150,630.00,"94,500.00"
2020-09-15,2020091501031618,SLICL,13,49,50,631.00,"31,550.00"
2020-09-15,2020091501031617,SLICL,25,49,90,631.00,"56,790.00"
2020-09-15,2020091501031616,SLICL,32,49,"3,960",631.00,"2,498,760.00"
2020-09-15,2020091501031482,SLICL,58,37,50,634.00,"31,700.00"
2020-09-15,2020091501031686,SLICL,8,39,35,630.00,"22,050.00"
2020-09-15,2020091501031682,SLICL,25,37,15,633.00,"9,495.00"
2020-09-15,2020091501031624,SLICL,8,49,50,630.00,"31,500.00"
2020-09-15,2020091501031623,SLICL,3,49,100,630.00,"63,000.00"
2020-09-15,2020091501031622,SLICL,11,49,"1,400",630.00,"882,000.00"
2020-09-15,2020091501031621,SLICL,57,49,100,630.00,"63,000.00"
2020-09-15,2020091501031753,SMB,38,6,100,862.00,"86,200.00"
2020-09-15,2020091501031670,SPDL,34,34,50,151.00,"7,550.00"
2020-09-15,2020091501031393,SPDL,49,38,73,150.00,"10,950.00"
2020-09-15,2020091501031578,SRBL,13,1,65,236.00,"15,340.00"
2020-09-15,2020091501031577,SRBL,13,26,65,236.00,"15,340.00"
2020-09-15,2020091501031456,TMDBL,26,45,12,176.00,"2,112.00"
2020-09-15,2020091501031394,UIC,43,40,105,454.00,"47,670.00"
2020-09-15,2020091501031579,UNHPL,38,47,100,85.00,"8,500.00"
2020-09-15,2020091501031441,UPCL,45,34,10,100.00,"1,000.00"
2020-09-15,2020091501031776,UPPER,32,57,73,252.00,"18,396.00"
2020-09-15,2020091501031775,UPPER,32,44,127,252.00,"32,004.00"
2020-09-15,2020091501031362,UPPER,29,42,50,250.00,"12,500.00"
2020-09-15,2020091501031538,UPPER,25,44,20,252.00,"5,040.00"
2020-09-15,2020091501031494,UPPER,29,35,40,250.00,"10,000.00"
2020-09-15,2020091501031408,UPPER,29,48,20,250.00,"5,000.00"
2020-09-15,2020091501031629,USLB,6,22,22,"1,138.00","25,036.00"
2020-09-15,2020091501031002,ACLBSL,48,26,10,742.00,"7,420.00"
2020-09-15,2020091501031041,ADBL,38,38,522,431.00,"224,982.00"
2020-09-15,2020091501031040,ADBL,34,38,200,431.00,"86,200.00"
2020-09-15,2020091501031039,ADBL,44,38,90,431.00,"38,790.00"
2020-09-15,2020091501031038,ADBL,49,38,188,432.00,"81,216.00"
2020-09-15,2020091501031046,AHPC,28,50,200,147.00,"29,400.00"
2020-09-15,2020091501031045,AHPC,28,22,130,147.00,"19,110.00"
2020-09-15,2020091501031044,AHPC,28,8,70,147.00,"10,290.00"
2020-09-15,2020091501030971,AHPC,45,8,100,147.00,"14,700.00"
2020-09-15,2020091501030938,AHPC,10,8,90,147.00,"13,230.00"
2020-09-15,2020091501031267,AIL,10,49,70,521.00,"36,470.00"
2020-09-15,2020091501031266,AIL,10,5,10,521.00,"5,210.00"
2020-09-15,2020091501031265,AIL,10,43,10,521.00,"5,210.00"
2020-09-15,2020091501031264,AIL,10,22,10,521.00,"5,210.00"
2020-09-15,2020091501031178,AIL,35,58,10,520.00,"5,200.00"
2020-09-15,2020091501031071,AIL,42,43,10,521.00,"5,210.00"
2020-09-15,2020091501031043,AIL,42,35,10,521.00,"5,210.00"
2020-09-15,2020091501031023,AIL,38,39,10,521.00,"5,210.00"
2020-09-15,2020091501030988,AIL,38,22,10,521.00,"5,210.00"
2020-09-15,2020091501030982,AIL,38,43,10,521.00,"5,210.00"
2020-09-15,2020091501030926,AIL,38,43,10,521.00,"5,210.00"
2020-09-15,2020091501030913,AIL,38,17,10,521.00,"5,210.00"
2020-09-15,2020091501031194,AKPL,10,45,"1,000",182.00,"182,000.00"
2020-09-15,2020091501030852,AKPL,58,57,250,181.00,"45,250.00"
2020-09-15,2020091501031019,ALBSL,45,16,45,840.00,"37,800.00"
2020-09-15,2020091501031018,ALBSL,45,16,50,845.00,"42,250.00"
2020-09-15,2020091501030954,ALBSL,45,16,30,840.00,"25,200.00"
2020-09-15,2020091501030953,ALBSL,35,16,100,840.00,"84,000.00"
2020-09-15,2020091501030952,ALBSL,17,16,50,840.00,"42,000.00"
2020-09-15,2020091501030951,ALBSL,49,16,20,840.00,"16,800.00"
2020-09-15,2020091501030833,ALBSL,45,39,25,845.00,"21,125.00"
2020-09-15,2020091501031272,ALICL,59,4,92,752.00,"69,184.00"
2020-09-15,2020091501031271,ALICL,46,4,20,753.00,"15,060.00"
2020-09-15,2020091501031270,ALICL,33,4,388,753.00,"292,164.00"
2020-09-15,2020091501031268,BOKL,32,53,300,249.00,"74,700.00"
2020-09-15,2020091501031259,BOKL,55,56,200,250.00,"50,000.00"
2020-09-15,2020091501031215,BOKL,47,56,500,250.00,"125,000.00"
2020-09-15,2020091501031176,BOKL,52,29,23,252.00,"5,796.00"
2020-09-15,2020091501031175,BOKL,52,11,77,251.00,"19,327.00"
2020-09-15,2020091501031133,BOKL,52,11,23,251.00,"5,773.00"
2020-09-15,2020091501031056,BOKL,52,49,97,250.00,"24,250.00"
2020-09-15,2020091501031204,BPCL,42,41,50,398.00,"19,900.00"
2020-09-15,2020091501031203,BPCL,42,16,100,398.00,"39,800.00"
2020-09-15,2020091501031192,BPCL,56,56,1,396.00,396.00
2020-09-15,2020091501031079,BPCL,6,35,353,397.00,"140,141.00"
2020-09-15,2020091501031313,CBBL,47,58,97,"1,127.00","109,319.00"
2020-09-15,2020091501031312,CBBL,47,47,41,"1,126.00","46,166.00"
2020-09-15,2020091501031311,CBBL,47,58,147,"1,125.00","165,375.00"
2020-09-15,2020091501031310,CBBL,47,47,35,"1,125.00","39,375.00"
2020-09-15,2020091501031309,CBBL,47,6,19,"1,124.00","21,356.00"
2020-09-15,2020091501031308,CBBL,47,46,35,"1,124.00","39,340.00"
2020-09-15,2020091501031307,CBBL,47,47,16,"1,124.00","17,984.00"
2020-09-15,2020091501031306,CBBL,47,26,10,"1,123.00","11,230.00"
2020-09-15,2020091501031186,CHL,33,57,10,115.00,"1,150.00"
2020-09-15,2020091501031170,CIT,52,42,12,"3,415.00","40,980.00"
2020-09-15,2020091501031169,CIT,36,42,20,"3,415.00","68,300.00"
2020-09-15,2020091501031168,CIT,59,42,20,"3,415.00","68,300.00"
2020-09-15,2020091501031167,CIT,5,42,13,"3,417.00","44,421.00"
2020-09-15,2020091501031166,CIT,35,42,78,"3,418.00","266,604.00"
2020-09-15,2020091501031064,CIT,35,58,22,"3,418.00","75,196.00"
2020-09-15,2020091501031063,CIT,57,58,20,"3,420.00","68,400.00"
2020-09-15,2020091501031062,CIT,42,58,10,"3,420.00","34,200.00"
2020-09-15,2020091501031327,CMF1,40,4,"4,000",11.10,"44,400.00"
2020-09-15,2020091501030892,CMF1,54,4,"1,000",11.10,"11,100.00"
2020-09-15,2020091501031217,CZBIL,34,52,100,196.00,"19,600.00"
2020-09-15,2020091501031302,EIC,38,28,200,563.00,"112,600.00"
2020-09-15,2020091501031301,EIC,38,10,74,563.00,"41,662.00"
2020-09-15,2020091501031254,EIC,14,10,100,563.00,"56,300.00"
2020-09-15,2020091501031132,EIC,36,26,10,562.00,"5,620.00"
2020-09-15,2020091501030897,EIC,45,10,50,563.00,"28,150.00"
2020-09-15,2020091501030829,EIC,58,36,50,562.00,"28,100.00"
2020-09-15,2020091501031212,FMDBL,52,32,30,590.00,"17,700.00"
2020-09-15,2020091501031200,FMDBL,35,57,200,589.00,"117,800.00"
2020-09-15,2020091501031146,FMDBL,42,32,90,590.00,"53,100.00"
2020-09-15,2020091501031124,FMDBL,57,32,10,590.00,"5,900.00"
2020-09-15,2020091501030884,GBBL,47,34,195,236.00,"46,020.00"
2020-09-15,2020091501030883,GBBL,21,34,25,236.00,"5,900.00"
2020-09-15,2020091501030882,GBBL,16,34,30,236.00,"7,080.00"
2020-09-15,2020091501031290,GBIME,43,29,86,263.00,"22,618.00"
2020-09-15,2020091501031289,GBIME,47,29,500,263.00,"131,500.00"
2020-09-15,2020091501031288,GBIME,57,29,370,264.00,"97,680.00"
2020-09-15,2020091501031287,GBIME,47,29,44,264.00,"11,616.00"
2020-09-15,2020091501030984,GBIME,42,34,32,264.00,"8,448.00"
2020-09-15,2020091501030983,GBIME,47,34,38,264.00,"10,032.00"
2020-09-15,2020091501030896,GBIME,6,17,45,263.00,"11,835.00"
2020-09-15,2020091501031295,GBLBS,45,56,10,550.00,"5,500.00"
2020-09-15,2020091501031294,GBLBS,17,56,100,550.00,"55,000.00"
2020-09-15,2020091501031293,GBLBS,52,56,250,550.00,"137,500.00"
2020-09-15,2020091501031292,GBLBS,39,56,"1,960",550.00,"1,078,000.00"
2020-09-15,2020091501030989,GBLBS,39,8,15,550.00,"8,250.00"
2020-09-15,2020091501030922,GBLBS,39,1,10,550.00,"5,500.00"
2020-09-15,2020091501030851,GBLBS,39,8,15,550.00,"8,250.00"
2020-09-15,2020091501031118,GLBSL,48,58,10,787.00,"7,870.00"
2020-09-15,2020091501031199,GMFIL,34,52,89,131.00,"11,659.00"
2020-09-15,2020091501031198,GMFIL,34,53,21,131.00,"2,751.00"
2020-09-15,2020091501031245,HBL,6,25,100,565.00,"56,500.00"
2020-09-15,2020091501030949,HDHPC,57,6,280,90.00,"25,200.00"
2020-09-15,2020091501030948,HDHPC,38,6,250,90.00,"22,500.00"
2020-09-15,2020091501030947,HDHPC,21,6,500,90.00,"45,000.00"
2020-09-15,2020091501030946,HDHPC,37,6,500,90.00,"45,000.00"
2020-09-15,2020091501030945,HDHPC,46,6,500,90.00,"45,000.00"
2020-09-15,2020091501030944,HDHPC,19,6,20,91.00,"1,820.00"
2020-09-15,2020091501030832,HDL,45,32,100,"1,794.00","179,400.00"
2020-09-15,2020091501031088,HDL,14,32,15,"1,793.00","26,895.00"
2020-09-15,2020091501031091,HDL,35,32,65,"1,793.00","116,545.00"
2020-09-15,2020091501031090,HDL,19,32,15,"1,793.00","26,895.00"
2020-09-15,2020091501031089,HDL,33,32,100,"1,793.00","179,300.00"
2020-09-15,2020091501031303,HGI,44,51,30,534.00,"16,020.00"
2020-09-15,2020091501031177,HGI,53,13,100,534.00,"53,400.00"
2020-09-15,2020091501031087,HGI,28,37,100,533.00,"53,300.00"
2020-09-15,2020091501031024,HGI,28,13,20,533.00,"10,660.00"
2020-09-15,2020091501031010,HGI,28,8,80,533.00,"42,640.00"
2020-09-15,2020091501030981,HGI,14,13,100,534.00,"53,400.00"
2020-09-15,2020091501030912,HGI,1,7,140,534.00,"74,760.00"
2020-09-15,2020091501030911,HGI,34,7,65,534.00,"34,710.00"
2020-09-15,2020091501030876,HGI,34,8,200,534.00,"106,800.00"
2020-09-15,2020091501031009,HPPL,52,45,200,179.00,"35,800.00"
2020-09-15,2020091501031008,HPPL,52,36,10,178.00,"1,780.00"
2020-09-15,2020091501031007,HPPL,52,40,10,178.00,"1,780.00"
2020-09-15,2020091501031006,HPPL,52,19,60,178.00,"10,680.00"
2020-09-15,2020091501031005,HPPL,52,5,10,178.00,"1,780.00"
2020-09-15,2020091501031004,HPPL,52,52,380,178.00,"67,640.00"
2020-09-15,2020091501030916,HPPL,52,51,10,176.00,"1,760.00"
2020-09-15,2020091501030915,HPPL,52,43,10,176.00,"1,760.00"
2020-09-15,2020091501030900,HPPL,52,53,20,173.00,"3,460.00"
2020-09-15,2020091501031003,HPPL,52,7,10,177.00,"1,770.00"
2020-09-15,2020091501030921,HPPL,52,45,20,176.00,"3,520.00"
2020-09-15,2020091501030920,HPPL,52,41,10,176.00,"1,760.00"
2020-09-15,2020091501030919,HPPL,52,11,10,176.00,"1,760.00"
2020-09-15,2020091501030918,HPPL,52,5,10,176.00,"1,760.00"
2020-09-15,2020091501030917,HPPL,52,5,10,176.00,"1,760.00"
2020-09-15,2020091501031070,IGI,53,45,850,562.00,"477,700.00"
2020-09-15,2020091501031061,ILBS,52,39,11,823.00,"9,053.00"
2020-09-15,2020091501031021,ILBS,19,42,10,839.00,"8,390.00"
2020-09-15,2020091501030966,ILBS,39,42,10,839.00,"8,390.00"
2020-09-15,2020091501030842,ILBS,52,42,91,835.00,"75,985.00"
2020-09-15,2020091501030841,ILBS,52,58,10,835.00,"8,350.00"
2020-09-15,2020091501030840,ILBS,52,39,11,834.00,"9,174.00"
2020-09-15,2020091501030839,ILBS,52,57,150,833.00,"124,950.00"
2020-09-15,2020091501030838,ILBS,52,58,102,832.00,"84,864.00"
2020-09-15,2020091501030837,ILBS,52,47,11,830.00,"9,130.00"
2020-09-15,2020091501030836,ILBS,52,42,50,830.00,"41,500.00"
2020-09-15,2020091501030835,ILBS,52,6,30,829.00,"24,870.00"
2020-09-15,2020091501030834,ILBS,52,29,33,829.00,"27,357.00"
2020-09-15,2020091501031248,JBBL,28,45,16,168.00,"2,688.00"
2020-09-15,2020091501031145,JBBL,28,45,55,168.00,"9,240.00"
2020-09-15,2020091501031144,JBBL,34,45,945,168.00,"158,760.00"
2020-09-15,2020091501031103,JBBL,34,45,"1,055",168.00,"177,240.00"
2020-09-15,2020091501031102,JBBL,14,45,20,168.00,"3,360.00"
2020-09-15,2020091501031101,JBBL,35,45,200,168.00,"33,600.00"
2020-09-15,2020091501031094,JBBL,51,45,20,168.00,"3,360.00"
2020-09-15,2020091501031093,JBBL,29,45,565,168.00,"94,920.00"
2020-09-15,2020091501031001,JBBL,29,16,435,168.00,"73,080.00"
2020-09-15,2020091501031000,JBBL,51,16,100,168.00,"16,800.00"
2020-09-15,2020091501030999,JBBL,53,16,19,169.00,"3,211.00"
2020-09-15,2020091501031100,JBBL,39,45,500,168.00,"84,000.00"
2020-09-15,2020091501031099,JBBL,57,45,20,168.00,"3,360.00"
2020-09-15,2020091501031098,JBBL,49,45,"1,500",168.00,"252,000.00"
2020-09-15,2020091501031097,JBBL,38,45,50,168.00,"8,400.00"
2020-09-15,2020091501031096,JBBL,47,45,70,168.00,"11,760.00"
2020-09-15,2020091501031095,JBBL,55,45,"1,000",168.00,"168,000.00"
2020-09-15,2020091501031263,JOSHI,55,22,10,93.00,930.00
2020-09-15,2020091501031232,JOSHI,42,22,80,93.00,"7,440.00"
2020-09-15,2020091501031219,JOSHI,49,16,10,94.00,940.00
2020-09-15,2020091501031143,JOSHI,42,54,20,93.00,"1,860.00"
2020-09-15,2020091501031059,KBL,26,38,200,195.00,"39,000.00"
2020-09-15,2020091501031034,KBL,58,38,10,195.00,"1,950.00"
2020-09-15,2020091501030905,KBL,26,17,118,195.00,"23,010.00"
2020-09-15,2020091501030868,KBL,52,6,470,196.00,"92,120.00"
2020-09-15,2020091501030867,KBL,52,36,100,196.00,"19,600.00"
2020-09-15,2020091501030866,KBL,52,48,"1,490",196.00,"292,040.00"
2020-09-15,2020091501030865,KBL,52,13,500,196.00,"98,000.00"
2020-09-15,2020091501030864,KBL,52,59,200,195.00,"39,000.00"
2020-09-15,2020091501030844,KBL,26,32,80,195.00,"15,600.00"
2020-09-15,2020091501030847,KKHC,45,35,10,67.00,670.00
2020-09-15,2020091501031298,KPCL,45,11,190,128.00,"24,320.00"
2020-09-15,2020091501031297,KPCL,45,19,10,128.00,"1,280.00"
2020-09-15,2020091501030937,KPCL,46,35,10,127.00,"1,270.00"
2020-09-15,2020091501031017,KPCL,13,34,10,128.00,"1,280.00"
2020-09-15,2020091501031016,KPCL,13,45,10,128.00,"1,280.00"
2020-09-15,2020091501031015,KPCL,13,41,10,128.00,"1,280.00"
2020-09-15,2020091501031014,KPCL,13,6,10,128.00,"1,280.00"
2020-09-15,2020091501031013,KPCL,13,39,10,128.00,"1,280.00"
2020-09-15,2020091501031201,KSBBL,50,5,300,143.00,"42,900.00"
2020-09-15,2020091501030856,KSBBL,50,34,250,143.00,"35,750.00"
2020-09-15,2020091501031012,LBBL,58,33,10,184.00,"1,840.00"
2020-09-15,2020091501031246,LBL,34,58,212,236.00,"50,032.00"
2020-09-15,2020091501030959,LBL,34,17,52,236.00,"12,272.00"
2020-09-15,2020091501030956,LBL,34,21,159,236.00,"37,524.00"
2020-09-15,2020091501030955,LBL,39,21,500,236.00,"118,000.00"
2020-09-15,2020091501031234,LGIL,29,44,100,550.00,"55,000.00"
2020-09-15,2020091501031233,LGIL,28,34,100,551.00,"55,100.00"
2020-09-15,2020091501030935,LGIL,29,38,21,550.00,"11,550.00"
2020-09-15,2020091501030934,LGIL,29,42,200,550.00,"110,000.00"
2020-09-15,2020091501031112,LICN,35,45,30,"1,539.00","46,170.00"
2020-09-15,2020091501031068,LICN,36,50,50,"1,535.00","76,750.00"
2020-09-15,2020091501031164,MBL,22,47,50,230.00,"11,500.00"
2020-09-15,2020091501031161,MBL,44,36,874,228.00,"199,272.00"
2020-09-15,2020091501031160,MBL,52,36,300,228.00,"68,400.00"
2020-09-15,2020091501031159,MBL,34,36,100,228.00,"22,800.00"
2020-09-15,2020091501031158,MBL,58,36,100,228.00,"22,800.00"
2020-09-15,2020091501031157,MBL,42,36,21,228.00,"4,788.00"
2020-09-15,2020091501031011,MBL,35,17,25,228.00,"5,700.00"
2020-09-15,2020091501030861,MBL,38,1,128,229.00,"29,312.00"
2020-09-15,2020091501031156,MBL,32,36,50,228.00,"11,400.00"
2020-09-15,2020091501031155,MBL,14,36,100,228.00,"22,800.00"
2020-09-15,2020091501031154,MBL,29,36,30,228.00,"6,840.00"
2020-09-15,2020091501031153,MBL,51,36,435,228.00,"99,180.00"
2020-09-15,2020091501031152,MBL,10,36,500,228.00,"114,000.00"
2020-09-15,2020091501031151,MBL,35,36,666,228.00,"151,848.00"
2020-09-15,2020091501031189,MEGA,45,21,50,221.00,"11,050.00"
2020-09-15,2020091501031037,MEGA,45,17,40,221.00,"8,840.00"
2020-09-15,2020091501031128,MERO,46,34,200,724.00,"144,800.00"
2020-09-15,2020091501031127,MERO,46,46,50,724.00,"36,200.00"
2020-09-15,2020091501031126,MERO,46,34,200,723.00,"144,600.00"
2020-09-15,2020091501031125,MERO,46,41,50,722.00,"36,100.00"
2020-09-15,2020091501030995,MERO,53,41,50,722.00,"36,100.00"
2020-09-15,2020091501030895,MFIL,42,42,360,299.00,"107,640.00"
2020-09-15,2020091501030890,MFIL,19,57,33,299.00,"9,867.00"
2020-09-15,2020091501030979,MHNL,26,51,30,98.00,"2,940.00"
2020-09-15,2020091501031055,MNBBL,58,35,33,329.00,"10,857.00"
2020-09-15,2020091501031054,MNBBL,58,22,32,329.00,"10,528.00"
2020-09-15,2020091501031173,MSMBS,29,22,11,703.00,"7,733.00"
2020-09-15,2020091501030965,MSMBS,29,36,22,703.00,"15,466.00"
2020-09-15,2020091501031231,NABIL,25,50,22,854.00,"18,788.00"
2020-09-15,2020091501031230,NABIL,43,50,100,854.00,"85,400.00"
2020-09-15,2020091501031229,NABIL,53,50,100,854.00,"85,400.00"
2020-09-15,2020091501031228,NABIL,8,50,200,854.00,"170,800.00"
2020-09-15,2020091501031227,NABIL,43,50,100,854.00,"85,400.00"
2020-09-15,2020091501031226,NABIL,52,50,100,854.00,"85,400.00"
2020-09-15,2020091501031225,NABIL,44,50,52,855.00,"44,460.00"
2020-09-15,2020091501031050,NABIL,57,22,10,856.00,"8,560.00"
2020-09-15,2020091501031109,NADEP,38,36,23,726.00,"16,698.00"
2020-09-15,2020091501031020,NADEP,38,36,23,726.00,"16,698.00"
2020-09-15,2020091501031317,NBB,29,58,12,204.00,"2,448.00"
2020-09-15,2020091501031316,NBB,29,49,98,204.00,"19,992.00"
2020-09-15,2020091501031315,NBB,29,34,50,204.00,"10,200.00"
2020-09-15,2020091501031314,NBB,29,40,40,204.00,"8,160.00"
2020-09-15,2020091501031108,NBB,44,10,500,203.00,"101,500.00"
2020-09-15,2020091501031107,NBB,22,40,50,204.00,"10,200.00"
2020-09-15,2020091501030910,NBB,44,57,230,203.00,"46,690.00"
2020-09-15,2020091501031220,NBF2,6,53,500,9.01,"4,505.00"
2020-09-15,2020091501031318,NBL,45,17,"1,000",310.00,"310,000.00"
2020-09-15,2020091501031256,NBL,28,35,500,309.00,"154,500.00"
2020-09-15,2020091501031065,NBL,14,17,100,310.00,"31,000.00"
2020-09-15,2020091501031053,NBL,36,17,600,310.00,"186,000.00"
2020-09-15,2020091501030933,NBL,28,43,328,309.00,"101,352.00"
2020-09-15,2020091501030932,NBL,28,6,57,309.00,"17,613.00"
2020-09-15,2020091501030931,NBL,28,45,45,309.00,"13,905.00"
2020-09-15,2020091501030930,NBL,28,26,230,309.00,"71,070.00"
2020-09-15,2020091501030929,NBL,28,55,100,309.00,"30,900.00"
2020-09-15,2020091501030928,NBL,28,53,"1,000",309.00,"309,000.00"
2020-09-15,2020091501030927,NBL,28,17,"2,140",309.00,"661,260.00"
2020-09-15,2020091501030902,NBL,37,17,"1,000",309.00,"309,000.00"
2020-09-15,2020091501031121,NFS,50,22,20,195.00,"3,900.00"
2020-09-15,2020091501031222,NHDL,45,5,10,180.00,"1,800.00"
2020-09-15,2020091501031221,NHDL,45,39,10,180.00,"1,800.00"
2020-09-15,2020091501031111,NHDL,45,22,10,178.00,"1,780.00"
2020-09-15,2020091501031110,NHDL,45,18,10,178.00,"1,780.00"
2020-09-15,2020091501030894,NHDL,45,49,10,176.00,"1,760.00"
2020-09-15,2020091501031213,NHPC,58,36,75,66.00,"4,950.00"
2020-09-15,2020091501031030,NHPC,14,36,300,66.00,"19,800.00"
2020-09-15,2020091501031320,NIB,45,16,267,419.00,"111,873.00"
2020-09-15,2020091501031165,NIB,22,16,50,419.00,"20,950.00"
2020-09-15,2020091501031074,NIB,16,17,19,418.00,"7,942.00"
2020-09-15,2020091501031033,NIB,37,16,100,419.00,"41,900.00"
2020-09-15,2020091501030987,NIB,34,16,10,419.00,"4,190.00"
2020-09-15,2020091501030980,NIB,7,16,200,419.00,"83,800.00"
2020-09-15,2020091501031025,NIBLPF,34,59,425,8.52,"3,621.00"
2020-09-15,2020091501031300,NICA,45,7,20,582.00,"11,640.00"
2020-09-15,2020091501031210,NICA,58,58,700,581.00,"406,700.00"
2020-09-15,2020091501031137,NICA,58,38,798,581.00,"463,638.00"
2020-09-15,2020091501031130,NICA,58,17,236,581.00,"137,116.00"
2020-09-15,2020091501031120,NICA,58,38,508,581.00,"295,148.00"
2020-09-15,2020091501030993,NICA,55,7,100,582.00,"58,200.00"
2020-09-15,2020091501030903,NICA,58,21,333,581.00,"193,473.00"
2020-09-15,2020091501030863,NICA,46,7,32,582.00,"18,624.00"
2020-09-15,2020091501030862,NICA,46,33,23,582.00,"13,386.00"
2020-09-15,2020091501031191,NIL,50,29,50,824.00,"41,200.00"
2020-09-15,2020091501031190,NIL,13,29,55,824.00,"45,320.00"
2020-09-15,2020091501030992,NIL,18,29,100,824.00,"82,400.00"
2020-09-15,2020091501031261,NLBBL,45,58,100,779.00,"77,900.00"
2020-09-15,2020091501030970,NLBBL,45,26,77,779.00,"59,983.00"
2020-09-15,2020091501030969,NLBBL,45,44,13,779.00,"10,127.00"
2020-09-15,2020091501030968,NLBBL,45,16,100,778.00,"77,800.00"
2020-09-15,2020091501030967,NLBBL,45,26,100,775.00,"77,500.00"
2020-09-15,2020091501031208,NLIC,16,45,106,"1,406.00","149,036.00"
2020-09-15,2020091501031140,NLIC,37,45,100,"1,406.00","140,600.00"
2020-09-15,2020091501031052,NLIC,55,45,20,"1,406.00","28,120.00"
2020-09-15,2020091501031036,NLIC,58,45,18,"1,406.00","25,308.00"
2020-09-15,2020091501031035,NLIC,58,29,22,"1,406.00","30,932.00"
2020-09-15,2020091501031029,NLIC,8,14,32,"1,405.00","44,960.00"
2020-09-15,2020091501031028,NLIC,16,14,18,"1,405.00","25,290.00"
2020-09-15,2020091501031022,NLIC,16,35,22,"1,405.00","30,910.00"
2020-09-15,2020091501030990,NLIC,16,38,60,"1,405.00","84,300.00"
2020-09-15,2020091501031185,NLICL,32,35,839,775.00,"650,225.00"
2020-09-15,2020091501031184,NLICL,54,35,300,775.00,"232,500.00"
2020-09-15,2020091501031183,NLICL,56,35,711,776.00,"551,736.00"
2020-09-15,2020091501031182,NLICL,44,35,500,777.00,"388,500.00"
2020-09-15,2020091501031181,NLICL,5,35,200,777.00,"155,400.00"
2020-09-15,2020091501030889,NLICL,56,48,"1,289",776.00,"1,000,260.00"
2020-09-15,2020091501030888,NLICL,3,48,20,776.00,"15,520.00"
2020-09-15,2020091501030887,NLICL,7,48,191,777.00,"148,407.00"
2020-09-15,2020091501031129,NMB,39,58,100,421.00,"42,100.00"
2020-09-15,2020091501031078,NMB,35,58,90,421.00,"37,890.00"
2020-09-15,2020091501031077,NMB,38,58,792,421.00,"333,432.00"
2020-09-15,2020091501031142,NMFBS,52,35,26,"1,580.00","41,080.00"
2020-09-15,2020091501031322,NRIC,59,44,40,880.00,"35,200.00"
2020-09-15,2020091501031286,NRIC,53,25,40,880.00,"35,200.00"
2020-09-15,2020091501031285,NRIC,53,45,390,880.00,"343,200.00"
2020-09-15,2020091501031284,NRIC,53,59,20,880.00,"17,600.00"
2020-09-15,2020091501031283,NRIC,53,45,40,880.00,"35,200.00"
2020-09-15,2020091501031282,NRIC,53,29,40,880.00,"35,200.00"
2020-09-15,2020091501030845,NRIC,42,34,10,879.00,"8,790.00"
2020-09-15,2020091501030830,NRIC,16,38,40,878.00,"35,120.00"
2020-09-15,2020091501030878,NRIC,14,45,50,879.00,"43,950.00"
2020-09-15,2020091501030877,NRIC,14,34,161,879.00,"141,519.00"
2020-09-15,2020091501030854,NRIC,59,52,20,878.00,"17,560.00"
2020-09-15,2020091501030853,NRIC,42,52,20,878.00,"17,560.00"
2020-09-15,2020091501030850,NRIC,42,44,30,878.00,"26,340.00"
2020-09-15,2020091501030849,NRIC,16,44,10,878.00,"8,780.00"
2020-09-15,2020091501030957,NRIC,44,44,30,878.00,"26,340.00"
2020-09-15,2020091501030939,NRIC,44,52,10,878.00,"8,780.00"
2020-09-15,2020091501030893,NRIC,59,34,30,878.00,"26,340.00"
2020-09-15,2020091501030881,NRIC,14,26,24,879.00,"21,096.00"
2020-09-15,2020091501030880,NRIC,14,45,500,879.00,"439,500.00"
2020-09-15,2020091501030879,NRIC,14,26,265,879.00,"232,935.00"
2020-09-15,2020091501031149,NRIC,45,53,20,880.00,"17,600.00"
2020-09-15,2020091501031139,NRIC,22,58,40,879.00,"35,160.00"
2020-09-15,2020091501031134,NRIC,22,58,40,879.00,"35,160.00"
2020-09-15,2020091501031060,NRIC,42,53,55,880.00,"48,400.00"
2020-09-15,2020091501030976,NRIC,22,26,186,879.00,"163,494.00"
2020-09-15,2020091501030958,NRIC,50,44,10,878.00,"8,780.00"
2020-09-15,2020091501031275,NRIC,53,22,40,880.00,"35,200.00"
2020-09-15,2020091501031274,NRIC,53,53,305,880.00,"268,400.00"
2020-09-15,2020091501031247,NRIC,22,46,50,879.00,"43,950.00"
2020-09-15,2020091501031218,NRIC,22,44,40,879.00,"35,160.00"
2020-09-15,2020091501031216,NRIC,22,6,10,879.00,"8,790.00"
2020-09-15,2020091501031180,NRIC,22,35,40,879.00,"35,160.00"
2020-09-15,2020091501031281,NRIC,53,25,50,880.00,"44,000.00"
2020-09-15,2020091501031280,NRIC,53,51,900,880.00,"792,000.00"
2020-09-15,2020091501031279,NRIC,53,41,50,880.00,"44,000.00"
2020-09-15,2020091501031278,NRIC,53,52,140,880.00,"123,200.00"
2020-09-15,2020091501031277,NRIC,53,42,40,880.00,"35,200.00"
2020-09-15,2020091501031276,NRIC,53,53,30,880.00,"26,400.00"
2020-09-15,2020091501031328,NRN,34,5,10,408.00,"4,080.00"
2020-09-15,2020091501031323,NRN,57,11,10,408.00,"4,080.00"
2020-09-15,2020091501031244,NRN,57,59,10,408.00,"4,080.00"
2020-09-15,2020091501031214,NRN,58,48,10,409.00,"4,090.00"
2020-09-15,2020091501031211,NRN,57,22,10,408.00,"4,080.00"
2020-09-15,2020091501031207,NRN,17,48,50,409.00,"20,450.00"
2020-09-15,2020091501030940,NRN,57,22,10,408.00,"4,080.00"
2020-09-15,2020091501030906,NRN,57,58,10,408.00,"4,080.00"
2020-09-15,2020091501030858,NRN,57,17,10,408.00,"4,080.00"
2020-09-15,2020091501030848,NRN,57,22,10,408.00,"4,080.00"
2020-09-15,2020091501030831,NRN,57,52,10,408.00,"4,080.00"
2020-09-15,2020091501031069,NRN,57,22,10,408.00,"4,080.00"
2020-09-15,2020091501030991,NRN,57,50,10,408.00,"4,080.00"
2020-09-15,2020091501030975,NRN,57,54,10,408.00,"4,080.00"
2020-09-15,2020091501030950,NRN,57,17,10,408.00,"4,080.00"
2020-09-15,2020091501030942,NRN,57,42,10,408.00,"4,080.00"
2020-09-15,2020091501031123,NRN,57,39,10,408.00,"4,080.00"
2020-09-15,2020091501031119,NRN,57,16,10,408.00,"4,080.00"
2020-09-15,2020091501031114,NRN,57,17,10,408.00,"4,080.00"
2020-09-15,2020091501031196,NRN,57,56,129,408.00,"52,632.00"
2020-09-15,2020091501031195,NRN,57,59,10,408.00,"4,080.00"
2020-09-15,2020091501031172,NRN,57,35,10,408.00,"4,080.00"
2020-09-15,2020091501031162,NRN,57,4,10,408.00,"4,080.00"
2020-09-15,2020091501031141,NRN,6,29,50,409.00,"20,450.00"
2020-09-15,2020091501031135,NRN,57,59,10,408.00,"4,080.00"
2020-09-15,2020091501031113,NTC,58,58,20,710.00,"14,200.00"
2020-09-15,2020091501031051,NTC,6,59,"1,857",708.00,"1,314,760.00"
2020-09-15,2020091501030843,NTC,58,58,30,710.00,"21,300.00"
2020-09-15,2020091501031260,PIC,51,22,11,809.00,"8,899.00"
2020-09-15,2020091501031209,PIC,39,39,2,808.00,"1,616.00"
2020-09-15,2020091501030846,PIC,51,29,186,809.00,"150,474.00"
2020-09-15,2020091501031240,PICL,36,49,10,560.00,"5,600.00"
2020-09-15,2020091501031239,PICL,36,6,60,560.00,"33,600.00"
2020-09-15,2020091501031238,PICL,36,57,16,560.00,"8,960.00"
2020-09-15,2020091501031237,PICL,36,41,610,560.00,"341,600.00"
2020-09-15,2020091501031236,PICL,36,7,130,559.00,"72,670.00"
2020-09-15,2020091501031235,PICL,36,49,528,559.00,"295,152.00"
2020-09-15,2020091501031122,PICL,47,7,50,559.00,"27,950.00"
2020-09-15,2020091501031104,PLIC,1,1,12,670.00,"8,040.00"
2020-09-15,2020091501031072,PLIC,34,34,100,670.00,"67,000.00"
2020-09-15,2020091501030996,PLIC,32,4,200,672.00,"134,400.00"
2020-09-15,2020091501031086,PMHPL,21,44,240,101.00,"24,240.00"
2020-09-15,2020091501031085,PMHPL,21,52,10,101.00,"1,010.00"
2020-09-15,2020091501031084,PMHPL,21,39,60,101.00,"6,060.00"
2020-09-15,2020091501031083,PMHPL,21,6,10,100.00,"1,000.00"
2020-09-15,2020091501031082,PMHPL,21,34,10,99.00,990.00
2020-09-15,2020091501031081,PMHPL,21,21,10,99.00,990.00
2020-09-15,2020091501031080,PMHPL,21,21,10,99.00,990.00
2020-09-15,2020091501030886,PMHPL,52,38,10,98.00,980.00
2020-09-15,2020091501031224,PPCL,14,35,30,138.00,"4,140.00"
2020-09-15,2020091501031296,PRIN,58,42,93,616.00,"57,288.00"
2020-09-15,2020091501031269,PRIN,6,58,30,617.00,"18,510.00"
2020-09-15,2020091501030907,PRIN,22,58,25,617.00,"15,425.00"
2020-09-15,2020091501031202,PRVU,18,18,580,230.00,"133,400.00"
2020-09-15,2020091501030875,PRVU,26,28,"4,000",230.00,"920,000.00"
2020-09-15,2020091501030874,PRVU,28,28,100,230.00,"23,000.00"
2020-09-15,2020091501030873,PRVU,58,28,25,230.00,"5,750.00"
2020-09-15,2020091501030872,PRVU,17,28,30,230.00,"6,900.00"
2020-09-15,2020091501030871,PRVU,55,28,"1,500",230.00,"345,000.00"
2020-09-15,2020091501030870,PRVU,1,28,10,230.00,"2,300.00"
2020-09-15,2020091501030869,PRVU,50,28,240,230.00,"55,200.00"
2020-09-15,2020091501031042,RADHI,37,1,11,239.00,"2,629.00"
2020-09-15,2020091501030936,RADHI,37,42,11,239.00,"2,629.00"
2020-09-15,2020091501031197,RBCL,22,35,10,"11,964.00","119,640.00"
2020-09-15,2020091501030885,RBCL,45,33,10,"11,960.00","119,600.00"
2020-09-15,2020091501031257,RHPC,45,38,10,119.00,"1,190.00"
2020-09-15,2020091501031032,RHPC,29,45,20,118.00,"2,360.00"
2020-09-15,2020091501031031,RHPC,52,45,30,118.00,"3,540.00"
2020-09-15,2020091501030901,RHPC,45,38,500,119.00,"59,500.00"
2020-09-15,2020091501031305,RHPL,32,35,10,171.00,"1,710.00"
2020-09-15,2020091501031304,RHPL,19,35,30,171.00,"5,130.00"
2020-09-15,2020091501031273,RHPL,19,38,40,171.00,"6,840.00"
2020-09-15,2020091501031188,RHPL,19,14,40,171.00,"6,840.00"
2020-09-15,2020091501031163,RHPL,19,39,30,171.00,"5,130.00"
2020-09-15,2020091501031105,RHPL,19,42,10,171.00,"1,710.00"
2020-09-15,2020091501030914,RHPL,19,38,40,171.00,"6,840.00"
2020-09-15,2020091501031324,RLI,14,22,10,546.00,"5,460.00"
2020-09-15,2020091501031136,RMDC,1,26,41,861.00,"35,301.00"
2020-09-15,2020091501030974,RMDC,46,40,27,860.00,"23,220.00"
2020-09-15,2020091501030973,RMDC,35,40,10,860.00,"8,600.00"
2020-09-15,2020091501030972,RMDC,43,40,363,860.00,"312,180.00"
2020-09-15,2020091501031048,RRHP,43,45,70,124.00,"8,680.00"
2020-09-15,2020091501030941,RRHP,21,33,10,123.00,"1,230.00"
2020-09-15,2020091501031253,RSDC,55,16,70,577.00,"40,390.00"
2020-09-15,2020091501031252,RSDC,35,16,50,577.00,"28,850.00"
2020-09-15,2020091501031251,RSDC,51,16,34,577.00,"19,618.00"
2020-09-15,2020091501031250,RSDC,11,16,200,578.00,"115,600.00"
2020-09-15,2020091501031249,RSDC,45,16,10,578.00,"5,780.00"
2020-09-15,2020091501030855,SABSL,44,45,16,886.00,"14,176.00"
2020-09-15,2020091501030960,SAPDBL,44,21,218,121.00,"26,378.00"
2020-09-15,2020091501031206,SBI,5,21,16,426.00,"6,816.00"
2020-09-15,2020091501030860,SBI,3,21,68,425.00,"28,900.00"
2020-09-15,2020091501030859,SBI,56,21,50,425.00,"21,250.00"
2020-09-15,2020091501031262,SCB,58,32,10,665.00,"6,650.00"
2020-09-15,2020091501031243,SCB,58,38,10,664.00,"6,640.00"
2020-09-15,2020091501031242,SCB,58,52,20,662.00,"13,240.00"
2020-09-15,2020091501031187,SCB,49,17,10,661.00,"6,610.00"
2020-09-15,2020091501030963,SCB,13,43,106,660.00,"69,960.00"
2020-09-15,2020091501030962,SCB,13,43,100,660.00,"66,000.00"
2020-09-15,2020091501030961,SCB,44,43,94,660.00,"62,040.00"
2020-09-15,2020091501030891,SCB,29,29,20,662.00,"13,240.00"
2020-09-15,2020091501031150,SDLBSL,56,34,10,860.00,"8,600.00"
2020-09-15,2020091501031066,SDLBSL,39,34,10,860.00,"8,600.00"
2020-09-15,2020091501031131,SEF,3,57,450,9.00,"4,050.00"
2020-09-15,2020091501030857,SHINE,53,44,27,238.00,"6,426.00"
2020-09-15,2020091501031319,SHIVM,25,20,40,722.00,"28,880.00"
2020-09-15,2020091501031258,SHIVM,25,46,10,722.00,"7,220.00"
2020-09-15,2020091501031148,SHIVM,25,21,100,722.00,"72,200.00"
2020-09-15,2020091501031147,SHIVM,25,36,50,722.00,"36,100.00"
2020-09-15,2020091501031076,SHIVM,48,57,100,720.00,"72,000.00"
2020-09-15,2020091501031075,SHIVM,21,57,100,720.00,"72,000.00"
2020-09-15,2020091501030925,SHIVM,44,55,200,721.00,"144,200.00"
2020-09-15,2020091501031073,SHIVM,52,20,20,721.00,"14,420.00"
2020-09-15,2020091501030994,SHIVM,52,55,475,721.00,"342,475.00"
2020-09-15,2020091501030978,SHIVM,21,34,400,720.00,"288,000.00"
2020-09-15,2020091501030977,SHIVM,19,34,100,720.00,"72,000.00"
2020-09-15,2020091501031299,SHL,17,17,98,162.00,"15,876.00"
2020-09-15,2020091501031171,SHPC,3,17,100,283.00,"28,300.00"
2020-09-15,2020091501031092,SHPC,43,17,100,283.00,"28,300.00"
2020-09-15,2020091501031067,SHPC,41,56,"1,113",282.00,"313,866.00"
2020-09-15,2020091501031174,SIFC,21,6,10,162.00,"1,620.00"
2020-09-15,2020091501031326,SJCL,18,58,840,155.00,"130,200.00"
2020-09-15,2020091501031325,SJCL,49,58,160,155.00,"24,800.00"
2020-09-15,2020091501031321,SJCL,49,38,20,155.00,"3,100.00"
2020-09-15,2020091501031291,SJCL,49,42,10,155.00,"1,550.00"
2020-09-15,2020091501031179,SJCL,49,39,20,155.00,"3,100.00"
2020-09-15,2020091501031106,SJCL,49,53,20,155.00,"3,100.00"
2020-09-15,2020091501030964,SJCL,49,38,20,155.00,"3,100.00"
2020-09-15,2020091501030943,SLBSL,48,49,50,809.00,"40,450.00"
2020-09-15,2020091501031205,SLICL,5,47,100,633.00,"63,300.00"
2020-09-15,2020091501031193,SLICL,5,17,70,633.00,"44,310.00"
2020-09-15,2020091501030986,SLICL,5,28,27,633.00,"17,091.00"
2020-09-15,2020091501030985,SLICL,26,28,173,633.00,"109,509.00"
2020-09-15,2020091501031058,SPDL,14,33,545,150.00,"81,750.00"
2020-09-15,2020091501031057,SPDL,14,21,"1,000",150.00,"150,000.00"
2020-09-15,2020091501030904,SRBL,42,26,10,236.00,"2,360.00"
2020-09-15,2020091501031255,UIC,36,21,100,453.00,"45,300.00"
2020-09-15,2020091501030998,UIC,6,40,30,454.00,"13,620.00"
2020-09-15,2020091501031223,UMHL,34,5,25,121.00,"3,025.00"
2020-09-15,2020091501031047,UMHL,37,38,14,120.00,"1,680.00"
2020-09-15,2020091501030909,UMHL,37,5,63,120.00,"7,560.00"
2020-09-15,2020091501030908,UMHL,1,5,137,120.00,"16,440.00"
2020-09-15,2020091501031027,UPCL,38,14,200,99.00,"19,800.00"
2020-09-15,2020091501031241,UPPER,29,38,40,250.00,"10,000.00"
2020-09-15,2020091501031117,UPPER,33,44,120,252.00,"30,240.00"
2020-09-15,2020091501031116,UPPER,33,41,50,252.00,"12,600.00"
2020-09-15,2020091501031115,UPPER,33,25,130,252.00,"32,760.00"
2020-09-15,2020091501030997,UPPER,29,38,40,250.00,"10,000.00"
2020-09-15,2020091501030899,UPPER,25,44,16,252.00,"4,032.00"
2020-09-15,2020091501030898,UPPER,25,45,40,251.00,"10,040.00"
2020-09-15,2020091501031138,USLB,44,45,55,"1,145.00","62,975.00"
2020-09-15,2020091501030924,USLB,44,35,40,"1,143.00","45,720.00"
2020-09-15,2020091501030923,USLB,44,58,39,"1,143.00","44,577.00"
2020-09-15,2020091501031049,VLBS,49,16,100,930.00,"93,000.00"
2020-09-15,2020091501031026,VLBS,29,16,100,932.00,"93,200.00"
2020-09-15,2020091501030535,ACLBSL,51,48,10,741.00,"7,410.00"
2020-09-15,2020091501030777,ADBL,49,39,12,432.00,"5,184.00"
2020-09-15,2020091501030505,ADBL,44,33,100,432.00,"43,200.00"
2020-09-15,2020091501030504,ADBL,44,14,"1,000",432.00,"432,000.00"
2020-09-15,2020091501030503,ADBL,44,45,64,432.00,"27,648.00"
2020-09-15,2020091501030488,ADBL,44,42,56,431.00,"24,136.00"
2020-09-15,2020091501030636,AHPC,36,8,40,147.00,"5,880.00"
2020-09-15,2020091501030450,AHPC,58,13,100,147.00,"14,700.00"
2020-09-15,2020091501030334,AHPC,58,37,100,148.00,"14,800.00"
2020-09-15,2020091501030824,AIL,50,43,10,521.00,"5,210.00"
2020-09-15,2020091501030815,AIL,50,17,10,521.00,"5,210.00"
2020-09-15,2020091501030782,AIL,59,22,10,521.00,"5,210.00"
2020-09-15,2020091501030769,AIL,59,17,10,521.00,"5,210.00"
2020-09-15,2020091501030738,AIL,42,29,10,522.00,"5,220.00"
2020-09-15,2020091501030737,AIL,42,45,70,522.00,"36,540.00"
2020-09-15,2020091501030556,AIL,59,17,10,521.00,"5,210.00"
2020-09-15,2020091501030700,AIL,59,43,10,521.00,"5,210.00"
2020-09-15,2020091501030691,AIL,59,17,10,521.00,"5,210.00"
2020-09-15,2020091501030653,AIL,59,43,10,521.00,"5,210.00"
2020-09-15,2020091501030651,AIL,59,5,10,521.00,"5,210.00"
2020-09-15,2020091501030609,AIL,59,17,10,521.00,"5,210.00"
2020-09-15,2020091501030602,AIL,59,43,10,521.00,"5,210.00"
2020-09-15,2020091501030620,AKPL,58,33,500,181.00,"90,500.00"
2020-09-15,2020091501030550,AKPL,58,11,13,181.00,"2,353.00"
2020-09-15,2020091501030483,AKPL,58,46,"1,000",181.00,"181,000.00"
2020-09-15,2020091501030614,ALBSL,28,34,10,854.00,"8,540.00"
2020-09-15,2020091501030613,ALBSL,28,25,11,850.00,"9,350.00"
2020-09-15,2020091501030814,ALICL,33,17,12,753.00,"9,036.00"
2020-09-15,2020091501030704,ALICL,38,28,200,758.00,"151,600.00"
2020-09-15,2020091501030605,API,6,13,75,144.00,"10,800.00"
2020-09-15,2020091501030372,API,25,13,19,144.00,"2,736.00"
2020-09-15,2020091501030531,BARUN,36,49,"1,705",120.00,"204,600.00"
2020-09-15,2020091501030728,BOKL,58,49,500,250.00,"125,000.00"
2020-09-15,2020091501030727,BOKL,7,49,"1,000",250.00,"250,000.00"
2020-09-15,2020091501030726,BOKL,35,49,403,250.00,"100,750.00"
2020-09-15,2020091501030724,BOKL,52,29,263,252.00,"66,276.00"
2020-09-15,2020091501030723,BOKL,52,8,131,252.00,"33,012.00"
2020-09-15,2020091501030722,BOKL,52,45,106,251.00,"26,606.00"
2020-09-15,2020091501030460,BOKL,35,49,50,250.00,"12,500.00"
2020-09-15,2020091501030699,BPCL,56,56,1,396.00,396.00
2020-09-15,2020091501030584,CBBL,49,50,1,"1,120.00","1,120.00"
2020-09-15,2020091501030424,CCBL,16,17,118,174.00,"20,532.00"
2020-09-15,2020091501030423,CCBL,16,50,24,174.00,"4,176.00"
2020-09-15,2020091501030422,CCBL,16,16,158,174.00,"27,492.00"
2020-09-15,2020091501030567,CHCL,56,21,172,478.00,"82,216.00"
2020-09-15,2020091501030648,CIT,57,58,310,"3,420.00","1,060,200.00"
2020-09-15,2020091501030546,CIT,57,45,50,"3,419.00","170,950.00"
2020-09-15,2020091501030472,CIT,38,45,10,"3,419.00","34,190.00"
2020-09-15,2020091501030703,CLBSL,42,58,179,720.00,"128,880.00"
2020-09-15,2020091501030702,CLBSL,35,58,200,721.00,"144,200.00"
2020-09-15,2020091501030364,CLBSL,32,7,100,725.00,"72,500.00"
2020-09-15,2020091501030585,CMF1,13,4,"2,000",11.08,"22,160.00"
2020-09-15,2020091501030519,CMF1,13,4,"1,000",11.08,"11,080.00"
2020-09-15,2020091501030453,CMF1,13,4,"2,000",11.08,"22,160.00"
2020-09-15,2020091501030440,CMF1,53,4,"5,000",11.08,"55,400.00"
2020-09-15,2020091501030812,CZBIL,49,52,140,196.00,"27,440.00"
2020-09-15,2020091501030641,CZBIL,34,52,100,196.00,"19,600.00"
2020-09-15,2020091501030640,CZBIL,34,37,400,196.00,"78,400.00"
2020-09-15,2020091501030725,EBL,35,45,100,736.00,"73,600.00"
2020-09-15,2020091501030809,FMDBL,14,38,37,590.00,"21,830.00"
2020-09-15,2020091501030742,FMDBL,44,38,300,590.00,"177,000.00"
2020-09-15,2020091501030721,FMDBL,35,36,200,589.00,"117,800.00"
2020-09-15,2020091501030512,FMDBL,46,38,84,590.00,"49,560.00"
2020-09-15,2020091501030509,FMDBL,43,38,79,590.00,"46,610.00"
2020-09-15,2020091501030565,FOWAD,58,35,19,"1,577.00","29,963.00"
2020-09-15,2020091501030521,FOWAD,19,26,49,"1,594.00","78,106.00"
2020-09-15,2020091501030493,FOWAD,45,45,19,"1,588.00","30,172.00"
2020-09-15,2020091501030776,GBIME,47,56,80,264.00,"21,120.00"
2020-09-15,2020091501030775,GBIME,52,56,20,264.00,"5,280.00"
2020-09-15,2020091501030589,GBIME,47,26,217,264.00,"57,288.00"
2020-09-15,2020091501030588,GBIME,33,26,10,264.00,"2,640.00"
2020-09-15,2020091501030587,GBIME,38,26,126,264.00,"33,264.00"
2020-09-15,2020091501030371,GBIME,38,29,29,264.00,"7,656.00"
2020-09-15,2020091501030356,GBLBS,44,33,195,551.00,"107,445.00"
2020-09-15,2020091501030448,GFCL,58,49,10,157.00,"1,570.00"
2020-09-15,2020091501030816,GGBSL,22,1,10,817.00,"8,170.00"
2020-09-15,2020091501030763,GILB,44,16,50,"1,224.00","61,200.00"
2020-09-15,2020091501030762,GILB,44,16,50,"1,220.00","61,000.00"
2020-09-15,2020091501030526,GLBSL,41,36,10,785.00,"7,850.00"
2020-09-15,2020091501030373,GLBSL,41,58,10,785.00,"7,850.00"
2020-09-15,2020091501030601,GLICL,33,10,200,647.00,"129,400.00"
2020-09-15,2020091501030568,GLICL,55,10,25,647.00,"16,175.00"
2020-09-15,2020091501030474,GLICL,50,49,100,650.00,"65,000.00"
2020-09-15,2020091501030662,GMFIL,38,29,400,128.00,"51,200.00"
2020-09-15,2020091501030797,HBL,6,44,75,565.00,"42,375.00"
2020-09-15,2020091501030634,HBL,6,49,100,565.00,"56,500.00"
2020-09-15,2020091501030352,HDHPC,58,6,100,90.00,"9,000.00"
2020-09-15,2020091501030351,HDHPC,54,6,200,90.00,"18,000.00"
2020-09-15,2020091501030350,HDHPC,45,6,50,90.00,"4,500.00"
2020-09-15,2020091501030349,HDHPC,28,6,500,90.00,"45,000.00"
2020-09-15,2020091501030348,HDHPC,14,6,100,90.00,"9,000.00"
2020-09-15,2020091501030347,HDHPC,49,6,200,90.00,"18,000.00"
2020-09-15,2020091501030340,HDHPC,45,6,50,91.00,"4,550.00"
2020-09-15,2020091501030339,HDHPC,45,6,50,91.00,"4,550.00"
2020-09-15,2020091501030338,HDHPC,38,6,500,91.00,"45,500.00"
2020-09-15,2020091501030337,HDHPC,59,6,"1,490",91.00,"135,590.00"
2020-09-15,2020091501030336,HDHPC,6,6,10,92.00,920.00
2020-09-15,2020091501030335,HDHPC,51,6,"1,000",92.00,"92,000.00"
2020-09-15,2020091501030346,HDHPC,17,6,200,90.00,"18,000.00"
2020-09-15,2020091501030345,HDHPC,34,6,50,90.00,"4,500.00"
2020-09-15,2020091501030344,HDHPC,29,6,100,90.00,"9,000.00"
2020-09-15,2020091501030343,HDHPC,6,6,200,90.00,"18,000.00"
2020-09-15,2020091501030342,HDHPC,46,6,200,91.00,"18,200.00"
2020-09-15,2020091501030341,HDHPC,34,6,"1,000",91.00,"91,000.00"
2020-09-15,2020091501030684,HDL,43,32,20,"1,794.00","35,880.00"
2020-09-15,2020091501030683,HDL,54,32,100,"1,795.00","179,500.00"
2020-09-15,2020091501030682,HDL,45,32,100,"1,795.00","179,500.00"
2020-09-15,2020091501030686,HDL,45,32,20,"1,794.00","35,880.00"
2020-09-15,2020091501030685,HDL,5,32,10,"1,794.00","17,940.00"
2020-09-15,2020091501030780,HGI,53,38,36,535.00,"19,260.00"
2020-09-15,2020091501030779,HGI,53,48,34,535.00,"18,190.00"
2020-09-15,2020091501030778,HGI,53,29,180,535.00,"96,300.00"
2020-09-15,2020091501030619,HGI,58,29,10,535.00,"5,350.00"
2020-09-15,2020091501030610,HGI,58,29,10,535.00,"5,350.00"
2020-09-15,2020091501030409,HGI,34,42,35,534.00,"18,690.00"
2020-09-15,2020091501030591,HIDCL,54,42,61,152.00,"9,272.00"
2020-09-15,2020091501030506,HIDCL,50,39,100,153.00,"15,300.00"
2020-09-15,2020091501030758,HPPL,52,35,20,173.00,"3,460.00"
2020-09-15,2020091501030688,HPPL,52,42,10,173.00,"1,730.00"
2020-09-15,2020091501030677,HPPL,52,57,200,175.00,"35,000.00"
2020-09-15,2020091501030676,HPPL,52,16,10,175.00,"1,750.00"
2020-09-15,2020091501030675,HPPL,52,16,10,175.00,"1,750.00"
2020-09-15,2020091501030674,HPPL,52,45,10,175.00,"1,750.00"
2020-09-15,2020091501030673,HPPL,52,45,706,175.00,"123,550.00"
