Date,Transact. No.,Symbol,Buyer,Seller,Quantity,Rate,Amount
2019-01-29,2019012901005109,ADBL,39,45,300,341.00,"102,300.00"
2019-01-29,2019012901005099,AKPL,22,22,13,184.00,"2,392.00"
2019-01-29,2019012901005330,ALICL,54,18,158,610.00,"96,380.00"
2019-01-29,2019012901005329,ALICL,51,18,100,610.00,"61,000.00"
2019-01-29,2019012901005328,ALICL,22,18,42,610.00,"25,620.00"
2019-01-29,2019012901005162,ALICL,33,16,20,611.00,"12,220.00"
2019-01-29,2019012901005149,AMFI,45,58,10,728.00,"7,280.00"
2019-01-29,2019012901005127,AMFI,45,58,10,728.00,"7,280.00"
2019-01-29,2019012901005113,AMFI,45,58,10,728.00,"7,280.00"
2019-01-29,2019012901005088,AMFI,45,58,10,728.00,"7,280.00"
2019-01-29,2019012901005400,API,35,58,10,143.00,"1,430.00"
2019-01-29,2019012901005383,BOKL,54,38,20,252.00,"5,040.00"
2019-01-29,2019012901005382,BOKL,47,38,20,252.00,"5,040.00"
2019-01-29,2019012901005381,BOKL,47,38,20,252.00,"5,040.00"
2019-01-29,2019012901005380,BOKL,42,38,50,252.00,"12,600.00"
2019-01-29,2019012901005379,BOKL,32,38,115,252.00,"28,980.00"
2019-01-29,2019012901005299,BOKL,55,6,275,253.00,"69,575.00"
2019-01-29,2019012901005298,BOKL,55,49,200,253.00,"50,600.00"
2019-01-29,2019012901005297,BOKL,55,50,25,253.00,"6,325.00"
2019-01-29,2019012901005253,BOKL,6,50,25,253.00,"6,325.00"
2019-01-29,2019012901005201,BPCL,8,25,50,362.00,"18,100.00"
2019-01-29,2019012901005156,CBBL,6,33,15,870.00,"13,050.00"
2019-01-29,2019012901005089,CBBL,6,18,85,870.00,"73,950.00"
2019-01-29,2019012901004970,CBBL,59,38,117,872.00,"102,024.00"
2019-01-29,2019012901005248,CBBL,35,58,"1,209",875.00,"1,057,875.00"
2019-01-29,2019012901005247,CBBL,35,33,100,874.00,"87,400.00"
2019-01-29,2019012901005246,CBBL,35,14,240,874.00,"209,760.00"
2019-01-29,2019012901005245,CBBL,35,58,451,873.00,"393,723.00"
2019-01-29,2019012901005157,CBBL,34,33,185,869.00,"160,765.00"
2019-01-29,2019012901005331,CBBL,54,42,300,870.00,"261,000.00"
2019-01-29,2019012901005086,CBL,22,51,10,159.00,"1,590.00"
2019-01-29,2019012901005124,CCBL,56,22,13,169.00,"2,197.00"
2019-01-29,2019012901005064,CCBL,56,1,96,169.00,"16,224.00"
2019-01-29,2019012901005108,CFCL,19,32,50,112.00,"5,600.00"
2019-01-29,2019012901004984,CFCL,17,17,966,110.00,"106,260.00"
2019-01-29,2019012901004983,CFCL,38,17,34,110.00,"3,740.00"
2019-01-29,2019012901005440,CHCL,17,32,775,530.00,"410,750.00"
2019-01-29,2019012901005435,CHCL,8,14,100,530.00,"53,000.00"
2019-01-29,2019012901005434,CHCL,11,14,11,530.00,"5,830.00"
2019-01-29,2019012901005433,CHCL,38,14,380,530.00,"201,400.00"
2019-01-29,2019012901005340,CHCL,38,43,400,530.00,"212,000.00"
2019-01-29,2019012901005144,CHCL,38,1,420,530.00,"222,600.00"
2019-01-29,2019012901005143,CHCL,47,1,80,530.00,"42,400.00"
2019-01-29,2019012901005451,CIT,16,52,10,"2,692.00","26,920.00"
2019-01-29,2019012901005410,CIT,10,57,200,"2,685.00","537,000.00"
2019-01-29,2019012901005364,CIT,26,42,50,"2,692.00","134,600.00"
2019-01-29,2019012901005241,CIT,16,28,25,"2,680.00","67,000.00"
2019-01-29,2019012901005240,CIT,13,28,28,"2,680.00","75,040.00"
2019-01-29,2019012901005203,CIT,16,16,70,"2,690.00","188,300.00"
2019-01-29,2019012901005202,CIT,16,16,68,"2,690.00","182,920.00"
2019-01-29,2019012901005151,CMF1,47,32,"1,000",9.02,"9,020.00"
2019-01-29,2019012901005455,CZBIL,13,38,141,210.00,"29,610.00"
2019-01-29,2019012901005271,DBBL,11,35,148,125.00,"18,500.00"
2019-01-29,2019012901005122,DBBL,11,35,500,125.00,"62,500.00"
2019-01-29,2019012901005342,DDBL,44,50,100,579.00,"57,900.00"
2019-01-29,2019012901005327,EBL,34,32,983,522.00,"513,126.00"
2019-01-29,2019012901005326,EBL,57,32,100,522.00,"52,200.00"
2019-01-29,2019012901005325,EBL,13,32,200,522.00,"104,400.00"
2019-01-29,2019012901005324,EBL,21,32,100,522.00,"52,200.00"
2019-01-29,2019012901004982,EBL,44,5,20,523.00,"10,460.00"
2019-01-29,2019012901004981,EBL,6,5,50,523.00,"26,150.00"
2019-01-29,2019012901005323,EBL,42,32,37,522.00,"19,314.00"
2019-01-29,2019012901005322,EBL,45,32,30,523.00,"15,690.00"
2019-01-29,2019012901005321,EBL,44,32,30,523.00,"15,690.00"
2019-01-29,2019012901005093,FMDBL,38,34,100,377.00,"37,700.00"
2019-01-29,2019012901005077,FMDBL,55,14,150,378.00,"56,700.00"
2019-01-29,2019012901005290,FOWAD,16,39,200,"1,595.00","319,000.00"
2019-01-29,2019012901005289,FOWAD,16,19,39,"1,595.00","62,205.00"
2019-01-29,2019012901005288,FOWAD,16,19,39,"1,595.00","62,205.00"
2019-01-29,2019012901005287,FOWAD,16,49,83,"1,590.00","131,970.00"
2019-01-29,2019012901004978,FOWAD,16,10,200,"1,590.00","318,000.00"
2019-01-29,2019012901004977,FOWAD,16,49,100,"1,585.00","158,500.00"
2019-01-29,2019012901004976,FOWAD,16,34,180,"1,584.00","285,120.00"
2019-01-29,2019012901005292,GBIME,6,10,25,262.00,"6,550.00"
2019-01-29,2019012901005230,GBIME,25,13,162,260.00,"42,120.00"
2019-01-29,2019012901005229,GBIME,6,13,10,261.00,"2,610.00"
2019-01-29,2019012901005228,GBIME,51,13,129,261.00,"33,669.00"
2019-01-29,2019012901005463,GBLBS,16,47,10,445.00,"4,450.00"
2019-01-29,2019012901005462,GBLBS,16,19,10,440.00,"4,400.00"
2019-01-29,2019012901005085,GBLBS,5,45,130,438.00,"56,940.00"
2019-01-29,2019012901005084,GBLBS,5,45,40,438.00,"17,520.00"
2019-01-29,2019012901005452,GDBL,42,40,200,185.00,"37,000.00"
2019-01-29,2019012901005207,GILB,19,59,10,"1,160.00","11,600.00"
2019-01-29,2019012901005345,GUFL,47,56,10,106.00,"1,060.00"
2019-01-29,2019012901005281,GUFL,47,56,850,106.00,"90,100.00"
2019-01-29,2019012901005272,GUFL,29,56,100,107.00,"10,700.00"
2019-01-29,2019012901005193,GUFL,47,57,"1,000",109.00,"109,000.00"
2019-01-29,2019012901005192,GUFL,47,25,130,109.00,"14,170.00"
2019-01-29,2019012901005191,GUFL,47,25,100,108.00,"10,800.00"
2019-01-29,2019012901005190,GUFL,47,40,200,107.00,"21,400.00"
2019-01-29,2019012901005027,GUFL,28,25,100,107.00,"10,700.00"
2019-01-29,2019012901005026,GUFL,28,25,85,107.00,"9,095.00"
2019-01-29,2019012901005395,HBL,28,34,303,443.00,"134,229.00"
2019-01-29,2019012901005394,HBL,13,34,60,443.00,"26,580.00"
2019-01-29,2019012901005393,HBL,42,34,50,444.00,"22,200.00"
2019-01-29,2019012901005152,HDL,21,11,200,"1,356.00","271,200.00"
2019-01-29,2019012901005357,HGI,34,26,68,390.00,"26,520.00"
2019-01-29,2019012901005356,HGI,1,26,100,390.00,"39,000.00"
2019-01-29,2019012901005355,HGI,35,26,52,390.00,"20,280.00"
2019-01-29,2019012901005354,HGI,45,26,20,391.00,"7,820.00"
2019-01-29,2019012901005277,HGI,35,13,48,390.00,"18,720.00"
2019-01-29,2019012901005276,HGI,17,13,100,390.00,"39,000.00"
2019-01-29,2019012901005275,HGI,47,13,50,390.00,"19,500.00"
2019-01-29,2019012901005274,HGI,22,13,50,390.00,"19,500.00"
2019-01-29,2019012901005273,HGI,34,13,525,390.00,"204,750.00"
2019-01-29,2019012901005265,HGI,22,57,221,391.00,"86,411.00"
2019-01-29,2019012901005212,HGI,34,57,179,391.00,"69,989.00"
2019-01-29,2019012901005090,HGI,34,53,290,391.00,"113,390.00"
2019-01-29,2019012901005006,HIDCL,45,32,"1,000",143.00,"143,000.00"
2019-01-29,2019012901005285,ICFC,22,21,60,152.00,"9,120.00"
2019-01-29,2019012901005284,ICFC,22,43,50,152.00,"7,600.00"
2019-01-29,2019012901005250,ICFC,35,21,97,150.00,"14,550.00"
2019-01-29,2019012901005249,ICFC,1,21,100,150.00,"15,000.00"
2019-01-29,2019012901005444,IGI,26,38,26,442.00,"11,492.00"
2019-01-29,2019012901005092,JBBL,14,58,"2,000",140.00,"280,000.00"
2019-01-29,2019012901005239,JBNL,32,46,750,166.00,"124,500.00"
2019-01-29,2019012901005030,JBNL,32,49,200,166.00,"33,200.00"
2019-01-29,2019012901005458,JSLBB,48,19,20,"2,540.00","50,800.00"
2019-01-29,2019012901005417,JSLBB,8,42,120,"2,560.00","307,200.00"
2019-01-29,2019012901005184,JSLBB,8,21,24,"2,530.00","60,720.00"
2019-01-29,2019012901005183,JSLBB,33,21,14,"2,532.00","35,448.00"
2019-01-29,2019012901005182,JSLBB,22,21,30,"2,532.00","75,960.00"
2019-01-29,2019012901005055,JSLBB,11,55,10,"2,540.00","25,400.00"
2019-01-29,2019012901005005,KBBL,57,28,"2,000",211.00,"422,000.00"
2019-01-29,2019012901005004,KBBL,57,32,204,211.00,"43,044.00"
2019-01-29,2019012901005416,KBL,50,26,63,245.00,"15,435.00"
2019-01-29,2019012901005415,KBL,58,26,162,245.00,"39,690.00"
2019-01-29,2019012901005414,KBL,32,26,75,246.00,"18,450.00"
2019-01-29,2019012901005359,KBL,32,1,225,246.00,"55,350.00"
2019-01-29,2019012901005333,KBL,6,1,25,246.00,"6,150.00"
2019-01-29,2019012901005176,KBL,58,50,38,245.00,"9,310.00"
2019-01-29,2019012901005175,KBL,48,50,802,245.00,"196,490.00"
2019-01-29,2019012901005003,KBL,45,1,100,246.00,"24,600.00"
2019-01-29,2019012901005002,KBL,32,1,50,246.00,"12,300.00"
2019-01-29,2019012901005350,KMCDB,33,37,10,867.00,"8,670.00"
2019-01-29,2019012901005406,KMFL,56,42,10,994.00,"9,940.00"
2019-01-29,2019012901005200,KPCL,45,5,10,96.00,960.00
2019-01-29,2019012901005362,KRBL,36,41,63,99.00,"6,237.00"
2019-01-29,2019012901005361,KRBL,36,37,56,99.00,"5,544.00"
2019-01-29,2019012901005178,LBBL,21,41,454,176.00,"79,904.00"
2019-01-29,2019012901005031,LBBL,21,32,"1,000",176.00,"176,000.00"
2019-01-29,2019012901005351,LBL,16,34,610,198.00,"120,780.00"
2019-01-29,2019012901005254,LBL,44,43,200,199.00,"39,800.00"
2019-01-29,2019012901005140,LBL,22,8,491,198.00,"97,218.00"
2019-01-29,2019012901005139,LBL,45,8,200,198.00,"39,600.00"
2019-01-29,2019012901005138,LBL,45,8,50,199.00,"9,950.00"
2019-01-29,2019012901005137,LBL,55,8,225,199.00,"44,775.00"
2019-01-29,2019012901005412,LGIL,34,45,15,540.00,"8,100.00"
2019-01-29,2019012901005411,LGIL,34,43,150,535.00,"80,250.00"
2019-01-29,2019012901005397,LGIL,43,43,10,535.00,"5,350.00"
2019-01-29,2019012901005341,LGIL,36,53,100,532.00,"53,200.00"
2019-01-29,2019012901005198,LGIL,36,44,103,532.00,"54,796.00"
2019-01-29,2019012901005134,LGIL,36,44,"1,000",532.00,"532,000.00"
2019-01-29,2019012901005133,LGIL,51,44,100,532.00,"53,200.00"
2019-01-29,2019012901005279,MBL,55,14,500,210.00,"105,000.00"
2019-01-29,2019012901005039,MBL,47,34,150,209.00,"31,350.00"
2019-01-29,2019012901005038,MBL,47,34,47,209.00,"9,823.00"
2019-01-29,2019012901005419,MEGA,43,49,10,167.00,"1,670.00"
2019-01-29,2019012901005067,MEGA,32,38,572,166.00,"94,952.00"
2019-01-29,2019012901005047,MEGA,32,38,200,166.00,"33,200.00"
2019-01-29,2019012901005025,MEGA,17,26,221,165.00,"36,465.00"
2019-01-29,2019012901005460,MERO,39,58,10,"1,150.00","11,500.00"
2019-01-29,2019012901005365,MERO,34,58,50,"1,150.00","57,500.00"
2019-01-29,2019012901005450,MLBL,4,47,97,173.00,"16,781.00"
2019-01-29,2019012901005259,MLBL,4,40,900,170.00,"153,000.00"
2019-01-29,2019012901005258,MLBL,13,40,200,171.00,"34,200.00"
2019-01-29,2019012901005448,MMFDB,25,47,30,"1,030.00","30,900.00"
2019-01-29,2019012901005447,MMFDB,25,47,150,"1,025.00","153,750.00"
2019-01-29,2019012901005446,MMFDB,25,50,20,"1,024.00","20,480.00"
2019-01-29,2019012901005118,MMFDB,25,50,20,"1,024.00","20,480.00"
2019-01-29,2019012901005117,MMFDB,25,25,20,"1,018.00","20,360.00"
2019-01-29,2019012901005116,MMFDB,25,38,10,"1,018.00","10,180.00"
2019-01-29,2019012901005066,MNBBL,32,16,132,346.00,"45,672.00"
2019-01-29,2019012901005046,MSLB,5,25,50,"1,479.00","73,950.00"
2019-01-29,2019012901005037,MSLB,5,18,50,"1,478.00","73,900.00"
2019-01-29,2019012901005007,MSLB,5,18,50,"1,475.00","73,750.00"
2019-01-29,2019012901005221,NABIL,37,38,100,830.00,"83,000.00"
2019-01-29,2019012901005220,NABIL,29,38,40,830.00,"33,200.00"
2019-01-29,2019012901005219,NABIL,35,38,20,830.00,"16,600.00"
2019-01-29,2019012901005218,NABIL,57,38,232,830.00,"192,560.00"
2019-01-29,2019012901005217,NABIL,13,38,100,831.00,"83,100.00"
2019-01-29,2019012901005061,NABIL,58,3,10,832.00,"8,320.00"
2019-01-29,2019012901005060,NABIL,29,3,40,832.00,"33,280.00"
2019-01-29,2019012901005059,NABIL,16,3,50,832.00,"41,600.00"
2019-01-29,2019012901005058,NABIL,42,3,410,832.00,"341,120.00"
2019-01-29,2019012901005057,NABIL,17,3,150,833.00,"124,950.00"
2019-01-29,2019012901004965,NABIL,42,5,100,832.00,"83,200.00"
2019-01-29,2019012901005286,NABILP,46,18,100,720.00,"72,000.00"
2019-01-29,2019012901005211,NADEP,55,39,320,790.00,"252,800.00"
2019-01-29,2019012901005210,NADEP,55,34,180,786.00,"141,480.00"
2019-01-29,2019012901005349,NADEP,44,39,10,782.00,"7,820.00"
2019-01-29,2019012901005293,NBB,7,42,10,185.00,"1,850.00"
2019-01-29,2019012901005050,NBB,22,55,10,186.00,"1,860.00"
2019-01-29,2019012901005432,NBBL,16,34,100,715.00,"71,500.00"
2019-01-29,2019012901005431,NBBL,58,34,20,715.00,"14,300.00"
2019-01-29,2019012901005430,NBBL,21,34,20,715.00,"14,300.00"
2019-01-29,2019012901005429,NBBL,40,34,287,716.00,"205,492.00"
2019-01-29,2019012901005216,NBBL,40,25,13,716.00,"9,308.00"
2019-01-29,2019012901005225,NBL,6,52,50,290.00,"14,500.00"
2019-01-29,2019012901005224,NBL,47,52,200,290.00,"58,000.00"
2019-01-29,2019012901005223,NBL,47,52,200,290.00,"58,000.00"
2019-01-29,2019012901005222,NBL,56,52,550,290.00,"159,500.00"
2019-01-29,2019012901005179,NBL,6,38,495,291.00,"144,045.00"
2019-01-29,2019012901005174,NBL,56,25,150,290.00,"43,500.00"
2019-01-29,2019012901005075,NBL,56,45,"1,000",290.00,"290,000.00"
2019-01-29,2019012901005065,NBL,56,38,500,290.00,"145,000.00"
2019-01-29,2019012901005063,NBL,56,13,150,290.00,"43,500.00"
2019-01-29,2019012901005028,NBL,56,52,"1,200",290.00,"348,000.00"
2019-01-29,2019012901005409,NCCB,38,19,"1,806",211.00,"381,066.00"
2019-01-29,2019012901005408,NCCB,48,19,200,211.00,"42,200.00"
2019-01-29,2019012901005407,NCCB,38,19,194,211.00,"40,934.00"
2019-01-29,2019012901005392,NCCB,38,32,106,211.00,"22,366.00"
2019-01-29,2019012901005391,NCCB,13,32,"1,000",211.00,"211,000.00"
2019-01-29,2019012901005390,NCCB,26,32,100,211.00,"21,100.00"
2019-01-29,2019012901005076,NCCB,32,55,200,212.00,"42,400.00"
2019-01-29,2019012901005389,NCCB,14,32,200,211.00,"42,200.00"
2019-01-29,2019012901005388,NCCB,57,32,94,211.00,"19,834.00"
2019-01-29,2019012901005384,NCCB,11,55,100,212.00,"21,200.00"
2019-01-29,2019012901005267,NCCB,49,42,10,211.00,"2,110.00"
2019-01-29,2019012901005169,NCCB,48,55,500,212.00,"106,000.00"
2019-01-29,2019012901005163,NCCB,18,55,70,212.00,"14,840.00"
2019-01-29,2019012901005386,NIB,6,49,25,533.00,"13,325.00"
2019-01-29,2019012901005353,NIB,53,58,"2,000",532.00,"1,064,000.00"
2019-01-29,2019012901005352,NIB,53,14,50,532.00,"26,600.00"
2019-01-29,2019012901005332,NIB,35,14,50,532.00,"26,600.00"
2019-01-29,2019012901005320,NIB,6,34,49,531.00,"26,019.00"
2019-01-29,2019012901005319,NIB,54,34,200,531.00,"106,200.00"
2019-01-29,2019012901005095,NIB,53,52,133,531.00,"70,623.00"
2019-01-29,2019012901005001,NIB,57,14,100,532.00,"53,200.00"
2019-01-29,2019012901005312,NIB,52,34,50,531.00,"26,550.00"
2019-01-29,2019012901005311,NIB,11,34,72,531.00,"38,232.00"
2019-01-29,2019012901005310,NIB,57,34,213,531.00,"113,103.00"
2019-01-29,2019012901005097,NIB,57,52,87,531.00,"46,197.00"
2019-01-29,2019012901005096,NIB,11,52,100,531.00,"53,100.00"
2019-01-29,2019012901005318,NIB,19,34,40,531.00,"21,240.00"
2019-01-29,2019012901005317,NIB,58,34,200,531.00,"106,200.00"
2019-01-29,2019012901005316,NIB,19,34,50,531.00,"26,550.00"
2019-01-29,2019012901005315,NIB,49,34,100,531.00,"53,100.00"
2019-01-29,2019012901005314,NIB,48,34,50,531.00,"26,550.00"
2019-01-29,2019012901005313,NIB,58,34,100,531.00,"53,100.00"
2019-01-29,2019012901005080,NIBPO,32,39,800,483.00,"386,400.00"
2019-01-29,2019012901005054,NIBPO,39,39,"1,000",483.00,"483,000.00"
2019-01-29,2019012901005053,NIBPO,42,39,200,484.00,"96,800.00"
2019-01-29,2019012901005024,NIBPO,32,28,"2,000",485.00,"970,000.00"
2019-01-29,2019012901005012,NIBPO,39,39,"1,558",483.00,"752,514.00"
2019-01-29,2019012901005011,NIBPO,48,39,"1,000",483.00,"483,000.00"
2019-01-29,2019012901005154,NICA,45,32,150,390.00,"58,500.00"
2019-01-29,2019012901005153,NICA,45,58,85,390.00,"33,150.00"
2019-01-29,2019012901005112,NICA,45,58,30,390.00,"11,700.00"
2019-01-29,2019012901005094,NICA,47,58,50,390.00,"19,500.00"
2019-01-29,2019012901005048,NICA,6,38,200,389.00,"77,800.00"
2019-01-29,2019012901004972,NICA,10,58,800,390.00,"312,000.00"
2019-01-29,2019012901005459,NICL,21,58,10,568.00,"5,680.00"
2019-01-29,2019012901005443,NICL,44,50,100,569.00,"56,900.00"
2019-01-29,2019012901005442,NICL,43,36,10,573.00,"5,730.00"
2019-01-29,2019012901005437,NICL,1,36,280,572.00,"160,160.00"
2019-01-29,2019012901005427,NICL,44,36,20,572.00,"11,440.00"
2019-01-29,2019012901005363,NICL,52,36,500,570.00,"285,000.00"
2019-01-29,2019012901005260,NICL,37,41,36,570.00,"20,520.00"
2019-01-29,2019012901005304,NICL,53,41,420,569.00,"238,980.00"
2019-01-29,2019012901005278,NICL,53,50,71,569.00,"40,399.00"
2019-01-29,2019012901005264,NICL,53,41,109,569.00,"62,021.00"
2019-01-29,2019012901005263,NICL,52,41,100,569.00,"56,900.00"
2019-01-29,2019012901005262,NICL,6,41,15,570.00,"8,550.00"
2019-01-29,2019012901005261,NICL,29,41,20,570.00,"11,400.00"
2019-01-29,2019012901005347,NICL,34,36,20,573.00,"11,460.00"
2019-01-29,2019012901005334,NICL,34,36,20,573.00,"11,460.00"
2019-01-29,2019012901005307,NICL,21,41,180,568.00,"102,240.00"
2019-01-29,2019012901005306,NICL,8,41,100,568.00,"56,800.00"
2019-01-29,2019012901005305,NICL,32,41,100,568.00,"56,800.00"
2019-01-29,2019012901005227,NLBBL,11,25,10,470.00,"4,700.00"
2019-01-29,2019012901005226,NLBBL,38,25,10,470.00,"4,700.00"
2019-01-29,2019012901005439,NLIC,35,57,10,"1,093.00","10,930.00"
2019-01-29,2019012901005291,NLICL,50,34,20,678.00,"13,560.00"
2019-01-29,2019012901005136,NLICL,29,34,30,677.00,"20,310.00"
2019-01-29,2019012901005135,NLICL,49,34,70,677.00,"47,390.00"
2019-01-29,2019012901005079,NLICL,49,14,430,677.00,"291,110.00"
2019-01-29,2019012901005078,NLICL,18,14,70,677.00,"47,390.00"
2019-01-29,2019012901004964,NLICL,18,19,30,677.00,"20,310.00"
2019-01-29,2019012901005344,NMB,42,13,163,316.00,"51,508.00"
2019-01-29,2019012901005343,NMB,6,13,337,316.00,"106,492.00"
2019-01-29,2019012901005449,NMBMF,43,43,10,"1,129.00","11,290.00"
2019-01-29,2019012901005252,NMBMF,18,16,10,"1,130.00","11,300.00"
2019-01-29,2019012901005232,NMBMF,18,46,11,"1,120.00","12,320.00"
2019-01-29,2019012901005145,NSEWA,17,41,10,615.00,"6,150.00"
2019-01-29,2019012901005456,NTC,43,41,10,730.00,"7,300.00"
2019-01-29,2019012901005378,NTC,53,7,572,729.00,"416,988.00"
2019-01-29,2019012901005215,NUBL,38,11,10,779.00,"7,790.00"
2019-01-29,2019012901005209,PCBL,47,13,600,324.00,"194,400.00"
2019-01-29,2019012901005123,PFL,19,13,50,134.00,"6,700.00"
2019-01-29,2019012901005098,PIC,1,46,11,"1,042.00","11,462.00"
2019-01-29,2019012901005022,PIC,1,45,106,"1,042.00","110,452.00"
2019-01-29,2019012901005021,PIC,6,45,56,"1,042.00","58,352.00"
2019-01-29,2019012901005020,PIC,6,45,38,"1,043.00","39,634.00"
2019-01-29,2019012901005009,PIC,6,22,129,"1,043.00","134,547.00"
2019-01-29,2019012901005436,PICL,10,58,10,715.00,"7,150.00"
2019-01-29,2019012901005049,PICL,53,53,2,700.00,"1,400.00"
2019-01-29,2019012901005348,PLIC,45,37,30,490.00,"14,700.00"
2019-01-29,2019012901005150,PLIC,19,37,100,490.00,"49,000.00"
2019-01-29,2019012901005072,PLIC,5,34,100,489.00,"48,900.00"
2019-01-29,2019012901005019,PMHPL,36,39,10,106.00,"1,060.00"
2019-01-29,2019012901004969,PMHPL,36,39,10,106.00,"1,060.00"
2019-01-29,2019012901005428,PRIN,38,14,72,447.00,"32,184.00"
2019-01-29,2019012901005405,PRIN,10,14,10,447.00,"4,470.00"
2019-01-29,2019012901005000,PRIN,10,41,80,443.00,"35,440.00"
2019-01-29,2019012901004999,PRIN,43,41,20,443.00,"8,860.00"
2019-01-29,2019012901004967,PRIN,40,58,400,445.00,"178,000.00"
2019-01-29,2019012901005244,PRVU,26,8,50,241.00,"12,050.00"
2019-01-29,2019012901004980,RADHI,13,39,11,163.00,"1,793.00"
2019-01-29,2019012901005213,RBCL,6,35,15,"9,360.00","140,400.00"
2019-01-29,2019012901005181,RBCL,39,35,10,"9,360.00","93,600.00"
2019-01-29,2019012901004974,RBCL,4,35,10,"9,400.00","94,000.00"
2019-01-29,2019012901004973,RBCL,18,35,25,"9,415.00","235,375.00"
2019-01-29,2019012901005161,RMDC,29,34,100,545.00,"54,500.00"
2019-01-29,2019012901005160,RMDC,29,42,40,545.00,"21,800.00"
2019-01-29,2019012901005052,RMDC,56,49,500,542.00,"271,000.00"
2019-01-29,2019012901005051,RMDC,56,36,105,540.00,"56,700.00"
2019-01-29,2019012901005418,RRHP,55,25,10,99.00,990.00
2019-01-29,2019012901005399,RRHP,55,25,10,99.00,990.00
2019-01-29,2019012901005387,RRHP,55,58,10,99.00,990.00
2019-01-29,2019012901005375,RRHP,55,25,10,99.00,990.00
2019-01-29,2019012901005358,RRHP,55,25,10,99.00,990.00
2019-01-29,2019012901005346,SADBL,48,45,10,144.00,"1,440.00"
2019-01-29,2019012901005441,SANIMA,57,34,413,301.00,"124,313.00"
2019-01-29,2019012901005339,SANIMA,49,34,200,302.00,"60,400.00"
2019-01-29,2019012901005204,SANIMA,57,28,51,301.00,"15,351.00"
2019-01-29,2019012901005166,SANIMA,13,34,300,302.00,"90,600.00"
2019-01-29,2019012901005114,SANIMA,45,34,50,302.00,"15,100.00"
2019-01-29,2019012901005008,SANIMA,37,34,37,302.00,"11,174.00"
2019-01-29,2019012901005438,SBI,16,38,192,382.00,"73,344.00"
2019-01-29,2019012901005376,SBI,39,38,15,382.00,"5,730.00"
2019-01-29,2019012901005398,SBL,13,13,209,286.00,"59,774.00"
2019-01-29,2019012901005251,SBL,13,42,10,286.00,"2,860.00"
2019-01-29,2019012901005164,SBL,13,38,281,286.00,"80,366.00"
2019-01-29,2019012901005081,SBL,11,6,494,286.00,"141,284.00"
2019-01-29,2019012901005373,SCB,32,48,58,563.00,"32,654.00"
2019-01-29,2019012901005372,SCB,56,48,50,563.00,"28,150.00"
2019-01-29,2019012901005371,SCB,36,48,300,563.00,"168,900.00"
2019-01-29,2019012901005370,SCB,43,48,282,563.00,"158,766.00"
2019-01-29,2019012901005369,SCB,36,48,500,564.00,"282,000.00"
2019-01-29,2019012901005368,SCB,45,48,40,564.00,"22,560.00"
2019-01-29,2019012901005170,SCB,45,22,10,564.00,"5,640.00"
2019-01-29,2019012901005367,SCB,44,48,40,564.00,"22,560.00"
2019-01-29,2019012901005366,SCB,45,48,60,564.00,"33,840.00"
2019-01-29,2019012901005396,SDESI,33,13,490,632.00,"309,680.00"
2019-01-29,2019012901005196,SDESI,33,46,27,631.00,"17,037.00"
2019-01-29,2019012901005115,SDESI,33,51,13,630.00,"8,190.00"
2019-01-29,2019012901005296,SFFIL,47,42,300,222.00,"66,600.00"
2019-01-29,2019012901005295,SFFIL,45,42,20,223.00,"4,460.00"
2019-01-29,2019012901005294,SFFIL,1,42,100,223.00,"22,300.00"
2019-01-29,2019012901005377,SHPC,49,22,150,230.00,"34,500.00"
2019-01-29,2019012901005454,SICL,42,5,50,929.00,"46,450.00"
2019-01-29,2019012901005374,SIL,34,50,93,645.00,"59,985.00"
2019-01-29,2019012901005283,SIL,56,19,19,636.00,"12,084.00"
2019-01-29,2019012901005071,SIL,34,50,15,641.00,"9,615.00"
2019-01-29,2019012901005070,SIL,53,50,36,641.00,"23,076.00"
2019-01-29,2019012901005069,SIL,11,50,15,642.00,"9,630.00"
2019-01-29,2019012901005068,SIL,47,50,22,642.00,"14,124.00"
2019-01-29,2019012901004968,SIL,47,41,100,642.00,"64,200.00"
2019-01-29,2019012901005159,SKBBL,28,48,105,857.00,"89,985.00"
2019-01-29,2019012901005158,SKBBL,35,48,20,858.00,"17,160.00"
2019-01-29,2019012901005413,SLBBL,32,50,55,530.00,"29,150.00"
2019-01-29,2019012901005173,SLBBL,43,42,50,527.00,"26,350.00"
2019-01-29,2019012901005197,SLICL,11,34,40,552.00,"22,080.00"
2019-01-29,2019012901005453,SMATA,58,34,10,"1,265.00","12,650.00"
2019-01-29,2019012901005270,SMATA,48,39,20,"1,245.00","24,900.00"
2019-01-29,2019012901005424,SMB,34,39,40,730.00,"29,200.00"
2019-01-29,2019012901005423,SMB,34,53,10,725.00,"7,250.00"
2019-01-29,2019012901005187,SMB,16,58,20,720.00,"14,400.00"
2019-01-29,2019012901005186,SMB,42,58,120,721.00,"86,520.00"
2019-01-29,2019012901005185,SMB,41,58,90,725.00,"65,250.00"
2019-01-29,2019012901005126,SMB,41,4,10,725.00,"7,250.00"
2019-01-29,2019012901005125,SMB,46,4,40,725.00,"29,000.00"
2019-01-29,2019012901005091,SMB,58,58,10,730.00,"7,300.00"
2019-01-29,2019012901005233,SMB,52,35,10,716.00,"7,160.00"
2019-01-29,2019012901005188,SMB,52,58,210,716.00,"150,360.00"
2019-01-29,2019012901005308,SMFDB,59,34,100,711.00,"71,100.00"
2019-01-29,2019012901005243,SMFDB,59,40,70,711.00,"49,770.00"
2019-01-29,2019012901005242,SMFDB,47,40,100,712.00,"71,200.00"
2019-01-29,2019012901005269,SRBL,43,29,161,210.00,"33,810.00"
2019-01-29,2019012901005268,SRBL,43,49,133,210.00,"27,930.00"
2019-01-29,2019012901005119,SRBL,19,49,100,210.00,"21,000.00"
2019-01-29,2019012901005087,SRBL,55,6,500,209.00,"104,500.00"
2019-01-29,2019012901005257,TRH,17,45,10,247.00,"2,470.00"
2019-01-29,2019012901005445,UPPER,34,45,50,260.00,"13,000.00"
2019-01-29,2019012901005426,UPPER,34,45,50,260.00,"13,000.00"
2019-01-29,2019012901005425,UPPER,34,42,40,260.00,"10,400.00"
2019-01-29,2019012901005385,UPPER,34,25,40,260.00,"10,400.00"
2019-01-29,2019012901004987,UPPER,1,35,23,260.00,"5,980.00"
2019-01-29,2019012901004985,UPPER,1,6,40,260.00,"10,400.00"
2019-01-29,2019012901004979,UPPER,1,47,50,260.00,"13,000.00"
2019-01-29,2019012901004975,UPPER,1,3,40,260.00,"10,400.00"
2019-01-29,2019012901004966,UPPER,1,6,50,260.00,"13,000.00"
2019-01-29,2019012901004993,UPPER,45,35,500,259.00,"129,500.00"
2019-01-29,2019012901004992,UPPER,11,35,20,260.00,"5,200.00"
2019-01-29,2019012901004991,UPPER,36,35,650,260.00,"169,000.00"
2019-01-29,2019012901004990,UPPER,11,35,50,260.00,"13,000.00"
2019-01-29,2019012901004989,UPPER,51,35,100,260.00,"26,000.00"
2019-01-29,2019012901004988,UPPER,49,35,100,260.00,"26,000.00"
2019-01-29,2019012901005010,UPPER,34,3,40,259.00,"10,360.00"
2019-01-29,2019012901004998,UPPER,32,35,207,258.00,"53,406.00"
2019-01-29,2019012901004997,UPPER,44,35,100,259.00,"25,900.00"
2019-01-29,2019012901004996,UPPER,57,35,100,259.00,"25,900.00"
2019-01-29,2019012901004995,UPPER,57,35,"1,000",259.00,"259,000.00"
2019-01-29,2019012901004994,UPPER,38,35,150,259.00,"38,850.00"
2019-01-29,2019012901005036,UPPER,39,3,50,260.00,"13,000.00"
2019-01-29,2019012901005034,UPPER,39,1,150,260.00,"39,000.00"
2019-01-29,2019012901005033,UPPER,39,39,40,260.00,"10,400.00"
2019-01-29,2019012901005032,UPPER,39,39,50,260.00,"13,000.00"
2019-01-29,2019012901005029,UPPER,34,3,40,259.00,"10,360.00"
2019-01-29,2019012901005023,UPPER,34,3,50,259.00,"12,950.00"
2019-01-29,2019012901005100,UPPER,38,39,39,261.00,"10,179.00"
2019-01-29,2019012901005082,UPPER,39,51,25,260.00,"6,500.00"
2019-01-29,2019012901005073,UPPER,39,11,50,260.00,"13,000.00"
2019-01-29,2019012901005062,UPPER,39,28,40,260.00,"10,400.00"
2019-01-29,2019012901005056,UPPER,39,46,95,260.00,"24,700.00"
2019-01-29,2019012901005040,UPPER,39,3,40,260.00,"10,400.00"
2019-01-29,2019012901005106,UPPER,38,17,50,261.00,"13,050.00"
2019-01-29,2019012901005105,UPPER,38,44,50,261.00,"13,050.00"
2019-01-29,2019012901005104,UPPER,38,17,50,261.00,"13,050.00"
2019-01-29,2019012901005103,UPPER,38,17,50,261.00,"13,050.00"
2019-01-29,2019012901005102,UPPER,38,17,50,261.00,"13,050.00"
2019-01-29,2019012901005101,UPPER,38,11,400,261.00,"104,400.00"
2019-01-29,2019012901005129,UPPER,39,34,40,260.00,"10,400.00"
2019-01-29,2019012901005121,UPPER,39,8,40,260.00,"10,400.00"
2019-01-29,2019012901005120,UPPER,39,3,40,260.00,"10,400.00"
2019-01-29,2019012901005111,UPPER,39,3,40,260.00,"10,400.00"
2019-01-29,2019012901005110,UPPER,39,34,50,260.00,"13,000.00"
2019-01-29,2019012901005107,UPPER,38,45,11,261.00,"2,871.00"
2019-01-29,2019012901005146,UPPER,34,34,40,260.00,"10,400.00"
2019-01-29,2019012901005142,UPPER,45,8,40,260.00,"10,400.00"
2019-01-29,2019012901005141,UPPER,45,3,50,260.00,"13,000.00"
2019-01-29,2019012901005132,UPPER,45,46,10,260.00,"2,600.00"
2019-01-29,2019012901005131,UPPER,38,46,40,260.00,"10,400.00"
2019-01-29,2019012901005130,UPPER,38,34,10,260.00,"2,600.00"
2019-01-29,2019012901005172,UPPER,34,8,40,260.00,"10,400.00"
2019-01-29,2019012901005171,UPPER,34,8,50,260.00,"13,000.00"
2019-01-29,2019012901005168,UPPER,34,3,50,260.00,"13,000.00"
2019-01-29,2019012901005167,UPPER,34,34,40,260.00,"10,400.00"
2019-01-29,2019012901005155,UPPER,34,8,40,260.00,"10,400.00"
2019-01-29,2019012901005148,UPPER,34,3,40,260.00,"10,400.00"
2019-01-29,2019012901005195,UPPER,11,45,200,261.00,"52,200.00"
2019-01-29,2019012901005194,UPPER,11,41,300,261.00,"78,300.00"
2019-01-29,2019012901005189,UPPER,34,8,40,260.00,"10,400.00"
2019-01-29,2019012901005180,UPPER,34,8,40,260.00,"10,400.00"
2019-01-29,2019012901005177,UPPER,34,3,40,260.00,"10,400.00"
2019-01-29,2019012901005214,UPPER,34,3,40,260.00,"10,400.00"
2019-01-29,2019012901005208,UPPER,34,3,50,260.00,"13,000.00"
2019-01-29,2019012901005206,UPPER,45,53,19,261.00,"4,959.00"
2019-01-29,2019012901005205,UPPER,45,45,81,261.00,"21,141.00"
2019-01-29,2019012901005199,UPPER,34,8,40,260.00,"10,400.00"
2019-01-29,2019012901005303,UPPER,39,43,24,261.00,"6,264.00"
2019-01-29,2019012901005302,UPPER,39,53,31,261.00,"8,091.00"
2019-01-29,2019012901005282,UPPER,34,8,40,260.00,"10,400.00"
2019-01-29,2019012901005280,UPPER,34,5,25,260.00,"6,500.00"
2019-01-29,2019012901005255,UPPER,34,35,40,260.00,"10,400.00"
2019-01-29,2019012901005231,UPPER,34,3,50,260.00,"13,000.00"
2019-01-29,2019012901005360,UPPER,34,25,40,260.00,"10,400.00"
2019-01-29,2019012901005338,UPPER,34,3,40,260.00,"10,400.00"
2019-01-29,2019012901005337,UPPER,8,46,44,261.00,"11,484.00"
2019-01-29,2019012901005336,UPPER,8,29,40,261.00,"10,440.00"
2019-01-29,2019012901005335,UPPER,8,43,16,261.00,"4,176.00"
2019-01-29,2019012901005309,UPPER,34,34,148,260.00,"38,480.00"
2019-01-29,2019012901005301,VLBS,46,33,11,682.00,"7,502.00"
2019-01-29,2019012901005300,VLBS,46,33,13,682.00,"8,866.00"
2019-01-29,2019012901004867,ADBL,32,45,300,341.00,"102,300.00"
2019-01-29,2019012901004773,AKJCL,47,46,10,84.00,840.00
2019-01-29,2019012901004495,AKJCL,47,5,20,84.00,"1,680.00"
2019-01-29,2019012901004793,ALICL,22,56,200,610.00,"122,000.00"
2019-01-29,2019012901004771,ALICL,53,58,75,611.00,"45,825.00"
2019-01-29,2019012901004601,ALICL,53,1,24,611.00,"14,664.00"
2019-01-29,2019012901004562,ALICL,1,1,76,611.00,"46,436.00"
2019-01-29,2019012901004826,API,42,58,28,141.00,"3,948.00"
2019-01-29,2019012901004658,API,39,26,"1,941",142.00,"275,622.00"
2019-01-29,2019012901004477,API,42,45,17,141.00,"2,397.00"
2019-01-29,2019012901004837,BARUN,5,58,10,103.00,"1,030.00"
2019-01-29,2019012901004776,BARUN,5,58,10,103.00,"1,030.00"
2019-01-29,2019012901004587,BHBL,40,55,200,144.00,"28,800.00"
2019-01-29,2019012901004513,BOKL,35,50,50,253.00,"12,650.00"
2019-01-29,2019012901004942,CBBL,58,58,"5,000",870.00,"4,350,000.00"
2019-01-29,2019012901004859,CBBL,17,38,50,870.00,"43,500.00"
2019-01-29,2019012901004925,CBL,58,34,50,160.00,"8,000.00"
2019-01-29,2019012901004724,CBL,53,35,"1,400",159.00,"222,600.00"
2019-01-29,2019012901004723,CBL,53,40,"2,016",159.00,"320,544.00"
2019-01-29,2019012901004899,CCBL,57,1,277,170.00,"47,090.00"
2019-01-29,2019012901004898,CCBL,57,57,118,170.00,"20,060.00"
2019-01-29,2019012901004897,CCBL,57,50,17,170.00,"2,890.00"
2019-01-29,2019012901004896,CCBL,57,57,88,170.00,"14,960.00"
2019-01-29,2019012901004807,CCBL,56,49,75,169.00,"12,675.00"
2019-01-29,2019012901004806,CCBL,38,49,19,169.00,"3,211.00"
2019-01-29,2019012901004781,CCBL,38,46,11,169.00,"1,859.00"
2019-01-29,2019012901004756,CCBL,38,46,29,169.00,"4,901.00"
2019-01-29,2019012901004580,CFCL,18,32,100,112.00,"11,200.00"
2019-01-29,2019012901004913,CHCL,47,1,250,530.00,"132,500.00"
2019-01-29,2019012901004912,CHCL,50,1,150,531.00,"79,650.00"
2019-01-29,2019012901004706,CHCL,17,3,291,531.00,"154,521.00"
2019-01-29,2019012901004914,CIT,16,25,100,"2,690.00","269,000.00"
2019-01-29,2019012901004908,CIT,16,45,10,"2,690.00","26,900.00"
2019-01-29,2019012901004907,CIT,16,34,200,"2,690.00","538,000.00"
2019-01-29,2019012901004906,CIT,16,34,100,"2,690.00","269,000.00"
2019-01-29,2019012901004905,CIT,16,7,33,"2,689.00","88,737.00"
2019-01-29,2019012901004904,CIT,16,42,200,"2,689.00","537,800.00"
2019-01-29,2019012901004759,CIT,6,42,100,"2,687.00","268,700.00"
2019-01-29,2019012901004758,CIT,6,58,50,"2,685.00","134,250.00"
2019-01-29,2019012901004729,CIT,1,6,10,"2,675.00","26,750.00"
2019-01-29,2019012901004958,CORBL,39,48,50,96.00,"4,800.00"
2019-01-29,2019012901004751,CZBIL,13,4,100,210.00,"21,000.00"
2019-01-29,2019012901004892,DDBL,44,49,18,575.00,"10,350.00"
2019-01-29,2019012901004852,DDBL,57,49,50,575.00,"28,750.00"
2019-01-29,2019012901004851,DDBL,52,49,30,575.00,"17,250.00"
2019-01-29,2019012901004962,EBL,22,32,20,525.00,"10,500.00"
2019-01-29,2019012901004957,GBBL,55,39,100,185.00,"18,500.00"
2019-01-29,2019012901004716,GBBL,55,19,100,185.00,"18,500.00"
2019-01-29,2019012901004697,GBBL,26,39,100,186.00,"18,600.00"
2019-01-29,2019012901004818,GBLBS,5,10,10,438.00,"4,380.00"
2019-01-29,2019012901004760,GBLBS,5,58,10,438.00,"4,380.00"
2019-01-29,2019012901004603,GDBLPO,35,33,"26,238",120.00,"3,148,560.00"
2019-01-29,2019012901004493,GFCL,8,50,200,122.00,"24,400.00"
2019-01-29,2019012901004480,GLICL,51,58,100,710.00,"71,000.00"
2019-01-29,2019012901004479,GLICL,46,58,50,710.00,"35,500.00"
2019-01-29,2019012901004478,GLICL,21,58,110,711.00,"78,210.00"
2019-01-29,2019012901004812,GRDBL,18,22,60,107.00,"6,420.00"
2019-01-29,2019012901004584,HBL,34,43,482,445.00,"214,490.00"
2019-01-29,2019012901004583,HBL,34,52,500,445.00,"222,500.00"
2019-01-29,2019012901004548,HBL,34,37,186,444.00,"82,584.00"
2019-01-29,2019012901004627,HGI,34,38,31,391.00,"12,121.00"
2019-01-29,2019012901004626,HGI,21,38,25,391.00,"9,775.00"
2019-01-29,2019012901004943,HIDCL,8,10,142,142.00,"20,164.00"
2019-01-29,2019012901004839,HIDCL,8,58,46,142.00,"6,532.00"
2019-01-29,2019012901004816,HIDCL,34,58,10,143.00,"1,430.00"
2019-01-29,2019012901004484,HIDCL,6,45,10,141.00,"1,410.00"
2019-01-29,2019012901004726,HPPL,8,58,10,181.00,"1,810.00"
2019-01-29,2019012901004581,IGI,51,1,20,441.00,"8,820.00"
2019-01-29,2019012901004582,IGI,1,1,115,441.00,"50,715.00"
2019-01-29,2019012901004708,IGI,48,6,65,441.00,"28,665.00"
2019-01-29,2019012901004707,IGI,1,6,135,441.00,"59,535.00"
2019-01-29,2019012901004887,JBBL,22,58,159,140.00,"22,260.00"
2019-01-29,2019012901004550,JBBL,14,58,844,140.00,"118,160.00"
2019-01-29,2019012901004549,JBBL,14,25,156,140.00,"21,840.00"
2019-01-29,2019012901004902,JBNL,58,38,50,167.00,"8,350.00"
2019-01-29,2019012901004802,JBNL,32,32,50,166.00,"8,300.00"
2019-01-29,2019012901004815,JEFL,17,38,700,129.00,"90,300.00"
2019-01-29,2019012901004586,JSLBB,56,29,14,"2,525.00","35,350.00"
2019-01-29,2019012901004774,KBBL,22,22,100,210.00,"21,000.00"
2019-01-29,2019012901004476,KBBL,56,32,500,211.00,"105,500.00"
2019-01-29,2019012901004475,KBBL,22,32,500,211.00,"105,500.00"
2019-01-29,2019012901004474,KBBL,56,32,200,211.00,"42,200.00"
2019-01-29,2019012901004960,KBL,32,49,100,246.00,"24,600.00"
2019-01-29,2019012901004865,KBL,58,50,100,247.00,"24,700.00"
2019-01-29,2019012901004665,KMFL,34,34,8,960.00,"7,680.00"
2019-01-29,2019012901004527,KMFL,42,22,24,976.00,"23,424.00"
2019-01-29,2019012901004689,KPCL,45,29,10,96.00,960.00
2019-01-29,2019012901004834,KPCL,21,57,10,97.00,970.00
2019-01-29,2019012901004857,LBL,58,34,100,200.00,"20,000.00"
2019-01-29,2019012901004754,LFC,59,29,100,128.00,"12,800.00"
2019-01-29,2019012901004835,LGIL,10,50,60,532.00,"31,920.00"
2019-01-29,2019012901004823,LGIL,51,50,50,532.00,"26,600.00"
2019-01-29,2019012901004798,LGIL,34,50,100,532.00,"53,200.00"
2019-01-29,2019012901004797,LGIL,45,50,60,532.00,"31,920.00"
2019-01-29,2019012901004579,LGIL,45,34,100,532.00,"53,200.00"
2019-01-29,2019012901004691,LICN,28,10,42,"1,728.00","72,576.00"
2019-01-29,2019012901004690,LICN,28,10,70,"1,730.00","121,100.00"
2019-01-29,2019012901004732,MBL,32,14,150,210.00,"31,500.00"
2019-01-29,2019012901004650,MBL,44,14,500,210.00,"105,000.00"
2019-01-29,2019012901004701,MDB,38,58,171,293.00,"50,103.00"
2019-01-29,2019012901004687,MDB,38,56,329,293.00,"96,397.00"
2019-01-29,2019012901004833,MEGA,44,38,50,166.00,"8,300.00"
2019-01-29,2019012901004831,MEGA,17,46,300,165.00,"49,500.00"
2019-01-29,2019012901004830,MEGA,33,46,200,165.00,"33,000.00"
2019-01-29,2019012901004829,MEGA,36,46,"1,000",165.00,"165,000.00"
2019-01-29,2019012901004828,MEGA,14,46,500,165.00,"82,500.00"
2019-01-29,2019012901004805,MEGA,6,10,3,165.00,495.00
2019-01-29,2019012901004804,MEGA,45,10,28,165.00,"4,620.00"
2019-01-29,2019012901004556,MEGA,45,28,72,165.00,"11,880.00"
2019-01-29,2019012901004555,MEGA,51,28,200,165.00,"33,000.00"
2019-01-29,2019012901004554,MEGA,29,28,300,165.00,"49,500.00"
2019-01-29,2019012901004553,MEGA,21,28,145,165.00,"23,925.00"
2019-01-29,2019012901004466,MEGA,40,38,178,166.00,"29,548.00"
2019-01-29,2019012901004948,MERO,33,45,60,"1,130.00","67,800.00"
2019-01-29,2019012901004934,MERO,33,45,11,"1,130.00","12,430.00"
2019-01-29,2019012901004933,MERO,45,45,10,"1,132.00","11,320.00"
2019-01-29,2019012901004932,MERO,39,45,10,"1,132.00","11,320.00"
2019-01-29,2019012901004931,MERO,48,45,100,"1,133.00","113,300.00"
2019-01-29,2019012901004930,MERO,47,45,35,"1,135.00","39,725.00"
2019-01-29,2019012901004530,MERO,38,38,3,"1,133.00","3,399.00"
2019-01-29,2019012901004929,MERO,19,45,34,"1,136.00","38,624.00"
2019-01-29,2019012901004923,MERO,58,50,16,"1,149.00","18,384.00"
2019-01-29,2019012901004922,MERO,58,53,14,"1,149.00","16,086.00"
2019-01-29,2019012901004921,MERO,58,45,20,"1,148.00","22,960.00"
2019-01-29,2019012901004810,MLBL,4,17,"1,000",172.00,"172,000.00"
2019-01-29,2019012901004809,MLBL,4,35,"1,000",172.00,"172,000.00"
2019-01-29,2019012901004808,MLBL,4,21,113,171.00,"19,323.00"
2019-01-29,2019012901004654,MLBL,18,13,30,171.00,"5,130.00"
2019-01-29,2019012901004817,MLBL,18,47,16,173.00,"2,768.00"
2019-01-29,2019012901004811,MLBL,4,47,387,173.00,"66,951.00"
2019-01-29,2019012901004944,MMFDB,42,44,20,"1,015.00","20,300.00"
2019-01-29,2019012901004795,MMFDB,25,39,80,"1,015.00","81,200.00"
2019-01-29,2019012901004557,MMFDB,25,17,20,"1,015.00","20,300.00"
2019-01-29,2019012901004590,MSMBS,51,49,34,564.00,"19,176.00"
2019-01-29,2019012901004954,NADEP,16,42,10,780.00,"7,800.00"
2019-01-29,2019012901004946,NADEP,16,42,10,780.00,"7,800.00"
2019-01-29,2019012901004894,NADEP,33,34,100,781.00,"78,100.00"
2019-01-29,2019012901004866,NADEP,33,34,190,783.00,"148,770.00"
2019-01-29,2019012901004671,NADEP,32,39,10,787.00,"7,870.00"
2019-01-29,2019012901004667,NADEP,32,26,10,787.00,"7,870.00"
2019-01-29,2019012901004589,NADEP,32,39,10,787.00,"7,870.00"
2019-01-29,2019012901004482,NADEP,32,16,10,787.00,"7,870.00"
2019-01-29,2019012901004695,NADEP,26,34,10,786.00,"7,860.00"
2019-01-29,2019012901004692,NADEP,26,39,10,786.00,"7,860.00"
2019-01-29,2019012901004685,NADEP,26,39,10,786.00,"7,860.00"
2019-01-29,2019012901004678,NADEP,26,39,10,786.00,"7,860.00"
2019-01-29,2019012901004675,NADEP,26,39,10,786.00,"7,860.00"
2019-01-29,2019012901004885,NBB,58,55,50,186.00,"9,300.00"
2019-01-29,2019012901004814,NBB,7,13,100,185.00,"18,500.00"
2019-01-29,2019012901004593,NBB,7,19,600,185.00,"111,000.00"
2019-01-29,2019012901004592,NBB,7,38,"1,000",185.00,"185,000.00"
2019-01-29,2019012901004591,NBB,7,19,73,185.00,"13,505.00"
2019-01-29,2019012901004821,NBL,56,52,500,290.00,"145,000.00"
2019-01-29,2019012901004820,NBL,56,55,500,290.00,"145,000.00"
2019-01-29,2019012901004819,NBL,56,55,450,290.00,"130,500.00"
2019-01-29,2019012901004731,NBL,38,28,50,289.00,"14,450.00"
2019-01-29,2019012901004730,NBL,17,28,200,289.00,"57,800.00"
2019-01-29,2019012901004725,NBL,43,55,50,290.00,"14,500.00"
2019-01-29,2019012901004693,NBL,45,51,300,290.00,"87,000.00"
2019-01-29,2019012901004875,NCCB,49,38,481,211.00,"101,491.00"
2019-01-29,2019012901004874,NCCB,44,38,69,211.00,"14,559.00"
2019-01-29,2019012901004801,NCCB,44,46,181,211.00,"38,191.00"
2019-01-29,2019012901004800,NCCB,50,46,"1,000",211.00,"211,000.00"
2019-01-29,2019012901004799,NCCB,48,46,"2,819",211.00,"594,809.00"
2019-01-29,2019012901004598,NCCB,48,1,181,211.00,"38,191.00"
2019-01-29,2019012901004597,NCCB,22,1,120,211.00,"25,320.00"
2019-01-29,2019012901004596,NCCB,48,50,"1,000",212.00,"212,000.00"
2019-01-29,2019012901004595,NCCB,48,40,500,212.00,"106,000.00"
2019-01-29,2019012901004594,NCCB,48,46,564,212.00,"119,568.00"
2019-01-29,2019012901004876,NIB,53,58,"2,164",532.00,"1,151,248.00"
2019-01-29,2019012901004840,NIB,53,54,200,531.00,"106,200.00"
2019-01-29,2019012901004836,NIB,53,38,31,531.00,"16,461.00"
2019-01-29,2019012901004825,NIB,44,58,50,532.00,"26,600.00"
2019-01-29,2019012901004752,NIB,42,58,100,532.00,"53,200.00"
2019-01-29,2019012901004710,NIB,20,58,10,532.00,"5,320.00"
2019-01-29,2019012901004531,NIB,22,35,26,532.00,"13,832.00"
2019-01-29,2019012901004497,NIB,22,45,24,532.00,"12,768.00"
2019-01-29,2019012901004496,NIB,14,45,13,532.00,"6,916.00"
2019-01-29,2019012901004699,NIB,49,58,150,532.00,"79,800.00"
2019-01-29,2019012901004564,NIB,38,38,5,530.00,"2,650.00"
2019-01-29,2019012901004540,NIB,53,38,122,531.00,"64,782.00"
2019-01-29,2019012901004534,NIB,55,58,500,532.00,"266,000.00"
2019-01-29,2019012901004533,NIB,45,58,26,532.00,"13,832.00"
2019-01-29,2019012901004532,NIB,45,35,24,532.00,"12,768.00"
2019-01-29,2019012901004712,NIBLPF,32,38,"1,000",7.65,"7,650.00"
2019-01-29,2019012901004694,NICA,58,58,15,390.00,"5,850.00"
2019-01-29,2019012901004577,NICL,37,46,64,570.00,"36,480.00"
2019-01-29,2019012901004576,NICL,38,46,50,570.00,"28,500.00"
2019-01-29,2019012901004575,NICL,58,46,200,570.00,"114,000.00"
2019-01-29,2019012901004574,NICL,33,46,500,570.00,"285,000.00"
2019-01-29,2019012901004567,NICL,34,46,20,573.00,"11,460.00"
2019-01-29,2019012901004566,NICL,28,46,25,573.00,"14,325.00"
2019-01-29,2019012901004573,NICL,34,46,11,570.00,"6,270.00"
2019-01-29,2019012901004572,NICL,45,46,100,571.00,"57,100.00"
2019-01-29,2019012901004571,NICL,58,46,100,571.00,"57,100.00"
2019-01-29,2019012901004570,NICL,45,46,300,572.00,"171,600.00"
2019-01-29,2019012901004569,NICL,45,46,200,572.00,"114,400.00"
2019-01-29,2019012901004568,NICL,16,46,40,572.00,"22,880.00"
2019-01-29,2019012901004757,NLIC,5,38,10,"1,087.00","10,870.00"
2019-01-29,2019012901004742,NLIC,28,48,236,"1,088.00","256,768.00"
2019-01-29,2019012901004741,NLIC,34,48,200,"1,088.00","217,600.00"
2019-01-29,2019012901004740,NLIC,34,48,200,"1,089.00","217,800.00"
2019-01-29,2019012901004739,NLIC,34,48,200,"1,089.00","217,800.00"
2019-01-29,2019012901004738,NLIC,50,48,10,"1,090.00","10,900.00"
2019-01-29,2019012901004737,NLIC,34,48,200,"1,090.00","218,000.00"
2019-01-29,2019012901004736,NLIC,34,48,74,"1,090.00","80,660.00"
2019-01-29,2019012901004735,NLIC,17,48,441,"1,091.00","481,131.00"
2019-01-29,2019012901004734,NLIC,41,48,100,"1,092.00","109,200.00"
2019-01-29,2019012901004515,NLIC,17,45,17,"1,091.00","18,547.00"
2019-01-29,2019012901004845,NMB,6,44,360,316.00,"113,760.00"
2019-01-29,2019012901004674,NMB,6,49,400,316.00,"126,400.00"
2019-01-29,2019012901004669,NMB,6,38,82,316.00,"25,912.00"
2019-01-29,2019012901004662,NMB,6,49,400,316.00,"126,400.00"
2019-01-29,2019012901004547,NMB,6,6,421,316.00,"133,036.00"
2019-01-29,2019012901004546,NMB,14,6,100,316.00,"31,600.00"
2019-01-29,2019012901004545,NMB,22,6,79,316.00,"24,964.00"
2019-01-29,2019012901004656,NMFBS,49,37,155,"1,700.00","263,500.00"
2019-01-29,2019012901004625,NNLB,58,55,20,632.00,"12,640.00"
2019-01-29,2019012901004881,NSEWA,55,10,10,619.00,"6,190.00"
2019-01-29,2019012901004863,NSEWA,17,39,10,615.00,"6,150.00"
2019-01-29,2019012901004827,NSEWA,17,39,10,615.00,"6,150.00"
2019-01-29,2019012901004813,NSEWA,17,39,10,615.00,"6,150.00"
2019-01-29,2019012901004796,NSEWA,17,39,10,615.00,"6,150.00"
2019-01-29,2019012901004659,NSEWA,17,39,10,615.00,"6,150.00"
2019-01-29,2019012901004884,NTC,53,7,950,729.00,"692,550.00"
2019-01-29,2019012901004705,NTC,42,7,50,729.00,"36,450.00"
2019-01-29,2019012901004704,NTC,42,46,200,729.00,"145,800.00"
2019-01-29,2019012901004703,NTC,42,11,50,729.00,"36,450.00"
2019-01-29,2019012901004702,NTC,42,46,200,728.00,"145,600.00"
2019-01-29,2019012901004683,PCBL,47,25,526,324.00,"170,424.00"
2019-01-29,2019012901004919,PIC,38,38,1,"1,040.00","1,040.00"
2019-01-29,2019012901004872,PIC,38,38,1,"1,040.00","1,040.00"
2019-01-29,2019012901004850,PIC,38,38,1,"1,040.00","1,040.00"
2019-01-29,2019012901004780,PIC,38,38,1,"1,040.00","1,040.00"
2019-01-29,2019012901004713,PIC,6,58,11,"1,042.00","11,462.00"
2019-01-29,2019012901004686,PIC,6,38,11,"1,042.00","11,462.00"
2019-01-29,2019012901004677,PIC,6,46,11,"1,042.00","11,462.00"
2019-01-29,2019012901004670,PIC,38,38,1,"1,040.00","1,040.00"
2019-01-29,2019012901004624,PIC,38,38,1,"1,040.00","1,040.00"
2019-01-29,2019012901004539,PICL,19,34,100,709.00,"70,900.00"
2019-01-29,2019012901004855,PLIC,29,37,50,487.00,"24,350.00"
2019-01-29,2019012901004854,PLIC,16,37,100,487.00,"48,700.00"
2019-01-29,2019012901004941,PMHPL,36,39,10,106.00,"1,060.00"
2019-01-29,2019012901004895,PMHPL,36,14,10,106.00,"1,060.00"
2019-01-29,2019012901004648,PMHPL,25,25,10,107.00,"1,070.00"
2019-01-29,2019012901004647,PMHPL,25,25,10,107.00,"1,070.00"
2019-01-29,2019012901004646,PMHPL,25,25,10,107.00,"1,070.00"
2019-01-29,2019012901004645,PMHPL,25,25,10,107.00,"1,070.00"
2019-01-29,2019012901004538,PMHPL,36,16,10,106.00,"1,060.00"
2019-01-29,2019012901004632,PMHPL,25,25,10,107.00,"1,070.00"
2019-01-29,2019012901004631,PMHPL,25,25,10,107.00,"1,070.00"
2019-01-29,2019012901004630,PMHPL,25,25,10,107.00,"1,070.00"
2019-01-29,2019012901004629,PMHPL,25,25,10,107.00,"1,070.00"
2019-01-29,2019012901004628,PMHPL,25,34,10,107.00,"1,070.00"
2019-01-29,2019012901004565,PMHPL,36,5,10,106.00,"1,060.00"
2019-01-29,2019012901004638,PMHPL,25,25,10,107.00,"1,070.00"
2019-01-29,2019012901004637,PMHPL,25,25,10,107.00,"1,070.00"
2019-01-29,2019012901004636,PMHPL,25,25,10,107.00,"1,070.00"
2019-01-29,2019012901004635,PMHPL,25,25,10,107.00,"1,070.00"
2019-01-29,2019012901004634,PMHPL,25,25,10,107.00,"1,070.00"
2019-01-29,2019012901004633,PMHPL,25,25,10,107.00,"1,070.00"
2019-01-29,2019012901004644,PMHPL,25,25,10,107.00,"1,070.00"
2019-01-29,2019012901004643,PMHPL,25,25,10,107.00,"1,070.00"
2019-01-29,2019012901004642,PMHPL,25,25,10,107.00,"1,070.00"
2019-01-29,2019012901004641,PMHPL,25,25,10,107.00,"1,070.00"
2019-01-29,2019012901004640,PMHPL,25,25,10,107.00,"1,070.00"
2019-01-29,2019012901004639,PMHPL,25,25,10,107.00,"1,070.00"
2019-01-29,2019012901004893,PRIN,37,58,100,445.00,"44,500.00"
2019-01-29,2019012901004877,PRIN,45,28,500,444.00,"222,000.00"
2019-01-29,2019012901004871,PRIN,28,28,500,444.00,"222,000.00"
2019-01-29,2019012901004728,PRIN,13,37,36,444.00,"15,984.00"
2019-01-29,2019012901004682,PRIN,25,37,200,444.00,"88,800.00"
2019-01-29,2019012901004681,PRIN,21,37,25,444.00,"11,100.00"
2019-01-29,2019012901004680,PRIN,51,37,100,444.00,"44,400.00"
2019-01-29,2019012901004649,PRIN,37,1,48,444.00,"21,312.00"
2019-01-29,2019012901004588,PRIN,26,37,50,446.00,"22,300.00"
2019-01-29,2019012901004517,PRIN,11,14,200,445.00,"89,000.00"
2019-01-29,2019012901004516,PRIN,38,14,10,445.00,"4,450.00"
2019-01-29,2019012901004940,PRVU,55,8,164,241.00,"39,524.00"
2019-01-29,2019012901004939,PRVU,55,11,100,241.00,"24,100.00"
2019-01-29,2019012901004938,PRVU,55,35,201,241.00,"48,441.00"
2019-01-29,2019012901004937,PRVU,55,17,35,241.00,"8,435.00"
2019-01-29,2019012901004842,PRVU,26,46,15,240.00,"3,600.00"
2019-01-29,2019012901004761,PRVU,38,17,500,241.00,"120,500.00"
2019-01-29,2019012901004711,PRVU,26,46,15,240.00,"3,600.00"
2019-01-29,2019012901004688,PRVU,26,36,140,240.00,"33,600.00"
2019-01-29,2019012901004890,RADHI,13,38,11,163.00,"1,793.00"
2019-01-29,2019012901004717,RADHI,13,10,11,163.00,"1,793.00"
2019-01-29,2019012901004918,RBCL,6,35,20,"9,420.00","188,400.00"
2019-01-29,2019012901004917,RBCL,50,35,10,"9,421.00","94,210.00"
2019-01-29,2019012901004467,RHPC,33,50,18,96.00,"1,728.00"
2019-01-29,2019012901004889,RMDC,10,36,215,537.00,"115,455.00"
2019-01-29,2019012901004886,RMDC,53,36,50,537.00,"26,850.00"
2019-01-29,2019012901004870,RMDC,13,36,150,537.00,"80,550.00"
2019-01-29,2019012901004869,RMDC,11,36,10,540.00,"5,400.00"
2019-01-29,2019012901004719,RSDC,58,46,11,388.00,"4,268.00"
2019-01-29,2019012901004483,RSDC,37,28,71,390.00,"27,690.00"
2019-01-29,2019012901004853,SANIMA,21,34,200,302.00,"60,400.00"
2019-01-29,2019012901004465,SANIMA,37,4,263,301.00,"79,163.00"
2019-01-29,2019012901004464,SANIMA,48,4,223,301.00,"67,123.00"
2019-01-29,2019012901004792,SBBLJ,49,39,68,203.00,"13,804.00"
2019-01-29,2019012901004561,SBBLJ,58,39,100,204.00,"20,400.00"
2019-01-29,2019012901004560,SBBLJ,50,39,100,204.00,"20,400.00"
2019-01-29,2019012901004927,SBL,42,28,200,287.00,"57,400.00"
2019-01-29,2019012901004947,SCB,45,21,10,564.00,"5,640.00"
2019-01-29,2019012901004772,SCB,45,41,40,564.00,"22,560.00"
2019-01-29,2019012901004672,SCB,45,26,20,564.00,"11,280.00"
2019-01-29,2019012901004714,SCB,45,38,100,564.00,"56,400.00"
2019-01-29,2019012901004753,SDESI,33,46,11,630.00,"6,930.00"
2019-01-29,2019012901004551,SDESI,33,16,3,630.00,"1,890.00"
2019-01-29,2019012901004526,SDESI,28,37,10,626.00,"6,260.00"
2019-01-29,2019012901004525,SDESI,7,37,50,626.00,"31,300.00"
2019-01-29,2019012901004524,SDESI,49,37,200,627.00,"125,400.00"
2019-01-29,2019012901004523,SDESI,11,37,20,627.00,"12,540.00"
2019-01-29,2019012901004522,SDESI,11,37,50,627.00,"31,350.00"
2019-01-29,2019012901004521,SDESI,5,37,50,628.00,"31,400.00"
2019-01-29,2019012901004520,SDESI,35,37,100,629.00,"62,900.00"
2019-01-29,2019012901004519,SDESI,11,37,10,630.00,"6,300.00"
2019-01-29,2019012901004518,SDESI,33,37,20,630.00,"12,600.00"
2019-01-29,2019012901004900,SEF,29,25,100,9.18,918.00
2019-01-29,2019012901004883,SEF,29,25,100,9.18,918.00
2019-01-29,2019012901004868,SEF,29,25,100,9.18,918.00
2019-01-29,2019012901004856,SEF,29,25,100,9.18,918.00
2019-01-29,2019012901004841,SEF,26,25,100,9.17,917.00
2019-01-29,2019012901004880,SEOS,41,8,"6,000",9.81,"58,860.00"
2019-01-29,2019012901004879,SEOS,45,8,300,9.85,"2,955.00"
2019-01-29,2019012901004878,SEOS,8,8,"2,000",9.85,"19,700.00"
2019-01-29,2019012901004778,SHL,54,41,"1,018",203.00,"206,654.00"
2019-01-29,2019012901004491,SHPC,49,5,"1,200",230.00,"276,000.00"
2019-01-29,2019012901004485,SICL,42,5,200,918.00,"183,600.00"
2019-01-29,2019012901004664,SLICL,51,58,150,550.00,"82,500.00"
2019-01-29,2019012901004663,SLICL,20,58,90,550.00,"49,500.00"
2019-01-29,2019012901004529,SLICL,20,37,400,550.00,"220,000.00"
2019-01-29,2019012901004679,SMATA,42,21,74,"1,235.00","91,390.00"
2019-01-29,2019012901004528,SMATA,22,34,30,"1,252.00","37,560.00"
2019-01-29,2019012901004470,SMB,35,38,10,725.00,"7,250.00"
2019-01-29,2019012901004722,SRBL,55,49,267,209.00,"55,803.00"
2019-01-29,2019012901004721,SRBL,37,49,13,209.00,"2,717.00"
2019-01-29,2019012901004535,SRBL,40,49,100,210.00,"21,000.00"
2019-01-29,2019012901004602,TRH,54,42,40,249.00,"9,960.00"
2019-01-29,2019012901004473,UIC,53,5,300,773.00,"231,900.00"
2019-01-29,2019012901004472,UIC,46,5,250,775.00,"193,750.00"
2019-01-29,2019012901004471,UIC,55,5,10,777.00,"7,770.00"
2019-01-29,2019012901004963,UPPER,1,3,40,260.00,"10,400.00"
2019-01-29,2019012901004961,UPPER,1,39,40,260.00,"10,400.00"
2019-01-29,2019012901004959,UPPER,1,6,50,260.00,"13,000.00"
2019-01-29,2019012901004956,UPPER,1,58,40,260.00,"10,400.00"
2019-01-29,2019012901004955,UPPER,1,1,50,260.00,"13,000.00"
2019-01-29,2019012901004952,UPPER,1,58,40,260.00,"10,400.00"
2019-01-29,2019012901004489,UPPER,29,58,50,260.00,"13,000.00"
2019-01-29,2019012901004488,UPPER,14,58,14,260.00,"3,640.00"
2019-01-29,2019012901004481,UPPER,14,21,50,260.00,"13,000.00"
2019-01-29,2019012901004469,UPPER,14,58,50,260.00,"13,000.00"
2019-01-29,2019012901004468,UPPER,14,50,10,260.00,"2,600.00"
2019-01-29,2019012901004500,UPPER,44,58,100,260.00,"26,000.00"
2019-01-29,2019012901004499,UPPER,21,58,278,260.00,"72,280.00"
2019-01-29,2019012901004498,UPPER,21,40,253,260.00,"65,780.00"
2019-01-29,2019012901004494,UPPER,21,32,200,260.00,"52,000.00"
2019-01-29,2019012901004492,UPPER,21,20,40,260.00,"10,400.00"
2019-01-29,2019012901004490,UPPER,21,58,229,260.00,"59,540.00"
2019-01-29,2019012901004506,UPPER,52,58,50,260.00,"13,000.00"
2019-01-29,2019012901004505,UPPER,21,58,500,260.00,"130,000.00"
2019-01-29,2019012901004504,UPPER,36,58,100,260.00,"26,000.00"
2019-01-29,2019012901004503,UPPER,43,58,50,260.00,"13,000.00"
2019-01-29,2019012901004502,UPPER,54,58,200,260.00,"52,000.00"
2019-01-29,2019012901004501,UPPER,49,58,230,260.00,"59,800.00"
2019-01-29,2019012901004512,UPPER,49,58,92,260.00,"23,920.00"
2019-01-29,2019012901004511,UPPER,43,58,500,260.00,"130,000.00"
2019-01-29,2019012901004510,UPPER,19,58,100,260.00,"26,000.00"
2019-01-29,2019012901004509,UPPER,6,58,500,260.00,"130,000.00"
2019-01-29,2019012901004508,UPPER,38,58,100,260.00,"26,000.00"
2019-01-29,2019012901004507,UPPER,54,58,200,260.00,"52,000.00"
2019-01-29,2019012901004543,UPPER,49,22,40,260.00,"10,400.00"
2019-01-29,2019012901004542,UPPER,49,16,50,260.00,"13,000.00"
2019-01-29,2019012901004541,UPPER,49,19,50,260.00,"13,000.00"
2019-01-29,2019012901004537,UPPER,49,20,50,260.00,"13,000.00"
2019-01-29,2019012901004536,UPPER,49,22,40,260.00,"10,400.00"
2019-01-29,2019012901004514,UPPER,49,33,50,260.00,"13,000.00"
2019-01-29,2019012901004578,UPPER,49,19,50,260.00,"13,000.00"
2019-01-29,2019012901004559,UPPER,49,20,40,260.00,"10,400.00"
2019-01-29,2019012901004558,UPPER,49,21,40,260.00,"10,400.00"
2019-01-29,2019012901004552,UPPER,49,19,40,260.00,"10,400.00"
2019-01-29,2019012901004544,UPPER,49,20,50,260.00,"13,000.00"
2019-01-29,2019012901004605,UPPER,11,19,100,260.00,"26,000.00"
2019-01-29,2019012901004604,UPPER,49,19,223,260.00,"57,980.00"
2019-01-29,2019012901004600,UPPER,49,19,50,260.00,"13,000.00"
2019-01-29,2019012901004599,UPPER,49,57,95,260.00,"24,700.00"
2019-01-29,2019012901004585,UPPER,49,19,40,260.00,"10,400.00"
2019-01-29,2019012901004611,UPPER,22,19,100,260.00,"26,000.00"
2019-01-29,2019012901004610,UPPER,6,19,500,260.00,"130,000.00"
2019-01-29,2019012901004609,UPPER,29,19,100,260.00,"26,000.00"
2019-01-29,2019012901004608,UPPER,6,19,15,260.00,"3,900.00"
2019-01-29,2019012901004607,UPPER,11,19,100,260.00,"26,000.00"
2019-01-29,2019012901004606,UPPER,11,19,50,260.00,"13,000.00"
2019-01-29,2019012901004617,UPPER,14,53,30,260.00,"7,800.00"
2019-01-29,2019012901004616,UPPER,50,53,200,260.00,"52,000.00"
2019-01-29,2019012901004615,UPPER,42,53,119,260.00,"30,940.00"
2019-01-29,2019012901004614,UPPER,42,19,231,260.00,"60,060.00"
2019-01-29,2019012901004613,UPPER,48,19,"1,000",260.00,"260,000.00"
2019-01-29,2019012901004612,UPPER,58,19,50,260.00,"13,000.00"
2019-01-29,2019012901004623,UPPER,41,53,509,260.00,"132,340.00"
2019-01-29,2019012901004622,UPPER,59,53,200,260.00,"52,000.00"
2019-01-29,2019012901004621,UPPER,13,53,100,260.00,"26,000.00"
2019-01-29,2019012901004620,UPPER,43,53,500,260.00,"130,000.00"
2019-01-29,2019012901004619,UPPER,35,53,500,260.00,"130,000.00"
2019-01-29,2019012901004618,UPPER,19,53,500,260.00,"130,000.00"
2019-01-29,2019012901004666,UPPER,41,35,50,260.00,"13,000.00"
2019-01-29,2019012901004661,UPPER,41,19,40,260.00,"10,400.00"
2019-01-29,2019012901004655,UPPER,41,44,300,260.00,"78,000.00"
2019-01-29,2019012901004653,UPPER,41,26,50,260.00,"13,000.00"
2019-01-29,2019012901004652,UPPER,54,33,40,261.00,"10,440.00"
2019-01-29,2019012901004651,UPPER,41,19,40,260.00,"10,400.00"
2019-01-29,2019012901004698,UPPER,41,39,40,260.00,"10,400.00"
2019-01-29,2019012901004696,UPPER,32,33,500,261.00,"130,500.00"
2019-01-29,2019012901004676,UPPER,41,19,50,260.00,"13,000.00"
2019-01-29,2019012901004673,UPPER,41,44,300,260.00,"78,000.00"
2019-01-29,2019012901004668,UPPER,41,44,300,260.00,"78,000.00"
2019-01-29,2019012901004720,UPPER,41,3,40,260.00,"10,400.00"
2019-01-29,2019012901004718,UPPER,41,1,146,260.00,"37,960.00"
2019-01-29,2019012901004715,UPPER,41,26,50,260.00,"13,000.00"
2019-01-29,2019012901004709,UPPER,41,54,30,260.00,"7,800.00"
2019-01-29,2019012901004746,UPPER,34,14,50,261.00,"13,050.00"
2019-01-29,2019012901004745,UPPER,34,45,40,261.00,"10,440.00"
2019-01-29,2019012901004744,UPPER,34,14,50,261.00,"13,050.00"
2019-01-29,2019012901004743,UPPER,34,33,170,261.00,"44,370.00"
2019-01-29,2019012901004733,UPPER,22,33,200,261.00,"52,200.00"
2019-01-29,2019012901004727,UPPER,41,1,136,260.00,"35,360.00"
2019-01-29,2019012901004762,UPPER,17,14,10,261.00,"2,610.00"
2019-01-29,2019012901004755,UPPER,41,3,50,260.00,"13,000.00"
2019-01-29,2019012901004750,UPPER,34,14,40,261.00,"10,440.00"
2019-01-29,2019012901004749,UPPER,34,14,50,261.00,"13,050.00"
2019-01-29,2019012901004748,UPPER,34,14,50,261.00,"13,050.00"
2019-01-29,2019012901004747,UPPER,34,14,50,261.00,"13,050.00"
2019-01-29,2019012901004768,UPPER,17,13,50,261.00,"13,050.00"
2019-01-29,2019012901004767,UPPER,17,13,40,261.00,"10,440.00"
2019-01-29,2019012901004766,UPPER,17,34,199,261.00,"51,939.00"
2019-01-29,2019012901004765,UPPER,17,39,50,261.00,"13,050.00"
2019-01-29,2019012901004764,UPPER,17,42,40,261.00,"10,440.00"
2019-01-29,2019012901004763,UPPER,17,14,50,261.00,"13,050.00"
2019-01-29,2019012901004782,UPPER,41,3,50,260.00,"13,000.00"
2019-01-29,2019012901004779,UPPER,41,22,20,260.00,"5,200.00"
2019-01-29,2019012901004777,UPPER,41,44,293,260.00,"76,180.00"
2019-01-29,2019012901004775,UPPER,41,3,40,260.00,"10,400.00"
2019-01-29,2019012901004770,UPPER,17,39,11,261.00,"2,871.00"
2019-01-29,2019012901004769,UPPER,17,13,50,261.00,"13,050.00"
2019-01-29,2019012901004788,UPPER,53,52,50,260.00,"13,000.00"
2019-01-29,2019012901004787,UPPER,44,52,100,260.00,"26,000.00"
2019-01-29,2019012901004786,UPPER,47,52,100,260.00,"26,000.00"
2019-01-29,2019012901004785,UPPER,41,52,376,260.00,"97,760.00"
2019-01-29,2019012901004784,UPPER,41,44,50,260.00,"13,000.00"
2019-01-29,2019012901004783,UPPER,41,58,40,260.00,"10,400.00"
2019-01-29,2019012901004822,UPPER,43,21,50,260.00,"13,000.00"
2019-01-29,2019012901004803,UPPER,43,3,40,260.00,"10,400.00"
2019-01-29,2019012901004794,UPPER,43,38,40,260.00,"10,400.00"
2019-01-29,2019012901004791,UPPER,43,52,174,260.00,"45,240.00"
2019-01-29,2019012901004790,UPPER,32,52,500,260.00,"130,000.00"
2019-01-29,2019012901004789,UPPER,14,52,200,260.00,"52,000.00"
2019-01-29,2019012901004846,UPPER,43,58,26,260.00,"6,760.00"
2019-01-29,2019012901004844,UPPER,43,21,40,260.00,"10,400.00"
2019-01-29,2019012901004843,UPPER,43,3,40,260.00,"10,400.00"
2019-01-29,2019012901004838,UPPER,43,21,50,260.00,"13,000.00"
2019-01-29,2019012901004832,UPPER,43,21,40,260.00,"10,400.00"
2019-01-29,2019012901004862,UPPER,58,45,17,260.00,"4,420.00"
2019-01-29,2019012901004861,UPPER,53,45,46,260.00,"11,960.00"
2019-01-29,2019012901004860,UPPER,53,26,50,260.00,"13,000.00"
2019-01-29,2019012901004858,UPPER,53,3,40,260.00,"10,400.00"
2019-01-29,2019012901004848,UPPER,53,3,40,260.00,"10,400.00"
2019-01-29,2019012901004847,UPPER,53,58,24,260.00,"6,240.00"
2019-01-29,2019012901004911,UPPER,58,39,50,260.00,"13,000.00"
2019-01-29,2019012901004901,UPPER,58,3,50,260.00,"13,000.00"
2019-01-29,2019012901004891,UPPER,58,3,50,260.00,"13,000.00"
2019-01-29,2019012901004882,UPPER,58,3,40,260.00,"10,400.00"
2019-01-29,2019012901004873,UPPER,58,3,50,260.00,"13,000.00"
2019-01-29,2019012901004864,UPPER,58,3,50,260.00,"13,000.00"
2019-01-29,2019012901004951,UPPER,1,3,37,260.00,"9,620.00"
2019-01-29,2019012901004950,UPPER,58,3,13,260.00,"3,380.00"
2019-01-29,2019012901004949,UPPER,58,39,50,260.00,"13,000.00"
2019-01-29,2019012901004945,UPPER,58,3,40,260.00,"10,400.00"
2019-01-29,2019012901004928,UPPER,58,3,40,260.00,"10,400.00"
2019-01-29,2019012901004915,UPPER,58,3,50,260.00,"13,000.00"
2019-01-29,2019012901004936,WOMI,36,26,30,"1,130.00","33,900.00"
2019-01-29,2019012901003966,ADBL,45,21,56,341.00,"19,096.00"
2019-01-29,2019012901004199,AHPC,57,59,"1,000",103.00,"103,000.00"
2019-01-29,2019012901004451,AKJCL,47,5,20,84.00,"1,680.00"
2019-01-29,2019012901004433,AKJCL,47,16,20,84.00,"1,680.00"
2019-01-29,2019012901004355,AKJCL,25,25,20,85.00,"1,700.00"
2019-01-29,2019012901004152,AKPL,22,44,13,184.00,"2,392.00"
2019-01-29,2019012901004342,ALICL,1,34,24,611.00,"14,664.00"
2019-01-29,2019012901004329,AMFI,45,37,110,728.00,"80,080.00"
2019-01-29,2019012901004200,AMFI,37,41,10,729.00,"7,290.00"
2019-01-29,2019012901004161,API,42,44,18,141.00,"2,538.00"
2019-01-29,2019012901004348,BARUN,5,58,10,103.00,"1,030.00"
2019-01-29,2019012901004461,BOKL,35,52,150,253.00,"37,950.00"
2019-01-29,2019012901004139,BOKL,25,52,250,253.00,"63,250.00"
2019-01-29,2019012901004138,BOKL,25,52,350,253.00,"88,550.00"
2019-01-29,2019012901003992,BOKL,32,45,100,252.00,"25,200.00"
2019-01-29,2019012901004457,BPCL,8,16,30,362.00,"10,860.00"
2019-01-29,2019012901004057,BPCL,8,50,10,362.00,"3,620.00"
2019-01-29,2019012901004418,CBBL,59,36,50,870.00,"43,500.00"
2019-01-29,2019012901004385,CBBL,33,36,300,870.00,"261,000.00"
2019-01-29,2019012901004384,CBBL,26,36,30,870.00,"26,100.00"
2019-01-29,2019012901004383,CBBL,22,36,90,871.00,"78,390.00"
2019-01-29,2019012901004056,CBBL,58,18,15,873.00,"13,095.00"
2019-01-29,2019012901004034,CBBL,17,39,16,868.00,"13,888.00"
2019-01-29,2019012901004033,CBBL,46,39,263,868.00,"228,284.00"
2019-01-29,2019012901004014,CBBL,46,11,37,868.00,"32,116.00"
2019-01-29,2019012901004013,CBBL,42,11,30,868.00,"26,040.00"
2019-01-29,2019012901004396,CBL,58,51,500,158.00,"79,000.00"
2019-01-29,2019012901004166,CIT,16,37,58,"2,671.00","154,918.00"
2019-01-29,2019012901004134,CIT,6,49,21,"2,690.00","56,490.00"
2019-01-29,2019012901004417,CZBIL,13,4,22,210.00,"4,620.00"
2019-01-29,2019012901004416,CZBIL,43,4,50,210.00,"10,500.00"
2019-01-29,2019012901004415,CZBIL,38,4,40,210.00,"8,400.00"
2019-01-29,2019012901004414,CZBIL,40,4,50,210.00,"10,500.00"
2019-01-29,2019012901004413,CZBIL,13,4,441,210.00,"92,610.00"
2019-01-29,2019012901004260,CZBIL,57,38,227,211.00,"47,897.00"
2019-01-29,2019012901004180,CZBIL,13,5,10,210.00,"2,100.00"
2019-01-29,2019012901004173,CZBIL,5,38,10,211.00,"2,110.00"
2019-01-29,2019012901003989,CZBIL,13,32,226,210.00,"47,460.00"
2019-01-29,2019012901003978,CZBIL,13,32,323,210.00,"67,830.00"
2019-01-29,2019012901003977,CZBIL,47,32,40,210.00,"8,400.00"
2019-01-29,2019012901003976,DBBL,57,57,354,125.00,"44,250.00"
2019-01-29,2019012901004432,EBL,6,4,100,523.00,"52,300.00"
2019-01-29,2019012901004340,EBL,43,58,23,524.00,"12,052.00"
2019-01-29,2019012901004445,GBBL,32,58,59,185.00,"10,915.00"
2019-01-29,2019012901004444,GBBL,32,4,522,185.00,"96,570.00"
2019-01-29,2019012901004267,GBBL,56,4,300,185.00,"55,500.00"
2019-01-29,2019012901004107,GBBL,19,4,30,185.00,"5,550.00"
2019-01-29,2019012901004106,GBBL,51,4,100,185.00,"18,500.00"
2019-01-29,2019012901004105,GBBL,47,4,48,185.00,"8,880.00"
2019-01-29,2019012901004266,GBIME,37,54,275,261.00,"71,775.00"
2019-01-29,2019012901003988,GBIME,25,45,100,260.00,"26,000.00"
2019-01-29,2019012901004439,GBLBS,5,51,180,438.00,"78,840.00"
2019-01-29,2019012901004286,GBLBS,17,51,200,439.00,"87,800.00"
2019-01-29,2019012901004285,GBLBS,41,51,10,439.00,"4,390.00"
2019-01-29,2019012901004284,GBLBS,5,51,40,439.00,"17,560.00"
2019-01-29,2019012901004115,HATH,22,46,10,119.00,"1,190.00"
2019-01-29,2019012901004382,HBL,13,11,40,443.00,"17,720.00"
2019-01-29,2019012901004054,HBL,34,49,"1,016",442.00,"449,072.00"
2019-01-29,2019012901004053,HBL,43,49,100,442.00,"44,200.00"
2019-01-29,2019012901004052,HBL,17,49,50,442.00,"22,100.00"
2019-01-29,2019012901004051,HBL,17,49,827,443.00,"366,361.00"
2019-01-29,2019012901004050,HBL,1,49,150,443.00,"66,450.00"
2019-01-29,2019012901004049,HBL,13,49,100,443.00,"44,300.00"
2019-01-29,2019012901004048,HBL,11,49,150,443.00,"66,450.00"
2019-01-29,2019012901004002,HDL,21,37,10,"1,330.00","13,300.00"
2019-01-29,2019012901004378,HGI,34,37,134,390.00,"52,260.00"
2019-01-29,2019012901004288,HGI,1,13,150,391.00,"58,650.00"
2019-01-29,2019012901004287,HGI,34,13,58,391.00,"22,678.00"
2019-01-29,2019012901004259,HGI,34,38,50,391.00,"19,550.00"
2019-01-29,2019012901004256,HGI,34,34,57,391.00,"22,287.00"
2019-01-29,2019012901004338,HIDCL,6,58,45,141.00,"6,345.00"
2019-01-29,2019012901004337,HIDCL,49,58,11,142.00,"1,562.00"
2019-01-29,2019012901004218,HIDCL,6,26,13,141.00,"1,833.00"
2019-01-29,2019012901004257,HPPL,8,32,10,181.00,"1,810.00"
2019-01-29,2019012901004032,HPPL,8,38,10,181.00,"1,810.00"
2019-01-29,2019012901004175,ICFC,49,49,500,151.00,"75,500.00"
2019-01-29,2019012901004055,IGI,6,6,"1,000",440.00,"440,000.00"
2019-01-29,2019012901004254,IGI,51,38,80,441.00,"35,280.00"
2019-01-29,2019012901004253,IGI,21,38,20,441.00,"8,820.00"
2019-01-29,2019012901004031,JBBL,22,14,50,139.00,"6,950.00"
2019-01-29,2019012901004398,JSLBB,42,40,20,"2,565.00","51,300.00"
2019-01-29,2019012901004177,JSLBB,42,55,10,"2,515.00","25,150.00"
2019-01-29,2019012901004176,JSLBB,17,55,12,"2,553.00","30,636.00"
2019-01-29,2019012901004144,JSLBB,45,58,20,"2,560.00","51,200.00"
2019-01-29,2019012901004143,JSLBB,22,58,20,"2,561.00","51,220.00"
2019-01-29,2019012901004150,JSLBB,17,58,88,"2,553.00","224,664.00"
2019-01-29,2019012901004149,JSLBB,34,58,50,"2,555.00","127,750.00"
2019-01-29,2019012901004148,JSLBB,19,58,20,"2,555.00","51,100.00"
2019-01-29,2019012901004147,JSLBB,8,58,20,"2,556.00","51,120.00"
2019-01-29,2019012901004146,JSLBB,43,58,20,"2,557.00","51,140.00"
2019-01-29,2019012901004145,JSLBB,37,58,20,"2,560.00","51,200.00"
2019-01-29,2019012901004097,KADBL,29,41,50,157.00,"7,850.00"
2019-01-29,2019012901004156,KBBL,57,52,"1,100",212.00,"233,200.00"
2019-01-29,2019012901004365,KBL,45,50,100,247.00,"24,700.00"
2019-01-29,2019012901004227,KBL,32,34,200,246.00,"49,200.00"
2019-01-29,2019012901004000,KBL,50,35,116,246.00,"28,536.00"
2019-01-29,2019012901004442,KMCDB,43,37,27,850.00,"22,950.00"
2019-01-29,2019012901004437,KMCDB,57,37,100,851.00,"85,100.00"
2019-01-29,2019012901004436,KMCDB,39,37,50,852.00,"42,600.00"
2019-01-29,2019012901004435,KMCDB,33,37,10,853.00,"8,530.00"
2019-01-29,2019012901004434,KMCDB,28,37,50,854.00,"42,700.00"
2019-01-29,2019012901004406,KMCDB,58,37,100,855.00,"85,500.00"
2019-01-29,2019012901004405,KMCDB,48,37,300,855.00,"256,500.00"
2019-01-29,2019012901004230,KMCDB,22,38,150,856.00,"128,400.00"
2019-01-29,2019012901004229,KMCDB,19,38,50,857.00,"42,850.00"
2019-01-29,2019012901004228,KMCDB,26,38,21,865.00,"18,165.00"
2019-01-29,2019012901004108,KNBL,39,41,200,120.00,"24,000.00"
2019-01-29,2019012901003980,KPCL,45,37,10,96.00,960.00
2019-01-29,2019012901003969,KPCL,45,39,10,96.00,960.00
2019-01-29,2019012901003968,KPCL,45,37,10,96.00,960.00
2019-01-29,2019012901003998,KPCL,45,37,10,96.00,960.00
2019-01-29,2019012901003991,KPCL,45,37,10,96.00,960.00
2019-01-29,2019012901003983,KPCL,45,41,10,96.00,960.00
2019-01-29,2019012901004026,KPCL,45,38,10,96.00,960.00
2019-01-29,2019012901004010,KPCL,45,37,10,96.00,960.00
2019-01-29,2019012901004043,KPCL,45,41,10,96.00,960.00
2019-01-29,2019012901004192,KPCL,45,33,10,96.00,960.00
2019-01-29,2019012901004165,KPCL,45,29,10,96.00,960.00
2019-01-29,2019012901004274,KPCL,45,32,10,96.00,960.00
2019-01-29,2019012901004347,KPCL,25,25,10,97.00,970.00
2019-01-29,2019012901004419,KPCL,45,16,10,96.00,960.00
2019-01-29,2019012901004113,KSBBL,57,32,968,138.00,"133,584.00"
2019-01-29,2019012901004112,KSBBL,26,32,32,139.00,"4,448.00"
2019-01-29,2019012901004068,KSBBL,26,58,28,139.00,"3,892.00"
2019-01-29,2019012901004423,LBBL,21,44,"2,920",176.00,"513,920.00"
2019-01-29,2019012901004411,LBL,55,49,50,199.00,"9,950.00"
2019-01-29,2019012901004410,LBL,55,45,25,199.00,"4,975.00"
2019-01-29,2019012901004379,LBL,45,45,50,199.00,"9,950.00"
2019-01-29,2019012901003999,LBL,6,45,25,199.00,"4,975.00"
2019-01-29,2019012901004167,LICN,28,47,100,"1,730.00","173,000.00"
2019-01-29,2019012901004080,LICN,28,39,30,"1,730.00","51,900.00"
2019-01-29,2019012901004011,LLBS,41,25,24,798.00,"19,152.00"
2019-01-29,2019012901004459,MBL,47,14,366,210.00,"76,860.00"
2019-01-29,2019012901004291,MBL,47,46,514,210.00,"107,940.00"
2019-01-29,2019012901004225,MBL,47,34,120,210.00,"25,200.00"
2019-01-29,2019012901004171,MBL,57,46,500,210.00,"105,000.00"
2019-01-29,2019012901004170,MBL,47,46,500,210.00,"105,000.00"
2019-01-29,2019012901004082,MBL,47,46,500,210.00,"105,000.00"
2019-01-29,2019012901004005,MBL,47,46,986,210.00,"207,060.00"
2019-01-29,2019012901003967,MBL,47,52,14,210.00,"2,940.00"
2019-01-29,2019012901004440,MEGA,40,4,200,166.00,"33,200.00"
2019-01-29,2019012901004330,MEGA,40,49,100,166.00,"16,600.00"
2019-01-29,2019012901004191,MEGA,40,54,500,166.00,"83,000.00"
2019-01-29,2019012901004110,MEGA,16,49,200,167.00,"33,400.00"
2019-01-29,2019012901004027,MEGA,33,43,200,167.00,"33,400.00"
2019-01-29,2019012901004387,MERO,58,58,398,"1,134.00","451,332.00"
2019-01-29,2019012901004223,MERO,39,58,490,"1,132.00","554,680.00"
2019-01-29,2019012901004207,MERO,6,58,10,"1,138.00","11,380.00"
2019-01-29,2019012901004206,MERO,40,58,50,"1,140.00","57,000.00"
2019-01-29,2019012901004205,MERO,58,58,50,"1,140.00","57,000.00"
2019-01-29,2019012901004204,MERO,21,58,10,"1,141.00","11,410.00"
2019-01-29,2019012901004203,MERO,39,58,30,"1,145.00","34,350.00"
2019-01-29,2019012901004202,MERO,45,58,20,"1,145.00","22,900.00"
2019-01-29,2019012901004222,MERO,6,58,50,"1,132.00","56,600.00"
2019-01-29,2019012901004221,MERO,6,58,10,"1,132.00","11,320.00"
2019-01-29,2019012901004220,MERO,25,58,30,"1,135.00","34,050.00"
2019-01-29,2019012901004219,MERO,40,58,20,"1,137.00","22,740.00"
2019-01-29,2019012901004209,MERO,40,58,80,"1,137.00","90,960.00"
2019-01-29,2019012901004208,MERO,40,58,100,"1,137.00","113,700.00"
2019-01-29,2019012901004158,MLBBL,26,58,42,628.00,"26,376.00"
2019-01-29,2019012901004157,MLBBL,32,58,30,630.00,"18,900.00"
2019-01-29,2019012901004400,MLBL,4,16,500,170.00,"85,000.00"
2019-01-29,2019012901004245,MMFDB,37,38,20,"1,018.00","20,360.00"
2019-01-29,2019012901004244,MMFDB,28,38,10,"1,020.00","10,200.00"
2019-01-29,2019012901004243,MMFDB,28,32,10,"1,020.00","10,200.00"
2019-01-29,2019012901004179,MMFDB,28,42,30,"1,020.00","30,600.00"
2019-01-29,2019012901003997,MMFDB,28,28,350,"1,020.00","357,000.00"
2019-01-29,2019012901003996,MMFDB,25,28,50,"1,020.00","51,000.00"
2019-01-29,2019012901003995,MMFDB,37,28,20,"1,021.00","20,420.00"
2019-01-29,2019012901004438,MSMBS,55,38,11,553.00,"6,083.00"
2019-01-29,2019012901004095,MSMBS,38,38,1,553.00,553.00
2019-01-29,2019012901003981,MSMBS,55,51,11,553.00,"6,083.00"
2019-01-29,2019012901004249,NABIL,42,52,90,832.00,"74,880.00"
2019-01-29,2019012901004248,NABIL,26,52,50,832.00,"41,600.00"
2019-01-29,2019012901004364,NABILP,34,34,500,721.00,"360,500.00"
2019-01-29,2019012901004370,NADEP,33,26,20,793.00,"15,860.00"
2019-01-29,2019012901004369,NADEP,33,26,10,790.00,"7,900.00"
2019-01-29,2019012901004045,NBB,38,19,20,185.00,"3,700.00"
2019-01-29,2019012901004025,NBB,38,19,20,185.00,"3,700.00"
2019-01-29,2019012901004024,NBB,28,19,100,185.00,"18,500.00"
2019-01-29,2019012901004023,NBB,13,19,100,185.00,"18,500.00"
2019-01-29,2019012901004022,NBB,22,19,187,185.00,"34,595.00"
2019-01-29,2019012901004430,NBBL,56,34,200,720.00,"144,000.00"
2019-01-29,2019012901004429,NBBL,51,34,40,720.00,"28,800.00"
2019-01-29,2019012901004428,NBBL,5,34,40,721.00,"28,840.00"
2019-01-29,2019012901004079,NBBL,5,41,10,721.00,"7,210.00"
2019-01-29,2019012901004450,NBL,6,36,"3,761",290.00,"1,090,690.00"
2019-01-29,2019012901004426,NBL,6,58,710,290.00,"205,900.00"
2019-01-29,2019012901004314,NBL,6,25,500,290.00,"145,000.00"
2019-01-29,2019012901004313,NBL,6,49,29,290.00,"8,410.00"
2019-01-29,2019012901004217,NBL,1,49,300,290.00,"87,000.00"
2019-01-29,2019012901004216,NBL,53,49,71,290.00,"20,590.00"
2019-01-29,2019012901003984,NBL,45,38,50,291.00,"14,550.00"
2019-01-29,2019012901004060,NBL,53,14,29,290.00,"8,410.00"
2019-01-29,2019012901004059,NBL,28,14,71,290.00,"20,590.00"
2019-01-29,2019012901004009,NBL,28,13,144,290.00,"41,760.00"
2019-01-29,2019012901004008,NBL,17,13,100,290.00,"29,000.00"
2019-01-29,2019012901004007,NBL,47,13,100,290.00,"29,000.00"
2019-01-29,2019012901004006,NBL,47,13,656,290.00,"190,240.00"
2019-01-29,2019012901004399,NEF,1,34,"1,448",8.20,"11,873.60"
2019-01-29,2019012901004381,NEF,1,34,308,8.20,"2,525.60"
2019-01-29,2019012901004380,NEF,48,34,"1,140",8.20,"9,348.00"
2019-01-29,2019012901004073,NHDL,46,47,10,132.00,"1,320.00"
2019-01-29,2019012901004072,NHDL,46,10,10,132.00,"1,320.00"
2019-01-29,2019012901004071,NHDL,46,10,10,132.00,"1,320.00"
2019-01-29,2019012901004070,NHDL,46,10,10,132.00,"1,320.00"
2019-01-29,2019012901004443,NIB,14,50,37,532.00,"19,684.00"
2019-01-29,2019012901004159,NIB,41,35,200,532.00,"106,400.00"
2019-01-29,2019012901004015,NIB,17,52,80,533.00,"42,640.00"
2019-01-29,2019012901004235,NIBPO,34,48,603,481.00,"290,043.00"
2019-01-29,2019012901004234,NIBPO,26,48,200,481.00,"96,200.00"
2019-01-29,2019012901004233,NIBPO,32,48,87,482.00,"41,934.00"
2019-01-29,2019012901004232,NIBPO,32,48,500,482.00,"241,000.00"
2019-01-29,2019012901004402,NICA,41,11,4,390.00,"1,560.00"
2019-01-29,2019012901004261,NICA,45,58,20,390.00,"7,800.00"
2019-01-29,2019012901004104,NICA,41,11,500,390.00,"195,000.00"
2019-01-29,2019012901004029,NICA,43,58,"1,000",390.00,"390,000.00"
2019-01-29,2019012901003972,NICA,43,58,"1,000",390.00,"390,000.00"
2019-01-29,2019012901004376,NLIC,17,34,116,"1,092.00","126,672.00"
2019-01-29,2019012901004375,NLIC,17,32,17,"1,091.00","18,547.00"
2019-01-29,2019012901004035,NLIC,34,48,126,"1,090.00","137,340.00"
2019-01-29,2019012901004441,NLICL,33,58,78,679.00,"52,962.00"
2019-01-29,2019012901004238,NLICL,33,5,122,679.00,"82,838.00"
2019-01-29,2019012901004212,NMB,5,5,1,310.00,310.00
2019-01-29,2019012901004122,NMB,22,48,250,316.00,"79,000.00"
2019-01-29,2019012901003990,NMB,33,37,100,317.00,"31,700.00"
2019-01-29,2019012901004401,NMBHF1,47,32,416,9.05,"3,764.80"
2019-01-29,2019012901004395,NMBHF1,47,32,416,9.05,"3,764.80"
2019-01-29,2019012901004316,NMBHF1,11,32,416,9.10,"3,785.60"
2019-01-29,2019012901004021,NMFBS,58,47,10,"1,690.00","16,900.00"
2019-01-29,2019012901004390,NSEWA,58,58,10,619.00,"6,190.00"
2019-01-29,2019012901004211,NSEWA,17,32,10,616.00,"6,160.00"
2019-01-29,2019012901003993,NSEWA,17,47,10,615.00,"6,150.00"
2019-01-29,2019012901004454,PCBL,6,4,113,323.00,"36,499.00"
2019-01-29,2019012901004453,PCBL,35,4,54,323.00,"17,442.00"
2019-01-29,2019012901004425,PCBL,47,25,474,324.00,"153,576.00"
2019-01-29,2019012901004242,PCBL,47,46,"1,526",324.00,"494,424.00"
2019-01-29,2019012901004210,PCBL,35,45,100,323.00,"32,300.00"
2019-01-29,2019012901004194,PCBL,47,46,844,324.00,"273,456.00"
2019-01-29,2019012901004190,PCBL,47,10,156,324.00,"50,544.00"
2019-01-29,2019012901004189,PCBL,6,10,54,324.00,"17,496.00"
2019-01-29,2019012901003971,PCBL,45,46,30,325.00,"9,750.00"
2019-01-29,2019012901004250,PFL,49,32,12,132.00,"1,584.00"
2019-01-29,2019012901004196,PFL,49,32,12,132.00,"1,584.00"
2019-01-29,2019012901004458,PIC,38,38,1,"1,040.00","1,040.00"
2019-01-29,2019012901004315,PIC,6,56,11,"1,042.00","11,462.00"
2019-01-29,2019012901004294,PIC,38,38,1,"1,040.00","1,040.00"
2019-01-29,2019012901004289,PIC,43,32,11,"1,042.00","11,462.00"
2019-01-29,2019012901004251,PIC,38,38,1,"1,040.00","1,040.00"
2019-01-29,2019012901004188,PIC,43,32,11,"1,042.00","11,462.00"
2019-01-29,2019012901004039,PIC,42,22,50,"1,045.00","52,250.00"
2019-01-29,2019012901004001,PIC,38,38,1,"1,040.00","1,040.00"
2019-01-29,2019012901003985,PIC,38,38,1,"1,040.00","1,040.00"
2019-01-29,2019012901004367,PICL,19,34,65,709.00,"46,085.00"
2019-01-29,2019012901004362,PICL,56,34,35,710.00,"24,850.00"
2019-01-29,2019012901004343,PICL,56,10,150,710.00,"106,500.00"
2019-01-29,2019012901004061,PICL,56,33,15,710.00,"10,650.00"
2019-01-29,2019012901004310,PLIC,11,37,10,487.00,"4,870.00"
2019-01-29,2019012901004309,PLIC,35,37,50,487.00,"24,350.00"
2019-01-29,2019012901004308,PLIC,50,37,50,487.00,"24,350.00"
2019-01-29,2019012901004307,PLIC,43,37,268,487.00,"130,516.00"
2019-01-29,2019012901004306,PLIC,57,37,255,488.00,"124,440.00"
2019-01-29,2019012901004085,PLIC,43,41,10,487.00,"4,870.00"
2019-01-29,2019012901004407,PMHPL,36,16,10,106.00,"1,060.00"
2019-01-29,2019012901004237,PMHPL,5,34,10,107.00,"1,070.00"
2019-01-29,2019012901004224,PMHPL,36,5,10,106.00,"1,060.00"
2019-01-29,2019012901004169,PMHPL,36,35,10,106.00,"1,060.00"
2019-01-29,2019012901004151,PMHPL,36,29,10,106.00,"1,060.00"
2019-01-29,2019012901004335,PRVU,26,18,31,240.00,"7,440.00"
2019-01-29,2019012901004334,PRVU,47,18,30,240.00,"7,200.00"
2019-01-29,2019012901004333,PRVU,38,18,139,240.00,"33,360.00"
2019-01-29,2019012901004214,PRVU,38,34,45,240.00,"10,800.00"
2019-01-29,2019012901004201,PRVU,57,17,150,241.00,"36,150.00"
2019-01-29,2019012901004142,PRVU,38,28,26,240.00,"6,240.00"
2019-01-29,2019012901004141,PRVU,17,28,24,240.00,"5,760.00"
2019-01-29,2019012901004164,PURBL,14,28,55,153.00,"8,415.00"
2019-01-29,2019012901004163,PURBL,14,40,229,153.00,"35,037.00"
2019-01-29,2019012901004162,PURBL,14,5,68,153.00,"10,404.00"
2019-01-29,2019012901004252,RADHI,5,5,11,163.00,"1,793.00"
2019-01-29,2019012901004118,RADHI,37,41,11,164.00,"1,804.00"
2019-01-29,2019012901004460,RHPC,33,50,18,96.00,"1,728.00"
2019-01-29,2019012901004317,RHPC,33,50,17,96.00,"1,632.00"
2019-01-29,2019012901004323,RMDC,10,1,108,540.00,"58,320.00"
2019-01-29,2019012901004226,RMDC,10,34,250,540.00,"135,000.00"
2019-01-29,2019012901004351,RRHP,55,1,10,99.00,990.00
2019-01-29,2019012901004331,RRHP,55,50,10,99.00,990.00
2019-01-29,2019012901004187,RRHP,55,33,10,99.00,990.00
2019-01-29,2019012901004121,RRHP,55,41,10,99.00,990.00
2019-01-29,2019012901004037,RRHP,55,41,10,99.00,990.00
2019-01-29,2019012901004160,RSDC,37,33,19,390.00,"7,410.00"
2019-01-29,2019012901004431,SADBL,59,59,20,142.00,"2,840.00"
2019-01-29,2019012901004103,SADBL,59,58,15,140.00,"2,100.00"
2019-01-29,2019012901004102,SADBL,59,58,794,140.00,"111,160.00"
2019-01-29,2019012901004101,SADBL,59,58,350,140.00,"49,000.00"
2019-01-29,2019012901004098,SADBL,45,58,"2,000",140.00,"280,000.00"
2019-01-29,2019012901004041,SADBL,59,58,"1,000",140.00,"140,000.00"
2019-01-29,2019012901004344,SANIMA,48,50,395,301.00,"118,895.00"
2019-01-29,2019012901003986,SANIMA,46,32,300,303.00,"90,900.00"
2019-01-29,2019012901004360,SBBLJ,6,55,200,205.00,"41,000.00"
2019-01-29,2019012901004359,SBBLJ,54,55,250,205.00,"51,250.00"
2019-01-29,2019012901004273,SBBLJ,46,38,30,206.00,"6,180.00"
2019-01-29,2019012901004295,SBI,17,17,20,381.00,"7,620.00"
2019-01-29,2019012901004283,SBI,17,17,"1,980",381.00,"754,380.00"
2019-01-29,2019012901004282,SBI,45,17,20,381.00,"7,620.00"
2019-01-29,2019012901004281,SBI,49,17,100,381.00,"38,100.00"
2019-01-29,2019012901004280,SBI,53,17,100,381.00,"38,100.00"
2019-01-29,2019012901004279,SBI,37,17,27,381.00,"10,287.00"
2019-01-29,2019012901004278,SBI,19,17,50,382.00,"19,100.00"
2019-01-29,2019012901004277,SBI,42,17,50,382.00,"19,100.00"
2019-01-29,2019012901004448,SBL,11,21,501,286.00,"143,286.00"
2019-01-29,2019012901004408,SBL,11,11,50,286.00,"14,300.00"
2019-01-29,2019012901004081,SBL,11,5,107,286.00,"30,602.00"
2019-01-29,2019012901004016,SBL,11,45,100,286.00,"28,600.00"
2019-01-29,2019012901004358,SCB,45,17,20,564.00,"11,280.00"
2019-01-29,2019012901004276,SCB,5,5,10,565.00,"5,650.00"
2019-01-29,2019012901004074,SCB,41,48,100,566.00,"56,600.00"
2019-01-29,2019012901004004,SCB,57,57,98,565.00,"55,370.00"
2019-01-29,2019012901004447,SDESI,33,38,11,630.00,"6,930.00"
2019-01-29,2019012901004322,SDESI,33,38,11,630.00,"6,930.00"
2019-01-29,2019012901004168,SDESI,33,50,111,630.00,"69,930.00"
2019-01-29,2019012901004116,SDESI,33,38,11,630.00,"6,930.00"
2019-01-29,2019012901004046,SDESI,33,38,11,630.00,"6,930.00"
2019-01-29,2019012901004352,SHL,42,41,200,203.00,"40,600.00"
2019-01-29,2019012901004397,SHPC,49,10,639,231.00,"147,609.00"
2019-01-29,2019012901004020,SHPC,17,10,100,230.00,"23,000.00"
2019-01-29,2019012901004019,SHPC,17,10,990,230.00,"227,700.00"
2019-01-29,2019012901004264,SICL,42,22,15,917.00,"13,755.00"
2019-01-29,2019012901004263,SICL,18,22,50,925.00,"46,250.00"
2019-01-29,2019012901004262,SICL,47,22,13,929.00,"12,077.00"
2019-01-29,2019012901004463,SIL,47,34,128,642.00,"82,176.00"
2019-01-29,2019012901004388,SIL,47,38,50,642.00,"32,100.00"
2019-01-29,2019012901004069,SKBBL,49,49,544,860.00,"467,840.00"
2019-01-29,2019012901004409,SLBBL,11,45,10,527.00,"5,270.00"
2019-01-29,2019012901004393,SLBSL,42,50,10,567.00,"5,670.00"
2019-01-29,2019012901004452,SLICL,20,34,100,550.00,"55,000.00"
2019-01-29,2019012901004412,SLICL,20,29,80,550.00,"44,000.00"
2019-01-29,2019012901004136,SLICL,34,29,20,550.00,"11,000.00"
2019-01-29,2019012901004197,SMATA,22,22,20,"1,252.00","25,040.00"
2019-01-29,2019012901004255,SMB,35,6,50,725.00,"36,250.00"
2019-01-29,2019012901004186,SMB,35,41,10,725.00,"7,250.00"
2019-01-29,2019012901004174,SMB,35,38,10,725.00,"7,250.00"
2019-01-29,2019012901004155,SMB,46,6,10,730.00,"7,300.00"
2019-01-29,2019012901004154,SMB,46,52,10,730.00,"7,300.00"
2019-01-29,2019012901004153,SMB,46,57,40,730.00,"29,200.00"
2019-01-29,2019012901004100,SMB,35,32,10,725.00,"7,250.00"
2019-01-29,2019012901004099,SMB,35,32,10,725.00,"7,250.00"
2019-01-29,2019012901004446,SRBL,50,49,155,210.00,"32,550.00"
2019-01-29,2019012901004420,SRBL,37,50,187,209.00,"39,083.00"
2019-01-29,2019012901004303,SRBL,34,49,200,210.00,"42,000.00"
2019-01-29,2019012901004302,SRBL,45,49,50,210.00,"10,500.00"
2019-01-29,2019012901004301,SRBL,48,49,100,210.00,"21,000.00"
2019-01-29,2019012901004300,SRBL,6,49,162,210.00,"34,020.00"
2019-01-29,2019012901004114,SRBL,6,45,15,210.00,"3,150.00"
2019-01-29,2019012901004094,SRBL,45,42,15,211.00,"3,165.00"
2019-01-29,2019012901003965,SRBL,6,48,823,210.00,"172,830.00"
2019-01-29,2019012901003964,SRBL,42,48,200,210.00,"42,000.00"
2019-01-29,2019012901004389,TRH,56,55,100,248.00,"24,800.00"
2019-01-29,2019012901004404,UMHL,59,38,14,116.00,"1,624.00"
2019-01-29,2019012901004394,UMHL,59,38,14,116.00,"1,624.00"
2019-01-29,2019012901004363,UMHL,11,38,14,118.00,"1,652.00"
2019-01-29,2019012901004341,UMHL,11,38,14,118.00,"1,652.00"
2019-01-29,2019012901004299,UMHL,51,18,14,120.00,"1,680.00"
2019-01-29,2019012901004182,UMHL,11,32,14,118.00,"1,652.00"
2019-01-29,2019012901004181,UMHL,11,39,14,118.00,"1,652.00"
2019-01-29,2019012901004298,UMHL,51,18,14,120.00,"1,680.00"
2019-01-29,2019012901004297,UMHL,51,37,14,120.00,"1,680.00"
2019-01-29,2019012901004296,UMHL,51,22,14,120.00,"1,680.00"
2019-01-29,2019012901004185,UMHL,11,44,14,118.00,"1,652.00"
2019-01-29,2019012901004184,UMHL,11,32,14,118.00,"1,652.00"
2019-01-29,2019012901004183,UMHL,11,32,14,118.00,"1,652.00"
2019-01-29,2019012901004462,UPPER,14,22,40,260.00,"10,400.00"
2019-01-29,2019012901004456,UPPER,14,38,336,260.00,"87,360.00"
2019-01-29,2019012901004455,UPPER,17,38,264,260.00,"68,640.00"
2019-01-29,2019012901004427,UPPER,17,50,40,260.00,"10,400.00"
2019-01-29,2019012901004422,UPPER,17,20,50,260.00,"13,000.00"
2019-01-29,2019012901004421,UPPER,50,33,50,261.00,"13,050.00"
2019-01-29,2019012901003982,UPPER,13,39,40,261.00,"10,440.00"
2019-01-29,2019012901003979,UPPER,6,29,200,262.00,"52,400.00"
2019-01-29,2019012901003970,UPPER,13,34,50,261.00,"13,050.00"
2019-01-29,2019012901004003,UPPER,13,10,50,261.00,"13,050.00"
2019-01-29,2019012901003994,UPPER,13,10,40,261.00,"10,440.00"
2019-01-29,2019012901003987,UPPER,14,29,200,262.00,"52,400.00"
2019-01-29,2019012901004036,UPPER,33,10,40,261.00,"10,440.00"
2019-01-29,2019012901004030,UPPER,33,10,40,261.00,"10,440.00"
2019-01-29,2019012901004018,UPPER,33,39,20,261.00,"5,220.00"
2019-01-29,2019012901004017,UPPER,13,39,20,261.00,"5,220.00"
2019-01-29,2019012901004047,UPPER,33,47,243,261.00,"63,423.00"
2019-01-29,2019012901004044,UPPER,33,10,50,261.00,"13,050.00"
2019-01-29,2019012901004042,UPPER,33,35,97,261.00,"25,317.00"
2019-01-29,2019012901004040,UPPER,33,42,40,261.00,"10,440.00"
2019-01-29,2019012901004066,UPPER,38,53,500,261.00,"130,500.00"
2019-01-29,2019012901004065,UPPER,10,53,700,261.00,"182,700.00"
2019-01-29,2019012901004064,UPPER,44,53,100,261.00,"26,100.00"
2019-01-29,2019012901004063,UPPER,40,53,200,261.00,"52,200.00"
2019-01-29,2019012901004062,UPPER,33,53,330,261.00,"86,130.00"
2019-01-29,2019012901004058,UPPER,33,41,50,261.00,"13,050.00"
2019-01-29,2019012901004083,UPPER,33,10,40,261.00,"10,440.00"
2019-01-29,2019012901004078,UPPER,33,53,940,261.00,"245,340.00"
2019-01-29,2019012901004077,UPPER,38,53,30,261.00,"7,830.00"
2019-01-29,2019012901004076,UPPER,25,53,200,261.00,"52,200.00"
2019-01-29,2019012901004075,UPPER,57,53,830,261.00,"216,630.00"
2019-01-29,2019012901004067,UPPER,57,53,170,261.00,"44,370.00"
2019-01-29,2019012901004090,UPPER,40,53,50,261.00,"13,050.00"
2019-01-29,2019012901004089,UPPER,32,53,200,261.00,"52,200.00"
2019-01-29,2019012901004088,UPPER,47,53,100,261.00,"26,100.00"
2019-01-29,2019012901004087,UPPER,33,53,"1,920",261.00,"501,120.00"
2019-01-29,2019012901004086,UPPER,33,58,50,261.00,"13,050.00"
2019-01-29,2019012901004084,UPPER,33,58,50,261.00,"13,050.00"
2019-01-29,2019012901004111,UPPER,28,58,50,261.00,"13,050.00"
2019-01-29,2019012901004109,UPPER,28,53,"3,000",261.00,"783,000.00"
2019-01-29,2019012901004096,UPPER,28,58,50,261.00,"13,050.00"
2019-01-29,2019012901004093,UPPER,28,53,580,261.00,"151,380.00"
2019-01-29,2019012901004092,UPPER,45,53,50,261.00,"13,050.00"
2019-01-29,2019012901004091,UPPER,11,53,100,261.00,"26,100.00"
2019-01-29,2019012901004127,UPPER,22,53,100,261.00,"26,100.00"
2019-01-29,2019012901004126,UPPER,28,53,130,261.00,"33,930.00"
2019-01-29,2019012901004123,UPPER,28,7,40,261.00,"10,440.00"
2019-01-29,2019012901004120,UPPER,28,58,50,261.00,"13,050.00"
2019-01-29,2019012901004119,UPPER,28,8,50,261.00,"13,050.00"
2019-01-29,2019012901004117,UPPER,28,58,50,261.00,"13,050.00"
2019-01-29,2019012901004133,UPPER,32,53,45,261.00,"11,745.00"
2019-01-29,2019012901004132,UPPER,34,53,500,261.00,"130,500.00"
2019-01-29,2019012901004131,UPPER,43,53,100,261.00,"26,100.00"
2019-01-29,2019012901004130,UPPER,39,53,"1,000",261.00,"261,000.00"
2019-01-29,2019012901004129,UPPER,39,53,100,261.00,"26,100.00"
2019-01-29,2019012901004128,UPPER,11,53,25,261.00,"6,525.00"
2019-01-29,2019012901004195,UPPER,19,58,40,260.00,"10,400.00"
2019-01-29,2019012901004193,UPPER,19,58,50,260.00,"13,000.00"
2019-01-29,2019012901004178,UPPER,11,58,50,260.00,"13,000.00"
2019-01-29,2019012901004137,UPPER,56,41,50,260.00,"13,000.00"
2019-01-29,2019012901004247,UPPER,19,49,40,260.00,"10,400.00"
2019-01-29,2019012901004246,UPPER,19,56,50,260.00,"13,000.00"
2019-01-29,2019012901004240,UPPER,19,49,40,260.00,"10,400.00"
2019-01-29,2019012901004231,UPPER,19,53,550,260.00,"143,000.00"
2019-01-29,2019012901004213,UPPER,19,32,10,260.00,"2,600.00"
2019-01-29,2019012901004198,UPPER,19,33,50,260.00,"13,000.00"
2019-01-29,2019012901004270,UPPER,29,29,50,261.00,"13,050.00"
2019-01-29,2019012901004269,UPPER,29,29,40,261.00,"10,440.00"
2019-01-29,2019012901004268,UPPER,29,58,50,261.00,"13,050.00"
2019-01-29,2019012901004265,UPPER,19,58,40,260.00,"10,400.00"
2019-01-29,2019012901004304,UPPER,29,14,50,261.00,"13,050.00"
2019-01-29,2019012901004293,UPPER,29,14,50,261.00,"13,050.00"
2019-01-29,2019012901004292,UPPER,5,29,50,262.00,"13,100.00"
2019-01-29,2019012901004272,UPPER,29,14,50,261.00,"13,050.00"
2019-01-29,2019012901004271,UPPER,29,29,40,261.00,"10,440.00"
2019-01-29,2019012901004321,UPPER,26,38,430,261.00,"112,230.00"
2019-01-29,2019012901004320,UPPER,26,57,20,261.00,"5,220.00"
2019-01-29,2019012901004319,UPPER,29,57,30,261.00,"7,830.00"
2019-01-29,2019012901004318,UPPER,29,14,50,261.00,"13,050.00"
2019-01-29,2019012901004312,UPPER,29,57,40,261.00,"10,440.00"
2019-01-29,2019012901004305,UPPER,29,5,50,261.00,"13,050.00"
2019-01-29,2019012901004346,UPPER,43,20,30,260.00,"7,800.00"
2019-01-29,2019012901004345,UPPER,19,20,10,260.00,"2,600.00"
2019-01-29,2019012901004339,UPPER,19,1,40,260.00,"10,400.00"
2019-01-29,2019012901004336,UPPER,33,38,50,261.00,"13,050.00"
2019-01-29,2019012901004332,UPPER,19,57,40,260.00,"10,400.00"
2019-01-29,2019012901004324,UPPER,19,20,40,260.00,"10,400.00"
2019-01-29,2019012901004361,UPPER,17,57,40,260.00,"10,400.00"
2019-01-29,2019012901004356,UPPER,17,35,121,260.00,"31,460.00"
2019-01-29,2019012901004354,UPPER,17,47,195,260.00,"50,700.00"
2019-01-29,2019012901004350,UPPER,17,57,30,260.00,"7,800.00"
2019-01-29,2019012901004349,UPPER,43,57,20,260.00,"5,200.00"
2019-01-29,2019012901004377,UPPER,17,57,50,260.00,"13,000.00"
2019-01-29,2019012901004374,UPPER,1,33,40,261.00,"10,440.00"
2019-01-29,2019012901004373,UPPER,1,14,50,261.00,"13,050.00"
2019-01-29,2019012901004372,UPPER,1,26,40,261.00,"10,440.00"
2019-01-29,2019012901004371,UPPER,1,38,20,261.00,"5,220.00"
2019-01-29,2019012901004366,UPPER,17,57,50,260.00,"13,000.00"
2019-01-29,2019012901004403,UPPER,17,22,40,260.00,"10,400.00"
2019-01-29,2019012901004392,UPPER,17,16,40,260.00,"10,400.00"
2019-01-29,2019012901004391,UPPER,17,10,40,260.00,"10,400.00"
2019-01-29,2019012901004386,UPPER,17,35,40,260.00,"10,400.00"
2019-01-29,2019012901004012,VLBS,22,32,10,673.00,"6,730.00"
2019-01-29,2019012901003887,ADBL,21,21,94,341.00,"32,054.00"
2019-01-29,2019012901003560,ADBL,21,50,56,341.00,"19,096.00"
2019-01-29,2019012901003559,ADBL,59,50,253,341.00,"86,273.00"
2019-01-29,2019012901003536,ADBL,59,18,123,341.00,"41,943.00"
2019-01-29,2019012901003733,AHPC,58,47,100,102.00,"10,200.00"
2019-01-29,2019012901003950,AKJCL,47,38,20,84.00,"1,680.00"
2019-01-29,2019012901003714,AKJCL,47,45,10,84.00,840.00
2019-01-29,2019012901003713,AKJCL,47,45,10,84.00,840.00
2019-01-29,2019012901003939,AKPL,22,45,30,184.00,"5,520.00"
2019-01-29,2019012901003587,AKPL,22,39,13,184.00,"2,392.00"
2019-01-29,2019012901003815,ALICL,22,45,258,610.00,"157,380.00"
2019-01-29,2019012901003814,ALICL,25,45,22,610.00,"13,420.00"
2019-01-29,2019012901003614,ALICL,25,58,81,610.00,"49,410.00"
2019-01-29,2019012901003870,AMFI,45,39,10,728.00,"7,280.00"
2019-01-29,2019012901003840,AMFI,45,39,10,728.00,"7,280.00"
2019-01-29,2019012901003765,AMFI,45,39,10,728.00,"7,280.00"
2019-01-29,2019012901003699,AMFI,45,39,10,728.00,"7,280.00"
2019-01-29,2019012901003689,AMFI,45,39,10,728.00,"7,280.00"
2019-01-29,2019012901003678,AMFI,45,39,10,728.00,"7,280.00"
2019-01-29,2019012901003853,BOKL,32,36,35,252.00,"8,820.00"
2019-01-29,2019012901003616,BPCL,8,37,50,362.00,"18,100.00"
2019-01-29,2019012901003602,BPCL,8,39,40,362.00,"14,480.00"
2019-01-29,2019012901003528,BPCL,8,39,40,362.00,"14,480.00"
2019-01-29,2019012901003955,CBBL,45,57,19,870.00,"16,530.00"
2019-01-29,2019012901003574,CBBL,46,58,35,870.00,"30,450.00"
2019-01-29,2019012901003573,CBBL,35,58,50,871.00,"43,550.00"
2019-01-29,2019012901003572,CBBL,14,58,50,871.00,"43,550.00"
2019-01-29,2019012901003767,CBBL,28,57,31,870.00,"26,970.00"
2019-01-29,2019012901003766,CBBL,28,29,69,870.00,"60,030.00"
2019-01-29,2019012901003692,CBBL,11,29,20,870.00,"17,400.00"
2019-01-29,2019012901003611,CBBL,55,29,62,870.00,"53,940.00"
2019-01-29,2019012901003575,CBBL,55,58,38,870.00,"33,060.00"
2019-01-29,2019012901003934,CBL,58,40,316,158.00,"49,928.00"
2019-01-29,2019012901003923,CBL,6,40,"2,000",158.00,"316,000.00"
2019-01-29,2019012901003922,CBL,19,40,88,158.00,"13,904.00"
2019-01-29,2019012901003921,CBL,58,40,"3,000",158.00,"474,000.00"
2019-01-29,2019012901003920,CBL,57,40,100,158.00,"15,800.00"
2019-01-29,2019012901003919,CBL,37,40,300,158.00,"47,400.00"
2019-01-29,2019012901003912,CBL,36,40,500,158.00,"79,000.00"
2019-01-29,2019012901003911,CBL,34,40,"1,000",158.00,"158,000.00"
2019-01-29,2019012901003910,CBL,53,40,361,158.00,"57,038.00"
2019-01-29,2019012901003725,CBL,57,40,100,159.00,"15,900.00"
2019-01-29,2019012901003918,CBL,42,40,"1,000",158.00,"158,000.00"
2019-01-29,2019012901003917,CBL,40,40,200,158.00,"31,600.00"
2019-01-29,2019012901003916,CBL,46,40,100,158.00,"15,800.00"
2019-01-29,2019012901003915,CBL,6,40,"1,000",158.00,"158,000.00"
2019-01-29,2019012901003914,CBL,25,40,200,158.00,"31,600.00"
2019-01-29,2019012901003913,CBL,37,40,"1,000",158.00,"158,000.00"
2019-01-29,2019012901003697,CCBL,57,57,30,170.00,"5,100.00"
2019-01-29,2019012901003696,CCBL,57,57,70,170.00,"11,900.00"
2019-01-29,2019012901003631,CCBL,38,37,55,169.00,"9,295.00"
2019-01-29,2019012901003590,CHCL,17,22,209,531.00,"110,979.00"
2019-01-29,2019012901003589,CHCL,32,22,100,531.00,"53,100.00"
2019-01-29,2019012901003588,CHCL,39,22,85,531.00,"45,135.00"
2019-01-29,2019012901003737,CIT,4,34,100,"2,692.00","269,200.00"
2019-01-29,2019012901003736,CIT,4,16,100,"2,690.00","269,000.00"
2019-01-29,2019012901003735,CIT,4,28,100,"2,690.00","269,000.00"
2019-01-29,2019012901003734,CIT,4,54,10,"2,690.00","26,900.00"
2019-01-29,2019012901003502,CIT,26,42,15,"2,670.00","40,050.00"
2019-01-29,2019012901003829,CLBSL,45,21,10,710.00,"7,100.00"
2019-01-29,2019012901003527,CLBSL,45,5,131,720.00,"94,320.00"
2019-01-29,2019012901003739,CORBL,39,48,60,97.00,"5,820.00"
2019-01-29,2019012901003938,CZBIL,47,32,93,210.00,"19,530.00"
2019-01-29,2019012901003652,CZBIL,56,38,200,211.00,"42,200.00"
2019-01-29,2019012901003651,CZBIL,47,37,367,210.00,"77,070.00"
2019-01-29,2019012901003650,CZBIL,42,37,200,210.00,"42,000.00"
2019-01-29,2019012901003649,CZBIL,49,37,200,210.00,"42,000.00"
2019-01-29,2019012901003648,CZBIL,42,37,100,210.00,"21,000.00"
2019-01-29,2019012901003647,CZBIL,55,37,322,210.00,"67,620.00"
2019-01-29,2019012901003644,CZBIL,55,54,10,210.00,"2,100.00"
2019-01-29,2019012901003668,DBBL,57,40,500,125.00,"62,500.00"
2019-01-29,2019012901003562,DBBL,57,40,500,125.00,"62,500.00"
2019-01-29,2019012901003515,EBL,51,36,43,524.00,"22,532.00"
2019-01-29,2019012901003775,EBL,7,47,50,524.00,"26,200.00"
2019-01-29,2019012901003556,FMDBL,18,14,100,378.00,"37,800.00"
2019-01-29,2019012901003530,FMDBL,37,14,50,378.00,"18,900.00"
2019-01-29,2019012901003949,FOWAD,56,36,63,"1,590.00","100,170.00"
2019-01-29,2019012901003813,FOWAD,57,51,11,"1,585.00","17,435.00"
2019-01-29,2019012901003508,FOWAD,37,21,10,"1,570.00","15,700.00"
2019-01-29,2019012901003825,GBBL,47,32,52,185.00,"9,620.00"
2019-01-29,2019012901003824,GBBL,54,32,100,185.00,"18,500.00"
2019-01-29,2019012901003823,GBBL,43,32,100,185.00,"18,500.00"
2019-01-29,2019012901003822,GBBL,32,32,500,185.00,"92,500.00"
2019-01-29,2019012901003821,GBBL,5,32,"1,000",185.00,"185,000.00"
2019-01-29,2019012901003820,GBBL,41,32,94,185.00,"17,390.00"
2019-01-29,2019012901003819,GBBL,34,32,154,185.00,"28,490.00"
2019-01-29,2019012901003868,GBIME,36,54,100,261.00,"26,100.00"
2019-01-29,2019012901003802,GBIME,38,54,100,261.00,"26,100.00"
2019-01-29,2019012901003801,GBIME,43,54,75,261.00,"19,575.00"
2019-01-29,2019012901003685,GBIME,43,37,220,261.00,"57,420.00"
2019-01-29,2019012901003672,GBIME,43,37,205,261.00,"53,505.00"
2019-01-29,2019012901003671,GBIME,20,37,100,261.00,"26,100.00"
2019-01-29,2019012901003670,GBIME,13,37,100,261.00,"26,100.00"
2019-01-29,2019012901003669,GBIME,25,37,58,261.00,"15,138.00"
2019-01-29,2019012901003935,GDBL,35,51,17,183.00,"3,111.00"
2019-01-29,2019012901003748,GFCL,43,11,100,123.00,"12,300.00"
2019-01-29,2019012901003747,GFCL,43,47,471,122.00,"57,462.00"
2019-01-29,2019012901003746,GFCL,43,42,553,121.00,"66,913.00"
2019-01-29,2019012901003629,GILB,22,22,2,"1,130.00","2,260.00"
2019-01-29,2019012901003619,GILB,22,22,2,"1,130.00","2,260.00"
2019-01-29,2019012901003612,GILB,22,22,2,"1,130.00","2,260.00"
2019-01-29,2019012901003603,GILB,22,22,2,"1,130.00","2,260.00"
2019-01-29,2019012901003956,GRDBL,57,51,35,105.00,"3,675.00"
2019-01-29,2019012901003521,GRDBL,57,10,30,105.00,"3,150.00"
2019-01-29,2019012901003520,GRDBL,43,10,10,106.00,"1,060.00"
2019-01-29,2019012901003542,GUFL,45,14,100,106.00,"10,600.00"
2019-01-29,2019012901003541,GUFL,45,39,18,106.00,"1,908.00"
2019-01-29,2019012901003504,GUFL,43,39,62,106.00,"6,572.00"
2019-01-29,2019012901003942,HBL,17,43,200,444.00,"88,800.00"
2019-01-29,2019012901003941,HBL,34,43,100,444.00,"44,400.00"
2019-01-29,2019012901003940,HBL,25,43,30,444.00,"13,320.00"
2019-01-29,2019012901003499,HGI,34,41,300,390.00,"117,000.00"
2019-01-29,2019012901003895,HIDCL,49,45,10,142.00,"1,420.00"
2019-01-29,2019012901003893,HIDCL,6,49,29,141.00,"4,089.00"
2019-01-29,2019012901003798,HIDCL,49,16,23,142.00,"3,266.00"
2019-01-29,2019012901003539,HIDCL,49,5,28,142.00,"3,976.00"
2019-01-29,2019012901003531,HIDCL,49,5,28,142.00,"3,976.00"
2019-01-29,2019012901003605,HPPL,8,39,10,181.00,"1,810.00"
2019-01-29,2019012901003595,HPPL,57,57,10,182.00,"1,820.00"
2019-01-29,2019012901003618,JBBL,22,52,155,139.00,"21,545.00"
2019-01-29,2019012901003617,JBBL,22,52,136,139.00,"18,904.00"
2019-01-29,2019012901003799,JBNL,19,38,900,166.00,"149,400.00"
2019-01-29,2019012901003892,JFL,40,49,39,169.00,"6,591.00"
2019-01-29,2019012901003777,JOSHI,52,42,20,220.00,"4,400.00"
2019-01-29,2019012901003774,JSLBB,29,29,2,"2,560.00","5,120.00"
2019-01-29,2019012901003751,JSLBB,48,22,20,"2,554.00","51,080.00"
2019-01-29,2019012901003681,JSLBB,40,58,20,"2,600.00","52,000.00"
2019-01-29,2019012901003680,JSLBB,22,58,10,"2,604.00","26,040.00"
2019-01-29,2019012901003679,JSLBB,22,58,30,"2,605.00","78,150.00"
2019-01-29,2019012901003673,JSLBB,37,55,12,"2,610.00","31,320.00"
2019-01-29,2019012901003561,JSLBB,21,58,10,"2,616.00","26,160.00"
2019-01-29,2019012901003538,JSLBB,21,55,10,"2,616.00","26,160.00"
2019-01-29,2019012901003483,KBBL,59,52,200,212.00,"42,400.00"
2019-01-29,2019012901003809,KBL,6,50,100,246.00,"24,600.00"
2019-01-29,2019012901003808,KBL,48,50,"1,660",246.00,"408,360.00"
2019-01-29,2019012901003869,KMCDB,26,38,19,865.00,"16,435.00"
2019-01-29,2019012901003704,KMFL,35,38,50,977.00,"48,850.00"
2019-01-29,2019012901003607,KMFL,28,48,60,978.00,"58,680.00"
2019-01-29,2019012901003510,KNBL,43,51,400,121.00,"48,400.00"
2019-01-29,2019012901003952,KPCL,45,37,10,96.00,960.00
2019-01-29,2019012901003937,KPCL,45,37,10,96.00,960.00
2019-01-29,2019012901003930,KPCL,45,39,10,96.00,960.00
2019-01-29,2019012901003928,KPCL,45,37,10,96.00,960.00
2019-01-29,2019012901003852,KPCL,47,39,10,97.00,970.00
2019-01-29,2019012901003888,KPCL,45,39,10,96.00,960.00
2019-01-29,2019012901003902,KPCL,45,37,10,96.00,960.00
2019-01-29,2019012901003891,KPCL,45,37,10,96.00,960.00
2019-01-29,2019012901003780,KRBL,57,41,28,98.00,"2,744.00"
2019-01-29,2019012901003773,KRBL,57,41,44,98.00,"4,312.00"
2019-01-29,2019012901003772,KRBL,39,41,28,99.00,"2,772.00"
2019-01-29,2019012901003635,KSBBL,52,58,300,138.00,"41,400.00"
2019-01-29,2019012901003634,KSBBL,13,58,40,138.00,"5,520.00"
2019-01-29,2019012901003712,LBBL,38,32,10,177.00,"1,770.00"
2019-01-29,2019012901003664,LBBL,21,36,141,176.00,"24,816.00"
2019-01-29,2019012901003610,LBBL,14,32,306,177.00,"54,162.00"
2019-01-29,2019012901003609,LBBL,14,39,194,177.00,"34,338.00"
2019-01-29,2019012901003565,LBBL,53,39,150,177.00,"26,550.00"
2019-01-29,2019012901003850,LBL,45,43,200,199.00,"39,800.00"
2019-01-29,2019012901003849,LBL,46,43,30,199.00,"5,970.00"
2019-01-29,2019012901003848,LBL,32,43,366,199.00,"72,834.00"
2019-01-29,2019012901003566,LLBS,41,35,76,798.00,"60,648.00"
2019-01-29,2019012901003931,MBL,47,25,372,210.00,"78,120.00"
2019-01-29,2019012901003779,MBL,47,37,628,210.00,"131,880.00"
2019-01-29,2019012901003778,MBL,47,46,"1,000",210.00,"210,000.00"
2019-01-29,2019012901003687,MBL,52,46,"1,000",210.00,"210,000.00"
2019-01-29,2019012901003867,MDB,19,34,100,293.00,"29,300.00"
2019-01-29,2019012901003953,MEGA,33,22,300,167.00,"50,100.00"
2019-01-29,2019012901003926,MEGA,40,43,22,166.00,"3,652.00"
2019-01-29,2019012901003925,MEGA,22,43,500,166.00,"83,000.00"
2019-01-29,2019012901003701,MEGA,57,25,100,166.00,"16,600.00"
2019-01-29,2019012901003890,MERO,33,58,75,"1,147.00","86,025.00"
2019-01-29,2019012901003882,MERO,33,58,25,"1,147.00","28,675.00"
2019-01-29,2019012901003881,MERO,56,58,55,"1,147.00","63,085.00"
2019-01-29,2019012901003880,MERO,57,58,10,"1,150.00","11,500.00"
2019-01-29,2019012901003879,MERO,57,58,10,"1,150.00","11,500.00"
2019-01-29,2019012901003744,MERO,57,58,30,"1,150.00","34,500.00"
2019-01-29,2019012901003601,MERO,25,45,50,"1,150.00","57,500.00"
2019-01-29,2019012901003600,MERO,3,45,100,"1,150.00","115,000.00"
2019-01-29,2019012901003599,MERO,56,45,20,"1,150.00","23,000.00"
2019-01-29,2019012901003598,MERO,14,45,100,"1,150.00","115,000.00"
2019-01-29,2019012901003597,MERO,34,45,20,"1,150.00","23,000.00"
2019-01-29,2019012901003596,MERO,43,45,20,"1,151.00","23,020.00"
2019-01-29,2019012901003763,MMFDB,37,58,40,"1,021.00","40,840.00"
2019-01-29,2019012901003615,MMFDB,25,25,30,"1,025.00","30,750.00"
2019-01-29,2019012901003518,MMFDB,22,16,50,"1,027.00","51,350.00"
2019-01-29,2019012901003872,MNBBL,19,16,100,348.00,"34,800.00"
2019-01-29,2019012901003551,MNBBL,32,16,150,346.00,"51,900.00"
2019-01-29,2019012901003550,MNBBL,34,16,150,346.00,"51,900.00"
2019-01-29,2019012901003549,MNBBL,52,16,30,346.00,"10,380.00"
2019-01-29,2019012901003548,MNBBL,32,16,57,346.00,"19,722.00"
2019-01-29,2019012901003534,MNBBL,32,10,43,346.00,"14,878.00"
2019-01-29,2019012901003859,NABIL,19,52,100,832.00,"83,200.00"
2019-01-29,2019012901003796,NABIL,57,49,18,830.00,"14,940.00"
2019-01-29,2019012901003795,NABIL,49,49,50,830.00,"41,500.00"
2019-01-29,2019012901003794,NABIL,40,49,20,830.00,"16,600.00"
2019-01-29,2019012901003793,NABIL,41,49,30,830.00,"24,900.00"
2019-01-29,2019012901003792,NABIL,41,49,25,830.00,"20,750.00"
2019-01-29,2019012901003471,NABIL,38,52,200,832.00,"166,400.00"
