Date,Transact. No.,Symbol,Buyer,Seller,Quantity,Rate,Amount
2019-03-27,2019032701005385,ADBL,14,33,260,294.00,"76,440.00"
2019-03-27,2019032701005384,ADBL,14,59,240,294.00,"70,560.00"
2019-03-27,2019032701005105,AKJCL,29,6,20,81.00,"1,620.00"
2019-03-27,2019032701005104,AKJCL,29,40,10,81.00,810.00
2019-03-27,2019032701005059,AKJCL,7,58,10,80.00,800.00
2019-03-27,2019032701005051,AKJCL,7,58,10,80.00,800.00
2019-03-27,2019032701005047,AKJCL,7,58,20,80.00,"1,600.00"
2019-03-27,2019032701005269,ALBSL,41,11,10,489.00,"4,890.00"
2019-03-27,2019032701005268,ALBSL,41,40,10,489.00,"4,890.00"
2019-03-27,2019032701005267,ALBSL,41,6,10,489.00,"4,890.00"
2019-03-27,2019032701005266,ALBSL,41,21,10,488.00,"4,880.00"
2019-03-27,2019032701005265,ALBSL,41,21,10,488.00,"4,880.00"
2019-03-27,2019032701005264,ALBSL,41,21,10,488.00,"4,880.00"
2019-03-27,2019032701004970,ALBSL,54,39,10,484.00,"4,840.00"
2019-03-27,2019032701004959,ALBSL,39,39,10,484.00,"4,840.00"
2019-03-27,2019032701005036,ALBSL,39,56,10,484.00,"4,840.00"
2019-03-27,2019032701005028,ALBSL,6,39,10,483.00,"4,830.00"
2019-03-27,2019032701005025,ALBSL,39,56,10,484.00,"4,840.00"
2019-03-27,2019032701005019,ALBSL,6,56,10,483.00,"4,830.00"
2019-03-27,2019032701005016,ALBSL,54,56,10,484.00,"4,840.00"
2019-03-27,2019032701004972,ALBSL,39,6,10,485.00,"4,850.00"
2019-03-27,2019032701005086,ALBSL,39,39,10,485.00,"4,850.00"
2019-03-27,2019032701005074,ALBSL,39,39,10,485.00,"4,850.00"
2019-03-27,2019032701005066,ALBSL,14,19,10,485.00,"4,850.00"
2019-03-27,2019032701005064,ALBSL,39,39,10,484.00,"4,840.00"
2019-03-27,2019032701005058,ALBSL,39,39,10,484.00,"4,840.00"
2019-03-27,2019032701005042,ALBSL,6,39,10,483.00,"4,830.00"
2019-03-27,2019032701005191,ALBSL,39,39,10,486.00,"4,860.00"
2019-03-27,2019032701005173,ALBSL,39,39,10,486.00,"4,860.00"
2019-03-27,2019032701005168,ALBSL,39,39,10,485.00,"4,850.00"
2019-03-27,2019032701005157,ALBSL,39,39,10,485.00,"4,850.00"
2019-03-27,2019032701005107,ALBSL,6,6,10,485.00,"4,850.00"
2019-03-27,2019032701005093,ALBSL,39,39,10,485.00,"4,850.00"
2019-03-27,2019032701005245,ALBSL,41,58,10,487.00,"4,870.00"
2019-03-27,2019032701005244,ALBSL,41,54,10,487.00,"4,870.00"
2019-03-27,2019032701005243,ALBSL,41,54,10,487.00,"4,870.00"
2019-03-27,2019032701005242,ALBSL,41,21,10,487.00,"4,870.00"
2019-03-27,2019032701005241,ALBSL,41,21,10,487.00,"4,870.00"
2019-03-27,2019032701005206,ALBSL,48,19,10,486.00,"4,860.00"
2019-03-27,2019032701005395,ALICL,35,14,250,387.00,"96,750.00"
2019-03-27,2019032701005407,API,25,53,10,140.00,"1,400.00"
2019-03-27,2019032701005406,API,25,58,500,138.00,"69,000.00"
2019-03-27,2019032701005366,API,25,42,28,138.00,"3,864.00"
2019-03-27,2019032701005360,API,25,42,950,136.00,"129,200.00"
2019-03-27,2019032701005317,BHBL,42,32,10,148.00,"1,480.00"
2019-03-27,2019032701005310,BHBL,42,59,90,147.00,"13,230.00"
2019-03-27,2019032701004989,BOKL,17,16,462,242.00,"111,804.00"
2019-03-27,2019032701005076,BPCL,8,51,84,358.00,"30,072.00"
2019-03-27,2019032701004994,BPCL,8,49,66,356.00,"23,496.00"
2019-03-27,2019032701004993,BPCL,32,49,123,356.00,"43,788.00"
2019-03-27,2019032701005282,CBBL,25,35,20,888.00,"17,760.00"
2019-03-27,2019032701005411,CBL,57,13,"1,000",156.00,"156,000.00"
2019-03-27,2019032701005253,CBL,57,53,"1,161",156.00,"181,116.00"
2019-03-27,2019032701005252,CBL,58,13,800,155.00,"124,000.00"
2019-03-27,2019032701005251,CBL,42,13,"1,500",155.00,"232,500.00"
2019-03-27,2019032701005250,CBL,57,13,"1,000",155.00,"155,000.00"
2019-03-27,2019032701005249,CBL,25,13,700,155.00,"108,500.00"
2019-03-27,2019032701005109,CBL,25,53,839,156.00,"130,884.00"
2019-03-27,2019032701005108,CBL,25,13,161,156.00,"25,116.00"
2019-03-27,2019032701005410,CCBL,50,19,"2,000",163.00,"326,000.00"
2019-03-27,2019032701005405,CCBL,25,19,500,163.00,"81,500.00"
2019-03-27,2019032701005164,CCBL,19,19,11,163.00,"1,793.00"
2019-03-27,2019032701005159,CCBL,33,29,50,162.00,"8,100.00"
2019-03-27,2019032701005101,CCBL,19,19,91,163.00,"14,833.00"
2019-03-27,2019032701005073,CCBL,19,19,19,163.00,"3,097.00"
2019-03-27,2019032701005045,CFCL,57,33,90,107.00,"9,630.00"
2019-03-27,2019032701004996,CFCL,57,59,10,107.00,"1,070.00"
2019-03-27,2019032701005442,CHCL,4,6,400,504.00,"201,600.00"
2019-03-27,2019032701005255,CHCL,44,25,48,502.00,"24,096.00"
2019-03-27,2019032701005254,CHCL,45,25,52,503.00,"26,156.00"
2019-03-27,2019032701005403,CHLBS,6,32,10,535.00,"5,350.00"
2019-03-27,2019032701005396,CHLBS,58,6,10,534.00,"5,340.00"
2019-03-27,2019032701005361,CHLBS,58,20,10,534.00,"5,340.00"
2019-03-27,2019032701005023,CHLBS,58,20,10,534.00,"5,340.00"
2019-03-27,2019032701005022,CHLBS,58,42,10,534.00,"5,340.00"
2019-03-27,2019032701005021,CHLBS,17,17,10,533.00,"5,330.00"
2019-03-27,2019032701005017,CHLBS,17,17,10,533.00,"5,330.00"
2019-03-27,2019032701005353,CIT,34,40,100,"2,618.00","261,800.00"
2019-03-27,2019032701005299,CIT,1,44,100,"2,618.00","261,800.00"
2019-03-27,2019032701005298,CIT,45,44,10,"2,618.00","26,180.00"
2019-03-27,2019032701005283,CIT,19,44,10,"2,619.00","26,190.00"
2019-03-27,2019032701005277,CIT,45,44,20,"2,620.00","52,400.00"
2019-03-27,2019032701005207,CIT,11,40,100,"2,625.00","262,500.00"
2019-03-27,2019032701005088,CIT,54,40,20,"2,624.00","52,480.00"
2019-03-27,2019032701005445,CZBIL,17,38,10,207.00,"2,070.00"
2019-03-27,2019032701005062,CZBIL,41,58,10,208.00,"2,080.00"
2019-03-27,2019032701005046,CZBIL,56,58,100,208.00,"20,800.00"
2019-03-27,2019032701005013,CZBIL,25,58,"1,000",208.00,"208,000.00"
2019-03-27,2019032701004951,CZBIL,17,41,63,207.00,"13,041.00"
2019-03-27,2019032701005316,DDBL,6,34,100,590.00,"59,000.00"
2019-03-27,2019032701005313,DDBL,6,55,100,590.00,"59,000.00"
2019-03-27,2019032701005312,DDBL,6,55,100,588.00,"58,800.00"
2019-03-27,2019032701005311,DDBL,6,44,180,587.00,"105,660.00"
2019-03-27,2019032701005423,EBL,56,21,10,556.00,"5,560.00"
2019-03-27,2019032701005354,EBL,14,21,200,556.00,"111,200.00"
2019-03-27,2019032701005314,EBL,25,21,30,556.00,"16,680.00"
2019-03-27,2019032701005302,EBL,19,21,60,556.00,"33,360.00"
2019-03-27,2019032701005295,EBL,49,21,154,556.00,"85,624.00"
2019-03-27,2019032701005289,EBL,25,14,355,555.00,"197,025.00"
2019-03-27,2019032701005247,EBL,40,21,355,556.00,"197,380.00"
2019-03-27,2019032701005418,EDBL,25,25,25,295.00,"7,375.00"
2019-03-27,2019032701005158,GBBL,4,34,15,192.00,"2,880.00"
2019-03-27,2019032701005095,GBBL,41,42,500,190.00,"95,000.00"
2019-03-27,2019032701005094,GBBL,41,14,200,190.00,"38,000.00"
2019-03-27,2019032701004991,GBBL,57,14,"1,000",190.00,"190,000.00"
2019-03-27,2019032701005085,GBIME,19,54,19,262.00,"4,978.00"
2019-03-27,2019032701005435,GBLBS,34,14,10,442.00,"4,420.00"
2019-03-27,2019032701005415,GBLBS,50,19,235,441.00,"103,635.00"
2019-03-27,2019032701005414,GBLBS,22,19,50,441.00,"22,050.00"
2019-03-27,2019032701005413,GBLBS,26,19,140,442.00,"61,880.00"
2019-03-27,2019032701005084,GBLBS,40,40,10,442.00,"4,420.00"
2019-03-27,2019032701005034,GBLBS,6,6,10,443.00,"4,430.00"
2019-03-27,2019032701004979,GBLBS,5,40,300,442.00,"132,600.00"
2019-03-27,2019032701004997,GDBL,34,19,30,188.00,"5,640.00"
2019-03-27,2019032701005167,GDBL,19,14,16,188.00,"3,008.00"
2019-03-27,2019032701004998,GDBL,34,14,170,188.00,"31,960.00"
2019-03-27,2019032701005240,GILB,28,34,30,"1,025.00","30,750.00"
2019-03-27,2019032701005049,GILB,28,34,10,"1,025.00","10,250.00"
2019-03-27,2019032701005408,GLICL,58,45,94,507.00,"47,658.00"
2019-03-27,2019032701005444,GUFL,58,34,10,113.00,"1,130.00"
2019-03-27,2019032701005315,HIDCL,5,45,56,131.00,"7,336.00"
2019-03-27,2019032701004956,HPPL,40,40,10,180.00,"1,800.00"
2019-03-27,2019032701005306,IGI,39,7,80,403.00,"32,240.00"
2019-03-27,2019032701005048,JBBL,41,45,10,137.00,"1,370.00"
2019-03-27,2019032701005288,JBNL,34,56,10,173.00,"1,730.00"
2019-03-27,2019032701005278,JBNL,37,56,500,173.00,"86,500.00"
2019-03-27,2019032701005246,JFL,1,51,214,164.00,"35,096.00"
2019-03-27,2019032701005235,JFL,19,51,20,165.00,"3,300.00"
2019-03-27,2019032701004969,JSLBB,55,16,36,"2,111.00","75,996.00"
2019-03-27,2019032701004965,JSLBB,48,50,10,"2,112.00","21,120.00"
2019-03-27,2019032701004964,JSLBB,48,50,20,"2,113.00","42,260.00"
2019-03-27,2019032701004963,JSLBB,16,50,10,"2,115.00","21,150.00"
2019-03-27,2019032701004962,JSLBB,48,50,10,"2,118.00","21,180.00"
2019-03-27,2019032701005436,KBBL,56,32,"2,756",207.00,"570,492.00"
2019-03-27,2019032701005031,KBBL,6,32,"5,000",206.00,"1,030,000.00"
2019-03-27,2019032701005367,KBL,6,46,500,236.00,"118,000.00"
2019-03-27,2019032701005379,KMFL,49,32,10,869.00,"8,690.00"
2019-03-27,2019032701005359,KMFL,49,49,58,853.00,"49,474.00"
2019-03-27,2019032701005258,KMFL,49,49,10,853.00,"8,530.00"
2019-03-27,2019032701005103,KMFL,49,41,10,837.00,"8,370.00"
2019-03-27,2019032701004966,KPCL,45,50,10,93.00,930.00
2019-03-27,2019032701005234,KSBBL,34,43,450,139.00,"62,550.00"
2019-03-27,2019032701005233,KSBBL,34,43,11,139.00,"1,529.00"
2019-03-27,2019032701005232,KSBBL,34,43,21,139.00,"2,919.00"
2019-03-27,2019032701005231,KSBBL,34,43,18,139.00,"2,502.00"
2019-03-27,2019032701005230,KSBBL,19,43,19,139.00,"2,641.00"
2019-03-27,2019032701005229,KSBBL,19,43,19,139.00,"2,641.00"
2019-03-27,2019032701005377,LBBL,43,46,500,170.00,"85,000.00"
2019-03-27,2019032701005376,LBBL,37,46,100,170.00,"17,000.00"
2019-03-27,2019032701005425,LBL,43,45,700,195.00,"136,500.00"
2019-03-27,2019032701005424,LBL,43,36,"2,322",195.00,"452,790.00"
2019-03-27,2019032701005368,LBL,25,19,200,195.00,"39,000.00"
2019-03-27,2019032701005248,LBL,25,49,900,194.00,"174,600.00"
2019-03-27,2019032701005029,LBL,25,16,374,194.00,"72,556.00"
2019-03-27,2019032701005012,LBL,50,16,100,194.00,"19,400.00"
2019-03-27,2019032701004992,LBL,32,49,"2,000",193.00,"386,000.00"
2019-03-27,2019032701004984,LBL,32,49,286,193.00,"55,198.00"
2019-03-27,2019032701005220,LICN,34,47,249,"1,491.00","371,259.00"
2019-03-27,2019032701005358,MBL,19,34,150,223.00,"33,450.00"
2019-03-27,2019032701005357,MBL,19,39,100,223.00,"22,300.00"
2019-03-27,2019032701005356,MBL,19,38,"1,750",222.00,"388,500.00"
2019-03-27,2019032701005350,MBL,19,38,250,222.00,"55,500.00"
2019-03-27,2019032701005349,MBL,19,1,50,222.00,"11,100.00"
2019-03-27,2019032701005348,MBL,19,38,500,222.00,"111,000.00"
2019-03-27,2019032701005347,MBL,19,1,100,222.00,"22,200.00"
2019-03-27,2019032701005346,MBL,19,39,100,222.00,"22,200.00"
2019-03-27,2019032701004982,MDB,43,49,200,232.00,"46,400.00"
2019-03-27,2019032701005417,MEGA,25,55,195,162.00,"31,590.00"
2019-03-27,2019032701005416,MEGA,25,38,305,162.00,"49,410.00"
2019-03-27,2019032701005032,MEGA,34,38,195,162.00,"31,590.00"
2019-03-27,2019032701005078,MEGAPO,35,25,"23,308",108.00,"2,517,264.00"
2019-03-27,2019032701005072,MEGAPO,35,25,"9,331",108.00,"1,007,748.00"
2019-03-27,2019032701005011,MEGAPO,35,33,"34,961",108.00,"3,775,788.00"
2019-03-27,2019032701005294,MMFDB,48,58,100,900.00,"90,000.00"
2019-03-27,2019032701005293,MMFDB,5,58,100,903.00,"90,300.00"
2019-03-27,2019032701005292,MMFDB,52,58,100,903.00,"90,300.00"
2019-03-27,2019032701005291,MMFDB,54,58,87,904.00,"78,648.00"
2019-03-27,2019032701005290,MMFDB,18,58,20,904.00,"18,080.00"
2019-03-27,2019032701005297,MNBBL,25,17,30,344.00,"10,320.00"
2019-03-27,2019032701005389,NABIL,5,51,275,709.00,"194,975.00"
2019-03-27,2019032701005388,NABIL,35,51,100,709.00,"70,900.00"
2019-03-27,2019032701005387,NABIL,22,51,50,710.00,"35,500.00"
2019-03-27,2019032701005056,NABIL,57,3,"1,000",710.00,"710,000.00"
2019-03-27,2019032701005055,NABIL,6,3,200,710.00,"142,000.00"
2019-03-27,2019032701005054,NABIL,42,3,50,710.00,"35,500.00"
2019-03-27,2019032701005053,NABIL,8,3,80,710.00,"56,800.00"
2019-03-27,2019032701005434,NABILP,6,8,200,694.00,"138,800.00"
2019-03-27,2019032701005300,NABILP,13,6,100,692.00,"69,200.00"
2019-03-27,2019032701005272,NABILP,13,25,100,692.00,"69,200.00"
2019-03-27,2019032701005205,NABILP,38,6,100,693.00,"69,300.00"
2019-03-27,2019032701005419,NADEP,6,6,10,674.00,"6,740.00"
2019-03-27,2019032701005165,NADEP,6,6,10,673.00,"6,730.00"
2019-03-27,2019032701005409,NADEP,29,13,10,674.00,"6,740.00"
2019-03-27,2019032701005355,NADEP,58,39,100,665.00,"66,500.00"
2019-03-27,2019032701005110,NBB,6,33,900,193.00,"173,700.00"
2019-03-27,2019032701005008,NBB,35,33,100,193.00,"19,300.00"
2019-03-27,2019032701005171,NBL,1,48,500,289.00,"144,500.00"
2019-03-27,2019032701004975,NBL,35,55,50,288.00,"14,400.00"
2019-03-27,2019032701004968,NBL,25,48,30,289.00,"8,670.00"
2019-03-27,2019032701004958,NBL,35,55,50,288.00,"14,400.00"
2019-03-27,2019032701005279,NCCB,58,4,10,214.00,"2,140.00"
2019-03-27,2019032701005228,NCCB,38,38,366,212.00,"77,592.00"
2019-03-27,2019032701005227,NCCB,33,38,61,212.00,"12,932.00"
2019-03-27,2019032701005226,NCCB,33,34,50,213.00,"10,650.00"
2019-03-27,2019032701005204,NCCB,33,34,39,212.00,"8,268.00"
2019-03-27,2019032701005203,NCCB,44,34,"1,961",212.00,"415,732.00"
2019-03-27,2019032701005202,NCCB,44,54,"1,000",212.00,"212,000.00"
2019-03-27,2019032701005201,NCCB,44,38,"1,000",212.00,"212,000.00"
2019-03-27,2019032701005200,NCCB,44,44,"1,000",212.00,"212,000.00"
2019-03-27,2019032701005199,NCCB,44,48,39,211.00,"8,229.00"
2019-03-27,2019032701005155,NCCB,44,48,147,211.00,"31,017.00"
2019-03-27,2019032701005154,NCCB,44,45,53,211.00,"11,183.00"
2019-03-27,2019032701004960,NGPL,1,50,11,123.00,"1,353.00"
2019-03-27,2019032701005432,NHDL,6,6,10,127.00,"1,270.00"
2019-03-27,2019032701004981,NHDL,40,40,10,127.00,"1,270.00"
2019-03-27,2019032701005374,NIB,34,17,50,528.00,"26,400.00"
2019-03-27,2019032701005020,NIB,5,50,144,527.00,"75,888.00"
2019-03-27,2019032701005448,NIBPO,6,7,500,488.00,"244,000.00"
2019-03-27,2019032701005447,NIBPO,6,8,75,488.00,"36,600.00"
2019-03-27,2019032701005365,NIBPO,42,8,200,488.00,"97,600.00"
2019-03-27,2019032701005391,NIBSF1,47,20,"8,813",8.44,"74,381.72"
2019-03-27,2019032701005390,NIBSF1,22,20,"2,000",8.45,"16,900.00"
2019-03-27,2019032701005371,NIBSF1,50,20,"2,000",8.50,"17,000.00"
2019-03-27,2019032701005370,NIBSF1,45,20,"1,924",8.51,"16,373.24"
2019-03-27,2019032701005369,NIBSF1,33,20,"1,000",8.60,"8,600.00"
2019-03-27,2019032701005433,NICA,10,39,150,398.00,"59,700.00"
2019-03-27,2019032701005041,NICA,1,22,100,399.00,"39,900.00"
2019-03-27,2019032701004977,NICL,25,46,20,373.00,"7,460.00"
2019-03-27,2019032701005386,NIL,45,6,200,515.00,"103,000.00"
2019-03-27,2019032701005003,NIL,57,35,30,512.00,"15,360.00"
2019-03-27,2019032701005002,NIL,33,35,170,513.00,"87,210.00"
2019-03-27,2019032701005339,NLG,25,44,20,800.00,"16,000.00"
2019-03-27,2019032701005401,NLIC,34,28,50,"1,095.00","54,750.00"
2019-03-27,2019032701005400,NLIC,34,41,50,"1,095.00","54,750.00"
2019-03-27,2019032701004957,NLICL,25,44,10,584.00,"5,840.00"
2019-03-27,2019032701004952,NLICL,25,22,20,575.00,"11,500.00"
2019-03-27,2019032701005286,NMB,33,42,83,325.00,"26,975.00"
2019-03-27,2019032701005285,NMB,45,42,17,325.00,"5,525.00"
2019-03-27,2019032701005156,NMB,7,49,"1,000",326.00,"326,000.00"
2019-03-27,2019032701005075,NMB,7,49,617,326.00,"201,142.00"
2019-03-27,2019032701005044,NMB,7,41,88,326.00,"28,688.00"
2019-03-27,2019032701005043,NMB,32,41,12,326.00,"3,912.00"
2019-03-27,2019032701005001,NMB,32,43,38,326.00,"12,388.00"
2019-03-27,2019032701005412,NMBSF1,43,20,"5,481",10.06,"55,138.86"
2019-03-27,2019032701005375,NMFBS,38,32,12,"1,581.00","18,972.00"
2019-03-27,2019032701005257,NMFBS,55,16,10,"1,581.00","15,810.00"
2019-03-27,2019032701005027,NMFBS,5,16,100,"1,606.00","160,600.00"
2019-03-27,2019032701005026,NMFBS,44,16,90,"1,606.00","144,540.00"
2019-03-27,2019032701004990,NMFBS,44,42,10,"1,606.00","16,060.00"
2019-03-27,2019032701005225,NNLB,48,40,200,440.00,"88,000.00"
2019-03-27,2019032701005224,NNLB,46,40,200,441.00,"88,200.00"
2019-03-27,2019032701005223,NNLB,16,40,100,442.00,"44,200.00"
2019-03-27,2019032701005426,NSEWA,22,22,10,535.00,"5,350.00"
2019-03-27,2019032701005422,NSEWA,22,44,10,525.00,"5,250.00"
2019-03-27,2019032701005420,NSEWA,22,44,10,517.00,"5,170.00"
2019-03-27,2019032701005039,NSEWA,6,6,10,507.00,"5,070.00"
2019-03-27,2019032701005090,OHL,34,16,339,426.00,"144,414.00"
2019-03-27,2019032701005089,OHL,57,16,100,427.00,"42,700.00"
2019-03-27,2019032701005440,PCBL,57,16,218,320.00,"69,760.00"
2019-03-27,2019032701005439,PCBL,57,25,78,320.00,"24,960.00"
2019-03-27,2019032701005402,PCBL,57,49,"1,000",319.00,"319,000.00"
2019-03-27,2019032701005352,PCBL,57,25,300,319.00,"95,700.00"
2019-03-27,2019032701005441,PFL,6,6,39,131.00,"5,109.00"
2019-03-27,2019032701005296,PFL,6,6,39,131.00,"5,109.00"
2019-03-27,2019032701005172,PFL,6,6,39,131.00,"5,109.00"
2019-03-27,2019032701005081,PFL,58,50,149,130.00,"19,370.00"
2019-03-27,2019032701005052,PFL,6,6,39,131.00,"5,109.00"
2019-03-27,2019032701005421,PIC,34,43,50,"1,021.00","51,050.00"
2019-03-27,2019032701005305,PIC,6,6,11,"1,020.00","11,220.00"
2019-03-27,2019032701005284,PIC,25,50,11,"1,020.00","11,220.00"
2019-03-27,2019032701005197,PIC,6,6,11,"1,019.00","11,209.00"
2019-03-27,2019032701005092,PIC,6,51,200,"1,019.00","203,800.00"
2019-03-27,2019032701004988,PIC,40,40,11,"1,017.00","11,187.00"
2019-03-27,2019032701005038,PLIC,35,54,10,441.00,"4,410.00"
2019-03-27,2019032701005037,PLIC,35,51,17,438.00,"7,446.00"
2019-03-27,2019032701004978,PLIC,35,51,37,437.00,"16,169.00"
2019-03-27,2019032701005338,PMHPL,6,6,10,113.00,"1,130.00"
2019-03-27,2019032701005063,PMHPL,6,6,10,113.00,"1,130.00"
2019-03-27,2019032701004999,PMHPL,32,49,100,115.00,"11,500.00"
2019-03-27,2019032701005010,PRIN,28,51,300,410.00,"123,000.00"
2019-03-27,2019032701005380,PRVU,35,8,"6,000",233.00,"1,398,000.00"
2019-03-27,2019032701005320,PRVU,11,29,330,234.00,"77,220.00"
2019-03-27,2019032701005319,PRVU,11,34,100,234.00,"23,400.00"
2019-03-27,2019032701005309,PRVU,11,46,25,233.00,"5,825.00"
2019-03-27,2019032701005304,PRVU,33,34,50,234.00,"11,700.00"
2019-03-27,2019032701005303,PRVU,33,34,50,234.00,"11,700.00"
2019-03-27,2019032701005007,PRVU,11,43,45,233.00,"10,485.00"
2019-03-27,2019032701005006,PRVU,57,43,30,233.00,"6,990.00"
2019-03-27,2019032701005362,RADHI,50,56,11,172.00,"1,892.00"
2019-03-27,2019032701005351,RADHI,50,6,11,169.00,"1,859.00"
2019-03-27,2019032701005068,RADHI,40,40,11,166.00,"1,826.00"
2019-03-27,2019032701005050,RADHI,50,6,11,169.00,"1,859.00"
2019-03-27,2019032701005033,RADHI,49,25,11,168.00,"1,848.00"
2019-03-27,2019032701005009,RADHI,50,51,11,167.00,"1,837.00"
2019-03-27,2019032701005318,RBCL,16,35,20,"9,113.00","182,260.00"
2019-03-27,2019032701005404,RSDC,19,17,50,365.00,"18,250.00"
2019-03-27,2019032701005152,RSDC,49,53,85,364.00,"30,940.00"
2019-03-27,2019032701005100,SADBL,46,38,792,145.00,"114,840.00"
2019-03-27,2019032701005099,SADBL,46,29,19,145.00,"2,755.00"
2019-03-27,2019032701005098,SADBL,46,16,"1,050",144.00,"151,200.00"
2019-03-27,2019032701005097,SADBL,46,59,455,143.00,"65,065.00"
2019-03-27,2019032701005096,SADBL,46,28,184,142.00,"26,128.00"
2019-03-27,2019032701005399,SANIMA,58,11,87,302.00,"26,274.00"
2019-03-27,2019032701005394,SANIMA,58,19,100,300.00,"30,000.00"
2019-03-27,2019032701005393,SANIMA,58,33,500,300.00,"150,000.00"
2019-03-27,2019032701005392,SANIMA,58,45,747,300.00,"224,100.00"
2019-03-27,2019032701005383,SANIMA,48,45,253,300.00,"75,900.00"
2019-03-27,2019032701005382,SANIMA,48,45,57,300.00,"17,100.00"
2019-03-27,2019032701005381,SANIMA,48,44,190,300.00,"57,000.00"
2019-03-27,2019032701005239,SBBLJ,17,43,300,193.00,"57,900.00"
2019-03-27,2019032701005238,SBBLJ,35,43,200,193.00,"38,600.00"
2019-03-27,2019032701005237,SBBLJ,50,43,20,194.00,"3,880.00"
2019-03-27,2019032701005364,SBI,49,51,391,390.00,"152,490.00"
2019-03-27,2019032701005363,SBI,49,51,109,390.00,"42,510.00"
2019-03-27,2019032701005256,SBI,58,51,200,392.00,"78,400.00"
2019-03-27,2019032701005163,SBI,49,51,391,390.00,"152,490.00"
2019-03-27,2019032701005162,SBI,49,51,530,390.00,"206,700.00"
2019-03-27,2019032701005161,SBI,38,51,50,391.00,"19,550.00"
2019-03-27,2019032701005160,SBI,33,51,29,391.00,"11,339.00"
2019-03-27,2019032701005431,SCB,50,20,223,570.00,"127,110.00"
2019-03-27,2019032701005430,SCB,38,20,50,570.00,"28,500.00"
2019-03-27,2019032701005429,SCB,57,20,20,570.00,"11,400.00"
2019-03-27,2019032701005428,SCB,6,20,400,571.00,"228,400.00"
2019-03-27,2019032701005427,SCB,28,20,40,571.00,"22,840.00"
2019-03-27,2019032701005015,SCB,32,34,20,572.00,"11,440.00"
2019-03-27,2019032701005014,SCB,32,45,25,572.00,"14,300.00"
2019-03-27,2019032701005378,SCB,32,40,20,574.00,"11,480.00"
2019-03-27,2019032701005321,SCB,25,40,20,574.00,"11,480.00"
2019-03-27,2019032701005196,SCB,32,19,10,573.00,"5,730.00"
2019-03-27,2019032701005174,SHINE,19,43,12,235.00,"2,820.00"
2019-03-27,2019032701005153,SHINE,19,43,46,235.00,"10,810.00"
2019-03-27,2019032701005443,SHIVM,58,20,50,343.00,"17,150.00"
2019-03-27,2019032701005438,SHIVM,42,16,150,346.00,"51,900.00"
2019-03-27,2019032701005437,SHIVM,42,19,50,346.00,"17,300.00"
2019-03-27,2019032701005397,SHIVM,39,16,10,350.00,"3,500.00"
2019-03-27,2019032701005345,SHIVM,58,8,50,346.00,"17,300.00"
2019-03-27,2019032701005344,SHIVM,58,5,50,344.00,"17,200.00"
2019-03-27,2019032701004955,SHIVM,32,50,17,330.00,"5,610.00"
2019-03-27,2019032701004954,SHIVM,35,50,33,330.00,"10,890.00"
2019-03-27,2019032701004953,SHIVM,35,20,50,330.00,"16,500.00"
2019-03-27,2019032701004976,SHIVM,32,20,50,330.00,"16,500.00"
2019-03-27,2019032701004974,SHIVM,39,57,50,331.00,"16,550.00"
2019-03-27,2019032701004973,SHIVM,39,38,50,331.00,"16,550.00"
2019-03-27,2019032701004971,SHIVM,32,20,50,330.00,"16,500.00"
2019-03-27,2019032701004967,SHIVM,32,20,50,330.00,"16,500.00"
2019-03-27,2019032701004961,SHIVM,32,20,50,330.00,"16,500.00"
2019-03-27,2019032701005004,SHIVM,59,20,33,330.00,"10,890.00"
2019-03-27,2019032701004995,SHIVM,59,20,50,330.00,"16,500.00"
2019-03-27,2019032701004986,SHIVM,59,20,17,330.00,"5,610.00"
2019-03-27,2019032701004985,SHIVM,32,20,33,330.00,"10,890.00"
2019-03-27,2019032701004983,SHIVM,32,20,50,330.00,"16,500.00"
2019-03-27,2019032701004980,SHIVM,32,20,50,330.00,"16,500.00"
2019-03-27,2019032701005060,SHIVM,45,20,50,330.00,"16,500.00"
2019-03-27,2019032701005035,SHIVM,45,20,50,330.00,"16,500.00"
2019-03-27,2019032701005030,SHIVM,45,20,50,330.00,"16,500.00"
2019-03-27,2019032701005024,SHIVM,45,20,50,330.00,"16,500.00"
2019-03-27,2019032701005018,SHIVM,57,17,50,331.00,"16,550.00"
2019-03-27,2019032701005005,SHIVM,45,20,17,330.00,"5,610.00"
2019-03-27,2019032701005091,SHIVM,45,20,50,330.00,"16,500.00"
2019-03-27,2019032701005082,SHIVM,45,20,50,330.00,"16,500.00"
2019-03-27,2019032701005080,SHIVM,45,20,50,330.00,"16,500.00"
2019-03-27,2019032701005070,SHIVM,45,20,50,330.00,"16,500.00"
2019-03-27,2019032701005069,SHIVM,58,40,50,332.00,"16,600.00"
2019-03-27,2019032701005067,SHIVM,45,20,50,330.00,"16,500.00"
2019-03-27,2019032701005114,SHIVM,58,49,200,333.00,"66,600.00"
2019-03-27,2019032701005113,SHIVM,58,29,200,332.00,"66,400.00"
2019-03-27,2019032701005112,SHIVM,58,40,450,332.00,"149,400.00"
2019-03-27,2019032701005111,SHIVM,35,20,50,331.00,"16,550.00"
2019-03-27,2019032701005106,SHIVM,45,28,50,330.00,"16,500.00"
2019-03-27,2019032701005102,SHIVM,45,20,50,330.00,"16,500.00"
2019-03-27,2019032701005120,SHIVM,58,57,60,334.00,"20,040.00"
2019-03-27,2019032701005119,SHIVM,58,55,100,334.00,"33,400.00"
2019-03-27,2019032701005118,SHIVM,58,21,300,334.00,"100,200.00"
2019-03-27,2019032701005117,SHIVM,58,28,500,333.00,"166,500.00"
2019-03-27,2019032701005116,SHIVM,58,19,50,333.00,"16,650.00"
2019-03-27,2019032701005115,SHIVM,58,42,50,333.00,"16,650.00"
2019-03-27,2019032701005126,SHIVM,58,56,50,335.00,"16,750.00"
2019-03-27,2019032701005125,SHIVM,58,56,50,335.00,"16,750.00"
2019-03-27,2019032701005124,SHIVM,58,6,50,335.00,"16,750.00"
2019-03-27,2019032701005123,SHIVM,58,6,50,335.00,"16,750.00"
2019-03-27,2019032701005122,SHIVM,58,25,200,335.00,"67,000.00"
2019-03-27,2019032701005121,SHIVM,58,48,50,334.00,"16,700.00"
2019-03-27,2019032701005132,SHIVM,58,57,50,335.00,"16,750.00"
2019-03-27,2019032701005131,SHIVM,58,42,100,335.00,"33,500.00"
2019-03-27,2019032701005130,SHIVM,58,56,50,335.00,"16,750.00"
2019-03-27,2019032701005129,SHIVM,58,56,50,335.00,"16,750.00"
2019-03-27,2019032701005128,SHIVM,58,56,50,335.00,"16,750.00"
2019-03-27,2019032701005127,SHIVM,58,56,50,335.00,"16,750.00"
2019-03-27,2019032701005138,SHIVM,58,14,50,335.00,"16,750.00"
2019-03-27,2019032701005137,SHIVM,58,51,50,335.00,"16,750.00"
2019-03-27,2019032701005136,SHIVM,58,51,50,335.00,"16,750.00"
2019-03-27,2019032701005135,SHIVM,58,6,40,335.00,"13,400.00"
2019-03-27,2019032701005134,SHIVM,58,43,50,335.00,"16,750.00"
2019-03-27,2019032701005133,SHIVM,58,57,50,335.00,"16,750.00"
2019-03-27,2019032701005144,SHIVM,58,34,50,335.00,"16,750.00"
2019-03-27,2019032701005143,SHIVM,58,39,50,335.00,"16,750.00"
2019-03-27,2019032701005142,SHIVM,58,34,50,335.00,"16,750.00"
2019-03-27,2019032701005141,SHIVM,58,34,50,335.00,"16,750.00"
2019-03-27,2019032701005140,SHIVM,58,34,50,335.00,"16,750.00"
2019-03-27,2019032701005139,SHIVM,58,52,50,335.00,"16,750.00"
2019-03-27,2019032701005150,SHIVM,58,34,100,335.00,"33,500.00"
2019-03-27,2019032701005149,SHIVM,58,45,500,335.00,"167,500.00"
2019-03-27,2019032701005148,SHIVM,58,19,50,335.00,"16,750.00"
2019-03-27,2019032701005147,SHIVM,58,19,50,335.00,"16,750.00"
2019-03-27,2019032701005146,SHIVM,58,34,50,335.00,"16,750.00"
2019-03-27,2019032701005145,SHIVM,58,34,50,335.00,"16,750.00"
2019-03-27,2019032701005178,SHIVM,36,37,30,335.00,"10,050.00"
2019-03-27,2019032701005175,SHIVM,58,20,50,332.00,"16,600.00"
2019-03-27,2019032701005170,SHIVM,58,20,50,332.00,"16,600.00"
2019-03-27,2019032701005169,SHIVM,58,37,100,335.00,"33,500.00"
2019-03-27,2019032701005166,SHIVM,58,20,50,332.00,"16,600.00"
2019-03-27,2019032701005151,SHIVM,58,34,100,335.00,"33,500.00"
2019-03-27,2019032701005184,SHIVM,36,22,50,336.00,"16,800.00"
2019-03-27,2019032701005183,SHIVM,36,8,50,336.00,"16,800.00"
2019-03-27,2019032701005182,SHIVM,36,1,50,336.00,"16,800.00"
2019-03-27,2019032701005181,SHIVM,36,37,200,335.00,"67,000.00"
2019-03-27,2019032701005180,SHIVM,36,37,130,335.00,"43,550.00"
2019-03-27,2019032701005179,SHIVM,36,37,170,335.00,"56,950.00"
2019-03-27,2019032701005190,SHIVM,40,20,50,333.00,"16,650.00"
2019-03-27,2019032701005189,SHIVM,36,55,40,336.00,"13,440.00"
2019-03-27,2019032701005188,SHIVM,36,42,50,336.00,"16,800.00"
2019-03-27,2019032701005187,SHIVM,36,34,50,336.00,"16,800.00"
2019-03-27,2019032701005186,SHIVM,36,47,80,336.00,"26,880.00"
2019-03-27,2019032701005185,SHIVM,36,56,100,336.00,"33,600.00"
2019-03-27,2019032701005208,SHIVM,47,20,50,336.00,"16,800.00"
2019-03-27,2019032701005198,SHIVM,47,20,50,336.00,"16,800.00"
2019-03-27,2019032701005195,SHIVM,47,52,150,336.00,"50,400.00"
2019-03-27,2019032701005194,SHIVM,47,6,50,336.00,"16,800.00"
2019-03-27,2019032701005193,SHIVM,47,43,100,336.00,"33,600.00"
2019-03-27,2019032701005192,SHIVM,47,55,10,336.00,"3,360.00"
2019-03-27,2019032701005276,SHIVM,40,20,210,333.00,"69,930.00"
2019-03-27,2019032701005271,SHIVM,40,20,160,333.00,"53,280.00"
2019-03-27,2019032701005270,SHIVM,40,20,50,333.00,"16,650.00"
2019-03-27,2019032701005222,SHIVM,14,45,50,337.00,"16,850.00"
2019-03-27,2019032701005221,SHIVM,40,20,50,333.00,"16,650.00"
2019-03-27,2019032701005219,SHIVM,47,45,90,336.00,"30,240.00"
2019-03-27,2019032701005323,SHIVM,36,14,50,338.00,"16,900.00"
2019-03-27,2019032701005322,SHIVM,36,1,58,338.00,"19,604.00"
2019-03-27,2019032701005301,SHIVM,43,20,210,334.00,"70,140.00"
2019-03-27,2019032701005287,SHIVM,40,20,210,333.00,"69,930.00"
2019-03-27,2019032701005281,SHIVM,58,14,50,338.00,"16,900.00"
2019-03-27,2019032701005280,SHIVM,58,55,50,337.00,"16,850.00"
2019-03-27,2019032701005329,SHIVM,36,49,50,339.00,"16,950.00"
2019-03-27,2019032701005328,SHIVM,36,17,150,339.00,"50,850.00"
2019-03-27,2019032701005327,SHIVM,36,1,50,339.00,"16,950.00"
2019-03-27,2019032701005326,SHIVM,36,16,100,339.00,"33,900.00"
2019-03-27,2019032701005325,SHIVM,36,28,300,338.00,"101,400.00"
2019-03-27,2019032701005324,SHIVM,36,47,50,338.00,"16,900.00"
2019-03-27,2019032701005335,SHIVM,36,50,100,340.00,"34,000.00"
2019-03-27,2019032701005334,SHIVM,36,38,300,340.00,"102,000.00"
2019-03-27,2019032701005333,SHIVM,36,37,100,340.00,"34,000.00"
2019-03-27,2019032701005332,SHIVM,36,13,50,340.00,"17,000.00"
2019-03-27,2019032701005331,SHIVM,36,38,50,340.00,"17,000.00"
2019-03-27,2019032701005330,SHIVM,36,38,40,340.00,"13,600.00"
2019-03-27,2019032701005343,SHIVM,58,37,60,340.00,"20,400.00"
2019-03-27,2019032701005342,SHIVM,58,37,100,340.00,"34,000.00"
2019-03-27,2019032701005341,SHIVM,58,32,100,340.00,"34,000.00"
2019-03-27,2019032701005337,SHIVM,36,16,"1,000",340.00,"340,000.00"
2019-03-27,2019032701005336,SHIVM,36,56,50,340.00,"17,000.00"
2019-03-27,2019032701005000,SHL,41,22,100,208.00,"20,800.00"
2019-03-27,2019032701005275,SIC,50,34,74,"1,305.00","96,570.00"
2019-03-27,2019032701005274,SIC,50,21,600,"1,305.00","783,000.00"
2019-03-27,2019032701005273,SIC,50,1,28,"1,305.00","36,540.00"
2019-03-27,2019032701005263,SIC,50,52,115,"1,304.00","149,960.00"
2019-03-27,2019032701005262,SIC,50,13,20,"1,304.00","26,080.00"
2019-03-27,2019032701005261,SIC,50,10,65,"1,304.00","84,760.00"
2019-03-27,2019032701005260,SIC,50,17,198,"1,302.00","257,796.00"
2019-03-27,2019032701005259,SIC,50,34,100,"1,301.00","130,100.00"
2019-03-27,2019032701005398,SIL,35,44,10,608.00,"6,080.00"
2019-03-27,2019032701005308,SIL,25,44,10,608.00,"6,080.00"
2019-03-27,2019032701005307,SIL,25,48,105,601.00,"63,105.00"
2019-03-27,2019032701005177,SIL,56,16,229,600.00,"137,400.00"
2019-03-27,2019032701005176,SIL,56,33,190,600.00,"114,000.00"
2019-03-27,2019032701005083,SIL,25,33,10,600.00,"6,000.00"
2019-03-27,2019032701005061,SKBBL,6,51,60,859.00,"51,540.00"
2019-03-27,2019032701005057,SLBS,42,56,10,877.00,"8,770.00"
2019-03-27,2019032701005446,SMB,58,14,10,610.00,"6,100.00"
2019-03-27,2019032701005209,SMFDB,50,56,10,619.00,"6,190.00"
2019-03-27,2019032701005077,SRBL,50,33,477,216.00,"103,032.00"
2019-03-27,2019032701005065,SWBBL,37,33,200,820.00,"164,000.00"
2019-03-27,2019032701005040,SWBBL,50,33,100,820.00,"82,000.00"
2019-03-27,2019032701005079,TRH,57,56,10,244.00,"2,440.00"
2019-03-27,2019032701004987,TRH,57,33,10,240.00,"2,400.00"
2019-03-27,2019032701005373,UPPER,6,6,40,240.00,"9,600.00"
2019-03-27,2019032701005372,UPPER,6,6,10,240.00,"2,400.00"
2019-03-27,2019032701005236,UPPER,6,6,40,240.00,"9,600.00"
2019-03-27,2019032701005218,UPPER,29,47,40,240.00,"9,600.00"
2019-03-27,2019032701005217,UPPER,29,47,50,240.00,"12,000.00"
2019-03-27,2019032701005210,UPPER,29,49,124,240.00,"29,760.00"
2019-03-27,2019032701005087,UPPER,33,34,40,239.00,"9,560.00"
2019-03-27,2019032701005071,UPPER,6,49,50,240.00,"12,000.00"
2019-03-27,2019032701004950,UPPER,19,49,500,240.00,"120,000.00"
2019-03-27,2019032701004949,UPPER,33,49,23,240.00,"5,520.00"
2019-03-27,2019032701005216,UPPER,29,47,50,240.00,"12,000.00"
2019-03-27,2019032701005215,UPPER,29,47,50,240.00,"12,000.00"
2019-03-27,2019032701005214,UPPER,29,47,50,240.00,"12,000.00"
2019-03-27,2019032701005213,UPPER,29,38,50,240.00,"12,000.00"
2019-03-27,2019032701005212,UPPER,29,44,40,240.00,"9,600.00"
2019-03-27,2019032701005211,UPPER,29,6,40,240.00,"9,600.00"
2019-03-27,2019032701005340,VLBS,42,49,10,649.00,"6,490.00"
2019-03-27,2019032701004934,ADBL,40,45,92,293.00,"26,956.00"
2019-03-27,2019032701004892,ADBL,45,59,100,294.00,"29,400.00"
2019-03-27,2019032701004795,ADBL,34,59,100,294.00,"29,400.00"
2019-03-27,2019032701004497,ADBL,45,59,60,294.00,"17,640.00"
2019-03-27,2019032701004496,ADBL,45,59,40,294.00,"11,760.00"
2019-03-27,2019032701004944,ALBSL,39,39,10,484.00,"4,840.00"
2019-03-27,2019032701004938,ALBSL,39,39,10,484.00,"4,840.00"
2019-03-27,2019032701004914,ALBSL,39,39,10,484.00,"4,840.00"
2019-03-27,2019032701004898,ALBSL,39,34,10,484.00,"4,840.00"
2019-03-27,2019032701004885,ALBSL,39,39,10,484.00,"4,840.00"
2019-03-27,2019032701004883,ALBSL,47,6,10,485.00,"4,850.00"
2019-03-27,2019032701004551,ALBSL,39,58,10,484.00,"4,840.00"
2019-03-27,2019032701004511,ALBSL,40,40,10,485.00,"4,850.00"
2019-03-27,2019032701004479,ALBSL,40,40,10,485.00,"4,850.00"
2019-03-27,2019032701004467,ALBSL,40,40,10,485.00,"4,850.00"
2019-03-27,2019032701004658,ALBSL,54,49,10,485.00,"4,850.00"
2019-03-27,2019032701004647,ALBSL,54,49,10,485.00,"4,850.00"
2019-03-27,2019032701004642,ALBSL,54,49,10,485.00,"4,850.00"
2019-03-27,2019032701004634,ALBSL,54,49,10,485.00,"4,850.00"
2019-03-27,2019032701004605,ALBSL,54,56,10,485.00,"4,850.00"
2019-03-27,2019032701004559,ALBSL,54,58,10,485.00,"4,850.00"
2019-03-27,2019032701004707,ALBSL,40,40,10,486.00,"4,860.00"
2019-03-27,2019032701004706,ALBSL,40,40,10,486.00,"4,860.00"
2019-03-27,2019032701004705,ALBSL,40,40,10,486.00,"4,860.00"
2019-03-27,2019032701004704,ALBSL,40,40,10,486.00,"4,860.00"
2019-03-27,2019032701004703,ALBSL,40,40,10,486.00,"4,860.00"
2019-03-27,2019032701004679,ALBSL,54,41,10,485.00,"4,850.00"
2019-03-27,2019032701004876,ALBSL,47,58,10,485.00,"4,850.00"
2019-03-27,2019032701004875,ALBSL,54,39,10,485.00,"4,850.00"
2019-03-27,2019032701004864,ALBSL,54,39,10,485.00,"4,850.00"
2019-03-27,2019032701004856,ALBSL,54,39,10,485.00,"4,850.00"
2019-03-27,2019032701004709,ALBSL,40,40,10,486.00,"4,860.00"
2019-03-27,2019032701004708,ALBSL,40,40,10,486.00,"4,860.00"
2019-03-27,2019032701004571,API,25,42,50,136.00,"6,800.00"
2019-03-27,2019032701004570,API,25,35,211,135.00,"28,485.00"
2019-03-27,2019032701004474,API,41,32,18,133.00,"2,394.00"
2019-03-27,2019032701004915,BHBL,39,26,450,145.00,"65,250.00"
2019-03-27,2019032701004931,BOKL,17,16,100,242.00,"24,200.00"
2019-03-27,2019032701004861,BOKL,34,16,"1,000",242.00,"242,000.00"
2019-03-27,2019032701004860,BOKL,34,16,300,242.00,"72,600.00"
2019-03-27,2019032701004853,BOKL,34,25,300,242.00,"72,600.00"
2019-03-27,2019032701004743,BOKL,34,29,400,242.00,"96,800.00"
2019-03-27,2019032701004742,BOKL,53,29,600,242.00,"145,200.00"
2019-03-27,2019032701004510,BOKL,6,6,"1,000",243.00,"243,000.00"
2019-03-27,2019032701004509,BOKL,19,6,25,243.00,"6,075.00"
2019-03-27,2019032701004508,BOKL,56,6,50,243.00,"12,150.00"
2019-03-27,2019032701004507,BOKL,56,6,250,243.00,"60,750.00"
2019-03-27,2019032701004506,BOKL,6,6,44,243.00,"10,692.00"
2019-03-27,2019032701004902,BPCL,40,40,10,357.00,"3,570.00"
2019-03-27,2019032701004796,BPCL,40,40,10,357.00,"3,570.00"
2019-03-27,2019032701004904,CBBL,45,45,100,882.00,"88,200.00"
2019-03-27,2019032701004771,CBBL,29,35,23,888.00,"20,424.00"
2019-03-27,2019032701004891,CBL,43,53,"2,000",155.00,"310,000.00"
2019-03-27,2019032701004478,CBL,58,32,43,154.00,"6,622.00"
2019-03-27,2019032701004863,CCBL,33,40,449,162.00,"72,738.00"
2019-03-27,2019032701004862,CCBL,26,40,51,162.00,"8,262.00"
2019-03-27,2019032701004790,CCBL,26,45,249,162.00,"40,338.00"
2019-03-27,2019032701004789,CCBL,39,45,41,162.00,"6,642.00"
2019-03-27,2019032701004781,CCBL,45,19,290,163.00,"47,270.00"
2019-03-27,2019032701004486,CCBL,39,32,59,162.00,"9,558.00"
2019-03-27,2019032701004453,CCBL,41,32,17,162.00,"2,754.00"
2019-03-27,2019032701004893,CEFL,4,58,"1,000",100.00,"100,000.00"
2019-03-27,2019032701004527,CEFL,4,56,70,99.00,"6,930.00"
2019-03-27,2019032701004500,CHCL,45,32,26,503.00,"13,078.00"
2019-03-27,2019032701004499,CHCL,45,13,111,503.00,"55,833.00"
2019-03-27,2019032701004498,CHCL,59,13,25,503.00,"12,575.00"
2019-03-27,2019032701004897,CHLBS,49,51,10,530.00,"5,300.00"
2019-03-27,2019032701004884,CHLBS,49,51,10,530.00,"5,300.00"
2019-03-27,2019032701004866,CHLBS,49,51,10,530.00,"5,300.00"
2019-03-27,2019032701004859,CHLBS,49,51,10,530.00,"5,300.00"
2019-03-27,2019032701004852,CHLBS,49,51,10,530.00,"5,300.00"
2019-03-27,2019032701004851,CHLBS,49,51,10,530.00,"5,300.00"
2019-03-27,2019032701004565,CHLBS,51,35,50,531.00,"26,550.00"
2019-03-27,2019032701004764,CHLBS,49,51,10,530.00,"5,300.00"
2019-03-27,2019032701004761,CHLBS,49,51,10,530.00,"5,300.00"
2019-03-27,2019032701004744,CHLBS,49,51,10,530.00,"5,300.00"
2019-03-27,2019032701004731,CHLBS,39,51,10,531.00,"5,310.00"
2019-03-27,2019032701004622,CHLBS,51,28,10,531.00,"5,310.00"
2019-03-27,2019032701004588,CHLBS,51,35,60,531.00,"31,860.00"
2019-03-27,2019032701004803,CHLBS,49,51,10,530.00,"5,300.00"
2019-03-27,2019032701004779,CHLBS,49,51,10,530.00,"5,300.00"
2019-03-27,2019032701004773,CHLBS,49,51,10,530.00,"5,300.00"
2019-03-27,2019032701004772,CHLBS,49,51,10,530.00,"5,300.00"
2019-03-27,2019032701004770,CHLBS,49,51,10,530.00,"5,300.00"
2019-03-27,2019032701004768,CHLBS,49,51,10,530.00,"5,300.00"
2019-03-27,2019032701004640,CIT,16,25,11,"2,624.00","28,864.00"
2019-03-27,2019032701004921,CZBIL,45,58,50,208.00,"10,400.00"
2019-03-27,2019032701004917,CZBIL,17,45,43,207.00,"8,901.00"
2019-03-27,2019032701004912,CZBIL,17,6,890,207.00,"184,230.00"
2019-03-27,2019032701004680,CZBIL,41,6,500,208.00,"104,000.00"
2019-03-27,2019032701004472,CZBIL,48,6,10,208.00,"2,080.00"
2019-03-27,2019032701004465,CZBIL,6,6,"2,000",206.00,"412,000.00"
2019-03-27,2019032701004462,CZBIL,48,14,"1,120",208.00,"232,960.00"
2019-03-27,2019032701004459,CZBIL,17,17,10,207.00,"2,070.00"
2019-03-27,2019032701004451,CZBIL,41,6,89,206.00,"18,334.00"
2019-03-27,2019032701004450,CZBIL,28,6,500,206.00,"103,000.00"
2019-03-27,2019032701004449,CZBIL,40,6,200,206.00,"41,200.00"
2019-03-27,2019032701004948,DBBL,41,42,"1,000",126.00,"126,000.00"
2019-03-27,2019032701004469,EBL,19,17,100,555.00,"55,500.00"
2019-03-27,2019032701004468,EBL,19,17,277,555.00,"153,735.00"
2019-03-27,2019032701004929,EDBL,25,39,71,290.00,"20,590.00"
2019-03-27,2019032701004887,FMDBL,28,48,50,366.00,"18,300.00"
2019-03-27,2019032701004900,GBBL,4,50,25,193.00,"4,825.00"
2019-03-27,2019032701004821,GBBL,4,7,610,190.00,"115,900.00"
2019-03-27,2019032701004820,GBBL,4,6,30,190.00,"5,700.00"
2019-03-27,2019032701004819,GBBL,4,41,100,190.00,"19,000.00"
2019-03-27,2019032701004818,GBBL,4,57,675,190.00,"128,250.00"
2019-03-27,2019032701004817,GBBL,4,34,83,190.00,"15,770.00"
2019-03-27,2019032701004816,GBBL,4,17,200,189.00,"37,800.00"
2019-03-27,2019032701004780,GBBL,29,17,100,189.00,"18,900.00"
2019-03-27,2019032701004654,GBBL,45,53,379,189.00,"71,631.00"
2019-03-27,2019032701004653,GBBL,45,50,519,189.00,"98,091.00"
2019-03-27,2019032701004880,GBLBS,34,40,100,442.00,"44,200.00"
2019-03-27,2019032701004879,GBLBS,34,40,50,442.00,"22,100.00"
2019-03-27,2019032701004878,GBLBS,29,40,50,443.00,"22,150.00"
2019-03-27,2019032701004740,GBLBS,43,19,100,444.00,"44,400.00"
2019-03-27,2019032701004739,GBLBS,29,19,20,444.00,"8,880.00"
2019-03-27,2019032701004763,GDBL,45,28,300,187.00,"56,100.00"
2019-03-27,2019032701004595,GDBL,45,32,"1,000",187.00,"187,000.00"
2019-03-27,2019032701004567,GDBL,45,32,"1,000",187.00,"187,000.00"
2019-03-27,2019032701004549,GDBL,45,28,200,187.00,"37,400.00"
2019-03-27,2019032701004903,GLICL,43,25,400,506.00,"202,400.00"
2019-03-27,2019032701004737,GRDBL,43,19,40,104.00,"4,160.00"
2019-03-27,2019032701004793,GUFL,51,32,110,111.00,"12,210.00"
2019-03-27,2019032701004787,GUFL,49,32,19,112.00,"2,128.00"
2019-03-27,2019032701004477,HBL,37,16,40,455.00,"18,200.00"
2019-03-27,2019032701004476,HBL,28,16,60,456.00,"27,360.00"
2019-03-27,2019032701004502,HGI,55,25,50,379.00,"18,950.00"
2019-03-27,2019032701004937,HIDCL,5,16,112,131.00,"14,672.00"
2019-03-27,2019032701004767,HIDCL,5,17,56,131.00,"7,336.00"
2019-03-27,2019032701004766,HIDCL,29,17,194,131.00,"25,414.00"
2019-03-27,2019032701004630,HIDCL,35,16,388,132.00,"51,216.00"
2019-03-27,2019032701004456,HIDCL,35,32,56,132.00,"7,392.00"
2019-03-27,2019032701004877,HPPL,25,22,10,179.00,"1,790.00"
2019-03-27,2019032701004823,HPPL,40,40,10,180.00,"1,800.00"
2019-03-27,2019032701004454,HPPL,45,10,700,180.00,"126,000.00"
2019-03-27,2019032701004911,IGI,39,14,130,403.00,"52,390.00"
2019-03-27,2019032701004910,IGI,37,14,50,403.00,"20,150.00"
2019-03-27,2019032701004943,JBBL,41,6,210,136.00,"28,560.00"
2019-03-27,2019032701004716,JBBL,49,51,1,135.00,135.00
2019-03-27,2019032701004696,JBBL,49,51,1,135.00,135.00
2019-03-27,2019032701004684,JBBL,49,51,1,135.00,135.00
2019-03-27,2019032701004681,JBBL,49,51,1,135.00,135.00
2019-03-27,2019032701004678,JBBL,49,51,1,135.00,135.00
2019-03-27,2019032701004606,JBBL,49,51,1,135.00,135.00
2019-03-27,2019032701004604,JBBL,49,51,1,135.00,135.00
2019-03-27,2019032701004603,JBBL,49,51,1,135.00,135.00
2019-03-27,2019032701004599,JBBL,49,51,1,135.00,135.00
2019-03-27,2019032701004646,JBBL,49,51,1,135.00,135.00
2019-03-27,2019032701004643,JBBL,49,51,1,135.00,135.00
2019-03-27,2019032701004639,JBBL,49,51,1,135.00,135.00
2019-03-27,2019032701004635,JBBL,49,51,1,135.00,135.00
2019-03-27,2019032701004632,JBBL,49,51,1,135.00,135.00
2019-03-27,2019032701004629,JBBL,49,51,1,135.00,135.00
2019-03-27,2019032701004673,JBBL,49,51,1,135.00,135.00
2019-03-27,2019032701004671,JBBL,49,51,1,135.00,135.00
2019-03-27,2019032701004669,JBBL,49,51,1,135.00,135.00
2019-03-27,2019032701004659,JBBL,49,51,1,135.00,135.00
2019-03-27,2019032701004655,JBBL,49,51,1,135.00,135.00
2019-03-27,2019032701004649,JBBL,49,51,1,135.00,135.00
2019-03-27,2019032701004566,JBNL,5,56,99,173.00,"17,127.00"
2019-03-27,2019032701004777,KBL,57,50,200,236.00,"47,200.00"
2019-03-27,2019032701004776,KBL,35,50,200,236.00,"47,200.00"
2019-03-27,2019032701004775,KBL,48,50,50,236.00,"11,800.00"
2019-03-27,2019032701004774,KBL,13,50,48,237.00,"11,376.00"
2019-03-27,2019032701004822,KBLPO,49,58,"8,072",145.00,"1,170,440.00"
2019-03-27,2019032701004624,KKHC,13,45,20,76.00,"1,520.00"
2019-03-27,2019032701004491,KKHC,19,45,60,77.00,"4,620.00"
2019-03-27,2019032701004487,KKHC,19,45,10,77.00,770.00
2019-03-27,2019032701004873,KMCDB,33,22,10,820.00,"8,200.00"
2019-03-27,2019032701004872,KMCDB,33,16,20,805.00,"16,100.00"
2019-03-27,2019032701004871,KMCDB,33,32,20,795.00,"15,900.00"
2019-03-27,2019032701004870,KMCDB,33,32,20,795.00,"15,900.00"
2019-03-27,2019032701004612,KMCDB,34,41,25,781.00,"19,525.00"
2019-03-27,2019032701004611,KMCDB,41,41,50,785.00,"39,250.00"
2019-03-27,2019032701004464,KNBL,55,42,100,120.00,"12,000.00"
2019-03-27,2019032701004457,KPCL,34,16,10,92.00,920.00
2019-03-27,2019032701004610,KPCL,34,56,10,92.00,920.00
2019-03-27,2019032701004548,KPCL,34,16,10,92.00,920.00
2019-03-27,2019032701004475,KPCL,34,16,10,92.00,920.00
2019-03-27,2019032701004713,KPCL,34,39,10,92.00,920.00
2019-03-27,2019032701004621,KSBBL,8,41,210,137.00,"28,770.00"
2019-03-27,2019032701004620,KSBBL,32,41,200,137.00,"27,400.00"
2019-03-27,2019032701004619,KSBBL,13,41,40,137.00,"5,480.00"
2019-03-27,2019032701004514,LBBL,37,40,900,170.00,"153,000.00"
2019-03-27,2019032701004896,LBL,38,16,"1,000",192.00,"192,000.00"
2019-03-27,2019032701004868,LBL,35,16,500,192.00,"96,000.00"
2019-03-27,2019032701004867,LBL,50,16,500,192.00,"96,000.00"
2019-03-27,2019032701004724,LBL,10,16,"1,000",192.00,"192,000.00"
2019-03-27,2019032701004641,LBL,32,16,500,192.00,"96,000.00"
2019-03-27,2019032701004607,LBL,50,16,"1,800",192.00,"345,600.00"
2019-03-27,2019032701004602,LBL,17,16,200,192.00,"38,400.00"
2019-03-27,2019032701004455,LBL,49,49,"84,287",190.00,"16,014,530.00"
2019-03-27,2019032701004919,LGIL,39,38,100,504.00,"50,400.00"
2019-03-27,2019032701004918,LGIL,45,38,13,504.00,"6,552.00"
2019-03-27,2019032701004733,LICN,45,59,10,"1,490.00","14,900.00"
2019-03-27,2019032701004677,LICN,45,59,190,"1,490.00","283,100.00"
2019-03-27,2019032701004672,LICN,35,35,50,"1,491.00","74,550.00"
2019-03-27,2019032701004558,LICN,45,58,37,"1,490.00","55,130.00"
2019-03-27,2019032701004786,MBL,57,39,300,221.00,"66,300.00"
2019-03-27,2019032701004785,MBL,57,40,150,221.00,"33,150.00"
2019-03-27,2019032701004784,MBL,57,25,635,221.00,"140,335.00"
2019-03-27,2019032701004783,MBL,57,38,"1,000",221.00,"221,000.00"
2019-03-27,2019032701004782,MBL,57,40,100,221.00,"22,100.00"
2019-03-27,2019032701004698,MBL,6,38,13,220.00,"2,860.00"
2019-03-27,2019032701004657,MBL,57,38,60,220.00,"13,200.00"
2019-03-27,2019032701004656,MBL,6,38,127,220.00,"27,940.00"
2019-03-27,2019032701004520,MBL,6,32,300,220.00,"66,000.00"
2019-03-27,2019032701004513,MBL,6,32,335,220.00,"73,700.00"
2019-03-27,2019032701004735,MEGA,28,57,"2,000",161.00,"322,000.00"
2019-03-27,2019032701004526,MEGA,45,11,360,160.00,"57,600.00"
2019-03-27,2019032701004515,MEGA,45,32,22,160.00,"3,520.00"
2019-03-27,2019032701004458,MEGA,45,32,66,160.00,"10,560.00"
2019-03-27,2019032701004945,NABIL,8,53,20,710.00,"14,200.00"
2019-03-27,2019032701004792,NABIL,49,14,20,711.00,"14,220.00"
2019-03-27,2019032701004791,NABIL,19,14,90,711.00,"63,990.00"
2019-03-27,2019032701004522,NABIL,37,29,10,712.00,"7,120.00"
2019-03-27,2019032701004626,NBB,35,49,200,193.00,"38,600.00"
2019-03-27,2019032701004452,NBB,48,17,807,193.00,"155,751.00"
2019-03-27,2019032701004711,NBBL,32,34,40,609.00,"24,360.00"
2019-03-27,2019032701004470,NBL,35,46,290,288.00,"83,520.00"
2019-03-27,2019032701004890,NCCB,7,22,579,210.00,"121,590.00"
2019-03-27,2019032701004889,NCCB,35,22,100,210.00,"21,000.00"
2019-03-27,2019032701004888,NCCB,46,22,82,210.00,"17,220.00"
2019-03-27,2019032701004714,NCCB,4,48,10,211.00,"2,110.00"
2019-03-27,2019032701004765,NCDB,4,21,10,122.00,"1,220.00"
2019-03-27,2019032701004601,NCDB,49,57,871,120.00,"104,520.00"
2019-03-27,2019032701004600,NCDB,21,57,100,120.00,"12,000.00"
2019-03-27,2019032701004757,NGPL,1,19,11,123.00,"1,353.00"
2019-03-27,2019032701004490,NGPL,1,45,11,123.00,"1,353.00"
2019-03-27,2019032701004492,NHDL,45,45,10,126.00,"1,260.00"
2019-03-27,2019032701004798,NHPC,56,39,"1,000",71.00,"71,000.00"
2019-03-27,2019032701004788,NHPC,17,39,500,71.00,"35,500.00"
2019-03-27,2019032701004725,NIB,41,17,50,528.00,"26,400.00"
2019-03-27,2019032701004609,NIB,5,26,100,527.00,"52,700.00"
2019-03-27,2019032701004799,NIBSF1,57,20,"2,000",8.67,"17,340.00"
2019-03-27,2019032701004628,NICA,45,32,10,398.00,"3,980.00"
2019-03-27,2019032701004627,NICA,45,22,98,398.00,"39,004.00"
2019-03-27,2019032701004501,NICA,45,34,101,397.00,"40,097.00"
2019-03-27,2019032701004667,NICL,34,47,85,369.00,"31,365.00"
2019-03-27,2019032701004666,NICL,43,47,100,370.00,"37,000.00"
2019-03-27,2019032701004665,NICL,37,47,500,370.00,"185,000.00"
2019-03-27,2019032701004664,NICL,35,47,15,370.00,"5,550.00"
2019-03-27,2019032701004936,NIL,45,16,200,514.00,"102,800.00"
2019-03-27,2019032701004564,NLG,25,44,10,800.00,"8,000.00"
2019-03-27,2019032701004718,NLIC,47,39,17,"1,091.00","18,547.00"
2019-03-27,2019032701004702,NLIC,22,17,61,"1,093.00","66,673.00"
2019-03-27,2019032701004701,NLIC,35,17,30,"1,094.00","32,820.00"
2019-03-27,2019032701004631,NLIC,35,55,10,"1,094.00","10,940.00"
2019-03-27,2019032701004616,NLIC,45,25,100,"1,094.00","109,400.00"
2019-03-27,2019032701004615,NLIC,45,8,466,"1,094.00","509,804.00"
2019-03-27,2019032701004939,NLICL,45,45,60,572.00,"34,320.00"
2019-03-27,2019032701004668,NLICL,33,56,70,571.00,"39,970.00"
2019-03-27,2019032701004808,NMB,32,25,100,326.00,"32,600.00"
2019-03-27,2019032701004807,NMB,32,19,200,326.00,"65,200.00"
2019-03-27,2019032701004806,NMB,32,41,100,326.00,"32,600.00"
2019-03-27,2019032701004805,NMB,32,7,500,326.00,"163,000.00"
2019-03-27,2019032701004804,NMB,32,40,50,326.00,"16,300.00"
2019-03-27,2019032701004648,NMB,45,39,116,325.00,"37,700.00"
2019-03-27,2019032701004524,NMB,45,22,67,325.00,"21,775.00"
2019-03-27,2019032701004942,PCBL,57,34,232,319.00,"74,008.00"
2019-03-27,2019032701004941,PCBL,57,22,200,319.00,"63,800.00"
2019-03-27,2019032701004729,PCBL,26,34,18,319.00,"5,742.00"
2019-03-27,2019032701004614,PCBL,26,35,148,319.00,"47,212.00"
2019-03-27,2019032701004494,PFL,1,45,26,130.00,"3,380.00"
2019-03-27,2019032701004720,PIC,33,39,11,"1,015.00","11,165.00"
2019-03-27,2019032701004617,PIC,6,45,11,"1,016.00","11,176.00"
2019-03-27,2019032701004547,PIC,45,41,11,"1,014.00","11,154.00"
2019-03-27,2019032701004489,PIC,51,32,11,"1,014.00","11,154.00"
2019-03-27,2019032701004933,PLIC,25,51,30,437.00,"13,110.00"
2019-03-27,2019032701004932,PLIC,37,51,933,437.00,"407,721.00"
2019-03-27,2019032701004895,PLIC,33,51,50,438.00,"21,900.00"
2019-03-27,2019032701004674,PLIC,37,56,50,437.00,"21,850.00"
2019-03-27,2019032701004637,PLIC,28,51,50,438.00,"21,900.00"
2019-03-27,2019032701004636,PLIC,39,51,100,438.00,"43,800.00"
2019-03-27,2019032701004916,PMHPL,32,43,10,113.00,"1,130.00"
2019-03-27,2019032701004722,PMHPL,32,39,10,113.00,"1,130.00"
2019-03-27,2019032701004613,PMHPL,32,56,10,113.00,"1,130.00"
2019-03-27,2019032701004554,PMHPL,32,16,10,113.00,"1,130.00"
2019-03-27,2019032701004924,PRIN,25,51,50,410.00,"20,500.00"
2019-03-27,2019032701004463,PRIN,13,51,100,410.00,"41,000.00"
2019-03-27,2019032701004461,PRIN,57,45,24,409.00,"9,816.00"
2019-03-27,2019032701004694,PRVU,57,38,170,233.00,"39,610.00"
2019-03-27,2019032701004693,PRVU,59,38,40,233.00,"9,320.00"
2019-03-27,2019032701004692,PRVU,6,38,100,233.00,"23,300.00"
2019-03-27,2019032701004691,PRVU,25,38,"1,000",233.00,"233,000.00"
2019-03-27,2019032701004690,PRVU,39,38,82,233.00,"19,106.00"
2019-03-27,2019032701004525,PRVU,45,34,200,234.00,"46,800.00"
2019-03-27,2019032701004688,PRVU,39,8,18,233.00,"4,194.00"
2019-03-27,2019032701004687,PRVU,25,8,282,233.00,"65,706.00"
2019-03-27,2019032701004550,PRVU,25,26,500,233.00,"116,500.00"
2019-03-27,2019032701004928,RBCL,45,35,20,"9,208.00","184,160.00"
2019-03-27,2019032701004683,RRHP,22,56,10,97.00,970.00
2019-03-27,2019032701004579,RSDC,42,53,50,364.00,"18,200.00"
2019-03-27,2019032701004578,RSDC,49,53,100,364.00,"36,400.00"
2019-03-27,2019032701004675,SANIMA,48,57,408,299.00,"121,992.00"
2019-03-27,2019032701004663,SANIMA,45,57,400,299.00,"119,600.00"
2019-03-27,2019032701004618,SANIMA,58,57,825,298.00,"245,850.00"
2019-03-27,2019032701004901,SBBLJ,50,50,180,194.00,"34,920.00"
2019-03-27,2019032701004676,SBI,33,45,300,391.00,"117,300.00"
2019-03-27,2019032701004801,SBL,29,38,100,287.00,"28,700.00"
2019-03-27,2019032701004947,SCB,22,34,20,572.00,"11,440.00"
2019-03-27,2019032701004923,SCB,22,25,10,572.00,"5,720.00"
2019-03-27,2019032701004922,SCB,22,32,10,572.00,"5,720.00"
2019-03-27,2019032701004855,SCB,39,32,30,572.00,"17,160.00"
2019-03-27,2019032701004794,SCB,28,42,10,571.00,"5,710.00"
2019-03-27,2019032701004758,SEF,43,32,"1,000",9.21,"9,210.00"
2019-03-27,2019032701004638,SHINE,55,43,150,235.00,"35,250.00"
2019-03-27,2019032701004946,SHIVM,35,20,50,330.00,"16,500.00"
2019-03-27,2019032701004940,SHIVM,35,20,50,330.00,"16,500.00"
2019-03-27,2019032701004935,SHIVM,35,20,50,330.00,"16,500.00"
2019-03-27,2019032701004930,SHIVM,35,20,50,330.00,"16,500.00"
2019-03-27,2019032701004927,SHIVM,58,57,100,331.00,"33,100.00"
2019-03-27,2019032701004926,SHIVM,58,6,230,331.00,"76,130.00"
2019-03-27,2019032701004485,SHIVM,54,8,50,329.00,"16,450.00"
2019-03-27,2019032701004473,SHIVM,39,8,50,329.00,"16,450.00"
2019-03-27,2019032701004471,SHIVM,39,41,50,329.00,"16,450.00"
2019-03-27,2019032701004512,SHIVM,58,56,50,328.00,"16,400.00"
2019-03-27,2019032701004505,SHIVM,41,6,50,329.00,"16,450.00"
2019-03-27,2019032701004504,SHIVM,41,41,50,329.00,"16,450.00"
2019-03-27,2019032701004503,SHIVM,41,41,50,329.00,"16,450.00"
2019-03-27,2019032701004493,SHIVM,58,34,50,328.00,"16,400.00"
2019-03-27,2019032701004488,SHIVM,58,34,50,328.00,"16,400.00"
2019-03-27,2019032701004528,SHIVM,39,47,50,330.00,"16,500.00"
2019-03-27,2019032701004523,SHIVM,39,8,100,329.00,"32,900.00"
2019-03-27,2019032701004521,SHIVM,33,56,50,329.00,"16,450.00"
2019-03-27,2019032701004519,SHIVM,33,8,100,329.00,"32,900.00"
2019-03-27,2019032701004518,SHIVM,33,56,50,329.00,"16,450.00"
2019-03-27,2019032701004516,SHIVM,58,56,50,328.00,"16,400.00"
2019-03-27,2019032701004534,SHIVM,39,47,50,330.00,"16,500.00"
2019-03-27,2019032701004533,SHIVM,39,47,50,330.00,"16,500.00"
2019-03-27,2019032701004532,SHIVM,39,47,50,330.00,"16,500.00"
2019-03-27,2019032701004531,SHIVM,39,47,50,330.00,"16,500.00"
2019-03-27,2019032701004530,SHIVM,39,47,50,330.00,"16,500.00"
2019-03-27,2019032701004529,SHIVM,39,47,50,330.00,"16,500.00"
2019-03-27,2019032701004540,SHIVM,39,47,50,330.00,"16,500.00"
2019-03-27,2019032701004539,SHIVM,39,47,50,330.00,"16,500.00"
2019-03-27,2019032701004538,SHIVM,39,47,50,330.00,"16,500.00"
2019-03-27,2019032701004537,SHIVM,39,7,50,330.00,"16,500.00"
2019-03-27,2019032701004536,SHIVM,39,47,50,330.00,"16,500.00"
2019-03-27,2019032701004535,SHIVM,39,47,50,330.00,"16,500.00"
2019-03-27,2019032701004546,SHIVM,39,47,50,330.00,"16,500.00"
2019-03-27,2019032701004545,SHIVM,39,47,50,330.00,"16,500.00"
2019-03-27,2019032701004544,SHIVM,39,47,50,330.00,"16,500.00"
2019-03-27,2019032701004543,SHIVM,39,47,50,330.00,"16,500.00"
2019-03-27,2019032701004542,SHIVM,39,47,50,330.00,"16,500.00"
2019-03-27,2019032701004541,SHIVM,39,47,50,330.00,"16,500.00"
2019-03-27,2019032701004561,SHIVM,39,38,50,329.00,"16,450.00"
2019-03-27,2019032701004557,SHIVM,58,47,50,330.00,"16,500.00"
2019-03-27,2019032701004556,SHIVM,58,47,50,330.00,"16,500.00"
2019-03-27,2019032701004555,SHIVM,58,6,350,330.00,"115,500.00"
2019-03-27,2019032701004553,SHIVM,32,6,350,330.00,"115,500.00"
2019-03-27,2019032701004552,SHIVM,32,47,50,330.00,"16,500.00"
2019-03-27,2019032701004573,SHIVM,32,47,50,330.00,"16,500.00"
2019-03-27,2019032701004572,SHIVM,32,47,50,330.00,"16,500.00"
2019-03-27,2019032701004569,SHIVM,29,38,100,329.00,"32,900.00"
2019-03-27,2019032701004568,SHIVM,39,38,200,329.00,"65,800.00"
2019-03-27,2019032701004563,SHIVM,58,38,450,328.00,"147,600.00"
2019-03-27,2019032701004562,SHIVM,40,38,500,329.00,"164,500.00"
2019-03-27,2019032701004581,SHIVM,32,47,50,330.00,"16,500.00"
2019-03-27,2019032701004580,SHIVM,29,16,100,329.00,"32,900.00"
2019-03-27,2019032701004577,SHIVM,32,47,50,330.00,"16,500.00"
2019-03-27,2019032701004576,SHIVM,32,47,50,330.00,"16,500.00"
2019-03-27,2019032701004575,SHIVM,32,47,50,330.00,"16,500.00"
2019-03-27,2019032701004574,SHIVM,32,47,50,330.00,"16,500.00"
2019-03-27,2019032701004587,SHIVM,39,47,50,330.00,"16,500.00"
2019-03-27,2019032701004586,SHIVM,39,47,50,330.00,"16,500.00"
2019-03-27,2019032701004585,SHIVM,32,47,50,330.00,"16,500.00"
2019-03-27,2019032701004584,SHIVM,32,47,50,330.00,"16,500.00"
2019-03-27,2019032701004583,SHIVM,32,47,50,330.00,"16,500.00"
2019-03-27,2019032701004582,SHIVM,32,47,50,330.00,"16,500.00"
2019-03-27,2019032701004608,SHIVM,39,14,50,330.00,"16,500.00"
2019-03-27,2019032701004594,SHIVM,39,47,50,330.00,"16,500.00"
2019-03-27,2019032701004592,SHIVM,39,16,200,330.00,"66,000.00"
2019-03-27,2019032701004591,SHIVM,39,47,50,330.00,"16,500.00"
2019-03-27,2019032701004590,SHIVM,39,47,50,330.00,"16,500.00"
2019-03-27,2019032701004589,SHIVM,39,47,50,330.00,"16,500.00"
2019-03-27,2019032701004670,SHIVM,39,47,50,330.00,"16,500.00"
2019-03-27,2019032701004645,SHIVM,39,33,50,330.00,"16,500.00"
2019-03-27,2019032701004644,SHIVM,39,33,50,330.00,"16,500.00"
2019-03-27,2019032701004633,SHIVM,39,6,150,330.00,"49,500.00"
2019-03-27,2019032701004625,SHIVM,39,47,50,330.00,"16,500.00"
2019-03-27,2019032701004623,SHIVM,39,16,200,330.00,"66,000.00"
2019-03-27,2019032701004699,SHIVM,47,42,50,330.00,"16,500.00"
2019-03-27,2019032701004697,SHIVM,47,47,50,330.00,"16,500.00"
2019-03-27,2019032701004695,SHIVM,47,47,50,330.00,"16,500.00"
2019-03-27,2019032701004689,SHIVM,47,47,50,330.00,"16,500.00"
2019-03-27,2019032701004686,SHIVM,47,47,27,330.00,"8,910.00"
2019-03-27,2019032701004685,SHIVM,6,47,23,330.00,"7,590.00"
2019-03-27,2019032701004719,SHIVM,47,47,50,330.00,"16,500.00"
2019-03-27,2019032701004717,SHIVM,47,47,50,330.00,"16,500.00"
2019-03-27,2019032701004715,SHIVM,47,47,50,330.00,"16,500.00"
2019-03-27,2019032701004712,SHIVM,47,47,50,330.00,"16,500.00"
2019-03-27,2019032701004710,SHIVM,47,42,50,330.00,"16,500.00"
2019-03-27,2019032701004700,SHIVM,47,47,50,330.00,"16,500.00"
2019-03-27,2019032701004734,SHIVM,47,47,50,330.00,"16,500.00"
2019-03-27,2019032701004732,SHIVM,47,47,50,330.00,"16,500.00"
2019-03-27,2019032701004730,SHIVM,47,47,50,330.00,"16,500.00"
2019-03-27,2019032701004728,SHIVM,47,47,50,330.00,"16,500.00"
2019-03-27,2019032701004723,SHIVM,47,47,50,330.00,"16,500.00"
2019-03-27,2019032701004721,SHIVM,47,47,50,330.00,"16,500.00"
2019-03-27,2019032701004762,SHIVM,47,47,23,330.00,"7,590.00"
2019-03-27,2019032701004760,SHIVM,47,47,27,330.00,"8,910.00"
2019-03-27,2019032701004759,SHIVM,47,47,23,330.00,"7,590.00"
2019-03-27,2019032701004741,SHIVM,47,47,50,330.00,"16,500.00"
2019-03-27,2019032701004738,SHIVM,47,47,50,330.00,"16,500.00"
2019-03-27,2019032701004736,SHIVM,47,47,50,330.00,"16,500.00"
2019-03-27,2019032701004811,SHIVM,35,47,50,330.00,"16,500.00"
2019-03-27,2019032701004810,SHIVM,35,47,50,330.00,"16,500.00"
2019-03-27,2019032701004809,SHIVM,35,47,17,330.00,"5,610.00"
2019-03-27,2019032701004802,SHIVM,29,47,10,330.00,"3,300.00"
2019-03-27,2019032701004800,SHIVM,58,43,120,329.00,"39,480.00"
2019-03-27,2019032701004769,SHIVM,29,41,100,329.00,"32,900.00"
2019-03-27,2019032701004854,SHIVM,35,20,50,330.00,"16,500.00"
2019-03-27,2019032701004847,SHIVM,35,20,50,330.00,"16,500.00"
2019-03-27,2019032701004815,SHIVM,35,58,300,330.00,"99,000.00"
2019-03-27,2019032701004814,SHIVM,35,47,50,330.00,"16,500.00"
2019-03-27,2019032701004813,SHIVM,35,47,50,330.00,"16,500.00"
2019-03-27,2019032701004812,SHIVM,35,47,50,330.00,"16,500.00"
2019-03-27,2019032701004886,SHIVM,35,20,50,330.00,"16,500.00"
2019-03-27,2019032701004881,SHIVM,35,19,50,330.00,"16,500.00"
2019-03-27,2019032701004874,SHIVM,35,19,50,330.00,"16,500.00"
2019-03-27,2019032701004869,SHIVM,35,20,50,330.00,"16,500.00"
2019-03-27,2019032701004865,SHIVM,35,45,500,330.00,"165,000.00"
2019-03-27,2019032701004858,SHIVM,35,58,50,330.00,"16,500.00"
2019-03-27,2019032701004925,SHIVM,35,20,50,330.00,"16,500.00"
2019-03-27,2019032701004920,SHIVM,35,20,50,330.00,"16,500.00"
2019-03-27,2019032701004913,SHIVM,35,20,50,330.00,"16,500.00"
2019-03-27,2019032701004905,SHIVM,35,41,50,330.00,"16,500.00"
2019-03-27,2019032701004899,SHIVM,35,20,50,330.00,"16,500.00"
2019-03-27,2019032701004894,SHIVM,35,20,50,330.00,"16,500.00"
2019-03-27,2019032701004652,SICL,57,47,52,870.00,"45,240.00"
2019-03-27,2019032701004651,SICL,41,47,100,870.00,"87,000.00"
2019-03-27,2019032701004650,SICL,6,47,48,871.00,"41,808.00"
2019-03-27,2019032701004745,SIL,34,38,164,595.00,"97,580.00"
2019-03-27,2019032701004593,SIL,25,33,10,600.00,"6,000.00"
2019-03-27,2019032701004484,SIL,34,10,30,595.00,"17,850.00"
2019-03-27,2019032701004483,SIL,34,10,200,595.00,"119,000.00"
2019-03-27,2019032701004482,SIL,34,10,50,595.00,"29,750.00"
2019-03-27,2019032701004481,SIL,35,10,200,596.00,"119,200.00"
2019-03-27,2019032701004480,SIL,45,10,20,596.00,"11,920.00"
2019-03-27,2019032701004850,SKBBL,6,55,373,860.00,"320,780.00"
2019-03-27,2019032701004849,SKBBL,6,32,18,860.00,"15,480.00"
2019-03-27,2019032701004848,SKBBL,6,11,18,860.00,"15,480.00"
2019-03-27,2019032701004682,SKBBL,45,55,12,860.00,"10,320.00"
2019-03-27,2019032701004598,SMATA,25,43,6,"1,250.00","7,500.00"
2019-03-27,2019032701004597,SMATA,26,43,12,"1,250.00","15,000.00"
2019-03-27,2019032701004596,SMATA,25,43,18,"1,250.00","22,500.00"
2019-03-27,2019032701004778,SMFDB,50,16,270,608.00,"164,160.00"
2019-03-27,2019032701004756,SPDL,45,39,2,108.00,216.00
2019-03-27,2019032701004755,SPDL,45,45,10,107.00,"1,070.00"
2019-03-27,2019032701004754,SPDL,45,34,29,106.00,"3,074.00"
2019-03-27,2019032701004753,SPDL,45,16,15,105.00,"1,575.00"
2019-03-27,2019032701004752,SPDL,45,6,10,105.00,"1,050.00"
2019-03-27,2019032701004751,SPDL,45,45,297,104.00,"30,888.00"
2019-03-27,2019032701004750,SPDL,45,21,12,104.00,"1,248.00"
2019-03-27,2019032701004749,SPDL,45,56,15,104.00,"1,560.00"
2019-03-27,2019032701004748,SPDL,45,45,15,104.00,"1,560.00"
2019-03-27,2019032701004747,SPDL,45,16,15,104.00,"1,560.00"
2019-03-27,2019032701004746,SPDL,45,21,10,104.00,"1,040.00"
2019-03-27,2019032701004909,SRBL,26,33,523,216.00,"112,968.00"
2019-03-27,2019032701004908,SRBL,26,17,80,216.00,"17,280.00"
2019-03-27,2019032701004907,SRBL,26,17,53,216.00,"11,448.00"
2019-03-27,2019032701004906,SRBL,26,43,244,216.00,"52,704.00"
2019-03-27,2019032701004857,SRBL,17,43,133,216.00,"28,728.00"
2019-03-27,2019032701004662,SRBL,38,56,74,215.00,"15,910.00"
2019-03-27,2019032701004661,SRBL,35,56,50,215.00,"10,750.00"
2019-03-27,2019032701004660,SRBL,38,56,94,215.00,"20,210.00"
2019-03-27,2019032701004466,SRBL,38,45,12,215.00,"2,580.00"
2019-03-27,2019032701004882,UPPER,25,38,50,241.00,"12,050.00"
2019-03-27,2019032701004846,UPPER,33,42,40,240.00,"9,600.00"
2019-03-27,2019032701004845,UPPER,33,39,97,240.00,"23,280.00"
2019-03-27,2019032701004844,UPPER,33,35,50,240.00,"12,000.00"
2019-03-27,2019032701004460,UPPER,26,16,40,239.00,"9,560.00"
2019-03-27,2019032701004560,UPPER,26,16,50,239.00,"11,950.00"
2019-03-27,2019032701004517,UPPER,26,39,50,239.00,"11,950.00"
2019-03-27,2019032701004495,UPPER,26,16,40,239.00,"9,560.00"
2019-03-27,2019032701004825,UPPER,33,37,50,240.00,"12,000.00"
2019-03-27,2019032701004824,UPPER,33,54,50,240.00,"12,000.00"
2019-03-27,2019032701004797,UPPER,33,43,50,239.00,"11,950.00"
2019-03-27,2019032701004727,UPPER,33,39,40,239.00,"9,560.00"
2019-03-27,2019032701004726,UPPER,26,39,10,239.00,"2,390.00"
2019-03-27,2019032701004831,UPPER,33,26,"1,360",240.00,"326,400.00"
2019-03-27,2019032701004830,UPPER,33,52,500,240.00,"120,000.00"
2019-03-27,2019032701004829,UPPER,33,41,50,240.00,"12,000.00"
2019-03-27,2019032701004828,UPPER,33,52,40,240.00,"9,600.00"
2019-03-27,2019032701004827,UPPER,33,21,50,240.00,"12,000.00"
2019-03-27,2019032701004826,UPPER,33,37,50,240.00,"12,000.00"
2019-03-27,2019032701004837,UPPER,33,34,30,240.00,"7,200.00"
2019-03-27,2019032701004836,UPPER,33,17,700,240.00,"168,000.00"
2019-03-27,2019032701004835,UPPER,33,54,40,240.00,"9,600.00"
2019-03-27,2019032701004834,UPPER,33,41,40,240.00,"9,600.00"
2019-03-27,2019032701004833,UPPER,33,19,50,240.00,"12,000.00"
2019-03-27,2019032701004832,UPPER,33,54,50,240.00,"12,000.00"
2019-03-27,2019032701004843,UPPER,33,41,520,240.00,"124,800.00"
2019-03-27,2019032701004842,UPPER,33,42,40,240.00,"9,600.00"
2019-03-27,2019032701004841,UPPER,33,42,40,240.00,"9,600.00"
2019-03-27,2019032701004840,UPPER,33,37,40,240.00,"9,600.00"
2019-03-27,2019032701004839,UPPER,33,54,40,240.00,"9,600.00"
2019-03-27,2019032701004838,UPPER,33,17,50,240.00,"12,000.00"
2019-03-27,2019032701004373,ADBL,56,59,60,294.00,"17,640.00"
2019-03-27,2019032701004372,ADBL,7,59,400,294.00,"117,600.00"
2019-03-27,2019032701004196,ADBL,49,49,10,294.00,"2,940.00"
2019-03-27,2019032701004032,ADBL,7,45,100,294.00,"29,400.00"
2019-03-27,2019032701004324,AKJCL,7,58,20,80.00,"1,600.00"
2019-03-27,2019032701004104,AKJCL,7,42,20,80.00,"1,600.00"
2019-03-27,2019032701004082,AKJCL,7,42,20,80.00,"1,600.00"
2019-03-27,2019032701004074,AKJCL,7,42,10,80.00,800.00
2019-03-27,2019032701004063,AKJCL,7,42,20,80.00,"1,600.00"
2019-03-27,2019032701003992,AKJCL,7,40,20,80.00,"1,600.00"
2019-03-27,2019032701003989,AKJCL,7,40,20,80.00,"1,600.00"
2019-03-27,2019032701003980,AKJCL,7,40,20,80.00,"1,600.00"
2019-03-27,2019032701003961,AKJCL,7,40,20,80.00,"1,600.00"
2019-03-27,2019032701004253,AKPL,34,44,10,170.00,"1,700.00"
2019-03-27,2019032701004234,AKPL,35,35,13,171.00,"2,223.00"
2019-03-27,2019032701004414,ALBSL,39,47,10,484.00,"4,840.00"
2019-03-27,2019032701004359,ALBSL,39,43,10,484.00,"4,840.00"
2019-03-27,2019032701004330,ALBSL,6,43,10,484.00,"4,840.00"
2019-03-27,2019032701004202,ALBSL,49,49,10,486.00,"4,860.00"
2019-03-27,2019032701003977,ALBSL,6,44,10,483.00,"4,830.00"
2019-03-27,2019032701003963,ALBSL,6,49,10,483.00,"4,830.00"
2019-03-27,2019032701003957,ALBSL,16,44,10,483.00,"4,830.00"
2019-03-27,2019032701004014,ALBSL,6,8,10,483.00,"4,830.00"
2019-03-27,2019032701004004,ALBSL,6,8,10,483.00,"4,830.00"
2019-03-27,2019032701004001,ALBSL,6,8,10,483.00,"4,830.00"
2019-03-27,2019032701003994,ALBSL,6,44,10,483.00,"4,830.00"
2019-03-27,2019032701003993,ALBSL,6,8,10,483.00,"4,830.00"
2019-03-27,2019032701003991,ALBSL,6,8,10,483.00,"4,830.00"
2019-03-27,2019032701004161,ALBSL,6,58,10,483.00,"4,830.00"
2019-03-27,2019032701004148,ALBSL,6,39,10,483.00,"4,830.00"
2019-03-27,2019032701004034,ALBSL,6,44,10,483.00,"4,830.00"
2019-03-27,2019032701004024,ALBSL,6,44,10,483.00,"4,830.00"
2019-03-27,2019032701004017,ALBSL,6,8,10,483.00,"4,830.00"
2019-03-27,2019032701004016,ALBSL,6,44,10,483.00,"4,830.00"
2019-03-27,2019032701004194,ALBSL,39,36,10,486.00,"4,860.00"
2019-03-27,2019032701004193,ALBSL,39,51,10,485.00,"4,850.00"
2019-03-27,2019032701004192,ALBSL,39,51,10,485.00,"4,850.00"
2019-03-27,2019032701004191,ALBSL,39,51,10,485.00,"4,850.00"
2019-03-27,2019032701004166,ALBSL,6,42,10,484.00,"4,840.00"
2019-03-27,2019032701004165,ALBSL,6,57,10,484.00,"4,840.00"
2019-03-27,2019032701004443,AMFI,48,36,10,636.00,"6,360.00"
2019-03-27,2019032701004279,AMFI,49,49,10,648.00,"6,480.00"
2019-03-27,2019032701004420,API,53,32,18,134.00,"2,412.00"
2019-03-27,2019032701004403,API,53,28,215,134.00,"28,810.00"
2019-03-27,2019032701004382,API,41,56,70,133.00,"9,310.00"
2019-03-27,2019032701004291,API,49,28,11,134.00,"1,474.00"
2019-03-27,2019032701004288,API,41,49,11,133.00,"1,463.00"
2019-03-27,2019032701003973,BHBL,42,50,50,146.00,"7,300.00"
2019-03-27,2019032701004000,BHBL,42,59,10,147.00,"1,470.00"
2019-03-27,2019032701003976,BHBL,42,32,200,146.00,"29,200.00"
2019-03-27,2019032701003975,BHBL,42,7,400,146.00,"58,400.00"
2019-03-27,2019032701003974,BHBL,42,1,100,146.00,"14,600.00"
2019-03-27,2019032701004406,BOKL,6,42,40,243.00,"9,720.00"
2019-03-27,2019032701004379,BOKL,56,16,50,244.00,"12,200.00"
2019-03-27,2019032701004305,BOKL,17,16,140,244.00,"34,160.00"
2019-03-27,2019032701004304,BOKL,17,16,140,244.00,"34,160.00"
2019-03-27,2019032701004303,BOKL,39,16,400,244.00,"97,600.00"
2019-03-27,2019032701004240,BOKL,57,29,300,244.00,"73,200.00"
2019-03-27,2019032701004239,BOKL,17,29,101,244.00,"24,644.00"
2019-03-27,2019032701004238,BOKL,25,29,70,244.00,"17,080.00"
2019-03-27,2019032701004080,BOKL,34,58,550,245.00,"134,750.00"
2019-03-27,2019032701004079,BOKL,34,55,450,245.00,"110,250.00"
2019-03-27,2019032701004309,BPCL,32,58,11,356.00,"3,916.00"
2019-03-27,2019032701004286,BPCL,53,39,12,357.00,"4,284.00"
2019-03-27,2019032701004274,BPCL,7,39,21,357.00,"7,497.00"
2019-03-27,2019032701004273,BPCL,55,51,100,358.00,"35,800.00"
2019-03-27,2019032701004233,BPCL,7,39,33,357.00,"11,781.00"
2019-03-27,2019032701004190,BPCL,7,39,33,357.00,"11,781.00"
2019-03-27,2019032701004152,BPCL,22,51,10,358.00,"3,580.00"
2019-03-27,2019032701004101,BPCL,7,22,10,357.00,"3,570.00"
2019-03-27,2019032701004400,CBBL,29,1,30,885.00,"26,550.00"
2019-03-27,2019032701004399,CBBL,29,33,100,885.00,"88,500.00"
2019-03-27,2019032701004398,CBBL,29,59,117,884.00,"103,428.00"
2019-03-27,2019032701004397,CBBL,29,53,60,883.00,"52,980.00"
2019-03-27,2019032701004396,CBBL,29,33,50,882.00,"44,100.00"
2019-03-27,2019032701004395,CBBL,29,17,20,881.00,"17,620.00"
2019-03-27,2019032701004211,CBBL,29,17,20,880.00,"17,600.00"
2019-03-27,2019032701004006,CBBL,45,33,50,882.00,"44,100.00"
2019-03-27,2019032701004360,CBBL,16,58,600,880.00,"528,000.00"
2019-03-27,2019032701004252,CBBL,26,17,60,881.00,"52,860.00"
2019-03-27,2019032701004213,CBBL,40,17,50,880.00,"44,000.00"
2019-03-27,2019032701004212,CBBL,50,17,100,880.00,"88,000.00"
2019-03-27,2019032701004149,CBL,58,13,142,154.00,"21,868.00"
2019-03-27,2019032701004139,CBL,34,13,"1,000",154.00,"154,000.00"
2019-03-27,2019032701004138,CBL,26,13,"1,000",154.00,"154,000.00"
2019-03-27,2019032701004137,CBL,33,13,500,154.00,"77,000.00"
2019-03-27,2019032701004136,CBL,37,13,"1,000",154.00,"154,000.00"
2019-03-27,2019032701004135,CBL,7,13,100,154.00,"15,400.00"
2019-03-27,2019032701004117,CBL,13,54,100,156.00,"15,600.00"
2019-03-27,2019032701004116,CBL,13,41,100,156.00,"15,600.00"
2019-03-27,2019032701004115,CBL,13,22,193,156.00,"30,108.00"
2019-03-27,2019032701004111,CBL,5,57,200,155.00,"31,000.00"
2019-03-27,2019032701004134,CBL,1,13,500,154.00,"77,000.00"
2019-03-27,2019032701004133,CBL,59,13,500,154.00,"77,000.00"
2019-03-27,2019032701004132,CBL,51,13,190,154.00,"29,260.00"
2019-03-27,2019032701004131,CBL,37,13,500,155.00,"77,500.00"
2019-03-27,2019032701004130,CBL,5,13,300,155.00,"46,500.00"
2019-03-27,2019032701004129,CBL,13,13,107,156.00,"16,692.00"
2019-03-27,2019032701003962,CHL,20,45,10,101.00,"1,010.00"
2019-03-27,2019032701003955,CHL,58,51,34,102.00,"3,468.00"
2019-03-27,2019032701004223,CHLBS,51,39,10,531.00,"5,310.00"
2019-03-27,2019032701004197,CHLBS,6,49,50,532.00,"26,600.00"
2019-03-27,2019032701004150,CHLBS,6,39,10,532.00,"5,320.00"
2019-03-27,2019032701004140,CHLBS,40,40,10,533.00,"5,330.00"
2019-03-27,2019032701004219,CIT,40,58,30,"2,620.00","78,600.00"
2019-03-27,2019032701004218,CIT,26,58,100,"2,620.00","262,000.00"
2019-03-27,2019032701004217,CIT,25,58,30,"2,620.00","78,600.00"
2019-03-27,2019032701004216,CIT,25,58,23,"2,620.00","60,260.00"
2019-03-27,2019032701004215,CIT,37,58,10,"2,620.00","26,200.00"
2019-03-27,2019032701004020,CIT,44,44,100,"2,621.00","262,100.00"
2019-03-27,2019032701004019,CIT,57,44,15,"2,621.00","39,315.00"
2019-03-27,2019032701004174,CLBSL,5,41,10,561.00,"5,610.00"
2019-03-27,2019032701004448,CZBIL,1,6,196,206.00,"40,376.00"
2019-03-27,2019032701004447,CZBIL,49,6,100,206.00,"20,600.00"
2019-03-27,2019032701004446,CZBIL,56,6,865,206.00,"178,190.00"
2019-03-27,2019032701004445,CZBIL,7,6,50,207.00,"10,350.00"
2019-03-27,2019032701004401,CZBIL,56,14,"1,000",207.00,"207,000.00"
2019-03-27,2019032701004295,CZBIL,56,32,"1,067",207.00,"220,869.00"
2019-03-27,2019032701004112,CZBIL,56,22,464,207.00,"96,048.00"
2019-03-27,2019032701004075,CZBIL,56,29,300,207.00,"62,100.00"
2019-03-27,2019032701004256,DDBL,53,55,100,585.00,"58,500.00"
2019-03-27,2019032701004232,DDBL,11,55,18,583.00,"10,494.00"
2019-03-27,2019032701004307,EBL,22,17,20,555.00,"11,100.00"
2019-03-27,2019032701004294,EBL,17,17,100,555.00,"55,500.00"
2019-03-27,2019032701004292,EBL,22,17,20,555.00,"11,100.00"
2019-03-27,2019032701004163,EBL,22,17,61,555.00,"33,855.00"
2019-03-27,2019032701004066,EBL,22,42,44,555.00,"24,420.00"
2019-03-27,2019032701004065,EBL,22,53,95,555.00,"52,725.00"
2019-03-27,2019032701004037,EBL,14,53,135,555.00,"74,925.00"
2019-03-27,2019032701003951,EBL,14,53,65,555.00,"36,075.00"
2019-03-27,2019032701004231,FMDBL,33,56,85,365.00,"31,025.00"
2019-03-27,2019032701004230,FMDBL,49,56,10,366.00,"3,660.00"
2019-03-27,2019032701004159,GBBL,22,50,100,189.00,"18,900.00"
2019-03-27,2019032701004158,GBBL,22,16,29,188.00,"5,452.00"
2019-03-27,2019032701004157,GBBL,22,16,20,188.00,"3,760.00"
2019-03-27,2019032701004114,GBBL,36,22,149,187.00,"27,863.00"
2019-03-27,2019032701004040,GBIME,22,54,70,262.00,"18,340.00"
2019-03-27,2019032701004039,GBIME,22,41,30,262.00,"7,860.00"
2019-03-27,2019032701004313,GBLBS,29,58,10,444.00,"4,440.00"
2019-03-27,2019032701004298,GBLBS,49,49,10,445.00,"4,450.00"
2019-03-27,2019032701004207,GBLBS,29,22,10,444.00,"4,440.00"
2019-03-27,2019032701004182,GBLBS,29,22,10,444.00,"4,440.00"
2019-03-27,2019032701004247,GLICL,58,37,10,510.00,"5,100.00"
2019-03-27,2019032701004099,GLICL,58,39,"2,372",500.00,"1,186,000.00"
2019-03-27,2019032701004062,GLICL,34,38,50,503.00,"25,150.00"
2019-03-27,2019032701004031,GLICL,16,53,100,500.00,"50,000.00"
2019-03-27,2019032701004285,GRDBL,43,50,50,105.00,"5,250.00"
2019-03-27,2019032701004284,GRDBL,43,55,50,105.00,"5,250.00"
2019-03-27,2019032701004394,HBL,19,33,50,459.00,"22,950.00"
2019-03-27,2019032701004419,HIDCL,35,32,56,132.00,"7,392.00"
2019-03-27,2019032701004357,HIDCL,35,35,24,132.00,"3,168.00"
2019-03-27,2019032701004314,HIDCL,49,49,12,132.00,"1,584.00"
2019-03-27,2019032701004209,HIDCL,49,49,23,132.00,"3,036.00"
2019-03-27,2019032701004186,HIDCL,29,41,32,131.00,"4,192.00"
2019-03-27,2019032701004367,HPPL,17,17,10,180.00,"1,800.00"
2019-03-27,2019032701004363,HPPL,25,10,300,179.00,"53,700.00"
2019-03-27,2019032701004319,HPPL,35,35,10,180.00,"1,800.00"
2019-03-27,2019032701004254,HPPL,25,22,10,179.00,"1,790.00"
2019-03-27,2019032701004246,HPPL,25,22,10,179.00,"1,790.00"
2019-03-27,2019032701004229,HPPL,49,49,10,180.00,"1,800.00"
2019-03-27,2019032701003971,HPPL,45,45,10,180.00,"1,800.00"
2019-03-27,2019032701004100,HPPL,25,42,10,179.00,"1,790.00"
2019-03-27,2019032701004081,HPPL,25,42,10,179.00,"1,790.00"
2019-03-27,2019032701004071,HPPL,25,42,20,179.00,"3,580.00"
2019-03-27,2019032701004068,HPPL,40,40,10,180.00,"1,800.00"
2019-03-27,2019032701004061,HPPL,25,42,10,179.00,"1,790.00"
2019-03-27,2019032701003972,HPPL,25,45,10,179.00,"1,790.00"
2019-03-27,2019032701004312,JBBL,22,6,100,136.00,"13,600.00"
2019-03-27,2019032701004007,JBBL,55,6,150,136.00,"20,400.00"
2019-03-27,2019032701003981,JBBL,44,45,89,135.00,"12,015.00"
2019-03-27,2019032701004308,JBNL,42,29,139,173.00,"24,047.00"
2019-03-27,2019032701004156,JBNL,58,29,11,173.00,"1,903.00"
2019-03-27,2019032701004118,JBNL,28,57,400,172.00,"68,800.00"
2019-03-27,2019032701004091,JBNL,57,58,17,173.00,"2,941.00"
2019-03-27,2019032701004015,JSLBB,32,32,4,"2,197.00","8,788.00"
2019-03-27,2019032701004370,KBL,13,34,52,237.00,"12,324.00"
2019-03-27,2019032701004369,KBL,45,34,"1,000",237.00,"237,000.00"
2019-03-27,2019032701004368,KBL,42,34,948,237.00,"224,676.00"
2019-03-27,2019032701004189,KBL,58,22,100,238.00,"23,800.00"
2019-03-27,2019032701004103,KBL,29,22,750,238.00,"178,500.00"
2019-03-27,2019032701004311,KKHC,35,35,10,78.00,780.00
2019-03-27,2019032701004078,KKHC,40,40,10,78.00,780.00
2019-03-27,2019032701004441,KMFL,49,49,10,821.00,"8,210.00"
2019-03-27,2019032701004407,KMFL,49,49,10,805.00,"8,050.00"
2019-03-27,2019032701004442,KPCL,34,56,10,92.00,920.00
2019-03-27,2019032701003995,KPCL,58,6,10,93.00,930.00
2019-03-27,2019032701004088,KPCL,34,42,10,92.00,920.00
2019-03-27,2019032701004076,KPCL,32,42,10,92.00,920.00
2019-03-27,2019032701004108,KPCL,34,42,10,92.00,920.00
2019-03-27,2019032701004316,KPCL,34,58,10,92.00,920.00
2019-03-27,2019032701003983,KSBBL,16,8,834,138.00,"115,092.00"
2019-03-27,2019032701004413,LBBL,35,40,100,170.00,"17,000.00"
2019-03-27,2019032701004444,LBL,49,49,"100,000",190.00,"19,000,000.00"
2019-03-27,2019032701004422,LBL,49,49,"100,000",190.00,"19,000,000.00"
2019-03-27,2019032701004417,LBL,49,49,"100,000",190.00,"19,000,000.00"
2019-03-27,2019032701004416,LBL,56,16,100,192.00,"19,200.00"
2019-03-27,2019032701004411,LBL,49,49,"100,000",190.00,"19,000,000.00"
2019-03-27,2019032701004405,LBL,49,49,"100,000",190.00,"19,000,000.00"
2019-03-27,2019032701004331,LBL,43,16,88,192.00,"16,896.00"
2019-03-27,2019032701003997,LBL,45,49,500,193.00,"96,500.00"
2019-03-27,2019032701003979,LBL,58,49,300,193.00,"57,900.00"
2019-03-27,2019032701004402,LBL,49,49,"100,000",190.00,"19,000,000.00"
2019-03-27,2019032701004388,LBL,49,49,"100,000",190.00,"19,000,000.00"
2019-03-27,2019032701004335,LBL,35,16,250,192.00,"48,000.00"
2019-03-27,2019032701004334,LBL,34,16,400,192.00,"76,800.00"
2019-03-27,2019032701004333,LBL,28,16,300,192.00,"57,600.00"
2019-03-27,2019032701004332,LBL,16,16,250,192.00,"48,000.00"
2019-03-27,2019032701004391,LGIL,45,17,187,504.00,"94,248.00"
2019-03-27,2019032701004390,LGIL,53,17,38,505.00,"19,190.00"
2019-03-27,2019032701004224,LGIL,53,50,112,505.00,"56,560.00"
2019-03-27,2019032701004287,MBL,6,32,218,220.00,"47,960.00"
2019-03-27,2019032701004277,MBL,6,54,20,220.00,"4,400.00"
2019-03-27,2019032701004276,MBL,13,54,100,220.00,"22,000.00"
2019-03-27,2019032701004275,MBL,14,54,282,220.00,"62,040.00"
2019-03-27,2019032701003968,MBL,14,37,98,220.00,"21,560.00"
2019-03-27,2019032701003967,MBL,49,37,123,220.00,"27,060.00"
2019-03-27,2019032701004410,MEGA,45,32,66,160.00,"10,560.00"
2019-03-27,2019032701003960,MEGA,45,41,133,160.00,"21,280.00"
2019-03-27,2019032701003959,MEGA,46,41,167,160.00,"26,720.00"
2019-03-27,2019032701004404,MERO,44,45,30,564.00,"16,920.00"
2019-03-27,2019032701004378,MERO,44,56,16,564.00,"9,024.00"
2019-03-27,2019032701004418,MLBBL,45,47,35,501.00,"17,535.00"
2019-03-27,2019032701004236,MLBL,16,55,104,167.00,"17,368.00"
2019-03-27,2019032701004228,MLBL,16,55,822,167.00,"137,274.00"
2019-03-27,2019032701004227,MLBL,57,55,100,167.00,"16,700.00"
2019-03-27,2019032701004226,MLBL,39,55,300,167.00,"50,100.00"
2019-03-27,2019032701004225,MLBL,41,55,178,167.00,"29,726.00"
2019-03-27,2019032701004107,MLBL,50,50,"2,000",168.00,"336,000.00"
2019-03-27,2019032701004102,MLBL,50,42,100,168.00,"16,800.00"
2019-03-27,2019032701004181,MNBBL,14,17,100,342.00,"34,200.00"
2019-03-27,2019032701004008,MNBBL,29,48,386,341.00,"131,626.00"
2019-03-27,2019032701004289,NABIL,28,29,100,712.00,"71,200.00"
2019-03-27,2019032701004270,NABIL,5,29,300,712.00,"213,600.00"
2019-03-27,2019032701004151,NABIL,39,29,20,712.00,"14,240.00"
2019-03-27,2019032701004109,NABIL,14,29,50,712.00,"35,600.00"
2019-03-27,2019032701004029,NABIL,5,29,110,712.00,"78,320.00"
2019-03-27,2019032701004028,NABIL,5,50,90,711.00,"63,990.00"
2019-03-27,2019032701003987,NABIL,49,44,95,710.00,"67,450.00"
2019-03-27,2019032701003986,NABIL,38,44,300,710.00,"213,000.00"
2019-03-27,2019032701003985,NABIL,50,44,20,710.00,"14,200.00"
2019-03-27,2019032701003984,NABIL,25,44,185,710.00,"131,350.00"
2019-03-27,2019032701004361,NADEP,29,43,20,678.00,"13,560.00"
2019-03-27,2019032701004353,NADEP,29,21,10,673.00,"6,730.00"
2019-03-27,2019032701004352,NADEP,29,21,10,673.00,"6,730.00"
2019-03-27,2019032701004351,NADEP,29,21,10,673.00,"6,730.00"
2019-03-27,2019032701004350,NADEP,29,36,10,670.00,"6,700.00"
2019-03-27,2019032701004263,NADEP,6,22,10,660.00,"6,600.00"
2019-03-27,2019032701004248,NADEP,6,48,10,660.00,"6,600.00"
2019-03-27,2019032701004126,NADEP,40,40,10,661.00,"6,610.00"
2019-03-27,2019032701004293,NBB,25,45,100,192.00,"19,200.00"
2019-03-27,2019032701004365,NBBL,32,40,10,609.00,"6,090.00"
2019-03-27,2019032701004349,NBBL,32,40,40,609.00,"24,360.00"
2019-03-27,2019032701004348,NBBL,32,28,10,609.00,"6,090.00"
2019-03-27,2019032701004341,NBL,6,46,100,288.00,"28,800.00"
2019-03-27,2019032701004340,NBL,10,46,140,288.00,"40,320.00"
2019-03-27,2019032701004339,NBL,55,46,50,288.00,"14,400.00"
2019-03-27,2019032701004338,NBL,26,46,500,288.00,"144,000.00"
2019-03-27,2019032701004337,NBL,7,46,200,288.00,"57,600.00"
2019-03-27,2019032701004336,NBL,14,46,200,288.00,"57,600.00"
2019-03-27,2019032701004258,NBL,48,48,175,289.00,"50,575.00"
2019-03-27,2019032701004047,NBL,14,22,300,288.00,"86,400.00"
2019-03-27,2019032701004046,NBL,11,22,500,288.00,"144,000.00"
2019-03-27,2019032701004090,NHDL,45,42,10,126.00,"1,260.00"
2019-03-27,2019032701004356,NHPC,56,42,100,71.00,"7,100.00"
2019-03-27,2019032701004355,NHPC,56,29,500,71.00,"35,500.00"
2019-03-27,2019032701004354,NHPC,56,40,"1,000",71.00,"71,000.00"
2019-03-27,2019032701004415,NIB,51,32,23,527.00,"12,121.00"
2019-03-27,2019032701004318,NIB,49,17,33,528.00,"17,424.00"
2019-03-27,2019032701004315,NIB,6,49,26,527.00,"13,702.00"
2019-03-27,2019032701004237,NIB,49,17,23,528.00,"12,144.00"
2019-03-27,2019032701004235,NIB,51,49,23,527.00,"12,121.00"
2019-03-27,2019032701004198,NIB,58,17,100,528.00,"52,800.00"
2019-03-27,2019032701004057,NIB,22,6,3,529.00,"1,587.00"
2019-03-27,2019032701004056,NIB,22,22,23,529.00,"12,167.00"
2019-03-27,2019032701004055,NIB,22,54,174,529.00,"92,046.00"
2019-03-27,2019032701003982,NIB,38,50,37,528.00,"19,536.00"
2019-03-27,2019032701004206,NIBPO,29,8,25,488.00,"12,200.00"
2019-03-27,2019032701004371,NICA,28,44,50,398.00,"19,900.00"
2019-03-27,2019032701004283,NICA,28,44,150,398.00,"59,700.00"
2019-03-27,2019032701004262,NICGF,55,39,200,9.00,"1,800.00"
2019-03-27,2019032701004203,NICGF,55,39,200,9.00,"1,800.00"
2019-03-27,2019032701004184,NICGF,55,39,200,9.00,"1,800.00"
2019-03-27,2019032701004018,NICGF,55,39,200,9.00,"1,800.00"
2019-03-27,2019032701004358,NICL,35,46,15,370.00,"5,550.00"
2019-03-27,2019032701004347,NICL,37,46,500,372.00,"186,000.00"
2019-03-27,2019032701004322,NIL,33,10,330,513.00,"169,290.00"
2019-03-27,2019032701004321,NIL,49,10,50,513.00,"25,650.00"
2019-03-27,2019032701003969,NIL,33,46,500,516.00,"258,000.00"
2019-03-27,2019032701004243,NLIC,49,8,17,"1,094.00","18,598.00"
2019-03-27,2019032701004242,NLIC,22,49,17,"1,093.00","18,581.00"
2019-03-27,2019032701004098,NLIC,40,8,17,"1,094.00","18,598.00"
2019-03-27,2019032701004092,NLIC,22,40,17,"1,093.00","18,581.00"
2019-03-27,2019032701004041,NLIC,22,6,30,"1,093.00","32,790.00"
2019-03-27,2019032701003965,NLIC,47,50,27,"1,091.00","29,457.00"
2019-03-27,2019032701003964,NLIC,34,50,173,"1,091.00","188,743.00"
2019-03-27,2019032701004426,NLICL,19,45,119,571.00,"67,949.00"
2019-03-27,2019032701004425,NLICL,19,45,21,571.00,"11,991.00"
2019-03-27,2019032701004172,NLICL,19,34,279,571.00,"159,309.00"
2019-03-27,2019032701004171,NLICL,26,34,21,572.00,"12,012.00"
2019-03-27,2019032701004317,NMB,41,33,33,324.00,"10,692.00"
2019-03-27,2019032701004245,NMB,41,48,15,324.00,"4,860.00"
2019-03-27,2019032701004087,NMB,41,57,102,324.00,"33,048.00"
2019-03-27,2019032701004086,NMB,11,57,500,324.00,"162,000.00"
2019-03-27,2019032701004085,NMB,32,57,310,324.00,"100,440.00"
2019-03-27,2019032701004084,NMB,58,57,200,324.00,"64,800.00"
2019-03-27,2019032701004083,NMB,1,57,388,324.00,"125,712.00"
2019-03-27,2019032701004053,NMB,7,17,232,325.00,"75,400.00"
2019-03-27,2019032701004042,NMB,38,17,18,325.00,"5,850.00"
2019-03-27,2019032701003999,NMB,38,54,32,325.00,"10,400.00"
2019-03-27,2019032701003998,NMB,39,54,600,325.00,"195,000.00"
2019-03-27,2019032701004222,NMFBS,33,41,12,"1,633.00","19,596.00"
2019-03-27,2019032701004179,NMFBS,55,16,18,"1,608.00","28,944.00"
2019-03-27,2019032701004038,NSEWA,22,56,10,507.00,"5,070.00"
2019-03-27,2019032701004326,NTC,56,45,45,680.00,"30,600.00"
2019-03-27,2019032701004199,OHL,42,16,10,434.00,"4,340.00"
2019-03-27,2019032701004387,PCBL,26,22,34,319.00,"10,846.00"
2019-03-27,2019032701004386,PCBL,49,22,100,319.00,"31,900.00"
2019-03-27,2019032701004385,PCBL,49,22,66,319.00,"21,054.00"
2019-03-27,2019032701004070,PCBL,49,11,34,319.00,"10,846.00"
2019-03-27,2019032701004069,PCBL,29,11,266,319.00,"84,854.00"
2019-03-27,2019032701003949,PCBL,29,21,34,319.00,"10,846.00"
2019-03-27,2019032701004214,PFL,1,39,10,130.00,"1,300.00"
2019-03-27,2019032701004033,PFL,35,39,11,131.00,"1,441.00"
2019-03-27,2019032701004013,PFL,35,39,11,131.00,"1,441.00"
2019-03-27,2019032701004290,PIC,35,35,11,"1,015.00","11,165.00"
2019-03-27,2019032701004249,PIC,49,49,11,"1,019.00","11,209.00"
2019-03-27,2019032701004153,PIC,40,40,1,"1,015.00","1,015.00"
2019-03-27,2019032701003954,PIC,26,21,11,"1,014.00","11,154.00"
2019-03-27,2019032701004036,PLIC,37,53,17,437.00,"7,429.00"
2019-03-27,2019032701004035,PLIC,34,53,438,437.00,"191,406.00"
2019-03-27,2019032701004012,PLIC,35,53,50,438.00,"21,900.00"
2019-03-27,2019032701004011,PLIC,45,53,30,438.00,"13,140.00"
2019-03-27,2019032701004010,PLIC,26,53,500,438.00,"219,000.00"
2019-03-27,2019032701004009,PLIC,49,53,30,439.00,"13,170.00"
2019-03-27,2019032701003958,PLIC,37,21,98,439.00,"43,022.00"
2019-03-27,2019032701004178,PMHPL,13,17,10,113.00,"1,130.00"
2019-03-27,2019032701004177,PMHPL,13,17,10,113.00,"1,130.00"
2019-03-27,2019032701004059,PMHPL,10,42,10,112.00,"1,120.00"
2019-03-27,2019032701004325,PRIN,51,51,200,410.00,"82,000.00"
2019-03-27,2019032701004266,PRVU,25,32,278,233.00,"64,774.00"
2019-03-27,2019032701004265,PRVU,14,32,22,233.00,"5,126.00"
2019-03-27,2019032701004021,PRVU,14,53,95,233.00,"22,135.00"
2019-03-27,2019032701004327,RADHI,49,22,11,166.00,"1,826.00"
2019-03-27,2019032701004323,RADHI,17,49,11,165.00,"1,815.00"
2019-03-27,2019032701004261,RADHI,49,16,11,166.00,"1,826.00"
2019-03-27,2019032701004255,RADHI,17,49,11,165.00,"1,815.00"
2019-03-27,2019032701004210,RADHI,52,22,11,165.00,"1,815.00"
2019-03-27,2019032701003970,RADHI,52,21,11,165.00,"1,815.00"
2019-03-27,2019032701004119,RBCLPO,1,33,10,"8,600.00","86,000.00"
2019-03-27,2019032701003988,RBCLPO,1,56,10,"8,600.00","86,000.00"
2019-03-27,2019032701004421,RMDC,6,32,12,530.00,"6,360.00"
2019-03-27,2019032701004384,RMDC,6,32,12,530.00,"6,360.00"
2019-03-27,2019032701004374,RMDC,6,32,12,530.00,"6,360.00"
2019-03-27,2019032701004364,RMDC,6,32,12,530.00,"6,360.00"
2019-03-27,2019032701004346,RMDC,6,32,12,530.00,"6,360.00"
2019-03-27,2019032701004297,RMDC,19,44,40,534.00,"21,360.00"
2019-03-27,2019032701004296,RMDC,19,41,10,533.00,"5,330.00"
2019-03-27,2019032701004306,RRHP,22,55,50,98.00,"4,900.00"
2019-03-27,2019032701004187,RRHP,22,55,100,97.00,"9,700.00"
2019-03-27,2019032701004110,RRHP,32,42,10,96.00,960.00
2019-03-27,2019032701004106,RRHP,32,5,10,96.00,960.00
2019-03-27,2019032701004105,RRHP,32,22,10,96.00,960.00
2019-03-27,2019032701004376,SANIMA,8,57,175,298.00,"52,150.00"
2019-03-27,2019032701004310,SANIMA,8,32,44,298.00,"13,112.00"
2019-03-27,2019032701004162,SANIMA,57,57,500,299.00,"149,500.00"
2019-03-27,2019032701004051,SANIMA,8,22,81,298.00,"24,138.00"
2019-03-27,2019032701004050,SANIMA,48,22,500,298.00,"149,000.00"
2019-03-27,2019032701004049,SANIMA,3,22,200,298.00,"59,600.00"
2019-03-27,2019032701004048,SANIMA,39,22,19,298.00,"5,662.00"
2019-03-27,2019032701004269,SBI,33,40,171,391.00,"66,861.00"
2019-03-27,2019032701004268,SBI,26,40,29,391.00,"11,339.00"
2019-03-27,2019032701004260,SBI,16,51,300,392.00,"117,600.00"
2019-03-27,2019032701004282,SBL,42,22,500,288.00,"144,000.00"
2019-03-27,2019032701004281,SBL,42,54,50,288.00,"14,400.00"
2019-03-27,2019032701004280,SBL,42,7,450,288.00,"129,600.00"
2019-03-27,2019032701004002,SCB,57,50,20,570.00,"11,400.00"
2019-03-27,2019032701003990,SCB,57,50,20,570.00,"11,400.00"
2019-03-27,2019032701004278,SCB,28,17,50,571.00,"28,550.00"
2019-03-27,2019032701004267,SCB,17,17,100,571.00,"57,100.00"
2019-03-27,2019032701004409,SDESI,17,16,200,548.00,"109,600.00"
2019-03-27,2019032701004408,SDESI,49,16,200,548.00,"109,600.00"
2019-03-27,2019032701004344,SHINE,51,43,40,235.00,"9,400.00"
2019-03-27,2019032701004440,SHIVM,58,57,50,330.00,"16,500.00"
2019-03-27,2019032701004439,SHIVM,58,33,300,330.00,"99,000.00"
2019-03-27,2019032701004438,SHIVM,58,33,300,330.00,"99,000.00"
2019-03-27,2019032701004437,SHIVM,58,33,300,330.00,"99,000.00"
2019-03-27,2019032701004436,SHIVM,58,47,50,330.00,"16,500.00"
2019-03-27,2019032701004435,SHIVM,58,47,50,330.00,"16,500.00"
2019-03-27,2019032701004027,SHIVM,39,21,50,331.00,"16,550.00"
2019-03-27,2019032701004026,SHIVM,39,33,150,331.00,"49,650.00"
2019-03-27,2019032701004025,SHIVM,40,33,150,331.00,"49,650.00"
2019-03-27,2019032701004023,SHIVM,40,21,50,331.00,"16,550.00"
2019-03-27,2019032701003953,SHIVM,40,42,50,331.00,"16,550.00"
2019-03-27,2019032701003952,SHIVM,32,59,250,331.00,"82,750.00"
2019-03-27,2019032701004054,SHIVM,39,49,50,331.00,"16,550.00"
2019-03-27,2019032701004052,SHIVM,39,49,50,331.00,"16,550.00"
2019-03-27,2019032701004045,SHIVM,35,19,50,332.00,"16,600.00"
2019-03-27,2019032701004044,SHIVM,35,38,50,332.00,"16,600.00"
2019-03-27,2019032701004043,SHIVM,35,29,40,332.00,"13,280.00"
2019-03-27,2019032701004030,SHIVM,39,42,50,331.00,"16,550.00"
2019-03-27,2019032701004124,SHIVM,5,48,100,330.00,"33,000.00"
2019-03-27,2019032701004123,SHIVM,48,48,50,331.00,"16,550.00"
2019-03-27,2019032701004095,SHIVM,48,50,50,331.00,"16,550.00"
2019-03-27,2019032701004094,SHIVM,39,50,50,331.00,"16,550.00"
2019-03-27,2019032701004064,SHIVM,39,49,50,331.00,"16,550.00"
2019-03-27,2019032701004060,SHIVM,39,42,50,331.00,"16,550.00"
2019-03-27,2019032701004145,SHIVM,49,55,80,328.00,"26,240.00"
2019-03-27,2019032701004144,SHIVM,37,55,50,328.00,"16,400.00"
2019-03-27,2019032701004143,SHIVM,56,55,100,328.00,"32,800.00"
2019-03-27,2019032701004142,SHIVM,51,55,20,328.00,"6,560.00"
2019-03-27,2019032701004141,SHIVM,22,55,50,329.00,"16,450.00"
2019-03-27,2019032701004125,SHIVM,36,48,"1,000",330.00,"330,000.00"
2019-03-27,2019032701004169,SHIVM,52,48,200,327.00,"65,400.00"
2019-03-27,2019032701004168,SHIVM,39,48,200,328.00,"65,600.00"
2019-03-27,2019032701004167,SHIVM,28,48,100,328.00,"32,800.00"
2019-03-27,2019032701004160,SHIVM,58,4,90,328.00,"29,520.00"
2019-03-27,2019032701004155,SHIVM,49,4,310,328.00,"101,680.00"
2019-03-27,2019032701004154,SHIVM,49,34,100,328.00,"32,800.00"
2019-03-27,2019032701004251,SHIVM,39,48,320,329.00,"105,280.00"
2019-03-27,2019032701004250,SHIVM,39,17,50,328.00,"16,400.00"
2019-03-27,2019032701004220,SHIVM,58,48,"1,000",327.00,"327,000.00"
2019-03-27,2019032701004176,SHIVM,40,48,980,327.00,"320,460.00"
2019-03-27,2019032701004175,SHIVM,37,48,150,327.00,"49,050.00"
2019-03-27,2019032701004170,SHIVM,37,48,850,327.00,"277,950.00"
2019-03-27,2019032701004345,SHIVM,17,17,100,328.00,"32,800.00"
2019-03-27,2019032701004328,SHIVM,34,58,50,327.00,"16,350.00"
2019-03-27,2019032701004302,SHIVM,41,17,50,329.00,"16,450.00"
2019-03-27,2019032701004301,SHIVM,41,51,50,329.00,"16,450.00"
2019-03-27,2019032701004300,SHIVM,41,17,50,329.00,"16,450.00"
2019-03-27,2019032701004257,SHIVM,39,48,50,329.00,"16,450.00"
2019-03-27,2019032701004428,SHIVM,58,47,50,330.00,"16,500.00"
2019-03-27,2019032701004427,SHIVM,58,47,50,330.00,"16,500.00"
2019-03-27,2019032701004424,SHIVM,39,8,100,329.00,"32,900.00"
2019-03-27,2019032701004412,SHIVM,58,45,50,328.00,"16,400.00"
2019-03-27,2019032701004366,SHIVM,58,45,50,328.00,"16,400.00"
2019-03-27,2019032701004362,SHIVM,39,45,50,329.00,"16,450.00"
2019-03-27,2019032701004434,SHIVM,58,47,50,330.00,"16,500.00"
2019-03-27,2019032701004433,SHIVM,58,47,50,330.00,"16,500.00"
2019-03-27,2019032701004432,SHIVM,58,47,50,330.00,"16,500.00"
2019-03-27,2019032701004431,SHIVM,58,47,50,330.00,"16,500.00"
2019-03-27,2019032701004430,SHIVM,58,47,50,330.00,"16,500.00"
2019-03-27,2019032701004429,SHIVM,58,47,50,330.00,"16,500.00"
2019-03-27,2019032701004195,SHPC,11,41,22,225.00,"4,950.00"
2019-03-27,2019032701004183,SHPC,7,46,"2,000",226.00,"452,000.00"
2019-03-27,2019032701004299,SLBSL,18,58,10,702.00,"7,020.00"
2019-03-27,2019032701004259,SLBSL,18,39,10,702.00,"7,020.00"
2019-03-27,2019032701004188,SLBSL,18,22,10,702.00,"7,020.00"
2019-03-27,2019032701004058,SLBSL,18,22,10,702.00,"7,020.00"
2019-03-27,2019032701003978,SLBSL,18,26,10,702.00,"7,020.00"
2019-03-27,2019032701004393,SMFDB,39,16,50,607.00,"30,350.00"
2019-03-27,2019032701004392,SMFDB,44,16,165,607.00,"100,155.00"
2019-03-27,2019032701004221,SRBL,38,56,172,215.00,"36,980.00"
2019-03-27,2019032701003996,SRBL,54,43,623,216.00,"134,568.00"
2019-03-27,2019032701004241,UMHL,17,17,14,115.00,"1,610.00"
2019-03-27,2019032701004003,UMHL,42,39,10,114.00,"1,140.00"
2019-03-27,2019032701004423,UPPER,33,54,36,240.00,"8,640.00"
2019-03-27,2019032701004389,UPPER,26,43,40,239.00,"9,560.00"
2019-03-27,2019032701004383,UPPER,26,43,50,239.00,"11,950.00"
2019-03-27,2019032701004381,UPPER,26,43,13,239.00,"3,107.00"
2019-03-27,2019032701004380,UPPER,19,43,37,239.00,"8,843.00"
2019-03-27,2019032701003966,UPPER,42,17,40,239.00,"9,560.00"
2019-03-27,2019032701003956,UPPER,42,17,50,239.00,"11,950.00"
2019-03-27,2019032701003950,UPPER,42,17,40,239.00,"9,560.00"
2019-03-27,2019032701004073,UPPER,42,40,7,239.00,"1,673.00"
2019-03-27,2019032701004072,UPPER,42,42,60,239.00,"14,340.00"
2019-03-27,2019032701004067,UPPER,42,42,20,239.00,"4,780.00"
2019-03-27,2019032701004022,UPPER,42,42,50,239.00,"11,950.00"
2019-03-27,2019032701004005,UPPER,42,17,40,239.00,"9,560.00"
2019-03-27,2019032701004096,UPPER,17,17,30,239.00,"7,170.00"
2019-03-27,2019032701004093,UPPER,17,42,50,239.00,"11,950.00"
2019-03-27,2019032701004089,UPPER,17,17,50,239.00,"11,950.00"
2019-03-27,2019032701004077,UPPER,17,42,50,239.00,"11,950.00"
2019-03-27,2019032701004122,UPPER,11,41,100,239.00,"23,900.00"
2019-03-27,2019032701004121,UPPER,17,41,140,239.00,"33,460.00"
2019-03-27,2019032701004120,UPPER,33,41,90,239.00,"21,510.00"
2019-03-27,2019032701004113,UPPER,33,42,50,239.00,"11,950.00"
2019-03-27,2019032701004097,UPPER,33,17,20,239.00,"4,780.00"
2019-03-27,2019032701004173,UPPER,19,33,40,238.00,"9,520.00"
2019-03-27,2019032701004164,UPPER,19,33,50,238.00,"11,900.00"
2019-03-27,2019032701004147,UPPER,19,49,110,238.00,"26,180.00"
2019-03-27,2019032701004146,UPPER,17,49,50,239.00,"11,950.00"
2019-03-27,2019032701004128,UPPER,19,49,72,238.00,"17,136.00"
2019-03-27,2019032701004127,UPPER,19,49,51,238.00,"12,138.00"
2019-03-27,2019032701004205,UPPER,33,14,40,239.00,"9,560.00"
2019-03-27,2019032701004204,UPPER,33,17,50,239.00,"11,950.00"
2019-03-27,2019032701004201,UPPER,39,33,13,238.00,"3,094.00"
2019-03-27,2019032701004200,UPPER,19,33,37,238.00,"8,806.00"
2019-03-27,2019032701004185,UPPER,19,22,50,238.00,"11,900.00"
2019-03-27,2019032701004180,UPPER,19,33,50,238.00,"11,900.00"
2019-03-27,2019032701004272,UPPER,49,54,24,240.00,"5,760.00"
2019-03-27,2019032701004271,UPPER,49,54,26,240.00,"6,240.00"
2019-03-27,2019032701004264,UPPER,19,49,50,239.00,"11,950.00"
2019-03-27,2019032701004244,UPPER,33,58,50,239.00,"11,950.00"
2019-03-27,2019032701004208,UPPER,39,33,50,238.00,"11,900.00"
2019-03-27,2019032701004377,UPPER,19,45,40,239.00,"9,560.00"
2019-03-27,2019032701004375,UPPER,19,43,40,239.00,"9,560.00"
2019-03-27,2019032701004343,UPPER,49,54,14,240.00,"3,360.00"
2019-03-27,2019032701004342,UPPER,49,54,26,240.00,"6,240.00"
2019-03-27,2019032701004329,UPPER,19,49,40,239.00,"9,560.00"
2019-03-27,2019032701004320,UPPER,19,26,293,239.00,"70,027.00"
2019-03-27,2019032701003668,ADBL,59,33,10,295.00,"2,950.00"
2019-03-27,2019032701003664,ADBL,40,21,43,293.00,"12,599.00"
2019-03-27,2019032701003663,ADBL,8,21,45,294.00,"13,230.00"
2019-03-27,2019032701003659,ADBL,8,59,255,294.00,"74,970.00"
2019-03-27,2019032701003658,ADBL,14,59,321,294.00,"94,374.00"
2019-03-27,2019032701003657,ADBL,42,59,300,294.00,"88,200.00"
2019-03-27,2019032701003656,ADBL,56,59,60,294.00,"17,640.00"
2019-03-27,2019032701003655,ADBL,57,59,40,294.00,"11,760.00"
2019-03-27,2019032701003654,ADBL,4,59,100,294.00,"29,400.00"
2019-03-27,2019032701003653,ADBL,38,59,50,294.00,"14,700.00"
2019-03-27,2019032701003652,ADBL,53,59,274,294.00,"80,556.00"
2019-03-27,2019032701003610,ADBL,53,32,190,294.00,"55,860.00"
2019-03-27,2019032701003947,AKJCL,7,39,20,80.00,"1,600.00"
2019-03-27,2019032701003940,AKJCL,7,40,10,80.00,800.00
2019-03-27,2019032701003926,AKJCL,7,40,10,80.00,800.00
2019-03-27,2019032701003893,AKJCL,7,39,10,80.00,800.00
2019-03-27,2019032701003891,AKJCL,7,40,20,80.00,"1,600.00"
2019-03-27,2019032701003872,AKJCL,7,40,20,80.00,"1,600.00"
2019-03-27,2019032701003554,AKJCL,38,40,10,81.00,810.00
2019-03-27,2019032701003533,AKJCL,38,40,20,81.00,"1,620.00"
2019-03-27,2019032701003487,AKJCL,38,40,20,81.00,"1,620.00"
2019-03-27,2019032701003467,AKJCL,38,40,20,81.00,"1,620.00"
2019-03-27,2019032701003450,AKJCL,58,40,10,82.00,820.00
2019-03-27,2019032701003627,AKJCL,38,40,20,81.00,"1,620.00"
2019-03-27,2019032701003625,AKJCL,38,52,20,81.00,"1,620.00"
2019-03-27,2019032701003617,AKJCL,38,40,20,81.00,"1,620.00"
2019-03-27,2019032701003601,AKJCL,38,40,20,81.00,"1,620.00"
2019-03-27,2019032701003582,AKJCL,38,40,10,81.00,810.00
2019-03-27,2019032701003565,AKJCL,38,40,20,81.00,"1,620.00"
2019-03-27,2019032701003813,AKJCL,45,40,10,80.00,800.00
2019-03-27,2019032701003798,AKJCL,45,40,20,80.00,"1,600.00"
2019-03-27,2019032701003780,AKJCL,45,40,10,80.00,800.00
2019-03-27,2019032701003763,AKJCL,45,40,10,80.00,800.00
2019-03-27,2019032701003645,AKJCL,38,40,10,81.00,810.00
2019-03-27,2019032701003639,AKJCL,38,40,10,81.00,810.00
2019-03-27,2019032701003849,AKJCL,7,40,20,80.00,"1,600.00"
2019-03-27,2019032701003837,AKJCL,7,40,20,80.00,"1,600.00"
2019-03-27,2019032701003835,AKJCL,7,56,20,80.00,"1,600.00"
2019-03-27,2019032701003830,AKJCL,7,40,10,80.00,800.00
2019-03-27,2019032701003821,AKJCL,7,40,10,80.00,800.00
2019-03-27,2019032701003820,AKJCL,45,40,10,80.00,800.00
2019-03-27,2019032701003696,AKPL,34,36,13,170.00,"2,210.00"
2019-03-27,2019032701003680,AKPL,34,21,12,170.00,"2,040.00"
2019-03-27,2019032701003948,ALBSL,16,44,10,483.00,"4,830.00"
2019-03-27,2019032701003941,ALBSL,16,44,10,483.00,"4,830.00"
2019-03-27,2019032701003927,ALBSL,16,44,10,483.00,"4,830.00"
2019-03-27,2019032701003920,ALBSL,16,44,10,483.00,"4,830.00"
2019-03-27,2019032701003912,ALBSL,16,44,10,483.00,"4,830.00"
2019-03-27,2019032701003895,ALBSL,51,44,10,484.00,"4,840.00"
2019-03-27,2019032701003451,ALBSL,43,36,10,484.00,"4,840.00"
2019-03-27,2019032701003583,ALBSL,33,33,10,483.00,"4,830.00"
2019-03-27,2019032701003580,ALBSL,16,44,10,485.00,"4,850.00"
2019-03-27,2019032701003579,ALBSL,16,44,10,485.00,"4,850.00"
2019-03-27,2019032701003578,ALBSL,16,48,10,485.00,"4,850.00"
2019-03-27,2019032701003572,ALBSL,33,33,10,483.00,"4,830.00"
2019-03-27,2019032701003465,ALBSL,43,34,10,484.00,"4,840.00"
2019-03-27,2019032701003783,ALBSL,33,44,10,483.00,"4,830.00"
2019-03-27,2019032701003771,ALBSL,33,44,10,483.00,"4,830.00"
2019-03-27,2019032701003731,ALBSL,33,41,10,483.00,"4,830.00"
2019-03-27,2019032701003603,ALBSL,33,51,10,483.00,"4,830.00"
2019-03-27,2019032701003889,ALBSL,51,39,10,484.00,"4,840.00"
2019-03-27,2019032701003886,ALBSL,51,44,10,484.00,"4,840.00"
2019-03-27,2019032701003839,ALBSL,16,44,10,483.00,"4,830.00"
2019-03-27,2019032701003828,ALBSL,33,44,10,483.00,"4,830.00"
2019-03-27,2019032701003816,ALBSL,33,44,10,483.00,"4,830.00"
2019-03-27,2019032701003797,ALBSL,33,44,10,483.00,"4,830.00"
2019-03-27,2019032701003897,ALICL,25,51,"2,000",385.00,"770,000.00"
2019-03-27,2019032701003896,ALICL,25,51,950,385.00,"365,750.00"
2019-03-27,2019032701003700,API,41,21,18,133.00,"2,394.00"
2019-03-27,2019032701003499,API,41,51,"1,000",133.00,"133,000.00"
2019-03-27,2019032701003498,API,41,51,500,133.00,"66,500.00"
2019-03-27,2019032701003831,BOKL,22,55,50,245.00,"12,250.00"
2019-03-27,2019032701003540,BOKL,22,45,50,245.00,"12,250.00"
2019-03-27,2019032701003514,BOKL,33,1,73,245.00,"17,885.00"
2019-03-27,2019032701003478,BOKL,33,46,111,245.00,"27,195.00"
2019-03-27,2019032701003468,BOKL,33,36,104,245.00,"25,480.00"
2019-03-27,2019032701003462,BOKL,33,1,200,245.00,"49,000.00"
2019-03-27,2019032701003885,BPCL,7,48,11,357.00,"3,927.00"
2019-03-27,2019032701003710,BPCL,7,21,11,357.00,"3,927.00"
2019-03-27,2019032701003648,BPCL,48,51,100,358.00,"35,800.00"
2019-03-27,2019032701003643,BPCL,48,51,256,358.00,"91,648.00"
2019-03-27,2019032701003642,BPCL,48,28,44,358.00,"15,752.00"
2019-03-27,2019032701003491,BPCL,7,36,11,357.00,"3,927.00"
2019-03-27,2019032701003919,CBL,49,22,307,156.00,"47,892.00"
2019-03-27,2019032701003918,CBL,49,45,693,156.00,"108,108.00"
2019-03-27,2019032701003756,CBL,51,21,30,154.00,"4,620.00"
2019-03-27,2019032701003674,CBL,58,38,268,155.00,"41,540.00"
2019-03-27,2019032701003673,CBL,58,34,11,155.00,"1,705.00"
2019-03-27,2019032701003881,CCBL,49,50,"1,000",163.00,"163,000.00"
2019-03-27,2019032701003770,CCBL,41,21,80,162.00,"12,960.00"
2019-03-27,2019032701003613,CCBL,33,36,"1,800",162.00,"291,600.00"
2019-03-27,2019032701003457,CCBL,41,36,100,162.00,"16,200.00"
2019-03-27,2019032701003456,CCBL,17,36,80,162.00,"12,960.00"
2019-03-27,2019032701003455,CCBL,33,36,"3,000",162.00,"486,000.00"
2019-03-27,2019032701003454,CCBL,59,36,500,162.00,"81,000.00"
2019-03-27,2019032701003453,CCBL,39,36,520,162.00,"84,240.00"
2019-03-27,2019032701003876,CHCL,43,51,720,507.00,"365,040.00"
2019-03-27,2019032701003875,CHCL,43,33,500,506.00,"253,000.00"
2019-03-27,2019032701003874,CHCL,43,43,50,506.00,"25,300.00"
2019-03-27,2019032701003873,CHCL,43,22,40,506.00,"20,240.00"
2019-03-27,2019032701003923,CHL,58,41,20,102.00,"2,040.00"
2019-03-27,2019032701003773,CHL,58,21,10,102.00,"1,020.00"
2019-03-27,2019032701003734,CHLBS,6,36,10,532.00,"5,320.00"
2019-03-27,2019032701003687,CHLBS,51,40,10,531.00,"5,310.00"
2019-03-27,2019032701003644,CHLBS,51,52,10,531.00,"5,310.00"
2019-03-27,2019032701003622,CHLBS,51,43,10,531.00,"5,310.00"
2019-03-27,2019032701003735,CIT,33,58,100,"2,625.00","262,500.00"
2019-03-27,2019032701003785,CLBSL,5,21,10,561.00,"5,610.00"
2019-03-27,2019032701003833,CZBIL,56,16,"1,162",207.00,"240,534.00"
2019-03-27,2019032701003822,CZBIL,56,16,"1,000",207.00,"207,000.00"
2019-03-27,2019032701003817,CZBIL,45,16,40,207.00,"8,280.00"
2019-03-27,2019032701003488,CZBIL,56,45,100,206.00,"20,600.00"
2019-03-27,2019032701003474,CZBIL,56,11,35,206.00,"7,210.00"
2019-03-27,2019032701003473,CZBIL,57,11,30,206.00,"6,180.00"
2019-03-27,2019032701003472,CZBIL,55,11,500,206.00,"103,000.00"
2019-03-27,2019032701003471,CZBIL,25,11,435,206.00,"89,610.00"
2019-03-27,2019032701003790,DBBL,58,21,41,126.00,"5,166.00"
2019-03-27,2019032701003712,DBBL,58,36,49,126.00,"6,174.00"
2019-03-27,2019032701003693,DBBL,58,13,271,126.00,"34,146.00"
2019-03-27,2019032701003692,DBBL,45,13,100,126.00,"12,600.00"
2019-03-27,2019032701003649,DDBL,58,55,82,583.00,"47,806.00"
2019-03-27,2019032701003635,DDBL,58,51,18,583.00,"10,494.00"
2019-03-27,2019032701003636,EBL,28,51,500,555.00,"277,500.00"
2019-03-27,2019032701003793,GBBL,45,21,256,186.00,"47,616.00"
