Date,Transact. No.,Symbol,Buyer,Seller,Quantity,Rate,Amount
2020-11-04,2020110404001561,BBC,10,45,50,"2,575.00","128,750.00"
2020-11-04,2020110404001558,BBC,10,45,50,"2,575.00","128,750.00"
2020-11-04,2020110404001370,BBC,10,5,30,"2,575.00","77,250.00"
2020-11-04,2020110404001243,BBC,16,58,10,"2,575.00","25,750.00"
2020-11-04,2020110404001242,BBC,34,58,10,"2,575.00","25,750.00"
2020-11-04,2020110404001241,BBC,42,58,60,"2,575.00","154,500.00"
2020-11-04,2020110404001662,CMF1,43,21,200,9.98,"1,996.00"
2020-11-04,2020110404001467,CMF1,6,58,"4,890",9.82,"48,019.80"
2020-11-04,2020110404001325,CMF1,43,46,500,9.80,"4,900.00"
2020-11-04,2020110404001322,CMF1,43,26,"7,850",9.79,"76,851.50"
2020-11-04,2020110404001228,CMF1,25,26,"1,000",9.75,"9,750.00"
2020-11-04,2020110404001227,CMF1,26,26,"1,000",9.76,"9,760.00"
2020-11-04,2020110404001226,CMF1,6,26,150,9.77,"1,465.50"
2020-11-04,2020110404001484,GBD80/81,13,21,25,"1,071.00","26,775.00"
2020-11-04,2020110404001262,GBD80/81,13,41,100,"1,071.00","107,100.00"
2020-11-04,2020110404001247,GBIMEP,39,48,"60,000",150.00,"9,000,000.00"
2020-11-04,2020110404001663,GIC,46,32,10,536.00,"5,360.00"
2020-11-04,2020110404001654,GIC,46,21,10,536.00,"5,360.00"
2020-11-04,2020110404001653,GIC,46,38,10,536.00,"5,360.00"
2020-11-04,2020110404001650,GIC,43,10,190,541.00,"102,790.00"
2020-11-04,2020110404001647,GIC,43,42,10,540.00,"5,400.00"
2020-11-04,2020110404001646,GIC,21,58,10,536.00,"5,360.00"
2020-11-04,2020110404001167,GIC,41,36,10,539.00,"5,390.00"
2020-11-04,2020110404001166,GIC,41,32,10,539.00,"5,390.00"
2020-11-04,2020110404001173,GIC,41,40,10,539.00,"5,390.00"
2020-11-04,2020110404001172,GIC,41,21,10,540.00,"5,400.00"
2020-11-04,2020110404001171,GIC,41,36,10,539.00,"5,390.00"
2020-11-04,2020110404001170,GIC,41,36,10,539.00,"5,390.00"
2020-11-04,2020110404001169,GIC,41,41,10,539.00,"5,390.00"
2020-11-04,2020110404001168,GIC,41,41,10,539.00,"5,390.00"
2020-11-04,2020110404001180,GIC,41,44,10,539.00,"5,390.00"
2020-11-04,2020110404001179,GIC,41,46,10,539.00,"5,390.00"
2020-11-04,2020110404001177,GIC,41,45,10,539.00,"5,390.00"
2020-11-04,2020110404001176,GIC,41,58,10,539.00,"5,390.00"
2020-11-04,2020110404001175,GIC,41,45,10,539.00,"5,390.00"
2020-11-04,2020110404001174,GIC,41,36,10,539.00,"5,390.00"
2020-11-04,2020110404001189,GIC,41,38,10,539.00,"5,390.00"
2020-11-04,2020110404001188,GIC,41,26,10,539.00,"5,390.00"
2020-11-04,2020110404001185,GIC,41,46,10,539.00,"5,390.00"
2020-11-04,2020110404001184,GIC,41,45,10,539.00,"5,390.00"
2020-11-04,2020110404001183,GIC,41,45,10,539.00,"5,390.00"
2020-11-04,2020110404001181,GIC,41,50,10,539.00,"5,390.00"
2020-11-04,2020110404001196,GIC,3,42,10,540.00,"5,400.00"
2020-11-04,2020110404001195,GIC,41,37,10,539.00,"5,390.00"
2020-11-04,2020110404001194,GIC,41,17,10,539.00,"5,390.00"
2020-11-04,2020110404001193,GIC,41,37,10,539.00,"5,390.00"
2020-11-04,2020110404001192,GIC,41,11,10,539.00,"5,390.00"
2020-11-04,2020110404001190,GIC,41,37,10,539.00,"5,390.00"
2020-11-04,2020110404001203,GIC,41,17,10,539.00,"5,390.00"
2020-11-04,2020110404001202,GIC,41,10,10,539.00,"5,390.00"
2020-11-04,2020110404001200,GIC,41,38,10,539.00,"5,390.00"
2020-11-04,2020110404001199,GIC,41,38,10,539.00,"5,390.00"
2020-11-04,2020110404001198,GIC,41,58,10,539.00,"5,390.00"
2020-11-04,2020110404001197,GIC,41,17,10,539.00,"5,390.00"
2020-11-04,2020110404001210,GIC,41,6,10,539.00,"5,390.00"
2020-11-04,2020110404001208,GIC,41,17,10,539.00,"5,390.00"
2020-11-04,2020110404001207,GIC,41,7,10,539.00,"5,390.00"
2020-11-04,2020110404001206,GIC,41,17,10,539.00,"5,390.00"
2020-11-04,2020110404001205,GIC,41,37,10,539.00,"5,390.00"
2020-11-04,2020110404001204,GIC,41,21,10,539.00,"5,390.00"
2020-11-04,2020110404001218,GIC,41,10,10,539.00,"5,390.00"
2020-11-04,2020110404001217,GIC,41,39,10,539.00,"5,390.00"
2020-11-04,2020110404001216,GIC,41,59,10,539.00,"5,390.00"
2020-11-04,2020110404001215,GIC,41,19,10,539.00,"5,390.00"
2020-11-04,2020110404001214,GIC,41,17,10,539.00,"5,390.00"
2020-11-04,2020110404001211,GIC,41,17,10,539.00,"5,390.00"
2020-11-04,2020110404001225,GIC,41,17,10,539.00,"5,390.00"
2020-11-04,2020110404001224,GIC,41,39,10,539.00,"5,390.00"
2020-11-04,2020110404001223,GIC,41,39,10,539.00,"5,390.00"
2020-11-04,2020110404001221,GIC,41,8,10,539.00,"5,390.00"
2020-11-04,2020110404001220,GIC,41,42,10,539.00,"5,390.00"
2020-11-04,2020110404001219,GIC,41,41,10,539.00,"5,390.00"
2020-11-04,2020110404001234,GIC,6,3,10,540.00,"5,400.00"
2020-11-04,2020110404001233,GIC,6,6,10,540.00,"5,400.00"
2020-11-04,2020110404001232,GIC,6,7,10,540.00,"5,400.00"
2020-11-04,2020110404001231,GIC,6,51,10,540.00,"5,400.00"
2020-11-04,2020110404001230,GIC,6,57,10,540.00,"5,400.00"
2020-11-04,2020110404001229,GIC,6,58,10,540.00,"5,400.00"
2020-11-04,2020110404001244,GIC,41,1,10,539.00,"5,390.00"
2020-11-04,2020110404001239,GIC,41,26,10,539.00,"5,390.00"
2020-11-04,2020110404001238,GIC,41,18,10,539.00,"5,390.00"
2020-11-04,2020110404001237,GIC,6,50,10,540.00,"5,400.00"
2020-11-04,2020110404001236,GIC,6,44,10,540.00,"5,400.00"
2020-11-04,2020110404001235,GIC,6,6,10,540.00,"5,400.00"
2020-11-04,2020110404001256,GIC,41,1,10,539.00,"5,390.00"
2020-11-04,2020110404001255,GIC,6,11,10,540.00,"5,400.00"
2020-11-04,2020110404001254,GIC,41,1,10,539.00,"5,390.00"
2020-11-04,2020110404001248,GIC,6,46,10,540.00,"5,400.00"
2020-11-04,2020110404001246,GIC,6,58,10,540.00,"5,400.00"
2020-11-04,2020110404001245,GIC,6,6,10,540.00,"5,400.00"
2020-11-04,2020110404001267,GIC,41,49,10,539.00,"5,390.00"
2020-11-04,2020110404001266,GIC,41,17,10,539.00,"5,390.00"
2020-11-04,2020110404001265,GIC,41,17,10,539.00,"5,390.00"
2020-11-04,2020110404001264,GIC,41,1,10,539.00,"5,390.00"
2020-11-04,2020110404001263,GIC,41,17,10,539.00,"5,390.00"
2020-11-04,2020110404001257,GIC,41,1,10,539.00,"5,390.00"
2020-11-04,2020110404001276,GIC,51,52,10,539.00,"5,390.00"
2020-11-04,2020110404001275,GIC,41,48,10,539.00,"5,390.00"
2020-11-04,2020110404001274,GIC,41,58,10,539.00,"5,390.00"
2020-11-04,2020110404001270,GIC,41,1,10,539.00,"5,390.00"
2020-11-04,2020110404001269,GIC,41,36,10,539.00,"5,390.00"
2020-11-04,2020110404001268,GIC,41,1,10,539.00,"5,390.00"
2020-11-04,2020110404001286,GIC,16,41,10,540.00,"5,400.00"
2020-11-04,2020110404001281,GIC,16,58,10,540.00,"5,400.00"
2020-11-04,2020110404001280,GIC,16,58,10,540.00,"5,400.00"
2020-11-04,2020110404001279,GIC,16,45,10,540.00,"5,400.00"
2020-11-04,2020110404001278,GIC,16,4,10,540.00,"5,400.00"
2020-11-04,2020110404001277,GIC,16,36,10,540.00,"5,400.00"
2020-11-04,2020110404001293,GIC,25,20,10,540.00,"5,400.00"
2020-11-04,2020110404001292,GIC,25,49,10,540.00,"5,400.00"
2020-11-04,2020110404001291,GIC,16,57,10,540.00,"5,400.00"
2020-11-04,2020110404001290,GIC,16,22,10,540.00,"5,400.00"
2020-11-04,2020110404001288,GIC,16,8,10,540.00,"5,400.00"
2020-11-04,2020110404001287,GIC,16,58,10,540.00,"5,400.00"
2020-11-04,2020110404001299,GIC,25,42,10,540.00,"5,400.00"
2020-11-04,2020110404001298,GIC,25,8,10,540.00,"5,400.00"
2020-11-04,2020110404001297,GIC,25,20,10,540.00,"5,400.00"
2020-11-04,2020110404001296,GIC,25,8,10,540.00,"5,400.00"
2020-11-04,2020110404001295,GIC,25,20,10,540.00,"5,400.00"
2020-11-04,2020110404001294,GIC,25,20,10,540.00,"5,400.00"
2020-11-04,2020110404001305,GIC,51,22,10,539.00,"5,390.00"
2020-11-04,2020110404001304,GIC,51,20,10,539.00,"5,390.00"
2020-11-04,2020110404001303,GIC,51,20,10,539.00,"5,390.00"
2020-11-04,2020110404001302,GIC,51,20,10,539.00,"5,390.00"
2020-11-04,2020110404001301,GIC,25,25,10,540.00,"5,400.00"
2020-11-04,2020110404001300,GIC,25,20,10,540.00,"5,400.00"
2020-11-04,2020110404001317,GIC,45,49,10,540.00,"5,400.00"
2020-11-04,2020110404001316,GIC,45,57,10,540.00,"5,400.00"
2020-11-04,2020110404001315,GIC,51,49,10,539.00,"5,390.00"
2020-11-04,2020110404001313,GIC,51,32,10,539.00,"5,390.00"
2020-11-04,2020110404001312,GIC,51,1,10,539.00,"5,390.00"
2020-11-04,2020110404001306,GIC,58,35,10,540.00,"5,400.00"
2020-11-04,2020110404001324,GIC,51,39,10,539.00,"5,390.00"
2020-11-04,2020110404001323,GIC,45,37,10,540.00,"5,400.00"
2020-11-04,2020110404001321,GIC,51,19,10,539.00,"5,390.00"
2020-11-04,2020110404001320,GIC,51,57,10,539.00,"5,390.00"
2020-11-04,2020110404001319,GIC,51,38,10,539.00,"5,390.00"
2020-11-04,2020110404001318,GIC,51,39,10,539.00,"5,390.00"
2020-11-04,2020110404001332,GIC,51,7,10,539.00,"5,390.00"
2020-11-04,2020110404001331,GIC,51,25,10,539.00,"5,390.00"
2020-11-04,2020110404001330,GIC,51,32,50,539.00,"26,950.00"
2020-11-04,2020110404001329,GIC,51,7,10,539.00,"5,390.00"
2020-11-04,2020110404001328,GIC,51,25,10,539.00,"5,390.00"
2020-11-04,2020110404001326,GIC,51,56,10,539.00,"5,390.00"
2020-11-04,2020110404001338,GIC,21,51,10,539.00,"5,390.00"
2020-11-04,2020110404001337,GIC,42,43,10,539.00,"5,390.00"
2020-11-04,2020110404001336,GIC,42,4,10,539.00,"5,390.00"
2020-11-04,2020110404001335,GIC,42,44,10,539.00,"5,390.00"
2020-11-04,2020110404001334,GIC,42,51,10,539.00,"5,390.00"
2020-11-04,2020110404001333,GIC,42,50,10,539.00,"5,390.00"
2020-11-04,2020110404001345,GIC,21,8,10,539.00,"5,390.00"
2020-11-04,2020110404001343,GIC,21,3,10,539.00,"5,390.00"
2020-11-04,2020110404001342,GIC,21,49,10,539.00,"5,390.00"
2020-11-04,2020110404001341,GIC,21,51,10,539.00,"5,390.00"
2020-11-04,2020110404001340,GIC,21,3,10,539.00,"5,390.00"
2020-11-04,2020110404001339,GIC,21,49,10,539.00,"5,390.00"
2020-11-04,2020110404001353,GIC,21,57,10,539.00,"5,390.00"
2020-11-04,2020110404001351,GIC,21,53,10,539.00,"5,390.00"
2020-11-04,2020110404001350,GIC,21,58,10,539.00,"5,390.00"
2020-11-04,2020110404001349,GIC,21,58,10,539.00,"5,390.00"
2020-11-04,2020110404001348,GIC,21,20,10,539.00,"5,390.00"
2020-11-04,2020110404001346,GIC,21,58,10,539.00,"5,390.00"
2020-11-04,2020110404001366,GIC,21,57,10,539.00,"5,390.00"
2020-11-04,2020110404001365,GIC,21,39,10,539.00,"5,390.00"
2020-11-04,2020110404001364,GIC,21,57,10,539.00,"5,390.00"
2020-11-04,2020110404001363,GIC,21,21,10,539.00,"5,390.00"
2020-11-04,2020110404001358,GIC,21,39,10,539.00,"5,390.00"
2020-11-04,2020110404001354,GIC,21,54,10,539.00,"5,390.00"
2020-11-04,2020110404001378,GIC,53,54,100,539.00,"53,900.00"
2020-11-04,2020110404001377,GIC,53,54,10,539.00,"5,390.00"
2020-11-04,2020110404001373,GIC,53,54,10,539.00,"5,390.00"
2020-11-04,2020110404001372,GIC,53,34,10,539.00,"5,390.00"
2020-11-04,2020110404001371,GIC,53,41,10,539.00,"5,390.00"
2020-11-04,2020110404001369,GIC,21,39,10,539.00,"5,390.00"
2020-11-04,2020110404001389,GIC,53,46,10,539.00,"5,390.00"
2020-11-04,2020110404001388,GIC,54,21,10,540.00,"5,400.00"
2020-11-04,2020110404001384,GIC,53,39,10,539.00,"5,390.00"
2020-11-04,2020110404001382,GIC,53,16,10,539.00,"5,390.00"
2020-11-04,2020110404001381,GIC,42,49,10,540.00,"5,400.00"
2020-11-04,2020110404001380,GIC,53,3,10,539.00,"5,390.00"
2020-11-04,2020110404001395,GIC,50,57,10,540.00,"5,400.00"
2020-11-04,2020110404001394,GIC,50,37,10,540.00,"5,400.00"
2020-11-04,2020110404001393,GIC,50,34,10,540.00,"5,400.00"
2020-11-04,2020110404001392,GIC,50,35,10,540.00,"5,400.00"
2020-11-04,2020110404001391,GIC,50,22,100,540.00,"54,000.00"
2020-11-04,2020110404001390,GIC,50,34,10,540.00,"5,400.00"
2020-11-04,2020110404001401,GIC,50,52,10,540.00,"5,400.00"
2020-11-04,2020110404001400,GIC,50,46,10,540.00,"5,400.00"
2020-11-04,2020110404001399,GIC,50,34,10,540.00,"5,400.00"
2020-11-04,2020110404001398,GIC,50,45,10,540.00,"5,400.00"
2020-11-04,2020110404001397,GIC,50,58,10,540.00,"5,400.00"
2020-11-04,2020110404001396,GIC,50,28,10,540.00,"5,400.00"
2020-11-04,2020110404001407,GIC,53,10,10,539.00,"5,390.00"
2020-11-04,2020110404001406,GIC,19,43,10,540.00,"5,400.00"
2020-11-04,2020110404001405,GIC,19,43,10,540.00,"5,400.00"
2020-11-04,2020110404001404,GIC,50,8,10,540.00,"5,400.00"
2020-11-04,2020110404001403,GIC,50,3,10,540.00,"5,400.00"
2020-11-04,2020110404001402,GIC,50,58,10,540.00,"5,400.00"
2020-11-04,2020110404001414,GIC,53,7,10,539.00,"5,390.00"
2020-11-04,2020110404001413,GIC,53,52,10,539.00,"5,390.00"
2020-11-04,2020110404001412,GIC,53,39,10,539.00,"5,390.00"
2020-11-04,2020110404001410,GIC,53,5,10,539.00,"5,390.00"
2020-11-04,2020110404001409,GIC,53,3,10,539.00,"5,390.00"
2020-11-04,2020110404001408,GIC,53,3,10,539.00,"5,390.00"
2020-11-04,2020110404001423,GIC,19,20,10,539.00,"5,390.00"
2020-11-04,2020110404001419,GIC,19,58,10,539.00,"5,390.00"
2020-11-04,2020110404001418,GIC,19,36,10,539.00,"5,390.00"
2020-11-04,2020110404001417,GIC,35,50,50,539.00,"26,950.00"
2020-11-04,2020110404001416,GIC,53,50,60,539.00,"32,340.00"
2020-11-04,2020110404001415,GIC,53,20,10,539.00,"5,390.00"
2020-11-04,2020110404001431,GIC,56,34,10,540.00,"5,400.00"
2020-11-04,2020110404001430,GIC,56,43,10,540.00,"5,400.00"
2020-11-04,2020110404001429,GIC,56,43,10,540.00,"5,400.00"
2020-11-04,2020110404001428,GIC,56,14,10,540.00,"5,400.00"
2020-11-04,2020110404001425,GIC,45,43,10,540.00,"5,400.00"
2020-11-04,2020110404001424,GIC,19,43,10,539.00,"5,390.00"
2020-11-04,2020110404001437,GIC,19,34,10,539.00,"5,390.00"
2020-11-04,2020110404001436,GIC,56,13,10,540.00,"5,400.00"
2020-11-04,2020110404001435,GIC,56,44,10,540.00,"5,400.00"
2020-11-04,2020110404001434,GIC,56,14,10,540.00,"5,400.00"
2020-11-04,2020110404001433,GIC,56,35,20,540.00,"10,800.00"
2020-11-04,2020110404001432,GIC,56,26,10,540.00,"5,400.00"
2020-11-04,2020110404001445,GIC,45,43,10,539.00,"5,390.00"
2020-11-04,2020110404001442,GIC,19,21,10,539.00,"5,390.00"
2020-11-04,2020110404001441,GIC,19,38,10,539.00,"5,390.00"
2020-11-04,2020110404001440,GIC,19,34,10,539.00,"5,390.00"
2020-11-04,2020110404001439,GIC,19,48,10,539.00,"5,390.00"
2020-11-04,2020110404001438,GIC,19,36,10,539.00,"5,390.00"
2020-11-04,2020110404001452,GIC,21,17,200,538.00,"107,600.00"
2020-11-04,2020110404001451,GIC,35,17,300,538.00,"161,400.00"
2020-11-04,2020110404001450,GIC,16,17,30,538.00,"16,140.00"
2020-11-04,2020110404001449,GIC,45,17,70,538.00,"37,660.00"
2020-11-04,2020110404001448,GIC,57,17,200,539.00,"107,800.00"
2020-11-04,2020110404001447,GIC,45,17,990,539.00,"533,610.00"
2020-11-04,2020110404001458,GIC,48,17,90,538.00,"48,420.00"
2020-11-04,2020110404001457,GIC,58,17,10,538.00,"5,380.00"
2020-11-04,2020110404001456,GIC,29,17,100,538.00,"53,800.00"
2020-11-04,2020110404001455,GIC,45,17,100,538.00,"53,800.00"
2020-11-04,2020110404001454,GIC,16,17,100,538.00,"53,800.00"
2020-11-04,2020110404001453,GIC,52,17,20,538.00,"10,760.00"
2020-11-04,2020110404001465,GIC,49,38,10,537.00,"5,370.00"
2020-11-04,2020110404001464,GIC,49,22,10,537.00,"5,370.00"
2020-11-04,2020110404001463,GIC,38,38,10,537.00,"5,370.00"
2020-11-04,2020110404001461,GIC,38,36,10,537.00,"5,370.00"
2020-11-04,2020110404001460,GIC,48,17,200,538.00,"107,600.00"
2020-11-04,2020110404001459,GIC,47,17,50,538.00,"26,900.00"
2020-11-04,2020110404001472,GIC,49,58,10,537.00,"5,370.00"
2020-11-04,2020110404001471,GIC,49,21,10,537.00,"5,370.00"
2020-11-04,2020110404001470,GIC,49,48,10,537.00,"5,370.00"
2020-11-04,2020110404001469,GIC,49,36,10,537.00,"5,370.00"
2020-11-04,2020110404001468,GIC,49,38,10,537.00,"5,370.00"
2020-11-04,2020110404001466,GIC,49,21,10,537.00,"5,370.00"
2020-11-04,2020110404001481,GIC,49,26,10,537.00,"5,370.00"
2020-11-04,2020110404001479,GIC,49,21,10,537.00,"5,370.00"
2020-11-04,2020110404001478,GIC,49,58,10,537.00,"5,370.00"
2020-11-04,2020110404001477,GIC,49,38,10,537.00,"5,370.00"
2020-11-04,2020110404001474,GIC,49,34,10,537.00,"5,370.00"
2020-11-04,2020110404001473,GIC,49,58,10,537.00,"5,370.00"
2020-11-04,2020110404001492,GIC,49,58,10,537.00,"5,370.00"
2020-11-04,2020110404001491,GIC,49,58,10,537.00,"5,370.00"
2020-11-04,2020110404001488,GIC,49,42,10,537.00,"5,370.00"
2020-11-04,2020110404001487,GIC,49,21,10,537.00,"5,370.00"
2020-11-04,2020110404001485,GIC,49,58,10,537.00,"5,370.00"
2020-11-04,2020110404001482,GIC,49,58,10,537.00,"5,370.00"
2020-11-04,2020110404001500,GIC,55,45,10,537.00,"5,370.00"
2020-11-04,2020110404001497,GIC,41,58,10,537.00,"5,370.00"
2020-11-04,2020110404001496,GIC,41,29,10,537.00,"5,370.00"
2020-11-04,2020110404001495,GIC,41,58,10,537.00,"5,370.00"
2020-11-04,2020110404001494,GIC,41,37,10,537.00,"5,370.00"
2020-11-04,2020110404001493,GIC,41,21,10,537.00,"5,370.00"
2020-11-04,2020110404001510,GIC,3,58,10,537.00,"5,370.00"
2020-11-04,2020110404001505,GIC,13,21,10,536.00,"5,360.00"
2020-11-04,2020110404001504,GIC,55,58,10,537.00,"5,370.00"
2020-11-04,2020110404001503,GIC,55,29,10,537.00,"5,370.00"
2020-11-04,2020110404001502,GIC,55,58,10,537.00,"5,370.00"
2020-11-04,2020110404001501,GIC,55,21,10,537.00,"5,370.00"
2020-11-04,2020110404001518,GIC,3,21,10,537.00,"5,370.00"
2020-11-04,2020110404001517,GIC,3,20,10,537.00,"5,370.00"
2020-11-04,2020110404001516,GIC,3,21,10,537.00,"5,370.00"
2020-11-04,2020110404001513,GIC,3,21,10,537.00,"5,370.00"
2020-11-04,2020110404001512,GIC,3,29,10,537.00,"5,370.00"
2020-11-04,2020110404001511,GIC,3,45,10,537.00,"5,370.00"
2020-11-04,2020110404001530,GIC,58,58,10,537.00,"5,370.00"
2020-11-04,2020110404001529,GIC,13,21,10,536.00,"5,360.00"
2020-11-04,2020110404001522,GIC,13,47,10,536.00,"5,360.00"
2020-11-04,2020110404001521,GIC,13,42,10,536.00,"5,360.00"
2020-11-04,2020110404001520,GIC,13,21,10,536.00,"5,360.00"
2020-11-04,2020110404001519,GIC,13,21,10,536.00,"5,360.00"
2020-11-04,2020110404001536,GIC,13,21,10,536.00,"5,360.00"
2020-11-04,2020110404001535,GIC,13,56,10,536.00,"5,360.00"
2020-11-04,2020110404001534,GIC,13,21,10,536.00,"5,360.00"
2020-11-04,2020110404001533,GIC,13,21,10,536.00,"5,360.00"
2020-11-04,2020110404001532,GIC,13,58,10,536.00,"5,360.00"
2020-11-04,2020110404001531,GIC,58,17,10,538.00,"5,380.00"
2020-11-04,2020110404001544,GIC,13,51,10,536.00,"5,360.00"
2020-11-04,2020110404001543,GIC,42,17,50,538.00,"26,900.00"
2020-11-04,2020110404001542,GIC,13,36,10,536.00,"5,360.00"
2020-11-04,2020110404001541,GIC,13,3,10,536.00,"5,360.00"
2020-11-04,2020110404001538,GIC,13,21,10,536.00,"5,360.00"
2020-11-04,2020110404001537,GIC,13,56,10,536.00,"5,360.00"
2020-11-04,2020110404001550,GIC,13,3,10,536.00,"5,360.00"
2020-11-04,2020110404001549,GIC,13,46,10,536.00,"5,360.00"
2020-11-04,2020110404001548,GIC,13,16,10,536.00,"5,360.00"
2020-11-04,2020110404001547,GIC,13,21,10,536.00,"5,360.00"
2020-11-04,2020110404001546,GIC,13,21,10,536.00,"5,360.00"
2020-11-04,2020110404001545,GIC,13,36,10,536.00,"5,360.00"
2020-11-04,2020110404001557,GIC,13,41,10,536.00,"5,360.00"
2020-11-04,2020110404001556,GIC,13,3,10,536.00,"5,360.00"
2020-11-04,2020110404001555,GIC,13,56,10,536.00,"5,360.00"
2020-11-04,2020110404001554,GIC,13,38,10,536.00,"5,360.00"
2020-11-04,2020110404001553,GIC,13,18,10,536.00,"5,360.00"
2020-11-04,2020110404001551,GIC,13,36,10,536.00,"5,360.00"
2020-11-04,2020110404001567,GIC,13,21,10,536.00,"5,360.00"
2020-11-04,2020110404001566,GIC,13,21,10,536.00,"5,360.00"
2020-11-04,2020110404001563,GIC,13,6,10,536.00,"5,360.00"
2020-11-04,2020110404001562,GIC,13,21,10,536.00,"5,360.00"
2020-11-04,2020110404001560,GIC,25,17,10,538.00,"5,380.00"
2020-11-04,2020110404001559,GIC,13,40,10,536.00,"5,360.00"
2020-11-04,2020110404001574,GIC,13,17,10,536.00,"5,360.00"
2020-11-04,2020110404001573,GIC,13,18,10,536.00,"5,360.00"
2020-11-04,2020110404001572,GIC,13,21,10,536.00,"5,360.00"
2020-11-04,2020110404001570,GIC,13,3,10,536.00,"5,360.00"
2020-11-04,2020110404001569,GIC,13,26,10,536.00,"5,360.00"
2020-11-04,2020110404001568,GIC,13,58,10,536.00,"5,360.00"
2020-11-04,2020110404001581,GIC,13,1,10,536.00,"5,360.00"
2020-11-04,2020110404001580,GIC,13,26,10,536.00,"5,360.00"
2020-11-04,2020110404001578,GIC,13,48,10,536.00,"5,360.00"
2020-11-04,2020110404001577,GIC,13,47,10,536.00,"5,360.00"
2020-11-04,2020110404001576,GIC,13,48,10,536.00,"5,360.00"
2020-11-04,2020110404001575,GIC,13,21,10,536.00,"5,360.00"
2020-11-04,2020110404001589,GIC,45,58,10,536.00,"5,360.00"
2020-11-04,2020110404001587,GIC,13,38,10,536.00,"5,360.00"
2020-11-04,2020110404001585,GIC,13,58,10,536.00,"5,360.00"
2020-11-04,2020110404001584,GIC,13,4,10,536.00,"5,360.00"
2020-11-04,2020110404001583,GIC,13,21,10,536.00,"5,360.00"
2020-11-04,2020110404001582,GIC,13,45,10,536.00,"5,360.00"
2020-11-04,2020110404001603,GIC,45,55,10,536.00,"5,360.00"
2020-11-04,2020110404001602,GIC,45,58,10,536.00,"5,360.00"
2020-11-04,2020110404001601,GIC,45,47,10,536.00,"5,360.00"
2020-11-04,2020110404001597,GIC,45,36,10,536.00,"5,360.00"
2020-11-04,2020110404001592,GIC,42,14,10,537.00,"5,370.00"
2020-11-04,2020110404001590,GIC,45,45,10,536.00,"5,360.00"
2020-11-04,2020110404001609,GIC,43,55,10,539.00,"5,390.00"
2020-11-04,2020110404001608,GIC,43,54,10,539.00,"5,390.00"
2020-11-04,2020110404001607,GIC,43,3,10,539.00,"5,390.00"
2020-11-04,2020110404001606,GIC,43,39,10,539.00,"5,390.00"
2020-11-04,2020110404001605,GIC,43,17,45,538.00,"24,210.00"
2020-11-04,2020110404001604,GIC,43,25,10,537.00,"5,370.00"
2020-11-04,2020110404001615,GIC,43,52,10,540.00,"5,400.00"
2020-11-04,2020110404001614,GIC,43,38,75,540.00,"40,500.00"
2020-11-04,2020110404001613,GIC,43,58,10,540.00,"5,400.00"
2020-11-04,2020110404001612,GIC,43,58,10,540.00,"5,400.00"
2020-11-04,2020110404001611,GIC,43,3,10,540.00,"5,400.00"
2020-11-04,2020110404001610,GIC,43,44,10,540.00,"5,400.00"
2020-11-04,2020110404001621,GIC,43,36,10,540.00,"5,400.00"
2020-11-04,2020110404001620,GIC,43,58,10,540.00,"5,400.00"
2020-11-04,2020110404001619,GIC,43,58,10,540.00,"5,400.00"
2020-11-04,2020110404001618,GIC,43,51,10,540.00,"5,400.00"
2020-11-04,2020110404001617,GIC,43,58,10,540.00,"5,400.00"
2020-11-04,2020110404001616,GIC,43,58,10,540.00,"5,400.00"
2020-11-04,2020110404001644,GIC,45,21,10,536.00,"5,360.00"
2020-11-04,2020110404001628,GIC,45,21,10,536.00,"5,360.00"
2020-11-04,2020110404001626,GIC,45,34,10,536.00,"5,360.00"
2020-11-04,2020110404001625,GIC,45,55,10,536.00,"5,360.00"
2020-11-04,2020110404001623,GIC,43,10,210,541.00,"113,610.00"
2020-11-04,2020110404001622,GIC,43,48,10,540.00,"5,400.00"
2020-11-04,2020110404001182,GIMES1,38,4,"7,500",10.04,"75,300.00"
2020-11-04,2020110404001642,LEMF,22,6,"2,000",9.48,"18,960.00"
2020-11-04,2020110404001641,LEMF,51,6,"5,000",9.48,"47,400.00"
2020-11-04,2020110404001427,LEMF,33,6,150,9.55,"1,432.50"
2020-11-04,2020110404001571,LUK,51,1,100,9.25,925.00
2020-11-04,2020110404001552,LUK,51,3,100,9.25,925.00
2020-11-04,2020110404001426,LUK,22,58,100,9.15,915.00
2020-11-04,2020110404001289,LUK,22,21,100,9.15,915.00
2020-11-04,2020110404001651,NBF2,33,14,"1,000",9.45,"9,450.00"
2020-11-04,2020110404001421,NBF2,33,52,"1,000",9.44,"9,440.00"
2020-11-04,2020110404001420,NBF2,33,42,100,9.44,944.00
2020-11-04,2020110404001385,NBF2,17,45,100,9.33,933.00
2020-11-04,2020110404001191,NBF2,33,42,100,9.26,926.00
2020-11-04,2020110404001367,NEF,58,37,"1,000",9.45,"9,450.00"
2020-11-04,2020110404001258,NEF,25,53,"1,127",9.50,"10,706.50"
2020-11-04,2020110404001253,NEF,25,52,"3,446",9.50,"32,737.00"
2020-11-04,2020110404001252,NEF,25,58,314,9.50,"2,983.00"
2020-11-04,2020110404001658,NIBLPF,58,58,100,9.80,980.00
2020-11-04,2020110404001588,NIBLPF,59,58,215,9.80,"2,107.00"
2020-11-04,2020110404001327,NIBLPF,58,35,"2,425",9.80,"23,765.00"
2020-11-04,2020110404001178,NIBLPF,58,35,100,9.80,980.00
2020-11-04,2020110404001640,NIBPO,39,32,123,368.00,"45,264.00"
2020-11-04,2020110404001639,NIBPO,8,32,505,368.00,"185,840.00"
2020-11-04,2020110404001638,NIBPO,53,32,"1,000",368.00,"368,000.00"
2020-11-04,2020110404001637,NIBPO,52,32,210,368.00,"77,280.00"
2020-11-04,2020110404001636,NIBPO,8,32,500,368.00,"184,000.00"
2020-11-04,2020110404001635,NIBPO,22,32,100,368.00,"36,800.00"
2020-11-04,2020110404001186,NIBPO,8,32,100,374.00,"37,400.00"
2020-11-04,2020110404001284,NIBPO,14,17,500,373.00,"186,500.00"
2020-11-04,2020110404001283,NIBPO,49,17,300,374.00,"112,200.00"
2020-11-04,2020110404001282,NIBPO,8,17,100,374.00,"37,400.00"
2020-11-04,2020110404001222,NIBPO,46,32,700,375.00,"262,500.00"
2020-11-04,2020110404001209,NIBPO,35,32,300,375.00,"112,500.00"
2020-11-04,2020110404001187,NIBPO,8,32,900,374.00,"336,600.00"
2020-11-04,2020110404001526,NIBPO,47,32,40,373.00,"14,920.00"
2020-11-04,2020110404001525,NIBPO,39,32,42,373.00,"15,666.00"
2020-11-04,2020110404001524,NIBPO,14,32,80,373.00,"29,840.00"
2020-11-04,2020110404001523,NIBPO,20,32,400,373.00,"149,200.00"
2020-11-04,2020110404001368,NIBPO,39,39,9,373.00,"3,357.00"
2020-11-04,2020110404001285,NIBPO,20,17,100,373.00,"37,300.00"
2020-11-04,2020110404001595,NIBPO,39,37,50,371.00,"18,550.00"
2020-11-04,2020110404001594,NIBPO,59,37,127,372.00,"47,244.00"
2020-11-04,2020110404001593,NIBPO,6,37,485,372.00,"180,420.00"
2020-11-04,2020110404001540,NIBPO,6,32,515,372.00,"191,580.00"
2020-11-04,2020110404001539,NIBPO,8,32,50,372.00,"18,600.00"
2020-11-04,2020110404001527,NIBPO,11,32,438,373.00,"163,374.00"
2020-11-04,2020110404001634,NIBPO,43,32,300,368.00,"110,400.00"
2020-11-04,2020110404001633,NIBPO,39,32,100,368.00,"36,800.00"
2020-11-04,2020110404001632,NIBPO,8,32,500,370.00,"185,000.00"
2020-11-04,2020110404001631,NIBPO,19,32,500,370.00,"185,000.00"
2020-11-04,2020110404001630,NIBPO,16,32,162,371.00,"60,102.00"
2020-11-04,2020110404001596,NIBPO,16,37,838,371.00,"310,898.00"
2020-11-04,2020110404001661,NIBSF1,25,7,"2,500",10.17,"25,425.00"
2020-11-04,2020110404001565,NIBSF1,14,7,650,10.17,"6,610.50"
2020-11-04,2020110404001201,NICAD8283,6,6,50,"1,133.00","56,650.00"
2020-11-04,2020110404001352,NICBF,17,21,200,9.62,"1,924.00"
2020-11-04,2020110404001344,NICBF,34,58,"10,000",9.79,"97,900.00"
2020-11-04,2020110404001480,NICD83/84,19,21,25,"1,070.00","26,750.00"
2020-11-04,2020110404001656,NICGF,6,11,"4,450",10.10,"44,945.00"
2020-11-04,2020110404001655,NICGF,33,11,550,10.10,"5,555.00"
2020-11-04,2020110404001528,NICGF,33,38,100,10.10,"1,010.00"
2020-11-04,2020110404001446,NICGF,33,52,"2,500",10.10,"25,250.00"
2020-11-04,2020110404001376,NICGF,33,53,"1,350",10.10,"13,635.00"
2020-11-04,2020110404001375,NICGF,33,34,100,10.10,"1,010.00"
2020-11-04,2020110404001374,NICGF,33,58,400,10.10,"4,040.00"
2020-11-04,2020110404001360,NMB50,6,19,100,9.82,982.00
2020-11-04,2020110404001359,NMB50,6,21,300,9.82,"2,946.00"
2020-11-04,2020110404001660,NMBHF1,36,57,"2,000",9.65,"19,300.00"
2020-11-04,2020110404001657,NMBHF1,58,7,"5,000",9.64,"48,200.00"
2020-11-04,2020110404001499,NMBHF1,6,7,"4,584",9.64,"44,189.76"
2020-11-04,2020110404001444,NMBHF1,6,7,"5,000",9.64,"48,200.00"
2020-11-04,2020110404001443,NMBHF1,6,35,416,9.64,"4,010.24"
2020-11-04,2020110404001659,RBCLPO,6,17,10,"12,115.00","121,150.00"
2020-11-04,2020110404001652,RBCLPO,33,54,90,"12,110.00","1,089,900.00"
2020-11-04,2020110404001649,RBCLPO,33,56,10,"12,109.00","121,090.00"
2020-11-04,2020110404001645,RBCLPO,33,34,10,"12,109.00","121,090.00"
2020-11-04,2020110404001643,RBCLPO,33,45,10,"12,109.00","121,090.00"
2020-11-04,2020110404001629,RBCLPO,41,54,10,"12,110.00","121,100.00"
2020-11-04,2020110404001213,RBCLPO,33,28,20,"12,399.00","247,980.00"
2020-11-04,2020110404001212,RBCLPO,33,57,10,"12,398.00","123,980.00"
2020-11-04,2020110404001261,RBCLPO,40,7,40,"12,201.00","488,040.00"
2020-11-04,2020110404001260,RBCLPO,37,7,50,"12,210.00","610,500.00"
2020-11-04,2020110404001259,RBCLPO,44,7,10,"12,211.00","122,110.00"
2020-11-04,2020110404001251,RBCLPO,44,22,20,"12,211.00","244,220.00"
2020-11-04,2020110404001250,RBCLPO,59,22,10,"12,211.00","122,110.00"
2020-11-04,2020110404001249,RBCLPO,43,22,10,"12,212.00","122,120.00"
2020-11-04,2020110404001309,RBCLPO,43,40,10,"12,116.00","121,160.00"
2020-11-04,2020110404001308,RBCLPO,6,40,15,"12,120.00","181,800.00"
2020-11-04,2020110404001307,RBCLPO,44,40,10,"12,120.00","121,200.00"
2020-11-04,2020110404001273,RBCLPO,49,37,20,"12,120.00","242,400.00"
2020-11-04,2020110404001272,RBCLPO,34,37,20,"12,121.00","242,420.00"
2020-11-04,2020110404001271,RBCLPO,40,37,10,"12,201.00","122,010.00"
2020-11-04,2020110404001383,RBCLPO,33,21,10,"12,109.00","121,090.00"
2020-11-04,2020110404001357,RBCLPO,35,35,307,"12,200.00","3,745,400.00"
2020-11-04,2020110404001356,RBCLPO,35,33,50,"12,200.00","610,000.00"
2020-11-04,2020110404001314,RBCLPO,37,40,28,"12,106.00","338,968.00"
2020-11-04,2020110404001311,RBCLPO,32,40,52,"12,110.00","629,720.00"
2020-11-04,2020110404001310,RBCLPO,49,40,10,"12,115.00","121,150.00"
2020-11-04,2020110404001564,RBCLPO,28,40,10,"12,111.00","121,110.00"
2020-11-04,2020110404001490,RBCLPO,7,17,10,"12,230.00","122,300.00"
2020-11-04,2020110404001489,RBCLPO,7,28,10,"12,229.00","122,290.00"
2020-11-04,2020110404001422,RBCLPO,28,28,10,"12,239.00","122,390.00"
2020-11-04,2020110404001387,RBCLPO,33,17,10,"12,109.00","121,090.00"
2020-11-04,2020110404001386,RBCLPO,33,28,10,"12,249.00","122,490.00"
2020-11-04,2020110404001624,RBCLPO,42,56,10,"12,112.00","121,120.00"
2020-11-04,2020110404001600,RBCLPO,33,56,10,"12,115.00","121,150.00"
2020-11-04,2020110404001599,RBCLPO,33,32,13,"12,115.00","157,495.00"
2020-11-04,2020110404001598,RBCLPO,37,32,22,"12,115.00","266,530.00"
2020-11-04,2020110404001591,RBCLPO,28,56,10,"12,116.00","121,160.00"
2020-11-04,2020110404001586,RBCLPO,33,35,20,"12,247.00","244,940.00"
2020-11-04,2020110404001462,SAEF,6,18,"5,000",10.34,"51,700.00"
2020-11-04,2020110404001411,SAEF,58,6,"2,000",10.33,"20,660.00"
2020-11-04,2020110404001361,SAEF,58,28,500,10.33,"5,165.00"
2020-11-04,2020110404001362,SBLD2082,6,46,50,"1,074.00","53,700.00"
2020-11-04,2020110404001664,SEF,6,49,"1,100",9.72,"10,692.00"
2020-11-04,2020110404001579,SEF,14,5,"3,600",9.73,"35,028.00"
2020-11-04,2020110404001515,SEF,57,5,"1,000",9.74,"9,740.00"
2020-11-04,2020110404001514,SEF,57,5,"3,000",9.74,"29,220.00"
2020-11-04,2020110404001483,SEF,51,5,"5,000",9.75,"48,750.00"
2020-11-04,2020110404001476,SEF,14,5,"2,000",9.77,"19,540.00"
2020-11-04,2020110404001475,SEF,33,5,"5,000",9.77,"48,850.00"
2020-11-04,2020110404001355,SEF,47,5,"7,900",9.80,"77,420.00"
2020-11-04,2020110404001347,SEF,14,5,"2,000",9.80,"19,600.00"
2020-11-04,2020110404001240,SEF,6,5,100,9.80,980.00
2020-11-04,2020110404001665,STC,5,3,20,"3,890.00","77,800.00"
2020-11-04,2020110404001648,STC,5,3,10,"3,890.00","38,900.00"
2020-11-04,2020110404001627,STC,57,5,35,"3,895.00","136,325.00"
2020-11-04,2020110404001509,STC,14,28,10,"3,900.00","39,000.00"
2020-11-04,2020110404001508,STC,14,28,100,"3,900.00","390,000.00"
2020-11-04,2020110404001507,STC,14,59,40,"3,897.00","155,880.00"
2020-11-04,2020110404001506,STC,14,3,50,"3,896.00","194,800.00"
2020-11-04,2020110404001498,STC,1,59,10,"3,897.00","38,970.00"
2020-11-04,2020110404001486,STC,28,3,40,"3,895.00","155,800.00"
2020-11-04,2020110404001379,STC,1,3,10,"3,895.00","38,950.00"
2020-11-04,2020110404001003,BBC,42,28,50,"2,575.00","128,750.00"
2020-11-04,2020110404001002,BBC,51,28,50,"2,575.00","128,750.00"
2020-11-04,2020110404000906,BBC,51,37,20,"2,575.00","51,500.00"
2020-11-04,2020110404000871,BBC,54,39,120,"2,575.00","309,000.00"
2020-11-04,2020110404000856,BBC,7,57,15,"2,565.00","38,475.00"
2020-11-04,2020110404000855,BBC,34,57,15,"2,565.00","38,475.00"
2020-11-04,2020110404000713,BBC,52,18,20,"2,575.00","51,500.00"
2020-11-04,2020110404000712,BBC,14,18,40,"2,575.00","103,000.00"
2020-11-04,2020110404000666,BBC,14,38,40,"2,575.00","103,000.00"
2020-11-04,2020110404000841,BBC,36,18,70,"2,575.00","180,250.00"
2020-11-04,2020110404000840,BBC,26,18,100,"2,575.00","257,500.00"
2020-11-04,2020110404000819,BBC,57,35,10,"2,575.00","25,750.00"
2020-11-04,2020110404000818,BBC,14,35,10,"2,575.00","25,750.00"
2020-11-04,2020110404000715,BBC,36,18,10,"2,575.00","25,750.00"
2020-11-04,2020110404000714,BBC,34,18,10,"2,575.00","25,750.00"
2020-11-04,2020110404000854,BBC,34,39,10,"2,575.00","25,750.00"
2020-11-04,2020110404000850,BBC,34,39,10,"2,575.00","25,750.00"
2020-11-04,2020110404000849,BBC,56,39,20,"2,575.00","51,500.00"
2020-11-04,2020110404000848,BBC,16,39,10,"2,575.00","25,750.00"
2020-11-04,2020110404000847,BBC,52,39,10,"2,575.00","25,750.00"
2020-11-04,2020110404000846,BBC,36,39,30,"2,575.00","77,250.00"
2020-11-04,2020110404000922,CMF1,43,47,"1,000",9.73,"9,730.00"
2020-11-04,2020110404000970,GBD80/81,13,57,25,"1,071.00","26,775.00"
2020-11-04,2020110404000837,GBIMEP,49,43,"12,530",150.00,"1,879,500.00"
2020-11-04,2020110404001165,GIC,41,22,10,539.00,"5,390.00"
2020-11-04,2020110404001164,GIC,41,10,10,539.00,"5,390.00"
2020-11-04,2020110404001162,GIC,52,59,10,540.00,"5,400.00"
2020-11-04,2020110404001161,GIC,52,40,10,540.00,"5,400.00"
2020-11-04,2020110404001160,GIC,52,22,10,540.00,"5,400.00"
2020-11-04,2020110404001159,GIC,52,57,10,540.00,"5,400.00"
2020-11-04,2020110404000668,GIC,6,13,10,539.00,"5,390.00"
2020-11-04,2020110404000667,GIC,6,58,10,539.00,"5,390.00"
2020-11-04,2020110404000675,GIC,6,36,10,539.00,"5,390.00"
2020-11-04,2020110404000673,GIC,6,55,10,539.00,"5,390.00"
2020-11-04,2020110404000672,GIC,6,56,10,539.00,"5,390.00"
2020-11-04,2020110404000671,GIC,6,58,10,539.00,"5,390.00"
2020-11-04,2020110404000670,GIC,6,36,10,539.00,"5,390.00"
2020-11-04,2020110404000669,GIC,6,55,10,539.00,"5,390.00"
2020-11-04,2020110404000686,GIC,42,56,10,539.00,"5,390.00"
2020-11-04,2020110404000685,GIC,42,55,10,539.00,"5,390.00"
2020-11-04,2020110404000679,GIC,42,49,10,539.00,"5,390.00"
2020-11-04,2020110404000678,GIC,42,34,60,539.00,"32,340.00"
2020-11-04,2020110404000677,GIC,25,34,40,539.00,"21,560.00"
2020-11-04,2020110404000676,GIC,6,13,10,539.00,"5,390.00"
2020-11-04,2020110404000692,GIC,13,38,10,540.00,"5,400.00"
2020-11-04,2020110404000691,GIC,13,34,10,540.00,"5,400.00"
2020-11-04,2020110404000690,GIC,13,46,10,540.00,"5,400.00"
2020-11-04,2020110404000689,GIC,13,54,10,540.00,"5,400.00"
2020-11-04,2020110404000688,GIC,13,46,10,540.00,"5,400.00"
2020-11-04,2020110404000687,GIC,42,13,10,539.00,"5,390.00"
2020-11-04,2020110404000699,GIC,42,49,10,539.00,"5,390.00"
2020-11-04,2020110404000697,GIC,13,43,10,540.00,"5,400.00"
2020-11-04,2020110404000696,GIC,13,43,10,540.00,"5,400.00"
2020-11-04,2020110404000695,GIC,13,53,10,540.00,"5,400.00"
2020-11-04,2020110404000694,GIC,13,53,10,540.00,"5,400.00"
2020-11-04,2020110404000693,GIC,13,6,10,540.00,"5,400.00"
2020-11-04,2020110404000707,GIC,40,49,10,540.00,"5,400.00"
2020-11-04,2020110404000706,GIC,40,56,10,540.00,"5,400.00"
2020-11-04,2020110404000705,GIC,40,35,200,540.00,"108,000.00"
2020-11-04,2020110404000703,GIC,58,35,100,540.00,"54,000.00"
2020-11-04,2020110404000702,GIC,42,58,10,539.00,"5,390.00"
2020-11-04,2020110404000701,GIC,42,49,10,539.00,"5,390.00"
2020-11-04,2020110404000717,GIC,42,58,10,539.00,"5,390.00"
2020-11-04,2020110404000716,GIC,42,48,10,539.00,"5,390.00"
2020-11-04,2020110404000711,GIC,42,49,10,539.00,"5,390.00"
2020-11-04,2020110404000710,GIC,40,58,10,540.00,"5,400.00"
2020-11-04,2020110404000709,GIC,40,21,10,540.00,"5,400.00"
2020-11-04,2020110404000708,GIC,40,50,10,540.00,"5,400.00"
2020-11-04,2020110404000727,GIC,33,8,10,539.00,"5,390.00"
2020-11-04,2020110404000723,GIC,33,28,10,539.00,"5,390.00"
2020-11-04,2020110404000722,GIC,42,49,10,539.00,"5,390.00"
2020-11-04,2020110404000721,GIC,42,55,10,539.00,"5,390.00"
2020-11-04,2020110404000720,GIC,42,58,10,539.00,"5,390.00"
2020-11-04,2020110404000718,GIC,42,55,10,539.00,"5,390.00"
2020-11-04,2020110404000733,GIC,33,21,10,539.00,"5,390.00"
2020-11-04,2020110404000732,GIC,33,28,10,539.00,"5,390.00"
2020-11-04,2020110404000731,GIC,33,8,10,539.00,"5,390.00"
2020-11-04,2020110404000730,GIC,33,49,10,539.00,"5,390.00"
2020-11-04,2020110404000729,GIC,33,55,10,539.00,"5,390.00"
2020-11-04,2020110404000728,GIC,33,21,10,539.00,"5,390.00"
2020-11-04,2020110404000740,GIC,33,4,10,539.00,"5,390.00"
2020-11-04,2020110404000739,GIC,33,38,10,539.00,"5,390.00"
2020-11-04,2020110404000737,GIC,33,49,10,539.00,"5,390.00"
2020-11-04,2020110404000736,GIC,33,8,10,539.00,"5,390.00"
2020-11-04,2020110404000735,GIC,33,34,10,539.00,"5,390.00"
2020-11-04,2020110404000734,GIC,33,48,10,539.00,"5,390.00"
2020-11-04,2020110404000747,GIC,33,47,10,539.00,"5,390.00"
2020-11-04,2020110404000746,GIC,33,4,10,539.00,"5,390.00"
2020-11-04,2020110404000745,GIC,33,4,10,539.00,"5,390.00"
2020-11-04,2020110404000744,GIC,33,6,10,539.00,"5,390.00"
2020-11-04,2020110404000743,GIC,33,36,10,539.00,"5,390.00"
2020-11-04,2020110404000741,GIC,33,8,10,539.00,"5,390.00"
2020-11-04,2020110404000753,GIC,40,49,10,539.00,"5,390.00"
2020-11-04,2020110404000752,GIC,40,44,10,539.00,"5,390.00"
2020-11-04,2020110404000751,GIC,40,4,10,539.00,"5,390.00"
2020-11-04,2020110404000750,GIC,40,6,10,539.00,"5,390.00"
2020-11-04,2020110404000749,GIC,40,8,10,539.00,"5,390.00"
2020-11-04,2020110404000748,GIC,40,47,40,539.00,"21,560.00"
2020-11-04,2020110404000760,GIC,40,8,10,539.00,"5,390.00"
2020-11-04,2020110404000759,GIC,40,6,10,539.00,"5,390.00"
2020-11-04,2020110404000757,GIC,40,6,10,539.00,"5,390.00"
2020-11-04,2020110404000756,GIC,40,4,10,539.00,"5,390.00"
2020-11-04,2020110404000755,GIC,40,8,10,539.00,"5,390.00"
2020-11-04,2020110404000754,GIC,40,6,10,539.00,"5,390.00"
2020-11-04,2020110404000766,GIC,1,19,10,541.00,"5,410.00"
2020-11-04,2020110404000765,GIC,1,34,10,540.00,"5,400.00"
2020-11-04,2020110404000764,GIC,1,58,10,540.00,"5,400.00"
2020-11-04,2020110404000763,GIC,1,36,10,540.00,"5,400.00"
2020-11-04,2020110404000762,GIC,1,21,10,540.00,"5,400.00"
2020-11-04,2020110404000761,GIC,1,36,10,540.00,"5,400.00"
2020-11-04,2020110404000773,GIC,45,49,10,538.00,"5,380.00"
2020-11-04,2020110404000772,GIC,45,28,10,538.00,"5,380.00"
2020-11-04,2020110404000770,GIC,1,35,10,541.00,"5,410.00"
2020-11-04,2020110404000769,GIC,1,56,10,541.00,"5,410.00"
2020-11-04,2020110404000768,GIC,1,49,10,541.00,"5,410.00"
2020-11-04,2020110404000767,GIC,1,37,10,541.00,"5,410.00"
2020-11-04,2020110404000780,GIC,39,39,10,538.00,"5,380.00"
2020-11-04,2020110404000778,GIC,32,49,10,538.00,"5,380.00"
2020-11-04,2020110404000777,GIC,45,39,10,538.00,"5,380.00"
2020-11-04,2020110404000776,GIC,45,14,10,538.00,"5,380.00"
2020-11-04,2020110404000775,GIC,45,39,10,538.00,"5,380.00"
2020-11-04,2020110404000774,GIC,45,49,10,538.00,"5,380.00"
2020-11-04,2020110404000786,GIC,58,17,10,538.00,"5,380.00"
2020-11-04,2020110404000785,GIC,58,38,10,538.00,"5,380.00"
2020-11-04,2020110404000784,GIC,39,17,10,538.00,"5,380.00"
2020-11-04,2020110404000783,GIC,39,49,10,538.00,"5,380.00"
2020-11-04,2020110404000782,GIC,39,14,10,538.00,"5,380.00"
2020-11-04,2020110404000781,GIC,39,49,10,538.00,"5,380.00"
2020-11-04,2020110404000792,GIC,25,38,10,538.00,"5,380.00"
2020-11-04,2020110404000791,GIC,10,28,10,538.00,"5,380.00"
2020-11-04,2020110404000790,GIC,10,39,10,538.00,"5,380.00"
2020-11-04,2020110404000789,GIC,10,45,10,538.00,"5,380.00"
2020-11-04,2020110404000788,GIC,10,39,10,538.00,"5,380.00"
2020-11-04,2020110404000787,GIC,10,42,10,538.00,"5,380.00"
2020-11-04,2020110404000800,GIC,25,59,10,538.00,"5,380.00"
2020-11-04,2020110404000799,GIC,25,33,10,538.00,"5,380.00"
2020-11-04,2020110404000798,GIC,25,52,10,538.00,"5,380.00"
2020-11-04,2020110404000796,GIC,25,45,10,538.00,"5,380.00"
2020-11-04,2020110404000794,GIC,25,45,10,538.00,"5,380.00"
2020-11-04,2020110404000793,GIC,25,45,10,538.00,"5,380.00"
2020-11-04,2020110404000807,GIC,13,21,10,538.00,"5,380.00"
2020-11-04,2020110404000806,GIC,13,7,10,538.00,"5,380.00"
2020-11-04,2020110404000805,GIC,25,48,10,538.00,"5,380.00"
2020-11-04,2020110404000804,GIC,25,56,10,538.00,"5,380.00"
2020-11-04,2020110404000802,GIC,25,38,10,538.00,"5,380.00"
2020-11-04,2020110404000801,GIC,38,8,10,539.00,"5,390.00"
2020-11-04,2020110404000813,GIC,13,38,10,538.00,"5,380.00"
2020-11-04,2020110404000812,GIC,13,38,10,538.00,"5,380.00"
2020-11-04,2020110404000811,GIC,13,47,10,538.00,"5,380.00"
2020-11-04,2020110404000810,GIC,13,59,10,538.00,"5,380.00"
2020-11-04,2020110404000809,GIC,13,55,10,538.00,"5,380.00"
2020-11-04,2020110404000808,GIC,13,49,10,538.00,"5,380.00"
2020-11-04,2020110404000821,GIC,13,47,10,538.00,"5,380.00"
2020-11-04,2020110404000820,GIC,13,57,10,538.00,"5,380.00"
2020-11-04,2020110404000817,GIC,13,38,10,538.00,"5,380.00"
2020-11-04,2020110404000816,GIC,13,47,10,538.00,"5,380.00"
2020-11-04,2020110404000815,GIC,13,21,10,538.00,"5,380.00"
2020-11-04,2020110404000814,GIC,13,6,10,538.00,"5,380.00"
2020-11-04,2020110404000827,GIC,13,21,10,538.00,"5,380.00"
2020-11-04,2020110404000826,GIC,13,25,10,538.00,"5,380.00"
2020-11-04,2020110404000825,GIC,13,38,10,538.00,"5,380.00"
2020-11-04,2020110404000824,GIC,13,21,10,538.00,"5,380.00"
2020-11-04,2020110404000823,GIC,13,38,10,538.00,"5,380.00"
2020-11-04,2020110404000822,GIC,13,38,10,538.00,"5,380.00"
2020-11-04,2020110404000833,GIC,25,50,10,539.00,"5,390.00"
2020-11-04,2020110404000832,GIC,25,8,10,539.00,"5,390.00"
2020-11-04,2020110404000831,GIC,25,8,10,539.00,"5,390.00"
2020-11-04,2020110404000830,GIC,51,49,10,538.00,"5,380.00"
2020-11-04,2020110404000829,GIC,51,49,10,538.00,"5,380.00"
2020-11-04,2020110404000828,GIC,51,47,10,538.00,"5,380.00"
2020-11-04,2020110404000844,GIC,45,41,10,538.00,"5,380.00"
2020-11-04,2020110404000843,GIC,36,49,10,538.00,"5,380.00"
2020-11-04,2020110404000839,GIC,51,47,10,538.00,"5,380.00"
2020-11-04,2020110404000836,GIC,51,47,10,538.00,"5,380.00"
2020-11-04,2020110404000835,GIC,25,49,10,539.00,"5,390.00"
2020-11-04,2020110404000834,GIC,25,58,10,539.00,"5,390.00"
2020-11-04,2020110404000860,GIC,13,58,10,539.00,"5,390.00"
2020-11-04,2020110404000859,GIC,13,34,10,539.00,"5,390.00"
2020-11-04,2020110404000857,GIC,51,45,10,538.00,"5,380.00"
2020-11-04,2020110404000853,GIC,51,41,10,538.00,"5,380.00"
2020-11-04,2020110404000852,GIC,51,6,10,538.00,"5,380.00"
2020-11-04,2020110404000851,GIC,51,58,10,538.00,"5,380.00"
2020-11-04,2020110404000866,GIC,13,45,10,540.00,"5,400.00"
2020-11-04,2020110404000865,GIC,13,56,10,540.00,"5,400.00"
2020-11-04,2020110404000864,GIC,13,56,10,540.00,"5,400.00"
2020-11-04,2020110404000863,GIC,13,25,10,539.00,"5,390.00"
2020-11-04,2020110404000862,GIC,13,58,10,539.00,"5,390.00"
2020-11-04,2020110404000861,GIC,13,45,10,539.00,"5,390.00"
2020-11-04,2020110404000875,GIC,13,29,10,540.00,"5,400.00"
2020-11-04,2020110404000874,GIC,13,40,10,540.00,"5,400.00"
2020-11-04,2020110404000873,GIC,13,43,10,540.00,"5,400.00"
2020-11-04,2020110404000872,GIC,13,42,10,540.00,"5,400.00"
2020-11-04,2020110404000868,GIC,13,6,10,540.00,"5,400.00"
2020-11-04,2020110404000867,GIC,13,45,10,540.00,"5,400.00"
2020-11-04,2020110404000881,GIC,13,11,10,540.00,"5,400.00"
2020-11-04,2020110404000880,GIC,13,58,10,540.00,"5,400.00"
2020-11-04,2020110404000879,GIC,13,35,10,540.00,"5,400.00"
2020-11-04,2020110404000878,GIC,13,36,10,540.00,"5,400.00"
2020-11-04,2020110404000877,GIC,13,41,10,540.00,"5,400.00"
2020-11-04,2020110404000876,GIC,13,58,10,540.00,"5,400.00"
2020-11-04,2020110404000888,GIC,41,41,10,539.00,"5,390.00"
2020-11-04,2020110404000886,GIC,41,49,10,539.00,"5,390.00"
2020-11-04,2020110404000885,GIC,41,39,10,539.00,"5,390.00"
2020-11-04,2020110404000884,GIC,41,3,10,539.00,"5,390.00"
2020-11-04,2020110404000883,GIC,51,38,10,538.00,"5,380.00"
2020-11-04,2020110404000882,GIC,51,28,10,538.00,"5,380.00"
2020-11-04,2020110404000895,GIC,34,35,60,541.00,"32,460.00"
2020-11-04,2020110404000894,GIC,34,5,10,540.00,"5,400.00"
2020-11-04,2020110404000893,GIC,34,45,10,540.00,"5,400.00"
2020-11-04,2020110404000892,GIC,34,50,10,540.00,"5,400.00"
2020-11-04,2020110404000891,GIC,34,50,10,540.00,"5,400.00"
2020-11-04,2020110404000889,GIC,41,38,10,539.00,"5,390.00"
2020-11-04,2020110404000902,GIC,41,26,10,539.00,"5,390.00"
2020-11-04,2020110404000901,GIC,41,38,10,539.00,"5,390.00"
2020-11-04,2020110404000900,GIC,41,26,10,539.00,"5,390.00"
2020-11-04,2020110404000899,GIC,41,38,10,539.00,"5,390.00"
2020-11-04,2020110404000897,GIC,41,53,10,539.00,"5,390.00"
2020-11-04,2020110404000896,GIC,41,38,10,539.00,"5,390.00"
2020-11-04,2020110404000909,GIC,41,38,10,539.00,"5,390.00"
2020-11-04,2020110404000908,GIC,41,38,10,539.00,"5,390.00"
2020-11-04,2020110404000907,GIC,41,38,10,539.00,"5,390.00"
2020-11-04,2020110404000905,GIC,41,38,10,539.00,"5,390.00"
2020-11-04,2020110404000904,GIC,41,38,10,539.00,"5,390.00"
2020-11-04,2020110404000903,GIC,41,38,10,539.00,"5,390.00"
2020-11-04,2020110404000917,GIC,3,48,10,540.00,"5,400.00"
2020-11-04,2020110404000916,GIC,3,35,10,540.00,"5,400.00"
2020-11-04,2020110404000915,GIC,41,36,10,539.00,"5,390.00"
2020-11-04,2020110404000914,GIC,41,57,10,539.00,"5,390.00"
2020-11-04,2020110404000913,GIC,41,51,10,539.00,"5,390.00"
2020-11-04,2020110404000911,GIC,41,49,10,539.00,"5,390.00"
2020-11-04,2020110404000924,GIC,58,36,10,540.00,"5,400.00"
2020-11-04,2020110404000923,GIC,41,49,10,539.00,"5,390.00"
2020-11-04,2020110404000921,GIC,42,36,10,540.00,"5,400.00"
2020-11-04,2020110404000920,GIC,42,40,10,540.00,"5,400.00"
2020-11-04,2020110404000919,GIC,42,49,10,540.00,"5,400.00"
2020-11-04,2020110404000918,GIC,3,22,10,540.00,"5,400.00"
2020-11-04,2020110404000930,GIC,41,47,10,539.00,"5,390.00"
2020-11-04,2020110404000929,GIC,41,36,10,539.00,"5,390.00"
2020-11-04,2020110404000928,GIC,41,10,10,539.00,"5,390.00"
2020-11-04,2020110404000927,GIC,41,36,10,539.00,"5,390.00"
2020-11-04,2020110404000926,GIC,42,58,10,540.00,"5,400.00"
2020-11-04,2020110404000925,GIC,41,49,10,539.00,"5,390.00"
2020-11-04,2020110404000937,GIC,41,37,10,539.00,"5,390.00"
2020-11-04,2020110404000936,GIC,41,47,10,539.00,"5,390.00"
2020-11-04,2020110404000935,GIC,41,10,10,539.00,"5,390.00"
2020-11-04,2020110404000933,GIC,41,47,10,539.00,"5,390.00"
2020-11-04,2020110404000932,GIC,41,49,10,539.00,"5,390.00"
2020-11-04,2020110404000931,GIC,41,47,10,539.00,"5,390.00"
2020-11-04,2020110404000947,GIC,41,37,10,539.00,"5,390.00"
2020-11-04,2020110404000944,GIC,41,58,10,539.00,"5,390.00"
2020-11-04,2020110404000943,GIC,41,51,10,539.00,"5,390.00"
2020-11-04,2020110404000942,GIC,41,57,10,539.00,"5,390.00"
2020-11-04,2020110404000940,GIC,41,49,10,539.00,"5,390.00"
2020-11-04,2020110404000938,GIC,41,3,10,539.00,"5,390.00"
2020-11-04,2020110404000954,GIC,41,29,10,539.00,"5,390.00"
2020-11-04,2020110404000952,GIC,41,51,10,539.00,"5,390.00"
2020-11-04,2020110404000951,GIC,41,21,10,539.00,"5,390.00"
2020-11-04,2020110404000950,GIC,41,42,10,539.00,"5,390.00"
2020-11-04,2020110404000949,GIC,41,51,10,539.00,"5,390.00"
2020-11-04,2020110404000948,GIC,41,57,10,539.00,"5,390.00"
2020-11-04,2020110404000966,GIC,41,29,10,539.00,"5,390.00"
2020-11-04,2020110404000965,GIC,41,20,10,539.00,"5,390.00"
2020-11-04,2020110404000964,GIC,41,1,10,539.00,"5,390.00"
2020-11-04,2020110404000963,GIC,41,38,10,539.00,"5,390.00"
2020-11-04,2020110404000960,GIC,41,20,10,539.00,"5,390.00"
2020-11-04,2020110404000955,GIC,49,41,10,540.00,"5,400.00"
2020-11-04,2020110404000974,GIC,41,4,10,539.00,"5,390.00"
2020-11-04,2020110404000973,GIC,41,20,10,539.00,"5,390.00"
2020-11-04,2020110404000972,GIC,41,4,10,539.00,"5,390.00"
2020-11-04,2020110404000971,GIC,41,36,10,539.00,"5,390.00"
2020-11-04,2020110404000969,GIC,41,29,10,539.00,"5,390.00"
2020-11-04,2020110404000967,GIC,41,6,10,539.00,"5,390.00"
2020-11-04,2020110404000981,GIC,41,20,10,539.00,"5,390.00"
2020-11-04,2020110404000980,GIC,41,38,10,539.00,"5,390.00"
2020-11-04,2020110404000979,GIC,41,20,10,539.00,"5,390.00"
2020-11-04,2020110404000977,GIC,41,4,10,539.00,"5,390.00"
2020-11-04,2020110404000976,GIC,41,58,10,539.00,"5,390.00"
2020-11-04,2020110404000975,GIC,41,36,10,539.00,"5,390.00"
2020-11-04,2020110404000987,GIC,41,47,10,539.00,"5,390.00"
2020-11-04,2020110404000986,GIC,41,38,10,539.00,"5,390.00"
2020-11-04,2020110404000985,GIC,41,13,10,539.00,"5,390.00"
2020-11-04,2020110404000984,GIC,41,47,10,539.00,"5,390.00"
2020-11-04,2020110404000983,GIC,41,38,10,539.00,"5,390.00"
2020-11-04,2020110404000982,GIC,41,38,10,539.00,"5,390.00"
2020-11-04,2020110404000993,GIC,58,42,10,540.00,"5,400.00"
2020-11-04,2020110404000992,GIC,58,57,10,540.00,"5,400.00"
2020-11-04,2020110404000991,GIC,58,41,10,540.00,"5,400.00"
2020-11-04,2020110404000990,GIC,58,50,10,540.00,"5,400.00"
2020-11-04,2020110404000989,GIC,41,38,10,539.00,"5,390.00"
2020-11-04,2020110404000988,GIC,41,38,10,539.00,"5,390.00"
2020-11-04,2020110404000999,GIC,41,47,10,539.00,"5,390.00"
2020-11-04,2020110404000998,GIC,41,38,10,539.00,"5,390.00"
2020-11-04,2020110404000997,GIC,41,16,10,539.00,"5,390.00"
2020-11-04,2020110404000996,GIC,41,38,10,539.00,"5,390.00"
2020-11-04,2020110404000995,GIC,41,38,10,539.00,"5,390.00"
2020-11-04,2020110404000994,GIC,41,6,10,539.00,"5,390.00"
2020-11-04,2020110404001007,GIC,3,45,10,540.00,"5,400.00"
2020-11-04,2020110404001006,GIC,3,26,10,540.00,"5,400.00"
2020-11-04,2020110404001005,GIC,41,29,10,539.00,"5,390.00"
2020-11-04,2020110404001004,GIC,41,29,10,539.00,"5,390.00"
2020-11-04,2020110404001001,GIC,41,49,10,539.00,"5,390.00"
2020-11-04,2020110404001000,GIC,41,38,10,539.00,"5,390.00"
2020-11-04,2020110404001014,GIC,41,6,10,539.00,"5,390.00"
2020-11-04,2020110404001013,GIC,41,19,10,539.00,"5,390.00"
2020-11-04,2020110404001012,GIC,41,48,10,539.00,"5,390.00"
2020-11-04,2020110404001010,GIC,3,45,10,540.00,"5,400.00"
2020-11-04,2020110404001009,GIC,3,58,10,540.00,"5,400.00"
2020-11-04,2020110404001008,GIC,3,45,10,540.00,"5,400.00"
2020-11-04,2020110404001022,GIC,41,47,10,539.00,"5,390.00"
2020-11-04,2020110404001021,GIC,41,1,10,539.00,"5,390.00"
2020-11-04,2020110404001019,GIC,41,58,10,539.00,"5,390.00"
2020-11-04,2020110404001018,GIC,41,47,10,539.00,"5,390.00"
2020-11-04,2020110404001016,GIC,41,47,10,539.00,"5,390.00"
2020-11-04,2020110404001015,GIC,41,21,10,539.00,"5,390.00"
2020-11-04,2020110404001028,GIC,41,41,10,539.00,"5,390.00"
2020-11-04,2020110404001027,GIC,41,47,10,539.00,"5,390.00"
2020-11-04,2020110404001026,GIC,41,47,10,539.00,"5,390.00"
2020-11-04,2020110404001025,GIC,41,47,10,539.00,"5,390.00"
2020-11-04,2020110404001024,GIC,34,57,10,540.00,"5,400.00"
2020-11-04,2020110404001023,GIC,41,58,10,539.00,"5,390.00"
2020-11-04,2020110404001038,GIC,41,6,10,539.00,"5,390.00"
2020-11-04,2020110404001036,GIC,41,26,10,539.00,"5,390.00"
2020-11-04,2020110404001035,GIC,41,58,10,539.00,"5,390.00"
2020-11-04,2020110404001034,GIC,41,21,10,539.00,"5,390.00"
2020-11-04,2020110404001033,GIC,41,47,10,539.00,"5,390.00"
2020-11-04,2020110404001029,GIC,41,38,10,539.00,"5,390.00"
2020-11-04,2020110404001047,GIC,41,49,10,539.00,"5,390.00"
2020-11-04,2020110404001046,GIC,41,58,10,539.00,"5,390.00"
2020-11-04,2020110404001043,GIC,41,51,10,539.00,"5,390.00"
2020-11-04,2020110404001041,GIC,41,50,10,539.00,"5,390.00"
2020-11-04,2020110404001040,GIC,41,42,10,539.00,"5,390.00"
2020-11-04,2020110404001039,GIC,41,21,10,539.00,"5,390.00"
2020-11-04,2020110404001057,GIC,58,57,10,540.00,"5,400.00"
2020-11-04,2020110404001054,GIC,41,37,10,539.00,"5,390.00"
2020-11-04,2020110404001053,GIC,41,45,10,539.00,"5,390.00"
2020-11-04,2020110404001051,GIC,41,42,10,539.00,"5,390.00"
2020-11-04,2020110404001050,GIC,51,56,10,540.00,"5,400.00"
2020-11-04,2020110404001049,GIC,41,47,10,539.00,"5,390.00"
2020-11-04,2020110404001063,GIC,41,29,10,539.00,"5,390.00"
2020-11-04,2020110404001062,GIC,41,29,10,539.00,"5,390.00"
2020-11-04,2020110404001061,GIC,41,29,10,539.00,"5,390.00"
2020-11-04,2020110404001060,GIC,41,29,10,539.00,"5,390.00"
2020-11-04,2020110404001059,GIC,58,57,10,540.00,"5,400.00"
2020-11-04,2020110404001058,GIC,41,40,10,539.00,"5,390.00"
2020-11-04,2020110404001072,GIC,41,29,10,539.00,"5,390.00"
2020-11-04,2020110404001071,GIC,41,34,10,539.00,"5,390.00"
2020-11-04,2020110404001070,GIC,41,37,10,539.00,"5,390.00"
2020-11-04,2020110404001068,GIC,41,29,10,539.00,"5,390.00"
2020-11-04,2020110404001067,GIC,41,29,10,539.00,"5,390.00"
2020-11-04,2020110404001065,GIC,41,29,10,539.00,"5,390.00"
2020-11-04,2020110404001078,GIC,41,10,10,539.00,"5,390.00"
2020-11-04,2020110404001077,GIC,41,38,10,539.00,"5,390.00"
2020-11-04,2020110404001076,GIC,41,49,10,539.00,"5,390.00"
2020-11-04,2020110404001075,GIC,41,42,10,539.00,"5,390.00"
2020-11-04,2020110404001074,GIC,41,29,10,539.00,"5,390.00"
2020-11-04,2020110404001073,GIC,41,47,10,539.00,"5,390.00"
2020-11-04,2020110404001084,GIC,41,35,10,539.00,"5,390.00"
2020-11-04,2020110404001083,GIC,41,35,10,539.00,"5,390.00"
2020-11-04,2020110404001082,GIC,41,25,10,539.00,"5,390.00"
2020-11-04,2020110404001081,GIC,41,49,10,539.00,"5,390.00"
2020-11-04,2020110404001080,GIC,41,51,10,539.00,"5,390.00"
2020-11-04,2020110404001079,GIC,41,51,10,539.00,"5,390.00"
2020-11-04,2020110404001098,GIC,32,43,10,540.00,"5,400.00"
2020-11-04,2020110404001097,GIC,32,57,10,540.00,"5,400.00"
2020-11-04,2020110404001096,GIC,32,57,10,540.00,"5,400.00"
2020-11-04,2020110404001095,GIC,32,36,10,540.00,"5,400.00"
2020-11-04,2020110404001094,GIC,32,57,10,540.00,"5,400.00"
2020-11-04,2020110404001093,GIC,41,5,10,539.00,"5,390.00"
2020-11-04,2020110404001104,GIC,32,55,10,540.00,"5,400.00"
2020-11-04,2020110404001103,GIC,32,1,10,540.00,"5,400.00"
2020-11-04,2020110404001102,GIC,32,57,10,540.00,"5,400.00"
2020-11-04,2020110404001101,GIC,32,47,50,540.00,"27,000.00"
2020-11-04,2020110404001100,GIC,32,42,10,540.00,"5,400.00"
2020-11-04,2020110404001099,GIC,32,21,10,540.00,"5,400.00"
2020-11-04,2020110404001111,GIC,28,58,10,541.00,"5,410.00"
2020-11-04,2020110404001110,GIC,28,6,10,541.00,"5,410.00"
2020-11-04,2020110404001109,GIC,28,38,10,541.00,"5,410.00"
2020-11-04,2020110404001108,GIC,28,37,110,541.00,"59,510.00"
2020-11-04,2020110404001107,GIC,28,36,10,541.00,"5,410.00"
2020-11-04,2020110404001106,GIC,28,35,230,541.00,"124,430.00"
2020-11-04,2020110404001122,GIC,28,45,10,541.00,"5,410.00"
2020-11-04,2020110404001121,GIC,28,10,10,541.00,"5,410.00"
2020-11-04,2020110404001118,GIC,28,56,10,541.00,"5,410.00"
2020-11-04,2020110404001114,GIC,28,38,10,541.00,"5,410.00"
2020-11-04,2020110404001113,GIC,28,8,10,541.00,"5,410.00"
2020-11-04,2020110404001112,GIC,28,51,10,541.00,"5,410.00"
2020-11-04,2020110404001129,GIC,28,45,10,541.00,"5,410.00"
2020-11-04,2020110404001128,GIC,28,47,10,541.00,"5,410.00"
2020-11-04,2020110404001127,GIC,28,10,10,541.00,"5,410.00"
2020-11-04,2020110404001125,GIC,28,10,10,541.00,"5,410.00"
2020-11-04,2020110404001124,GIC,28,47,10,541.00,"5,410.00"
2020-11-04,2020110404001123,GIC,28,51,10,541.00,"5,410.00"
2020-11-04,2020110404001136,GIC,37,10,300,541.00,"162,300.00"
2020-11-04,2020110404001135,GIC,32,47,10,540.00,"5,400.00"
2020-11-04,2020110404001134,GIC,32,58,10,540.00,"5,400.00"
2020-11-04,2020110404001132,GIC,32,51,10,540.00,"5,400.00"
2020-11-04,2020110404001131,GIC,28,10,490,541.00,"265,090.00"
2020-11-04,2020110404001130,GIC,28,35,10,541.00,"5,410.00"
2020-11-04,2020110404001142,GIC,52,47,10,540.00,"5,400.00"
2020-11-04,2020110404001141,GIC,52,13,10,540.00,"5,400.00"
2020-11-04,2020110404001140,GIC,52,20,10,540.00,"5,400.00"
2020-11-04,2020110404001139,GIC,52,38,10,540.00,"5,400.00"
2020-11-04,2020110404001138,GIC,32,6,10,540.00,"5,400.00"
2020-11-04,2020110404001137,GIC,32,33,10,540.00,"5,400.00"
2020-11-04,2020110404001152,GIC,52,36,10,540.00,"5,400.00"
2020-11-04,2020110404001148,GIC,52,47,10,540.00,"5,400.00"
2020-11-04,2020110404001146,GIC,52,3,10,540.00,"5,400.00"
2020-11-04,2020110404001145,GIC,52,10,10,540.00,"5,400.00"
2020-11-04,2020110404001144,GIC,52,49,10,540.00,"5,400.00"
2020-11-04,2020110404001143,GIC,52,49,10,540.00,"5,400.00"
2020-11-04,2020110404001158,GIC,52,47,10,540.00,"5,400.00"
2020-11-04,2020110404001157,GIC,52,3,10,540.00,"5,400.00"
2020-11-04,2020110404001156,GIC,52,34,10,540.00,"5,400.00"
2020-11-04,2020110404001155,GIC,52,58,10,540.00,"5,400.00"
2020-11-04,2020110404001154,GIC,52,43,10,540.00,"5,400.00"
2020-11-04,2020110404001153,GIC,52,47,10,540.00,"5,400.00"
2020-11-04,2020110404001147,GIMES1,58,4,"2,500",10.04,"25,100.00"
2020-11-04,2020110404000779,GIMES1,51,58,"5,000",10.00,"50,000.00"
2020-11-04,2020110404001091,KBLPO,37,34,"19,161",106.00,"2,031,066.00"
2020-11-04,2020110404001133,LEMF,33,42,"5,850",9.48,"55,458.00"
2020-11-04,2020110404001092,LEMF,33,5,"5,000",9.47,"47,350.00"
2020-11-04,2020110404001105,LUK,22,14,100,9.15,915.00
2020-11-04,2020110404001045,LUK,22,14,100,9.15,915.00
2020-11-04,2020110404000890,LUK,22,42,400,9.15,"3,660.00"
2020-11-04,2020110404000845,LUK,22,45,"1,000",9.15,"9,150.00"
2020-11-04,2020110404000803,LUK,22,40,300,9.15,"2,745.00"
2020-11-04,2020110404000684,LUK,22,55,500,9.15,"4,575.00"
2020-11-04,2020110404001149,MLBLPO,40,33,"211,686",109.00,"23,073,774.00"
2020-11-04,2020110404001042,NBF2,33,16,200,9.25,"1,850.00"
2020-11-04,2020110404000978,NBF2,33,45,500,9.25,"4,625.00"
2020-11-04,2020110404000795,NBF2,17,58,100,9.21,921.00
2020-11-04,2020110404000738,NBF2,53,57,700,9.08,"6,356.00"
2020-11-04,2020110404001044,NEF,41,16,241,9.43,"2,272.63"
2020-11-04,2020110404000962,NEF,41,41,390,9.43,"3,677.70"
2020-11-04,2020110404000961,NEF,1,41,793,9.44,"7,485.92"
2020-11-04,2020110404000959,NEF,1,41,"1,621",9.44,"15,302.24"
2020-11-04,2020110404000958,NEF,14,41,793,9.44,"7,485.92"
2020-11-04,2020110404000934,NEF,14,41,"1,207",9.44,"11,394.08"
2020-11-04,2020110404000838,NEF,33,8,241,9.42,"2,270.22"
2020-11-04,2020110404000742,NIBD2082,4,57,25,"1,070.00","26,750.00"
2020-11-04,2020110404000742,NIBD2082,4,57,25,"1,070.00","26,750.00"
2020-11-04,2020110404001055,NIBLPF,50,41,"2,525",9.78,"24,694.50"
2020-11-04,2020110404001052,NIBLPF,45,10,"2,525",9.77,"24,669.25"
2020-11-04,2020110404001048,NIBLPF,45,10,"2,525",9.77,"24,669.25"
2020-11-04,2020110404000957,NIBLPF,45,41,"1,768",9.77,"17,273.36"
2020-11-04,2020110404000941,NIBLPF,45,41,"1,263",9.77,"12,339.51"
2020-11-04,2020110404001120,NIBPO,8,49,900,374.00,"336,600.00"
2020-11-04,2020110404001119,NIBPO,50,49,100,374.00,"37,400.00"
2020-11-04,2020110404001117,NIBPO,50,49,400,374.00,"149,600.00"
2020-11-04,2020110404001116,NIBPO,22,49,500,374.00,"187,000.00"
2020-11-04,2020110404001115,NIBPO,14,49,100,374.00,"37,400.00"
2020-11-04,2020110404001056,NIBPO,39,39,9,375.00,"3,375.00"
2020-11-04,2020110404000704,NIBPO,5,17,10,375.00,"3,750.00"
2020-11-04,2020110404000700,NIBPO,49,17,100,375.00,"37,500.00"
2020-11-04,2020110404000842,NIBPO,8,32,"1,000",374.00,"374,000.00"
2020-11-04,2020110404000758,NIBPO,4,4,7,369.00,"2,583.00"
2020-11-04,2020110404000726,NIBPO,6,13,100,376.00,"37,600.00"
2020-11-04,2020110404000725,NIBPO,6,47,30,376.00,"11,280.00"
2020-11-04,2020110404000724,NIBPO,6,17,180,375.00,"67,500.00"
2020-11-04,2020110404000719,NIBPO,5,17,10,375.00,"3,750.00"
2020-11-04,2020110404001037,NIBPO,39,39,6,375.00,"2,250.00"
2020-11-04,2020110404000956,NIBPO,16,32,435,375.00,"163,125.00"
2020-11-04,2020110404000953,NIBPO,16,8,565,375.00,"211,875.00"
2020-11-04,2020110404000946,NIBPO,38,35,"1,500",375.00,"562,500.00"
2020-11-04,2020110404000945,NIBPO,38,32,"1,000",375.00,"375,000.00"
2020-11-04,2020110404000858,NIBPO,38,32,"1,000",374.00,"374,000.00"
2020-11-04,2020110404001090,NIBSF1,28,7,"5,000",10.21,"51,050.00"
2020-11-04,2020110404001089,NIBSF1,28,29,"10,000",10.21,"102,100.00"
2020-11-04,2020110404001088,NIBSF1,28,21,"2,500",10.20,"25,500.00"
2020-11-04,2020110404001087,NIBSF1,28,7,"6,500",10.20,"66,300.00"
2020-11-04,2020110404001086,NIBSF1,28,38,500,10.10,"5,050.00"
2020-11-04,2020110404000797,NIBSF1,51,51,"2,000",10.06,"20,120.00"
2020-11-04,2020110404001069,NICAD8283,13,11,95,"1,132.00","107,540.00"
2020-11-04,2020110404001032,NICBF,34,28,"20,000",9.76,"195,200.00"
2020-11-04,2020110404001031,NICBF,34,45,200,9.70,"1,940.00"
2020-11-04,2020110404001030,NICBF,34,26,100,9.70,970.00
2020-11-04,2020110404000912,NICBF,3,45,100,9.60,960.00
2020-11-04,2020110404000887,NICBF,34,29,800,9.57,"7,656.00"
2020-11-04,2020110404000683,NICBF,34,42,100,9.57,957.00
2020-11-04,2020110404000898,NICGF,34,17,200,10.03,"2,006.00"
2020-11-04,2020110404000910,NMB50,6,45,100,9.82,982.00
2020-11-04,2020110404000698,NMB50,11,42,100,9.81,981.00
2020-11-04,2020110404000968,NMBHF1,6,41,832,9.50,"7,904.00"
2020-11-04,2020110404000939,NMBHF1,6,41,832,9.50,"7,904.00"
2020-11-04,2020110404000771,RBCLPO,40,57,20,"12,449.00","248,980.00"
2020-11-04,2020110404001150,SAEF,22,36,100,10.32,"1,032.00"
2020-11-04,2020110404001085,SAEF,22,5,"5,000",10.32,"51,600.00"
2020-11-04,2020110404001017,SAEF,22,21,"4,400",10.32,"45,408.00"
2020-11-04,2020110404001126,SBLD2082,6,21,25,"1,074.00","26,850.00"
2020-11-04,2020110404001151,SEF,6,43,"1,000",9.80,"9,800.00"
2020-11-04,2020110404001066,SEF,6,16,"3,900",9.80,"38,220.00"
2020-11-04,2020110404000870,SEF,33,16,"1,100",9.80,"10,780.00"
2020-11-04,2020110404000869,SEF,33,16,"5,000",9.80,"49,000.00"
2020-11-04,2020110404000682,SEF,33,25,"2,500",9.80,"24,500.00"
2020-11-04,2020110404000681,SEF,33,21,"1,000",9.80,"9,800.00"
2020-11-04,2020110404000680,SEF,33,5,400,9.80,"3,920.00"
2020-11-04,2020110404000674,SEF,33,5,"9,600",9.80,"94,080.00"
2020-11-04,2020110404001163,SFMF,51,44,400,9.49,"3,796.00"
2020-11-04,2020110404001064,STC,57,34,15,"3,869.00","58,035.00"
2020-11-04,2020110404001020,STC,40,10,50,"3,869.00","193,450.00"
2020-11-04,2020110404001011,STC,22,10,35,"3,870.00","135,450.00"
2020-11-04,2020110404000610,BBC,34,58,30,"2,575.00","77,250.00"
2020-11-04,2020110404000605,BBC,34,45,50,"2,575.00","128,750.00"
2020-11-04,2020110404000578,BBC,34,25,20,"2,575.00","51,500.00"
2020-11-04,2020110404000558,BBC,34,32,59,"2,575.00","151,925.00"
2020-11-04,2020110404000556,BBC,54,32,15,"2,575.00","38,625.00"
2020-11-04,2020110404000540,BBC,14,28,12,"2,575.00","30,900.00"
2020-11-04,2020110404000195,BBC,50,58,30,"2,575.00","77,250.00"
2020-11-04,2020110404000187,BBC,54,48,40,"2,575.00","103,000.00"
2020-11-04,2020110404000174,BBC,54,21,100,"2,575.00","257,500.00"
2020-11-04,2020110404000228,BBC,33,51,10,"2,575.00","25,750.00"
2020-11-04,2020110404000226,BBC,33,57,20,"2,575.00","51,500.00"
2020-11-04,2020110404000225,BBC,7,48,17,"2,575.00","43,775.00"
2020-11-04,2020110404000224,BBC,7,58,10,"2,575.00","25,750.00"
2020-11-04,2020110404000221,BBC,52,58,10,"2,575.00","25,750.00"
2020-11-04,2020110404000217,BBC,50,58,30,"2,575.00","77,250.00"
2020-11-04,2020110404000325,BBC,14,28,10,"2,575.00","25,750.00"
2020-11-04,2020110404000324,BBC,42,28,50,"2,575.00","128,750.00"
2020-11-04,2020110404000309,BBC,42,57,20,"2,575.00","51,500.00"
2020-11-04,2020110404000280,BBC,42,37,20,"2,575.00","51,500.00"
2020-11-04,2020110404000261,BBC,42,55,10,"2,575.00","25,750.00"
2020-11-04,2020110404000260,BBC,33,55,20,"2,575.00","51,500.00"
2020-11-04,2020110404000331,BBC,52,28,10,"2,575.00","25,750.00"
2020-11-04,2020110404000330,BBC,32,28,40,"2,575.00","103,000.00"
2020-11-04,2020110404000329,BBC,55,28,10,"2,575.00","25,750.00"
2020-11-04,2020110404000328,BBC,34,28,10,"2,575.00","25,750.00"
2020-11-04,2020110404000327,BBC,43,28,21,"2,575.00","54,075.00"
2020-11-04,2020110404000326,BBC,19,28,20,"2,575.00","51,500.00"
2020-11-04,2020110404000385,BBC,50,28,6,"2,575.00","15,450.00"
2020-11-04,2020110404000375,BBC,38,45,50,"2,575.00","128,750.00"
2020-11-04,2020110404000335,BBC,59,28,10,"2,575.00","25,750.00"
2020-11-04,2020110404000334,BBC,46,28,10,"2,575.00","25,750.00"
2020-11-04,2020110404000333,BBC,58,28,10,"2,575.00","25,750.00"
2020-11-04,2020110404000332,BBC,45,28,100,"2,575.00","257,500.00"
2020-11-04,2020110404000441,BBC,19,28,31,"2,575.00","79,825.00"
2020-11-04,2020110404000440,BBC,34,28,10,"2,575.00","25,750.00"
2020-11-04,2020110404000439,BBC,16,28,20,"2,575.00","51,500.00"
2020-11-04,2020110404000438,BBC,16,28,10,"2,575.00","25,750.00"
2020-11-04,2020110404000437,BBC,38,28,50,"2,575.00","128,750.00"
2020-11-04,2020110404000428,BBC,38,45,50,"2,575.00","128,750.00"
2020-11-04,2020110404000447,BBC,50,28,10,"2,575.00","25,750.00"
2020-11-04,2020110404000446,BBC,1,28,10,"2,575.00","25,750.00"
2020-11-04,2020110404000445,BBC,42,28,70,"2,575.00","180,250.00"
2020-11-04,2020110404000444,BBC,25,28,10,"2,575.00","25,750.00"
2020-11-04,2020110404000443,BBC,1,28,16,"2,575.00","41,200.00"
2020-11-04,2020110404000442,BBC,57,28,10,"2,575.00","25,750.00"
2020-11-04,2020110404000533,BBC,26,28,15,"2,575.00","38,625.00"
2020-11-04,2020110404000532,BBC,55,28,67,"2,575.00","172,525.00"
2020-11-04,2020110404000451,BBC,55,28,13,"2,575.00","33,475.00"
2020-11-04,2020110404000450,BBC,32,28,60,"2,575.00","154,500.00"
2020-11-04,2020110404000449,BBC,50,28,16,"2,575.00","41,200.00"
2020-11-04,2020110404000448,BBC,52,28,20,"2,575.00","51,500.00"
2020-11-04,2020110404000539,BBC,36,28,10,"2,575.00","25,750.00"
2020-11-04,2020110404000538,BBC,32,28,100,"2,575.00","257,500.00"
2020-11-04,2020110404000537,BBC,19,28,50,"2,575.00","128,750.00"
2020-11-04,2020110404000536,BBC,5,28,30,"2,575.00","77,250.00"
2020-11-04,2020110404000535,BBC,14,28,40,"2,575.00","103,000.00"
2020-11-04,2020110404000534,BBC,10,28,250,"2,575.00","643,750.00"
2020-11-04,2020110404000586,CMF1,42,58,110,9.82,"1,080.20"
2020-11-04,2020110404000665,GIC,6,36,10,539.00,"5,390.00"
2020-11-04,2020110404000663,GIC,6,25,10,539.00,"5,390.00"
2020-11-04,2020110404000662,GIC,6,55,10,539.00,"5,390.00"
2020-11-04,2020110404000659,GIC,6,21,10,539.00,"5,390.00"
2020-11-04,2020110404000658,GIC,6,21,10,539.00,"5,390.00"
2020-11-04,2020110404000657,GIC,6,36,10,539.00,"5,390.00"
2020-11-04,2020110404000168,GIC,42,38,10,540.00,"5,400.00"
2020-11-04,2020110404000167,GIC,42,38,10,540.00,"5,400.00"
2020-11-04,2020110404000166,GIC,42,45,10,540.00,"5,400.00"
2020-11-04,2020110404000175,GIC,42,5,10,540.00,"5,400.00"
2020-11-04,2020110404000173,GIC,25,42,10,541.00,"5,410.00"
2020-11-04,2020110404000172,GIC,42,5,10,540.00,"5,400.00"
2020-11-04,2020110404000171,GIC,42,45,10,540.00,"5,400.00"
2020-11-04,2020110404000170,GIC,42,38,10,540.00,"5,400.00"
2020-11-04,2020110404000169,GIC,42,57,10,540.00,"5,400.00"
2020-11-04,2020110404000181,GIC,35,11,10,540.00,"5,400.00"
2020-11-04,2020110404000180,GIC,35,49,10,540.00,"5,400.00"
2020-11-04,2020110404000179,GIC,35,39,10,540.00,"5,400.00"
2020-11-04,2020110404000178,GIC,35,17,10,540.00,"5,400.00"
2020-11-04,2020110404000177,GIC,35,49,10,540.00,"5,400.00"
2020-11-04,2020110404000176,GIC,42,39,10,540.00,"5,400.00"
2020-11-04,2020110404000188,GIC,14,59,10,541.00,"5,410.00"
2020-11-04,2020110404000186,GIC,35,39,10,540.00,"5,400.00"
2020-11-04,2020110404000185,GIC,35,56,10,540.00,"5,400.00"
2020-11-04,2020110404000184,GIC,25,39,10,541.00,"5,410.00"
2020-11-04,2020110404000183,GIC,25,21,10,541.00,"5,410.00"
2020-11-04,2020110404000182,GIC,35,34,10,540.00,"5,400.00"
2020-11-04,2020110404000197,GIC,25,29,10,541.00,"5,410.00"
2020-11-04,2020110404000196,GIC,25,35,10,541.00,"5,410.00"
2020-11-04,2020110404000192,GIC,25,29,10,541.00,"5,410.00"
2020-11-04,2020110404000191,GIC,25,44,10,541.00,"5,410.00"
2020-11-04,2020110404000190,GIC,35,39,10,540.00,"5,400.00"
2020-11-04,2020110404000189,GIC,35,39,10,540.00,"5,400.00"
2020-11-04,2020110404000203,GIC,35,36,10,540.00,"5,400.00"
2020-11-04,2020110404000202,GIC,35,38,10,540.00,"5,400.00"
2020-11-04,2020110404000201,GIC,35,39,10,540.00,"5,400.00"
2020-11-04,2020110404000200,GIC,35,41,10,540.00,"5,400.00"
2020-11-04,2020110404000199,GIC,35,34,10,540.00,"5,400.00"
2020-11-04,2020110404000198,GIC,35,39,10,540.00,"5,400.00"
2020-11-04,2020110404000210,GIC,14,42,10,541.00,"5,410.00"
2020-11-04,2020110404000209,GIC,35,28,10,540.00,"5,400.00"
2020-11-04,2020110404000208,GIC,35,39,10,540.00,"5,400.00"
2020-11-04,2020110404000206,GIC,25,58,10,541.00,"5,410.00"
2020-11-04,2020110404000205,GIC,25,29,10,541.00,"5,410.00"
2020-11-04,2020110404000204,GIC,35,39,10,540.00,"5,400.00"
2020-11-04,2020110404000216,GIC,34,39,10,542.00,"5,420.00"
2020-11-04,2020110404000215,GIC,34,42,10,542.00,"5,420.00"
2020-11-04,2020110404000214,GIC,34,37,10,542.00,"5,420.00"
2020-11-04,2020110404000213,GIC,34,45,10,542.00,"5,420.00"
2020-11-04,2020110404000212,GIC,34,4,10,542.00,"5,420.00"
2020-11-04,2020110404000211,GIC,14,22,10,541.00,"5,410.00"
2020-11-04,2020110404000231,GIC,57,14,10,542.00,"5,420.00"
2020-11-04,2020110404000223,GIC,17,42,10,540.00,"5,400.00"
2020-11-04,2020110404000222,GIC,17,39,10,540.00,"5,400.00"
2020-11-04,2020110404000220,GIC,35,39,10,540.00,"5,400.00"
2020-11-04,2020110404000219,GIC,3,39,10,541.00,"5,410.00"
2020-11-04,2020110404000218,GIC,25,49,10,541.00,"5,410.00"
2020-11-04,2020110404000240,GIC,57,41,10,542.00,"5,420.00"
2020-11-04,2020110404000236,GIC,57,58,10,542.00,"5,420.00"
2020-11-04,2020110404000235,GIC,57,28,10,542.00,"5,420.00"
2020-11-04,2020110404000234,GIC,57,42,10,542.00,"5,420.00"
2020-11-04,2020110404000233,GIC,57,58,10,542.00,"5,420.00"
2020-11-04,2020110404000232,GIC,57,38,10,542.00,"5,420.00"
2020-11-04,2020110404000247,GIC,45,58,10,543.00,"5,430.00"
2020-11-04,2020110404000246,GIC,45,14,10,543.00,"5,430.00"
2020-11-04,2020110404000244,GIC,57,38,10,542.00,"5,420.00"
2020-11-04,2020110404000243,GIC,57,59,10,542.00,"5,420.00"
2020-11-04,2020110404000242,GIC,57,28,10,542.00,"5,420.00"
2020-11-04,2020110404000241,GIC,57,38,10,542.00,"5,420.00"
2020-11-04,2020110404000253,GIC,45,52,10,545.00,"5,450.00"
2020-11-04,2020110404000252,GIC,45,52,10,545.00,"5,450.00"
2020-11-04,2020110404000251,GIC,45,4,10,544.00,"5,440.00"
2020-11-04,2020110404000250,GIC,45,51,10,544.00,"5,440.00"
2020-11-04,2020110404000249,GIC,45,8,10,544.00,"5,440.00"
2020-11-04,2020110404000248,GIC,45,51,10,543.00,"5,430.00"
2020-11-04,2020110404000262,GIC,57,11,10,542.00,"5,420.00"
2020-11-04,2020110404000259,GIC,57,57,10,542.00,"5,420.00"
2020-11-04,2020110404000257,GIC,57,34,10,542.00,"5,420.00"
2020-11-04,2020110404000256,GIC,57,38,10,542.00,"5,420.00"
2020-11-04,2020110404000255,GIC,45,58,10,545.00,"5,450.00"
2020-11-04,2020110404000254,GIC,45,38,10,545.00,"5,450.00"
2020-11-04,2020110404000268,GIC,57,25,10,542.00,"5,420.00"
2020-11-04,2020110404000267,GIC,57,38,10,542.00,"5,420.00"
2020-11-04,2020110404000266,GIC,57,14,10,542.00,"5,420.00"
2020-11-04,2020110404000265,GIC,57,14,10,542.00,"5,420.00"
2020-11-04,2020110404000264,GIC,57,58,10,542.00,"5,420.00"
2020-11-04,2020110404000263,GIC,57,57,10,542.00,"5,420.00"
2020-11-04,2020110404000274,GIC,57,14,10,542.00,"5,420.00"
2020-11-04,2020110404000273,GIC,57,38,10,542.00,"5,420.00"
2020-11-04,2020110404000272,GIC,57,45,10,542.00,"5,420.00"
2020-11-04,2020110404000271,GIC,57,38,10,542.00,"5,420.00"
2020-11-04,2020110404000270,GIC,57,49,10,542.00,"5,420.00"
2020-11-04,2020110404000269,GIC,57,17,10,542.00,"5,420.00"
2020-11-04,2020110404000281,GIC,10,38,10,542.00,"5,420.00"
2020-11-04,2020110404000279,GIC,48,14,10,542.00,"5,420.00"
2020-11-04,2020110404000278,GIC,48,38,10,542.00,"5,420.00"
2020-11-04,2020110404000277,GIC,57,1,10,542.00,"5,420.00"
2020-11-04,2020110404000276,GIC,57,38,10,542.00,"5,420.00"
2020-11-04,2020110404000275,GIC,57,41,10,542.00,"5,420.00"
2020-11-04,2020110404000287,GIC,17,38,10,540.00,"5,400.00"
2020-11-04,2020110404000286,GIC,17,38,10,540.00,"5,400.00"
2020-11-04,2020110404000285,GIC,45,38,10,541.00,"5,410.00"
2020-11-04,2020110404000284,GIC,17,38,10,540.00,"5,400.00"
2020-11-04,2020110404000283,GIC,10,38,10,542.00,"5,420.00"
2020-11-04,2020110404000282,GIC,10,52,10,542.00,"5,420.00"
2020-11-04,2020110404000294,GIC,14,7,10,540.00,"5,400.00"
2020-11-04,2020110404000293,GIC,17,59,10,540.00,"5,400.00"
2020-11-04,2020110404000291,GIC,17,59,10,540.00,"5,400.00"
2020-11-04,2020110404000290,GIC,17,42,10,540.00,"5,400.00"
2020-11-04,2020110404000289,GIC,17,59,10,540.00,"5,400.00"
2020-11-04,2020110404000288,GIC,17,59,10,540.00,"5,400.00"
2020-11-04,2020110404000306,GIC,14,26,10,540.00,"5,400.00"
2020-11-04,2020110404000303,GIC,14,28,10,540.00,"5,400.00"
2020-11-04,2020110404000298,GIC,14,59,10,540.00,"5,400.00"
2020-11-04,2020110404000297,GIC,14,26,10,540.00,"5,400.00"
2020-11-04,2020110404000296,GIC,14,26,10,540.00,"5,400.00"
2020-11-04,2020110404000295,GIC,14,59,10,540.00,"5,400.00"
2020-11-04,2020110404000313,GIC,14,54,10,540.00,"5,400.00"
2020-11-04,2020110404000312,GIC,14,28,10,540.00,"5,400.00"
2020-11-04,2020110404000311,GIC,14,58,10,540.00,"5,400.00"
2020-11-04,2020110404000310,GIC,14,22,10,540.00,"5,400.00"
2020-11-04,2020110404000308,GIC,14,55,10,540.00,"5,400.00"
2020-11-04,2020110404000307,GIC,14,36,10,540.00,"5,400.00"
2020-11-04,2020110404000319,GIC,14,44,10,540.00,"5,400.00"
2020-11-04,2020110404000318,GIC,14,38,10,540.00,"5,400.00"
2020-11-04,2020110404000317,GIC,14,51,10,540.00,"5,400.00"
2020-11-04,2020110404000316,GIC,14,57,10,540.00,"5,400.00"
2020-11-04,2020110404000315,GIC,14,45,10,540.00,"5,400.00"
2020-11-04,2020110404000314,GIC,14,6,10,540.00,"5,400.00"
2020-11-04,2020110404000337,GIC,14,58,10,540.00,"5,400.00"
2020-11-04,2020110404000336,GIC,14,38,10,540.00,"5,400.00"
2020-11-04,2020110404000323,GIC,14,26,10,540.00,"5,400.00"
2020-11-04,2020110404000322,GIC,14,52,10,540.00,"5,400.00"
2020-11-04,2020110404000321,GIC,14,45,10,540.00,"5,400.00"
2020-11-04,2020110404000320,GIC,14,42,10,540.00,"5,400.00"
2020-11-04,2020110404000344,GIC,14,58,10,540.00,"5,400.00"
2020-11-04,2020110404000343,GIC,14,34,10,540.00,"5,400.00"
2020-11-04,2020110404000342,GIC,14,51,10,540.00,"5,400.00"
2020-11-04,2020110404000340,GIC,14,56,10,540.00,"5,400.00"
2020-11-04,2020110404000339,GIC,14,45,10,540.00,"5,400.00"
2020-11-04,2020110404000338,GIC,14,11,10,540.00,"5,400.00"
2020-11-04,2020110404000353,GIC,10,26,10,541.00,"5,410.00"
2020-11-04,2020110404000352,GIC,10,10,10,541.00,"5,410.00"
2020-11-04,2020110404000350,GIC,10,6,10,541.00,"5,410.00"
2020-11-04,2020110404000349,GIC,10,45,10,541.00,"5,410.00"
2020-11-04,2020110404000347,GIC,14,13,10,540.00,"5,400.00"
2020-11-04,2020110404000345,GIC,14,56,10,540.00,"5,400.00"
2020-11-04,2020110404000361,GIC,14,10,10,540.00,"5,400.00"
2020-11-04,2020110404000360,GIC,14,58,10,540.00,"5,400.00"
2020-11-04,2020110404000359,GIC,14,34,10,540.00,"5,400.00"
2020-11-04,2020110404000358,GIC,14,52,10,540.00,"5,400.00"
2020-11-04,2020110404000357,GIC,14,10,10,540.00,"5,400.00"
2020-11-04,2020110404000354,GIC,10,59,10,541.00,"5,410.00"
2020-11-04,2020110404000368,GIC,14,32,10,540.00,"5,400.00"
2020-11-04,2020110404000367,GIC,14,10,10,540.00,"5,400.00"
2020-11-04,2020110404000366,GIC,14,10,10,540.00,"5,400.00"
2020-11-04,2020110404000365,GIC,14,10,10,540.00,"5,400.00"
2020-11-04,2020110404000363,GIC,14,10,10,540.00,"5,400.00"
2020-11-04,2020110404000362,GIC,14,34,10,540.00,"5,400.00"
2020-11-04,2020110404000378,GIC,14,36,10,540.00,"5,400.00"
2020-11-04,2020110404000376,GIC,14,10,10,540.00,"5,400.00"
2020-11-04,2020110404000374,GIC,14,10,10,540.00,"5,400.00"
2020-11-04,2020110404000373,GIC,14,26,10,540.00,"5,400.00"
2020-11-04,2020110404000371,GIC,14,10,10,540.00,"5,400.00"
2020-11-04,2020110404000370,GIC,14,10,10,540.00,"5,400.00"
2020-11-04,2020110404000384,GIC,20,6,10,540.00,"5,400.00"
2020-11-04,2020110404000383,GIC,20,10,10,540.00,"5,400.00"
2020-11-04,2020110404000382,GIC,20,29,10,540.00,"5,400.00"
2020-11-04,2020110404000381,GIC,20,10,10,540.00,"5,400.00"
2020-11-04,2020110404000380,GIC,20,16,10,540.00,"5,400.00"
2020-11-04,2020110404000379,GIC,20,42,10,540.00,"5,400.00"
2020-11-04,2020110404000392,GIC,35,35,50,540.00,"27,000.00"
2020-11-04,2020110404000391,GIC,46,35,50,540.00,"27,000.00"
2020-11-04,2020110404000390,GIC,20,35,10,540.00,"5,400.00"
2020-11-04,2020110404000389,GIC,20,3,10,540.00,"5,400.00"
2020-11-04,2020110404000388,GIC,20,43,10,540.00,"5,400.00"
2020-11-04,2020110404000387,GIC,20,10,10,540.00,"5,400.00"
2020-11-04,2020110404000398,GIC,45,40,10,538.00,"5,380.00"
2020-11-04,2020110404000397,GIC,45,49,10,538.00,"5,380.00"
2020-11-04,2020110404000396,GIC,32,35,10,540.00,"5,400.00"
2020-11-04,2020110404000395,GIC,42,35,40,540.00,"21,600.00"
2020-11-04,2020110404000394,GIC,50,35,200,540.00,"108,000.00"
2020-11-04,2020110404000393,GIC,34,35,100,540.00,"54,000.00"
2020-11-04,2020110404000405,GIC,26,19,10,541.00,"5,410.00"
2020-11-04,2020110404000404,GIC,26,57,10,541.00,"5,410.00"
2020-11-04,2020110404000403,GIC,26,29,10,541.00,"5,410.00"
2020-11-04,2020110404000402,GIC,26,52,10,541.00,"5,410.00"
2020-11-04,2020110404000401,GIC,26,35,30,540.00,"16,200.00"
2020-11-04,2020110404000400,GIC,45,40,10,538.00,"5,380.00"
2020-11-04,2020110404000414,GIC,28,36,10,540.00,"5,400.00"
2020-11-04,2020110404000413,GIC,6,16,10,540.00,"5,400.00"
2020-11-04,2020110404000410,GIC,45,37,10,538.00,"5,380.00"
2020-11-04,2020110404000408,GIC,26,47,10,541.00,"5,410.00"
2020-11-04,2020110404000407,GIC,26,14,10,541.00,"5,410.00"
2020-11-04,2020110404000406,GIC,26,58,10,541.00,"5,410.00"
2020-11-04,2020110404000424,GIC,26,58,10,539.00,"5,390.00"
2020-11-04,2020110404000422,GIC,29,35,100,540.00,"54,000.00"
2020-11-04,2020110404000421,GIC,26,21,10,539.00,"5,390.00"
2020-11-04,2020110404000418,GIC,25,41,10,539.00,"5,390.00"
2020-11-04,2020110404000416,GIC,28,35,280,540.00,"151,200.00"
2020-11-04,2020110404000415,GIC,28,8,10,540.00,"5,400.00"
2020-11-04,2020110404000432,GIC,26,8,10,539.00,"5,390.00"
2020-11-04,2020110404000431,GIC,26,48,10,539.00,"5,390.00"
2020-11-04,2020110404000430,GIC,26,8,10,539.00,"5,390.00"
2020-11-04,2020110404000429,GIC,26,28,10,539.00,"5,390.00"
2020-11-04,2020110404000426,GIC,26,8,10,539.00,"5,390.00"
2020-11-04,2020110404000425,GIC,26,38,10,539.00,"5,390.00"
2020-11-04,2020110404000454,GIC,6,40,10,539.00,"5,390.00"
2020-11-04,2020110404000453,GIC,6,38,10,539.00,"5,390.00"
2020-11-04,2020110404000452,GIC,6,10,10,539.00,"5,390.00"
2020-11-04,2020110404000436,GIC,26,28,10,539.00,"5,390.00"
2020-11-04,2020110404000435,GIC,6,35,10,540.00,"5,400.00"
2020-11-04,2020110404000433,GIC,26,28,10,539.00,"5,390.00"
2020-11-04,2020110404000462,GIC,13,35,120,540.00,"64,800.00"
2020-11-04,2020110404000460,GIC,6,46,10,539.00,"5,390.00"
2020-11-04,2020110404000459,GIC,6,51,10,539.00,"5,390.00"
2020-11-04,2020110404000458,GIC,6,36,10,539.00,"5,390.00"
2020-11-04,2020110404000456,GIC,6,28,10,539.00,"5,390.00"
2020-11-04,2020110404000455,GIC,6,10,10,539.00,"5,390.00"
2020-11-04,2020110404000468,GIC,13,25,10,540.00,"5,400.00"
2020-11-04,2020110404000467,GIC,13,25,10,540.00,"5,400.00"
2020-11-04,2020110404000466,GIC,13,41,10,540.00,"5,400.00"
2020-11-04,2020110404000465,GIC,13,8,10,540.00,"5,400.00"
2020-11-04,2020110404000464,GIC,13,59,10,540.00,"5,400.00"
2020-11-04,2020110404000463,GIC,13,48,10,540.00,"5,400.00"
2020-11-04,2020110404000476,GIC,6,10,10,539.00,"5,390.00"
2020-11-04,2020110404000475,GIC,6,10,10,539.00,"5,390.00"
2020-11-04,2020110404000474,GIC,6,57,10,539.00,"5,390.00"
2020-11-04,2020110404000473,GIC,6,46,10,539.00,"5,390.00"
2020-11-04,2020110404000471,GIC,6,17,10,539.00,"5,390.00"
2020-11-04,2020110404000469,GIC,13,52,10,540.00,"5,400.00"
2020-11-04,2020110404000486,GIC,6,10,10,539.00,"5,390.00"
2020-11-04,2020110404000485,GIC,6,28,10,539.00,"5,390.00"
2020-11-04,2020110404000484,GIC,6,55,10,539.00,"5,390.00"
2020-11-04,2020110404000483,GIC,6,47,10,539.00,"5,390.00"
2020-11-04,2020110404000481,GIC,6,10,10,539.00,"5,390.00"
2020-11-04,2020110404000479,GIC,6,10,10,539.00,"5,390.00"
2020-11-04,2020110404000496,GIC,6,39,10,539.00,"5,390.00"
2020-11-04,2020110404000495,GIC,6,10,10,539.00,"5,390.00"
2020-11-04,2020110404000493,GIC,6,10,10,539.00,"5,390.00"
2020-11-04,2020110404000491,GIC,6,28,10,539.00,"5,390.00"
2020-11-04,2020110404000490,GIC,6,10,10,539.00,"5,390.00"
2020-11-04,2020110404000489,GIC,6,42,10,539.00,"5,390.00"
2020-11-04,2020110404000502,GIC,6,6,10,539.00,"5,390.00"
2020-11-04,2020110404000501,GIC,6,10,10,539.00,"5,390.00"
2020-11-04,2020110404000500,GIC,6,51,10,539.00,"5,390.00"
2020-11-04,2020110404000499,GIC,6,58,10,539.00,"5,390.00"
2020-11-04,2020110404000498,GIC,6,37,10,539.00,"5,390.00"
2020-11-04,2020110404000497,GIC,6,38,10,539.00,"5,390.00"
2020-11-04,2020110404000509,GIC,44,46,10,540.00,"5,400.00"
2020-11-04,2020110404000508,GIC,44,46,10,540.00,"5,400.00"
2020-11-04,2020110404000507,GIC,44,46,10,540.00,"5,400.00"
2020-11-04,2020110404000506,GIC,44,49,10,540.00,"5,400.00"
2020-11-04,2020110404000505,GIC,6,10,10,539.00,"5,390.00"
2020-11-04,2020110404000503,GIC,6,10,10,539.00,"5,390.00"
2020-11-04,2020110404000520,GIC,6,4,10,539.00,"5,390.00"
2020-11-04,2020110404000519,GIC,6,28,10,539.00,"5,390.00"
2020-11-04,2020110404000518,GIC,6,10,10,539.00,"5,390.00"
2020-11-04,2020110404000516,GIC,6,10,10,539.00,"5,390.00"
2020-11-04,2020110404000515,GIC,6,28,10,539.00,"5,390.00"
2020-11-04,2020110404000510,GIC,6,45,10,539.00,"5,390.00"
2020-11-04,2020110404000526,GIC,6,40,10,539.00,"5,390.00"
2020-11-04,2020110404000525,GIC,6,38,10,539.00,"5,390.00"
2020-11-04,2020110404000524,GIC,6,10,10,539.00,"5,390.00"
2020-11-04,2020110404000523,GIC,6,7,10,539.00,"5,390.00"
2020-11-04,2020110404000522,GIC,6,29,10,539.00,"5,390.00"
2020-11-04,2020110404000521,GIC,6,58,10,539.00,"5,390.00"
2020-11-04,2020110404000541,GIC,6,6,10,539.00,"5,390.00"
2020-11-04,2020110404000531,GIC,6,8,10,539.00,"5,390.00"
2020-11-04,2020110404000530,GIC,6,40,10,539.00,"5,390.00"
2020-11-04,2020110404000529,GIC,6,36,10,539.00,"5,390.00"
2020-11-04,2020110404000528,GIC,6,42,10,539.00,"5,390.00"
2020-11-04,2020110404000527,GIC,6,10,10,539.00,"5,390.00"
2020-11-04,2020110404000547,GIC,6,6,10,539.00,"5,390.00"
2020-11-04,2020110404000546,GIC,6,6,10,539.00,"5,390.00"
2020-11-04,2020110404000545,GIC,6,58,10,539.00,"5,390.00"
2020-11-04,2020110404000544,GIC,6,34,10,539.00,"5,390.00"
2020-11-04,2020110404000543,GIC,6,51,10,539.00,"5,390.00"
2020-11-04,2020110404000542,GIC,6,6,10,539.00,"5,390.00"
2020-11-04,2020110404000553,GIC,6,6,10,539.00,"5,390.00"
2020-11-04,2020110404000552,GIC,6,6,10,539.00,"5,390.00"
2020-11-04,2020110404000551,GIC,6,58,10,539.00,"5,390.00"
2020-11-04,2020110404000550,GIC,6,6,10,539.00,"5,390.00"
2020-11-04,2020110404000549,GIC,6,10,10,539.00,"5,390.00"
2020-11-04,2020110404000548,GIC,6,7,10,539.00,"5,390.00"
2020-11-04,2020110404000562,GIC,6,37,10,539.00,"5,390.00"
2020-11-04,2020110404000560,GIC,6,34,10,539.00,"5,390.00"
2020-11-04,2020110404000559,GIC,6,44,10,539.00,"5,390.00"
2020-11-04,2020110404000557,GIC,6,6,10,539.00,"5,390.00"
2020-11-04,2020110404000555,GIC,6,10,10,539.00,"5,390.00"
2020-11-04,2020110404000554,GIC,6,28,10,539.00,"5,390.00"
2020-11-04,2020110404000568,GIC,6,6,10,539.00,"5,390.00"
2020-11-04,2020110404000567,GIC,6,52,10,539.00,"5,390.00"
2020-11-04,2020110404000566,GIC,6,6,10,539.00,"5,390.00"
2020-11-04,2020110404000565,GIC,6,6,10,539.00,"5,390.00"
2020-11-04,2020110404000564,GIC,6,6,10,539.00,"5,390.00"
2020-11-04,2020110404000563,GIC,6,6,10,539.00,"5,390.00"
2020-11-04,2020110404000575,GIC,6,6,10,539.00,"5,390.00"
2020-11-04,2020110404000574,GIC,6,10,10,539.00,"5,390.00"
2020-11-04,2020110404000573,GIC,6,6,10,539.00,"5,390.00"
2020-11-04,2020110404000571,GIC,6,28,10,539.00,"5,390.00"
2020-11-04,2020110404000570,GIC,6,6,10,539.00,"5,390.00"
2020-11-04,2020110404000569,GIC,6,10,10,539.00,"5,390.00"
2020-11-04,2020110404000583,GIC,6,10,10,539.00,"5,390.00"
2020-11-04,2020110404000582,GIC,6,6,10,539.00,"5,390.00"
2020-11-04,2020110404000581,GIC,6,10,10,539.00,"5,390.00"
2020-11-04,2020110404000580,GIC,6,58,10,539.00,"5,390.00"
2020-11-04,2020110404000579,GIC,6,6,10,539.00,"5,390.00"
2020-11-04,2020110404000576,GIC,6,10,10,539.00,"5,390.00"
2020-11-04,2020110404000590,GIC,6,38,10,539.00,"5,390.00"
2020-11-04,2020110404000589,GIC,6,10,10,539.00,"5,390.00"
2020-11-04,2020110404000588,GIC,6,8,10,539.00,"5,390.00"
2020-11-04,2020110404000587,GIC,6,6,10,539.00,"5,390.00"
2020-11-04,2020110404000585,GIC,6,10,10,539.00,"5,390.00"
2020-11-04,2020110404000584,GIC,6,6,10,539.00,"5,390.00"
2020-11-04,2020110404000611,GIC,6,10,10,539.00,"5,390.00"
2020-11-04,2020110404000609,GIC,6,51,10,539.00,"5,390.00"
2020-11-04,2020110404000608,GIC,6,28,10,539.00,"5,390.00"
2020-11-04,2020110404000607,GIC,6,10,10,539.00,"5,390.00"
2020-11-04,2020110404000606,GIC,6,52,10,539.00,"5,390.00"
2020-11-04,2020110404000604,GIC,6,10,10,539.00,"5,390.00"
2020-11-04,2020110404000618,GIC,6,38,10,539.00,"5,390.00"
2020-11-04,2020110404000617,GIC,6,4,10,539.00,"5,390.00"
2020-11-04,2020110404000616,GIC,6,10,10,539.00,"5,390.00"
2020-11-04,2020110404000614,GIC,6,51,10,539.00,"5,390.00"
2020-11-04,2020110404000613,GIC,6,10,10,539.00,"5,390.00"
2020-11-04,2020110404000612,GIC,6,41,10,539.00,"5,390.00"
2020-11-04,2020110404000624,GIC,6,10,10,539.00,"5,390.00"
2020-11-04,2020110404000623,GIC,6,38,10,539.00,"5,390.00"
2020-11-04,2020110404000622,GIC,6,10,10,539.00,"5,390.00"
2020-11-04,2020110404000621,GIC,6,10,10,539.00,"5,390.00"
2020-11-04,2020110404000620,GIC,6,4,10,539.00,"5,390.00"
2020-11-04,2020110404000619,GIC,6,10,10,539.00,"5,390.00"
2020-11-04,2020110404000630,GIC,6,38,10,539.00,"5,390.00"
2020-11-04,2020110404000629,GIC,6,55,10,539.00,"5,390.00"
2020-11-04,2020110404000628,GIC,6,37,10,539.00,"5,390.00"
2020-11-04,2020110404000627,GIC,6,36,10,539.00,"5,390.00"
2020-11-04,2020110404000626,GIC,6,58,10,539.00,"5,390.00"
2020-11-04,2020110404000625,GIC,6,16,10,539.00,"5,390.00"
2020-11-04,2020110404000642,GIC,6,48,10,539.00,"5,390.00"
2020-11-04,2020110404000636,GIC,6,58,10,539.00,"5,390.00"
2020-11-04,2020110404000635,GIC,6,17,10,539.00,"5,390.00"
2020-11-04,2020110404000634,GIC,6,46,10,539.00,"5,390.00"
2020-11-04,2020110404000633,GIC,6,52,10,539.00,"5,390.00"
2020-11-04,2020110404000632,GIC,6,17,10,539.00,"5,390.00"
2020-11-04,2020110404000649,GIC,6,8,10,539.00,"5,390.00"
2020-11-04,2020110404000648,GIC,6,37,10,539.00,"5,390.00"
2020-11-04,2020110404000647,GIC,6,8,10,539.00,"5,390.00"
2020-11-04,2020110404000645,GIC,6,38,10,539.00,"5,390.00"
2020-11-04,2020110404000644,GIC,6,8,10,539.00,"5,390.00"
2020-11-04,2020110404000643,GIC,6,51,10,539.00,"5,390.00"
2020-11-04,2020110404000656,GIC,6,17,10,539.00,"5,390.00"
2020-11-04,2020110404000654,GIC,6,17,10,539.00,"5,390.00"
2020-11-04,2020110404000653,GIC,6,44,10,539.00,"5,390.00"
2020-11-04,2020110404000652,GIC,6,36,10,539.00,"5,390.00"
2020-11-04,2020110404000651,GIC,6,51,10,539.00,"5,390.00"
2020-11-04,2020110404000650,GIC,6,38,10,539.00,"5,390.00"
2020-11-04,2020110404000348,GIMES1,14,49,"1,747",9.92,"17,330.24"
2020-11-04,2020110404000640,KBLPO,57,49,"50,000",106.00,"5,300,000.00"
2020-11-04,2020110404000482,LUK,22,41,100,9.15,915.00
2020-11-04,2020110404000292,LUK,22,41,200,9.15,"1,830.00"
2020-11-04,2020110404000207,LUK,22,55,"1,000",9.15,"9,150.00"
2020-11-04,2020110404000664,NBF2,33,57,500,9.26,"4,630.00"
2020-11-04,2020110404000561,NBF2,14,57,900,9.44,"8,496.00"
2020-11-04,2020110404000504,NBF2,14,58,400,9.44,"3,776.00"
2020-11-04,2020110404000488,NBF2,14,36,500,9.44,"4,720.00"
2020-11-04,2020110404000477,NBF2,14,41,100,9.44,944.00
2020-11-04,2020110404000461,NBF2,14,42,100,9.44,944.00
2020-11-04,2020110404000457,NEF,3,56,"1,414",9.40,"13,291.60"
2020-11-04,2020110404000434,NEF,14,56,"1,000",9.41,"9,410.00"
2020-11-04,2020110404000420,NEF,3,56,"2,414",9.40,"22,691.60"
2020-11-04,2020110404000386,NEF,3,56,"2,414",9.40,"22,691.60"
2020-11-04,2020110404000299,NEF,3,42,966,9.40,"9,080.40"
2020-11-04,2020110404000487,NIBLPF,45,56,"2,525",9.76,"24,644.00"
2020-11-04,2020110404000427,NIBLPF,45,56,"2,525",9.76,"24,644.00"
2020-11-04,2020110404000417,NIBLPF,45,56,"2,525",9.76,"24,644.00"
2020-11-04,2020110404000412,NIBLPF,45,56,"2,242",9.76,"21,881.92"
2020-11-04,2020110404000411,NIBLPF,50,56,283,9.78,"2,767.74"
2020-11-04,2020110404000377,NIBLPF,50,47,"6,192",9.78,"60,557.76"
2020-11-04,2020110404000372,NIBLPF,50,5,"2,525",9.78,"24,694.50"
2020-11-04,2020110404000245,NIBLPF,50,21,"1,000",9.78,"9,780.00"
2020-11-04,2020110404000641,NIBPO,47,47,20,376.00,"7,520.00"
2020-11-04,2020110404000661,NIBSF1,45,7,500,10.20,"5,100.00"
2020-11-04,2020110404000660,NIBSF1,45,7,"4,500",10.20,"45,900.00"
2020-11-04,2020110404000409,NIBSF1,43,7,500,10.20,"5,100.00"
2020-11-04,2020110404000577,NICBF,34,42,100,9.57,957.00
2020-11-04,2020110404000517,NICBF,34,48,100,9.57,957.00
2020-11-04,2020110404000480,NICBF,34,42,100,9.57,957.00
2020-11-04,2020110404000638,NICGF,45,34,"153,900",10.11,"1,555,929.00"
2020-11-04,2020110404000637,NICGF,45,58,"8,460",10.10,"85,446.00"
2020-11-04,2020110404000603,NICGF,45,8,"2,500",10.11,"25,275.00"
2020-11-04,2020110404000602,NICGF,45,37,"1,000",10.11,"10,110.00"
2020-11-04,2020110404000601,NICGF,45,29,"10,000",10.10,"101,000.00"
2020-11-04,2020110404000600,NICGF,45,42,"5,000",10.09,"50,450.00"
2020-11-04,2020110404000593,NICGF,45,34,"1,000",10.00,"10,000.00"
2020-11-04,2020110404000592,NICGF,45,56,"2,000",10.00,"20,000.00"
2020-11-04,2020110404000591,NICGF,45,57,"1,000",9.99,"9,990.00"
2020-11-04,2020110404000258,NICGF,57,28,"1,100",9.92,"10,912.00"
2020-11-04,2020110404000599,NICGF,45,11,"5,000",10.07,"50,350.00"
2020-11-04,2020110404000598,NICGF,45,44,"6,710",10.07,"67,569.70"
2020-11-04,2020110404000597,NICGF,45,21,"1,000",10.07,"10,070.00"
2020-11-04,2020110404000596,NICGF,45,11,500,10.06,"5,030.00"
2020-11-04,2020110404000595,NICGF,45,45,100,10.00,"1,000.00"
2020-11-04,2020110404000594,NICGF,45,6,300,10.00,"3,000.00"
2020-11-04,2020110404000572,NMB50,11,49,100,9.81,981.00
2020-11-04,2020110404000514,NMB50,11,21,100,9.90,990.00
2020-11-04,2020110404000513,NMB50,11,21,100,9.90,990.00
2020-11-04,2020110404000512,NMB50,11,45,100,9.85,985.00
2020-11-04,2020110404000511,NMB50,11,42,100,9.81,981.00
2020-11-04,2020110404000423,NMBHF1,6,14,"4,161",9.50,"39,529.50"
2020-11-04,2020110404000193,NMBHF1,6,41,200,9.46,"1,892.00"
2020-11-04,2020110404000655,NMBPO,49,57,"5,242",250.00,"1,310,500.00"
2020-11-04,2020110404000631,RBCLPO,32,45,10,"12,350.00","123,500.00"
2020-11-04,2020110404000615,RBCLPO,28,28,50,"12,400.00","620,000.00"
2020-11-04,2020110404000364,RBCLPO,14,28,10,"12,600.00","126,000.00"
2020-11-04,2020110404000356,RBCLPO,14,59,10,"12,500.00","125,000.00"
2020-11-04,2020110404000355,RBCLPO,14,38,10,"12,405.00","124,050.00"
2020-11-04,2020110404000351,RBCLPO,4,28,20,"12,399.00","247,980.00"
2020-11-04,2020110404000237,RBCLPO,34,28,30,"12,411.00","372,330.00"
2020-11-04,2020110404000305,RBCLPO,35,28,100,"12,162.00","1,216,200.00"
2020-11-04,2020110404000302,RBCLPO,35,14,10,"12,162.00","121,620.00"
2020-11-04,2020110404000301,RBCLPO,6,14,20,"12,162.00","243,240.00"
2020-11-04,2020110404000300,RBCLPO,56,14,10,"12,163.00","121,630.00"
2020-11-04,2020110404000239,RBCLPO,56,28,40,"12,410.00","496,400.00"
2020-11-04,2020110404000238,RBCLPO,59,28,10,"12,410.00","124,100.00"
2020-11-04,2020110404000419,SAEF,32,22,500,10.27,"5,135.00"
2020-11-04,2020110404000399,SAEF,32,57,500,10.27,"5,135.00"
2020-11-04,2020110404000369,SAEF,33,58,100,10.26,"1,026.00"
2020-11-04,2020110404000341,SAEF,21,57,500,10.27,"5,135.00"
2020-11-04,2020110404000194,SAEF,50,1,500,10.23,"5,115.00"
2020-11-04,2020110404000646,SEF,6,51,500,9.72,"4,860.00"
2020-11-04,2020110404000494,SEF,57,56,200,9.71,"1,942.00"
2020-11-04,2020110404000492,SEF,39,56,800,9.72,"7,776.00"
2020-11-04,2020110404000478,SEF,57,56,500,9.71,"4,855.00"
2020-11-04,2020110404000472,SEF,43,56,500,9.75,"4,875.00"
2020-11-04,2020110404000346,SEF,57,57,500,9.71,"4,855.00"
2020-11-04,2020110404000304,SEF,57,56,"1,000",9.75,"9,750.00"
2020-11-04,2020110404000230,SEF,33,41,400,9.70,"3,880.00"
2020-11-04,2020110404000229,SEF,34,41,100,9.77,977.00
2020-11-04,2020110404000227,SEF,57,34,"1,000",9.80,"9,800.00"
2020-11-04,2020110404000639,SFMF,6,58,100,9.45,945.00
2020-11-04,2020110404000470,STC,48,59,10,"3,869.00","38,690.00"
2020-11-04,2020110403008533,ALBSL,3,3,11,863.00,"9,493.00"
2020-11-04,2020110403008699,ALICL,44,52,100,738.00,"73,800.00"
2020-11-04,2020110403008666,ALICL,44,45,50,738.00,"36,900.00"
2020-11-04,2020110403008571,ALICL,44,33,479,738.00,"353,502.00"
2020-11-04,2020110403008570,ALICL,52,33,30,738.00,"22,140.00"
2020-11-04,2020110404000158,BBC,17,28,10,"2,575.00","25,750.00"
2020-11-04,2020110404000157,BBC,21,28,20,"2,575.00","51,500.00"
2020-11-04,2020110404000156,BBC,17,28,10,"2,575.00","25,750.00"
2020-11-04,2020110404000155,BBC,38,28,150,"2,575.00","386,250.00"
2020-11-04,2020110404000154,BBC,56,28,100,"2,575.00","257,500.00"
2020-11-04,2020110404000153,BBC,52,28,10,"2,575.00","25,750.00"
2020-11-04,2020110404000008,BBC,48,34,10,"2,507.00","25,070.00"
2020-11-04,2020110404000006,BBC,48,18,10,"2,507.00","25,070.00"
2020-11-04,2020110404000001,BBC,48,22,20,"2,458.00","49,160.00"
2020-11-04,2020110404000017,BBC,45,45,10,"2,507.00","25,070.00"
2020-11-04,2020110404000016,BBC,45,13,30,"2,557.00","76,710.00"
2020-11-04,2020110404000015,BBC,47,13,25,"2,557.00","63,925.00"
2020-11-04,2020110404000012,BBC,29,34,10,"2,557.00","25,570.00"
2020-11-04,2020110404000010,BBC,47,13,75,"2,507.00","188,025.00"
2020-11-04,2020110404000009,BBC,48,13,130,"2,507.00","325,910.00"
2020-11-04,2020110404000025,BBC,17,13,110,"2,507.00","275,770.00"
2020-11-04,2020110404000024,BBC,45,13,20,"2,507.00","50,140.00"
2020-11-04,2020110404000023,BBC,51,13,70,"2,507.00","175,490.00"
2020-11-04,2020110404000020,BBC,46,45,30,"2,507.00","75,210.00"
2020-11-04,2020110404000019,BBC,34,45,10,"2,507.00","25,070.00"
2020-11-04,2020110404000018,BBC,21,45,50,"2,507.00","125,350.00"
2020-11-04,2020110404000037,BBC,1,34,20,"2,574.00","51,480.00"
2020-11-04,2020110404000036,BBC,28,36,10,"2,557.00","25,570.00"
2020-11-04,2020110404000034,BBC,54,18,20,"2,575.00","51,500.00"
2020-11-04,2020110404000030,BBC,48,18,20,"2,575.00","51,500.00"
2020-11-04,2020110404000029,BBC,48,34,20,"2,575.00","51,500.00"
2020-11-04,2020110404000028,BBC,46,25,10,"2,557.00","25,570.00"
2020-11-04,2020110404000051,BBC,45,18,70,"2,575.00","180,250.00"
2020-11-04,2020110404000050,BBC,45,25,30,"2,557.00","76,710.00"
2020-11-04,2020110404000049,BBC,33,18,10,"2,575.00","25,750.00"
2020-11-04,2020110404000048,BBC,51,18,20,"2,575.00","51,500.00"
2020-11-04,2020110404000045,BBC,51,34,10,"2,575.00","25,750.00"
2020-11-04,2020110404000038,BBC,1,18,250,"2,575.00","643,750.00"
2020-11-04,2020110404000064,BBC,17,34,20,"2,573.00","51,460.00"
2020-11-04,2020110404000062,BBC,25,34,20,"2,574.00","51,480.00"
2020-11-04,2020110404000061,BBC,38,28,20,"2,575.00","51,500.00"
2020-11-04,2020110404000058,BBC,58,34,20,"2,574.00","51,480.00"
2020-11-04,2020110404000053,BBC,50,17,20,"2,575.00","51,500.00"
2020-11-04,2020110404000052,BBC,17,17,10,"2,575.00","25,750.00"
2020-11-04,2020110404000073,BBC,17,34,20,"2,575.00","51,500.00"
2020-11-04,2020110404000069,BBC,46,26,10,"2,575.00","25,750.00"
2020-11-04,2020110404000068,BBC,46,22,50,"2,575.00","128,750.00"
2020-11-04,2020110404000067,BBC,46,13,50,"2,575.00","128,750.00"
2020-11-04,2020110404000066,BBC,17,13,50,"2,575.00","128,750.00"
2020-11-04,2020110404000065,BBC,17,50,20,"2,574.00","51,480.00"
2020-11-04,2020110404000091,BBC,42,41,36,"2,575.00","92,700.00"
2020-11-04,2020110404000090,BBC,5,41,14,"2,575.00","36,050.00"
2020-11-04,2020110404000085,BBC,5,50,11,"2,575.00","28,325.00"
2020-11-04,2020110404000084,BBC,17,50,19,"2,575.00","48,925.00"
2020-11-04,2020110404000078,BBC,17,26,50,"2,575.00","128,750.00"
2020-11-04,2020110404000074,BBC,17,10,11,"2,575.00","28,325.00"
2020-11-04,2020110404000140,BBC,49,28,20,"2,575.00","51,500.00"
2020-11-04,2020110404000139,BBC,34,28,10,"2,575.00","25,750.00"
2020-11-04,2020110404000138,BBC,58,28,10,"2,575.00","25,750.00"
2020-11-04,2020110404000137,BBC,42,28,89,"2,575.00","229,175.00"
2020-11-04,2020110404000098,BBC,42,28,15,"2,575.00","38,625.00"
2020-11-04,2020110404000094,BBC,42,28,50,"2,575.00","128,750.00"
2020-11-04,2020110404000146,BBC,21,28,20,"2,575.00","51,500.00"
2020-11-04,2020110404000145,BBC,34,28,70,"2,575.00","180,250.00"
2020-11-04,2020110404000144,BBC,5,28,50,"2,575.00","128,750.00"
2020-11-04,2020110404000143,BBC,32,28,100,"2,575.00","257,500.00"
2020-11-04,2020110404000142,BBC,45,28,19,"2,575.00","48,925.00"
2020-11-04,2020110404000141,BBC,7,28,30,"2,575.00","77,250.00"
2020-11-04,2020110404000152,BBC,38,28,30,"2,575.00","77,250.00"
2020-11-04,2020110404000151,BBC,57,28,100,"2,575.00","257,500.00"
2020-11-04,2020110404000150,BBC,26,28,50,"2,575.00","128,750.00"
2020-11-04,2020110404000149,BBC,7,28,50,"2,575.00","128,750.00"
2020-11-04,2020110404000148,BBC,45,28,10,"2,575.00","25,750.00"
2020-11-04,2020110404000147,BBC,58,28,10,"2,575.00","25,750.00"
2020-11-04,2020110403008836,CIT,26,17,10,"3,751.00","37,510.00"
2020-11-04,2020110403008813,CIT,26,5,135,"3,750.00","506,250.00"
2020-11-04,2020110403008792,CIT,25,39,15,"3,750.00","56,250.00"
2020-11-04,2020110403008791,CIT,1,39,55,"3,750.00","206,250.00"
2020-11-04,2020110403008715,CIT,19,45,10,"3,751.00","37,510.00"
2020-11-04,2020110403008659,CIT,33,17,62,"3,755.00","232,810.00"
2020-11-04,2020110403008559,CIT,45,3,10,"3,752.00","37,520.00"
2020-11-04,2020110403008558,CIT,19,3,10,"3,752.00","37,520.00"
2020-11-04,2020110403008737,CLBSL,36,33,66,740.00,"48,840.00"
2020-11-04,2020110403008812,CORBL,38,32,10,197.00,"1,970.00"
2020-11-04,2020110403008707,DDBL,40,44,50,970.00,"48,500.00"
2020-11-04,2020110403008706,DDBL,21,44,50,970.00,"48,500.00"
2020-11-04,2020110403008705,DDBL,42,44,100,970.00,"97,000.00"
2020-11-04,2020110403008660,DDBL,56,19,100,971.00,"97,100.00"
2020-11-04,2020110403008579,DDBL,56,50,95,971.00,"92,245.00"
2020-11-04,2020110403008578,DDBL,57,50,20,972.00,"19,440.00"
2020-11-04,2020110403008577,DDBL,19,50,25,972.00,"24,300.00"
2020-11-04,2020110403008576,DDBL,42,50,10,972.00,"9,720.00"
2020-11-04,2020110403008562,EDBL,58,37,233,315.00,"73,395.00"
2020-11-04,2020110403008561,EDBL,21,37,20,315.00,"6,300.00"
2020-11-04,2020110403008560,EDBL,43,37,17,316.00,"5,372.00"
2020-11-04,2020110403008740,FMDBL,28,45,50,613.00,"30,650.00"
2020-11-04,2020110403008643,FMDBL,43,16,100,613.00,"61,300.00"
2020-11-04,2020110403008609,FMDBL,43,46,100,613.00,"61,300.00"
2020-11-04,2020110403008608,FMDBL,43,45,43,612.00,"26,316.00"
2020-11-04,2020110403008540,FMDBL,43,38,100,612.00,"61,200.00"
2020-11-04,2020110403008845,FOWAD,21,38,20,"1,600.00","32,000.00"
2020-11-04,2020110403008804,GBBL,46,6,10,268.00,"2,680.00"
2020-11-04,2020110403008677,GBBL,4,42,49,267.00,"13,083.00"
2020-11-04,2020110403008676,GBBL,4,18,100,267.00,"26,700.00"
2020-11-04,2020110403008563,GBBL,14,50,"5,000",267.00,"1,335,000.00"
2020-11-04,2020110403008786,GBLBS,58,49,30,550.00,"16,500.00"
2020-11-04,2020110403008785,GBLBS,36,49,270,550.00,"148,500.00"
2020-11-04,2020110403008784,GBLBS,36,49,15,550.00,"8,250.00"
2020-11-04,2020110403008783,GBLBS,25,49,300,550.00,"165,000.00"
2020-11-04,2020110403008782,GBLBS,51,49,200,550.00,"110,000.00"
2020-11-04,2020110403008781,GBLBS,42,49,32,550.00,"17,600.00"
2020-11-04,2020110403008651,GBLBS,6,49,15,551.00,"8,265.00"
2020-11-04,2020110403008538,GBLBS,16,34,81,550.00,"44,550.00"
2020-11-04,2020110403008537,GBLBS,45,34,69,550.00,"37,950.00"
2020-11-04,2020110403008780,GBLBS,14,49,100,550.00,"55,000.00"
2020-11-04,2020110403008779,GBLBS,26,49,100,550.00,"55,000.00"
2020-11-04,2020110403008778,GBLBS,10,49,19,550.00,"10,450.00"
2020-11-04,2020110403008710,GBLBS,6,29,35,552.00,"19,320.00"
2020-11-04,2020110403008662,GBLBS,10,19,81,550.00,"44,550.00"
2020-11-04,2020110403008661,GBLBS,16,19,419,550.00,"230,450.00"
2020-11-04,2020110403008617,GFCL,41,52,815,199.00,"162,185.00"
2020-11-04,2020110403008616,GFCL,10,52,65,199.00,"12,935.00"
2020-11-04,2020110403008850,GGBSL,52,11,20,842.00,"16,840.00"
2020-11-04,2020110403008834,GGBSL,22,36,10,840.00,"8,400.00"
2020-11-04,2020110403008833,GGBSL,22,53,10,834.00,"8,340.00"
2020-11-04,2020110403008803,GGBSL,52,41,10,833.00,"8,330.00"
2020-11-04,2020110404000165,GIC,42,38,10,541.00,"5,410.00"
2020-11-04,2020110404000164,GIC,42,38,10,541.00,"5,410.00"
2020-11-04,2020110404000163,GIC,42,20,10,541.00,"5,410.00"
2020-11-04,2020110404000162,GIC,42,6,10,541.00,"5,410.00"
2020-11-04,2020110404000161,GIC,42,38,10,541.00,"5,410.00"
2020-11-04,2020110404000160,GIC,42,38,10,541.00,"5,410.00"
2020-11-04,2020110404000011,GIC,42,14,10,540.00,"5,400.00"
2020-11-04,2020110404000007,GIC,42,10,10,540.00,"5,400.00"
2020-11-04,2020110404000005,GIC,42,56,10,540.00,"5,400.00"
2020-11-04,2020110404000004,GIC,42,10,10,540.00,"5,400.00"
2020-11-04,2020110404000003,GIC,42,3,10,540.00,"5,400.00"
2020-11-04,2020110404000002,GIC,42,3,10,540.00,"5,400.00"
2020-11-04,2020110404000032,GIC,58,58,10,538.00,"5,380.00"
2020-11-04,2020110404000031,GIC,42,10,10,540.00,"5,400.00"
2020-11-04,2020110404000027,GIC,42,14,10,540.00,"5,400.00"
2020-11-04,2020110404000026,GIC,42,58,10,540.00,"5,400.00"
2020-11-04,2020110404000022,GIC,42,10,10,540.00,"5,400.00"
2020-11-04,2020110404000021,GIC,42,14,10,540.00,"5,400.00"
2020-11-04,2020110404000042,GIC,22,10,10,540.00,"5,400.00"
2020-11-04,2020110404000041,GIC,22,14,10,540.00,"5,400.00"
2020-11-04,2020110404000040,GIC,22,10,10,538.00,"5,380.00"
2020-11-04,2020110404000039,GIC,42,6,10,535.00,"5,350.00"
2020-11-04,2020110404000035,GIC,58,42,10,538.00,"5,380.00"
2020-11-04,2020110404000033,GIC,58,45,10,538.00,"5,380.00"
2020-11-04,2020110404000060,GIC,22,53,10,540.00,"5,400.00"
2020-11-04,2020110404000059,GIC,34,34,10,545.00,"5,450.00"
2020-11-04,2020110404000047,GIC,22,52,10,540.00,"5,400.00"
2020-11-04,2020110404000046,GIC,22,45,10,540.00,"5,400.00"
2020-11-04,2020110404000044,GIC,22,49,10,540.00,"5,400.00"
2020-11-04,2020110404000043,GIC,22,58,10,540.00,"5,400.00"
2020-11-04,2020110404000076,GIC,45,10,10,540.00,"5,400.00"
