Date,Transact. No.,Symbol,Buyer,Seller,Quantity,Rate,Amount
2019-11-21,2019112101005659,ADBL,22,55,100,412.00,"41,200.00"
2019-11-21,2019112101005507,ADBL,57,55,200,412.00,"82,400.00"
2019-11-21,2019112101005579,AKBSL,25,42,10,429.00,"4,290.00"
2019-11-21,2019112101005311,AKBSL,18,18,10,425.00,"4,250.00"
2019-11-21,2019112101005523,AKJCL,56,37,20,58.00,"1,160.00"
2019-11-21,2019112101005554,ALBSL,50,50,10,395.00,"3,950.00"
2019-11-21,2019112101005553,ALBSL,50,17,10,395.00,"3,950.00"
2019-11-21,2019112101005537,ALBSL,58,42,10,391.00,"3,910.00"
2019-11-21,2019112101005536,ALBSL,40,42,50,391.00,"19,550.00"
2019-11-21,2019112101005535,ALBSL,57,42,20,392.00,"7,840.00"
2019-11-21,2019112101005534,ALBSL,42,42,20,393.00,"7,860.00"
2019-11-21,2019112101005334,ALICL,49,21,20,315.00,"6,300.00"
2019-11-21,2019112101005333,ALICL,49,14,105,315.00,"33,075.00"
2019-11-21,2019112101005332,ALICL,49,45,"1,000",315.00,"315,000.00"
2019-11-21,2019112101005331,ALICL,49,7,70,315.00,"22,050.00"
2019-11-21,2019112101005420,BFC,14,17,91,87.00,"7,917.00"
2019-11-21,2019112101005419,BFC,26,17,409,87.00,"35,583.00"
2019-11-21,2019112101005362,BFC,26,47,41,87.00,"3,567.00"
2019-11-21,2019112101005361,BFC,42,47,50,87.00,"4,350.00"
2019-11-21,2019112101005359,BFC,1,47,50,88.00,"4,400.00"
2019-11-21,2019112101005358,BFC,42,47,22,88.00,"1,936.00"
2019-11-21,2019112101005355,BFC,1,47,10,89.00,890.00
2019-11-21,2019112101005208,BOKL,6,29,719,217.00,"156,023.00"
2019-11-21,2019112101005207,BOKL,6,44,281,217.00,"60,977.00"
2019-11-21,2019112101005620,BPCL,49,47,30,347.00,"10,410.00"
2019-11-21,2019112101005452,BPCL,1,32,1,345.00,345.00
2019-11-21,2019112101005345,BPCL,49,57,70,347.00,"24,290.00"
2019-11-21,2019112101005330,BPCL,43,26,50,345.00,"17,250.00"
2019-11-21,2019112101005521,CBBL,44,4,175,966.00,"169,050.00"
2019-11-21,2019112101005211,CBBL,17,4,15,966.00,"14,490.00"
2019-11-21,2019112101005175,CBBL,44,52,50,964.00,"48,200.00"
2019-11-21,2019112101005481,CBL,42,58,58,137.00,"7,946.00"
2019-11-21,2019112101005480,CBL,42,58,160,137.00,"21,920.00"
2019-11-21,2019112101005431,CBL,13,58,50,137.00,"6,850.00"
2019-11-21,2019112101005406,CBL,58,21,513,136.00,"69,768.00"
2019-11-21,2019112101005405,CBL,43,21,"1,029",136.00,"139,944.00"
2019-11-21,2019112101005240,CBL,43,3,200,136.00,"27,200.00"
2019-11-21,2019112101005213,CBL,43,3,500,136.00,"68,000.00"
2019-11-21,2019112101005181,CBL,43,46,108,136.00,"14,688.00"
2019-11-21,2019112101005612,CCBL,7,25,100,160.00,"16,000.00"
2019-11-21,2019112101005611,CCBL,7,18,50,160.00,"8,000.00"
2019-11-21,2019112101005588,CCBL,6,18,500,160.00,"80,000.00"
2019-11-21,2019112101005384,CCBL,14,18,50,160.00,"8,000.00"
2019-11-21,2019112101005262,CCBL,14,40,122,159.00,"19,398.00"
2019-11-21,2019112101005494,CFCL,41,28,100,109.00,"10,900.00"
2019-11-21,2019112101005511,CHCL,16,22,100,353.00,"35,300.00"
2019-11-21,2019112101005484,CHCL,16,45,100,353.00,"35,300.00"
2019-11-21,2019112101005241,CHCL,25,11,10,357.00,"3,570.00"
2019-11-21,2019112101005573,CIT,1,47,20,"1,740.00","34,800.00"
2019-11-21,2019112101005449,CIT,16,47,10,"1,740.00","17,400.00"
2019-11-21,2019112101005561,CZBIL,5,44,100,183.00,"18,300.00"
2019-11-21,2019112101005438,CZBIL,8,58,41,182.00,"7,462.00"
2019-11-21,2019112101005437,CZBIL,1,58,350,182.00,"63,700.00"
2019-11-21,2019112101005436,CZBIL,59,58,50,182.00,"9,100.00"
2019-11-21,2019112101005435,CZBIL,37,58,50,182.00,"9,100.00"
2019-11-21,2019112101005434,CZBIL,45,58,"1,419",182.00,"258,258.00"
2019-11-21,2019112101005323,CZBIL,56,44,30,183.00,"5,490.00"
2019-11-21,2019112101005668,DDBL,49,4,100,720.00,"72,000.00"
2019-11-21,2019112101005601,DDBL,18,56,100,722.00,"72,200.00"
2019-11-21,2019112101005599,DDBL,49,4,"2,500",720.00,"1,800,000.00"
2019-11-21,2019112101005371,DDBL,49,33,125,720.00,"90,000.00"
2019-11-21,2019112101005370,DDBL,49,33,25,720.00,"18,000.00"
2019-11-21,2019112101005350,DDBL,49,4,"1,975",720.00,"1,422,000.00"
2019-11-21,2019112101005349,DDBL,53,4,15,720.00,"10,800.00"
2019-11-21,2019112101005348,DDBL,38,4,10,720.00,"7,200.00"
2019-11-21,2019112101005630,EBL,41,42,60,548.00,"32,880.00"
2019-11-21,2019112101005566,EBL,41,32,40,548.00,"21,920.00"
2019-11-21,2019112101005565,EBL,53,32,10,548.00,"5,480.00"
2019-11-21,2019112101005564,EBL,13,51,298,548.00,"163,304.00"
2019-11-21,2019112101005563,EBL,16,51,180,548.00,"98,640.00"
2019-11-21,2019112101005562,EBL,44,51,175,548.00,"95,900.00"
2019-11-21,2019112101005243,EBL,40,17,90,548.00,"49,320.00"
2019-11-21,2019112101005242,EBL,57,17,128,548.00,"70,144.00"
2019-11-21,2019112101005488,EBL,44,51,125,548.00,"68,500.00"
2019-11-21,2019112101005487,EBL,7,51,100,548.00,"54,800.00"
2019-11-21,2019112101005486,EBL,40,51,75,548.00,"41,100.00"
2019-11-21,2019112101005329,EBL,40,1,200,548.00,"109,600.00"
2019-11-21,2019112101005317,EBL,40,1,135,548.00,"73,980.00"
2019-11-21,2019112101005538,EIC,42,41,15,214.00,"3,210.00"
2019-11-21,2019112101005372,EIC,49,32,200,216.00,"43,200.00"
2019-11-21,2019112101005263,EIC,52,11,36,215.00,"7,740.00"
2019-11-21,2019112101005580,FMDBL,47,46,10,303.00,"3,030.00"
2019-11-21,2019112101005491,GBBL,35,49,160,225.00,"36,000.00"
2019-11-21,2019112101005490,GBBL,35,5,90,225.00,"20,250.00"
2019-11-21,2019112101005456,GBBL,29,5,200,225.00,"45,000.00"
2019-11-21,2019112101005339,GBBL,57,50,164,224.00,"36,736.00"
2019-11-21,2019112101005305,GBBL,41,50,136,224.00,"30,464.00"
2019-11-21,2019112101005304,GBBL,41,49,64,224.00,"14,336.00"
2019-11-21,2019112101005493,GBLBS,42,5,500,293.00,"146,500.00"
2019-11-21,2019112101005401,GBLBS,38,32,110,291.00,"32,010.00"
2019-11-21,2019112101005309,GBLBS,47,32,100,291.00,"29,100.00"
2019-11-21,2019112101005271,GBLBS,1,40,15,289.00,"4,335.00"
2019-11-21,2019112101005246,GBLBS,18,5,150,290.00,"43,500.00"
2019-11-21,2019112101005234,GBLBS,3,5,65,290.00,"18,850.00"
2019-11-21,2019112101005232,GBLBS,8,5,285,290.00,"82,650.00"
2019-11-21,2019112101005231,GBLBS,8,17,15,290.00,"4,350.00"
2019-11-21,2019112101005560,GGBSL,7,25,10,633.00,"6,330.00"
2019-11-21,2019112101005540,GGBSL,7,13,10,633.00,"6,330.00"
2019-11-21,2019112101005277,GGBSL,7,57,10,633.00,"6,330.00"
2019-11-21,2019112101005252,GGBSL,7,58,10,633.00,"6,330.00"
2019-11-21,2019112101005228,GGBSL,49,29,10,633.00,"6,330.00"
2019-11-21,2019112101005210,GGBSL,49,29,10,633.00,"6,330.00"
2019-11-21,2019112101005499,GILB,25,57,20,721.00,"14,420.00"
2019-11-21,2019112101005498,GILB,7,57,10,722.00,"7,220.00"
2019-11-21,2019112101005641,GLBSL,34,50,90,394.00,"35,460.00"
2019-11-21,2019112101005640,GLBSL,6,50,10,395.00,"3,950.00"
2019-11-21,2019112101005439,GLICL,19,45,22,348.00,"7,656.00"
2019-11-21,2019112101005425,GLICL,45,45,92,350.00,"32,200.00"
2019-11-21,2019112101005424,GLICL,45,39,38,350.00,"13,300.00"
2019-11-21,2019112101005470,GMFBS,22,6,10,490.00,"4,900.00"
2019-11-21,2019112101005469,GMFBS,22,34,34,489.00,"16,626.00"
2019-11-21,2019112101005468,GMFBS,22,56,28,488.00,"13,664.00"
2019-11-21,2019112101005467,GMFBS,22,10,10,487.00,"4,870.00"
2019-11-21,2019112101005385,GMFBS,17,45,10,485.00,"4,850.00"
2019-11-21,2019112101005344,GMFBS,17,10,10,481.00,"4,810.00"
2019-11-21,2019112101005233,GMFBS,18,18,10,473.00,"4,730.00"
2019-11-21,2019112101005220,GMFBS,18,18,10,473.00,"4,730.00"
2019-11-21,2019112101005273,GMFBS,18,18,10,473.00,"4,730.00"
2019-11-21,2019112101005270,GMFBS,18,18,10,473.00,"4,730.00"
2019-11-21,2019112101005261,GMFBS,18,18,10,473.00,"4,730.00"
2019-11-21,2019112101005253,GMFBS,37,10,10,481.00,"4,810.00"
2019-11-21,2019112101005247,GMFBS,18,18,10,473.00,"4,730.00"
2019-11-21,2019112101005236,GMFBS,18,18,10,473.00,"4,730.00"
2019-11-21,2019112101005596,HDL,45,50,30,"1,750.00","52,500.00"
2019-11-21,2019112101005595,HDL,16,50,10,"1,750.00","17,500.00"
2019-11-21,2019112101005594,HDL,56,50,50,"1,750.00","87,500.00"
2019-11-21,2019112101005593,HDL,34,50,30,"1,751.00","52,530.00"
2019-11-21,2019112101005592,HDL,25,50,20,"1,752.00","35,040.00"
2019-11-21,2019112101005591,HDL,45,50,20,"1,752.00","35,040.00"
2019-11-21,2019112101005590,HDL,45,50,10,"1,755.00","17,550.00"
2019-11-21,2019112101005589,HDL,49,50,30,"1,755.00","52,650.00"
2019-11-21,2019112101005658,HIDCL,25,34,775,131.00,"101,525.00"
2019-11-21,2019112101005552,HIDCL,53,34,717,131.00,"93,927.00"
2019-11-21,2019112101005551,HIDCL,53,6,52,131.00,"6,812.00"
2019-11-21,2019112101005550,HIDCL,53,11,31,131.00,"4,061.00"
2019-11-21,2019112101005319,HIDCL,6,58,200,130.00,"26,000.00"
2019-11-21,2019112101005318,HIDCL,45,58,100,130.00,"13,000.00"
2019-11-21,2019112101005321,HURJA,22,19,10,101.00,"1,010.00"
2019-11-21,2019112101005201,HURJA,29,19,10,102.00,"1,020.00"
2019-11-21,2019112101005450,ICFC,57,45,90,160.00,"14,400.00"
2019-11-21,2019112101005416,IGI,45,45,100,290.00,"29,000.00"
2019-11-21,2019112101005415,IGI,45,26,35,290.00,"10,150.00"
2019-11-21,2019112101005497,ILBS,58,51,10,470.00,"4,700.00"
2019-11-21,2019112101005642,JBBL,43,51,500,159.00,"79,500.00"
2019-11-21,2019112101005457,JBBL,41,51,50,159.00,"7,950.00"
2019-11-21,2019112101005417,JBBL,6,51,400,159.00,"63,600.00"
2019-11-21,2019112101005381,JBBL,34,32,500,158.00,"79,000.00"
2019-11-21,2019112101005303,JFL,57,58,80,192.00,"15,360.00"
2019-11-21,2019112101005495,KBL,39,16,"1,225",177.00,"216,825.00"
2019-11-21,2019112101005432,KBL,39,44,97,177.00,"17,169.00"
2019-11-21,2019112101005298,KBL,8,44,903,177.00,"159,831.00"
2019-11-21,2019112101005297,KBL,8,28,897,177.00,"158,769.00"
2019-11-21,2019112101005662,KPCL,22,58,10,83.00,830.00
2019-11-21,2019112101005269,KPCL,10,59,220,84.00,"18,480.00"
2019-11-21,2019112101005248,KPCL,10,26,40,84.00,"3,360.00"
2019-11-21,2019112101005229,KPCL,19,26,50,84.00,"4,200.00"
2019-11-21,2019112101005302,KPCL,19,29,10,83.00,830.00
2019-11-21,2019112101005451,KPCL,19,59,200,84.00,"16,800.00"
2019-11-21,2019112101005586,KPCL,22,58,10,83.00,830.00
2019-11-21,2019112101005316,KSBBL,13,21,"1,000",134.00,"134,000.00"
2019-11-21,2019112101005315,KSBBL,39,21,500,134.00,"67,000.00"
2019-11-21,2019112101005314,KSBBL,38,21,100,134.00,"13,400.00"
2019-11-21,2019112101005313,KSBBL,1,21,244,134.00,"32,696.00"
2019-11-21,2019112101005489,LBBL,19,32,200,169.00,"33,800.00"
2019-11-21,2019112101005295,LBBL,44,32,50,169.00,"8,450.00"
2019-11-21,2019112101005294,LBBL,44,32,50,169.00,"8,450.00"
2019-11-21,2019112101005293,LBBL,44,32,50,169.00,"8,450.00"
2019-11-21,2019112101005632,LBL,45,36,182,216.00,"39,312.00"
2019-11-21,2019112101005631,LBL,45,42,818,216.00,"176,688.00"
2019-11-21,2019112101005226,LBL,55,36,512,215.00,"110,080.00"
2019-11-21,2019112101005225,LBL,19,36,100,215.00,"21,500.00"
2019-11-21,2019112101005224,LBL,1,36,283,215.00,"60,845.00"
2019-11-21,2019112101005444,MBL,51,57,13,218.00,"2,834.00"
2019-11-21,2019112101005443,MBL,14,57,387,218.00,"84,366.00"
2019-11-21,2019112101005442,MBL,34,57,100,219.00,"21,900.00"
2019-11-21,2019112101005585,MDB,53,17,470,238.00,"111,860.00"
2019-11-21,2019112101005584,MDB,38,17,500,238.00,"119,000.00"
2019-11-21,2019112101005583,MDB,49,17,30,239.00,"7,170.00"
2019-11-21,2019112101005567,MEGA,38,42,50,182.00,"9,100.00"
2019-11-21,2019112101005455,MERO,42,50,100,415.00,"41,500.00"
2019-11-21,2019112101005471,MLBBL,32,48,10,433.00,"4,330.00"
2019-11-21,2019112101005459,MLBL,4,34,223,175.00,"39,025.00"
2019-11-21,2019112101005458,MLBL,4,34,277,175.00,"48,475.00"
2019-11-21,2019112101005543,MNBBL,21,36,200,313.00,"62,600.00"
2019-11-21,2019112101005542,MNBBL,57,36,100,313.00,"31,300.00"
2019-11-21,2019112101005230,MSMBS,51,49,11,450.00,"4,950.00"
2019-11-21,2019112101005634,NABIL,44,51,25,740.00,"18,500.00"
2019-11-21,2019112101005544,NABIL,51,32,50,739.00,"36,950.00"
2019-11-21,2019112101005501,NABIL,26,17,100,740.00,"74,000.00"
2019-11-21,2019112101005500,NABIL,44,17,50,740.00,"37,000.00"
2019-11-21,2019112101005428,NABIL,43,17,100,740.00,"74,000.00"
2019-11-21,2019112101005427,NABIL,6,17,100,740.00,"74,000.00"
2019-11-21,2019112101005184,NABIL,45,17,10,741.00,"7,410.00"
2019-11-21,2019112101005183,NABIL,34,17,100,742.00,"74,200.00"
2019-11-21,2019112101005182,NABIL,32,17,240,742.00,"178,080.00"
2019-11-21,2019112101005190,NABIL,22,17,100,740.00,"74,000.00"
2019-11-21,2019112101005189,NABIL,42,17,10,740.00,"7,400.00"
2019-11-21,2019112101005188,NABIL,45,17,20,740.00,"14,800.00"
2019-11-21,2019112101005187,NABIL,42,17,50,740.00,"37,000.00"
2019-11-21,2019112101005186,NABIL,43,17,200,741.00,"148,200.00"
2019-11-21,2019112101005185,NABIL,22,17,40,741.00,"29,640.00"
2019-11-21,2019112101005308,NABIL,16,17,100,740.00,"74,000.00"
2019-11-21,2019112101005307,NABIL,56,17,100,740.00,"74,000.00"
2019-11-21,2019112101005194,NABIL,43,17,100,740.00,"74,000.00"
2019-11-21,2019112101005193,NABIL,51,17,50,740.00,"37,000.00"
2019-11-21,2019112101005192,NABIL,28,17,100,740.00,"74,000.00"
2019-11-21,2019112101005191,NABIL,29,17,100,740.00,"74,000.00"
2019-11-21,2019112101005657,NBB,37,37,582,202.00,"117,564.00"
2019-11-21,2019112101005656,NBB,38,37,202,202.00,"40,804.00"
2019-11-21,2019112101005655,NBB,28,37,56,202.00,"11,312.00"
2019-11-21,2019112101005418,NBB,28,57,"1,000",202.00,"202,000.00"
2019-11-21,2019112101005357,NBB,28,10,250,202.00,"50,500.00"
2019-11-21,2019112101005299,NBB,28,49,194,202.00,"39,188.00"
2019-11-21,2019112101005670,NBL,10,17,500,314.00,"157,000.00"
2019-11-21,2019112101005663,NBL,10,17,"1,500",314.00,"471,000.00"
2019-11-21,2019112101005661,NBL,43,38,10,315.00,"3,150.00"
2019-11-21,2019112101005623,NBL,33,17,"2,120",314.00,"665,680.00"
2019-11-21,2019112101005622,NBL,33,17,"1,000",314.00,"314,000.00"
2019-11-21,2019112101005621,NBL,33,13,200,314.00,"62,800.00"
2019-11-21,2019112101005282,NBL,44,22,"1,000",315.00,"315,000.00"
2019-11-21,2019112101005281,NBL,44,18,519,315.00,"163,485.00"
2019-11-21,2019112101005275,NBL,44,18,"1,000",315.00,"315,000.00"
2019-11-21,2019112101005196,NBL,17,18,50,315.00,"15,750.00"
2019-11-21,2019112101005301,NBL,5,38,56,315.00,"17,640.00"
2019-11-21,2019112101005300,NBL,5,5,444,315.00,"139,860.00"
2019-11-21,2019112101005290,NBL,53,5,481,315.00,"151,515.00"
2019-11-21,2019112101005289,NBL,53,5,519,315.00,"163,485.00"
2019-11-21,2019112101005287,NBL,33,13,400,314.00,"125,600.00"
2019-11-21,2019112101005283,NBL,44,5,481,315.00,"151,515.00"
2019-11-21,2019112101005368,NBL,10,17,200,314.00,"62,800.00"
2019-11-21,2019112101005367,NBL,32,17,120,314.00,"37,680.00"
2019-11-21,2019112101005366,NBL,41,17,20,314.00,"6,280.00"
2019-11-21,2019112101005365,NBL,49,17,300,314.00,"94,200.00"
2019-11-21,2019112101005364,NBL,45,17,500,314.00,"157,000.00"
2019-11-21,2019112101005363,NBL,33,17,250,314.00,"78,500.00"
2019-11-21,2019112101005391,NBL,42,17,10,314.00,"3,140.00"
2019-11-21,2019112101005388,NBL,42,17,10,314.00,"3,140.00"
2019-11-21,2019112101005387,NBL,58,17,100,314.00,"31,400.00"
2019-11-21,2019112101005386,NBL,55,17,"1,390",314.00,"436,460.00"
2019-11-21,2019112101005383,NBL,55,17,"1,500",314.00,"471,000.00"
2019-11-21,2019112101005369,NBL,55,17,110,314.00,"34,540.00"
2019-11-21,2019112101005397,NBL,21,17,500,314.00,"157,000.00"
2019-11-21,2019112101005396,NBL,25,17,150,314.00,"47,100.00"
2019-11-21,2019112101005395,NBL,26,17,300,314.00,"94,200.00"
2019-11-21,2019112101005394,NBL,35,17,400,314.00,"125,600.00"
2019-11-21,2019112101005393,NBL,36,17,10,314.00,"3,140.00"
2019-11-21,2019112101005392,NBL,38,17,30,314.00,"9,420.00"
2019-11-21,2019112101005477,NBL,17,17,187,314.00,"58,718.00"
2019-11-21,2019112101005413,NBL,17,17,813,314.00,"255,282.00"
2019-11-21,2019112101005412,NBL,25,17,500,314.00,"157,000.00"
2019-11-21,2019112101005411,NBL,44,17,187,314.00,"58,718.00"
2019-11-21,2019112101005407,NBL,44,7,13,314.00,"4,082.00"
2019-11-21,2019112101005398,NBL,44,17,100,314.00,"31,400.00"
2019-11-21,2019112101005549,NBL,28,13,200,314.00,"62,800.00"
2019-11-21,2019112101005548,NBL,28,56,300,314.00,"94,200.00"
2019-11-21,2019112101005517,NBL,34,13,13,314.00,"4,082.00"
2019-11-21,2019112101005506,NBL,10,13,187,314.00,"58,718.00"
2019-11-21,2019112101005479,NBL,10,17,813,314.00,"255,282.00"
2019-11-21,2019112101005478,NBL,5,17,500,314.00,"157,000.00"
2019-11-21,2019112101005660,NCCB,39,34,"1,000",200.00,"200,000.00"
2019-11-21,2019112101005607,NCCB,8,34,10,200.00,"2,000.00"
2019-11-21,2019112101005464,NCCB,39,41,550,199.00,"109,450.00"
2019-11-21,2019112101005463,NCCB,39,29,26,199.00,"5,174.00"
2019-11-21,2019112101005340,NCCB,58,34,10,200.00,"2,000.00"
2019-11-21,2019112101005526,NEF,42,17,"2,017",7.65,"15,430.05"
2019-11-21,2019112101005219,NHDL,6,55,50,111.00,"5,550.00"
2019-11-21,2019112101005218,NHDL,6,10,90,111.00,"9,990.00"
2019-11-21,2019112101005525,NIB,46,19,20,423.00,"8,460.00"
2019-11-21,2019112101005510,NIB,53,38,10,421.00,"4,210.00"
2019-11-21,2019112101005509,NIB,53,42,358,421.00,"150,718.00"
2019-11-21,2019112101005276,NIB,56,19,250,420.00,"105,000.00"
2019-11-21,2019112101005636,NIBPO,36,47,20,391.00,"7,820.00"
2019-11-21,2019112101005638,NICA,13,36,50,404.00,"20,200.00"
2019-11-21,2019112101005637,NICA,13,17,444,404.00,"179,376.00"
2019-11-21,2019112101005597,NICA,56,17,50,404.00,"20,200.00"
2019-11-21,2019112101005572,NICA,13,17,100,404.00,"40,400.00"
2019-11-21,2019112101005556,NICA,32,17,406,404.00,"164,024.00"
2019-11-21,2019112101005555,NICA,32,51,94,404.00,"37,976.00"
2019-11-21,2019112101005254,NICA,11,35,121,403.00,"48,763.00"
2019-11-21,2019112101005227,NICA,41,16,14,404.00,"5,656.00"
2019-11-21,2019112101005399,NICA,33,16,185,403.00,"74,555.00"
2019-11-21,2019112101005310,NICA,46,16,15,404.00,"6,060.00"
2019-11-21,2019112101005258,NICA,33,35,"1,164",403.00,"469,092.00"
2019-11-21,2019112101005257,NICA,45,35,50,403.00,"20,150.00"
2019-11-21,2019112101005256,NICA,49,35,100,403.00,"40,300.00"
2019-11-21,2019112101005255,NICA,21,35,200,403.00,"80,600.00"
2019-11-21,2019112101005610,NICL,50,22,200,247.00,"49,400.00"
2019-11-21,2019112101005278,NIL,53,26,468,376.00,"175,968.00"
2019-11-21,2019112101005266,NIL,53,26,100,376.00,"37,600.00"
2019-11-21,2019112101005606,NLBBL,14,33,180,496.00,"89,280.00"
2019-11-21,2019112101005605,NLBBL,5,33,10,496.00,"4,960.00"
2019-11-21,2019112101005581,NLBBL,5,19,60,496.00,"29,760.00"
2019-11-21,2019112101005667,NLIC,38,44,13,785.00,"10,205.00"
2019-11-21,2019112101005666,NLIC,16,44,77,785.00,"60,445.00"
2019-11-21,2019112101005462,NLIC,16,50,101,785.00,"79,285.00"
2019-11-21,2019112101005461,NLIC,34,50,50,786.00,"39,300.00"
2019-11-21,2019112101005460,NLIC,7,50,47,787.00,"36,989.00"
2019-11-21,2019112101005351,NLIC,7,17,31,787.00,"24,397.00"
2019-11-21,2019112101005174,NLIC,7,16,22,787.00,"17,314.00"
2019-11-21,2019112101005264,NLICL,35,52,10,424.00,"4,240.00"
2019-11-21,2019112101005633,NMB,36,50,25,382.00,"9,550.00"
2019-11-21,2019112101005619,NMB,54,50,321,381.00,"122,301.00"
2019-11-21,2019112101005618,NMB,41,50,250,381.00,"95,250.00"
2019-11-21,2019112101005617,NMB,3,50,100,381.00,"38,100.00"
2019-11-21,2019112101005616,NMB,14,50,100,381.00,"38,100.00"
2019-11-21,2019112101005615,NMB,28,50,229,381.00,"87,249.00"
2019-11-21,2019112101005180,NMB,50,40,"1,000",382.00,"382,000.00"
2019-11-21,2019112101005178,NMB,34,50,41,382.00,"15,662.00"
2019-11-21,2019112101005250,NMB,45,50,100,382.00,"38,200.00"
2019-11-21,2019112101005249,NMB,34,50,100,382.00,"38,200.00"
2019-11-21,2019112101005222,NMB,49,36,500,382.00,"191,000.00"
2019-11-21,2019112101005221,NMB,49,49,500,382.00,"191,000.00"
2019-11-21,2019112101005215,NMB,49,49,"1,200",382.00,"458,400.00"
2019-11-21,2019112101005214,NMB,45,49,500,382.00,"191,000.00"
2019-11-21,2019112101005338,NMB,19,50,200,382.00,"76,400.00"
2019-11-21,2019112101005324,NMB,34,50,30,382.00,"11,460.00"
2019-11-21,2019112101005320,NMB,49,50,80,382.00,"30,560.00"
2019-11-21,2019112101005292,NMB,25,50,140,382.00,"53,480.00"
2019-11-21,2019112101005280,NMB,51,50,50,382.00,"19,100.00"
2019-11-21,2019112101005251,NMB,43,50,130,382.00,"49,660.00"
2019-11-21,2019112101005465,NMB,45,50,100,382.00,"38,200.00"
2019-11-21,2019112101005446,NMB,40,50,100,382.00,"38,200.00"
2019-11-21,2019112101005445,NMB,18,50,200,382.00,"76,400.00"
2019-11-21,2019112101005354,NMB,49,50,30,382.00,"11,460.00"
2019-11-21,2019112101005353,NMB,49,50,70,382.00,"26,740.00"
2019-11-21,2019112101005352,NMB,57,50,100,382.00,"38,200.00"
2019-11-21,2019112101005571,NMB,13,50,50,382.00,"19,100.00"
2019-11-21,2019112101005570,NMB,49,50,200,382.00,"76,400.00"
2019-11-21,2019112101005568,NMB,28,45,100,381.00,"38,100.00"
2019-11-21,2019112101005559,NMB,28,45,90,381.00,"34,290.00"
2019-11-21,2019112101005522,NMB,45,50,100,382.00,"38,200.00"
2019-11-21,2019112101005496,NMB,45,50,50,382.00,"19,100.00"
2019-11-21,2019112101005578,NMBMF,41,43,71,481.00,"34,151.00"
2019-11-21,2019112101005466,NMBMF,41,43,150,481.00,"72,150.00"
2019-11-21,2019112101005268,NMFBS,34,19,40,"1,706.00","68,240.00"
2019-11-21,2019112101005267,NMFBS,45,19,10,"1,707.00","17,070.00"
2019-11-21,2019112101005347,NSEWA,55,46,100,386.00,"38,600.00"
2019-11-21,2019112101005414,NTC,25,35,10,624.00,"6,240.00"
2019-11-21,2019112101005285,NTC,6,29,25,621.00,"15,525.00"
2019-11-21,2019112101005643,NUBL,41,4,10,890.00,"8,900.00"
2019-11-21,2019112101005577,PCBL,53,40,568,276.00,"156,768.00"
2019-11-21,2019112101005476,PCBL,53,50,333,276.00,"91,908.00"
2019-11-21,2019112101005475,PCBL,53,37,42,276.00,"11,592.00"
2019-11-21,2019112101005474,PCBL,53,25,56,276.00,"15,456.00"
2019-11-21,2019112101005473,PCBL,53,13,478,276.00,"131,928.00"
2019-11-21,2019112101005472,PCBL,53,14,225,276.00,"62,100.00"
2019-11-21,2019112101005422,PCBL,35,14,200,276.00,"55,200.00"
2019-11-21,2019112101005409,PCBL,39,14,35,276.00,"9,660.00"
2019-11-21,2019112101005408,PCBL,39,56,"1,465",276.00,"404,340.00"
2019-11-21,2019112101005404,PCBL,6,51,50,275.00,"13,750.00"
2019-11-21,2019112101005430,PFL,57,58,519,135.00,"70,065.00"
2019-11-21,2019112101005380,PIC,47,5,95,343.00,"32,585.00"
2019-11-21,2019112101005379,PIC,37,5,100,343.00,"34,300.00"
2019-11-21,2019112101005378,PIC,22,5,30,343.00,"10,290.00"
2019-11-21,2019112101005377,PIC,53,5,15,344.00,"5,160.00"
2019-11-21,2019112101005376,PIC,40,5,200,344.00,"68,800.00"
2019-11-21,2019112101005375,PIC,35,5,20,345.00,"6,900.00"
2019-11-21,2019112101005202,PIC,16,51,275,345.00,"94,875.00"
2019-11-21,2019112101005374,PIC,57,5,100,345.00,"34,500.00"
2019-11-21,2019112101005373,PIC,44,5,40,345.00,"13,800.00"
2019-11-21,2019112101005206,PIC,44,51,160,345.00,"55,200.00"
2019-11-21,2019112101005205,PIC,1,51,100,345.00,"34,500.00"
2019-11-21,2019112101005204,PIC,17,51,30,345.00,"10,350.00"
2019-11-21,2019112101005203,PIC,35,51,200,345.00,"69,000.00"
2019-11-21,2019112101005654,PICL,29,38,260,380.00,"98,800.00"
2019-11-21,2019112101005653,PICL,19,38,50,380.00,"19,000.00"
2019-11-21,2019112101005652,PICL,1,38,30,380.00,"11,400.00"
2019-11-21,2019112101005651,PICL,56,38,50,381.00,"19,050.00"
2019-11-21,2019112101005650,PICL,14,38,100,382.00,"38,200.00"
2019-11-21,2019112101005649,PICL,1,38,20,382.00,"7,640.00"
2019-11-21,2019112101005648,PICL,29,38,40,383.00,"15,320.00"
2019-11-21,2019112101005600,PICL,41,38,50,386.00,"19,300.00"
2019-11-21,2019112101005274,PICL,6,58,17,393.00,"6,681.00"
2019-11-21,2019112101005629,PLIC,34,51,450,303.00,"136,350.00"
2019-11-21,2019112101005628,PLIC,45,51,50,303.00,"15,150.00"
2019-11-21,2019112101005627,PLIC,45,51,50,303.00,"15,150.00"
2019-11-21,2019112101005524,PLIC,25,49,100,304.00,"30,400.00"
2019-11-21,2019112101005410,PRVU,58,5,100,227.00,"22,700.00"
2019-11-21,2019112101005389,PRVU,4,10,150,226.00,"33,900.00"
2019-11-21,2019112101005337,PRVU,4,29,25,226.00,"5,650.00"
2019-11-21,2019112101005335,PRVU,14,5,100,227.00,"22,700.00"
2019-11-21,2019112101005260,PRVU,5,5,300,227.00,"68,100.00"
2019-11-21,2019112101005239,PRVU,4,57,400,226.00,"90,400.00"
2019-11-21,2019112101005200,PRVU,16,5,475,227.00,"107,825.00"
2019-11-21,2019112101005199,PRVU,16,36,25,227.00,"5,675.00"
2019-11-21,2019112101005179,PRVU,8,36,500,227.00,"113,500.00"
2019-11-21,2019112101005609,RHPC,28,43,223,72.00,"16,056.00"
2019-11-21,2019112101005608,RHPC,17,43,77,72.00,"5,544.00"
2019-11-21,2019112101005343,RHPC,5,43,100,73.00,"7,300.00"
2019-11-21,2019112101005312,RHPC,13,40,500,73.00,"36,500.00"
2019-11-21,2019112101005296,RHPC,13,40,300,73.00,"21,900.00"
2019-11-21,2019112101005209,RHPC,57,40,200,73.00,"14,600.00"
2019-11-21,2019112101005672,RHPL,19,41,10,166.00,"1,660.00"
2019-11-21,2019112101005671,RHPL,19,34,90,166.00,"14,940.00"
2019-11-21,2019112101005587,RHPL,16,32,200,165.00,"33,000.00"
2019-11-21,2019112101005558,RHPL,16,37,90,165.00,"14,850.00"
2019-11-21,2019112101005541,RHPL,26,57,40,164.00,"6,560.00"
2019-11-21,2019112101005539,RHPL,17,17,40,165.00,"6,600.00"
2019-11-21,2019112101005527,RHPL,26,57,40,164.00,"6,560.00"
2019-11-21,2019112101005505,RHPL,17,17,40,165.00,"6,600.00"
2019-11-21,2019112101005441,RHPL,16,32,500,165.00,"82,500.00"
2019-11-21,2019112101005508,RLFL,26,22,30,108.00,"3,240.00"
2019-11-21,2019112101005492,RLFL,26,22,20,108.00,"2,160.00"
2019-11-21,2019112101005356,RLFL,26,22,20,108.00,"2,160.00"
2019-11-21,2019112101005346,RLFL,26,22,10,108.00,"1,080.00"
2019-11-21,2019112101005197,RSDC,1,51,20,282.00,"5,640.00"
2019-11-21,2019112101005453,SANIMA,21,33,300,303.00,"90,900.00"
2019-11-21,2019112101005223,SANIMA,25,50,48,302.00,"14,496.00"
2019-11-21,2019112101005212,SANIMA,44,50,100,302.00,"30,200.00"
2019-11-21,2019112101005547,SAPDBL,10,39,244,121.00,"29,524.00"
2019-11-21,2019112101005433,SBI,49,51,544,383.00,"208,352.00"
2019-11-21,2019112101005198,SBI,49,51,150,383.00,"57,450.00"
2019-11-21,2019112101005244,SBL,40,3,200,283.00,"56,600.00"
2019-11-21,2019112101005557,SCB,14,13,30,550.00,"16,500.00"
2019-11-21,2019112101005483,SCB,14,28,270,550.00,"148,500.00"
2019-11-21,2019112101005482,SCB,17,28,30,551.00,"16,530.00"
2019-11-21,2019112101005360,SCB,38,42,40,552.00,"22,080.00"
2019-11-21,2019112101005238,SCB,38,42,160,552.00,"88,320.00"
2019-11-21,2019112101005237,SCB,38,49,60,551.00,"33,060.00"
2019-11-21,2019112101005216,SCB,14,21,10,550.00,"5,500.00"
2019-11-21,2019112101005647,SDESI,36,48,77,645.00,"49,665.00"
2019-11-21,2019112101005646,SDESI,36,38,23,645.00,"14,835.00"
2019-11-21,2019112101005645,SDESI,43,35,10,641.00,"6,410.00"
2019-11-21,2019112101005644,SDESI,6,35,10,643.00,"6,430.00"
2019-11-21,2019112101005598,SDESI,6,11,90,643.00,"57,870.00"
2019-11-21,2019112101005576,SDESI,43,3,69,641.00,"44,229.00"
2019-11-21,2019112101005322,SDESI,45,6,50,643.00,"32,150.00"
2019-11-21,2019112101005195,SDESI,8,11,87,642.00,"55,854.00"
2019-11-21,2019112101005403,SDESI,45,37,150,642.00,"96,300.00"
2019-11-21,2019112101005336,SDESI,8,34,10,642.00,"6,420.00"
2019-11-21,2019112101005328,SDESI,36,44,50,645.00,"32,250.00"
2019-11-21,2019112101005327,SDESI,36,46,100,645.00,"64,500.00"
2019-11-21,2019112101005326,SDESI,36,22,120,644.00,"77,280.00"
2019-11-21,2019112101005325,SDESI,36,6,126,643.00,"81,018.00"
2019-11-21,2019112101005575,SDESI,38,3,32,642.00,"20,544.00"
2019-11-21,2019112101005546,SDESI,38,35,168,642.00,"107,856.00"
2019-11-21,2019112101005533,SDESI,38,11,300,642.00,"192,600.00"
2019-11-21,2019112101005502,SDESI,43,37,180,641.00,"115,380.00"
2019-11-21,2019112101005447,SDESI,43,21,100,641.00,"64,100.00"
2019-11-21,2019112101005421,SDESI,57,37,50,643.00,"32,150.00"
2019-11-21,2019112101005504,SHIVM,7,57,80,410.00,"32,800.00"
2019-11-21,2019112101005503,SHIVM,7,45,20,410.00,"8,200.00"
2019-11-21,2019112101005429,SHIVM,58,45,50,410.00,"20,500.00"
2019-11-21,2019112101005235,SHIVM,37,45,50,410.00,"20,500.00"
2019-11-21,2019112101005284,SHL,55,10,100,209.00,"20,900.00"
2019-11-21,2019112101005635,SHPC,6,17,420,186.00,"78,120.00"
2019-11-21,2019112101005440,SHPC,6,1,80,185.00,"14,800.00"
2019-11-21,2019112101005669,SJCL,10,35,10,156.00,"1,560.00"
2019-11-21,2019112101005626,SJCL,44,10,780,154.00,"120,120.00"
2019-11-21,2019112101005625,SJCL,47,10,100,154.00,"15,400.00"
2019-11-21,2019112101005624,SJCL,41,10,120,154.00,"18,480.00"
2019-11-21,2019112101005613,SJCL,33,52,110,155.00,"17,050.00"
2019-11-21,2019112101005582,SJCL,41,37,60,154.00,"9,240.00"
2019-11-21,2019112101005382,SJCL,26,57,20,155.00,"3,100.00"
2019-11-21,2019112101005531,SJCL,51,52,60,155.00,"9,300.00"
2019-11-21,2019112101005530,SJCL,37,52,500,155.00,"77,500.00"
2019-11-21,2019112101005529,SJCL,26,52,300,155.00,"46,500.00"
2019-11-21,2019112101005528,SJCL,26,52,50,155.00,"7,750.00"
2019-11-21,2019112101005519,SJCL,26,57,20,155.00,"3,100.00"
2019-11-21,2019112101005342,SKBBL,49,55,16,916.00,"14,656.00"
2019-11-21,2019112101005341,SKBBL,45,55,20,917.00,"18,340.00"
2019-11-21,2019112101005177,SLBBL,22,7,144,595.00,"85,680.00"
2019-11-21,2019112101005173,SLBBL,17,41,50,600.00,"30,000.00"
2019-11-21,2019112101005286,SLBBL,22,52,71,595.00,"42,245.00"
2019-11-21,2019112101005402,SLBBL,26,51,10,601.00,"6,010.00"
2019-11-21,2019112101005400,SLBBL,22,41,10,595.00,"5,950.00"
2019-11-21,2019112101005306,SLBBL,22,6,22,595.00,"13,090.00"
2019-11-21,2019112101005423,SLBBL,26,58,50,607.00,"30,350.00"
2019-11-21,2019112101005639,SLICL,41,44,100,253.00,"25,300.00"
2019-11-21,2019112101005518,SLICL,19,44,200,253.00,"50,600.00"
2019-11-21,2019112101005259,SLICL,29,44,100,253.00,"25,300.00"
2019-11-21,2019112101005288,SMB,51,40,10,422.00,"4,220.00"
2019-11-21,2019112101005454,SPDL,56,39,20,84.00,"1,680.00"
2019-11-21,2019112101005448,SPDL,56,49,32,83.00,"2,656.00"
2019-11-21,2019112101005516,SRBL,34,28,100,209.00,"20,900.00"
2019-11-21,2019112101005515,SRBL,49,28,100,209.00,"20,900.00"
2019-11-21,2019112101005514,SRBL,38,28,500,209.00,"104,500.00"
2019-11-21,2019112101005513,SRBL,38,28,500,209.00,"104,500.00"
2019-11-21,2019112101005512,SRBL,34,28,109,209.00,"22,781.00"
2019-11-21,2019112101005272,SRBL,34,57,400,209.00,"83,600.00"
2019-11-21,2019112101005217,SRBL,21,28,113,210.00,"23,730.00"
2019-11-21,2019112101005176,TMDBL,56,57,400,143.00,"57,200.00"
2019-11-21,2019112101005614,TRH,32,5,25,265.00,"6,625.00"
2019-11-21,2019112101005245,UIC,35,22,50,235.00,"11,750.00"
2019-11-21,2019112101005665,UPPER,52,11,93,223.00,"20,739.00"
2019-11-21,2019112101005664,UPPER,22,11,20,223.00,"4,460.00"
2019-11-21,2019112101005604,UPPER,25,11,100,224.00,"22,400.00"
2019-11-21,2019112101005603,UPPER,6,11,"1,000",224.00,"224,000.00"
2019-11-21,2019112101005602,UPPER,44,11,87,224.00,"19,488.00"
2019-11-21,2019112101005279,UPPER,44,40,40,224.00,"8,960.00"
2019-11-21,2019112101005265,UPPER,52,44,10,227.00,"2,270.00"
2019-11-21,2019112101005390,UPPER,58,44,100,225.00,"22,500.00"
2019-11-21,2019112101005291,UPPER,25,44,30,227.00,"6,810.00"
2019-11-21,2019112101005485,UPPER,32,44,500,225.00,"112,500.00"
2019-11-21,2019112101005426,UPPER,52,44,20,225.00,"4,500.00"
2019-11-21,2019112101005574,UPPER,44,44,"3,500",224.00,"784,000.00"
2019-11-21,2019112101005569,UPPER,44,40,50,224.00,"11,200.00"
2019-11-21,2019112101005545,UPPER,52,44,20,225.00,"4,500.00"
2019-11-21,2019112101005532,UPPER,22,44,300,225.00,"67,500.00"
2019-11-21,2019112101005520,UPPER,51,44,50,225.00,"11,250.00"
2019-11-21,2019112101005157,ADBL,4,33,50,410.00,"20,500.00"
2019-11-21,2019112101005156,ADBL,8,33,250,411.00,"102,750.00"
2019-11-21,2019112101005146,ADBL,4,22,50,412.00,"20,600.00"
2019-11-21,2019112101005093,ADBL,57,7,500,411.00,"205,500.00"
2019-11-21,2019112101004798,ADBL,49,7,500,409.00,"204,500.00"
2019-11-21,2019112101005001,AKBSL,49,33,10,424.00,"4,240.00"
2019-11-21,2019112101004887,AKBSL,58,42,10,423.00,"4,230.00"
2019-11-21,2019112101004867,AKBSL,58,34,10,423.00,"4,230.00"
2019-11-21,2019112101004804,AKBSL,58,43,110,423.00,"46,530.00"
2019-11-21,2019112101004769,AKBSL,58,57,10,423.00,"4,230.00"
2019-11-21,2019112101004754,AKBSL,58,57,10,423.00,"4,230.00"
2019-11-21,2019112101004718,AKBSL,58,38,10,423.00,"4,230.00"
2019-11-21,2019112101004716,AKBSL,58,17,10,423.00,"4,230.00"
2019-11-21,2019112101004715,AKBSL,58,57,10,423.00,"4,230.00"
2019-11-21,2019112101004742,AKJCL,7,33,20,57.00,"1,140.00"
2019-11-21,2019112101005136,AKPL,40,7,262,113.00,"29,606.00"
2019-11-21,2019112101005135,AKPL,45,7,"1,250",114.00,"142,500.00"
2019-11-21,2019112101005134,AKPL,25,7,50,114.00,"5,700.00"
2019-11-21,2019112101005133,AKPL,56,7,100,114.00,"11,400.00"
2019-11-21,2019112101005132,AKPL,14,7,37,114.00,"4,218.00"
2019-11-21,2019112101005131,AKPL,45,7,69,114.00,"7,866.00"
2019-11-21,2019112101005002,ALBSL,57,18,130,392.00,"50,960.00"
2019-11-21,2019112101004993,ALBSL,1,49,10,393.00,"3,930.00"
2019-11-21,2019112101004914,ALICL,49,57,30,312.00,"9,360.00"
2019-11-21,2019112101004902,ALICL,49,57,15,312.00,"4,680.00"
2019-11-21,2019112101004901,ALICL,6,57,55,313.00,"17,215.00"
2019-11-21,2019112101004826,ALICL,49,34,"1,025",314.00,"321,850.00"
2019-11-21,2019112101005091,API,25,41,20,103.00,"2,060.00"
2019-11-21,2019112101005064,API,17,57,360,101.00,"36,360.00"
2019-11-21,2019112101005063,API,7,57,640,101.00,"64,640.00"
2019-11-21,2019112101005027,API,34,41,500,103.00,"51,500.00"
2019-11-21,2019112101004890,API,22,41,20,103.00,"2,060.00"
2019-11-21,2019112101004674,API,46,41,20,103.00,"2,060.00"
2019-11-21,2019112101005137,BOKL,6,44,219,217.00,"47,523.00"
2019-11-21,2019112101005024,BOKL,6,45,100,216.00,"21,600.00"
2019-11-21,2019112101005023,BOKL,6,17,64,216.00,"13,824.00"
2019-11-21,2019112101005022,BOKL,6,45,220,216.00,"47,520.00"
2019-11-21,2019112101005083,BPCL,22,44,180,346.00,"62,280.00"
2019-11-21,2019112101005055,BPCL,43,54,110,345.00,"37,950.00"
2019-11-21,2019112101004970,BPCL,43,58,100,345.00,"34,500.00"
2019-11-21,2019112101004930,BPCL,36,54,55,344.00,"18,920.00"
2019-11-21,2019112101004848,BPCL,36,54,22,344.00,"7,568.00"
2019-11-21,2019112101005088,CBBL,45,4,20,966.00,"19,320.00"
2019-11-21,2019112101005051,CBBL,45,4,50,966.00,"48,300.00"
2019-11-21,2019112101004779,CBBL,6,58,75,967.00,"72,525.00"
2019-11-21,2019112101005124,CBL,56,58,300,137.00,"41,100.00"
2019-11-21,2019112101005086,CBL,43,48,163,136.00,"22,168.00"
2019-11-21,2019112101005085,CBL,11,48,20,136.00,"2,720.00"
2019-11-21,2019112101005084,CBL,44,48,117,136.00,"15,912.00"
2019-11-21,2019112101005068,CBL,44,16,11,136.00,"1,496.00"
2019-11-21,2019112101005033,CBL,44,58,72,136.00,"9,792.00"
2019-11-21,2019112101004832,CBL,46,58,20,137.00,"2,740.00"
2019-11-21,2019112101004809,CBL,50,58,500,137.00,"68,500.00"
2019-11-21,2019112101004758,CBL,17,58,500,137.00,"68,500.00"
2019-11-21,2019112101004753,CBL,39,59,100,136.00,"13,600.00"
2019-11-21,2019112101005032,CBL,34,58,100,136.00,"13,600.00"
2019-11-21,2019112101005031,CBL,7,58,500,136.00,"68,000.00"
2019-11-21,2019112101005030,CBL,32,58,"1,000",136.00,"136,000.00"
2019-11-21,2019112101005029,CBL,39,58,328,136.00,"44,608.00"
2019-11-21,2019112101005026,CBL,39,16,10,136.00,"1,360.00"
2019-11-21,2019112101004953,CBL,39,16,11,136.00,"1,496.00"
2019-11-21,2019112101005060,CCBL,1,7,203,160.00,"32,480.00"
2019-11-21,2019112101005008,CCBL,14,52,50,159.00,"7,950.00"
2019-11-21,2019112101004989,CCBL,36,7,80,160.00,"12,800.00"
2019-11-21,2019112101004909,CCBL,22,59,100,160.00,"16,000.00"
2019-11-21,2019112101004894,CCBL,45,7,807,160.00,"129,120.00"
2019-11-21,2019112101004827,CCBL,45,21,62,160.00,"9,920.00"
2019-11-21,2019112101005148,CHCL,16,22,50,355.00,"17,750.00"
2019-11-21,2019112101005147,CHCL,16,14,40,355.00,"14,200.00"
2019-11-21,2019112101005144,CHCL,25,14,10,355.00,"3,550.00"
2019-11-21,2019112101004847,CHCL,16,52,100,352.00,"35,200.00"
2019-11-21,2019112101004808,CHCL,16,6,500,352.00,"176,000.00"
2019-11-21,2019112101004936,CHL,18,28,10,81.00,810.00
2019-11-21,2019112101004977,CZBIL,6,44,100,183.00,"18,300.00"
2019-11-21,2019112101004964,CZBIL,6,44,100,183.00,"18,300.00"
2019-11-21,2019112101004935,CZBIL,21,44,100,183.00,"18,300.00"
2019-11-21,2019112101004846,CZBIL,45,39,50,182.00,"9,100.00"
2019-11-21,2019112101004778,CZBIL,45,59,100,182.00,"18,200.00"
2019-11-21,2019112101004773,CZBIL,45,18,36,182.00,"6,552.00"
2019-11-21,2019112101004768,CZBIL,45,43,290,182.00,"52,780.00"
2019-11-21,2019112101004764,CZBIL,28,44,100,183.00,"18,300.00"
2019-11-21,2019112101004912,DBBL,57,59,70,121.00,"8,470.00"
2019-11-21,2019112101004911,DBBL,22,59,30,122.00,"3,660.00"
2019-11-21,2019112101005163,EBL,57,19,22,548.00,"12,056.00"
2019-11-21,2019112101004980,EBL,19,1,15,549.00,"8,235.00"
2019-11-21,2019112101004963,EBL,19,1,50,549.00,"27,450.00"
2019-11-21,2019112101004888,EBL,57,52,50,548.00,"27,400.00"
2019-11-21,2019112101004893,EDBL,53,58,500,273.00,"136,500.00"
2019-11-21,2019112101004881,EDBL,53,43,296,273.00,"80,808.00"
2019-11-21,2019112101004991,EIC,52,46,65,214.00,"13,910.00"
2019-11-21,2019112101004776,EIC,52,51,13,213.00,"2,769.00"
2019-11-21,2019112101004752,EIC,7,51,20,213.00,"4,260.00"
2019-11-21,2019112101005172,FOWAD,45,43,190,"1,301.00","247,190.00"
2019-11-21,2019112101005171,FOWAD,45,43,200,"1,301.00","260,200.00"
2019-11-21,2019112101005170,FOWAD,21,43,32,"1,301.00","41,632.00"
2019-11-21,2019112101005169,FOWAD,45,43,10,"1,302.00","13,020.00"
2019-11-21,2019112101005168,FOWAD,47,43,10,"1,302.00","13,020.00"
2019-11-21,2019112101005115,GBBL,35,57,100,223.00,"22,300.00"
2019-11-21,2019112101005114,GBBL,4,57,100,223.00,"22,300.00"
2019-11-21,2019112101005061,GBBL,45,49,100,224.00,"22,400.00"
2019-11-21,2019112101005021,GBBL,45,49,215,224.00,"48,160.00"
2019-11-21,2019112101005020,GBBL,53,49,100,224.00,"22,400.00"
2019-11-21,2019112101005019,GBBL,34,49,500,224.00,"112,000.00"
2019-11-21,2019112101005018,GBBL,32,49,21,224.00,"4,704.00"
2019-11-21,2019112101004850,GBBL,32,56,79,224.00,"17,696.00"
2019-11-21,2019112101004849,GBBL,7,56,221,224.00,"49,504.00"
2019-11-21,2019112101004967,GBLBS,34,49,15,288.00,"4,320.00"
2019-11-21,2019112101004915,GBLBS,34,49,15,288.00,"4,320.00"
2019-11-21,2019112101004899,GBLBS,34,42,15,288.00,"4,320.00"
2019-11-21,2019112101005025,GGBSL,49,25,10,633.00,"6,330.00"
2019-11-21,2019112101005003,GGBSL,36,25,10,633.00,"6,330.00"
2019-11-21,2019112101004896,GGBSL,36,35,10,633.00,"6,330.00"
2019-11-21,2019112101004892,GGBSL,36,35,10,633.00,"6,330.00"
2019-11-21,2019112101004879,GGBSL,36,35,10,633.00,"6,330.00"
2019-11-21,2019112101004837,GGBSL,36,35,10,633.00,"6,330.00"
2019-11-21,2019112101004800,GGBSL,36,1,10,633.00,"6,330.00"
2019-11-21,2019112101004777,GGBSL,18,35,10,633.00,"6,330.00"
2019-11-21,2019112101004772,GGBSL,18,35,10,633.00,"6,330.00"
2019-11-21,2019112101004675,GLBSL,13,38,10,398.00,"3,980.00"
2019-11-21,2019112101004965,GLICL,25,58,10,354.00,"3,540.00"
2019-11-21,2019112101005034,GMFBS,46,10,10,472.00,"4,720.00"
2019-11-21,2019112101004943,GMFBS,17,18,10,469.00,"4,690.00"
2019-11-21,2019112101004910,GMFBS,17,18,10,468.00,"4,680.00"
2019-11-21,2019112101004906,GMFBS,44,44,10,475.00,"4,750.00"
2019-11-21,2019112101004897,GMFBS,18,18,10,466.00,"4,660.00"
2019-11-21,2019112101004886,GMFBS,18,18,10,466.00,"4,660.00"
2019-11-21,2019112101004873,GMFBS,18,18,10,466.00,"4,660.00"
2019-11-21,2019112101004854,GMFBS,18,18,10,466.00,"4,660.00"
2019-11-21,2019112101004878,HDL,34,48,30,"1,765.00","52,950.00"
2019-11-21,2019112101004877,HDL,34,44,10,"1,764.00","17,640.00"
2019-11-21,2019112101004830,HIDCL,25,58,250,130.00,"32,500.00"
2019-11-21,2019112101004775,HIDCL,1,47,100,130.00,"13,000.00"
2019-11-21,2019112101004693,HIDCL,46,6,11,131.00,"1,441.00"
2019-11-21,2019112101005092,ILBS,58,14,10,472.00,"4,720.00"
2019-11-21,2019112101005067,ILBS,21,41,65,467.00,"30,355.00"
2019-11-21,2019112101005066,ILBS,56,41,35,467.00,"16,345.00"
2019-11-21,2019112101005065,ILBS,43,41,200,468.00,"93,600.00"
2019-11-21,2019112101004884,ILBS,58,57,10,468.00,"4,680.00"
2019-11-21,2019112101004883,ILBS,36,57,40,470.00,"18,800.00"
2019-11-21,2019112101005081,JBBL,45,51,100,159.00,"15,900.00"
2019-11-21,2019112101005075,JBBL,34,8,138,158.00,"21,804.00"
2019-11-21,2019112101005069,JBBL,45,51,100,159.00,"15,900.00"
2019-11-21,2019112101005059,JFL,32,58,20,192.00,"3,840.00"
2019-11-21,2019112101004839,JOSHI,46,6,10,61.00,610.00
2019-11-21,2019112101004990,JSLBB,38,51,10,"1,175.00","11,750.00"
2019-11-21,2019112101004829,JSLBB,51,51,50,"1,152.00","57,600.00"
2019-11-21,2019112101004774,JSLBB,22,51,10,"1,152.00","11,520.00"
2019-11-21,2019112101004763,JSLBB,22,51,10,"1,152.00","11,520.00"
2019-11-21,2019112101005164,KPCL,47,26,90,84.00,"7,560.00"
2019-11-21,2019112101005161,KPCL,19,26,20,85.00,"1,700.00"
2019-11-21,2019112101004969,LBBL,55,45,734,168.00,"123,312.00"
2019-11-21,2019112101004968,LBBL,44,45,266,168.00,"44,688.00"
2019-11-21,2019112101004696,LBBL,44,34,85,168.00,"14,280.00"
2019-11-21,2019112101005139,LBL,1,55,67,215.00,"14,405.00"
2019-11-21,2019112101005138,LBL,43,55,33,215.00,"7,095.00"
2019-11-21,2019112101005125,LBL,20,42,"1,000",216.00,"216,000.00"
2019-11-21,2019112101005048,LBL,35,42,70,216.00,"15,120.00"
2019-11-21,2019112101004870,LBL,43,52,100,215.00,"21,500.00"
2019-11-21,2019112101004760,LBL,43,43,67,215.00,"14,405.00"
2019-11-21,2019112101004759,LBL,43,43,233,215.00,"50,095.00"
2019-11-21,2019112101005039,LICN,25,14,10,970.00,"9,700.00"
2019-11-21,2019112101004951,LICN,28,14,50,954.00,"47,700.00"
2019-11-21,2019112101004950,LICN,1,14,20,955.00,"19,100.00"
2019-11-21,2019112101004891,LICN,34,25,10,973.00,"9,730.00"
2019-11-21,2019112101004974,MBL,5,17,50,220.00,"11,000.00"
2019-11-21,2019112101004757,MBL,14,43,113,218.00,"24,634.00"
2019-11-21,2019112101004756,MBL,28,43,32,218.00,"6,976.00"
2019-11-21,2019112101004755,MBL,8,43,45,219.00,"9,855.00"
2019-11-21,2019112101005016,MEGA,28,7,53,181.00,"9,593.00"
2019-11-21,2019112101005015,MEGA,34,7,447,181.00,"80,907.00"
2019-11-21,2019112101004916,MEGA,1,42,344,182.00,"62,608.00"
2019-11-21,2019112101004714,MEGA,13,17,104,182.00,"18,928.00"
2019-11-21,2019112101004713,MEGA,13,58,900,182.00,"163,800.00"
2019-11-21,2019112101004919,MEGAPO,57,33,"17,511",102.00,"1,786,122.00"
2019-11-21,2019112101004975,MHNL,16,28,20,79.00,"1,580.00"
2019-11-21,2019112101004952,MHNL,16,28,30,79.00,"2,370.00"
2019-11-21,2019112101004824,MLBL,32,21,75,173.00,"12,975.00"
2019-11-21,2019112101004868,MNBBL,22,22,20,315.00,"6,300.00"
2019-11-21,2019112101004789,MNBBL,14,43,117,310.00,"36,270.00"
2019-11-21,2019112101004788,MNBBL,25,43,50,310.00,"15,500.00"
2019-11-21,2019112101004787,MNBBL,37,43,500,310.00,"155,000.00"
2019-11-21,2019112101004786,MNBBL,13,43,83,311.00,"25,813.00"
2019-11-21,2019112101004785,MNBBL,26,43,200,312.00,"62,400.00"
2019-11-21,2019112101004784,MNBBL,5,43,50,313.00,"15,650.00"
2019-11-21,2019112101004780,MNBBL,53,22,150,315.00,"47,250.00"
2019-11-21,2019112101005005,MPFL,44,44,10,100.00,"1,000.00"
2019-11-21,2019112101004927,MPFL,44,44,10,100.00,"1,000.00"
2019-11-21,2019112101004738,MPFL,18,49,170,100.00,"17,000.00"
2019-11-21,2019112101005149,MSMBS,14,49,25,450.00,"11,250.00"
2019-11-21,2019112101005126,MSMBS,41,57,50,450.00,"22,500.00"
2019-11-21,2019112101005090,MSMBS,51,49,33,451.00,"14,883.00"
2019-11-21,2019112101005100,NABIL,22,51,40,745.00,"29,800.00"
2019-11-21,2019112101004866,NABIL,42,32,100,740.00,"74,000.00"
2019-11-21,2019112101004865,NABIL,39,32,30,740.00,"22,200.00"
2019-11-21,2019112101004864,NABIL,59,32,10,740.00,"7,400.00"
2019-11-21,2019112101004863,NABIL,37,32,10,740.00,"7,400.00"
2019-11-21,2019112101004862,NABIL,58,32,20,740.00,"14,800.00"
2019-11-21,2019112101004790,NABIL,44,17,50,743.00,"37,150.00"
2019-11-21,2019112101004861,NABIL,38,32,25,740.00,"18,500.00"
2019-11-21,2019112101004860,NABIL,5,32,100,741.00,"74,100.00"
2019-11-21,2019112101004859,NABIL,16,32,10,741.00,"7,410.00"
2019-11-21,2019112101004858,NABIL,36,32,50,741.00,"37,050.00"
2019-11-21,2019112101004792,NABIL,16,17,100,742.00,"74,200.00"
2019-11-21,2019112101004791,NABIL,26,17,50,742.00,"37,100.00"
2019-11-21,2019112101004855,NADEP,48,54,20,390.00,"7,800.00"
2019-11-21,2019112101005000,NBB,45,49,30,202.00,"6,060.00"
2019-11-21,2019112101004924,NBB,22,37,160,203.00,"32,480.00"
2019-11-21,2019112101004923,NBB,22,50,40,203.00,"8,120.00"
2019-11-21,2019112101004688,NBB,39,43,100,201.00,"20,100.00"
2019-11-21,2019112101004687,NBB,7,43,100,201.00,"20,100.00"
2019-11-21,2019112101004686,NBB,7,43,"1,086",201.00,"218,286.00"
2019-11-21,2019112101004871,NBB,58,50,10,203.00,"2,030.00"
2019-11-21,2019112101004851,NBB,45,21,100,201.00,"20,100.00"
2019-11-21,2019112101004692,NBB,45,43,227,201.00,"45,627.00"
2019-11-21,2019112101004691,NBB,38,43,200,201.00,"40,200.00"
2019-11-21,2019112101004690,NBB,8,43,300,201.00,"60,300.00"
2019-11-21,2019112101004689,NBB,25,43,200,201.00,"40,200.00"
2019-11-21,2019112101005159,NBL,58,18,100,315.00,"31,500.00"
2019-11-21,2019112101005140,NBL,33,13,"2,800",314.00,"879,200.00"
2019-11-21,2019112101005013,NBL,33,40,200,314.00,"62,800.00"
2019-11-21,2019112101004995,NBL,8,18,300,315.00,"94,500.00"
2019-11-21,2019112101004869,NBL,33,52,100,314.00,"31,400.00"
2019-11-21,2019112101004741,NBL,39,38,30,315.00,"9,450.00"
2019-11-21,2019112101004699,NBL,10,58,"1,000",315.00,"315,000.00"
2019-11-21,2019112101005150,NCCB,56,56,450,199.00,"89,550.00"
2019-11-21,2019112101005054,NCCB,56,56,"1,000",199.00,"199,000.00"
2019-11-21,2019112101005053,NCCB,56,56,"1,000",199.00,"199,000.00"
2019-11-21,2019112101004852,NCCB,58,34,10,200.00,"2,000.00"
2019-11-21,2019112101004844,NCCB,56,18,"1,393",199.00,"277,207.00"
2019-11-21,2019112101004812,NCCB,13,21,55,198.00,"10,890.00"
2019-11-21,2019112101004783,NCCB,13,52,501,198.00,"99,198.00"
2019-11-21,2019112101004762,NCCB,40,18,600,199.00,"119,400.00"
2019-11-21,2019112101004761,NCCB,56,18,145,199.00,"28,855.00"
2019-11-21,2019112101004740,NCCB,56,36,150,199.00,"29,850.00"
2019-11-21,2019112101004694,NCCB,56,21,490,199.00,"97,510.00"
2019-11-21,2019112101005145,NHDL,56,10,10,111.00,"1,110.00"
2019-11-21,2019112101004876,NHDL,6,41,30,110.00,"3,300.00"
2019-11-21,2019112101004875,NHDL,6,57,100,110.00,"11,000.00"
2019-11-21,2019112101004874,NHDL,6,41,30,110.00,"3,300.00"
2019-11-21,2019112101004746,NHDL,6,41,350,108.00,"37,800.00"
2019-11-21,2019112101004745,NHDL,6,57,20,108.00,"2,160.00"
2019-11-21,2019112101004703,NHPC,34,58,40,50.00,"2,000.00"
2019-11-21,2019112101005074,NIB,53,54,292,419.00,"122,348.00"
2019-11-21,2019112101005073,NIB,55,54,132,419.00,"55,308.00"
2019-11-21,2019112101005062,NIB,55,11,254,419.00,"106,426.00"
2019-11-21,2019112101004939,NIB,55,54,14,419.00,"5,866.00"
2019-11-21,2019112101004928,NIB,26,26,4,412.00,"1,648.00"
2019-11-21,2019112101004922,NIB,26,26,6,412.00,"2,472.00"
2019-11-21,2019112101004707,NIB,40,43,200,420.00,"84,000.00"
2019-11-21,2019112101004706,NIB,38,43,274,420.00,"115,080.00"
2019-11-21,2019112101004705,NIB,52,43,20,421.00,"8,420.00"
2019-11-21,2019112101004704,NIB,46,43,10,422.00,"4,220.00"
2019-11-21,2019112101004908,NIB,26,26,8,412.00,"3,296.00"
2019-11-21,2019112101004797,NIB,16,43,143,420.00,"60,060.00"
2019-11-21,2019112101004747,NIB,47,43,394,420.00,"165,480.00"
2019-11-21,2019112101004710,NIB,47,43,106,420.00,"44,520.00"
2019-11-21,2019112101004709,NIB,43,43,50,420.00,"21,000.00"
2019-11-21,2019112101004708,NIB,45,43,50,420.00,"21,000.00"
2019-11-21,2019112101004767,NIBPO,55,51,"1,262",385.00,"485,870.00"
2019-11-21,2019112101004766,NIBPO,19,51,138,386.00,"53,268.00"
2019-11-21,2019112101004765,NIBPO,53,51,100,386.00,"38,600.00"
2019-11-21,2019112101004955,NICA,11,17,46,403.00,"18,538.00"
2019-11-21,2019112101004929,NICA,11,17,200,403.00,"80,600.00"
2019-11-21,2019112101004925,NICA,49,17,100,403.00,"40,300.00"
2019-11-21,2019112101004853,NICA,8,44,480,402.00,"192,960.00"
2019-11-21,2019112101004845,NICA,8,44,"1,000",402.00,"402,000.00"
2019-11-21,2019112101004840,NICA,8,44,"1,000",402.00,"402,000.00"
2019-11-21,2019112101004836,NICA,46,44,20,402.00,"8,040.00"
2019-11-21,2019112101004833,NICA,8,44,"1,000",402.00,"402,000.00"
2019-11-21,2019112101005154,NICL,25,49,20,248.00,"4,960.00"
2019-11-21,2019112101004723,NICL,43,43,10,246.00,"2,460.00"
2019-11-21,2019112101004771,NIL,49,20,100,375.00,"37,500.00"
2019-11-21,2019112101004770,NIL,49,47,100,375.00,"37,500.00"
2019-11-21,2019112101004701,NIL,49,32,420,375.00,"157,500.00"
2019-11-21,2019112101004700,NIL,53,32,80,376.00,"30,080.00"
2019-11-21,2019112101005076,NLBBL,25,33,10,500.00,"5,000.00"
2019-11-21,2019112101005070,NLBBL,25,44,10,497.00,"4,970.00"
2019-11-21,2019112101005165,NLIC,16,16,22,785.00,"17,270.00"
2019-11-21,2019112101005122,NLIC,56,19,91,785.00,"71,435.00"
2019-11-21,2019112101005121,NLIC,16,19,109,785.00,"85,565.00"
2019-11-21,2019112101005108,NLIC,16,51,65,785.00,"51,025.00"
2019-11-21,2019112101005107,NLIC,29,51,50,785.00,"39,250.00"
2019-11-21,2019112101005106,NLIC,6,51,"1,000",785.00,"785,000.00"
2019-11-21,2019112101005007,NLIC,38,49,28,786.00,"22,008.00"
2019-11-21,2019112101005006,NLIC,56,49,34,786.00,"26,724.00"
2019-11-21,2019112101004945,NLIC,56,54,12,786.00,"9,432.00"
2019-11-21,2019112101004926,NLIC,56,49,22,786.00,"17,292.00"
2019-11-21,2019112101004882,NLIC,5,54,12,787.00,"9,444.00"
2019-11-21,2019112101004685,NLIC,5,8,31,787.00,"24,397.00"
2019-11-21,2019112101005105,NLIC,6,51,195,785.00,"153,075.00"
2019-11-21,2019112101005104,NLIC,16,51,330,786.00,"259,380.00"
2019-11-21,2019112101005103,NLIC,42,51,60,786.00,"47,160.00"
2019-11-21,2019112101005102,NLIC,38,51,157,786.00,"123,402.00"
2019-11-21,2019112101005095,NLIC,38,54,15,786.00,"11,790.00"
2019-11-21,2019112101005094,NLIC,16,54,22,787.00,"17,314.00"
2019-11-21,2019112101005153,NMB,39,50,10,382.00,"3,820.00"
2019-11-21,2019112101005123,NMB,37,37,"1,264",382.00,"482,848.00"
2019-11-21,2019112101005111,NMB,28,52,81,381.00,"30,861.00"
2019-11-21,2019112101005110,NMB,6,52,19,381.00,"7,239.00"
2019-11-21,2019112101005038,NMB,43,50,100,382.00,"38,200.00"
2019-11-21,2019112101005037,NMB,21,50,500,382.00,"191,000.00"
2019-11-21,2019112101004679,NMB,45,50,"1,000",382.00,"382,000.00"
2019-11-21,2019112101004678,NMB,57,36,100,383.00,"38,300.00"
2019-11-21,2019112101004796,NMB,19,8,41,382.00,"15,662.00"
2019-11-21,2019112101004795,NMB,21,8,14,382.00,"5,348.00"
2019-11-21,2019112101004722,NMB,21,50,86,382.00,"32,852.00"
2019-11-21,2019112101004721,NMB,14,50,200,382.00,"76,400.00"
2019-11-21,2019112101004720,NMB,40,50,300,382.00,"114,600.00"
2019-11-21,2019112101004719,NMB,45,50,414,382.00,"158,148.00"
2019-11-21,2019112101004815,NMB,1,50,100,382.00,"38,200.00"
2019-11-21,2019112101004814,NMB,6,50,100,382.00,"38,200.00"
2019-11-21,2019112101004805,NMB,50,50,466,382.00,"178,012.00"
2019-11-21,2019112101004803,NMB,50,21,34,382.00,"12,988.00"
2019-11-21,2019112101004802,NMB,57,21,111,382.00,"42,402.00"
2019-11-21,2019112101004801,NMB,19,21,59,382.00,"22,538.00"
2019-11-21,2019112101004917,NMB,49,50,260,382.00,"99,320.00"
2019-11-21,2019112101004907,NMB,22,36,200,383.00,"76,600.00"
2019-11-21,2019112101004905,NMB,36,36,16,383.00,"6,128.00"
2019-11-21,2019112101004904,NMB,36,55,300,382.00,"114,600.00"
2019-11-21,2019112101004903,NMB,36,50,334,382.00,"127,588.00"
2019-11-21,2019112101004895,NMB,6,54,25,381.00,"9,525.00"
2019-11-21,2019112101004948,NMB,45,57,20,382.00,"7,640.00"
2019-11-21,2019112101004947,NMB,28,57,260,382.00,"99,320.00"
2019-11-21,2019112101004942,NMB,28,50,740,382.00,"282,680.00"
2019-11-21,2019112101004941,NMB,50,50,260,382.00,"99,320.00"
2019-11-21,2019112101004940,NMB,5,36,50,383.00,"19,150.00"
2019-11-21,2019112101004918,NMB,50,50,"2,740",382.00,"1,046,680.00"
2019-11-21,2019112101005036,NMB,50,50,349,382.00,"133,318.00"
2019-11-21,2019112101005028,NMB,50,49,151,382.00,"57,682.00"
2019-11-21,2019112101004994,NMB,10,57,820,382.00,"313,240.00"
2019-11-21,2019112101004979,NMB,6,16,74,381.00,"28,194.00"
2019-11-21,2019112101004966,NMB,6,54,63,381.00,"24,003.00"
2019-11-21,2019112101004949,NMB,55,57,200,382.00,"76,400.00"
2019-11-21,2019112101004898,NMBHF1,47,28,"1,664",8.40,"13,977.60"
2019-11-21,2019112101005099,NMBMF,45,55,40,480.00,"19,200.00"
2019-11-21,2019112101004960,NMBMF,21,43,50,482.00,"24,100.00"
2019-11-21,2019112101004885,NMBMF,38,43,10,482.00,"4,820.00"
2019-11-21,2019112101004937,NMFBS,34,52,50,"1,706.00","85,300.00"
2019-11-21,2019112101005141,NTC,45,29,20,621.00,"12,420.00"
2019-11-21,2019112101005113,NTC,47,29,100,621.00,"62,100.00"
2019-11-21,2019112101005112,NTC,6,29,745,621.00,"462,645.00"
2019-11-21,2019112101004841,NUBL,5,44,10,883.00,"8,830.00"
2019-11-21,2019112101004825,NUBL,1,44,40,884.00,"35,360.00"
2019-11-21,2019112101005167,PCBL,6,47,100,275.00,"27,500.00"
2019-11-21,2019112101005116,PCBL,13,56,200,276.00,"55,200.00"
2019-11-21,2019112101005080,PCBL,6,43,309,275.00,"84,975.00"
2019-11-21,2019112101005017,PCBL,6,58,100,275.00,"27,500.00"
2019-11-21,2019112101005004,PCBL,52,56,100,276.00,"27,600.00"
2019-11-21,2019112101004793,PCBL,6,29,14,275.00,"3,850.00"
2019-11-21,2019112101004981,PFL,48,54,39,133.00,"5,187.00"
2019-11-21,2019112101004913,PFL,48,54,39,133.00,"5,187.00"
2019-11-21,2019112101004857,PFL,22,58,20,135.00,"2,700.00"
2019-11-21,2019112101004856,PFL,14,58,161,135.00,"21,735.00"
2019-11-21,2019112101005096,PIC,16,54,11,345.00,"3,795.00"
2019-11-21,2019112101004931,PIC,16,49,11,345.00,"3,795.00"
2019-11-21,2019112101004843,PIC,16,11,61,345.00,"21,045.00"
2019-11-21,2019112101004684,PIC,16,17,24,345.00,"8,280.00"
2019-11-21,2019112101004683,PIC,54,17,30,345.00,"10,350.00"
2019-11-21,2019112101004682,PIC,53,17,15,346.00,"5,190.00"
2019-11-21,2019112101004681,PIC,51,17,131,346.00,"45,326.00"
2019-11-21,2019112101004983,PLIC,5,28,50,309.00,"15,450.00"
2019-11-21,2019112101004835,PLIC,28,28,10,309.00,"3,090.00"
2019-11-21,2019112101004831,PLIC,28,53,10,304.00,"3,040.00"
2019-11-21,2019112101004781,PLIC,41,20,100,300.00,"30,000.00"
2019-11-21,2019112101004816,PMHPL,46,21,10,83.00,830.00
2019-11-21,2019112101004998,PPCL,22,52,90,103.00,"9,270.00"
2019-11-21,2019112101004997,PPCL,51,52,100,103.00,"10,300.00"
2019-11-21,2019112101004996,PPCL,19,52,10,103.00,"1,030.00"
2019-11-21,2019112101005078,PRIN,49,41,65,306.00,"19,890.00"
2019-11-21,2019112101005077,PRIN,7,41,100,307.00,"30,700.00"
2019-11-21,2019112101005052,PRIN,49,32,127,310.00,"39,370.00"
2019-11-21,2019112101005047,PRVU,4,49,546,226.00,"123,396.00"
2019-11-21,2019112101005046,PRVU,4,49,210,226.00,"47,460.00"
2019-11-21,2019112101005011,PRVU,6,36,725,227.00,"164,575.00"
2019-11-21,2019112101005010,PRVU,6,34,216,227.00,"49,032.00"
2019-11-21,2019112101005009,PRVU,6,43,59,227.00,"13,393.00"
2019-11-21,2019112101004976,PRVU,4,21,10,226.00,"2,260.00"
2019-11-21,2019112101004944,PRVU,4,22,"1,400",226.00,"316,400.00"
2019-11-21,2019112101004807,PRVU,4,8,380,226.00,"85,880.00"
2019-11-21,2019112101004806,PRVU,34,8,90,226.00,"20,340.00"
2019-11-21,2019112101005071,RHPL,57,33,30,163.00,"4,890.00"
2019-11-21,2019112101004954,RHPL,44,44,30,164.00,"4,920.00"
2019-11-21,2019112101004838,RHPL,16,7,"1,195",164.00,"195,980.00"
2019-11-21,2019112101004724,RHPL,57,38,40,163.00,"6,520.00"
2019-11-21,2019112101004712,RHPL,57,38,40,163.00,"6,520.00"
2019-11-21,2019112101004677,RHPL,57,38,40,163.00,"6,520.00"
2019-11-21,2019112101005109,RSDC,22,54,23,283.00,"6,509.00"
2019-11-21,2019112101005160,SABSL,50,58,10,477.00,"4,770.00"
2019-11-21,2019112101005012,SABSL,6,33,10,474.00,"4,740.00"
2019-11-21,2019112101004842,SABSL,49,50,50,477.00,"23,850.00"
2019-11-21,2019112101004799,SABSL,6,57,10,474.00,"4,740.00"
2019-11-21,2019112101004735,SABSL,36,44,50,475.00,"23,750.00"
2019-11-21,2019112101004734,SABSL,6,44,10,475.00,"4,750.00"
2019-11-21,2019112101004727,SABSL,6,44,100,478.00,"47,800.00"
2019-11-21,2019112101004726,SABSL,39,44,20,479.00,"9,580.00"
2019-11-21,2019112101004733,SABSL,59,44,100,475.00,"47,500.00"
2019-11-21,2019112101004732,SABSL,19,44,100,475.00,"47,500.00"
2019-11-21,2019112101004731,SABSL,56,44,20,475.00,"9,500.00"
2019-11-21,2019112101004730,SABSL,17,44,20,476.00,"9,520.00"
2019-11-21,2019112101004729,SABSL,49,44,180,476.00,"85,680.00"
2019-11-21,2019112101004728,SABSL,8,44,180,477.00,"85,860.00"
2019-11-21,2019112101005158,SANIMA,47,50,50,302.00,"15,100.00"
2019-11-21,2019112101005098,SANIMA,53,50,10,302.00,"3,020.00"
2019-11-21,2019112101005097,SANIMA,38,50,100,302.00,"30,200.00"
2019-11-21,2019112101004973,SANIMA,38,17,16,302.00,"4,832.00"
2019-11-21,2019112101004972,SANIMA,21,17,100,302.00,"30,200.00"
2019-11-21,2019112101004957,SBI,25,52,82,380.00,"31,160.00"
2019-11-21,2019112101004956,SBI,47,52,18,380.00,"6,840.00"
2019-11-21,2019112101004813,SBI,47,45,121,380.00,"45,980.00"
2019-11-21,2019112101004751,SBI,47,43,61,380.00,"23,180.00"
2019-11-21,2019112101004750,SBI,54,43,50,380.00,"19,000.00"
2019-11-21,2019112101004749,SBI,25,43,140,380.00,"53,200.00"
2019-11-21,2019112101004748,SBI,33,43,49,381.00,"18,669.00"
2019-11-21,2019112101005058,SBL,8,46,470,281.00,"132,070.00"
2019-11-21,2019112101005057,SBL,1,46,30,281.00,"8,430.00"
2019-11-21,2019112101005166,SCB,29,42,20,552.00,"11,040.00"
2019-11-21,2019112101005128,SCB,14,54,10,550.00,"5,500.00"
2019-11-21,2019112101005127,SCB,29,54,10,551.00,"5,510.00"
2019-11-21,2019112101004978,SCB,29,49,20,551.00,"11,020.00"
2019-11-21,2019112101004946,SCB,29,44,200,551.00,"110,200.00"
2019-11-21,2019112101004938,SCB,29,49,20,551.00,"11,020.00"
2019-11-21,2019112101004676,SCB,29,1,50,550.00,"27,500.00"
2019-11-21,2019112101005152,SDESI,8,52,100,642.00,"64,200.00"
2019-11-21,2019112101005151,SDESI,36,6,50,643.00,"32,150.00"
2019-11-21,2019112101005143,SDESI,38,6,174,643.00,"111,882.00"
2019-11-21,2019112101005142,SDESI,38,6,129,643.00,"82,947.00"
2019-11-21,2019112101005120,SDESI,11,6,30,643.00,"19,290.00"
2019-11-21,2019112101004988,SDESI,22,6,181,643.00,"116,383.00"
2019-11-21,2019112101004794,SDESI,58,10,10,641.00,"6,410.00"
2019-11-21,2019112101004744,SDESI,55,10,90,641.00,"57,690.00"
2019-11-21,2019112101004743,SDESI,55,38,210,641.00,"134,610.00"
2019-11-21,2019112101004725,SDESI,38,29,27,640.00,"17,280.00"
2019-11-21,2019112101004717,SDESI,38,29,27,640.00,"17,280.00"
2019-11-21,2019112101004711,SDESI,38,29,27,640.00,"17,280.00"
2019-11-21,2019112101004971,SDESI,14,6,50,643.00,"32,150.00"
2019-11-21,2019112101004934,SDESI,22,10,83,642.00,"53,286.00"
2019-11-21,2019112101004933,SDESI,22,22,120,642.00,"77,040.00"
2019-11-21,2019112101004932,SDESI,22,45,116,642.00,"74,472.00"
2019-11-21,2019112101004880,SDESI,38,1,17,640.00,"10,880.00"
2019-11-21,2019112101004811,SDESI,25,45,13,642.00,"8,346.00"
2019-11-21,2019112101005162,SHIVM,58,45,30,410.00,"12,300.00"
2019-11-21,2019112101005130,SHIVM,56,25,150,407.00,"61,050.00"
2019-11-21,2019112101005129,SHIVM,13,25,100,408.00,"40,800.00"
2019-11-21,2019112101004999,SHIVM,25,16,50,406.00,"20,300.00"
2019-11-21,2019112101004782,SHIVM,41,45,100,407.00,"40,700.00"
2019-11-21,2019112101005155,SHL,40,37,200,210.00,"42,000.00"
2019-11-21,2019112101004900,SIFC,29,21,20,149.00,"2,980.00"
2019-11-21,2019112101004834,SIFC,29,43,49,149.00,"7,301.00"
2019-11-21,2019112101005014,SIL,25,50,11,365.00,"4,015.00"
2019-11-21,2019112101005087,SJCL,26,46,10,155.00,"1,550.00"
2019-11-21,2019112101005079,SJCL,41,43,200,154.00,"30,800.00"
2019-11-21,2019112101005056,SJCL,41,33,20,154.00,"3,080.00"
2019-11-21,2019112101004987,SJCL,44,46,10,155.00,"1,550.00"
2019-11-21,2019112101004702,SJCL,41,38,20,154.00,"3,080.00"
2019-11-21,2019112101004680,SJCL,41,38,20,154.00,"3,080.00"
2019-11-21,2019112101004986,SJCL,44,29,10,155.00,"1,550.00"
2019-11-21,2019112101004982,SJCL,41,44,20,154.00,"3,080.00"
2019-11-21,2019112101004736,SJCL,41,38,20,154.00,"3,080.00"
2019-11-21,2019112101004985,SLBBL,25,52,50,592.00,"29,600.00"
2019-11-21,2019112101004828,SLBSL,43,7,100,705.00,"70,500.00"
2019-11-21,2019112101005035,SLICL,45,11,100,250.00,"25,000.00"
2019-11-21,2019112101004959,SLICL,5,44,13,253.00,"3,289.00"
2019-11-21,2019112101004958,SLICL,5,8,37,252.00,"9,324.00"
2019-11-21,2019112101004737,SLICL,5,44,50,253.00,"12,650.00"
2019-11-21,2019112101004673,SLICL,42,58,50,251.00,"12,550.00"
2019-11-21,2019112101004984,SMB,51,49,10,422.00,"4,220.00"
2019-11-21,2019112101004872,SRBL,34,8,238,209.00,"49,742.00"
2019-11-21,2019112101005050,TMDBL,14,57,170,143.00,"24,310.00"
2019-11-21,2019112101005049,TMDBL,40,57,430,143.00,"61,490.00"
2019-11-21,2019112101004739,TRH,51,55,100,260.00,"26,000.00"
2019-11-21,2019112101004698,TRH,51,36,500,260.00,"130,000.00"
2019-11-21,2019112101004697,TRH,17,36,500,261.00,"130,500.00"
2019-11-21,2019112101004810,UPCL,17,42,50,72.00,"3,600.00"
2019-11-21,2019112101005119,UPPER,25,21,10,229.00,"2,290.00"
2019-11-21,2019112101005118,UPPER,25,39,40,228.00,"9,120.00"
2019-11-21,2019112101005117,UPPER,25,16,50,227.00,"11,350.00"
2019-11-21,2019112101005101,UPPER,25,44,500,225.00,"112,500.00"
2019-11-21,2019112101004821,UPPER,43,43,200,224.00,"44,800.00"
2019-11-21,2019112101004820,UPPER,16,43,100,224.00,"22,400.00"
2019-11-21,2019112101004819,UPPER,19,43,100,224.00,"22,400.00"
2019-11-21,2019112101004818,UPPER,57,43,100,224.00,"22,400.00"
2019-11-21,2019112101004817,UPPER,42,43,110,224.00,"24,640.00"
2019-11-21,2019112101004695,UPPER,42,17,50,224.00,"11,200.00"
2019-11-21,2019112101004961,UPPER,41,18,100,224.00,"22,400.00"
2019-11-21,2019112101004921,UPPER,13,54,22,224.00,"4,928.00"
2019-11-21,2019112101004920,UPPER,53,54,18,224.00,"4,032.00"
2019-11-21,2019112101004889,UPPER,25,44,120,225.00,"27,000.00"
2019-11-21,2019112101004823,UPPER,53,43,82,224.00,"18,368.00"
2019-11-21,2019112101004822,UPPER,45,43,300,224.00,"67,200.00"
2019-11-21,2019112101005042,UPPER,1,7,150,224.00,"33,600.00"
2019-11-21,2019112101005041,UPPER,52,7,100,224.00,"22,400.00"
2019-11-21,2019112101005040,UPPER,13,7,188,224.00,"42,112.00"
2019-11-21,2019112101004992,UPPER,13,54,97,224.00,"21,728.00"
2019-11-21,2019112101004962,UPPER,13,18,193,224.00,"43,232.00"
2019-11-21,2019112101005089,UPPER,44,42,72,224.00,"16,128.00"
2019-11-21,2019112101005082,UPPER,44,42,27,224.00,"6,048.00"
2019-11-21,2019112101005072,UPPER,44,49,362,224.00,"81,088.00"
2019-11-21,2019112101005045,UPPER,44,7,800,224.00,"179,200.00"
2019-11-21,2019112101005044,UPPER,56,7,100,224.00,"22,400.00"
2019-11-21,2019112101005043,UPPER,41,7,100,224.00,"22,400.00"
2019-11-21,2019112101004414,ADBL,42,33,335,408.00,"136,680.00"
2019-11-21,2019112101004413,ADBL,43,33,50,408.00,"20,400.00"
2019-11-21,2019112101004412,ADBL,34,33,100,409.00,"40,900.00"
2019-11-21,2019112101004411,ADBL,39,33,410,410.00,"168,100.00"
2019-11-21,2019112101004410,ADBL,46,33,25,410.00,"10,250.00"
2019-11-21,2019112101004409,ADBL,32,33,500,410.00,"205,000.00"
2019-11-21,2019112101004304,ADBL,51,45,69,412.00,"28,428.00"
2019-11-21,2019112101004303,ADBL,41,45,20,412.00,"8,240.00"
2019-11-21,2019112101004302,ADBL,22,45,11,412.00,"4,532.00"
2019-11-21,2019112101004402,ADBL,52,33,80,410.00,"32,800.00"
2019-11-21,2019112101004401,ADBL,52,33,155,411.00,"63,705.00"
2019-11-21,2019112101004400,ADBL,32,33,276,411.00,"113,436.00"
2019-11-21,2019112101004345,ADBL,32,41,224,411.00,"92,064.00"
2019-11-21,2019112101004344,ADBL,49,41,100,411.00,"41,100.00"
2019-11-21,2019112101004343,ADBL,51,41,31,412.00,"12,772.00"
2019-11-21,2019112101004408,ADBL,43,33,50,410.00,"20,500.00"
2019-11-21,2019112101004407,ADBL,35,33,100,410.00,"41,000.00"
2019-11-21,2019112101004406,ADBL,40,33,200,410.00,"82,000.00"
2019-11-21,2019112101004405,ADBL,25,33,50,410.00,"20,500.00"
2019-11-21,2019112101004404,ADBL,39,33,200,410.00,"82,000.00"
2019-11-21,2019112101004403,ADBL,45,33,100,410.00,"41,000.00"
2019-11-21,2019112101004318,AHPC,28,48,"1,000",94.00,"94,000.00"
2019-11-21,2019112101004317,AHPC,19,48,30,94.00,"2,820.00"
2019-11-21,2019112101004316,AHPC,52,48,200,94.00,"18,800.00"
2019-11-21,2019112101004443,AKBSL,58,38,10,423.00,"4,230.00"
2019-11-21,2019112101004421,AKBSL,14,14,10,424.00,"4,240.00"
2019-11-21,2019112101004301,AKBSL,58,40,10,423.00,"4,230.00"
2019-11-21,2019112101004282,AKBSL,58,40,10,423.00,"4,230.00"
2019-11-21,2019112101004278,AKBSL,58,40,10,423.00,"4,230.00"
2019-11-21,2019112101004268,AKBSL,58,40,10,423.00,"4,230.00"
2019-11-21,2019112101004212,AKBSL,58,40,10,423.00,"4,230.00"
2019-11-21,2019112101004177,AKBSL,58,40,10,423.00,"4,230.00"
2019-11-21,2019112101004260,AKBSL,58,40,10,423.00,"4,230.00"
2019-11-21,2019112101004254,AKBSL,58,40,10,423.00,"4,230.00"
2019-11-21,2019112101004245,AKBSL,58,40,10,423.00,"4,230.00"
2019-11-21,2019112101004236,AKBSL,58,40,10,423.00,"4,230.00"
2019-11-21,2019112101004230,AKBSL,58,40,10,423.00,"4,230.00"
2019-11-21,2019112101004215,AKBSL,58,38,10,423.00,"4,230.00"
2019-11-21,2019112101004486,AKPL,45,57,10,114.00,"1,140.00"
2019-11-21,2019112101004592,API,25,41,20,103.00,"2,060.00"
2019-11-21,2019112101004385,API,7,56,360,101.00,"36,360.00"
2019-11-21,2019112101004384,API,53,56,100,101.00,"10,100.00"
2019-11-21,2019112101004383,API,37,56,100,101.00,"10,100.00"
2019-11-21,2019112101004382,API,43,56,100,101.00,"10,100.00"
2019-11-21,2019112101004381,API,39,56,200,102.00,"20,400.00"
2019-11-21,2019112101004380,API,38,56,50,102.00,"5,100.00"
2019-11-21,2019112101004379,API,38,56,90,102.00,"9,180.00"
2019-11-21,2019112101004442,BPCL,43,33,22,345.00,"7,590.00"
2019-11-21,2019112101004550,CBBL,22,33,203,961.00,"195,083.00"
2019-11-21,2019112101004549,CBBL,28,33,100,961.00,"96,100.00"
2019-11-21,2019112101004548,CBBL,48,33,42,965.00,"40,530.00"
2019-11-21,2019112101004547,CBBL,57,33,30,966.00,"28,980.00"
2019-11-21,2019112101004331,CBBL,1,33,10,968.00,"9,680.00"
2019-11-21,2019112101004447,CBBL,57,7,20,966.00,"19,320.00"
2019-11-21,2019112101004438,CBBL,57,8,10,966.00,"9,660.00"
2019-11-21,2019112101004422,CBBL,47,58,20,967.00,"19,340.00"
2019-11-21,2019112101004399,CBBL,1,58,10,967.00,"9,670.00"
2019-11-21,2019112101004659,CBL,39,38,"1,000",136.00,"136,000.00"
2019-11-21,2019112101004558,CBL,39,5,348,136.00,"47,328.00"
2019-11-21,2019112101004520,CBL,39,39,198,136.00,"26,928.00"
2019-11-21,2019112101004248,CBL,7,58,470,137.00,"64,390.00"
2019-11-21,2019112101004247,CBL,7,34,500,137.00,"68,500.00"
2019-11-21,2019112101004246,CBL,7,37,30,137.00,"4,110.00"
2019-11-21,2019112101004216,CBL,13,37,200,137.00,"27,400.00"
2019-11-21,2019112101004647,CCBL,6,58,"1,140",161.00,"183,540.00"
2019-11-21,2019112101004646,CCBL,6,28,424,161.00,"68,264.00"
2019-11-21,2019112101004645,CCBL,6,41,236,161.00,"37,996.00"
2019-11-21,2019112101004642,CCBL,45,1,51,160.00,"8,160.00"
2019-11-21,2019112101004640,CCBL,45,1,80,160.00,"12,800.00"
2019-11-21,2019112101004639,CCBL,45,1,27,160.00,"4,320.00"
2019-11-21,2019112101004219,CCBL,34,26,200,160.00,"32,000.00"
2019-11-21,2019112101004370,CCBL,51,7,300,160.00,"48,000.00"
2019-11-21,2019112101004369,CCBL,45,7,700,160.00,"112,000.00"
2019-11-21,2019112101004232,CCBL,59,41,25,161.00,"4,025.00"
2019-11-21,2019112101004220,CCBL,45,26,300,160.00,"48,000.00"
2019-11-21,2019112101004493,CCBL,34,58,500,160.00,"80,000.00"
2019-11-21,2019112101004492,CCBL,59,58,200,160.00,"32,000.00"
2019-11-21,2019112101004491,CCBL,38,58,700,160.00,"112,000.00"
2019-11-21,2019112101004472,CCBL,38,7,"1,000",160.00,"160,000.00"
2019-11-21,2019112101004376,CCBL,38,28,300,160.00,"48,000.00"
2019-11-21,2019112101004375,CCBL,51,28,200,160.00,"32,000.00"
2019-11-21,2019112101004553,CCBL,14,5,173,159.00,"27,507.00"
2019-11-21,2019112101004498,CCBL,26,58,10,160.00,"1,600.00"
2019-11-21,2019112101004497,CCBL,32,58,200,160.00,"32,000.00"
2019-11-21,2019112101004496,CCBL,16,58,"1,000",160.00,"160,000.00"
2019-11-21,2019112101004495,CCBL,21,58,100,160.00,"16,000.00"
2019-11-21,2019112101004494,CCBL,51,58,200,160.00,"32,000.00"
2019-11-21,2019112101004573,CCBL,45,57,100,160.00,"16,000.00"
2019-11-21,2019112101004572,CCBL,45,39,188,160.00,"30,080.00"
2019-11-21,2019112101004571,CCBL,45,33,685,160.00,"109,600.00"
2019-11-21,2019112101004657,CHCL,16,7,440,352.00,"154,880.00"
2019-11-21,2019112101004656,CHCL,40,7,10,352.00,"3,520.00"
2019-11-21,2019112101004655,CHCL,41,7,50,352.00,"17,600.00"
2019-11-21,2019112101004637,CIT,41,7,43,"1,730.00","74,390.00"
2019-11-21,2019112101004636,CIT,25,7,50,"1,730.00","86,500.00"
2019-11-21,2019112101004635,CIT,56,7,50,"1,731.00","86,550.00"
2019-11-21,2019112101004634,CIT,11,7,25,"1,733.00","43,325.00"
2019-11-21,2019112101004633,CIT,50,7,32,"1,735.00","55,520.00"
2019-11-21,2019112101004581,CIT,50,28,18,"1,735.00","31,230.00"
2019-11-21,2019112101004580,CIT,56,28,50,"1,735.00","86,750.00"
2019-11-21,2019112101004527,CIT,47,44,20,"1,740.00","34,800.00"
2019-11-21,2019112101004341,CIT,56,17,10,"1,740.00","17,400.00"
2019-11-21,2019112101004222,CLBSL,45,45,1,450.00,450.00
2019-11-21,2019112101004578,CZBIL,8,44,150,183.00,"27,450.00"
2019-11-21,2019112101004577,CZBIL,8,17,350,183.00,"64,050.00"
2019-11-21,2019112101004513,CZBIL,45,5,97,182.00,"17,654.00"
2019-11-21,2019112101004349,CZBIL,45,17,100,182.00,"18,200.00"
2019-11-21,2019112101004478,DBBL,45,57,190,122.00,"23,180.00"
2019-11-21,2019112101004416,DBBL,45,56,10,122.00,"1,220.00"
2019-11-21,2019112101004444,DDBL,47,11,20,725.00,"14,500.00"
2019-11-21,2019112101004670,EBL,47,1,100,549.00,"54,900.00"
2019-11-21,2019112101004617,EBL,29,46,43,549.00,"23,607.00"
2019-11-21,2019112101004615,EBL,29,1,33,549.00,"18,117.00"
2019-11-21,2019112101004561,EDBL,53,57,100,273.00,"27,300.00"
2019-11-21,2019112101004485,GBBL,7,49,79,224.00,"17,696.00"
2019-11-21,2019112101004333,GBBL,58,58,"2,030",225.00,"456,750.00"
2019-11-21,2019112101004270,GBBL,41,49,"2,492",224.00,"558,208.00"
2019-11-21,2019112101004229,GBBL,29,32,200,224.00,"44,800.00"
2019-11-21,2019112101004228,GBBL,45,32,968,224.00,"216,832.00"
2019-11-21,2019112101004227,GBBL,1,32,224,224.00,"50,176.00"
2019-11-21,2019112101004226,GBBL,45,32,100,224.00,"22,400.00"
2019-11-21,2019112101004225,GBBL,51,32,500,224.00,"112,000.00"
2019-11-21,2019112101004224,GBBL,1,32,500,224.00,"112,000.00"
2019-11-21,2019112101004540,GBLBS,42,7,92,288.00,"26,496.00"
2019-11-21,2019112101004539,GBLBS,22,7,105,288.00,"30,240.00"
2019-11-21,2019112101004264,GGBSL,52,58,10,633.00,"6,330.00"
2019-11-21,2019112101004377,GGBSL,18,39,10,633.00,"6,330.00"
2019-11-21,2019112101004374,GGBSL,18,35,10,633.00,"6,330.00"
2019-11-21,2019112101004368,GGBSL,18,39,10,633.00,"6,330.00"
2019-11-21,2019112101004266,GGBSL,52,29,10,633.00,"6,330.00"
2019-11-21,2019112101004311,GILB,58,36,11,720.00,"7,920.00"
2019-11-21,2019112101004610,GLBSL,13,38,10,398.00,"3,980.00"
2019-11-21,2019112101004535,GLBSL,41,41,10,402.00,"4,020.00"
2019-11-21,2019112101004346,GLBSL,6,45,10,399.00,"3,990.00"
2019-11-21,2019112101004651,GLICL,34,58,240,350.00,"84,000.00"
2019-11-21,2019112101004396,GLICL,34,21,10,350.00,"3,500.00"
2019-11-21,2019112101004567,GMFBS,46,33,50,473.00,"23,650.00"
2019-11-21,2019112101004566,GMFBS,59,33,50,475.00,"23,750.00"
2019-11-21,2019112101004565,GMFBS,40,33,50,476.00,"23,800.00"
2019-11-21,2019112101004564,GMFBS,14,33,15,481.00,"7,215.00"
2019-11-21,2019112101004563,GMFBS,25,33,10,481.00,"4,810.00"
2019-11-21,2019112101004545,GMFBS,41,41,10,484.00,"4,840.00"
2019-11-21,2019112101004423,GMFBS,53,39,105,482.00,"50,610.00"
2019-11-21,2019112101004394,GMFBS,13,39,110,483.00,"53,130.00"
2019-11-21,2019112101004546,HDL,26,38,20,"1,754.00","35,080.00"
2019-11-21,2019112101004589,HIDCL,22,36,500,130.00,"65,000.00"
2019-11-21,2019112101004588,HIDCL,22,36,500,130.00,"65,000.00"
2019-11-21,2019112101004587,HIDCL,19,36,17,130.00,"2,210.00"
2019-11-21,2019112101004388,HIDCL,19,36,283,130.00,"36,790.00"
2019-11-21,2019112101004387,HIDCL,8,36,717,130.00,"93,210.00"
2019-11-21,2019112101004371,HIDCL,8,21,16,130.00,"2,080.00"
2019-11-21,2019112101004366,HIDCL,8,21,16,130.00,"2,080.00"
2019-11-21,2019112101004267,HURJA,14,14,20,102.00,"2,040.00"
2019-11-21,2019112101004244,HURJA,14,14,20,102.00,"2,040.00"
2019-11-21,2019112101004552,ILBS,41,41,10,471.00,"4,710.00"
2019-11-21,2019112101004364,ILBS,14,14,10,471.00,"4,710.00"
2019-11-21,2019112101004342,JOSHI,19,6,20,61.00,"1,220.00"
2019-11-21,2019112101004313,JSLBB,1,41,20,"1,152.00","23,040.00"
2019-11-21,2019112101004312,JSLBB,45,41,10,"1,152.00","11,520.00"
2019-11-21,2019112101004583,JSLBB,38,32,15,"1,152.00","17,280.00"
2019-11-21,2019112101004582,JSLBB,38,41,10,"1,152.00","11,520.00"
2019-11-21,2019112101004556,JSLBB,38,41,60,"1,152.00","69,120.00"
2019-11-21,2019112101004569,KBL,37,44,20,177.00,"3,540.00"
2019-11-21,2019112101004557,KBL,37,44,20,177.00,"3,540.00"
2019-11-21,2019112101004544,KBL,44,32,260,176.00,"45,760.00"
2019-11-21,2019112101004543,KBL,47,32,100,176.00,"17,600.00"
2019-11-21,2019112101004542,KBL,8,32,300,176.00,"52,800.00"
2019-11-21,2019112101004534,KBL,37,32,20,177.00,"3,540.00"
2019-11-21,2019112101004519,KBL,37,32,20,177.00,"3,540.00"
2019-11-21,2019112101004329,KBL,43,45,500,176.00,"88,000.00"
2019-11-21,2019112101004391,KKHC,33,21,10,51.00,510.00
2019-11-21,2019112101004325,KPCL,56,26,10,86.00,860.00
2019-11-21,2019112101004235,KPCL,34,26,90,85.00,"7,650.00"
2019-11-21,2019112101004638,KRBL,22,55,160,99.00,"15,840.00"
2019-11-21,2019112101004579,KRBL,22,34,200,99.00,"19,800.00"
2019-11-21,2019112101004658,LBBL,44,46,51,168.00,"8,568.00"
2019-11-21,2019112101004626,LBBL,44,6,598,168.00,"100,464.00"
2019-11-21,2019112101004625,LBBL,8,6,"1,000",168.00,"168,000.00"
2019-11-21,2019112101004624,LBBL,43,6,200,168.00,"33,600.00"
2019-11-21,2019112101004533,LBL,35,42,50,216.00,"10,800.00"
2019-11-21,2019112101004515,LBL,43,25,367,215.00,"78,905.00"
2019-11-21,2019112101004514,LBL,25,25,83,215.00,"17,845.00"
2019-11-21,2019112101004672,LGIL,49,35,85,319.00,"27,115.00"
2019-11-21,2019112101004619,LGIL,49,39,50,319.00,"15,950.00"
2019-11-21,2019112101004554,LGIL,49,35,"24,561",325.00,"7,982,325.00"
2019-11-21,2019112101004531,LGIL,49,47,160,321.00,"51,360.00"
2019-11-21,2019112101004530,LGIL,49,17,120,320.00,"38,400.00"
2019-11-21,2019112101004529,LGIL,49,51,53,319.00,"16,907.00"
2019-11-21,2019112101004522,LGIL,49,44,315,318.00,"100,170.00"
2019-11-21,2019112101004521,LGIL,49,48,50,317.00,"15,850.00"
2019-11-21,2019112101004482,LGIL,49,46,429,312.00,"133,848.00"
2019-11-21,2019112101004460,LGIL,49,46,571,312.00,"178,152.00"
2019-11-21,2019112101004471,LICN,35,25,11,954.00,"10,494.00"
2019-11-21,2019112101004347,LLBS,37,37,24,652.00,"15,648.00"
2019-11-21,2019112101004605,MBL,8,1,255,219.00,"55,845.00"
2019-11-21,2019112101004489,MBL,28,5,68,218.00,"14,824.00"
2019-11-21,2019112101004378,MBL,42,1,50,219.00,"10,950.00"
2019-11-21,2019112101004328,MBL,19,1,200,219.00,"43,800.00"
2019-11-21,2019112101004367,MEGA,49,58,100,182.00,"18,200.00"
2019-11-21,2019112101004458,MERO,39,36,30,415.00,"12,450.00"
2019-11-21,2019112101004457,MERO,51,36,125,415.00,"51,875.00"
2019-11-21,2019112101004456,MERO,42,36,50,415.00,"20,750.00"
2019-11-21,2019112101004455,MERO,38,36,10,415.00,"4,150.00"
2019-11-21,2019112101004454,MERO,28,36,100,416.00,"41,600.00"
2019-11-21,2019112101004453,MERO,19,36,20,416.00,"8,320.00"
2019-11-21,2019112101004428,MLBL,52,34,44,175.00,"7,700.00"
2019-11-21,2019112101004427,MLBL,52,8,56,174.00,"9,744.00"
2019-11-21,2019112101004654,MNBBL,13,1,41,311.00,"12,751.00"
2019-11-21,2019112101004597,MNBBL,13,39,176,311.00,"54,736.00"
2019-11-21,2019112101004480,MNBBL,41,50,10,314.00,"3,140.00"
2019-11-21,2019112101004596,MNBBL,56,39,35,311.00,"10,885.00"
2019-11-21,2019112101004595,MNBBL,35,39,17,311.00,"5,287.00"
2019-11-21,2019112101004594,MNBBL,14,39,100,312.00,"31,200.00"
2019-11-21,2019112101004538,MNBBL,45,39,42,313.00,"13,146.00"
2019-11-21,2019112101004537,MNBBL,45,50,58,313.00,"18,154.00"
2019-11-21,2019112101004481,MNBBL,49,50,50,313.00,"15,650.00"
2019-11-21,2019112101004607,NABIL,44,17,34,745.00,"25,330.00"
2019-11-21,2019112101004536,NABIL,49,17,20,745.00,"14,900.00"
2019-11-21,2019112101004511,NABIL,14,17,65,742.00,"48,230.00"
2019-11-21,2019112101004510,NABIL,41,17,14,742.00,"10,388.00"
2019-11-21,2019112101004509,NABIL,55,17,400,742.00,"296,800.00"
2019-11-21,2019112101004508,NABIL,19,17,100,742.00,"74,200.00"
2019-11-21,2019112101004507,NABIL,44,17,50,742.00,"37,100.00"
2019-11-21,2019112101004506,NABIL,55,17,200,743.00,"148,600.00"
2019-11-21,2019112101004500,NABIL,44,17,100,743.00,"74,300.00"
2019-11-21,2019112101004665,NBB,7,8,215,201.00,"43,215.00"
2019-11-21,2019112101004664,NBB,41,8,10,201.00,"2,010.00"
2019-11-21,2019112101004663,NBB,43,8,100,201.00,"20,100.00"
2019-11-21,2019112101004662,NBB,38,8,200,201.00,"40,200.00"
2019-11-21,2019112101004661,NBB,55,8,40,201.00,"8,040.00"
2019-11-21,2019112101004652,NBL,5,38,50,315.00,"15,750.00"
2019-11-21,2019112101004517,NBL,49,57,247,315.00,"77,805.00"
2019-11-21,2019112101004446,NBL,11,57,20,315.00,"6,300.00"
2019-11-21,2019112101004445,NBL,10,57,233,315.00,"73,395.00"
2019-11-21,2019112101004441,NBL,10,42,500,315.00,"157,500.00"
2019-11-21,2019112101004437,NBL,10,56,150,315.00,"47,250.00"
2019-11-21,2019112101004335,NBL,10,34,120,315.00,"37,800.00"
2019-11-21,2019112101004324,NBL,10,14,100,315.00,"31,500.00"
2019-11-21,2019112101004238,NBL,10,45,250,315.00,"78,750.00"
2019-11-21,2019112101004631,NCCB,56,36,215,199.00,"42,785.00"
2019-11-21,2019112101004630,NCCB,56,36,"1,000",199.00,"199,000.00"
2019-11-21,2019112101004629,NCCB,56,36,385,199.00,"76,615.00"
2019-11-21,2019112101004604,NCCB,56,46,615,199.00,"122,385.00"
2019-11-21,2019112101004603,NCCB,56,46,385,199.00,"76,615.00"
2019-11-21,2019112101004591,NCCB,56,59,615,199.00,"122,385.00"
2019-11-21,2019112101004590,NCCB,56,59,385,199.00,"76,615.00"
2019-11-21,2019112101004239,NCCB,56,57,329,199.00,"65,471.00"
2019-11-21,2019112101004649,NEF,48,32,"7,500",7.55,"56,625.00"
2019-11-21,2019112101004601,NIB,16,43,153,422.00,"64,566.00"
2019-11-21,2019112101004599,NIB,16,44,"2,500",422.00,"1,055,000.00"
2019-11-21,2019112101004526,NIB,52,46,80,421.00,"33,680.00"
2019-11-21,2019112101004525,NIB,28,46,225,421.00,"94,725.00"
2019-11-21,2019112101004395,NIB,49,19,40,423.00,"16,920.00"
2019-11-21,2019112101004309,NIB,49,55,17,423.00,"7,191.00"
2019-11-21,2019112101004308,NIB,49,32,43,423.00,"18,189.00"
2019-11-21,2019112101004363,NICA,52,26,460,400.00,"184,000.00"
2019-11-21,2019112101004362,NICA,54,26,300,400.00,"120,000.00"
2019-11-21,2019112101004361,NICA,45,26,100,400.00,"40,000.00"
2019-11-21,2019112101004360,NICA,39,26,50,400.00,"20,000.00"
2019-11-21,2019112101004359,NICA,53,26,40,400.00,"16,000.00"
2019-11-21,2019112101004358,NICA,3,26,100,400.00,"40,000.00"
2019-11-21,2019112101004181,NICA,50,26,50,402.00,"20,100.00"
2019-11-21,2019112101004180,NICA,46,26,210,402.00,"84,420.00"
2019-11-21,2019112101004188,NICA,3,44,100,402.00,"40,200.00"
2019-11-21,2019112101004187,NICA,44,44,100,402.00,"40,200.00"
2019-11-21,2019112101004186,NICA,58,44,100,402.00,"40,200.00"
2019-11-21,2019112101004185,NICA,43,44,100,402.00,"40,200.00"
2019-11-21,2019112101004184,NICA,40,44,600,402.00,"241,200.00"
2019-11-21,2019112101004182,NICA,40,26,100,402.00,"40,200.00"
2019-11-21,2019112101004194,NICA,44,44,"1,000",402.00,"402,000.00"
2019-11-21,2019112101004193,NICA,44,44,100,402.00,"40,200.00"
2019-11-21,2019112101004192,NICA,44,44,500,402.00,"201,000.00"
2019-11-21,2019112101004191,NICA,44,44,200,402.00,"80,400.00"
2019-11-21,2019112101004190,NICA,44,44,500,402.00,"201,000.00"
2019-11-21,2019112101004189,NICA,44,44,500,402.00,"201,000.00"
2019-11-21,2019112101004200,NICA,44,44,500,402.00,"201,000.00"
2019-11-21,2019112101004199,NICA,44,44,"2,000",402.00,"804,000.00"
2019-11-21,2019112101004198,NICA,44,44,200,402.00,"80,400.00"
2019-11-21,2019112101004197,NICA,44,44,500,402.00,"201,000.00"
2019-11-21,2019112101004196,NICA,44,44,500,402.00,"201,000.00"
2019-11-21,2019112101004195,NICA,44,44,500,402.00,"201,000.00"
2019-11-21,2019112101004206,NICA,44,44,200,402.00,"80,400.00"
2019-11-21,2019112101004205,NICA,44,44,100,402.00,"40,200.00"
2019-11-21,2019112101004204,NICA,44,44,200,402.00,"80,400.00"
2019-11-21,2019112101004203,NICA,44,44,300,402.00,"120,600.00"
2019-11-21,2019112101004202,NICA,44,44,500,402.00,"201,000.00"
2019-11-21,2019112101004201,NICA,44,44,100,402.00,"40,200.00"
2019-11-21,2019112101004357,NICA,51,26,50,400.00,"20,000.00"
2019-11-21,2019112101004336,NICA,46,28,120,401.00,"48,120.00"
2019-11-21,2019112101004319,NICA,42,28,400,401.00,"160,400.00"
2019-11-21,2019112101004315,NICA,32,44,500,402.00,"201,000.00"
2019-11-21,2019112101004277,NICA,54,44,"1,500",402.00,"603,000.00"
2019-11-21,2019112101004258,NICA,28,44,100,402.00,"40,200.00"
2019-11-21,2019112101004648,NICL,44,13,70,242.00,"16,940.00"
2019-11-21,2019112101004608,NICL,25,13,200,242.00,"48,400.00"
2019-11-21,2019112101004179,NICL,43,50,40,244.00,"9,760.00"
2019-11-21,2019112101004392,NICL,53,34,420,242.00,"101,640.00"
2019-11-21,2019112101004340,NICL,43,34,50,242.00,"12,100.00"
2019-11-21,2019112101004339,NICL,49,34,500,243.00,"121,500.00"
2019-11-21,2019112101004338,NICL,32,34,100,243.00,"24,300.00"
2019-11-21,2019112101004337,NICL,37,34,300,243.00,"72,900.00"
2019-11-21,2019112101004452,NICL,1,13,100,242.00,"24,200.00"
2019-11-21,2019112101004393,NICL,53,13,80,242.00,"19,360.00"
2019-11-21,2019112101004609,NIL,53,37,500,376.00,"188,000.00"
2019-11-21,2019112101004602,NIL,53,37,599,376.00,"225,224.00"
2019-11-21,2019112101004462,NIL,53,22,150,376.00,"56,400.00"
2019-11-21,2019112101004373,NIL,53,7,50,376.00,"18,800.00"
2019-11-21,2019112101004501,NLBBL,50,44,82,497.00,"40,754.00"
2019-11-21,2019112101004261,NLBBL,50,53,418,497.00,"207,746.00"
2019-11-21,2019112101004570,NLIC,56,39,132,786.00,"103,752.00"
2019-11-21,2019112101004532,NLIC,6,57,11,785.00,"8,635.00"
2019-11-21,2019112101004524,NLIC,36,57,11,786.00,"8,646.00"
2019-11-21,2019112101004523,NLIC,6,17,22,785.00,"17,270.00"
2019-11-21,2019112101004628,NMB,5,36,50,383.00,"19,150.00"
2019-11-21,2019112101004518,NMB,19,36,14,383.00,"5,362.00"
2019-11-21,2019112101004488,NMB,45,45,300,382.00,"114,600.00"
2019-11-21,2019112101004487,NMB,45,14,86,382.00,"32,852.00"
2019-11-21,2019112101004461,NMB,6,5,119,381.00,"45,339.00"
2019-11-21,2019112101004386,NMB,38,14,500,382.00,"191,000.00"
2019-11-21,2019112101004242,NMB,10,14,892,382.00,"340,744.00"
2019-11-21,2019112101004241,NMB,10,18,108,382.00,"41,256.00"
2019-11-21,2019112101004214,NMB,10,18,387,382.00,"147,834.00"
2019-11-21,2019112101004213,NMB,10,44,613,382.00,"234,166.00"
2019-11-21,2019112101004365,NMB,4,14,50,382.00,"19,100.00"
2019-11-21,2019112101004348,NMB,34,14,100,382.00,"38,200.00"
2019-11-21,2019112101004330,NMB,10,14,500,382.00,"191,000.00"
2019-11-21,2019112101004323,NMB,25,14,140,382.00,"53,480.00"
2019-11-21,2019112101004307,NMB,45,14,200,382.00,"76,400.00"
2019-11-21,2019112101004255,NMB,16,14,"1,500",382.00,"573,000.00"
2019-11-21,2019112101004218,NMFBS,34,8,200,"1,715.00","343,000.00"
2019-11-21,2019112101004217,NSEWA,55,42,15,387.00,"5,805.00"
2019-11-21,2019112101004612,NTC,6,48,270,621.00,"167,670.00"
2019-11-21,2019112101004611,NTC,39,48,30,622.00,"18,660.00"
2019-11-21,2019112101004575,NTC,8,19,20,623.00,"12,460.00"
2019-11-21,2019112101004432,NTC,6,55,"1,140",622.00,"709,080.00"
2019-11-21,2019112101004468,OHL,7,45,255,408.00,"104,040.00"
2019-11-21,2019112101004576,PCBL,34,58,"1,000",275.00,"275,000.00"
2019-11-21,2019112101004350,PCBL,6,22,15,274.00,"4,110.00"
2019-11-21,2019112101004275,PCBL,53,1,115,275.00,"31,625.00"
2019-11-21,2019112101004274,PCBL,53,32,100,275.00,"27,500.00"
2019-11-21,2019112101004252,PCBL,6,18,298,274.00,"81,652.00"
2019-11-21,2019112101004251,PCBL,14,18,200,274.00,"54,800.00"
2019-11-21,2019112101004250,PCBL,34,18,"1,342",274.00,"367,708.00"
2019-11-21,2019112101004175,PCBL,6,41,200,275.00,"55,000.00"
2019-11-21,2019112101004174,PCBL,6,58,401,275.00,"110,275.00"
2019-11-21,2019112101004173,PCBL,6,57,109,275.00,"29,975.00"
2019-11-21,2019112101004233,PIC,51,8,19,346.00,"6,574.00"
2019-11-21,2019112101004660,PRVU,34,52,100,226.00,"22,600.00"
2019-11-21,2019112101004332,RBCL,34,6,10,"8,086.00","80,860.00"
2019-11-21,2019112101004476,RHPC,17,41,"1,923",72.00,"138,456.00"
2019-11-21,2019112101004616,RHPL,17,17,40,164.00,"6,560.00"
2019-11-21,2019112101004614,RHPL,57,38,40,163.00,"6,520.00"
2019-11-21,2019112101004562,RHPL,57,38,40,163.00,"6,520.00"
2019-11-21,2019112101004490,RHPL,57,38,40,163.00,"6,520.00"
2019-11-21,2019112101004479,RHPL,54,34,160,164.00,"26,240.00"
2019-11-21,2019112101004466,RHPL,54,17,30,164.00,"4,920.00"
2019-11-21,2019112101004178,RHPL,54,38,40,164.00,"6,560.00"
2019-11-21,2019112101004280,RHPL,54,47,20,164.00,"3,280.00"
2019-11-21,2019112101004263,RHPL,54,38,40,164.00,"6,560.00"
2019-11-21,2019112101004253,RHPL,54,34,40,164.00,"6,560.00"
2019-11-21,2019112101004237,RHPL,54,16,10,164.00,"1,640.00"
2019-11-21,2019112101004234,RHPL,54,47,20,164.00,"3,280.00"
2019-11-21,2019112101004183,RHPL,54,34,40,164.00,"6,560.00"
2019-11-21,2019112101004451,RHPL,54,38,40,164.00,"6,560.00"
2019-11-21,2019112101004439,RHPL,54,38,40,164.00,"6,560.00"
2019-11-21,2019112101004426,RHPL,54,38,40,164.00,"6,560.00"
2019-11-21,2019112101004417,RHPL,54,51,40,164.00,"6,560.00"
2019-11-21,2019112101004390,RHPL,54,43,140,164.00,"22,960.00"
2019-11-21,2019112101004283,RHPL,54,38,40,164.00,"6,560.00"
2019-11-21,2019112101004671,RLFL,26,22,10,108.00,"1,080.00"
2019-11-21,2019112101004623,RMDC,28,33,40,590.00,"23,600.00"
2019-11-21,2019112101004622,RMDC,37,33,350,593.00,"207,550.00"
2019-11-21,2019112101004621,RMDC,22,33,110,593.00,"65,230.00"
2019-11-21,2019112101004483,RSDC,45,45,1,280.00,280.00
2019-11-21,2019112101004650,SABSL,18,58,10,480.00,"4,800.00"
2019-11-21,2019112101004593,SABSL,18,32,10,480.00,"4,800.00"
2019-11-21,2019112101004314,SABSL,39,29,10,479.00,"4,790.00"
2019-11-21,2019112101004269,SABSL,39,38,10,479.00,"4,790.00"
2019-11-21,2019112101004223,SABSL,39,38,10,479.00,"4,790.00"
2019-11-21,2019112101004465,SADBL,40,36,"1,356",136.00,"184,416.00"
2019-11-21,2019112101004669,SANIMA,6,50,72,303.00,"21,816.00"
2019-11-21,2019112101004668,SANIMA,6,56,28,303.00,"8,484.00"
2019-11-21,2019112101004299,SANIMA,8,14,82,300.00,"24,600.00"
2019-11-21,2019112101004298,SANIMA,26,14,500,300.00,"150,000.00"
2019-11-21,2019112101004297,SANIMA,46,14,150,300.00,"45,000.00"
2019-11-21,2019112101004296,SANIMA,37,14,500,300.00,"150,000.00"
2019-11-21,2019112101004289,SANIMA,44,14,300,302.00,"90,600.00"
2019-11-21,2019112101004288,SANIMA,25,14,100,302.00,"30,200.00"
2019-11-21,2019112101004287,SANIMA,45,14,50,302.00,"15,100.00"
2019-11-21,2019112101004286,SANIMA,51,14,100,302.00,"30,200.00"
2019-11-21,2019112101004285,SANIMA,41,14,50,302.00,"15,100.00"
2019-11-21,2019112101004279,SANIMA,1,45,50,302.00,"15,100.00"
2019-11-21,2019112101004295,SANIMA,32,14,200,300.00,"60,000.00"
2019-11-21,2019112101004294,SANIMA,14,14,300,301.00,"90,300.00"
2019-11-21,2019112101004293,SANIMA,6,14,300,301.00,"90,300.00"
2019-11-21,2019112101004292,SANIMA,28,14,200,301.00,"60,200.00"
2019-11-21,2019112101004291,SANIMA,49,14,"1,000",301.00,"301,000.00"
2019-11-21,2019112101004290,SANIMA,44,14,300,302.00,"90,600.00"
2019-11-21,2019112101004257,SAPDBL,16,51,137,123.00,"16,851.00"
2019-11-21,2019112101004256,SAPDBL,16,42,63,122.00,"7,686.00"
2019-11-21,2019112101004586,SBI,25,8,"1,400",381.00,"533,400.00"
2019-11-21,2019112101004327,SBI,33,32,51,381.00,"19,431.00"
2019-11-21,2019112101004326,SBI,6,32,55,381.00,"20,955.00"
2019-11-21,2019112101004585,SBL,28,46,200,281.00,"56,200.00"
2019-11-21,2019112101004584,SBL,51,46,77,281.00,"21,637.00"
2019-11-21,2019112101004667,SCB,35,42,10,552.00,"5,520.00"
2019-11-21,2019112101004666,SCB,35,59,20,552.00,"11,040.00"
2019-11-21,2019112101004469,SCB,52,50,115,555.00,"63,825.00"
2019-11-21,2019112101004618,SDESI,38,29,99,640.00,"63,360.00"
2019-11-21,2019112101004600,SDESI,14,38,100,641.00,"64,100.00"
2019-11-21,2019112101004334,SDESI,19,45,12,639.00,"7,668.00"
2019-11-21,2019112101004306,SDESI,18,7,50,640.00,"32,000.00"
2019-11-21,2019112101004305,SDESI,19,45,12,639.00,"7,668.00"
2019-11-21,2019112101004221,SDESI,19,53,27,639.00,"17,253.00"
2019-11-21,2019112101004644,SHIVM,41,20,200,407.00,"81,400.00"
2019-11-21,2019112101004643,SHIVM,57,20,100,408.00,"40,800.00"
2019-11-21,2019112101004559,SHIVM,41,52,50,407.00,"20,350.00"
2019-11-21,2019112101004555,SHIVM,41,34,50,407.00,"20,350.00"
2019-11-21,2019112101004541,SHIVM,41,34,50,407.00,"20,350.00"
2019-11-21,2019112101004528,SHIVM,41,34,50,407.00,"20,350.00"
2019-11-21,2019112101004207,SHIVM,45,41,30,406.00,"12,180.00"
2019-11-21,2019112101004284,SHIVM,49,28,100,407.00,"40,700.00"
2019-11-21,2019112101004272,SHIVM,45,28,10,407.00,"4,070.00"
2019-11-21,2019112101004211,SHIVM,35,41,120,406.00,"48,720.00"
2019-11-21,2019112101004210,SHIVM,21,41,500,406.00,"203,000.00"
2019-11-21,2019112101004209,SHIVM,37,41,50,406.00,"20,300.00"
2019-11-21,2019112101004208,SHIVM,41,41,50,406.00,"20,300.00"
2019-11-21,2019112101004353,SHIVM,32,20,760,407.00,"309,320.00"
2019-11-21,2019112101004352,SHIVM,49,20,50,407.00,"20,350.00"
2019-11-21,2019112101004351,SHIVM,35,20,50,407.00,"20,350.00"
2019-11-21,2019112101004321,SHIVM,48,7,500,407.00,"203,500.00"
2019-11-21,2019112101004320,SHIVM,48,28,100,407.00,"40,700.00"
2019-11-21,2019112101004300,SHIVM,34,28,50,407.00,"20,350.00"
2019-11-21,2019112101004419,SHIVM,8,45,10,407.00,"4,070.00"
2019-11-21,2019112101004418,SHIVM,47,45,100,407.00,"40,700.00"
2019-11-21,2019112101004355,SHIVM,59,20,60,406.00,"24,360.00"
2019-11-21,2019112101004354,SHIVM,35,20,80,406.00,"32,480.00"
2019-11-21,2019112101004440,SHIVM,33,53,"1,000",405.00,"405,000.00"
2019-11-21,2019112101004436,SHIVM,1,45,200,406.00,"81,200.00"
2019-11-21,2019112101004435,SHIVM,25,45,50,406.00,"20,300.00"
2019-11-21,2019112101004434,SHIVM,48,45,600,406.00,"243,600.00"
2019-11-21,2019112101004433,SHIVM,59,45,240,406.00,"97,440.00"
2019-11-21,2019112101004420,SHIVM,22,45,100,407.00,"40,700.00"
2019-11-21,2019112101004516,SHIVM,25,34,50,407.00,"20,350.00"
2019-11-21,2019112101004512,SHIVM,25,58,20,406.00,"8,120.00"
2019-11-21,2019112101004503,SHIVM,56,34,50,407.00,"20,350.00"
2019-11-21,2019112101004502,SHIVM,56,45,250,407.00,"101,750.00"
2019-11-21,2019112101004475,SHIVM,50,45,50,407.00,"20,350.00"
2019-11-21,2019112101004474,SHIVM,22,45,100,407.00,"40,700.00"
2019-11-21,2019112101004574,SHL,41,37,200,210.00,"42,000.00"
2019-11-21,2019112101004431,SHL,22,32,300,209.00,"62,700.00"
2019-11-21,2019112101004430,SHL,14,32,400,209.00,"83,600.00"
2019-11-21,2019112101004429,SHL,21,32,300,209.00,"62,700.00"
2019-11-21,2019112101004415,SIC,22,36,17,440.00,"7,480.00"
2019-11-21,2019112101004620,SJCL,41,38,20,154.00,"3,080.00"
2019-11-21,2019112101004568,SJCL,34,38,20,154.00,"3,080.00"
2019-11-21,2019112101004464,SJCL,34,38,20,154.00,"3,080.00"
2019-11-21,2019112101004459,SJCL,34,38,20,154.00,"3,080.00"
2019-11-21,2019112101004450,SJCL,34,38,20,154.00,"3,080.00"
2019-11-21,2019112101004449,SJCL,34,38,20,154.00,"3,080.00"
2019-11-21,2019112101004176,SJCL,29,38,20,154.00,"3,080.00"
2019-11-21,2019112101004273,SJCL,29,47,20,154.00,"3,080.00"
2019-11-21,2019112101004271,SJCL,29,57,20,154.00,"3,080.00"
2019-11-21,2019112101004262,SJCL,29,57,20,154.00,"3,080.00"
2019-11-21,2019112101004243,SJCL,29,34,20,154.00,"3,080.00"
2019-11-21,2019112101004240,SJCL,29,47,20,154.00,"3,080.00"
2019-11-21,2019112101004231,SJCL,29,34,20,154.00,"3,080.00"
2019-11-21,2019112101004448,SJCL,29,17,10,154.00,"1,540.00"
2019-11-21,2019112101004424,SJCL,29,51,20,154.00,"3,080.00"
2019-11-21,2019112101004356,SJCL,29,21,15,154.00,"2,310.00"
2019-11-21,2019112101004281,SJCL,29,38,20,154.00,"3,080.00"
2019-11-21,2019112101004276,SJCL,29,38,20,154.00,"3,080.00"
2019-11-21,2019112101004505,SLICL,47,22,200,252.00,"50,400.00"
2019-11-21,2019112101004504,SLICL,19,22,85,252.00,"21,420.00"
2019-11-21,2019112101004322,SLICL,19,21,15,252.00,"3,780.00"
2019-11-21,2019112101004470,SMFBS,28,7,10,780.00,"7,800.00"
2019-11-21,2019112101004425,SMFDB,58,49,30,501.00,"15,030.00"
2019-11-21,2019112101004398,SMFDB,58,49,50,501.00,"25,050.00"
2019-11-21,2019112101004397,SMFDB,52,49,50,502.00,"25,100.00"
2019-11-21,2019112101004632,SPARS,18,18,10,502.00,"5,020.00"
2019-11-21,2019112101004613,SPARS,18,18,10,502.00,"5,020.00"
2019-11-21,2019112101004606,SPARS,18,18,10,502.00,"5,020.00"
2019-11-21,2019112101004598,SPARS,18,18,10,502.00,"5,020.00"
2019-11-21,2019112101004499,SPARS,45,18,10,511.00,"5,110.00"
2019-11-21,2019112101004484,SPARS,45,18,10,511.00,"5,110.00"
2019-11-21,2019112101004477,SPARS,45,18,10,511.00,"5,110.00"
2019-11-21,2019112101004473,SPARS,45,18,10,511.00,"5,110.00"
2019-11-21,2019112101004463,SPARS,45,18,10,511.00,"5,110.00"
2019-11-21,2019112101004310,SPARS,48,45,50,515.00,"25,750.00"
2019-11-21,2019112101004259,SPARS,48,45,50,515.00,"25,750.00"
2019-11-21,2019112101004653,UPCL,48,17,100,71.00,"7,100.00"
2019-11-21,2019112101004627,UPCL,48,45,40,71.00,"2,840.00"
2019-11-21,2019112101004641,UPPER,54,44,20,225.00,"4,500.00"
2019-11-21,2019112101004560,UPPER,44,44,"1,000",225.00,"225,000.00"
2019-11-21,2019112101004551,UPPER,14,44,110,225.00,"24,750.00"
2019-11-21,2019112101004467,UPPER,13,44,350,225.00,"78,750.00"
2019-11-21,2019112101004265,UPPER,13,47,50,225.00,"11,250.00"
2019-11-21,2019112101004249,UPPER,13,47,50,225.00,"11,250.00"
2019-11-21,2019112101004389,VLBS,29,17,100,580.00,"58,000.00"
2019-11-21,2019112101004372,VLBS,1,17,10,585.00,"5,850.00"
2019-11-21,2019112101003955,ADBL,58,34,20,413.00,"8,260.00"
2019-11-21,2019112101003859,ADBL,48,6,155,413.00,"64,015.00"
2019-11-21,2019112101004154,AKBSL,58,40,10,423.00,"4,230.00"
2019-11-21,2019112101004142,AKBSL,58,40,10,423.00,"4,230.00"
2019-11-21,2019112101004102,AKBSL,58,7,90,423.00,"38,070.00"
2019-11-21,2019112101004066,AKBSL,58,38,10,423.00,"4,230.00"
2019-11-21,2019112101004065,AKBSL,58,18,10,423.00,"4,230.00"
2019-11-21,2019112101003686,AKBSL,58,7,30,423.00,"12,690.00"
2019-11-21,2019112101003685,AKBSL,17,7,20,424.00,"8,480.00"
2019-11-21,2019112101003684,AKBSL,43,7,50,424.00,"21,200.00"
2019-11-21,2019112101003935,AKPL,38,17,20,116.00,"2,320.00"
2019-11-21,2019112101003930,AKPL,38,17,20,116.00,"2,320.00"
2019-11-21,2019112101003918,AKPL,38,17,20,116.00,"2,320.00"
2019-11-21,2019112101003911,AKPL,38,17,20,116.00,"2,320.00"
2019-11-21,2019112101003704,AKPL,38,49,13,116.00,"1,508.00"
2019-11-21,2019112101004149,ALBSL,47,38,10,394.00,"3,940.00"
2019-11-21,2019112101004033,API,25,41,40,103.00,"4,120.00"
2019-11-21,2019112101003864,API,38,8,10,102.00,"1,020.00"
2019-11-21,2019112101003770,API,25,41,19,103.00,"1,957.00"
2019-11-21,2019112101003706,BFC,22,57,50,90.00,"4,500.00"
2019-11-21,2019112101004097,BOKL,10,52,80,217.00,"17,360.00"
2019-11-21,2019112101004089,BOKL,10,52,461,217.00,"100,037.00"
2019-11-21,2019112101004088,BOKL,10,1,100,217.00,"21,700.00"
2019-11-21,2019112101004087,BOKL,10,1,100,216.00,"21,600.00"
2019-11-21,2019112101004086,BOKL,10,51,239,216.00,"51,624.00"
2019-11-21,2019112101003929,BOKL,22,46,177,215.00,"38,055.00"
2019-11-21,2019112101003752,BOKL,6,37,92,214.00,"19,688.00"
2019-11-21,2019112101003744,BPCL,36,42,22,344.00,"7,568.00"
2019-11-21,2019112101003862,CBBL,28,7,80,966.00,"77,280.00"
2019-11-21,2019112101004084,CBL,50,37,50,137.00,"6,850.00"
2019-11-21,2019112101004028,CBL,58,37,720,137.00,"98,640.00"
2019-11-21,2019112101003760,CBL,39,42,146,136.00,"19,856.00"
2019-11-21,2019112101003946,CCBL,45,56,100,160.00,"16,000.00"
2019-11-21,2019112101003898,CCBL,4,41,739,161.00,"118,979.00"
2019-11-21,2019112101003897,CCBL,4,39,160,161.00,"25,760.00"
2019-11-21,2019112101003896,CCBL,4,13,101,161.00,"16,261.00"
2019-11-21,2019112101003718,CFCL,59,55,217,107.00,"23,219.00"
2019-11-21,2019112101003883,CZBIL,45,8,680,182.00,"123,760.00"
2019-11-21,2019112101003728,CZBIL,25,38,100,183.00,"18,300.00"
2019-11-21,2019112101003727,CZBIL,17,38,60,183.00,"10,980.00"
2019-11-21,2019112101003726,CZBIL,1,38,534,183.00,"97,722.00"
2019-11-21,2019112101004027,DBBL,57,40,100,121.00,"12,100.00"
2019-11-21,2019112101003927,DDBL,49,34,119,720.00,"85,680.00"
2019-11-21,2019112101004141,DHPL,22,16,295,49.00,"14,455.00"
2019-11-21,2019112101003736,EDBL,53,55,70,273.00,"19,110.00"
2019-11-21,2019112101003950,FMDBL,45,56,60,299.00,"17,940.00"
2019-11-21,2019112101003949,FMDBL,57,56,200,300.00,"60,000.00"
2019-11-21,2019112101003948,FMDBL,17,56,20,300.00,"6,000.00"
2019-11-21,2019112101003954,FOWAD,21,52,18,"1,301.00","23,418.00"
2019-11-21,2019112101003953,FOWAD,29,52,100,"1,307.00","130,700.00"
2019-11-21,2019112101003952,FOWAD,45,52,100,"1,308.00","130,800.00"
2019-11-21,2019112101003951,FOWAD,47,52,31,"1,308.00","40,548.00"
2019-11-21,2019112101003905,FOWAD,47,54,19,"1,308.00","24,852.00"
2019-11-21,2019112101003971,GBBL,41,5,150,225.00,"33,750.00"
2019-11-21,2019112101003970,GBBL,41,49,"1,000",225.00,"225,000.00"
2019-11-21,2019112101003732,GBBL,58,58,"2,970",225.00,"668,250.00"
2019-11-21,2019112101004159,GBLBS,22,32,95,288.00,"27,360.00"
2019-11-21,2019112101004158,GBLBS,51,32,300,289.00,"86,700.00"
2019-11-21,2019112101004157,GBLBS,10,32,200,289.00,"57,800.00"
2019-11-21,2019112101004156,GBLBS,57,32,50,289.00,"14,450.00"
2019-11-21,2019112101004155,GBLBS,35,32,185,289.00,"53,465.00"
2019-11-21,2019112101004051,GBLBS,42,7,100,290.00,"29,000.00"
2019-11-21,2019112101003928,GBLBS,34,7,150,290.00,"43,500.00"
2019-11-21,2019112101003917,GBLBS,39,7,25,290.00,"7,250.00"
2019-11-21,2019112101003874,GBLBS,17,7,30,290.00,"8,700.00"
2019-11-21,2019112101003722,GBLBS,35,49,15,289.00,"4,335.00"
2019-11-21,2019112101004105,GGBSL,52,57,10,633.00,"6,330.00"
2019-11-21,2019112101003984,GGBSL,52,42,10,633.00,"6,330.00"
2019-11-21,2019112101003735,GGBSL,52,38,10,633.00,"6,330.00"
2019-11-21,2019112101003725,GGBSL,52,38,10,633.00,"6,330.00"
2019-11-21,2019112101003719,GGBSL,52,38,10,633.00,"6,330.00"
2019-11-21,2019112101003679,GGBSL,52,34,10,633.00,"6,330.00"
2019-11-21,2019112101003847,GGBSL,52,47,10,633.00,"6,330.00"
2019-11-21,2019112101003766,GGBSL,52,38,10,633.00,"6,330.00"
2019-11-21,2019112101003758,GGBSL,52,38,10,633.00,"6,330.00"
2019-11-21,2019112101003753,GGBSL,52,38,10,633.00,"6,330.00"
2019-11-21,2019112101003741,GGBSL,52,38,10,633.00,"6,330.00"
2019-11-21,2019112101004136,GILB,43,14,90,718.00,"64,620.00"
2019-11-21,2019112101004059,GILB,36,26,70,714.00,"49,980.00"
2019-11-21,2019112101004045,GILB,36,44,164,714.00,"117,096.00"
2019-11-21,2019112101004044,GILB,44,44,50,715.00,"35,750.00"
2019-11-21,2019112101004043,GILB,52,44,50,715.00,"35,750.00"
2019-11-21,2019112101004042,GILB,7,44,42,715.00,"30,030.00"
2019-11-21,2019112101003912,GILB,1,14,40,718.00,"28,720.00"
2019-11-21,2019112101003894,GLBSL,17,50,20,400.00,"8,000.00"
2019-11-21,2019112101003790,GLBSL,6,50,100,401.00,"40,100.00"
2019-11-21,2019112101003771,GLBSL,18,18,10,402.00,"4,020.00"
2019-11-21,2019112101003908,GMFBS,17,39,20,484.00,"9,680.00"
2019-11-21,2019112101003750,GMFBS,13,7,90,483.00,"43,470.00"
2019-11-21,2019112101003731,GMFBS,19,39,50,484.00,"24,200.00"
2019-11-21,2019112101003730,GMFBS,17,39,20,485.00,"9,700.00"
2019-11-21,2019112101003729,GMFBS,50,39,20,485.00,"9,700.00"
2019-11-21,2019112101003789,HBL,37,37,27,476.00,"12,852.00"
2019-11-21,2019112101004058,HGI,10,34,140,242.00,"33,880.00"
2019-11-21,2019112101004050,HGI,10,34,260,242.00,"62,920.00"
2019-11-21,2019112101004049,HGI,10,35,"1,000",242.00,"242,000.00"
2019-11-21,2019112101004048,HGI,10,5,70,242.00,"16,940.00"
2019-11-21,2019112101004047,HGI,10,46,270,241.00,"65,070.00"
2019-11-21,2019112101004135,HIDCL,17,55,19,131.00,"2,489.00"
2019-11-21,2019112101004134,HIDCL,17,1,400,131.00,"52,400.00"
2019-11-21,2019112101004015,HIDCL,8,5,351,130.00,"45,630.00"
2019-11-21,2019112101004014,HIDCL,1,5,200,130.00,"26,000.00"
2019-11-21,2019112101004013,HIDCL,57,5,100,130.00,"13,000.00"
2019-11-21,2019112101004012,HIDCL,16,5,50,130.00,"6,500.00"
2019-11-21,2019112101004011,HIDCL,25,5,25,130.00,"3,250.00"
2019-11-21,2019112101004010,HIDCL,17,5,274,130.00,"35,620.00"
2019-11-21,2019112101004009,HIDCL,17,8,26,130.00,"3,380.00"
2019-11-21,2019112101003765,HIDCL,29,6,30,131.00,"3,930.00"
2019-11-21,2019112101003724,HPPL,45,49,10,133.00,"1,330.00"
2019-11-21,2019112101004077,HURJA,14,14,20,102.00,"2,040.00"
2019-11-21,2019112101003997,HURJA,14,14,20,102.00,"2,040.00"
2019-11-21,2019112101003943,HURJA,14,14,20,102.00,"2,040.00"
2019-11-21,2019112101004166,JBBL,44,51,200,159.00,"31,800.00"
2019-11-21,2019112101004165,JBBL,17,51,100,159.00,"15,900.00"
2019-11-21,2019112101004164,JBBL,41,51,481,159.00,"76,479.00"
2019-11-21,2019112101004006,JBBL,41,45,19,159.00,"3,021.00"
2019-11-21,2019112101004005,JBBL,57,45,50,159.00,"7,950.00"
2019-11-21,2019112101004004,JBBL,17,45,31,159.00,"4,929.00"
2019-11-21,2019112101003926,JBBL,17,58,69,159.00,"10,971.00"
2019-11-21,2019112101003925,JBBL,57,58,281,159.00,"44,679.00"
2019-11-21,2019112101003904,JBBL,57,8,40,159.00,"6,360.00"
2019-11-21,2019112101003892,JBBL,35,58,50,160.00,"8,000.00"
2019-11-21,2019112101003838,JBBL,57,45,137,159.00,"21,783.00"
2019-11-21,2019112101004128,JSLBB,45,42,10,"1,152.00","11,520.00"
2019-11-21,2019112101004127,JSLBB,38,42,10,"1,152.00","11,520.00"
2019-11-21,2019112101003816,JSLBB,38,37,14,"1,156.00","16,184.00"
2019-11-21,2019112101003764,JSLBB,38,51,10,"1,156.00","11,560.00"
