Date,Transact. No.,Symbol,Buyer,Seller,Quantity,Rate,Amount
2020-12-23,2020122304001490,BBC,10,22,10,"2,700.00","27,000.00"
2020-12-23,2020122304001471,BBC,49,22,10,"2,700.00","27,000.00"
2020-12-23,2020122304001470,BBC,46,17,10,"2,697.00","26,970.00"
2020-12-23,2020122304001468,BBC,38,37,40,"2,697.00","107,880.00"
2020-12-23,2020122304001426,BBC,20,41,20,"2,700.00","54,000.00"
2020-12-23,2020122304001420,BBC,38,34,10,"2,697.00","26,970.00"
2020-12-23,2020122304001204,BBC,46,48,10,"2,720.00","27,200.00"
2020-12-23,2020122304001164,BBC,33,44,20,"2,720.00","54,400.00"
2020-12-23,2020122304001149,BBC,13,41,10,"2,749.00","27,490.00"
2020-12-23,2020122304001349,CMF1,6,17,"2,000",10.13,"20,260.00"
2020-12-23,2020122304001348,CMF1,6,42,300,10.12,"3,036.00"
2020-12-23,2020122304001347,CMF1,6,42,800,10.12,"8,096.00"
2020-12-23,2020122304001346,CMF1,6,16,"3,000",10.10,"30,300.00"
2020-12-23,2020122304001345,CMF1,6,52,500,10.10,"5,050.00"
2020-12-23,2020122304001344,CMF1,6,6,500,10.10,"5,050.00"
2020-12-23,2020122304001343,CMF1,6,38,"1,000",10.10,"10,100.00"
2020-12-23,2020122304001342,CMF1,6,41,500,10.10,"5,050.00"
2020-12-23,2020122304001339,CMF1,6,38,100,9.97,997.00
2020-12-23,2020122304001156,CMF1,48,43,"1,500",9.94,"14,910.00"
2020-12-23,2020122304001090,CMF1,48,45,100,9.94,994.00
2020-12-23,2020122304001185,GBD80/81,17,35,25,"1,050.00","26,250.00"
2020-12-23,2020122304001497,GIC,21,48,10,554.00,"5,540.00"
2020-12-23,2020122304001496,GIC,21,29,10,554.00,"5,540.00"
2020-12-23,2020122304001495,GIC,25,58,110,556.00,"61,160.00"
2020-12-23,2020122304001494,GIC,25,58,10,556.00,"5,560.00"
2020-12-23,2020122304001493,GIC,25,56,10,555.00,"5,550.00"
2020-12-23,2020122304001492,GIC,21,48,10,554.00,"5,540.00"
2020-12-23,2020122304001008,GIC,22,56,10,555.00,"5,550.00"
2020-12-23,2020122304001006,GIC,22,41,10,555.00,"5,550.00"
2020-12-23,2020122304001004,GIC,22,44,10,555.00,"5,550.00"
2020-12-23,2020122304001003,GIC,22,52,10,555.00,"5,550.00"
2020-12-23,2020122304001002,GIC,22,38,10,555.00,"5,550.00"
2020-12-23,2020122304000999,GIC,16,16,10,556.00,"5,560.00"
2020-12-23,2020122304001022,GIC,43,47,20,555.00,"11,100.00"
2020-12-23,2020122304001021,GIC,34,42,10,555.00,"5,550.00"
2020-12-23,2020122304001016,GIC,34,5,10,555.00,"5,550.00"
2020-12-23,2020122304001015,GIC,22,29,10,555.00,"5,550.00"
2020-12-23,2020122304001013,GIC,22,32,10,555.00,"5,550.00"
2020-12-23,2020122304001010,GIC,22,41,10,555.00,"5,550.00"
2020-12-23,2020122304001041,GIC,36,10,10,556.00,"5,560.00"
2020-12-23,2020122304001038,GIC,36,42,10,556.00,"5,560.00"
2020-12-23,2020122304001037,GIC,36,17,10,556.00,"5,560.00"
2020-12-23,2020122304001036,GIC,36,58,10,556.00,"5,560.00"
2020-12-23,2020122304001035,GIC,14,17,10,555.00,"5,550.00"
2020-12-23,2020122304001024,GIC,43,37,10,555.00,"5,550.00"
2020-12-23,2020122304001059,GIC,43,49,30,557.00,"16,710.00"
2020-12-23,2020122304001058,GIC,43,14,10,557.00,"5,570.00"
2020-12-23,2020122304001055,GIC,36,42,10,556.00,"5,560.00"
2020-12-23,2020122304001045,GIC,36,49,10,556.00,"5,560.00"
2020-12-23,2020122304001043,GIC,32,10,10,557.00,"5,570.00"
2020-12-23,2020122304001042,GIC,32,8,10,557.00,"5,570.00"
2020-12-23,2020122304001073,GIC,14,55,10,555.00,"5,550.00"
2020-12-23,2020122304001071,GIC,14,38,10,555.00,"5,550.00"
2020-12-23,2020122304001068,GIC,14,51,10,555.00,"5,550.00"
2020-12-23,2020122304001067,GIC,36,17,10,556.00,"5,560.00"
2020-12-23,2020122304001066,GIC,36,41,10,556.00,"5,560.00"
2020-12-23,2020122304001064,GIC,36,41,10,556.00,"5,560.00"
2020-12-23,2020122304001103,GIC,14,38,10,555.00,"5,550.00"
2020-12-23,2020122304001102,GIC,14,25,10,555.00,"5,550.00"
2020-12-23,2020122304001095,GIC,14,17,10,555.00,"5,550.00"
2020-12-23,2020122304001092,GIC,57,49,90,557.00,"50,130.00"
2020-12-23,2020122304001091,GIC,57,28,10,556.00,"5,560.00"
2020-12-23,2020122304001074,GIC,14,17,10,555.00,"5,550.00"
2020-12-23,2020122304001137,GIC,32,38,10,555.00,"5,550.00"
2020-12-23,2020122304001136,GIC,32,45,10,555.00,"5,550.00"
2020-12-23,2020122304001129,GIC,35,17,10,554.00,"5,540.00"
2020-12-23,2020122304001127,GIC,41,41,10,555.00,"5,550.00"
2020-12-23,2020122304001114,GIC,14,33,10,555.00,"5,550.00"
2020-12-23,2020122304001110,GIC,14,38,10,555.00,"5,550.00"
2020-12-23,2020122304001147,GIC,29,57,10,554.00,"5,540.00"
2020-12-23,2020122304001146,GIC,35,1,10,554.00,"5,540.00"
2020-12-23,2020122304001143,GIC,35,22,10,554.00,"5,540.00"
2020-12-23,2020122304001141,GIC,35,38,10,554.00,"5,540.00"
2020-12-23,2020122304001140,GIC,41,57,10,555.00,"5,550.00"
2020-12-23,2020122304001138,GIC,32,42,10,555.00,"5,550.00"
2020-12-23,2020122304001163,GIC,34,32,10,554.00,"5,540.00"
2020-12-23,2020122304001159,GIC,34,57,10,554.00,"5,540.00"
2020-12-23,2020122304001157,GIC,29,57,10,554.00,"5,540.00"
2020-12-23,2020122304001155,GIC,29,57,10,554.00,"5,540.00"
2020-12-23,2020122304001154,GIC,29,38,10,554.00,"5,540.00"
2020-12-23,2020122304001148,GIC,29,38,10,554.00,"5,540.00"
2020-12-23,2020122304001194,GIC,34,55,10,552.00,"5,520.00"
2020-12-23,2020122304001193,GIC,34,38,10,552.00,"5,520.00"
2020-12-23,2020122304001186,GIC,43,55,10,553.00,"5,530.00"
2020-12-23,2020122304001169,GIC,43,57,10,553.00,"5,530.00"
2020-12-23,2020122304001168,GIC,43,55,10,553.00,"5,530.00"
2020-12-23,2020122304001167,GIC,43,57,10,553.00,"5,530.00"
2020-12-23,2020122304001225,GIC,34,38,10,552.00,"5,520.00"
2020-12-23,2020122304001221,GIC,34,1,10,552.00,"5,520.00"
2020-12-23,2020122304001214,GIC,34,6,10,552.00,"5,520.00"
2020-12-23,2020122304001209,GIC,34,57,10,552.00,"5,520.00"
2020-12-23,2020122304001202,GIC,34,55,10,552.00,"5,520.00"
2020-12-23,2020122304001201,GIC,34,35,10,552.00,"5,520.00"
2020-12-23,2020122304001248,GIC,34,45,10,552.00,"5,520.00"
2020-12-23,2020122304001246,GIC,34,41,10,552.00,"5,520.00"
2020-12-23,2020122304001238,GIC,34,21,10,552.00,"5,520.00"
2020-12-23,2020122304001233,GIC,34,58,10,552.00,"5,520.00"
2020-12-23,2020122304001231,GIC,50,47,10,555.00,"5,550.00"
2020-12-23,2020122304001230,GIC,50,44,10,555.00,"5,550.00"
2020-12-23,2020122304001267,GIC,34,21,10,552.00,"5,520.00"
2020-12-23,2020122304001263,GIC,34,17,10,552.00,"5,520.00"
2020-12-23,2020122304001261,GIC,34,35,10,552.00,"5,520.00"
2020-12-23,2020122304001257,GIC,34,11,10,552.00,"5,520.00"
2020-12-23,2020122304001250,GIC,34,42,10,552.00,"5,520.00"
2020-12-23,2020122304001249,GIC,34,44,10,552.00,"5,520.00"
2020-12-23,2020122304001296,GIC,41,42,10,553.00,"5,530.00"
2020-12-23,2020122304001294,GIC,14,29,10,552.00,"5,520.00"
2020-12-23,2020122304001281,GIC,55,42,10,553.00,"5,530.00"
2020-12-23,2020122304001280,GIC,14,45,20,552.00,"11,040.00"
2020-12-23,2020122304001279,GIC,34,17,10,552.00,"5,520.00"
2020-12-23,2020122304001277,GIC,34,21,10,552.00,"5,520.00"
2020-12-23,2020122304001310,GIC,51,17,10,553.00,"5,530.00"
2020-12-23,2020122304001308,GIC,51,21,10,553.00,"5,530.00"
2020-12-23,2020122304001306,GIC,54,49,10,553.00,"5,530.00"
2020-12-23,2020122304001304,GIC,41,36,10,553.00,"5,530.00"
2020-12-23,2020122304001303,GIC,41,54,10,553.00,"5,530.00"
2020-12-23,2020122304001301,GIC,41,21,10,553.00,"5,530.00"
2020-12-23,2020122304001322,GIC,38,5,20,553.00,"11,060.00"
2020-12-23,2020122304001319,GIC,51,38,10,552.00,"5,520.00"
2020-12-23,2020122304001317,GIC,51,38,10,552.00,"5,520.00"
2020-12-23,2020122304001316,GIC,51,21,10,552.00,"5,520.00"
2020-12-23,2020122304001314,GIC,14,39,10,552.00,"5,520.00"
2020-12-23,2020122304001312,GIC,51,5,10,553.00,"5,530.00"
2020-12-23,2020122304001335,GIC,41,1,10,552.00,"5,520.00"
2020-12-23,2020122304001334,GIC,41,32,10,552.00,"5,520.00"
2020-12-23,2020122304001333,GIC,41,17,10,552.00,"5,520.00"
2020-12-23,2020122304001332,GIC,51,13,10,552.00,"5,520.00"
2020-12-23,2020122304001330,GIC,51,52,10,552.00,"5,520.00"
2020-12-23,2020122304001327,GIC,43,5,40,553.00,"22,120.00"
2020-12-23,2020122304001368,GIC,39,29,10,552.00,"5,520.00"
2020-12-23,2020122304001364,GIC,39,21,10,552.00,"5,520.00"
2020-12-23,2020122304001363,GIC,43,32,10,553.00,"5,530.00"
2020-12-23,2020122304001362,GIC,43,5,40,553.00,"22,120.00"
2020-12-23,2020122304001360,GIC,39,53,10,552.00,"5,520.00"
2020-12-23,2020122304001338,GIC,39,21,10,552.00,"5,520.00"
2020-12-23,2020122304001374,GIC,36,55,10,555.00,"5,550.00"
2020-12-23,2020122304001373,GIC,36,4,10,555.00,"5,550.00"
2020-12-23,2020122304001372,GIC,36,47,10,555.00,"5,550.00"
2020-12-23,2020122304001371,GIC,36,11,10,552.00,"5,520.00"
2020-12-23,2020122304001370,GIC,25,17,10,551.00,"5,510.00"
2020-12-23,2020122304001369,GIC,39,38,10,552.00,"5,520.00"
2020-12-23,2020122304001390,GIC,36,21,10,555.00,"5,550.00"
2020-12-23,2020122304001384,GIC,36,29,10,555.00,"5,550.00"
2020-12-23,2020122304001382,GIC,36,21,10,555.00,"5,550.00"
2020-12-23,2020122304001377,GIC,36,50,250,555.00,"138,750.00"
2020-12-23,2020122304001376,GIC,36,36,100,555.00,"55,500.00"
2020-12-23,2020122304001375,GIC,36,46,10,555.00,"5,550.00"
2020-12-23,2020122304001414,GIC,36,26,10,555.00,"5,550.00"
2020-12-23,2020122304001413,GIC,36,33,10,555.00,"5,550.00"
2020-12-23,2020122304001412,GIC,36,4,10,555.00,"5,550.00"
2020-12-23,2020122304001411,GIC,36,29,10,555.00,"5,550.00"
2020-12-23,2020122304001410,GIC,36,21,10,555.00,"5,550.00"
2020-12-23,2020122304001391,GIC,36,6,10,555.00,"5,550.00"
2020-12-23,2020122304001433,GIC,58,42,10,555.00,"5,550.00"
2020-12-23,2020122304001425,GIC,25,41,10,551.00,"5,510.00"
2020-12-23,2020122304001419,GIC,41,17,10,555.00,"5,550.00"
2020-12-23,2020122304001417,GIC,41,48,10,555.00,"5,550.00"
2020-12-23,2020122304001416,GIC,41,29,10,555.00,"5,550.00"
2020-12-23,2020122304001415,GIC,36,54,10,555.00,"5,550.00"
2020-12-23,2020122304001451,GIC,38,29,10,552.00,"5,520.00"
2020-12-23,2020122304001438,GIC,38,59,10,552.00,"5,520.00"
2020-12-23,2020122304001437,GIC,25,29,10,551.00,"5,510.00"
2020-12-23,2020122304001436,GIC,58,57,10,555.00,"5,550.00"
2020-12-23,2020122304001435,GIC,58,59,10,555.00,"5,550.00"
2020-12-23,2020122304001434,GIC,58,45,10,555.00,"5,550.00"
2020-12-23,2020122304001473,GIC,21,48,10,554.00,"5,540.00"
2020-12-23,2020122304001465,GIC,25,39,10,553.00,"5,530.00"
2020-12-23,2020122304001464,GIC,25,52,10,553.00,"5,530.00"
2020-12-23,2020122304001462,GIC,25,48,10,553.00,"5,530.00"
2020-12-23,2020122304001458,GIC,25,48,10,553.00,"5,530.00"
2020-12-23,2020122304001456,GIC,38,48,10,552.00,"5,520.00"
2020-12-23,2020122304001452,GIMES1,26,22,"17,500",11.20,"196,000.00"
2020-12-23,2020122304001427,GIMES1,34,22,"2,500",11.20,"28,000.00"
2020-12-23,2020122304001403,GIMES1,34,49,"2,500",11.20,"28,000.00"
2020-12-23,2020122304001323,GIMES1,6,13,400,11.10,"4,440.00"
2020-12-23,2020122304001359,LEMF,35,56,"2,000",10.00,"20,000.00"
2020-12-23,2020122304001358,LEMF,35,34,"1,000",9.99,"9,990.00"
2020-12-23,2020122304001357,LEMF,35,51,500,9.90,"4,950.00"
2020-12-23,2020122304001421,LUK,38,6,200,9.35,"1,870.00"
2020-12-23,2020122304001311,LUK,38,42,100,9.35,935.00
2020-12-23,2020122304001226,LUK,38,55,100,9.35,935.00
2020-12-23,2020122304001180,LUK,22,45,500,9.40,"4,700.00"
2020-12-23,2020122304001089,LUK,38,32,"2,000",9.39,"18,780.00"
2020-12-23,2020122304001054,LUK,22,13,100,9.40,940.00
2020-12-23,2020122304001449,MMFDBP,33,35,179,517.00,"92,543.00"
2020-12-23,2020122304001459,NBF2,38,36,200,9.70,"1,940.00"
2020-12-23,2020122304001402,NBF2,38,38,"1,000",9.70,"9,700.00"
2020-12-23,2020122304001401,NBF2,38,45,500,9.70,"4,850.00"
2020-12-23,2020122304001098,NBF2,53,8,100,9.65,965.00
2020-12-23,2020122304001255,NBF2,20,54,100,9.60,960.00
2020-12-23,2020122304001118,NBF2,20,45,400,9.60,"3,840.00"
2020-12-23,2020122304001117,NBF2,42,45,100,9.64,964.00
2020-12-23,2020122304001101,NBF2,53,55,500,9.66,"4,830.00"
2020-12-23,2020122304001100,NBF2,53,58,500,9.66,"4,830.00"
2020-12-23,2020122304001099,NBF2,53,59,100,9.66,966.00
2020-12-23,2020122304001460,NEF,17,45,880,9.83,"8,650.40"
2020-12-23,2020122304001418,NEF,17,29,990,9.83,"9,731.70"
2020-12-23,2020122304001236,NEF,34,44,"1,207",9.82,"11,852.74"
2020-12-23,2020122304001235,NEF,34,42,483,9.82,"4,743.06"
2020-12-23,2020122304001234,NEF,34,59,242,9.82,"2,376.44"
2020-12-23,2020122304001195,NEF,17,59,"2,172",9.83,"21,350.76"
2020-12-23,2020122304001123,NEF,34,39,"10,138",9.82,"99,555.16"
2020-12-23,2020122304001030,NEF,17,41,"2,414",9.80,"23,657.20"
2020-12-23,2020122304001029,NEF,17,25,"5,632",9.80,"55,193.60"
2020-12-23,2020122304001023,NEF,13,16,483,9.81,"4,738.23"
2020-12-23,2020122304001009,NEF,34,14,"23,447",9.81,"230,015.07"
2020-12-23,2020122304001188,NEF,34,20,483,9.82,"4,743.06"
2020-12-23,2020122304001181,NEF,34,20,483,9.82,"4,743.06"
2020-12-23,2020122304001179,NEF,34,59,"2,414",9.82,"23,705.48"
2020-12-23,2020122304001166,NEF,34,20,483,9.82,"4,743.06"
2020-12-23,2020122304001160,NEF,34,20,483,9.82,"4,743.06"
2020-12-23,2020122304001145,NEF,34,33,"1,931",9.82,"18,962.42"
2020-12-23,2020122304001260,NIBD2082,19,49,20,"1,100.00","22,000.00"
2020-12-23,2020122304001260,NIBD2082,19,49,20,"1,100.00","22,000.00"
2020-12-23,2020122304001386,NIBLPF,34,47,"2,425",10.10,"24,492.50"
2020-12-23,2020122304001241,NIBLPF,59,42,"2,525",10.01,"25,275.25"
2020-12-23,2020122304001217,NIBLPF,59,42,960,10.01,"9,609.60"
2020-12-23,2020122304001027,NIBLPF,59,25,"3,602",10.01,"36,056.02"
2020-12-23,2020122304001026,NIBLPF,58,25,"2,500",10.02,"25,050.00"
2020-12-23,2020122304001025,NIBLPF,6,25,"2,475",10.03,"24,824.25"
2020-12-23,2020122304001222,NIBPO,34,58,238,449.00,"106,862.00"
2020-12-23,2020122304001196,NIBPO,34,28,700,449.00,"314,300.00"
2020-12-23,2020122304001097,NIBPO,25,58,"3,000",450.00,"1,350,000.00"
2020-12-23,2020122304001096,NIBPO,34,58,500,451.00,"225,500.00"
2020-12-23,2020122304001443,NIBSF1,26,22,"10,000",11.15,"111,500.00"
2020-12-23,2020122304001442,NIBSF1,46,22,"1,000",11.16,"11,160.00"
2020-12-23,2020122304001441,NIBSF1,46,22,"1,000",11.16,"11,160.00"
2020-12-23,2020122304001052,NIBSF1,59,43,500,11.14,"5,570.00"
2020-12-23,2020122304001051,NIBSF1,26,43,"2,500",11.14,"27,850.00"
2020-12-23,2020122304001050,NIBSF1,46,43,"1,000",11.15,"11,150.00"
2020-12-23,2020122304001049,NIBSF1,46,43,"1,000",11.15,"11,150.00"
2020-12-23,2020122304001388,NICBF,6,17,"5,000",10.11,"50,550.00"
2020-12-23,2020122304001191,NICBF,6,35,"4,900",10.11,"49,539.00"
2020-12-23,2020122304001190,NICBF,47,35,100,10.12,"1,012.00"
2020-12-23,2020122304001122,NICBF,47,45,200,10.12,"2,024.00"
2020-12-23,2020122304001109,NICBF,47,55,200,10.12,"2,024.00"
2020-12-23,2020122304001039,NICBF,26,43,800,10.13,"8,104.00"
2020-12-23,2020122304001448,NICGF,17,42,200,10.35,"2,070.00"
2020-12-23,2020122304001447,NICGF,17,42,200,10.30,"2,060.00"
2020-12-23,2020122304001446,NICGF,17,58,"5,000",10.30,"51,500.00"
2020-12-23,2020122304001445,NICGF,17,8,500,10.30,"5,150.00"
2020-12-23,2020122304001432,NICGF,17,44,"10,000",10.29,"102,900.00"
2020-12-23,2020122304001220,NICGF,43,43,500,10.29,"5,145.00"
2020-12-23,2020122304001125,NICGF,43,45,100,10.26,"1,026.00"
2020-12-23,2020122304001061,NICGF,46,43,"1,000",10.29,"10,290.00"
2020-12-23,2020122304001005,NICGF,43,34,500,10.29,"5,145.00"
2020-12-23,2020122304001139,NMB50,8,45,200,10.10,"2,020.00"
2020-12-23,2020122304001489,NMBHF1,58,57,"1,385",10.02,"13,877.70"
2020-12-23,2020122304001488,NMBHF1,58,57,279,10.02,"2,795.58"
2020-12-23,2020122304001466,NMBHF1,58,8,"1,499",10.02,"15,019.98"
2020-12-23,2020122304001431,NMBHF1,58,57,"1,664",10.02,"16,673.28"
2020-12-23,2020122304001203,NMBHF1,58,59,"2,496",10.02,"25,009.92"
2020-12-23,2020122304001199,NMBHF1,58,59,"1,062",10.02,"10,641.24"
2020-12-23,2020122304001152,NMBHF1,58,47,654,10.02,"6,553.08"
2020-12-23,2020122304001151,NMBHF1,58,47,178,10.02,"1,783.56"
2020-12-23,2020122304001128,NMBHF1,58,39,"3,944",10.02,"39,518.88"
2020-12-23,2020122304001012,NMBHF1,58,25,878,10.02,"8,797.56"
2020-12-23,2020122304001011,NMBHF1,58,25,"2,277",10.02,"22,815.54"
2020-12-23,2020122304001198,NMBHF1,58,59,602,10.02,"6,032.04"
2020-12-23,2020122304001192,NMBHF1,58,20,832,10.02,"8,336.64"
2020-12-23,2020122304001187,NMBHF1,58,59,832,10.02,"8,336.64"
2020-12-23,2020122304001178,NMBHF1,58,42,416,10.02,"4,168.32"
2020-12-23,2020122304001171,NMBHF1,58,20,832,10.02,"8,336.64"
2020-12-23,2020122304001162,NMBHF1,58,20,832,10.02,"8,336.64"
2020-12-23,2020122304001409,PROFLP,45,42,"34,507",101.00,"3,485,207.00"
2020-12-23,2020122304001399,PROFLP,45,42,"2,115",101.00,"213,615.00"
2020-12-23,2020122304001395,PROFLP,45,42,"3,723",101.00,"376,023.00"
2020-12-23,2020122304001394,PROFLP,45,42,"3,239",101.00,"327,139.00"
2020-12-23,2020122304001393,PROFLP,45,42,"3,239",101.00,"327,139.00"
2020-12-23,2020122304001392,PROFLP,45,42,"3,239",101.00,"327,139.00"
2020-12-23,2020122304001353,RBCLPO,17,33,100,"13,740.00","1,374,000.00"
2020-12-23,2020122304001352,RBCLPO,6,59,10,"13,750.00","137,500.00"
2020-12-23,2020122304001313,RBCLPO,43,59,10,"13,750.00","137,500.00"
2020-12-23,2020122304001272,RBCLPO,59,59,10,"13,750.00","137,500.00"
2020-12-23,2020122304001271,RBCLPO,49,59,20,"13,750.00","275,000.00"
2020-12-23,2020122304001270,RBCLPO,17,59,50,"13,800.00","690,000.00"
2020-12-23,2020122304001174,SAEF,6,20,"1,000",11.01,"11,010.00"
2020-12-23,2020122304001158,SAEF,6,45,500,11.01,"5,505.00"
2020-12-23,2020122304001001,SAEF,6,13,500,11.01,"5,505.00"
2020-12-23,2020122304001093,SBIBD86,17,57,500,"1,050.00","525,000.00"
2020-12-23,2020122304001429,SEF,8,33,"10,000",10.44,"104,400.00"
2020-12-23,2020122304001428,SEF,8,34,"1,000",10.40,"10,400.00"
2020-12-23,2020122304001424,SEF,8,33,"3,000",10.45,"31,350.00"
2020-12-23,2020122304001423,SEF,8,42,600,10.45,"6,270.00"
2020-12-23,2020122304001422,SEF,8,57,"2,000",10.45,"20,900.00"
2020-12-23,2020122304001407,SEF,6,29,"40,000",10.40,"416,000.00"
2020-12-23,2020122304001056,SEF,17,49,"10,000",10.40,"104,000.00"
2020-12-23,2020122304001354,SEF,6,45,"1,400",10.40,"14,560.00"
2020-12-23,2020122304001337,SEF,17,39,"1,000",10.37,"10,370.00"
2020-12-23,2020122304001315,SEF,17,45,"1,000",10.40,"10,400.00"
2020-12-23,2020122304001243,SEF,17,51,"8,500",10.40,"88,400.00"
2020-12-23,2020122304001240,SEF,17,38,"5,000",10.40,"52,000.00"
2020-12-23,2020122304001170,SEF,17,45,500,10.40,"5,200.00"
2020-12-23,2020122304001491,SGI,58,38,10,577.00,"5,770.00"
2020-12-23,2020122304001487,SGI,38,58,10,584.00,"5,840.00"
2020-12-23,2020122304001486,SGI,38,55,10,584.00,"5,840.00"
2020-12-23,2020122304001485,SGI,38,32,10,584.00,"5,840.00"
2020-12-23,2020122304001484,SGI,38,19,10,584.00,"5,840.00"
2020-12-23,2020122304001483,SGI,38,59,10,583.00,"5,830.00"
2020-12-23,2020122304001000,SGI,36,53,10,577.00,"5,770.00"
2020-12-23,2020122304000998,SGI,36,6,10,577.00,"5,770.00"
2020-12-23,2020122304001020,SGI,36,14,10,576.00,"5,760.00"
2020-12-23,2020122304001019,SGI,41,14,30,577.00,"17,310.00"
2020-12-23,2020122304001018,SGI,58,14,10,577.00,"5,770.00"
2020-12-23,2020122304001017,SGI,36,14,210,577.00,"121,170.00"
2020-12-23,2020122304001014,SGI,36,41,10,577.00,"5,770.00"
2020-12-23,2020122304001007,SGI,36,16,10,577.00,"5,770.00"
2020-12-23,2020122304001040,SGI,36,18,10,576.00,"5,760.00"
2020-12-23,2020122304001034,SGI,36,21,10,576.00,"5,760.00"
2020-12-23,2020122304001033,SGI,36,16,10,576.00,"5,760.00"
2020-12-23,2020122304001032,SGI,36,17,10,576.00,"5,760.00"
2020-12-23,2020122304001031,SGI,36,49,10,576.00,"5,760.00"
2020-12-23,2020122304001028,SGI,36,37,10,576.00,"5,760.00"
2020-12-23,2020122304001057,SGI,36,41,10,576.00,"5,760.00"
2020-12-23,2020122304001053,SGI,36,17,10,576.00,"5,760.00"
2020-12-23,2020122304001048,SGI,36,41,10,576.00,"5,760.00"
2020-12-23,2020122304001047,SGI,36,49,10,576.00,"5,760.00"
2020-12-23,2020122304001046,SGI,36,21,10,576.00,"5,760.00"
2020-12-23,2020122304001044,SGI,36,17,10,576.00,"5,760.00"
2020-12-23,2020122304001070,SGI,36,17,10,576.00,"5,760.00"
2020-12-23,2020122304001069,SGI,36,51,10,576.00,"5,760.00"
2020-12-23,2020122304001065,SGI,36,8,10,576.00,"5,760.00"
2020-12-23,2020122304001063,SGI,36,17,10,576.00,"5,760.00"
2020-12-23,2020122304001062,SGI,36,6,10,576.00,"5,760.00"
2020-12-23,2020122304001060,SGI,36,38,10,576.00,"5,760.00"
2020-12-23,2020122304001079,SGI,57,55,10,580.00,"5,800.00"
2020-12-23,2020122304001078,SGI,57,26,10,580.00,"5,800.00"
2020-12-23,2020122304001077,SGI,57,16,10,580.00,"5,800.00"
2020-12-23,2020122304001076,SGI,57,59,10,580.00,"5,800.00"
2020-12-23,2020122304001075,SGI,57,42,10,580.00,"5,800.00"
2020-12-23,2020122304001072,SGI,36,42,10,576.00,"5,760.00"
2020-12-23,2020122304001085,SGI,57,38,10,580.00,"5,800.00"
2020-12-23,2020122304001084,SGI,57,51,10,580.00,"5,800.00"
2020-12-23,2020122304001083,SGI,57,58,10,580.00,"5,800.00"
2020-12-23,2020122304001082,SGI,57,54,10,580.00,"5,800.00"
2020-12-23,2020122304001081,SGI,57,43,10,580.00,"5,800.00"
2020-12-23,2020122304001080,SGI,57,4,10,580.00,"5,800.00"
2020-12-23,2020122304001105,SGI,36,38,10,576.00,"5,760.00"
2020-12-23,2020122304001104,SGI,36,44,10,576.00,"5,760.00"
2020-12-23,2020122304001094,SGI,36,41,10,576.00,"5,760.00"
2020-12-23,2020122304001088,SGI,57,43,20,580.00,"11,600.00"
2020-12-23,2020122304001087,SGI,57,21,10,580.00,"5,800.00"
2020-12-23,2020122304001086,SGI,57,33,10,580.00,"5,800.00"
2020-12-23,2020122304001113,SGI,36,33,10,576.00,"5,760.00"
2020-12-23,2020122304001112,SGI,36,57,10,576.00,"5,760.00"
2020-12-23,2020122304001111,SGI,36,17,10,576.00,"5,760.00"
2020-12-23,2020122304001108,SGI,36,51,110,576.00,"63,360.00"
2020-12-23,2020122304001107,SGI,36,17,10,576.00,"5,760.00"
2020-12-23,2020122304001106,SGI,36,49,10,576.00,"5,760.00"
2020-12-23,2020122304001124,SGI,1,57,10,577.00,"5,770.00"
2020-12-23,2020122304001121,SGI,1,57,10,577.00,"5,770.00"
2020-12-23,2020122304001120,SGI,1,57,10,577.00,"5,770.00"
2020-12-23,2020122304001119,SGI,1,32,10,577.00,"5,770.00"
2020-12-23,2020122304001116,SGI,1,38,10,577.00,"5,770.00"
2020-12-23,2020122304001115,SGI,29,57,10,576.00,"5,760.00"
2020-12-23,2020122304001134,SGI,38,57,10,577.00,"5,770.00"
2020-12-23,2020122304001133,SGI,38,58,10,577.00,"5,770.00"
2020-12-23,2020122304001132,SGI,38,42,10,577.00,"5,770.00"
2020-12-23,2020122304001131,SGI,38,6,10,577.00,"5,770.00"
2020-12-23,2020122304001130,SGI,29,57,10,576.00,"5,760.00"
2020-12-23,2020122304001126,SGI,29,17,10,576.00,"5,760.00"
2020-12-23,2020122304001161,SGI,29,32,10,576.00,"5,760.00"
2020-12-23,2020122304001153,SGI,29,32,10,576.00,"5,760.00"
2020-12-23,2020122304001150,SGI,29,42,10,576.00,"5,760.00"
2020-12-23,2020122304001144,SGI,29,57,10,576.00,"5,760.00"
2020-12-23,2020122304001142,SGI,29,38,10,576.00,"5,760.00"
2020-12-23,2020122304001135,SGI,29,22,10,576.00,"5,760.00"
2020-12-23,2020122304001177,SGI,29,55,10,576.00,"5,760.00"
2020-12-23,2020122304001176,SGI,29,48,10,576.00,"5,760.00"
2020-12-23,2020122304001175,SGI,29,26,10,576.00,"5,760.00"
2020-12-23,2020122304001173,SGI,29,38,10,576.00,"5,760.00"
2020-12-23,2020122304001172,SGI,29,55,10,576.00,"5,760.00"
2020-12-23,2020122304001165,SGI,29,42,10,576.00,"5,760.00"
2020-12-23,2020122304001200,SGI,29,44,10,576.00,"5,760.00"
2020-12-23,2020122304001197,SGI,29,38,10,576.00,"5,760.00"
2020-12-23,2020122304001189,SGI,29,48,10,576.00,"5,760.00"
2020-12-23,2020122304001184,SGI,29,16,10,576.00,"5,760.00"
2020-12-23,2020122304001183,SGI,29,48,10,576.00,"5,760.00"
2020-12-23,2020122304001182,SGI,29,34,10,576.00,"5,760.00"
2020-12-23,2020122304001211,SGI,11,38,10,576.00,"5,760.00"
2020-12-23,2020122304001210,SGI,11,38,10,576.00,"5,760.00"
2020-12-23,2020122304001208,SGI,29,38,10,576.00,"5,760.00"
2020-12-23,2020122304001207,SGI,29,38,10,576.00,"5,760.00"
2020-12-23,2020122304001206,SGI,29,38,10,576.00,"5,760.00"
2020-12-23,2020122304001205,SGI,29,28,10,576.00,"5,760.00"
2020-12-23,2020122304001219,SGI,11,38,10,576.00,"5,760.00"
2020-12-23,2020122304001218,SGI,11,38,10,576.00,"5,760.00"
2020-12-23,2020122304001216,SGI,11,28,10,576.00,"5,760.00"
2020-12-23,2020122304001215,SGI,11,38,10,576.00,"5,760.00"
2020-12-23,2020122304001213,SGI,11,20,10,576.00,"5,760.00"
2020-12-23,2020122304001212,SGI,11,58,10,576.00,"5,760.00"
2020-12-23,2020122304001232,SGI,50,28,10,577.00,"5,770.00"
2020-12-23,2020122304001229,SGI,11,38,10,576.00,"5,760.00"
2020-12-23,2020122304001228,SGI,11,38,10,576.00,"5,760.00"
2020-12-23,2020122304001227,SGI,11,38,10,576.00,"5,760.00"
2020-12-23,2020122304001224,SGI,11,38,10,576.00,"5,760.00"
2020-12-23,2020122304001223,SGI,11,38,10,576.00,"5,760.00"
2020-12-23,2020122304001247,SGI,46,45,10,577.00,"5,770.00"
2020-12-23,2020122304001245,SGI,46,38,10,577.00,"5,770.00"
2020-12-23,2020122304001244,SGI,46,48,10,577.00,"5,770.00"
2020-12-23,2020122304001242,SGI,46,25,10,577.00,"5,770.00"
2020-12-23,2020122304001239,SGI,46,58,10,577.00,"5,770.00"
2020-12-23,2020122304001237,SGI,50,48,10,577.00,"5,770.00"
2020-12-23,2020122304001258,SGI,46,11,10,577.00,"5,770.00"
2020-12-23,2020122304001256,SGI,46,38,10,577.00,"5,770.00"
2020-12-23,2020122304001254,SGI,46,38,10,577.00,"5,770.00"
2020-12-23,2020122304001253,SGI,46,38,10,577.00,"5,770.00"
2020-12-23,2020122304001252,SGI,46,25,10,577.00,"5,770.00"
2020-12-23,2020122304001251,SGI,46,29,10,577.00,"5,770.00"
2020-12-23,2020122304001268,SGI,46,38,10,577.00,"5,770.00"
2020-12-23,2020122304001266,SGI,46,38,10,577.00,"5,770.00"
2020-12-23,2020122304001265,SGI,46,36,10,577.00,"5,770.00"
2020-12-23,2020122304001264,SGI,46,34,10,577.00,"5,770.00"
2020-12-23,2020122304001262,SGI,46,38,10,577.00,"5,770.00"
2020-12-23,2020122304001259,SGI,46,38,10,577.00,"5,770.00"
2020-12-23,2020122304001278,SGI,46,53,10,577.00,"5,770.00"
2020-12-23,2020122304001276,SGI,38,43,20,580.00,"11,600.00"
2020-12-23,2020122304001275,SGI,38,14,10,579.00,"5,790.00"
2020-12-23,2020122304001274,SGI,38,34,10,579.00,"5,790.00"
2020-12-23,2020122304001273,SGI,38,42,10,578.00,"5,780.00"
2020-12-23,2020122304001269,SGI,46,34,10,577.00,"5,770.00"
2020-12-23,2020122304001287,SGI,19,55,10,580.00,"5,800.00"
2020-12-23,2020122304001286,SGI,19,53,10,580.00,"5,800.00"
2020-12-23,2020122304001285,SGI,19,58,10,580.00,"5,800.00"
2020-12-23,2020122304001284,SGI,19,14,10,580.00,"5,800.00"
2020-12-23,2020122304001283,SGI,19,8,10,580.00,"5,800.00"
2020-12-23,2020122304001282,SGI,19,43,160,580.00,"92,800.00"
2020-12-23,2020122304001293,SGI,19,13,10,580.00,"5,800.00"
2020-12-23,2020122304001292,SGI,19,59,10,580.00,"5,800.00"
2020-12-23,2020122304001291,SGI,19,22,10,580.00,"5,800.00"
2020-12-23,2020122304001290,SGI,19,16,10,580.00,"5,800.00"
2020-12-23,2020122304001289,SGI,19,7,10,580.00,"5,800.00"
2020-12-23,2020122304001288,SGI,19,7,10,580.00,"5,800.00"
2020-12-23,2020122304001302,SGI,38,57,80,580.00,"46,400.00"
2020-12-23,2020122304001300,SGI,46,29,10,577.00,"5,770.00"
2020-12-23,2020122304001299,SGI,46,29,10,577.00,"5,770.00"
2020-12-23,2020122304001298,SGI,46,34,10,577.00,"5,770.00"
2020-12-23,2020122304001297,SGI,46,21,10,577.00,"5,770.00"
2020-12-23,2020122304001295,SGI,46,17,10,577.00,"5,770.00"
2020-12-23,2020122304001321,SGI,46,38,10,577.00,"5,770.00"
2020-12-23,2020122304001320,SGI,46,21,10,577.00,"5,770.00"
2020-12-23,2020122304001318,SGI,46,58,10,577.00,"5,770.00"
2020-12-23,2020122304001309,SGI,46,51,10,577.00,"5,770.00"
2020-12-23,2020122304001307,SGI,46,36,10,577.00,"5,770.00"
2020-12-23,2020122304001305,SGI,46,21,10,577.00,"5,770.00"
2020-12-23,2020122304001331,SGI,58,38,10,577.00,"5,770.00"
2020-12-23,2020122304001329,SGI,58,21,10,577.00,"5,770.00"
2020-12-23,2020122304001328,SGI,13,4,10,577.00,"5,770.00"
2020-12-23,2020122304001326,SGI,13,38,10,577.00,"5,770.00"
2020-12-23,2020122304001325,SGI,34,39,10,577.00,"5,770.00"
2020-12-23,2020122304001324,SGI,34,57,10,577.00,"5,770.00"
2020-12-23,2020122304001355,SGI,45,38,10,578.00,"5,780.00"
2020-12-23,2020122304001351,SGI,58,21,10,577.00,"5,770.00"
2020-12-23,2020122304001350,SGI,58,13,10,577.00,"5,770.00"
2020-12-23,2020122304001341,SGI,58,52,10,577.00,"5,770.00"
2020-12-23,2020122304001340,SGI,55,38,10,579.00,"5,790.00"
2020-12-23,2020122304001336,SGI,58,8,10,577.00,"5,770.00"
2020-12-23,2020122304001378,SGI,49,29,10,580.00,"5,800.00"
2020-12-23,2020122304001367,SGI,49,46,10,580.00,"5,800.00"
2020-12-23,2020122304001366,SGI,49,45,10,580.00,"5,800.00"
2020-12-23,2020122304001365,SGI,49,41,10,580.00,"5,800.00"
2020-12-23,2020122304001361,SGI,45,21,10,578.00,"5,780.00"
2020-12-23,2020122304001356,SGI,45,58,10,578.00,"5,780.00"
2020-12-23,2020122304001387,SGI,58,29,10,577.00,"5,770.00"
2020-12-23,2020122304001385,SGI,49,38,10,580.00,"5,800.00"
2020-12-23,2020122304001383,SGI,49,29,10,580.00,"5,800.00"
2020-12-23,2020122304001381,SGI,49,1,10,580.00,"5,800.00"
2020-12-23,2020122304001380,SGI,49,38,10,580.00,"5,800.00"
2020-12-23,2020122304001379,SGI,49,21,10,580.00,"5,800.00"
2020-12-23,2020122304001404,SGI,58,56,10,577.00,"5,770.00"
2020-12-23,2020122304001400,SGI,58,56,10,577.00,"5,770.00"
2020-12-23,2020122304001398,SGI,58,7,10,577.00,"5,770.00"
2020-12-23,2020122304001397,SGI,58,6,10,577.00,"5,770.00"
2020-12-23,2020122304001396,SGI,58,38,10,577.00,"5,770.00"
2020-12-23,2020122304001389,SGI,58,17,10,577.00,"5,770.00"
2020-12-23,2020122304001450,SGI,58,38,10,577.00,"5,770.00"
2020-12-23,2020122304001444,SGI,58,29,10,577.00,"5,770.00"
2020-12-23,2020122304001430,SGI,58,39,10,577.00,"5,770.00"
2020-12-23,2020122304001408,SGI,58,58,10,577.00,"5,770.00"
2020-12-23,2020122304001406,SGI,58,17,10,577.00,"5,770.00"
2020-12-23,2020122304001405,SGI,58,29,10,577.00,"5,770.00"
2020-12-23,2020122304001463,SGI,58,29,10,577.00,"5,770.00"
2020-12-23,2020122304001461,SGI,58,48,10,577.00,"5,770.00"
2020-12-23,2020122304001457,SGI,58,38,10,577.00,"5,770.00"
2020-12-23,2020122304001455,SGI,56,57,10,578.00,"5,780.00"
2020-12-23,2020122304001454,SGI,56,48,10,578.00,"5,780.00"
2020-12-23,2020122304001453,SGI,56,59,10,578.00,"5,780.00"
2020-12-23,2020122304001476,SGI,38,44,10,580.00,"5,800.00"
2020-12-23,2020122304001475,SGI,58,48,10,577.00,"5,770.00"
2020-12-23,2020122304001474,SGI,58,48,10,577.00,"5,770.00"
2020-12-23,2020122304001472,SGI,58,52,10,577.00,"5,770.00"
2020-12-23,2020122304001469,SGI,58,48,10,577.00,"5,770.00"
2020-12-23,2020122304001467,SGI,58,48,10,577.00,"5,770.00"
2020-12-23,2020122304001482,SGI,38,53,10,583.00,"5,830.00"
2020-12-23,2020122304001481,SGI,38,36,10,582.00,"5,820.00"
2020-12-23,2020122304001480,SGI,38,51,10,582.00,"5,820.00"
2020-12-23,2020122304001479,SGI,38,6,10,581.00,"5,810.00"
2020-12-23,2020122304001478,SGI,38,38,10,581.00,"5,810.00"
2020-12-23,2020122304001477,SGI,38,5,10,580.00,"5,800.00"
2020-12-23,2020122304001440,STC,11,36,10,"5,250.00","52,500.00"
2020-12-23,2020122304001439,STC,58,36,10,"5,250.00","52,500.00"
2020-12-23,2020122304000962,BBC,13,5,10,"2,750.00","27,500.00"
2020-12-23,2020122304000961,BBC,34,5,100,"2,750.00","275,000.00"
2020-12-23,2020122304000960,BBC,5,5,10,"2,750.00","27,500.00"
2020-12-23,2020122304000959,BBC,46,5,10,"2,750.00","27,500.00"
2020-12-23,2020122304000958,BBC,5,5,10,"2,750.00","27,500.00"
2020-12-23,2020122304000957,BBC,55,5,15,"2,790.00","41,850.00"
2020-12-23,2020122304000579,BBC,51,14,20,"2,751.00","55,020.00"
2020-12-23,2020122304000951,BBC,38,5,50,"2,751.00","137,550.00"
2020-12-23,2020122304000950,BBC,46,5,20,"2,751.00","55,020.00"
2020-12-23,2020122304000949,BBC,13,5,10,"2,751.00","27,510.00"
2020-12-23,2020122304000948,BBC,51,5,10,"2,751.00","27,510.00"
2020-12-23,2020122304000785,BBC,51,36,20,"2,751.00","55,020.00"
2020-12-23,2020122304000764,BBC,58,7,10,"2,800.00","28,000.00"
2020-12-23,2020122304000850,CMF1,48,47,"1,000",9.94,"9,940.00"
2020-12-23,2020122304000997,GIC,16,46,10,556.00,"5,560.00"
2020-12-23,2020122304000994,GIC,16,58,10,556.00,"5,560.00"
2020-12-23,2020122304000986,GIC,16,6,10,556.00,"5,560.00"
2020-12-23,2020122304000985,GIC,16,38,10,556.00,"5,560.00"
2020-12-23,2020122304000979,GIC,16,6,10,556.00,"5,560.00"
2020-12-23,2020122304000971,GIC,16,45,10,556.00,"5,560.00"
2020-12-23,2020122304000505,GIC,51,52,40,560.00,"22,400.00"
2020-12-23,2020122304000500,GIC,29,6,10,559.00,"5,590.00"
2020-12-23,2020122304000498,GIC,29,49,10,559.00,"5,590.00"
2020-12-23,2020122304000511,GIC,51,13,10,560.00,"5,600.00"
2020-12-23,2020122304000510,GIC,51,58,10,560.00,"5,600.00"
2020-12-23,2020122304000509,GIC,51,46,10,560.00,"5,600.00"
2020-12-23,2020122304000508,GIC,51,58,10,560.00,"5,600.00"
2020-12-23,2020122304000507,GIC,51,41,10,560.00,"5,600.00"
2020-12-23,2020122304000506,GIC,51,38,10,560.00,"5,600.00"
2020-12-23,2020122304000528,GIC,29,8,10,559.00,"5,590.00"
2020-12-23,2020122304000525,GIC,29,58,10,559.00,"5,590.00"
2020-12-23,2020122304000523,GIC,29,1,10,559.00,"5,590.00"
2020-12-23,2020122304000522,GIC,29,41,10,559.00,"5,590.00"
2020-12-23,2020122304000517,GIC,29,25,10,559.00,"5,590.00"
2020-12-23,2020122304000512,GIC,29,50,10,559.00,"5,590.00"
2020-12-23,2020122304000545,GIC,13,38,80,558.00,"44,640.00"
2020-12-23,2020122304000543,GIC,13,41,10,558.00,"5,580.00"
2020-12-23,2020122304000542,GIC,29,42,10,559.00,"5,590.00"
2020-12-23,2020122304000539,GIC,29,44,10,559.00,"5,590.00"
2020-12-23,2020122304000532,GIC,29,41,10,559.00,"5,590.00"
2020-12-23,2020122304000531,GIC,29,21,10,559.00,"5,590.00"
2020-12-23,2020122304000566,GIC,39,41,10,556.00,"5,560.00"
2020-12-23,2020122304000565,GIC,39,57,10,556.00,"5,560.00"
2020-12-23,2020122304000562,GIC,39,55,10,556.00,"5,560.00"
2020-12-23,2020122304000559,GIC,32,43,10,556.00,"5,560.00"
2020-12-23,2020122304000553,GIC,32,42,10,556.00,"5,560.00"
2020-12-23,2020122304000546,GIC,50,38,100,558.00,"55,800.00"
2020-12-23,2020122304000585,GIC,39,26,10,556.00,"5,560.00"
2020-12-23,2020122304000583,GIC,39,26,10,556.00,"5,560.00"
2020-12-23,2020122304000582,GIC,39,47,10,556.00,"5,560.00"
2020-12-23,2020122304000580,GIC,39,28,10,556.00,"5,560.00"
2020-12-23,2020122304000577,GIC,39,55,10,556.00,"5,560.00"
2020-12-23,2020122304000570,GIC,39,41,10,556.00,"5,560.00"
2020-12-23,2020122304000605,GIC,37,56,10,555.00,"5,550.00"
2020-12-23,2020122304000598,GIC,37,35,90,555.00,"49,950.00"
2020-12-23,2020122304000596,GIC,49,35,10,556.00,"5,560.00"
2020-12-23,2020122304000593,GIC,11,33,10,557.00,"5,570.00"
2020-12-23,2020122304000592,GIC,49,53,10,556.00,"5,560.00"
2020-12-23,2020122304000590,GIC,39,45,10,556.00,"5,560.00"
2020-12-23,2020122304000627,GIC,21,42,10,556.00,"5,560.00"
2020-12-23,2020122304000626,GIC,21,47,10,556.00,"5,560.00"
2020-12-23,2020122304000620,GIC,37,49,10,555.00,"5,550.00"
2020-12-23,2020122304000616,GIC,37,50,10,555.00,"5,550.00"
2020-12-23,2020122304000615,GIC,37,57,10,555.00,"5,550.00"
2020-12-23,2020122304000606,GIC,37,39,10,555.00,"5,550.00"
2020-12-23,2020122304000659,GIC,21,22,10,556.00,"5,560.00"
2020-12-23,2020122304000648,GIC,21,50,10,556.00,"5,560.00"
2020-12-23,2020122304000643,GIC,21,58,10,556.00,"5,560.00"
2020-12-23,2020122304000630,GIC,21,21,10,556.00,"5,560.00"
2020-12-23,2020122304000629,GIC,21,44,10,556.00,"5,560.00"
2020-12-23,2020122304000628,GIC,21,45,10,556.00,"5,560.00"
2020-12-23,2020122304000668,GIC,21,48,160,556.00,"88,960.00"
2020-12-23,2020122304000667,GIC,21,5,10,556.00,"5,560.00"
2020-12-23,2020122304000666,GIC,58,6,80,557.00,"44,560.00"
2020-12-23,2020122304000665,GIC,58,56,10,557.00,"5,570.00"
2020-12-23,2020122304000664,GIC,58,16,10,557.00,"5,570.00"
2020-12-23,2020122304000662,GIC,21,50,10,556.00,"5,560.00"
2020-12-23,2020122304000686,GIC,21,38,120,556.00,"66,720.00"
2020-12-23,2020122304000682,GIC,21,8,10,556.00,"5,560.00"
2020-12-23,2020122304000679,GIC,21,49,10,556.00,"5,560.00"
2020-12-23,2020122304000678,GIC,21,21,10,556.00,"5,560.00"
2020-12-23,2020122304000676,GIC,21,45,10,556.00,"5,560.00"
2020-12-23,2020122304000671,GIC,21,32,10,556.00,"5,560.00"
2020-12-23,2020122304000698,GIC,21,28,10,556.00,"5,560.00"
2020-12-23,2020122304000696,GIC,21,58,10,556.00,"5,560.00"
2020-12-23,2020122304000695,GIC,21,29,10,556.00,"5,560.00"
2020-12-23,2020122304000694,GIC,21,35,10,556.00,"5,560.00"
2020-12-23,2020122304000691,GIC,21,57,10,556.00,"5,560.00"
2020-12-23,2020122304000688,GIC,21,59,10,556.00,"5,560.00"
2020-12-23,2020122304000723,GIC,37,38,10,555.00,"5,550.00"
2020-12-23,2020122304000721,GIC,37,57,10,555.00,"5,550.00"
2020-12-23,2020122304000717,GIC,37,57,10,555.00,"5,550.00"
2020-12-23,2020122304000713,GIC,37,47,10,555.00,"5,550.00"
2020-12-23,2020122304000709,GIC,37,56,10,555.00,"5,550.00"
2020-12-23,2020122304000700,GIC,21,43,10,556.00,"5,560.00"
2020-12-23,2020122304000737,GIC,38,6,20,557.00,"11,140.00"
2020-12-23,2020122304000736,GIC,34,38,10,555.00,"5,550.00"
2020-12-23,2020122304000735,GIC,41,4,10,555.00,"5,550.00"
2020-12-23,2020122304000726,GIC,41,4,10,555.00,"5,550.00"
2020-12-23,2020122304000725,GIC,58,13,10,555.00,"5,550.00"
2020-12-23,2020122304000724,GIC,37,38,10,555.00,"5,550.00"
2020-12-23,2020122304000748,GIC,34,38,10,555.00,"5,550.00"
2020-12-23,2020122304000746,GIC,34,39,10,555.00,"5,550.00"
2020-12-23,2020122304000745,GIC,34,4,10,555.00,"5,550.00"
2020-12-23,2020122304000740,GIC,34,38,10,555.00,"5,550.00"
2020-12-23,2020122304000739,GIC,38,14,10,557.00,"5,570.00"
2020-12-23,2020122304000738,GIC,38,48,10,557.00,"5,570.00"
2020-12-23,2020122304000763,GIC,54,38,10,555.00,"5,550.00"
2020-12-23,2020122304000762,GIC,54,44,25,555.00,"13,875.00"
2020-12-23,2020122304000761,GIC,54,28,10,555.00,"5,550.00"
2020-12-23,2020122304000754,GIC,54,21,10,555.00,"5,550.00"
2020-12-23,2020122304000750,GIC,34,4,10,555.00,"5,550.00"
2020-12-23,2020122304000749,GIC,34,55,10,555.00,"5,550.00"
2020-12-23,2020122304000786,GIC,6,38,10,556.00,"5,560.00"
2020-12-23,2020122304000783,GIC,6,38,10,556.00,"5,560.00"
2020-12-23,2020122304000779,GIC,6,38,10,556.00,"5,560.00"
2020-12-23,2020122304000777,GIC,6,32,10,556.00,"5,560.00"
2020-12-23,2020122304000773,GIC,54,58,10,555.00,"5,550.00"
2020-12-23,2020122304000769,GIC,54,38,10,555.00,"5,550.00"
2020-12-23,2020122304000809,GIC,22,41,10,555.00,"5,550.00"
2020-12-23,2020122304000807,GIC,22,51,10,555.00,"5,550.00"
2020-12-23,2020122304000793,GIC,22,1,10,555.00,"5,550.00"
2020-12-23,2020122304000791,GIC,22,4,10,555.00,"5,550.00"
2020-12-23,2020122304000789,GIC,22,50,50,555.00,"27,750.00"
2020-12-23,2020122304000788,GIC,6,50,10,556.00,"5,560.00"
2020-12-23,2020122304000822,GIC,22,57,10,555.00,"5,550.00"
2020-12-23,2020122304000821,GIC,36,39,10,556.00,"5,560.00"
2020-12-23,2020122304000814,GIC,36,11,10,556.00,"5,560.00"
2020-12-23,2020122304000813,GIC,36,3,10,556.00,"5,560.00"
2020-12-23,2020122304000811,GIC,36,46,10,556.00,"5,560.00"
2020-12-23,2020122304000810,GIC,36,39,10,556.00,"5,560.00"
2020-12-23,2020122304000834,GIC,52,4,10,556.00,"5,560.00"
2020-12-23,2020122304000833,GIC,52,41,10,556.00,"5,560.00"
2020-12-23,2020122304000831,GIC,52,38,10,556.00,"5,560.00"
2020-12-23,2020122304000830,GIC,52,6,10,556.00,"5,560.00"
2020-12-23,2020122304000829,GIC,52,35,10,556.00,"5,560.00"
2020-12-23,2020122304000824,GIC,22,1,10,555.00,"5,550.00"
2020-12-23,2020122304000847,GIC,34,25,10,557.00,"5,570.00"
2020-12-23,2020122304000846,GIC,16,4,10,556.00,"5,560.00"
2020-12-23,2020122304000839,GIC,16,38,10,556.00,"5,560.00"
2020-12-23,2020122304000838,GIC,16,42,10,556.00,"5,560.00"
2020-12-23,2020122304000837,GIC,16,4,10,556.00,"5,560.00"
2020-12-23,2020122304000835,GIC,22,42,10,555.00,"5,550.00"
2020-12-23,2020122304000869,GIC,16,52,10,556.00,"5,560.00"
2020-12-23,2020122304000866,GIC,16,21,10,556.00,"5,560.00"
2020-12-23,2020122304000853,GIC,34,42,10,557.00,"5,570.00"
2020-12-23,2020122304000852,GIC,34,39,10,557.00,"5,570.00"
2020-12-23,2020122304000849,GIC,34,42,10,557.00,"5,570.00"
2020-12-23,2020122304000848,GIC,34,57,10,557.00,"5,570.00"
2020-12-23,2020122304000879,GIC,16,25,10,556.00,"5,560.00"
2020-12-23,2020122304000878,GIC,16,35,10,556.00,"5,560.00"
2020-12-23,2020122304000877,GIC,16,36,10,556.00,"5,560.00"
2020-12-23,2020122304000876,GIC,16,55,10,556.00,"5,560.00"
2020-12-23,2020122304000875,GIC,16,38,10,556.00,"5,560.00"
2020-12-23,2020122304000870,GIC,16,55,10,556.00,"5,560.00"
2020-12-23,2020122304000894,GIC,16,22,10,556.00,"5,560.00"
2020-12-23,2020122304000893,GIC,16,37,10,556.00,"5,560.00"
2020-12-23,2020122304000891,GIC,16,19,10,556.00,"5,560.00"
2020-12-23,2020122304000889,GIC,16,41,10,556.00,"5,560.00"
2020-12-23,2020122304000888,GIC,16,37,10,556.00,"5,560.00"
2020-12-23,2020122304000887,GIC,16,29,10,556.00,"5,560.00"
2020-12-23,2020122304000908,GIC,16,37,10,556.00,"5,560.00"
2020-12-23,2020122304000905,GIC,16,55,10,556.00,"5,560.00"
2020-12-23,2020122304000904,GIC,16,37,10,556.00,"5,560.00"
2020-12-23,2020122304000900,GIC,16,37,10,556.00,"5,560.00"
2020-12-23,2020122304000899,GIC,16,5,10,556.00,"5,560.00"
2020-12-23,2020122304000896,GIC,16,37,10,556.00,"5,560.00"
2020-12-23,2020122304000918,GIC,16,37,10,556.00,"5,560.00"
2020-12-23,2020122304000915,GIC,16,10,10,556.00,"5,560.00"
2020-12-23,2020122304000914,GIC,16,55,10,556.00,"5,560.00"
2020-12-23,2020122304000912,GIC,16,28,10,556.00,"5,560.00"
2020-12-23,2020122304000911,GIC,16,37,10,556.00,"5,560.00"
2020-12-23,2020122304000910,GIC,16,55,10,556.00,"5,560.00"
2020-12-23,2020122304000927,GIC,16,37,10,556.00,"5,560.00"
2020-12-23,2020122304000926,GIC,16,28,10,556.00,"5,560.00"
2020-12-23,2020122304000924,GIC,16,37,10,556.00,"5,560.00"
2020-12-23,2020122304000922,GIC,16,36,10,556.00,"5,560.00"
2020-12-23,2020122304000921,GIC,16,49,10,556.00,"5,560.00"
2020-12-23,2020122304000920,GIC,16,37,10,556.00,"5,560.00"
2020-12-23,2020122304000968,GIC,16,19,10,556.00,"5,560.00"
2020-12-23,2020122304000963,GIC,16,38,10,556.00,"5,560.00"
2020-12-23,2020122304000954,GIC,16,21,10,556.00,"5,560.00"
2020-12-23,2020122304000942,GIC,16,38,10,556.00,"5,560.00"
2020-12-23,2020122304000936,GIC,16,26,10,556.00,"5,560.00"
2020-12-23,2020122304000935,GIC,16,21,10,556.00,"5,560.00"
2020-12-23,2020122304000701,GIMES1,3,51,"20,000",11.09,"221,800.00"
2020-12-23,2020122304000568,LEMF,53,34,"4,000",9.99,"39,960.00"
2020-12-23,2020122304000567,LEMF,53,41,"1,000",9.99,"9,990.00"
2020-12-23,2020122304000872,LUK,22,22,460,9.40,"4,324.00"
2020-12-23,2020122304000867,LUK,22,45,"1,000",9.35,"9,350.00"
2020-12-23,2020122304000865,LUK,22,13,500,9.30,"4,650.00"
2020-12-23,2020122304000863,LUK,38,47,100,9.17,917.00
2020-12-23,2020122304000591,LUK,34,45,200,9.15,"1,830.00"
2020-12-23,2020122304000857,NBF2,20,47,310,9.55,"2,960.50"
2020-12-23,2020122304000856,NBF2,45,47,190,9.55,"1,814.50"
2020-12-23,2020122304000854,NBF2,45,18,100,9.55,955.00
2020-12-23,2020122304000805,NBF2,45,28,110,9.55,"1,050.50"
2020-12-23,2020122304000802,NBF2,45,53,500,9.55,"4,775.00"
2020-12-23,2020122304000722,NBF2,45,36,100,9.55,955.00
2020-12-23,2020122304000548,NBF2,49,49,500,9.52,"4,760.00"
2020-12-23,2020122304000513,NBF2,49,45,500,9.52,"4,760.00"
2020-12-23,2020122304000636,NBF2,8,25,100,9.53,953.00
2020-12-23,2020122304000595,NBF2,8,39,600,9.53,"5,718.00"
2020-12-23,2020122304000594,NBF2,28,39,400,9.55,"3,820.00"
2020-12-23,2020122304000578,NBF2,28,40,100,9.55,955.00
2020-12-23,2020122304000992,NEF,59,14,"10,000",9.81,"98,100.00"
2020-12-23,2020122304000991,NEF,59,14,"10,000",9.82,"98,200.00"
2020-12-23,2020122304000990,NEF,6,14,"2,103",9.82,"20,651.46"
2020-12-23,2020122304000916,NEF,6,33,"1,931",9.81,"18,943.11"
2020-12-23,2020122304000895,NEF,6,51,483,9.81,"4,738.23"
2020-12-23,2020122304000881,NEF,6,32,483,9.81,"4,738.23"
2020-12-23,2020122304000587,NEF,49,5,"4,828",9.75,"47,073.00"
2020-12-23,2020122304000533,NEF,49,10,"3,089",9.75,"30,117.75"
2020-12-23,2020122304000704,NEF,49,6,"5,508",9.75,"53,703.00"
2020-12-23,2020122304000693,NEF,49,5,"1,438",9.75,"14,020.50"
2020-12-23,2020122304000692,NEF,59,5,976,9.76,"9,525.76"
2020-12-23,2020122304000690,NEF,59,6,"9,024",9.76,"88,074.24"
2020-12-23,2020122304000689,NEF,58,6,"2,000",9.76,"19,520.00"
2020-12-23,2020122304000617,NEF,49,39,"4,828",9.75,"47,073.00"
2020-12-23,2020122304000836,NEF,17,52,"1,441",9.80,"14,121.80"
2020-12-23,2020122304000818,NEF,17,33,"1,931",9.80,"18,923.80"
2020-12-23,2020122304000787,NEF,49,33,"1,931",9.75,"18,827.25"
2020-12-23,2020122304000718,NEF,49,22,966,9.75,"9,418.50"
2020-12-23,2020122304000710,NEF,26,29,"1,000",9.87,"9,870.00"
2020-12-23,2020122304000705,NEF,49,6,"4,947",9.75,"48,233.25"
2020-12-23,2020122304000901,NIBLPF,6,6,"2,525",10.03,"25,325.75"
2020-12-23,2020122304000827,NIBLPF,29,47,100,10.10,"1,010.00"
2020-12-23,2020122304000806,NIBLPF,59,32,"2,525",10.01,"25,275.25"
2020-12-23,2020122304000797,NIBLPF,14,47,"2,525",10.00,"25,250.00"
2020-12-23,2020122304000702,NIBLPF,14,22,"1,010",10.00,"10,100.00"
2020-12-23,2020122304000658,NIBLPF,58,47,"3,485",10.10,"35,198.50"
2020-12-23,2020122304000588,NIBLPF,17,5,"3,283",10.00,"32,830.00"
2020-12-23,2020122304000554,NIBLPF,14,8,505,10.00,"5,050.00"
2020-12-23,2020122304000547,NIBLPF,34,42,505,9.96,"5,029.80"
2020-12-23,2020122304000657,NIBLPF,14,29,"2,525",10.00,"25,250.00"
2020-12-23,2020122304000655,NIBLPF,14,29,"2,525",10.00,"25,250.00"
2020-12-23,2020122304000649,NIBLPF,14,29,"2,525",10.00,"25,250.00"
2020-12-23,2020122304000647,NIBLPF,14,29,"2,525",10.00,"25,250.00"
2020-12-23,2020122304000644,NIBLPF,14,29,"2,525",10.00,"25,250.00"
2020-12-23,2020122304000589,NIBLPF,14,5,"1,767",10.00,"17,670.00"
2020-12-23,2020122304000965,NIBPO,35,16,"1,000",455.00,"455,000.00"
2020-12-23,2020122304000956,NIBPO,54,16,"1,980",455.00,"900,900.00"
2020-12-23,2020122304000955,NIBPO,54,46,20,454.00,"9,080.00"
2020-12-23,2020122304000868,NIBPO,25,5,"2,000",450.00,"900,000.00"
2020-12-23,2020122304000823,NIBPO,4,6,452,450.00,"203,400.00"
2020-12-23,2020122304000670,NIBPO,19,5,"1,000",450.00,"450,000.00"
2020-12-23,2020122304000564,NIBPO,8,5,500,450.00,"225,000.00"
2020-12-23,2020122304000563,NIBPO,42,5,500,451.00,"225,500.00"
2020-12-23,2020122304000903,NIBSF1,26,54,500,11.14,"5,570.00"
2020-12-23,2020122304000771,NIBSF1,59,16,917,11.13,"10,206.21"
2020-12-23,2020122304000770,NIBSF1,26,16,"4,300",11.13,"47,859.00"
2020-12-23,2020122304000641,NIBSF1,32,34,"1,000",11.30,"11,300.00"
2020-12-23,2020122304000976,NICAD8283,19,57,100,"1,150.00","115,000.00"
2020-12-23,2020122304000974,NICBF,26,38,200,10.13,"2,026.00"
2020-12-23,2020122304000792,NICBF,6,49,500,10.11,"5,055.00"
2020-12-23,2020122304000618,NICBF,8,41,400,10.07,"4,028.00"
2020-12-23,2020122304000603,NICBF,14,41,600,10.12,"6,072.00"
2020-12-23,2020122304000560,NICBF,14,59,"49,400",10.12,"499,928.00"
2020-12-23,2020122304000551,NICBF,6,59,"50,000",10.12,"506,000.00"
2020-12-23,2020122304000550,NICBF,26,59,600,10.13,"6,078.00"
2020-12-23,2020122304000515,NICBF,26,45,200,10.13,"2,026.00"
2020-12-23,2020122304000502,NICBF,14,58,"2,000",10.20,"20,400.00"
2020-12-23,2020122304000970,NICGF,26,38,100,10.25,"1,025.00"
2020-12-23,2020122304000864,NICGF,43,34,500,10.25,"5,125.00"
2020-12-23,2020122304000860,NICGF,26,47,"1,000",10.21,"10,210.00"
2020-12-23,2020122304000661,NICGF,58,11,500,10.16,"5,080.00"
2020-12-23,2020122304000600,NICGF,49,59,"62,850",10.25,"644,212.50"
2020-12-23,2020122304000541,NICGF,49,59,"11,300",10.25,"115,825.00"
2020-12-23,2020122304000538,NICGF,49,59,"38,700",10.25,"396,675.00"
2020-12-23,2020122304000537,NICGF,17,59,"44,000",10.25,"451,000.00"
2020-12-23,2020122304000536,NICGF,57,59,"12,800",10.26,"131,328.00"
2020-12-23,2020122304000535,NICGF,48,59,"3,500",10.26,"35,910.00"
2020-12-23,2020122304000534,NICGF,26,59,"1,000",10.27,"10,270.00"
2020-12-23,2020122304000518,NICGF,34,45,100,10.30,"1,030.00"
2020-12-23,2020122304000672,NMB50,35,44,100,10.50,"1,050.00"
2020-12-23,2020122304000604,NMB50,35,49,"5,500",10.30,"56,650.00"
2020-12-23,2020122304000597,NMB50,45,49,"1,500",10.30,"15,450.00"
2020-12-23,2020122304000520,NMB50,8,45,200,10.10,"2,020.00"
2020-12-23,2020122304000946,NMBHF1,58,39,"1,664",10.02,"16,673.28"
2020-12-23,2020122304000930,NMBHF1,58,51,832,10.02,"8,336.64"
2020-12-23,2020122304000907,NMBHF1,58,6,227,10.02,"2,274.54"
2020-12-23,2020122304000906,NMBHF1,58,6,"4,584",10.02,"45,931.68"
2020-12-23,2020122304000843,NMBHF1,58,32,416,10.02,"4,168.32"
2020-12-23,2020122304000760,NMBHF1,17,49,"7,161",10.01,"71,681.61"
2020-12-23,2020122304000680,NMBHF1,58,57,"3,900",10.01,"39,039.00"
2020-12-23,2020122304000669,NMBHF1,58,57,"2,000",10.01,"20,020.00"
2020-12-23,2020122304000624,NMBHF1,16,36,262,10.05,"2,633.10"
2020-12-23,2020122304000581,NMBHF1,16,41,"4,161",10.05,"41,818.05"
2020-12-23,2020122304000516,NMBHF1,16,22,"1,577",10.05,"15,848.85"
2020-12-23,2020122304000759,NMBHF1,58,49,"5,000",10.01,"50,050.00"
2020-12-23,2020122304000716,NMBHF1,8,5,"5,397",10.00,"53,970.00"
2020-12-23,2020122304000715,NMBHF1,58,5,"3,000",10.01,"30,030.00"
2020-12-23,2020122304000714,NMBHF1,41,5,"6,603",10.06,"66,426.18"
2020-12-23,2020122304000707,NMBHF1,41,51,"1,664",10.06,"16,739.84"
2020-12-23,2020122304000706,NMBHF1,41,36,"2,733",10.05,"27,466.65"
2020-12-23,2020122304000995,RBCLPO,17,33,35,"13,900.00","486,500.00"
2020-12-23,2020122304000993,RBCLPO,54,28,10,"13,995.00","139,950.00"
2020-12-23,2020122304000886,RBCLPO,6,38,10,"13,734.00","137,340.00"
2020-12-23,2020122304000885,RBCLPO,22,38,10,"13,740.00","137,400.00"
2020-12-23,2020122304000794,RBCLPO,6,45,20,"14,000.00","280,000.00"
2020-12-23,2020122304000673,RBCLPO,22,34,10,"14,014.00","140,140.00"
2020-12-23,2020122304000969,SAEF,6,43,"2,500",11.01,"27,525.00"
2020-12-23,2020122304000855,SAEF,17,6,"3,000",11.00,"33,000.00"
2020-12-23,2020122304000776,SAEF,17,26,100,11.00,"1,100.00"
2020-12-23,2020122304000768,SAEF,17,26,100,11.00,"1,100.00"
2020-12-23,2020122304000767,SAEF,17,59,"18,250",11.00,"200,750.00"
2020-12-23,2020122304000712,SAEF,17,17,300,11.00,"3,300.00"
2020-12-23,2020122304000529,SAEF,34,45,500,11.01,"5,505.00"
2020-12-23,2020122304000711,SAEF,17,33,"7,040",11.00,"77,440.00"
2020-12-23,2020122304000656,SAEF,17,33,"8,960",11.00,"98,560.00"
2020-12-23,2020122304000646,SAEF,17,33,"39,400",11.00,"433,400.00"
2020-12-23,2020122304000645,SAEF,34,33,"8,600",11.01,"94,686.00"
2020-12-23,2020122304000638,SAEF,34,20,500,11.01,"5,505.00"
2020-12-23,2020122304000561,SAEF,34,42,200,11.01,"2,202.00"
2020-12-23,2020122304000917,SEF,17,6,"5,000",10.40,"52,000.00"
2020-12-23,2020122304000902,SEF,17,43,"5,000",10.40,"52,000.00"
2020-12-23,2020122304000817,SEF,17,52,"3,000",10.40,"31,200.00"
2020-12-23,2020122304000801,SEF,17,59,"5,000",10.40,"52,000.00"
2020-12-23,2020122304000798,SEF,17,21,"1,000",10.40,"10,400.00"
2020-12-23,2020122304000733,SEF,17,21,"1,000",10.40,"10,400.00"
2020-12-23,2020122304000663,SEF,17,21,"1,000",10.40,"10,400.00"
2020-12-23,2020122304000519,SEF,17,14,"4,000",10.40,"41,600.00"
2020-12-23,2020122304000499,SEF,6,45,500,10.36,"5,180.00"
2020-12-23,2020122304000619,SFMF,29,28,350,9.90,"3,465.00"
2020-12-23,2020122304000527,SFMF,29,45,200,9.90,"1,980.00"
2020-12-23,2020122304000996,SGI,36,52,10,577.00,"5,770.00"
2020-12-23,2020122304000989,SGI,36,38,10,577.00,"5,770.00"
2020-12-23,2020122304000988,SGI,36,6,10,577.00,"5,770.00"
2020-12-23,2020122304000987,SGI,36,6,10,577.00,"5,770.00"
2020-12-23,2020122304000984,SGI,36,45,10,577.00,"5,770.00"
2020-12-23,2020122304000983,SGI,8,49,10,579.00,"5,790.00"
2020-12-23,2020122304000501,SGI,25,45,10,578.00,"5,780.00"
2020-12-23,2020122304000540,SGI,41,25,10,577.00,"5,770.00"
2020-12-23,2020122304000530,SGI,41,21,10,577.00,"5,770.00"
2020-12-23,2020122304000526,SGI,54,45,10,578.00,"5,780.00"
2020-12-23,2020122304000521,SGI,54,5,10,578.00,"5,780.00"
2020-12-23,2020122304000514,SGI,25,49,10,578.00,"5,780.00"
2020-12-23,2020122304000504,SGI,25,22,10,578.00,"5,780.00"
2020-12-23,2020122304000572,SGI,52,47,50,576.00,"28,800.00"
2020-12-23,2020122304000571,SGI,41,47,30,577.00,"17,310.00"
2020-12-23,2020122304000569,SGI,41,16,10,577.00,"5,770.00"
2020-12-23,2020122304000558,SGI,41,56,10,577.00,"5,770.00"
2020-12-23,2020122304000552,SGI,41,35,10,577.00,"5,770.00"
2020-12-23,2020122304000549,SGI,41,43,10,577.00,"5,770.00"
2020-12-23,2020122304000586,SGI,38,47,10,576.00,"5,760.00"
2020-12-23,2020122304000584,SGI,54,33,10,578.00,"5,780.00"
2020-12-23,2020122304000576,SGI,38,26,10,576.00,"5,760.00"
2020-12-23,2020122304000575,SGI,38,59,10,576.00,"5,760.00"
2020-12-23,2020122304000574,SGI,38,26,10,576.00,"5,760.00"
2020-12-23,2020122304000573,SGI,38,47,120,576.00,"69,120.00"
2020-12-23,2020122304000609,SGI,34,53,10,576.00,"5,760.00"
2020-12-23,2020122304000608,SGI,4,53,20,576.00,"11,520.00"
2020-12-23,2020122304000607,SGI,38,53,60,576.00,"34,560.00"
2020-12-23,2020122304000602,SGI,38,39,10,576.00,"5,760.00"
2020-12-23,2020122304000601,SGI,38,58,10,576.00,"5,760.00"
2020-12-23,2020122304000599,SGI,11,42,10,577.00,"5,770.00"
2020-12-23,2020122304000621,SGI,41,16,10,575.00,"5,750.00"
2020-12-23,2020122304000614,SGI,41,53,60,575.00,"34,500.00"
2020-12-23,2020122304000613,SGI,38,53,100,575.00,"57,500.00"
2020-12-23,2020122304000612,SGI,19,53,30,575.00,"17,250.00"
2020-12-23,2020122304000611,SGI,41,53,15,575.00,"8,625.00"
2020-12-23,2020122304000610,SGI,52,53,200,575.00,"115,000.00"
2020-12-23,2020122304000635,SGI,38,53,75,575.00,"43,125.00"
2020-12-23,2020122304000634,SGI,36,53,100,575.00,"57,500.00"
2020-12-23,2020122304000633,SGI,22,53,100,575.00,"57,500.00"
2020-12-23,2020122304000632,SGI,41,53,10,575.00,"5,750.00"
2020-12-23,2020122304000631,SGI,41,50,10,575.00,"5,750.00"
2020-12-23,2020122304000623,SGI,41,39,10,575.00,"5,750.00"
2020-12-23,2020122304000675,SGI,14,1,10,574.00,"5,740.00"
2020-12-23,2020122304000674,SGI,14,50,10,574.00,"5,740.00"
2020-12-23,2020122304000660,SGI,14,44,10,574.00,"5,740.00"
2020-12-23,2020122304000642,SGI,38,35,105,575.00,"60,375.00"
2020-12-23,2020122304000640,SGI,38,50,10,575.00,"5,750.00"
2020-12-23,2020122304000639,SGI,38,44,10,575.00,"5,750.00"
2020-12-23,2020122304000697,SGI,14,34,10,574.00,"5,740.00"
2020-12-23,2020122304000687,SGI,14,58,10,574.00,"5,740.00"
2020-12-23,2020122304000685,SGI,14,8,10,574.00,"5,740.00"
2020-12-23,2020122304000684,SGI,14,46,10,574.00,"5,740.00"
2020-12-23,2020122304000683,SGI,14,5,90,574.00,"51,660.00"
2020-12-23,2020122304000681,SGI,14,35,25,574.00,"14,350.00"
2020-12-23,2020122304000727,SGI,14,57,10,574.00,"5,740.00"
2020-12-23,2020122304000720,SGI,14,38,10,574.00,"5,740.00"
2020-12-23,2020122304000719,SGI,14,42,10,574.00,"5,740.00"
2020-12-23,2020122304000708,SGI,38,6,100,575.00,"57,500.00"
2020-12-23,2020122304000703,SGI,14,13,10,574.00,"5,740.00"
2020-12-23,2020122304000699,SGI,14,35,10,574.00,"5,740.00"
2020-12-23,2020122304000734,SGI,57,56,10,575.00,"5,750.00"
2020-12-23,2020122304000732,SGI,57,40,10,575.00,"5,750.00"
2020-12-23,2020122304000731,SGI,57,58,10,575.00,"5,750.00"
2020-12-23,2020122304000730,SGI,57,28,10,575.00,"5,750.00"
2020-12-23,2020122304000729,SGI,57,46,10,575.00,"5,750.00"
2020-12-23,2020122304000728,SGI,57,6,400,575.00,"230,000.00"
2020-12-23,2020122304000751,SGI,57,38,10,575.00,"5,750.00"
2020-12-23,2020122304000747,SGI,57,38,10,575.00,"5,750.00"
2020-12-23,2020122304000744,SGI,57,41,10,575.00,"5,750.00"
2020-12-23,2020122304000743,SGI,57,17,10,575.00,"5,750.00"
2020-12-23,2020122304000742,SGI,57,57,10,575.00,"5,750.00"
2020-12-23,2020122304000741,SGI,57,38,10,575.00,"5,750.00"
2020-12-23,2020122304000758,SGI,57,38,10,575.00,"5,750.00"
2020-12-23,2020122304000757,SGI,57,21,10,575.00,"5,750.00"
2020-12-23,2020122304000756,SGI,57,39,10,575.00,"5,750.00"
2020-12-23,2020122304000755,SGI,57,38,10,575.00,"5,750.00"
2020-12-23,2020122304000753,SGI,57,29,10,575.00,"5,750.00"
2020-12-23,2020122304000752,SGI,57,38,10,575.00,"5,750.00"
2020-12-23,2020122304000778,SGI,14,44,10,574.00,"5,740.00"
2020-12-23,2020122304000775,SGI,14,38,10,574.00,"5,740.00"
2020-12-23,2020122304000774,SGI,14,45,10,574.00,"5,740.00"
2020-12-23,2020122304000772,SGI,57,51,10,575.00,"5,750.00"
2020-12-23,2020122304000766,SGI,57,48,10,575.00,"5,750.00"
2020-12-23,2020122304000765,SGI,57,38,10,575.00,"5,750.00"
2020-12-23,2020122304000795,SGI,14,34,10,574.00,"5,740.00"
2020-12-23,2020122304000790,SGI,14,38,10,574.00,"5,740.00"
2020-12-23,2020122304000784,SGI,14,39,10,574.00,"5,740.00"
2020-12-23,2020122304000782,SGI,14,17,10,574.00,"5,740.00"
2020-12-23,2020122304000781,SGI,14,39,10,574.00,"5,740.00"
2020-12-23,2020122304000780,SGI,14,58,10,574.00,"5,740.00"
2020-12-23,2020122304000815,SGI,50,3,10,575.00,"5,750.00"
2020-12-23,2020122304000812,SGI,50,44,10,575.00,"5,750.00"
2020-12-23,2020122304000804,SGI,50,56,10,575.00,"5,750.00"
2020-12-23,2020122304000800,SGI,50,34,10,575.00,"5,750.00"
2020-12-23,2020122304000799,SGI,50,1,10,575.00,"5,750.00"
2020-12-23,2020122304000796,SGI,50,42,10,575.00,"5,750.00"
2020-12-23,2020122304000828,SGI,36,36,10,576.00,"5,760.00"
2020-12-23,2020122304000826,SGI,36,39,10,576.00,"5,760.00"
2020-12-23,2020122304000825,SGI,36,21,10,576.00,"5,760.00"
2020-12-23,2020122304000820,SGI,50,19,10,575.00,"5,750.00"
2020-12-23,2020122304000819,SGI,50,1,10,575.00,"5,750.00"
2020-12-23,2020122304000816,SGI,45,25,10,577.00,"5,770.00"
2020-12-23,2020122304000845,SGI,36,48,10,576.00,"5,760.00"
2020-12-23,2020122304000844,SGI,36,45,10,576.00,"5,760.00"
2020-12-23,2020122304000842,SGI,36,44,10,576.00,"5,760.00"
2020-12-23,2020122304000841,SGI,50,45,10,578.00,"5,780.00"
2020-12-23,2020122304000840,SGI,50,7,10,577.00,"5,770.00"
2020-12-23,2020122304000832,SGI,36,58,10,576.00,"5,760.00"
2020-12-23,2020122304000871,SGI,36,58,10,576.00,"5,760.00"
2020-12-23,2020122304000862,SGI,38,56,10,577.00,"5,770.00"
2020-12-23,2020122304000861,SGI,38,46,10,577.00,"5,770.00"
2020-12-23,2020122304000859,SGI,36,42,10,576.00,"5,760.00"
2020-12-23,2020122304000858,SGI,36,42,10,576.00,"5,760.00"
2020-12-23,2020122304000851,SGI,36,4,10,576.00,"5,760.00"
2020-12-23,2020122304000884,SGI,52,52,10,577.00,"5,770.00"
2020-12-23,2020122304000883,SGI,52,44,10,577.00,"5,770.00"
2020-12-23,2020122304000882,SGI,52,25,10,577.00,"5,770.00"
2020-12-23,2020122304000880,SGI,52,34,10,577.00,"5,770.00"
2020-12-23,2020122304000874,SGI,52,29,10,577.00,"5,770.00"
2020-12-23,2020122304000873,SGI,52,54,10,577.00,"5,770.00"
2020-12-23,2020122304000913,SGI,52,21,10,577.00,"5,770.00"
2020-12-23,2020122304000909,SGI,52,35,10,577.00,"5,770.00"
2020-12-23,2020122304000898,SGI,52,38,10,577.00,"5,770.00"
2020-12-23,2020122304000897,SGI,52,38,10,577.00,"5,770.00"
2020-12-23,2020122304000892,SGI,52,29,10,577.00,"5,770.00"
2020-12-23,2020122304000890,SGI,52,28,10,577.00,"5,770.00"
2020-12-23,2020122304000931,SGI,52,55,10,577.00,"5,770.00"
2020-12-23,2020122304000929,SGI,52,28,10,577.00,"5,770.00"
2020-12-23,2020122304000928,SGI,52,55,10,577.00,"5,770.00"
2020-12-23,2020122304000925,SGI,52,55,10,577.00,"5,770.00"
2020-12-23,2020122304000923,SGI,52,42,10,577.00,"5,770.00"
2020-12-23,2020122304000919,SGI,52,22,10,577.00,"5,770.00"
2020-12-23,2020122304000939,SGI,36,37,10,577.00,"5,770.00"
2020-12-23,2020122304000938,SGI,36,37,10,577.00,"5,770.00"
2020-12-23,2020122304000937,SGI,36,37,10,577.00,"5,770.00"
2020-12-23,2020122304000934,SGI,36,37,10,577.00,"5,770.00"
2020-12-23,2020122304000933,SGI,52,58,10,577.00,"5,770.00"
2020-12-23,2020122304000932,SGI,52,37,10,577.00,"5,770.00"
2020-12-23,2020122304000947,SGI,36,41,10,577.00,"5,770.00"
2020-12-23,2020122304000945,SGI,36,37,10,577.00,"5,770.00"
2020-12-23,2020122304000944,SGI,36,37,10,577.00,"5,770.00"
2020-12-23,2020122304000943,SGI,36,36,10,577.00,"5,770.00"
2020-12-23,2020122304000941,SGI,36,29,10,577.00,"5,770.00"
2020-12-23,2020122304000940,SGI,36,37,10,577.00,"5,770.00"
2020-12-23,2020122304000973,SGI,42,10,10,579.00,"5,790.00"
2020-12-23,2020122304000972,SGI,42,58,10,578.00,"5,780.00"
2020-12-23,2020122304000967,SGI,36,38,10,577.00,"5,770.00"
2020-12-23,2020122304000966,SGI,36,42,10,577.00,"5,770.00"
2020-12-23,2020122304000964,SGI,36,45,10,577.00,"5,770.00"
2020-12-23,2020122304000953,SGI,36,37,10,577.00,"5,770.00"
2020-12-23,2020122304000982,SGI,36,51,10,577.00,"5,770.00"
2020-12-23,2020122304000981,SGI,36,14,10,577.00,"5,770.00"
2020-12-23,2020122304000980,SGI,36,41,10,577.00,"5,770.00"
2020-12-23,2020122304000978,SGI,36,14,10,577.00,"5,770.00"
2020-12-23,2020122304000977,SGI,36,45,10,577.00,"5,770.00"
2020-12-23,2020122304000975,SGI,36,49,10,577.00,"5,770.00"
2020-12-23,2020122304000952,STC,19,52,10,"5,300.00","53,000.00"
2020-12-23,2020122304000808,STC,52,56,61,"5,200.00","317,200.00"
2020-12-23,2020122304000803,STC,52,14,12,"5,190.00","62,280.00"
2020-12-23,2020122304000677,STC,58,14,10,"5,195.00","51,950.00"
2020-12-23,2020122304000654,STC,42,56,10,"5,200.00","52,000.00"
2020-12-23,2020122304000653,STC,3,56,10,"5,200.00","52,000.00"
2020-12-23,2020122304000557,STC,34,10,10,"5,300.00","53,000.00"
2020-12-23,2020122304000556,STC,33,10,80,"5,300.00","424,000.00"
2020-12-23,2020122304000555,STC,59,10,30,"5,340.00","160,200.00"
2020-12-23,2020122304000544,STC,4,3,20,"5,350.00","107,000.00"
2020-12-23,2020122304000524,STC,14,55,16,"5,355.00","85,680.00"
2020-12-23,2020122304000503,STC,52,28,20,"5,350.00","107,000.00"
2020-12-23,2020122304000652,STC,38,56,50,"5,200.00","260,000.00"
2020-12-23,2020122304000651,STC,55,56,10,"5,200.00","52,000.00"
2020-12-23,2020122304000650,STC,52,56,10,"5,243.00","52,430.00"
2020-12-23,2020122304000637,STC,58,21,10,"5,270.00","52,700.00"
2020-12-23,2020122304000625,STC,45,21,10,"5,290.00","52,900.00"
2020-12-23,2020122304000622,STC,52,42,10,"5,300.00","53,000.00"
2020-12-23,2020122304000483,BBC,6,36,10,"2,805.00","28,050.00"
2020-12-23,2020122304000403,BBC,5,57,15,"2,804.00","42,060.00"
2020-12-23,2020122304000392,BBC,43,50,20,"2,800.00","56,000.00"
2020-12-23,2020122304000037,BBC,46,22,10,"2,805.00","28,050.00"
2020-12-23,2020122304000029,BBC,5,14,10,"2,805.00","28,050.00"
2020-12-23,2020122304000401,CMF1,6,26,100,9.91,991.00
2020-12-23,2020122304000277,CMF1,19,57,500,9.87,"4,935.00"
2020-12-23,2020122304000270,CMF1,19,57,500,10.06,"5,030.00"
2020-12-23,2020122304000269,CMF1,19,41,"1,000",10.06,"10,060.00"
2020-12-23,2020122304000268,CMF1,19,7,"5,000",10.06,"50,300.00"
2020-12-23,2020122304000042,CMF1,43,14,200,10.26,"2,052.00"
2020-12-23,2020122304000489,GIC,29,16,10,559.00,"5,590.00"
2020-12-23,2020122304000475,GIC,29,41,10,559.00,"5,590.00"
2020-12-23,2020122304000474,GIC,29,45,10,559.00,"5,590.00"
2020-12-23,2020122304000472,GIC,29,33,10,559.00,"5,590.00"
2020-12-23,2020122304000469,GIC,29,57,10,559.00,"5,590.00"
2020-12-23,2020122304000467,GIC,29,39,10,559.00,"5,590.00"
2020-12-23,2020122304000012,GIC,37,33,490,561.00,"274,890.00"
2020-12-23,2020122304000011,GIC,37,58,10,558.00,"5,580.00"
2020-12-23,2020122304000008,GIC,16,44,10,551.00,"5,510.00"
2020-12-23,2020122304000003,GIC,43,44,10,550.00,"5,500.00"
2020-12-23,2020122304000001,GIC,43,56,10,550.00,"5,500.00"
2020-12-23,2020122304000032,GIC,41,44,10,559.00,"5,590.00"
2020-12-23,2020122304000030,GIC,41,55,10,559.00,"5,590.00"
2020-12-23,2020122304000020,GIC,11,43,100,569.00,"56,900.00"
2020-12-23,2020122304000019,GIC,29,58,10,562.00,"5,620.00"
2020-12-23,2020122304000018,GIC,29,33,10,562.00,"5,620.00"
2020-12-23,2020122304000017,GIC,29,42,10,562.00,"5,620.00"
2020-12-23,2020122304000056,GIC,19,58,10,558.00,"5,580.00"
2020-12-23,2020122304000053,GIC,19,45,10,558.00,"5,580.00"
2020-12-23,2020122304000045,GIC,58,33,15,559.00,"8,385.00"
2020-12-23,2020122304000044,GIC,19,38,10,558.00,"5,580.00"
2020-12-23,2020122304000034,GIC,19,25,10,558.00,"5,580.00"
2020-12-23,2020122304000033,GIC,19,25,10,558.00,"5,580.00"
2020-12-23,2020122304000063,GIC,13,41,10,558.00,"5,580.00"
2020-12-23,2020122304000062,GIC,32,21,10,560.00,"5,600.00"
2020-12-23,2020122304000061,GIC,32,19,10,560.00,"5,600.00"
2020-12-23,2020122304000060,GIC,32,47,10,560.00,"5,600.00"
2020-12-23,2020122304000059,GIC,32,29,10,560.00,"5,600.00"
2020-12-23,2020122304000058,GIC,32,6,10,559.00,"5,590.00"
2020-12-23,2020122304000086,GIC,29,38,10,559.00,"5,590.00"
2020-12-23,2020122304000085,GIC,29,7,10,559.00,"5,590.00"
2020-12-23,2020122304000083,GIC,29,44,10,559.00,"5,590.00"
2020-12-23,2020122304000074,GIC,29,29,10,559.00,"5,590.00"
2020-12-23,2020122304000073,GIC,29,56,10,559.00,"5,590.00"
2020-12-23,2020122304000070,GIC,29,36,10,559.00,"5,590.00"
2020-12-23,2020122304000108,GIC,29,58,10,559.00,"5,590.00"
2020-12-23,2020122304000102,GIC,29,16,10,559.00,"5,590.00"
2020-12-23,2020122304000098,GIC,29,39,10,559.00,"5,590.00"
2020-12-23,2020122304000093,GIC,29,43,10,559.00,"5,590.00"
2020-12-23,2020122304000092,GIC,22,58,20,560.00,"11,200.00"
2020-12-23,2020122304000090,GIC,29,43,10,559.00,"5,590.00"
2020-12-23,2020122304000135,GIC,41,14,10,560.00,"5,600.00"
2020-12-23,2020122304000133,GIC,41,42,10,560.00,"5,600.00"
2020-12-23,2020122304000130,GIC,29,49,10,560.00,"5,600.00"
2020-12-23,2020122304000129,GIC,29,40,10,560.00,"5,600.00"
2020-12-23,2020122304000128,GIC,29,58,30,560.00,"16,800.00"
2020-12-23,2020122304000125,GIC,29,34,10,559.00,"5,590.00"
2020-12-23,2020122304000146,GIC,41,17,10,560.00,"5,600.00"
2020-12-23,2020122304000143,GIC,29,38,10,561.00,"5,610.00"
2020-12-23,2020122304000142,GIC,29,41,10,561.00,"5,610.00"
2020-12-23,2020122304000140,GIC,41,43,10,560.00,"5,600.00"
2020-12-23,2020122304000139,GIC,41,21,10,560.00,"5,600.00"
2020-12-23,2020122304000138,GIC,41,25,10,560.00,"5,600.00"
2020-12-23,2020122304000162,GIC,42,46,10,565.00,"5,650.00"
2020-12-23,2020122304000161,GIC,42,57,10,564.00,"5,640.00"
2020-12-23,2020122304000160,GIC,42,41,10,561.00,"5,610.00"
2020-12-23,2020122304000151,GIC,41,45,10,560.00,"5,600.00"
2020-12-23,2020122304000149,GIC,41,43,10,560.00,"5,600.00"
2020-12-23,2020122304000148,GIC,41,4,10,560.00,"5,600.00"
2020-12-23,2020122304000168,GIC,42,32,10,565.00,"5,650.00"
2020-12-23,2020122304000167,GIC,42,35,10,565.00,"5,650.00"
2020-12-23,2020122304000166,GIC,42,35,10,565.00,"5,650.00"
2020-12-23,2020122304000165,GIC,42,48,10,565.00,"5,650.00"
2020-12-23,2020122304000164,GIC,42,58,10,565.00,"5,650.00"
2020-12-23,2020122304000163,GIC,42,55,10,565.00,"5,650.00"
2020-12-23,2020122304000195,GIC,42,48,50,565.00,"28,250.00"
2020-12-23,2020122304000191,GIC,42,53,10,565.00,"5,650.00"
2020-12-23,2020122304000188,GIC,42,58,10,565.00,"5,650.00"
2020-12-23,2020122304000179,GIC,42,4,10,565.00,"5,650.00"
2020-12-23,2020122304000178,GIC,42,4,10,565.00,"5,650.00"
2020-12-23,2020122304000174,GIC,42,42,10,565.00,"5,650.00"
2020-12-23,2020122304000217,GIC,42,49,60,565.00,"33,900.00"
2020-12-23,2020122304000209,GIC,42,54,10,565.00,"5,650.00"
2020-12-23,2020122304000204,GIC,42,21,10,565.00,"5,650.00"
2020-12-23,2020122304000200,GIC,42,4,10,565.00,"5,650.00"
2020-12-23,2020122304000199,GIC,42,59,10,565.00,"5,650.00"
2020-12-23,2020122304000197,GIC,42,42,10,565.00,"5,650.00"
2020-12-23,2020122304000238,GIC,32,51,10,560.00,"5,600.00"
2020-12-23,2020122304000232,GIC,32,17,10,560.00,"5,600.00"
2020-12-23,2020122304000230,GIC,32,11,10,560.00,"5,600.00"
2020-12-23,2020122304000222,GIC,41,36,10,560.00,"5,600.00"
2020-12-23,2020122304000221,GIC,34,49,200,565.00,"113,000.00"
2020-12-23,2020122304000218,GIC,49,49,55,565.00,"31,075.00"
2020-12-23,2020122304000260,GIC,34,58,10,564.00,"5,640.00"
2020-12-23,2020122304000250,GIC,34,14,10,560.00,"5,600.00"
2020-12-23,2020122304000246,GIC,34,43,10,560.00,"5,600.00"
2020-12-23,2020122304000244,GIC,34,32,10,560.00,"5,600.00"
2020-12-23,2020122304000243,GIC,32,51,10,560.00,"5,600.00"
2020-12-23,2020122304000240,GIC,32,59,10,560.00,"5,600.00"
2020-12-23,2020122304000280,GIC,34,49,10,560.00,"5,600.00"
2020-12-23,2020122304000276,GIC,34,41,10,560.00,"5,600.00"
2020-12-23,2020122304000272,GIC,34,7,10,560.00,"5,600.00"
2020-12-23,2020122304000265,GIC,34,47,10,560.00,"5,600.00"
2020-12-23,2020122304000262,GIC,34,14,10,560.00,"5,600.00"
2020-12-23,2020122304000261,GIC,34,51,10,560.00,"5,600.00"
2020-12-23,2020122304000321,GIC,48,38,10,561.00,"5,610.00"
2020-12-23,2020122304000303,GIC,48,44,10,561.00,"5,610.00"
2020-12-23,2020122304000300,GIC,48,47,10,561.00,"5,610.00"
2020-12-23,2020122304000290,GIC,48,29,10,561.00,"5,610.00"
2020-12-23,2020122304000283,GIC,34,29,10,560.00,"5,600.00"
2020-12-23,2020122304000281,GIC,34,38,10,560.00,"5,600.00"
2020-12-23,2020122304000345,GIC,13,54,10,561.00,"5,610.00"
2020-12-23,2020122304000341,GIC,13,58,10,561.00,"5,610.00"
2020-12-23,2020122304000340,GIC,13,6,10,561.00,"5,610.00"
2020-12-23,2020122304000336,GIC,13,50,110,561.00,"61,710.00"
2020-12-23,2020122304000335,GIC,48,50,50,561.00,"28,050.00"
2020-12-23,2020122304000333,GIC,48,13,10,561.00,"5,610.00"
2020-12-23,2020122304000395,GIC,48,43,10,562.00,"5,620.00"
2020-12-23,2020122304000394,GIC,13,19,10,561.00,"5,610.00"
2020-12-23,2020122304000390,GIC,13,34,10,561.00,"5,610.00"
2020-12-23,2020122304000377,GIC,13,48,10,561.00,"5,610.00"
2020-12-23,2020122304000354,GIC,13,41,10,561.00,"5,610.00"
2020-12-23,2020122304000346,GIC,13,58,10,561.00,"5,610.00"
2020-12-23,2020122304000402,GIC,34,42,10,560.00,"5,600.00"
2020-12-23,2020122304000400,GIC,34,49,10,560.00,"5,600.00"
2020-12-23,2020122304000399,GIC,48,32,10,562.00,"5,620.00"
2020-12-23,2020122304000398,GIC,48,32,10,562.00,"5,620.00"
2020-12-23,2020122304000397,GIC,48,7,10,562.00,"5,620.00"
2020-12-23,2020122304000396,GIC,48,1,10,562.00,"5,620.00"
2020-12-23,2020122304000425,GIC,34,1,10,560.00,"5,600.00"
2020-12-23,2020122304000419,GIC,34,21,10,560.00,"5,600.00"
2020-12-23,2020122304000417,GIC,34,1,10,560.00,"5,600.00"
2020-12-23,2020122304000411,GIC,34,1,10,560.00,"5,600.00"
2020-12-23,2020122304000408,GIC,34,21,10,560.00,"5,600.00"
2020-12-23,2020122304000406,GIC,34,8,10,560.00,"5,600.00"
2020-12-23,2020122304000442,GIC,49,17,10,560.00,"5,600.00"
2020-12-23,2020122304000438,GIC,49,54,10,560.00,"5,600.00"
2020-12-23,2020122304000437,GIC,49,10,10,560.00,"5,600.00"
2020-12-23,2020122304000436,GIC,49,45,10,560.00,"5,600.00"
2020-12-23,2020122304000435,GIC,49,21,10,560.00,"5,600.00"
2020-12-23,2020122304000428,GIC,34,51,10,560.00,"5,600.00"
2020-12-23,2020122304000466,GIC,56,52,300,560.00,"168,000.00"
2020-12-23,2020122304000465,GIC,49,52,10,560.00,"5,600.00"
2020-12-23,2020122304000464,GIC,49,39,10,560.00,"5,600.00"
2020-12-23,2020122304000453,GIC,49,16,10,560.00,"5,600.00"
2020-12-23,2020122304000449,GIC,49,10,10,560.00,"5,600.00"
2020-12-23,2020122304000443,GIC,49,41,10,560.00,"5,600.00"
2020-12-23,2020122304000291,GIMES1,26,19,"5,000",11.03,"55,150.00"
2020-12-23,2020122304000184,GIMES1,26,22,"5,000",11.19,"55,950.00"
2020-12-23,2020122304000183,GIMES1,26,22,"14,947",11.19,"167,256.93"
2020-12-23,2020122304000182,GIMES1,26,21,100,11.19,"1,119.00"
2020-12-23,2020122304000022,GIMES1,55,26,100,10.98,"1,098.00"
2020-12-23,2020122304000481,LEMF,17,6,"5,000",9.80,"49,000.00"
2020-12-23,2020122304000351,LEMF,17,7,"5,000",9.80,"49,000.00"
2020-12-23,2020122304000350,LEMF,17,7,"5,000",9.80,"49,000.00"
2020-12-23,2020122304000360,LUK,45,34,100,9.25,925.00
2020-12-23,2020122304000359,LUK,45,49,100,9.25,925.00
2020-12-23,2020122304000305,LUK,41,49,"1,900",9.25,"17,575.00"
2020-12-23,2020122304000298,LUK,41,26,100,9.20,920.00
2020-12-23,2020122304000297,LUK,41,42,100,9.20,920.00
2020-12-23,2020122304000282,LUK,57,41,100,9.10,910.00
2020-12-23,2020122304000124,LUK,57,44,100,9.10,910.00
2020-12-23,2020122304000114,LUK,57,44,100,9.10,910.00
2020-12-23,2020122304000087,LUK,48,44,100,9.09,909.00
2020-12-23,2020122304000027,LUK,22,38,200,9.07,"1,814.00"
2020-12-23,2020122304000010,LUK,20,44,100,9.06,906.00
2020-12-23,2020122304000251,LUK,57,59,100,9.10,910.00
2020-12-23,2020122304000247,LUK,57,49,500,9.10,"4,550.00"
2020-12-23,2020122304000208,LUK,57,53,300,9.10,"2,730.00"
2020-12-23,2020122304000175,LUK,57,58,300,9.10,"2,730.00"
2020-12-23,2020122304000131,LUK,57,44,100,9.10,910.00
2020-12-23,2020122304000127,LUK,57,21,100,9.10,910.00
2020-12-23,2020122304000480,NBF2,34,45,500,9.60,"4,800.00"
2020-12-23,2020122304000445,NBF2,49,49,160,9.52,"1,523.20"
2020-12-23,2020122304000433,NBF2,49,21,"1,800",9.52,"17,136.00"
2020-12-23,2020122304000432,NBF2,20,21,400,9.63,"3,852.00"
2020-12-23,2020122304000431,NBF2,26,21,"1,000",9.65,"9,650.00"
2020-12-23,2020122304000023,NBF2,20,41,100,9.63,963.00
2020-12-23,2020122304000430,NBF2,53,21,"1,800",9.65,"17,370.00"
2020-12-23,2020122304000385,NBF2,53,25,"1,100",9.65,"10,615.00"
2020-12-23,2020122304000334,NBF2,53,26,100,9.65,965.00
2020-12-23,2020122304000257,NBF2,1,49,500,9.66,"4,830.00"
2020-12-23,2020122304000492,NEF,49,26,241,9.75,"2,349.75"
2020-12-23,2020122304000484,NEF,49,6,"5,068",9.75,"49,413.00"
2020-12-23,2020122304000452,NEF,58,29,"2,000",9.87,"19,740.00"
2020-12-23,2020122304000451,NEF,35,29,"10,000",9.90,"99,000.00"
2020-12-23,2020122304000450,NEF,26,29,"1,000",9.91,"9,910.00"
2020-12-23,2020122304000353,NEF,34,7,"2,311",9.92,"22,925.12"
2020-12-23,2020122304000352,NEF,58,7,103,9.92,"1,021.76"
2020-12-23,2020122304000302,NEF,19,45,500,10.07,"5,035.00"
2020-12-23,2020122304000101,NEF,17,7,"2,414",9.92,"23,946.88"
2020-12-23,2020122304000495,NIBLPF,28,47,"1,667",10.10,"16,836.70"
2020-12-23,2020122304000473,NIBLPF,28,29,"2,525",10.10,"25,502.50"
2020-12-23,2020122304000463,NIBLPF,28,6,"2,525",10.10,"25,502.50"
2020-12-23,2020122304000462,NIBLPF,28,11,253,10.10,"2,555.30"
2020-12-23,2020122304000461,NIBLPF,28,6,"2,525",10.10,"25,502.50"
2020-12-23,2020122304000460,NIBLPF,28,11,505,10.10,"5,100.50"
2020-12-23,2020122304000194,NIBLPF,3,7,"2,523",9.96,"25,129.08"
2020-12-23,2020122304000082,NIBLPF,34,7,"2,525",9.96,"25,149.00"
2020-12-23,2020122304000458,NIBPO,19,6,500,451.00,"225,500.00"
2020-12-23,2020122304000457,NIBPO,26,6,500,451.00,"225,500.00"
2020-12-23,2020122304000456,NIBPO,34,6,975,451.00,"439,725.00"
2020-12-23,2020122304000455,NIBPO,26,6,400,452.00,"180,800.00"
2020-12-23,2020122304000316,NIBPO,26,28,100,452.00,"45,200.00"
2020-12-23,2020122304000315,NIBPO,17,28,"1,000",452.00,"452,000.00"
2020-12-23,2020122304000079,NIBPO,43,19,500,460.00,"230,000.00"
2020-12-23,2020122304000064,NIBPO,42,43,500,461.00,"230,500.00"
2020-12-23,2020122304000016,NIBPO,45,33,200,469.00,"93,800.00"
2020-12-23,2020122304000005,NIBPO,19,58,"2,000",468.00,"936,000.00"
2020-12-23,2020122304000118,NIBPO,43,28,500,453.00,"226,500.00"
2020-12-23,2020122304000117,NIBPO,6,28,500,454.00,"227,000.00"
2020-12-23,2020122304000116,NIBPO,26,28,500,455.00,"227,500.00"
2020-12-23,2020122304000099,NIBPO,43,19,454,459.00,"208,386.00"
2020-12-23,2020122304000081,NIBPO,58,19,"1,000",459.00,"459,000.00"
2020-12-23,2020122304000080,NIBPO,26,19,100,459.00,"45,900.00"
2020-12-23,2020122304000308,NIBPO,43,28,500,455.00,"227,500.00"
2020-12-23,2020122304000216,NIBPO,34,36,25,451.00,"11,275.00"
2020-12-23,2020122304000122,NIBPO,26,28,300,451.00,"135,300.00"
2020-12-23,2020122304000121,NIBPO,33,28,500,451.00,"225,500.00"
2020-12-23,2020122304000120,NIBPO,8,28,"1,000",452.00,"452,000.00"
2020-12-23,2020122304000119,NIBPO,26,28,"1,000",452.00,"452,000.00"
2020-12-23,2020122304000314,NIBPO,5,28,"1,000",452.00,"452,000.00"
2020-12-23,2020122304000313,NIBPO,58,28,500,453.00,"226,500.00"
2020-12-23,2020122304000312,NIBPO,58,28,800,453.00,"362,400.00"
2020-12-23,2020122304000311,NIBPO,19,28,100,453.00,"45,300.00"
2020-12-23,2020122304000310,NIBPO,34,28,500,454.00,"227,000.00"
2020-12-23,2020122304000309,NIBPO,34,28,500,454.00,"227,000.00"
2020-12-23,2020122304000295,NIBSF1,26,40,700,11.08,"7,756.00"
2020-12-23,2020122304000089,NIBSF1,26,7,"1,000",11.01,"11,010.00"
2020-12-23,2020122304000051,NIBSF1,26,32,"1,000",11.01,"11,010.00"
2020-12-23,2020122304000021,NIBSF1,7,26,100,10.96,"1,096.00"
2020-12-23,2020122304000488,NICAD8283,47,29,25,"1,150.00","28,750.00"
2020-12-23,2020122304000487,NICAD8283,47,29,25,"1,150.00","28,750.00"
2020-12-23,2020122304000486,NICAD8283,47,5,25,"1,150.00","28,750.00"
2020-12-23,2020122304000241,NICAD8283,47,34,25,"1,160.00","29,000.00"
2020-12-23,2020122304000479,NICBF,26,58,200,10.13,"2,026.00"
2020-12-23,2020122304000368,NICBF,6,57,"5,000",10.20,"51,000.00"
2020-12-23,2020122304000367,NICBF,6,49,500,10.15,"5,075.00"
2020-12-23,2020122304000366,NICBF,6,7,"5,000",10.10,"50,500.00"
2020-12-23,2020122304000347,NICBF,48,26,100,10.03,"1,003.00"
2020-12-23,2020122304000496,NICGF,34,45,100,10.30,"1,030.00"
2020-12-23,2020122304000301,NICGF,48,57,500,10.26,"5,130.00"
2020-12-23,2020122304000267,NICGF,52,22,100,10.30,"1,030.00"
2020-12-23,2020122304000234,NICGF,48,57,500,10.26,"5,130.00"
2020-12-23,2020122304000196,NICGF,48,7,"5,000",10.26,"51,300.00"
2020-12-23,2020122304000192,NICGF,48,49,500,10.26,"5,130.00"
2020-12-23,2020122304000141,NICGF,17,41,"1,000",10.25,"10,250.00"
2020-12-23,2020122304000091,NICGF,17,7,"5,000",10.25,"51,250.00"
2020-12-23,2020122303019825,NLIC,8,25,18,"2,443.00","43,974.00"
2020-12-23,2020122303019824,NLIC,13,25,80,"2,443.00","195,440.00"
2020-12-23,2020122303019823,NLIC,50,26,140,"2,445.00","342,300.00"
2020-12-23,2020122304000497,NMB50,8,45,200,10.10,"2,020.00"
2020-12-23,2020122304000482,NMB50,29,58,100,10.15,"1,015.00"
2020-12-23,2020122304000421,NMB50,29,57,100,10.15,"1,015.00"
2020-12-23,2020122304000384,NMB50,8,58,200,10.35,"2,070.00"
2020-12-23,2020122304000383,NMB50,8,51,"60,000",10.35,"621,000.00"
2020-12-23,2020122304000382,NMB50,8,22,"2,000",10.35,"20,700.00"
2020-12-23,2020122304000369,NMB50,8,26,100,10.15,"1,015.00"
2020-12-23,2020122304000343,NMB50,8,4,"43,000",10.07,"433,010.00"
2020-12-23,2020122304000342,NMB50,29,4,"2,000",10.08,"20,160.00"
2020-12-23,2020122304000077,NMB50,29,22,"2,000",10.15,"20,300.00"
2020-12-23,2020122304000076,NMB50,29,58,500,10.15,"5,075.00"
2020-12-23,2020122304000381,NMB50,8,58,200,10.35,"2,070.00"
2020-12-23,2020122304000380,NMB50,8,47,"6,900",10.34,"71,346.00"
2020-12-23,2020122304000379,NMB50,8,1,"1,000",10.30,"10,300.00"
2020-12-23,2020122304000378,NMB50,8,45,"1,000",10.27,"10,270.00"
2020-12-23,2020122304000371,NMB50,8,49,"1,500",10.15,"15,225.00"
2020-12-23,2020122304000370,NMB50,8,38,"1,100",10.15,"11,165.00"
2020-12-23,2020122304000440,NMBHF1,21,29,"3,313",9.97,"33,030.61"
2020-12-23,2020122304000426,NMBHF1,59,50,"4,161",9.97,"41,485.17"
2020-12-23,2020122304000287,NMBHF1,58,7,"4,161",10.00,"41,610.00"
2020-12-23,2020122304000043,NMBHF1,58,44,"2,000",9.93,"19,860.00"
2020-12-23,2020122304000223,RBCLPO,17,25,15,"14,300.00","214,500.00"
2020-12-23,2020122304000454,SAEF,11,38,"4,000",11.10,"44,400.00"
2020-12-23,2020122304000444,SAEF,1,33,"2,000",11.15,"22,300.00"
2020-12-23,2020122304000434,SAEF,1,52,"4,000",11.10,"44,400.00"
2020-12-23,2020122304000422,SAEF,11,26,500,11.05,"5,525.00"
2020-12-23,2020122304000391,SAEF,34,38,200,11.01,"2,202.00"
2020-12-23,2020122304000235,SAEF,17,49,500,11.00,"5,500.00"
2020-12-23,2020122304000057,SAEF,11,4,500,10.90,"5,450.00"
2020-12-23,2020122304000054,SAEF,43,33,200,11.00,"2,200.00"
2020-12-23,2020122304000170,SAEF,17,38,"33,740",11.06,"373,164.40"
2020-12-23,2020122304000169,SAEF,17,33,"9,800",10.95,"107,310.00"
2020-12-23,2020122304000158,SAEF,47,26,"10,000",10.91,"109,100.00"
2020-12-23,2020122304000157,SAEF,47,26,"10,000",10.92,"109,200.00"
2020-12-23,2020122304000156,SAEF,47,26,"10,000",10.93,"109,300.00"
2020-12-23,2020122304000134,SAEF,56,7,"5,000",10.93,"54,650.00"
2020-12-23,2020122304000231,SAEF,34,7,"5,000",11.07,"55,350.00"
2020-12-23,2020122304000229,SAEF,17,57,"1,140",11.00,"12,540.00"
2020-12-23,2020122304000228,SAEF,17,57,860,11.07,"9,520.20"
2020-12-23,2020122304000173,SAEF,17,55,500,11.07,"5,535.00"
2020-12-23,2020122304000172,SAEF,17,42,"1,200",11.07,"13,284.00"
2020-12-23,2020122304000171,SAEF,17,5,"3,900",11.07,"43,173.00"
2020-12-23,2020122304000493,SEF,6,47,"2,000",10.36,"20,720.00"
2020-12-23,2020122304000404,SEF,17,43,"3,350",10.49,"35,141.50"
2020-12-23,2020122304000393,SEF,17,57,"4,100",10.49,"43,009.00"
2020-12-23,2020122304000386,SEF,17,45,500,10.49,"5,245.00"
2020-12-23,2020122304000372,SEF,17,35,"4,000",10.49,"41,960.00"
2020-12-23,2020122304000355,SEF,17,26,250,10.49,"2,622.50"
2020-12-23,2020122304000047,SEF,43,36,500,10.30,"5,150.00"
2020-12-23,2020122304000015,SEF,34,42,"10,000",10.30,"103,000.00"
2020-12-23,2020122304000106,SEF,17,11,500,10.49,"5,245.00"
2020-12-23,2020122304000105,SEF,17,47,"12,348",10.49,"129,530.52"
2020-12-23,2020122304000104,SEF,17,41,600,10.45,"6,270.00"
2020-12-23,2020122304000103,SEF,17,45,"5,000",10.40,"52,000.00"
2020-12-23,2020122304000075,SEF,17,47,"1,000",10.29,"10,290.00"
2020-12-23,2020122304000049,SEF,43,45,200,10.40,"2,080.00"
2020-12-23,2020122304000245,SEF,17,57,200,10.49,"2,098.00"
2020-12-23,2020122304000242,SEF,17,57,"2,000",10.49,"20,980.00"
2020-12-23,2020122304000203,SEF,17,47,"10,000",10.49,"104,900.00"
2020-12-23,2020122304000177,SEF,17,45,"9,800",10.49,"102,802.00"
2020-12-23,2020122304000126,SEF,17,52,"5,000",10.49,"52,450.00"
2020-12-23,2020122304000111,SEF,17,7,"5,000",10.49,"52,450.00"
2020-12-23,2020122304000337,SEF,17,8,"3,500",10.49,"36,715.00"
2020-12-23,2020122304000320,SEF,17,22,"2,700",10.49,"28,323.00"
2020-12-23,2020122304000299,SEF,17,49,"2,000",10.49,"20,980.00"
2020-12-23,2020122304000279,SEF,17,58,700,10.49,"7,343.00"
2020-12-23,2020122304000252,SEF,17,56,100,10.49,"1,049.00"
2020-12-23,2020122304000248,SEF,17,57,"1,800",10.49,"18,882.00"
2020-12-23,2020122304000491,SGI,25,58,10,578.00,"5,780.00"
2020-12-23,2020122304000490,SGI,25,16,10,578.00,"5,780.00"
2020-12-23,2020122304000485,SGI,41,8,10,577.00,"5,770.00"
2020-12-23,2020122304000478,SGI,41,45,10,577.00,"5,770.00"
2020-12-23,2020122304000477,SGI,41,7,10,577.00,"5,770.00"
2020-12-23,2020122304000476,SGI,41,38,10,576.00,"5,760.00"
2020-12-23,2020122304000004,SGI,8,44,10,583.00,"5,830.00"
2020-12-23,2020122304000002,SGI,54,42,10,585.00,"5,850.00"
2020-12-23,2020122304000024,SGI,32,56,10,587.00,"5,870.00"
2020-12-23,2020122304000014,SGI,6,38,10,586.00,"5,860.00"
2020-12-23,2020122304000013,SGI,6,47,10,586.00,"5,860.00"
2020-12-23,2020122304000009,SGI,49,55,10,585.00,"5,850.00"
2020-12-23,2020122304000007,SGI,49,42,10,585.00,"5,850.00"
2020-12-23,2020122304000006,SGI,8,6,10,583.00,"5,830.00"
2020-12-23,2020122304000036,SGI,28,25,10,585.00,"5,850.00"
2020-12-23,2020122304000035,SGI,22,19,10,585.00,"5,850.00"
2020-12-23,2020122304000031,SGI,22,43,10,585.00,"5,850.00"
2020-12-23,2020122304000028,SGI,49,47,10,585.00,"5,850.00"
2020-12-23,2020122304000026,SGI,32,55,10,587.00,"5,870.00"
2020-12-23,2020122304000025,SGI,32,43,10,587.00,"5,870.00"
2020-12-23,2020122304000048,SGI,52,19,10,584.00,"5,840.00"
2020-12-23,2020122304000046,SGI,52,42,10,584.00,"5,840.00"
2020-12-23,2020122304000041,SGI,28,1,10,585.00,"5,850.00"
2020-12-23,2020122304000040,SGI,52,43,10,584.00,"5,840.00"
2020-12-23,2020122304000039,SGI,52,20,10,584.00,"5,840.00"
2020-12-23,2020122304000038,SGI,52,43,10,584.00,"5,840.00"
2020-12-23,2020122304000068,SGI,49,55,10,590.00,"5,900.00"
2020-12-23,2020122304000067,SGI,49,4,10,590.00,"5,900.00"
2020-12-23,2020122304000066,SGI,49,22,30,590.00,"17,700.00"
2020-12-23,2020122304000065,SGI,49,26,10,588.00,"5,880.00"
2020-12-23,2020122304000052,SGI,49,36,10,589.00,"5,890.00"
2020-12-23,2020122304000050,SGI,52,58,10,584.00,"5,840.00"
2020-12-23,2020122304000088,SGI,41,44,10,585.00,"5,850.00"
2020-12-23,2020122304000084,SGI,49,26,10,586.00,"5,860.00"
2020-12-23,2020122304000078,SGI,49,52,10,586.00,"5,860.00"
2020-12-23,2020122304000072,SGI,41,56,10,585.00,"5,850.00"
2020-12-23,2020122304000071,SGI,41,41,10,585.00,"5,850.00"
2020-12-23,2020122304000069,SGI,49,36,10,590.00,"5,900.00"
2020-12-23,2020122304000107,SGI,38,22,10,585.00,"5,850.00"
2020-12-23,2020122304000100,SGI,38,39,10,585.00,"5,850.00"
2020-12-23,2020122304000097,SGI,38,48,10,585.00,"5,850.00"
2020-12-23,2020122304000096,SGI,38,39,10,585.00,"5,850.00"
2020-12-23,2020122304000095,SGI,38,34,10,585.00,"5,850.00"
2020-12-23,2020122304000094,SGI,41,3,10,585.00,"5,850.00"
2020-12-23,2020122304000123,SGI,38,49,10,585.00,"5,850.00"
2020-12-23,2020122304000115,SGI,38,4,10,585.00,"5,850.00"
2020-12-23,2020122304000113,SGI,38,43,10,585.00,"5,850.00"
2020-12-23,2020122304000112,SGI,38,45,10,585.00,"5,850.00"
2020-12-23,2020122304000110,SGI,38,43,10,585.00,"5,850.00"
2020-12-23,2020122304000109,SGI,38,26,10,585.00,"5,850.00"
2020-12-23,2020122304000147,SGI,38,36,10,585.00,"5,850.00"
2020-12-23,2020122304000145,SGI,38,47,10,585.00,"5,850.00"
2020-12-23,2020122304000144,SGI,38,46,10,585.00,"5,850.00"
2020-12-23,2020122304000137,SGI,38,58,10,585.00,"5,850.00"
2020-12-23,2020122304000136,SGI,38,4,10,585.00,"5,850.00"
2020-12-23,2020122304000132,SGI,38,59,10,585.00,"5,850.00"
2020-12-23,2020122304000159,SGI,38,43,10,585.00,"5,850.00"
2020-12-23,2020122304000155,SGI,38,17,10,585.00,"5,850.00"
2020-12-23,2020122304000154,SGI,38,50,10,585.00,"5,850.00"
2020-12-23,2020122304000153,SGI,38,4,10,585.00,"5,850.00"
2020-12-23,2020122304000152,SGI,38,43,10,585.00,"5,850.00"
2020-12-23,2020122304000150,SGI,38,46,10,585.00,"5,850.00"
2020-12-23,2020122304000187,SGI,22,48,20,585.00,"11,700.00"
2020-12-23,2020122304000186,SGI,49,48,210,585.00,"122,850.00"
2020-12-23,2020122304000185,SGI,38,48,140,585.00,"81,900.00"
2020-12-23,2020122304000181,SGI,38,51,10,585.00,"5,850.00"
2020-12-23,2020122304000180,SGI,38,57,10,585.00,"5,850.00"
2020-12-23,2020122304000176,SGI,38,6,10,585.00,"5,850.00"
2020-12-23,2020122304000202,SGI,52,45,10,584.00,"5,840.00"
2020-12-23,2020122304000201,SGI,52,21,10,584.00,"5,840.00"
2020-12-23,2020122304000198,SGI,52,45,10,584.00,"5,840.00"
2020-12-23,2020122304000193,SGI,22,17,10,585.00,"5,850.00"
2020-12-23,2020122304000190,SGI,22,16,10,585.00,"5,850.00"
2020-12-23,2020122304000189,SGI,22,4,10,585.00,"5,850.00"
2020-12-23,2020122304000213,SGI,21,46,10,585.00,"5,850.00"
2020-12-23,2020122304000212,SGI,21,45,10,584.00,"5,840.00"
2020-12-23,2020122304000211,SGI,56,58,100,584.00,"58,400.00"
2020-12-23,2020122304000210,SGI,52,45,10,584.00,"5,840.00"
2020-12-23,2020122304000206,SGI,3,29,10,585.00,"5,850.00"
2020-12-23,2020122304000205,SGI,3,38,10,585.00,"5,850.00"
2020-12-23,2020122304000225,SGI,59,53,10,583.00,"5,830.00"
2020-12-23,2020122304000224,SGI,59,51,10,583.00,"5,830.00"
2020-12-23,2020122304000220,SGI,59,49,10,583.00,"5,830.00"
2020-12-23,2020122304000219,SGI,59,21,10,583.00,"5,830.00"
2020-12-23,2020122304000215,SGI,59,54,10,583.00,"5,830.00"
2020-12-23,2020122304000214,SGI,21,48,130,586.00,"76,180.00"
2020-12-23,2020122304000239,SGI,29,11,10,584.00,"5,840.00"
2020-12-23,2020122304000237,SGI,29,17,10,584.00,"5,840.00"
2020-12-23,2020122304000236,SGI,29,49,10,584.00,"5,840.00"
2020-12-23,2020122304000233,SGI,29,25,10,584.00,"5,840.00"
2020-12-23,2020122304000227,SGI,29,48,10,584.00,"5,840.00"
2020-12-23,2020122304000226,SGI,59,35,10,583.00,"5,830.00"
2020-12-23,2020122304000258,SGI,29,51,10,584.00,"5,840.00"
2020-12-23,2020122304000256,SGI,29,14,10,584.00,"5,840.00"
2020-12-23,2020122304000255,SGI,52,59,10,585.00,"5,850.00"
2020-12-23,2020122304000254,SGI,52,55,10,585.00,"5,850.00"
2020-12-23,2020122304000253,SGI,52,45,10,585.00,"5,850.00"
2020-12-23,2020122304000249,SGI,29,58,10,584.00,"5,840.00"
2020-12-23,2020122304000284,SGI,21,45,10,584.00,"5,840.00"
2020-12-23,2020122304000278,SGI,21,38,10,584.00,"5,840.00"
2020-12-23,2020122304000273,SGI,34,17,10,585.00,"5,850.00"
2020-12-23,2020122304000271,SGI,21,38,10,584.00,"5,840.00"
2020-12-23,2020122304000264,SGI,29,57,10,584.00,"5,840.00"
2020-12-23,2020122304000259,SGI,29,51,10,584.00,"5,840.00"
2020-12-23,2020122304000293,SGI,22,53,160,583.00,"93,280.00"
2020-12-23,2020122304000292,SGI,28,53,195,583.00,"113,685.00"
2020-12-23,2020122304000289,SGI,28,53,605,583.00,"352,715.00"
2020-12-23,2020122304000288,SGI,59,53,295,583.00,"171,985.00"
2020-12-23,2020122304000286,SGI,21,49,10,584.00,"5,840.00"
2020-12-23,2020122304000285,SGI,21,52,10,584.00,"5,840.00"
2020-12-23,2020122304000317,SGI,29,47,10,582.00,"5,820.00"
2020-12-23,2020122304000307,SGI,29,13,10,582.00,"5,820.00"
2020-12-23,2020122304000306,SGI,4,53,20,583.00,"11,660.00"
2020-12-23,2020122304000304,SGI,29,43,10,582.00,"5,820.00"
2020-12-23,2020122304000296,SGI,29,38,10,582.00,"5,820.00"
2020-12-23,2020122304000294,SGI,34,53,30,583.00,"17,490.00"
2020-12-23,2020122304000325,SGI,21,53,100,580.00,"58,000.00"
2020-12-23,2020122304000324,SGI,52,53,500,581.00,"290,500.00"
2020-12-23,2020122304000323,SGI,29,53,180,582.00,"104,760.00"
2020-12-23,2020122304000322,SGI,29,43,10,582.00,"5,820.00"
2020-12-23,2020122304000319,SGI,29,1,10,582.00,"5,820.00"
2020-12-23,2020122304000318,SGI,29,41,10,582.00,"5,820.00"
2020-12-23,2020122304000331,SGI,57,53,490,580.00,"284,200.00"
2020-12-23,2020122304000330,SGI,5,53,50,580.00,"29,000.00"
2020-12-23,2020122304000329,SGI,4,53,70,580.00,"40,600.00"
2020-12-23,2020122304000328,SGI,34,53,15,580.00,"8,700.00"
2020-12-23,2020122304000327,SGI,17,53,100,580.00,"58,000.00"
2020-12-23,2020122304000326,SGI,21,53,100,580.00,"58,000.00"
2020-12-23,2020122304000349,SGI,1,58,10,576.00,"5,760.00"
2020-12-23,2020122304000348,SGI,1,22,10,576.00,"5,760.00"
2020-12-23,2020122304000344,SGI,1,38,10,576.00,"5,760.00"
2020-12-23,2020122304000339,SGI,29,53,100,580.00,"58,000.00"
2020-12-23,2020122304000338,SGI,1,55,10,576.00,"5,760.00"
2020-12-23,2020122304000332,SGI,8,53,500,580.00,"290,000.00"
2020-12-23,2020122304000363,SGI,49,37,30,575.00,"17,250.00"
2020-12-23,2020122304000362,SGI,6,37,50,576.00,"28,800.00"
2020-12-23,2020122304000361,SGI,1,37,66,576.00,"38,016.00"
2020-12-23,2020122304000358,SGI,1,48,10,576.00,"5,760.00"
2020-12-23,2020122304000357,SGI,1,1,10,576.00,"5,760.00"
2020-12-23,2020122304000356,SGI,1,58,10,576.00,"5,760.00"
2020-12-23,2020122304000376,SGI,49,58,10,577.00,"5,770.00"
2020-12-23,2020122304000375,SGI,49,32,10,576.00,"5,760.00"
2020-12-23,2020122304000374,SGI,49,28,10,576.00,"5,760.00"
2020-12-23,2020122304000373,SGI,45,57,10,575.00,"5,750.00"
2020-12-23,2020122304000365,SGI,45,37,46,575.00,"26,450.00"
2020-12-23,2020122304000364,SGI,29,37,300,575.00,"172,500.00"
2020-12-23,2020122304000413,SGI,45,48,24,575.00,"13,800.00"
2020-12-23,2020122304000412,SGI,52,48,45,576.00,"25,920.00"
2020-12-23,2020122304000410,SGI,52,59,10,576.00,"5,760.00"
2020-12-23,2020122304000409,SGI,52,46,10,576.00,"5,760.00"
2020-12-23,2020122304000407,SGI,45,8,10,575.00,"5,750.00"
2020-12-23,2020122304000405,SGI,45,38,10,575.00,"5,750.00"
2020-12-23,2020122304000423,SGI,58,21,10,575.00,"5,750.00"
2020-12-23,2020122304000420,SGI,58,49,10,575.00,"5,750.00"
2020-12-23,2020122304000418,SGI,58,1,10,575.00,"5,750.00"
2020-12-23,2020122304000416,SGI,58,1,10,575.00,"5,750.00"
2020-12-23,2020122304000415,SGI,58,48,56,575.00,"32,200.00"
2020-12-23,2020122304000414,SGI,45,48,30,575.00,"17,250.00"
2020-12-23,2020122304000446,SGI,52,11,10,575.00,"5,750.00"
2020-12-23,2020122304000441,SGI,52,26,10,575.00,"5,750.00"
2020-12-23,2020122304000439,SGI,52,11,10,575.00,"5,750.00"
2020-12-23,2020122304000429,SGI,52,44,10,575.00,"5,750.00"
2020-12-23,2020122304000427,SGI,3,45,10,575.00,"5,750.00"
2020-12-23,2020122304000424,SGI,3,46,10,575.00,"5,750.00"
2020-12-23,2020122304000471,SGI,52,38,10,575.00,"5,750.00"
2020-12-23,2020122304000470,SGI,52,42,10,575.00,"5,750.00"
2020-12-23,2020122304000468,SGI,52,16,10,575.00,"5,750.00"
2020-12-23,2020122304000459,SGI,52,37,10,575.00,"5,750.00"
2020-12-23,2020122304000448,SGI,52,21,10,575.00,"5,750.00"
2020-12-23,2020122304000447,SGI,52,57,10,575.00,"5,750.00"
2020-12-23,2020122304000494,STC,26,28,10,"5,350.00","53,500.00"
2020-12-23,2020122304000389,STC,38,22,10,"5,350.00","53,500.00"
2020-12-23,2020122304000388,STC,38,5,10,"5,350.00","53,500.00"
2020-12-23,2020122304000387,STC,33,55,20,"5,320.00","106,400.00"
2020-12-23,2020122304000275,STC,33,17,20,"5,300.00","106,000.00"
2020-12-23,2020122304000274,STC,40,17,30,"5,301.00","159,030.00"
2020-12-23,2020122304000266,STC,40,5,70,"5,301.00","371,070.00"
2020-12-23,2020122304000263,STC,4,5,30,"5,320.00","159,600.00"
2020-12-23,2020122304000207,STC,33,59,100,"5,300.00","530,000.00"
2020-12-23,2020122304000055,STC,59,5,20,"5,270.00","105,400.00"
2020-12-23,2020122303019647,ALBSL,55,8,11,991.00,"10,901.00"
2020-12-23,2020122303019549,ALBSL,55,19,11,991.00,"10,901.00"
2020-12-23,2020122303019428,ALBSL,55,29,133,991.00,"131,803.00"
2020-12-23,2020122303019427,ALBSL,45,29,100,995.00,"99,500.00"
2020-12-23,2020122303019426,ALBSL,44,29,100,995.00,"99,500.00"
2020-12-23,2020122303019425,ALBSL,6,29,147,995.00,"146,265.00"
2020-12-23,2020122303019562,ALICL,45,28,150,929.00,"139,350.00"
2020-12-23,2020122303019533,ALICL,49,29,220,925.00,"203,500.00"
2020-12-23,2020122303019345,ALICL,49,52,"1,000",925.00,"925,000.00"
2020-12-23,2020122303019799,CBBL,45,55,30,"1,440.00","43,200.00"
2020-12-23,2020122303019724,CBBL,45,45,250,"1,440.00","360,000.00"
2020-12-23,2020122303019691,CBBL,34,45,50,"1,440.00","72,000.00"
2020-12-23,2020122303019646,CBBL,38,42,18,"1,440.00","25,920.00"
2020-12-23,2020122303019388,CBBL,48,42,30,"1,440.00","43,200.00"
2020-12-23,2020122303019363,CBBL,48,37,50,"1,440.00","72,000.00"
2020-12-23,2020122303019330,CBBL,48,33,20,"1,440.00","28,800.00"
2020-12-23,2020122303019780,CIT,49,41,97,"5,120.00","496,640.00"
2020-12-23,2020122303019779,CIT,33,41,10,"5,120.00","51,200.00"
2020-12-23,2020122303019778,CIT,52,41,10,"5,120.00","51,200.00"
2020-12-23,2020122303019777,CIT,50,41,12,"5,120.00","61,440.00"
2020-12-23,2020122303019776,CIT,59,41,25,"5,120.00","128,000.00"
2020-12-23,2020122303019775,CIT,59,41,50,"5,120.00","256,000.00"
2020-12-23,2020122303019544,CIT,44,41,25,"5,115.00","127,875.00"
2020-12-23,2020122303019543,CIT,50,41,13,"5,116.00","66,508.00"
2020-12-23,2020122303019481,CIT,26,34,50,"5,119.00","255,950.00"
2020-12-23,2020122303019451,CIT,52,34,10,"5,119.00","51,190.00"
2020-12-23,2020122303019774,CIT,26,41,80,"5,120.00","409,600.00"
2020-12-23,2020122303019773,CIT,26,41,80,"5,120.00","409,600.00"
2020-12-23,2020122303019772,CIT,49,41,140,"5,120.00","716,800.00"
2020-12-23,2020122303019640,CIT,49,45,10,"5,120.00","51,200.00"
2020-12-23,2020122303019616,CIT,45,34,30,"5,119.00","153,570.00"
2020-12-23,2020122303019545,CIT,34,41,10,"5,115.00","51,150.00"
2020-12-23,2020122303019442,CLBSL,46,53,99,820.00,"81,180.00"
2020-12-23,2020122303019441,CLBSL,46,53,55,820.00,"45,100.00"
2020-12-23,2020122303019440,CLBSL,46,53,23,818.00,"18,814.00"
2020-12-23,2020122303019439,CLBSL,46,25,200,817.00,"163,400.00"
2020-12-23,2020122303019438,CLBSL,46,14,23,817.00,"18,791.00"
2020-12-23,2020122303019437,CLBSL,46,17,100,815.00,"81,500.00"
2020-12-23,2020122303019812,DDBL,38,6,10,"1,438.00","14,380.00"
2020-12-23,2020122303019811,DDBL,11,6,10,"1,438.00","14,380.00"
2020-12-23,2020122303019810,DDBL,14,6,200,"1,438.00","287,600.00"
2020-12-23,2020122303019757,DDBL,32,45,10,"1,440.00","14,400.00"
2020-12-23,2020122303019756,DDBL,54,45,100,"1,440.00","144,000.00"
2020-12-23,2020122303019755,DDBL,57,45,30,"1,440.00","43,200.00"
2020-12-23,2020122303019754,DDBL,49,45,100,"1,440.00","144,000.00"
2020-12-23,2020122303019712,DDBL,49,6,100,"1,440.00","144,000.00"
2020-12-23,2020122303019639,DDBL,46,49,200,"1,445.00","289,000.00"
2020-12-23,2020122303019638,DDBL,49,49,100,"1,445.00","144,500.00"
2020-12-23,2020122303019601,DDBL,42,52,50,"1,448.00","72,400.00"
2020-12-23,2020122303019600,DDBL,42,55,50,"1,445.00","72,250.00"
2020-12-23,2020122303019801,FOWAD,57,33,10,"2,335.00","23,350.00"
2020-12-23,2020122303019800,FOWAD,57,39,20,"2,330.00","46,600.00"
2020-12-23,2020122303019751,FOWAD,45,33,40,"2,335.00","93,400.00"
2020-12-23,2020122303019750,FOWAD,45,59,10,"2,335.00","23,350.00"
2020-12-23,2020122303019738,FOWAD,3,1,46,"2,330.00","107,180.00"
2020-12-23,2020122303019737,FOWAD,57,1,29,"2,330.00","67,570.00"
2020-12-23,2020122303019333,FOWAD,57,45,94,"2,330.00","219,020.00"
2020-12-23,2020122303019332,FOWAD,57,38,49,"2,330.00","114,170.00"
2020-12-23,2020122303019735,FOWAD,57,35,16,"2,330.00","37,280.00"
2020-12-23,2020122303019670,FOWAD,57,33,25,"2,330.00","58,250.00"
2020-12-23,2020122303019587,FOWAD,7,54,25,"2,333.00","58,325.00"
2020-12-23,2020122303019522,FOWAD,57,56,10,"2,330.00","23,300.00"
2020-12-23,2020122303019448,FOWAD,57,44,16,"2,331.00","37,296.00"
2020-12-23,2020122303019381,FOWAD,57,29,25,"2,330.00","58,250.00"
2020-12-23,2020122303019817,GBBL,33,17,10,307.00,"3,070.00"
2020-12-23,2020122303019733,GBBL,42,47,184,306.00,"56,304.00"
2020-12-23,2020122303019732,GBBL,49,47,593,306.00,"181,458.00"
2020-12-23,2020122303019771,GBLBS,48,26,10,584.00,"5,840.00"
2020-12-23,2020122303019770,GBLBS,48,50,50,584.00,"29,200.00"
2020-12-23,2020122303019740,GILB,45,38,37,"1,710.00","63,270.00"
2020-12-23,2020122303019540,GILB,41,34,90,"1,700.00","153,000.00"
2020-12-23,2020122303019539,GILB,51,34,400,"1,702.00","680,800.00"
2020-12-23,2020122303019538,GILB,35,34,10,"1,703.00","17,030.00"
2020-12-23,2020122303019731,GLICL,29,29,50,640.00,"32,000.00"
2020-12-23,2020122303019651,GLICL,43,29,10,640.00,"6,400.00"
2020-12-23,2020122303019569,GLICL,46,39,175,639.00,"111,825.00"
2020-12-23,2020122303019568,GLICL,41,39,15,639.00,"9,585.00"
2020-12-23,2020122303019567,GLICL,1,39,50,639.00,"31,950.00"
2020-12-23,2020122303019566,GLICL,17,39,10,639.00,"6,390.00"
2020-12-23,2020122303019389,GLICL,33,29,15,640.00,"9,600.00"
2020-12-23,2020122303019385,GLICL,33,6,85,640.00,"54,400.00"
2020-12-23,2020122303019384,GLICL,36,6,15,640.00,"9,600.00"
2020-12-23,2020122303019343,GLICL,36,39,200,640.00,"128,000.00"
2020-12-23,2020122303019813,GMFBS,28,28,20,994.00,"19,880.00"
2020-12-23,2020122303019631,GMFBS,44,44,10,975.00,"9,750.00"
2020-12-23,2020122303019565,GMFBS,44,29,50,975.00,"48,750.00"
2020-12-23,2020122303019414,GMFBS,25,28,10,994.00,"9,940.00"
2020-12-23,2020122303019413,GMFBS,25,45,10,990.00,"9,900.00"
2020-12-23,2020122303019412,GMFBS,25,59,20,988.00,"19,760.00"
2020-12-23,2020122303019411,GMFBS,25,38,10,985.00,"9,850.00"
2020-12-23,2020122303019741,GRDBL,16,49,20,150.00,"3,000.00"
2020-12-23,2020122303019643,GUFL,56,28,10,199.00,"1,990.00"
2020-12-23,2020122303019809,HIDCL,38,56,68,272.00,"18,496.00"
2020-12-23,2020122303019748,HIDCL,57,28,61,271.00,"16,531.00"
2020-12-23,2020122303019637,HIDCL,57,52,"1,500",271.00,"406,500.00"
2020-12-23,2020122303019636,HIDCL,59,52,500,271.00,"135,500.00"
2020-12-23,2020122303019630,HIDCL,11,38,40,271.00,"10,840.00"
2020-12-23,2020122303019629,HIDCL,58,38,59,271.00,"15,989.00"
2020-12-23,2020122303019393,HIDCL,29,29,38,272.00,"10,336.00"
2020-12-23,2020122303019392,HIDCL,49,29,23,272.00,"6,256.00"
2020-12-23,2020122303019378,HIDCL,21,33,630,273.00,"171,990.00"
2020-12-23,2020122303019377,HIDCL,21,45,100,273.00,"27,300.00"
2020-12-23,2020122303019376,HIDCL,21,58,270,273.00,"73,710.00"
2020-12-23,2020122303019518,HIDCL,42,56,65,272.00,"17,680.00"
2020-12-23,2020122303019515,HIDCL,4,56,88,272.00,"23,936.00"
2020-12-23,2020122303019499,HIDCL,34,56,200,272.00,"54,400.00"
2020-12-23,2020122303019498,HIDCL,49,56,"2,000",272.00,"544,000.00"
2020-12-23,2020122303019497,HIDCL,44,56,"1,000",272.00,"272,000.00"
2020-12-23,2020122303019496,HIDCL,29,56,62,272.00,"16,864.00"
2020-12-23,2020122303019594,ICFC,47,35,"1,000",280.00,"280,000.00"
2020-12-23,2020122303019767,JBBL,1,58,10,231.00,"2,310.00"
2020-12-23,2020122303019752,JBBL,38,29,313,230.00,"71,990.00"
2020-12-23,2020122303019728,JBBL,56,58,50,231.00,"11,550.00"
2020-12-23,2020122303019706,JBBL,38,8,500,230.00,"115,000.00"
2020-12-23,2020122303019669,JBBL,38,51,200,230.00,"46,000.00"
2020-12-23,2020122303019668,JBBL,38,3,500,230.00,"115,000.00"
2020-12-23,2020122303019395,JBBL,38,4,100,230.00,"23,000.00"
2020-12-23,2020122303019342,JBBL,38,32,200,230.00,"46,000.00"
2020-12-23,2020122303019341,JBBL,38,50,70,230.00,"16,100.00"
2020-12-23,2020122303019491,JBBL,38,6,500,230.00,"115,000.00"
2020-12-23,2020122303019490,JBBL,8,6,300,230.00,"69,000.00"
2020-12-23,2020122303019489,JBBL,58,6,500,230.00,"115,000.00"
2020-12-23,2020122303019488,JBBL,43,6,50,230.00,"11,500.00"
2020-12-23,2020122303019487,JBBL,13,6,150,230.00,"34,500.00"
2020-12-23,2020122303019486,JBBL,38,6,"1,375",230.00,"316,250.00"
2020-12-23,2020122303019542,JBBL,38,59,825,230.00,"189,750.00"
2020-12-23,2020122303019541,JBBL,58,59,175,230.00,"40,250.00"
2020-12-23,2020122303019504,JBBL,58,39,25,230.00,"5,750.00"
2020-12-23,2020122303019503,JBBL,1,39,15,230.00,"3,450.00"
2020-12-23,2020122303019493,JBBL,1,6,85,230.00,"19,550.00"
2020-12-23,2020122303019492,JBBL,53,6,40,230.00,"9,200.00"
2020-12-23,2020122303019353,JFL,43,4,211,240.00,"50,640.00"
2020-12-23,2020122303019336,JSLBB,37,32,105,"1,730.00","181,650.00"
2020-12-23,2020122303019423,KRBL,49,26,56,133.00,"7,448.00"
2020-12-23,2020122303019783,KSBBL,50,45,20,220.00,"4,400.00"
2020-12-23,2020122303019452,KSBBL,51,10,470,218.00,"102,460.00"
2020-12-23,2020122303019369,KSBBL,17,10,500,218.00,"109,000.00"
2020-12-23,2020122303019368,KSBBL,7,10,50,218.00,"10,900.00"
2020-12-23,2020122303019367,KSBBL,35,10,"1,000",218.00,"218,000.00"
2020-12-23,2020122303019366,KSBBL,6,10,500,218.00,"109,000.00"
2020-12-23,2020122303019365,KSBBL,50,10,500,218.00,"109,000.00"
2020-12-23,2020122303019727,LBBL,21,42,500,224.00,"112,000.00"
2020-12-23,2020122303019370,LBBL,33,42,400,224.00,"89,600.00"
2020-12-23,2020122303019596,LICN,25,43,10,"2,035.00","20,350.00"
2020-12-23,2020122303019595,LICN,25,25,20,"2,030.00","40,600.00"
2020-12-23,2020122303019742,MDB,43,17,100,388.00,"38,800.00"
