Date,Transact. No.,Symbol,Buyer,Seller,Quantity,Rate,Amount
2019-03-28,2019032801005500,ADBL,34,1,25,294.00,"7,350.00"
2019-03-28,2019032801005435,ADBL,34,42,175,294.00,"51,450.00"
2019-03-28,2019032801005303,ADBL,19,56,27,292.00,"7,884.00"
2019-03-28,2019032801005302,ADBL,47,56,50,292.00,"14,600.00"
2019-03-28,2019032801005273,ADBL,32,33,250,293.00,"73,250.00"
2019-03-28,2019032801005707,AHPC,22,28,"1,770",101.00,"178,770.00"
2019-03-28,2019032801005470,AHPC,22,5,"1,230",101.00,"124,230.00"
2019-03-28,2019032801005469,AHPC,58,5,100,101.00,"10,100.00"
2019-03-28,2019032801005468,AHPC,32,5,200,101.00,"20,200.00"
2019-03-28,2019032801005467,AHPC,42,5,50,101.00,"5,050.00"
2019-03-28,2019032801005466,AHPC,46,5,300,101.00,"30,300.00"
2019-03-28,2019032801005379,AHPC,32,28,300,102.00,"30,600.00"
2019-03-28,2019032801005308,AHPC,45,28,500,102.00,"51,000.00"
2019-03-28,2019032801005221,AHPC,7,28,800,102.00,"81,600.00"
2019-03-28,2019032801005472,AKJCL,48,29,10,81.00,810.00
2019-03-28,2019032801005471,AKJCL,6,29,10,82.00,820.00
2019-03-28,2019032801005295,AKPL,16,32,30,176.00,"5,280.00"
2019-03-28,2019032801005294,AKPL,16,41,10,176.00,"1,760.00"
2019-03-28,2019032801005697,ALBSL,29,56,10,485.00,"4,850.00"
2019-03-28,2019032801005683,ALBSL,29,56,10,485.00,"4,850.00"
2019-03-28,2019032801005681,ALBSL,29,42,10,485.00,"4,850.00"
2019-03-28,2019032801005652,ALBSL,29,58,10,485.00,"4,850.00"
2019-03-28,2019032801005602,ALBSL,29,41,10,485.00,"4,850.00"
2019-03-28,2019032801005592,ALBSL,42,51,10,486.00,"4,860.00"
2019-03-28,2019032801005285,ALBSL,8,41,10,483.00,"4,830.00"
2019-03-28,2019032801005256,ALBSL,52,17,10,485.00,"4,850.00"
2019-03-28,2019032801005231,ALBSL,8,41,10,483.00,"4,830.00"
2019-03-28,2019032801005532,ALBSL,8,7,10,483.00,"4,830.00"
2019-03-28,2019032801005477,ALBSL,8,56,10,483.00,"4,830.00"
2019-03-28,2019032801005393,ALBSL,8,40,10,483.00,"4,830.00"
2019-03-28,2019032801005388,ALBSL,8,18,40,483.00,"19,320.00"
2019-03-28,2019032801005387,ALBSL,8,18,60,483.00,"28,980.00"
2019-03-28,2019032801005380,ALBSL,8,41,10,483.00,"4,830.00"
2019-03-28,2019032801005591,ALBSL,42,51,10,486.00,"4,860.00"
2019-03-28,2019032801005579,ALBSL,29,38,10,485.00,"4,850.00"
2019-03-28,2019032801005553,ALBSL,29,44,10,485.00,"4,850.00"
2019-03-28,2019032801005552,ALBSL,29,44,10,485.00,"4,850.00"
2019-03-28,2019032801005551,ALBSL,29,58,10,485.00,"4,850.00"
2019-03-28,2019032801005550,ALBSL,29,16,10,484.00,"4,840.00"
2019-03-28,2019032801005354,AMFI,45,49,285,649.00,"184,965.00"
2019-03-28,2019032801005353,AMFI,45,49,15,650.00,"9,750.00"
2019-03-28,2019032801005271,AMFI,45,57,45,650.00,"29,250.00"
2019-03-28,2019032801005217,AMFI,45,35,50,660.00,"33,000.00"
2019-03-28,2019032801005216,AMFI,45,38,30,660.00,"19,800.00"
2019-03-28,2019032801005215,AMFI,45,39,10,655.00,"6,550.00"
2019-03-28,2019032801005214,AMFI,45,45,10,655.00,"6,550.00"
2019-03-28,2019032801005213,AMFI,45,19,10,655.00,"6,550.00"
2019-03-28,2019032801005402,API,25,28,50,136.00,"6,800.00"
2019-03-28,2019032801005401,API,25,34,300,135.00,"40,500.00"
2019-03-28,2019032801005616,BHBL,4,32,10,146.00,"1,460.00"
2019-03-28,2019032801005316,BHBL,35,33,80,144.00,"11,520.00"
2019-03-28,2019032801005315,BHBL,59,33,352,144.00,"50,688.00"
2019-03-28,2019032801005664,BOKL,42,1,16,241.00,"3,856.00"
2019-03-28,2019032801005274,BPCL,52,38,10,360.00,"3,600.00"
2019-03-28,2019032801005270,BPCL,56,44,11,358.00,"3,938.00"
2019-03-28,2019032801005615,CBL,51,19,60,155.00,"9,300.00"
2019-03-28,2019032801005614,CBL,43,19,"2,140",155.00,"331,700.00"
2019-03-28,2019032801005612,CBL,43,13,"2,860",155.00,"443,300.00"
2019-03-28,2019032801005611,CBL,58,13,555,155.00,"86,025.00"
2019-03-28,2019032801005595,CBL,45,54,350,156.00,"54,600.00"
2019-03-28,2019032801005580,CBL,58,25,"1,000",155.00,"155,000.00"
2019-03-28,2019032801005523,CBL,58,48,88,155.00,"13,640.00"
2019-03-28,2019032801005706,CCBL,44,58,60,163.00,"9,780.00"
2019-03-28,2019032801005699,CCBL,44,34,50,168.00,"8,400.00"
2019-03-28,2019032801005686,CCBL,44,39,78,171.00,"13,338.00"
2019-03-28,2019032801005685,CCBL,44,25,200,170.00,"34,000.00"
2019-03-28,2019032801005663,CCBL,44,47,200,168.00,"33,600.00"
2019-03-28,2019032801005662,CCBL,44,25,"1,000",168.00,"168,000.00"
2019-03-28,2019032801005625,CCBL,44,21,319,165.00,"52,635.00"
2019-03-28,2019032801005631,CCBL,44,48,700,166.00,"116,200.00"
2019-03-28,2019032801005630,CCBL,44,48,300,166.00,"49,800.00"
2019-03-28,2019032801005629,CCBL,44,43,"1,000",166.00,"166,000.00"
2019-03-28,2019032801005628,CCBL,44,45,"1,000",166.00,"166,000.00"
2019-03-28,2019032801005627,CCBL,44,19,200,166.00,"33,200.00"
2019-03-28,2019032801005626,CCBL,44,41,241,165.00,"39,765.00"
2019-03-28,2019032801005636,CCBL,44,55,10,166.00,"1,660.00"
2019-03-28,2019032801005635,CCBL,44,55,10,166.00,"1,660.00"
2019-03-28,2019032801005634,CCBL,44,45,200,166.00,"33,200.00"
2019-03-28,2019032801005633,CCBL,44,22,100,166.00,"16,600.00"
2019-03-28,2019032801005632,CCBL,44,33,150,166.00,"24,900.00"
2019-03-28,2019032801005661,CCBL,44,25,200,168.00,"33,600.00"
2019-03-28,2019032801005660,CCBL,44,39,300,167.00,"50,100.00"
2019-03-28,2019032801005659,CCBL,44,33,150,167.00,"25,050.00"
2019-03-28,2019032801005658,CCBL,44,26,"2,000",167.00,"334,000.00"
2019-03-28,2019032801005657,CCBL,44,54,100,167.00,"16,700.00"
2019-03-28,2019032801005396,CCBLPO,7,34,"3,150",140.00,"441,000.00"
2019-03-28,2019032801005666,CHCL,40,48,146,503.00,"73,438.00"
2019-03-28,2019032801005557,CHCL,40,32,280,503.00,"140,840.00"
2019-03-28,2019032801005556,CHCL,45,32,20,503.00,"10,060.00"
2019-03-28,2019032801005436,CHCL,45,1,20,503.00,"10,060.00"
2019-03-28,2019032801005266,CHCL,4,44,421,504.00,"212,184.00"
2019-03-28,2019032801005265,CHCL,4,45,24,503.00,"12,072.00"
2019-03-28,2019032801005264,CHCL,4,42,15,503.00,"7,545.00"
2019-03-28,2019032801005698,CHLBS,50,44,10,527.00,"5,270.00"
2019-03-28,2019032801005585,CHLBS,50,58,10,527.00,"5,270.00"
2019-03-28,2019032801005584,CHLBS,6,58,50,527.00,"26,350.00"
2019-03-28,2019032801005583,CHLBS,50,58,30,528.00,"15,840.00"
2019-03-28,2019032801005582,CHLBS,13,58,50,528.00,"26,400.00"
2019-03-28,2019032801005581,CHLBS,32,58,50,529.00,"26,450.00"
2019-03-28,2019032801005228,CHLBS,32,42,10,530.00,"5,300.00"
2019-03-28,2019032801005700,CIT,52,49,80,"2,615.00","209,200.00"
2019-03-28,2019032801005655,CIT,34,25,11,"2,625.00","28,875.00"
2019-03-28,2019032801005542,CIT,52,32,20,"2,615.00","52,300.00"
2019-03-28,2019032801005541,CIT,40,32,30,"2,615.00","78,450.00"
2019-03-28,2019032801005540,CIT,50,32,50,"2,616.00","130,800.00"
2019-03-28,2019032801005452,CIT,16,1,20,"2,618.00","52,360.00"
2019-03-28,2019032801005536,CLBSL,44,5,10,594.00,"5,940.00"
2019-03-28,2019032801005535,CLBSL,44,56,30,592.00,"17,760.00"
2019-03-28,2019032801005519,CLBSL,44,26,16,583.00,"9,328.00"
2019-03-28,2019032801005518,CLBSL,44,53,10,582.00,"5,820.00"
2019-03-28,2019032801005517,CLBSL,44,54,10,578.00,"5,780.00"
2019-03-28,2019032801005288,CZBIL,52,43,22,209.00,"4,598.00"
2019-03-28,2019032801005244,CZBIL,17,43,250,209.00,"52,250.00"
2019-03-28,2019032801005606,DDBL,29,44,22,590.00,"12,980.00"
2019-03-28,2019032801005605,DDBL,29,14,27,590.00,"15,930.00"
2019-03-28,2019032801005604,DDBL,29,39,31,590.00,"18,290.00"
2019-03-28,2019032801005603,DDBL,29,45,100,590.00,"59,000.00"
2019-03-28,2019032801005460,DDBL,6,13,100,588.00,"58,800.00"
2019-03-28,2019032801005412,DDBL,29,35,84,586.00,"49,224.00"
2019-03-28,2019032801005307,DDBL,37,13,100,588.00,"58,800.00"
2019-03-28,2019032801005306,DDBL,37,48,100,587.00,"58,700.00"
2019-03-28,2019032801005637,EBL,11,59,100,558.00,"55,800.00"
2019-03-28,2019032801005502,EBL,14,25,61,557.00,"33,977.00"
2019-03-28,2019032801005454,EBL,19,45,30,557.00,"16,710.00"
2019-03-28,2019032801005453,EBL,19,50,270,557.00,"150,390.00"
2019-03-28,2019032801005422,EBL,40,39,168,556.00,"93,408.00"
2019-03-28,2019032801005613,EIC,42,57,50,854.00,"42,700.00"
2019-03-28,2019032801005565,EIC,38,6,60,850.00,"51,000.00"
2019-03-28,2019032801005522,EIC,38,6,70,850.00,"59,500.00"
2019-03-28,2019032801005521,EIC,38,49,55,849.00,"46,695.00"
2019-03-28,2019032801005230,EIC,35,49,20,849.00,"16,980.00"
2019-03-28,2019032801005544,GBIME,56,49,28,261.00,"7,308.00"
2019-03-28,2019032801005478,GBLBS,46,13,305,446.00,"136,030.00"
2019-03-28,2019032801005414,GBLBS,58,25,10,446.00,"4,460.00"
2019-03-28,2019032801005656,GDBL,58,32,99,185.00,"18,315.00"
2019-03-28,2019032801005392,GDBL,58,55,200,185.00,"37,000.00"
2019-03-28,2019032801005338,GDBL,58,40,399,185.00,"73,815.00"
2019-03-28,2019032801005588,GDBL,58,32,401,185.00,"74,185.00"
2019-03-28,2019032801005645,GUFL,29,42,265,113.00,"29,945.00"
2019-03-28,2019032801005644,GUFL,29,57,280,113.00,"31,640.00"
2019-03-28,2019032801005711,HBL,17,29,200,460.00,"92,000.00"
2019-03-28,2019032801005710,HBL,57,29,17,460.00,"7,820.00"
2019-03-28,2019032801005671,HGI,42,49,366,375.00,"137,250.00"
2019-03-28,2019032801005670,HGI,26,49,34,377.00,"12,818.00"
2019-03-28,2019032801005400,HGI,1,20,34,377.00,"12,818.00"
2019-03-28,2019032801005549,HIDCL,1,48,24,131.00,"3,144.00"
2019-03-28,2019032801005510,HIDCL,1,48,24,131.00,"3,144.00"
2019-03-28,2019032801005461,HIDCL,1,47,56,131.00,"7,336.00"
2019-03-28,2019032801005258,HPPL,35,22,10,183.00,"1,830.00"
2019-03-28,2019032801005491,ICFC,29,57,220,151.00,"33,220.00"
2019-03-28,2019032801005578,IGI,37,11,80,402.00,"32,160.00"
2019-03-28,2019032801005577,IGI,39,11,70,402.00,"28,140.00"
2019-03-28,2019032801005576,IGI,57,11,50,403.00,"20,150.00"
2019-03-28,2019032801005643,JBBL,10,51,73,136.00,"9,928.00"
2019-03-28,2019032801005601,JBBL,10,51,100,136.00,"13,600.00"
2019-03-28,2019032801005495,JBNL,44,32,69,175.00,"12,075.00"
2019-03-28,2019032801005494,JBNL,44,39,231,175.00,"40,425.00"
2019-03-28,2019032801005433,JBNL,36,39,269,175.00,"47,075.00"
2019-03-28,2019032801005432,JBNL,36,6,231,175.00,"40,425.00"
2019-03-28,2019032801005249,JBNL,49,13,500,174.00,"87,000.00"
2019-03-28,2019032801005539,JSLBB,21,50,10,"2,100.00","21,000.00"
2019-03-28,2019032801005498,JSLBB,21,57,10,"2,100.00","21,000.00"
2019-03-28,2019032801005649,JSLBB,34,57,12,"2,100.00","25,200.00"
2019-03-28,2019032801005650,JSLBB,34,50,10,"2,100.00","21,000.00"
2019-03-28,2019032801005705,KBL,4,25,220,238.00,"52,360.00"
2019-03-28,2019032801005704,KBL,4,52,500,238.00,"119,000.00"
2019-03-28,2019032801005703,KBL,4,49,300,238.00,"71,400.00"
2019-03-28,2019032801005408,KMCDB,34,16,40,790.00,"31,600.00"
2019-03-28,2019032801005407,KMCDB,37,16,150,791.00,"118,650.00"
2019-03-28,2019032801005280,KMCDB,35,35,500,800.00,"400,000.00"
2019-03-28,2019032801005665,KPCL,32,44,10,92.00,920.00
2019-03-28,2019032801005638,KPCL,42,44,10,93.00,930.00
2019-03-28,2019032801005599,KPCL,42,44,10,93.00,930.00
2019-03-28,2019032801005509,KPCL,42,29,10,93.00,930.00
2019-03-28,2019032801005451,KSBBL,6,45,100,140.00,"14,000.00"
2019-03-28,2019032801005296,KSBBL,6,48,300,140.00,"42,000.00"
2019-03-28,2019032801005332,LBBL,59,58,200,169.00,"33,800.00"
2019-03-28,2019032801005331,LBBL,55,58,200,169.00,"33,800.00"
2019-03-28,2019032801005330,LBBL,26,58,500,169.00,"84,500.00"
2019-03-28,2019032801005329,LBBL,49,58,50,169.00,"8,450.00"
2019-03-28,2019032801005322,LBBL,14,58,103,169.00,"17,407.00"
2019-03-28,2019032801005328,LBBL,29,58,500,169.00,"84,500.00"
2019-03-28,2019032801005327,LBBL,41,58,"1,000",169.00,"169,000.00"
2019-03-28,2019032801005326,LBBL,21,58,300,169.00,"50,700.00"
2019-03-28,2019032801005325,LBBL,26,58,500,169.00,"84,500.00"
2019-03-28,2019032801005324,LBBL,21,58,500,169.00,"84,500.00"
2019-03-28,2019032801005323,LBBL,21,58,200,169.00,"33,800.00"
2019-03-28,2019032801005647,LBL,41,16,274,192.00,"52,608.00"
2019-03-28,2019032801005646,LBL,32,16,118,192.00,"22,656.00"
2019-03-28,2019032801005610,LBL,32,16,182,192.00,"34,944.00"
2019-03-28,2019032801005609,LBL,32,16,318,192.00,"61,056.00"
2019-03-28,2019032801005262,LBL,16,16,200,193.00,"38,600.00"
2019-03-28,2019032801005692,LGIL,34,48,10,508.00,"5,080.00"
2019-03-28,2019032801005617,LGIL,34,25,100,505.00,"50,500.00"
2019-03-28,2019032801005619,LLBS,50,58,19,760.00,"14,440.00"
2019-03-28,2019032801005269,LLBS,50,45,48,760.00,"36,480.00"
2019-03-28,2019032801005268,LLBS,50,21,48,758.00,"36,384.00"
2019-03-28,2019032801005618,LVF1,56,47,500,9.75,"4,875.00"
2019-03-28,2019032801005499,MBL,54,48,350,221.00,"77,350.00"
2019-03-28,2019032801005497,MDB,17,22,201,231.00,"46,431.00"
2019-03-28,2019032801005654,MEGA,28,47,138,161.00,"22,218.00"
2019-03-28,2019032801005653,MEGA,28,32,362,161.00,"58,282.00"
2019-03-28,2019032801005642,MEGA,20,32,93,161.00,"14,973.00"
2019-03-28,2019032801005594,MEGA,20,32,45,161.00,"7,245.00"
2019-03-28,2019032801005593,MEGA,20,32,48,161.00,"7,728.00"
2019-03-28,2019032801005563,MEGA,41,45,190,160.00,"30,400.00"
2019-03-28,2019032801005283,MEGA,46,47,200,161.00,"32,200.00"
2019-03-28,2019032801005232,MEGA,16,32,109,161.00,"17,549.00"
2019-03-28,2019032801005562,MEGA,41,45,50,160.00,"8,000.00"
2019-03-28,2019032801005561,MEGA,57,45,200,160.00,"32,000.00"
2019-03-28,2019032801005560,MEGA,32,45,252,160.00,"40,320.00"
2019-03-28,2019032801005484,MEGA,36,32,952,161.00,"153,272.00"
2019-03-28,2019032801005483,MEGA,36,47,48,161.00,"7,728.00"
2019-03-28,2019032801005434,MEGA,41,47,200,161.00,"32,200.00"
2019-03-28,2019032801005391,MNBBL,38,1,100,344.00,"34,400.00"
2019-03-28,2019032801005378,MNBBL,38,1,100,344.00,"34,400.00"
2019-03-28,2019032801005257,MNBBL,41,1,73,344.00,"25,112.00"
2019-03-28,2019032801005515,MSLB,58,21,10,"1,269.00","12,690.00"
2019-03-28,2019032801005384,MSLB,19,22,10,"1,269.00","12,690.00"
2019-03-28,2019032801005481,NABIL,16,3,165,714.00,"117,810.00"
2019-03-28,2019032801005480,NABIL,16,1,335,714.00,"239,190.00"
2019-03-28,2019032801005289,NABILP,13,43,100,693.00,"69,300.00"
2019-03-28,2019032801005587,NBB,58,35,283,196.00,"55,468.00"
2019-03-28,2019032801005559,NBB,58,33,"2,000",195.00,"390,000.00"
2019-03-28,2019032801005448,NBB,11,39,500,194.00,"97,000.00"
2019-03-28,2019032801005447,NBB,11,39,500,194.00,"97,000.00"
2019-03-28,2019032801005446,NBB,37,39,400,194.00,"77,600.00"
2019-03-28,2019032801005445,NBB,52,39,100,194.00,"19,400.00"
2019-03-28,2019032801005444,NBB,41,39,92,194.00,"17,848.00"
2019-03-28,2019032801005245,NBBL,35,21,20,605.00,"12,100.00"
2019-03-28,2019032801005558,NBL,22,48,"1,135",289.00,"328,015.00"
2019-03-28,2019032801005318,NBL,25,48,50,289.00,"14,450.00"
2019-03-28,2019032801005291,NBL,22,44,365,288.00,"105,120.00"
2019-03-28,2019032801005290,NBL,29,44,15,288.00,"4,320.00"
2019-03-28,2019032801005240,NBL,29,33,185,288.00,"53,280.00"
2019-03-28,2019032801005239,NBL,57,33,100,288.00,"28,800.00"
2019-03-28,2019032801005238,NBL,33,33,200,288.00,"57,600.00"
2019-03-28,2019032801005237,NBL,17,33,"1,515",288.00,"436,320.00"
2019-03-28,2019032801005709,NCCB,33,44,40,213.00,"8,520.00"
2019-03-28,2019032801005708,NCCB,33,58,960,212.00,"203,520.00"
2019-03-28,2019032801005531,NCCB,17,58,500,212.00,"106,000.00"
2019-03-28,2019032801005489,NCCB,4,58,500,212.00,"106,000.00"
2019-03-28,2019032801005679,NHPC,58,37,10,72.00,720.00
2019-03-28,2019032801005252,NHPC,58,37,445,72.00,"32,040.00"
2019-03-28,2019032801005496,NIB,19,42,67,530.00,"35,510.00"
2019-03-28,2019032801005349,NIB,20,42,233,530.00,"123,490.00"
2019-03-28,2019032801005348,NIB,20,19,230,530.00,"121,900.00"
2019-03-28,2019032801005347,NIB,20,49,37,529.00,"19,573.00"
2019-03-28,2019032801005309,NIB,1,44,100,528.00,"52,800.00"
2019-03-28,2019032801005286,NIB,1,42,50,528.00,"26,400.00"
2019-03-28,2019032801005272,NIB,6,49,38,529.00,"20,102.00"
2019-03-28,2019032801005267,NIB,1,42,37,528.00,"19,536.00"
2019-03-28,2019032801005247,NIB,49,49,25,529.00,"13,225.00"
2019-03-28,2019032801005234,NIB,1,42,37,528.00,"19,536.00"
2019-03-28,2019032801005680,NIBPO,42,53,100,492.00,"49,200.00"
2019-03-28,2019032801005356,NIBPO,40,11,50,491.00,"24,550.00"
2019-03-28,2019032801005355,NIBPO,40,53,100,491.00,"49,100.00"
2019-03-28,2019032801005688,NICA,49,38,100,398.00,"39,800.00"
2019-03-28,2019032801005543,NICA,52,6,174,396.00,"68,904.00"
2019-03-28,2019032801005530,NICA,52,6,282,396.00,"111,672.00"
2019-03-28,2019032801005529,NICA,49,6,100,396.00,"39,600.00"
2019-03-28,2019032801005528,NICA,40,6,150,396.00,"59,400.00"
2019-03-28,2019032801005527,NICA,22,6,150,397.00,"59,550.00"
2019-03-28,2019032801005313,NICA,28,48,72,397.00,"28,584.00"
2019-03-28,2019032801005312,NICA,45,48,200,397.00,"79,400.00"
2019-03-28,2019032801005311,NICA,57,48,100,397.00,"39,700.00"
2019-03-28,2019032801005310,NICA,58,48,107,397.00,"42,479.00"
2019-03-28,2019032801005243,NICA,58,46,106,397.00,"42,082.00"
2019-03-28,2019032801005526,NICA,51,6,200,397.00,"79,400.00"
2019-03-28,2019032801005525,NICA,1,6,200,397.00,"79,400.00"
2019-03-28,2019032801005524,NICA,28,6,168,397.00,"66,696.00"
2019-03-28,2019032801005465,NICA,44,38,161,398.00,"64,078.00"
2019-03-28,2019032801005415,NICA,6,38,50,398.00,"19,900.00"
2019-03-28,2019032801005317,NICA,28,17,60,397.00,"23,820.00"
2019-03-28,2019032801005493,NICGF,55,21,300,9.05,"2,715.00"
2019-03-28,2019032801005377,NICGF,55,19,300,9.05,"2,715.00"
2019-03-28,2019032801005417,NICL,45,42,50,371.00,"18,550.00"
2019-03-28,2019032801005395,NICL,44,48,130,370.00,"48,100.00"
2019-03-28,2019032801005394,NICL,19,48,105,370.00,"38,850.00"
2019-03-28,2019032801005219,NICL,45,42,50,371.00,"18,550.00"
2019-03-28,2019032801005374,NLG,37,25,87,794.00,"69,078.00"
2019-03-28,2019032801005373,NLG,19,25,100,795.00,"79,500.00"
2019-03-28,2019032801005372,NLG,6,25,32,795.00,"25,440.00"
2019-03-28,2019032801005371,NLG,41,25,50,796.00,"39,800.00"
2019-03-28,2019032801005370,NLG,41,25,11,797.00,"8,767.00"
2019-03-28,2019032801005687,NLIC,54,46,100,"1,099.00","109,900.00"
2019-03-28,2019032801005672,NLIC,45,28,10,"1,100.00","11,000.00"
2019-03-28,2019032801005669,NLIC,42,28,83,"1,100.00","91,300.00"
2019-03-28,2019032801005668,NLIC,41,28,12,"1,101.00","13,212.00"
2019-03-28,2019032801005667,NLIC,51,28,15,"1,101.00","16,515.00"
2019-03-28,2019032801005651,NLIC,51,29,18,"1,101.00","19,818.00"
2019-03-28,2019032801005299,NLIC,16,38,16,"1,100.00","17,600.00"
2019-03-28,2019032801005277,NLIC,16,10,17,"1,100.00","18,700.00"
2019-03-28,2019032801005251,NLIC,16,10,17,"1,100.00","18,700.00"
2019-03-28,2019032801005570,NLIC,51,19,17,"1,101.00","18,717.00"
2019-03-28,2019032801005555,NLIC,44,19,183,"1,101.00","201,483.00"
2019-03-28,2019032801005554,NLIC,44,13,17,"1,100.00","18,700.00"
2019-03-28,2019032801005485,NLIC,54,58,17,"1,099.00","18,683.00"
2019-03-28,2019032801005314,NLIC,10,17,20,"1,101.00","22,020.00"
2019-03-28,2019032801005300,NLIC,54,38,84,"1,099.00","92,316.00"
2019-03-28,2019032801005423,NLICL,6,54,300,582.00,"174,600.00"
2019-03-28,2019032801005416,NLICL,6,58,200,581.00,"116,200.00"
2019-03-28,2019032801005411,NLICL,13,44,66,579.00,"38,214.00"
2019-03-28,2019032801005410,NLICL,33,44,18,579.00,"10,422.00"
2019-03-28,2019032801005678,NMB,38,19,76,327.00,"24,852.00"
2019-03-28,2019032801005677,NMB,38,59,60,327.00,"19,620.00"
2019-03-28,2019032801005676,NMB,38,59,60,327.00,"19,620.00"
2019-03-28,2019032801005675,NMB,38,26,100,327.00,"32,700.00"
2019-03-28,2019032801005674,NMB,38,55,100,327.00,"32,700.00"
2019-03-28,2019032801005673,NMB,38,1,104,327.00,"34,008.00"
2019-03-28,2019032801005488,NMB,58,1,10,327.00,"3,270.00"
2019-03-28,2019032801005233,NMB,52,52,342,326.00,"111,492.00"
2019-03-28,2019032801005225,NMB,11,42,12,325.00,"3,900.00"
2019-03-28,2019032801005537,NMBSF1,56,47,"9,000",10.25,"92,250.00"
2019-03-28,2019032801005492,NMFBS,33,14,10,"1,610.00","16,100.00"
2019-03-28,2019032801005218,NMFBS,45,41,15,"1,579.00","23,685.00"
2019-03-28,2019032801005409,NSEWA,17,54,50,510.00,"25,500.00"
2019-03-28,2019032801005281,NSEWA,11,22,10,520.00,"5,200.00"
2019-03-28,2019032801005222,NTC,4,55,90,678.00,"61,020.00"
2019-03-28,2019032801005293,NTC,58,25,10,685.00,"6,850.00"
2019-03-28,2019032801005292,NTC,58,42,20,683.00,"13,660.00"
2019-03-28,2019032801005235,NTC,4,38,80,680.00,"54,400.00"
2019-03-28,2019032801005224,NTC,4,38,110,680.00,"74,800.00"
2019-03-28,2019032801005223,NTC,4,42,100,680.00,"68,000.00"
2019-03-28,2019032801005696,NUBL,34,5,125,730.00,"91,250.00"
2019-03-28,2019032801005695,NUBL,42,5,20,731.00,"14,620.00"
2019-03-28,2019032801005694,NUBL,14,5,100,731.00,"73,100.00"
2019-03-28,2019032801005693,NUBL,6,5,96,732.00,"70,272.00"
2019-03-28,2019032801005586,NUBL,42,1,50,743.00,"37,150.00"
2019-03-28,2019032801005248,OHL,45,32,150,430.00,"64,500.00"
2019-03-28,2019032801005301,OHL,45,1,30,430.00,"12,900.00"
2019-03-28,2019032801005600,OHL,42,44,10,436.00,"4,360.00"
2019-03-28,2019032801005573,OHL,44,43,425,434.00,"184,450.00"
2019-03-28,2019032801005572,OHL,44,14,34,433.00,"14,722.00"
2019-03-28,2019032801005574,PIC,25,58,100,"1,019.00","101,900.00"
2019-03-28,2019032801005512,PIC,48,5,54,"1,016.00","54,864.00"
2019-03-28,2019032801005511,PIC,53,5,10,"1,017.00","10,170.00"
2019-03-28,2019032801005246,PIC,48,42,11,"1,016.00","11,176.00"
2019-03-28,2019032801005640,PICL,6,53,200,671.00,"134,200.00"
2019-03-28,2019032801005639,PICL,21,53,100,672.00,"67,200.00"
2019-03-28,2019032801005459,PLIC,20,28,200,453.00,"90,600.00"
2019-03-28,2019032801005458,PLIC,20,39,100,453.00,"45,300.00"
2019-03-28,2019032801005457,PLIC,20,22,300,453.00,"135,900.00"
2019-03-28,2019032801005456,PLIC,20,25,200,452.00,"90,400.00"
2019-03-28,2019032801005455,PLIC,20,53,100,451.00,"45,100.00"
2019-03-28,2019032801005439,PLIC,20,34,100,450.00,"45,000.00"
2019-03-28,2019032801005386,PLIC,34,44,150,443.00,"66,450.00"
2019-03-28,2019032801005357,PLIC,17,44,140,443.00,"62,020.00"
2019-03-28,2019032801005255,PLIC,42,56,50,450.00,"22,500.00"
2019-03-28,2019032801005254,PLIC,42,51,100,449.00,"44,900.00"
2019-03-28,2019032801005253,PLIC,42,54,50,448.00,"22,400.00"
2019-03-28,2019032801005575,PMHPL,32,44,10,113.00,"1,130.00"
2019-03-28,2019032801005564,PMHPL,32,44,10,113.00,"1,130.00"
2019-03-28,2019032801005538,PMHPL,32,44,10,113.00,"1,130.00"
2019-03-28,2019032801005513,PMHPL,32,44,10,113.00,"1,130.00"
2019-03-28,2019032801005624,PRIN,50,5,107,407.00,"43,549.00"
2019-03-28,2019032801005569,PRIN,49,5,102,407.00,"41,514.00"
2019-03-28,2019032801005690,PRVU,43,8,500,236.00,"118,000.00"
2019-03-28,2019032801005689,PRVU,43,8,"1,000",236.00,"236,000.00"
2019-03-28,2019032801005623,PRVU,35,28,"4,360",235.00,"1,024,600.00"
2019-03-28,2019032801005622,PRVU,49,28,200,235.00,"47,000.00"
2019-03-28,2019032801005621,PRVU,42,28,30,235.00,"7,050.00"
2019-03-28,2019032801005279,PRVU,39,29,300,236.00,"70,800.00"
2019-03-28,2019032801005250,PRVU,49,29,200,236.00,"47,200.00"
2019-03-28,2019032801005503,PRVU,58,36,167,236.00,"39,412.00"
2019-03-28,2019032801005398,PRVU,38,1,90,235.00,"21,150.00"
2019-03-28,2019032801005397,PRVU,25,1,910,235.00,"213,850.00"
2019-03-28,2019032801005620,PRVU,38,28,410,235.00,"96,350.00"
2019-03-28,2019032801005504,PRVU,58,8,"1,000",236.00,"236,000.00"
2019-03-28,2019032801005648,RADHI,50,29,18,178.00,"3,204.00"
2019-03-28,2019032801005358,RADHI,50,1,11,175.00,"1,925.00"
2019-03-28,2019032801005344,RADHI,50,22,62,172.00,"10,664.00"
2019-03-28,2019032801005343,RADHI,50,58,11,172.00,"1,892.00"
2019-03-28,2019032801005342,RADHI,50,58,11,172.00,"1,892.00"
2019-03-28,2019032801005341,RADHI,50,58,11,172.00,"1,892.00"
2019-03-28,2019032801005340,RADHI,50,46,11,172.00,"1,892.00"
2019-03-28,2019032801005339,RADHI,50,17,24,172.00,"4,128.00"
2019-03-28,2019032801005263,RHPC,46,41,39,96.00,"3,744.00"
2019-03-28,2019032801005352,RLFL,33,45,10,118.00,"1,180.00"
2019-03-28,2019032801005533,RSDC,39,53,40,369.00,"14,760.00"
2019-03-28,2019032801005449,SAEF,43,21,300,9.07,"2,721.00"
2019-03-28,2019032801005282,SANIMA,17,19,100,300.00,"30,000.00"
2019-03-28,2019032801005220,SANIMA,17,41,70,300.00,"21,000.00"
2019-03-28,2019032801005337,SBL,7,48,73,286.00,"20,878.00"
2019-03-28,2019032801005336,SBL,44,48,88,288.00,"25,344.00"
2019-03-28,2019032801005641,SCB,40,45,40,568.00,"22,720.00"
2019-03-28,2019032801005463,SCB,49,58,72,570.00,"41,040.00"
2019-03-28,2019032801005462,SCB,49,33,28,569.00,"15,932.00"
2019-03-28,2019032801005375,SCB,40,43,159,568.00,"90,312.00"
2019-03-28,2019032801005320,SCB,40,44,20,568.00,"11,360.00"
2019-03-28,2019032801005534,SDESI,16,45,10,548.00,"5,480.00"
2019-03-28,2019032801005520,SDESI,16,32,50,540.00,"27,000.00"
2019-03-28,2019032801005476,SDESI,49,32,100,538.00,"53,800.00"
2019-03-28,2019032801005475,SDESI,34,32,100,540.00,"54,000.00"
2019-03-28,2019032801005474,SDESI,28,32,100,540.00,"54,000.00"
2019-03-28,2019032801005473,SDESI,33,32,50,540.00,"27,000.00"
2019-03-28,2019032801005425,SDESI,14,16,20,544.00,"10,880.00"
2019-03-28,2019032801005424,SDESI,34,16,23,545.00,"12,535.00"
2019-03-28,2019032801005450,SDESI,16,16,51,541.00,"27,591.00"
2019-03-28,2019032801005430,SDESI,29,16,150,541.00,"81,150.00"
2019-03-28,2019032801005429,SDESI,34,16,50,542.00,"27,100.00"
2019-03-28,2019032801005428,SDESI,8,16,100,543.00,"54,300.00"
2019-03-28,2019032801005427,SDESI,10,16,50,544.00,"27,200.00"
2019-03-28,2019032801005426,SDESI,38,16,33,544.00,"17,952.00"
2019-03-28,2019032801005490,SFFIL,58,22,100,219.00,"21,900.00"
2019-03-28,2019032801005702,SHIVM,58,34,50,333.00,"16,650.00"
2019-03-28,2019032801005701,SHIVM,47,34,50,333.00,"16,650.00"
2019-03-28,2019032801005682,SHIVM,57,16,30,334.00,"10,020.00"
2019-03-28,2019032801005608,SHIVM,39,41,400,333.00,"133,200.00"
2019-03-28,2019032801005607,SHIVM,39,41,100,334.00,"33,400.00"
2019-03-28,2019032801005596,SHIVM,39,16,60,333.00,"19,980.00"
2019-03-28,2019032801005345,SHIVM,39,25,400,334.00,"133,600.00"
2019-03-28,2019032801005298,SHIVM,16,34,320,334.00,"106,880.00"
2019-03-28,2019032801005297,SHIVM,16,47,50,334.00,"16,700.00"
2019-03-28,2019032801005363,SHIVM,39,35,50,335.00,"16,750.00"
2019-03-28,2019032801005362,SHIVM,39,17,100,335.00,"33,500.00"
2019-03-28,2019032801005361,SHIVM,39,45,300,335.00,"100,500.00"
2019-03-28,2019032801005360,SHIVM,39,45,567,335.00,"189,945.00"
2019-03-28,2019032801005359,SHIVM,39,50,20,335.00,"6,700.00"
2019-03-28,2019032801005346,SHIVM,39,34,180,334.00,"60,120.00"
2019-03-28,2019032801005369,SHIVM,39,57,33,335.00,"11,055.00"
2019-03-28,2019032801005368,SHIVM,39,57,50,335.00,"16,750.00"
2019-03-28,2019032801005367,SHIVM,39,1,100,335.00,"33,500.00"
2019-03-28,2019032801005366,SHIVM,39,1,100,335.00,"33,500.00"
2019-03-28,2019032801005365,SHIVM,39,8,50,335.00,"16,750.00"
2019-03-28,2019032801005364,SHIVM,39,8,50,335.00,"16,750.00"
2019-03-28,2019032801005443,SHIVM,39,16,60,334.00,"20,040.00"
2019-03-28,2019032801005442,SHIVM,39,16,60,334.00,"20,040.00"
2019-03-28,2019032801005421,SHIVM,39,18,50,333.00,"16,650.00"
2019-03-28,2019032801005418,SHIVM,39,16,60,333.00,"19,980.00"
2019-03-28,2019032801005403,SHIVM,39,18,50,333.00,"16,650.00"
2019-03-28,2019032801005385,SHIVM,39,18,380,333.00,"126,540.00"
2019-03-28,2019032801005242,SHL,57,25,100,204.00,"20,400.00"
2019-03-28,2019032801005241,SHL,42,25,200,204.00,"40,800.00"
2019-03-28,2019032801005545,SHPC,7,46,"1,500",225.00,"337,500.00"
2019-03-28,2019032801005516,SHPC,25,46,500,225.00,"112,500.00"
2019-03-28,2019032801005321,SHPC,41,46,"1,000",225.00,"225,000.00"
2019-03-28,2019032801005548,SIC,40,5,77,"1,281.00","98,637.00"
2019-03-28,2019032801005547,SIC,38,5,20,"1,285.00","25,700.00"
2019-03-28,2019032801005546,SIC,45,5,50,"1,291.00","64,550.00"
2019-03-28,2019032801005508,SIC,20,5,38,"1,300.00","49,400.00"
2019-03-28,2019032801005507,SIC,20,5,104,"1,300.00","135,200.00"
2019-03-28,2019032801005506,SIC,20,34,26,"1,299.00","33,774.00"
2019-03-28,2019032801005598,SICL,17,34,40,880.00,"35,200.00"
2019-03-28,2019032801005597,SICL,17,40,10,880.00,"8,800.00"
2019-03-28,2019032801005482,SICL,49,22,100,877.00,"87,700.00"
2019-03-28,2019032801005684,SIL,25,29,43,598.00,"25,714.00"
2019-03-28,2019032801005420,SIL,46,44,136,600.00,"81,600.00"
2019-03-28,2019032801005419,SIL,46,37,64,600.00,"38,400.00"
2019-03-28,2019032801005691,SKBBL,14,41,10,860.00,"8,600.00"
2019-03-28,2019032801005590,SKBBL,6,14,127,855.00,"108,585.00"
2019-03-28,2019032801005589,SKBBL,29,14,114,859.00,"97,926.00"
2019-03-28,2019032801005571,SKBBL,29,22,21,859.00,"18,039.00"
2019-03-28,2019032801005431,SKBBL,29,35,60,857.00,"51,420.00"
2019-03-28,2019032801005276,SKBBL,29,33,305,856.00,"261,080.00"
2019-03-28,2019032801005275,SKBBL,40,33,195,856.00,"166,920.00"
2019-03-28,2019032801005514,SLBSL,45,7,230,700.00,"161,000.00"
2019-03-28,2019032801005501,SLBSL,45,53,10,700.00,"7,000.00"
2019-03-28,2019032801005335,SLBSL,45,32,220,700.00,"154,000.00"
2019-03-28,2019032801005334,SLBSL,6,32,100,701.00,"70,100.00"
2019-03-28,2019032801005333,SLBSL,59,32,10,701.00,"7,010.00"
2019-03-28,2019032801005229,SLBSL,43,36,60,702.00,"42,120.00"
2019-03-28,2019032801005568,SLICL,34,42,43,524.00,"22,532.00"
2019-03-28,2019032801005383,SMATA,28,32,100,"1,245.00","124,500.00"
2019-03-28,2019032801005382,SMATA,58,32,20,"1,246.00","24,920.00"
2019-03-28,2019032801005381,SMATA,16,32,10,"1,258.00","12,580.00"
2019-03-28,2019032801005505,SMFDB,32,32,60,610.00,"36,600.00"
2019-03-28,2019032801005260,SRBL,48,48,"5,403",216.00,"1,167,048.00"
2019-03-28,2019032801005259,SRBL,54,48,400,216.00,"86,400.00"
2019-03-28,2019032801005284,UNL,3,3,10,"19,379.00","193,790.00"
2019-03-28,2019032801005712,UPPER,49,35,10,240.00,"2,400.00"
2019-03-28,2019032801005226,UPPER,45,44,50,239.00,"11,950.00"
2019-03-28,2019032801005304,UPPER,45,44,10,239.00,"2,390.00"
2019-03-28,2019032801005287,UPPER,45,44,50,239.00,"11,950.00"
2019-03-28,2019032801005278,UPPER,45,44,40,239.00,"9,560.00"
2019-03-28,2019032801005261,UPPER,45,44,40,239.00,"9,560.00"
2019-03-28,2019032801005236,UPPER,45,44,40,239.00,"9,560.00"
2019-03-28,2019032801005227,UPPER,45,46,50,239.00,"11,950.00"
2019-03-28,2019032801005389,UPPER,57,44,35,239.00,"8,365.00"
2019-03-28,2019032801005376,UPPER,57,44,50,239.00,"11,950.00"
2019-03-28,2019032801005351,UPPER,57,44,15,239.00,"3,585.00"
2019-03-28,2019032801005350,UPPER,45,44,35,239.00,"8,365.00"
2019-03-28,2019032801005319,UPPER,45,44,50,239.00,"11,950.00"
2019-03-28,2019032801005305,UPPER,45,44,40,239.00,"9,560.00"
2019-03-28,2019032801005413,UPPER,48,44,40,239.00,"9,560.00"
2019-03-28,2019032801005406,UPPER,29,59,20,240.00,"4,800.00"
2019-03-28,2019032801005405,UPPER,29,59,40,240.00,"9,600.00"
2019-03-28,2019032801005404,UPPER,29,34,40,240.00,"9,600.00"
2019-03-28,2019032801005399,UPPER,48,44,40,239.00,"9,560.00"
2019-03-28,2019032801005390,UPPER,48,44,15,239.00,"3,585.00"
2019-03-28,2019032801005479,UPPER,46,45,50,239.00,"11,950.00"
2019-03-28,2019032801005464,UPPER,46,44,40,239.00,"9,560.00"
2019-03-28,2019032801005441,UPPER,46,4,24,239.00,"5,736.00"
2019-03-28,2019032801005440,UPPER,42,4,26,239.00,"6,214.00"
2019-03-28,2019032801005438,UPPER,48,44,5,239.00,"1,195.00"
2019-03-28,2019032801005437,UPPER,48,44,50,239.00,"11,950.00"
2019-03-28,2019032801005567,UPPER,38,35,60,239.00,"14,340.00"
2019-03-28,2019032801005566,UPPER,46,35,86,239.00,"20,554.00"
2019-03-28,2019032801005487,UPPER,1,35,160,240.00,"38,400.00"
2019-03-28,2019032801005486,UPPER,1,59,20,240.00,"4,800.00"
2019-03-28,2019032801005115,ADBL,56,33,50,293.00,"14,650.00"
2019-03-28,2019032801005114,ADBL,52,33,500,293.00,"146,500.00"
2019-03-28,2019032801005113,ADBL,48,33,100,293.00,"29,300.00"
2019-03-28,2019032801005112,ADBL,49,33,100,293.00,"29,300.00"
2019-03-28,2019032801004860,AHPC,1,28,200,102.00,"20,400.00"
2019-03-28,2019032801004773,AHPC,38,5,100,103.00,"10,300.00"
2019-03-28,2019032801005160,ALBSL,20,17,10,485.00,"4,850.00"
2019-03-28,2019032801005140,ALBSL,42,36,10,484.00,"4,840.00"
2019-03-28,2019032801005132,ALBSL,42,44,10,484.00,"4,840.00"
2019-03-28,2019032801005097,ALBSL,42,6,10,484.00,"4,840.00"
2019-03-28,2019032801005091,ALBSL,42,36,10,484.00,"4,840.00"
2019-03-28,2019032801005075,ALBSL,42,44,10,484.00,"4,840.00"
2019-03-28,2019032801004721,ALBSL,42,42,10,484.00,"4,840.00"
2019-03-28,2019032801004720,ALBSL,42,42,10,484.00,"4,840.00"
2019-03-28,2019032801004719,ALBSL,57,21,10,483.00,"4,830.00"
2019-03-28,2019032801004870,ALBSL,48,10,10,483.00,"4,830.00"
2019-03-28,2019032801004868,ALBSL,5,29,10,483.00,"4,830.00"
2019-03-28,2019032801004799,ALBSL,5,44,10,483.00,"4,830.00"
2019-03-28,2019032801004772,ALBSL,5,44,10,483.00,"4,830.00"
2019-03-28,2019032801004750,ALBSL,5,21,10,483.00,"4,830.00"
2019-03-28,2019032801004728,ALBSL,5,21,10,483.00,"4,830.00"
2019-03-28,2019032801004996,ALBSL,42,49,10,484.00,"4,840.00"
2019-03-28,2019032801004994,ALBSL,42,56,10,484.00,"4,840.00"
2019-03-28,2019032801004988,ALBSL,42,36,10,484.00,"4,840.00"
2019-03-28,2019032801004904,ALBSL,42,44,10,484.00,"4,840.00"
2019-03-28,2019032801004902,ALBSL,42,7,10,484.00,"4,840.00"
2019-03-28,2019032801004885,ALBSL,8,10,10,483.00,"4,830.00"
2019-03-28,2019032801005111,ALICL,16,52,300,390.00,"117,000.00"
2019-03-28,2019032801004879,ALICL,16,33,50,390.00,"19,500.00"
2019-03-28,2019032801004878,ALICL,16,33,100,390.00,"39,000.00"
2019-03-28,2019032801004877,ALICL,16,50,20,390.00,"7,800.00"
2019-03-28,2019032801004876,ALICL,16,6,26,389.00,"10,114.00"
2019-03-28,2019032801004821,ALICL,37,6,10,389.00,"3,890.00"
2019-03-28,2019032801005212,AMFI,45,47,10,654.00,"6,540.00"
2019-03-28,2019032801005211,AMFI,45,17,10,654.00,"6,540.00"
2019-03-28,2019032801005210,AMFI,45,14,10,650.00,"6,500.00"
2019-03-28,2019032801005110,AMFI,45,32,15,649.00,"9,735.00"
2019-03-28,2019032801005042,AMFI,45,11,30,649.00,"19,470.00"
2019-03-28,2019032801004954,AMFI,45,14,10,649.00,"6,490.00"
2019-03-28,2019032801004913,AMFI,45,14,10,649.00,"6,490.00"
2019-03-28,2019032801004922,API,25,34,100,135.00,"13,500.00"
2019-03-28,2019032801004900,API,44,49,11,134.00,"1,474.00"
2019-03-28,2019032801004842,API,44,25,348,134.00,"46,632.00"
2019-03-28,2019032801004841,API,56,25,100,134.00,"13,400.00"
2019-03-28,2019032801004840,API,56,25,100,134.00,"13,400.00"
2019-03-28,2019032801004839,API,34,25,452,134.00,"60,568.00"
2019-03-28,2019032801004744,API,25,34,100,135.00,"13,500.00"
2019-03-28,2019032801005209,BOKL,33,49,500,241.00,"120,500.00"
2019-03-28,2019032801005208,BOKL,44,49,100,241.00,"24,100.00"
2019-03-28,2019032801005207,BOKL,44,49,"1,000",241.00,"241,000.00"
2019-03-28,2019032801005206,BOKL,57,49,100,241.00,"24,100.00"
2019-03-28,2019032801005205,BOKL,16,49,500,241.00,"120,500.00"
2019-03-28,2019032801005204,BOKL,21,49,30,241.00,"7,230.00"
2019-03-28,2019032801005203,BOKL,54,49,177,241.00,"42,657.00"
2019-03-28,2019032801005202,BOKL,45,49,129,241.00,"31,089.00"
2019-03-28,2019032801005017,BOKL,58,49,"20,000",240.00,"4,800,000.00"
2019-03-28,2019032801004888,BOKL,16,1,100,242.00,"24,200.00"
2019-03-28,2019032801004875,BOKL,18,42,16,243.00,"3,888.00"
2019-03-28,2019032801004732,BOKL,45,45,50,241.00,"12,050.00"
2019-03-28,2019032801005172,BPCL,56,44,11,358.00,"3,938.00"
2019-03-28,2019032801005125,BPCL,56,44,11,358.00,"3,938.00"
2019-03-28,2019032801005095,BPCL,56,44,11,358.00,"3,938.00"
2019-03-28,2019032801005065,BPCL,56,44,11,358.00,"3,938.00"
2019-03-28,2019032801005011,BPCL,56,44,11,358.00,"3,938.00"
2019-03-28,2019032801004916,BPCL,56,44,11,358.00,"3,938.00"
2019-03-28,2019032801004863,BPCL,37,44,11,358.00,"3,938.00"
2019-03-28,2019032801004848,BPCL,37,44,11,358.00,"3,938.00"
2019-03-28,2019032801005120,CBBL,16,48,100,885.00,"88,500.00"
2019-03-28,2019032801005119,CBBL,16,16,100,885.00,"88,500.00"
2019-03-28,2019032801005118,CBBL,16,42,20,885.00,"17,700.00"
2019-03-28,2019032801005117,CBBL,16,44,802,885.00,"709,770.00"
2019-03-28,2019032801004969,CBBL,41,26,14,881.00,"12,334.00"
2019-03-28,2019032801004968,CBBL,54,26,21,883.00,"18,543.00"
2019-03-28,2019032801004893,CBBL,34,44,50,885.00,"44,250.00"
2019-03-28,2019032801004818,CCBL,44,47,900,165.00,"148,500.00"
2019-03-28,2019032801004817,CCBL,44,41,38,165.00,"6,270.00"
2019-03-28,2019032801004816,CCBL,44,21,60,165.00,"9,900.00"
2019-03-28,2019032801004815,CCBL,44,51,100,165.00,"16,500.00"
2019-03-28,2019032801004814,CCBL,44,32,198,165.00,"32,670.00"
2019-03-28,2019032801004813,CCBL,44,48,500,165.00,"82,500.00"
2019-03-28,2019032801004812,CCBL,44,45,87,165.00,"14,355.00"
2019-03-28,2019032801004811,CCBL,44,45,633,164.00,"103,812.00"
2019-03-28,2019032801005092,CFCL,53,33,59,106.00,"6,254.00"
2019-03-28,2019032801004845,CFCL,29,33,500,106.00,"53,000.00"
2019-03-28,2019032801004844,CFCL,17,33,100,106.00,"10,600.00"
2019-03-28,2019032801004843,CFCL,32,33,251,106.00,"26,606.00"
2019-03-28,2019032801005130,CHCL,1,35,100,502.00,"50,200.00"
2019-03-28,2019032801004758,CHCL,20,49,250,503.00,"125,750.00"
2019-03-28,2019032801005040,CHLBS,50,36,10,528.00,"5,280.00"
2019-03-28,2019032801005025,CHLBS,32,36,10,529.00,"5,290.00"
2019-03-28,2019032801005024,CHLBS,32,44,10,529.00,"5,290.00"
2019-03-28,2019032801004978,CHLBS,50,32,10,528.00,"5,280.00"
2019-03-28,2019032801004847,CHLBS,14,10,10,529.00,"5,290.00"
2019-03-28,2019032801004823,CHLBS,14,10,10,529.00,"5,290.00"
2019-03-28,2019032801004809,CHLBS,14,10,10,529.00,"5,290.00"
2019-03-28,2019032801004791,CHLBS,14,10,30,529.00,"15,870.00"
2019-03-28,2019032801004775,CHLBS,14,29,10,529.00,"5,290.00"
2019-03-28,2019032801004738,CHLBS,14,29,10,529.00,"5,290.00"
2019-03-28,2019032801004725,CHLBS,14,56,10,529.00,"5,290.00"
2019-03-28,2019032801004716,CHLBS,14,56,10,529.00,"5,290.00"
2019-03-28,2019032801005197,CZBIL,13,43,10,209.00,"2,090.00"
2019-03-28,2019032801005145,CZBIL,33,33,969,208.00,"201,552.00"
2019-03-28,2019032801005144,CZBIL,25,33,231,208.00,"48,048.00"
2019-03-28,2019032801004976,CZBIL,25,45,259,208.00,"53,872.00"
2019-03-28,2019032801004970,CZBIL,25,14,10,208.00,"2,080.00"
2019-03-28,2019032801004782,CZBIL,25,14,189,208.00,"39,312.00"
2019-03-28,2019032801004742,CZBIL,45,14,200,208.00,"41,600.00"
2019-03-28,2019032801004736,CZBIL,25,14,500,208.00,"104,000.00"
2019-03-28,2019032801005045,DBBL,46,45,500,125.00,"62,500.00"
2019-03-28,2019032801005174,DDBL,29,50,194,586.00,"113,684.00"
2019-03-28,2019032801005082,EBL,40,45,50,556.00,"27,800.00"
2019-03-28,2019032801005063,EBL,14,50,330,557.00,"183,810.00"
2019-03-28,2019032801005062,EBL,14,34,70,557.00,"38,990.00"
2019-03-28,2019032801005058,EBL,51,34,30,557.00,"16,710.00"
2019-03-28,2019032801005057,EBL,51,44,150,557.00,"83,550.00"
2019-03-28,2019032801004872,EBL,40,48,178,556.00,"98,968.00"
2019-03-28,2019032801004727,EBL,46,44,10,557.00,"5,570.00"
2019-03-28,2019032801005108,EIC,45,49,25,849.00,"21,225.00"
2019-03-28,2019032801004849,EIC,29,42,20,848.00,"16,960.00"
2019-03-28,2019032801004718,EIC,19,6,100,847.00,"84,700.00"
2019-03-28,2019032801005121,FMDBL,42,55,50,365.00,"18,250.00"
2019-03-28,2019032801005056,GBBL,58,14,300,189.00,"56,700.00"
2019-03-28,2019032801005157,GBIME,46,58,50,262.00,"13,100.00"
2019-03-28,2019032801005126,GBIME,46,45,250,262.00,"65,500.00"
2019-03-28,2019032801004856,GBIME,25,10,596,260.00,"154,960.00"
2019-03-28,2019032801004855,GBIME,25,10,684,260.00,"177,840.00"
2019-03-28,2019032801004854,GBIME,45,10,200,261.00,"52,200.00"
2019-03-28,2019032801004853,GBIME,22,10,300,261.00,"78,300.00"
2019-03-28,2019032801005022,GBLBS,51,13,150,445.00,"66,750.00"
2019-03-28,2019032801005003,GBLBS,38,13,20,446.00,"8,920.00"
2019-03-28,2019032801004951,GBLBS,54,13,100,444.00,"44,400.00"
2019-03-28,2019032801004950,GBLBS,55,13,30,445.00,"13,350.00"
2019-03-28,2019032801004931,GBLBS,17,13,40,445.00,"17,800.00"
2019-03-28,2019032801004930,GBLBS,45,13,20,445.00,"8,900.00"
2019-03-28,2019032801004929,GBLBS,25,13,10,446.00,"4,460.00"
2019-03-28,2019032801004928,GBLBS,52,13,40,446.00,"17,840.00"
2019-03-28,2019032801004927,GBLBS,39,13,10,446.00,"4,460.00"
2019-03-28,2019032801004746,GBLBS,56,16,20,448.00,"8,960.00"
2019-03-28,2019032801004737,GBLBS,56,5,10,448.00,"4,480.00"
2019-03-28,2019032801005155,GDBL,53,32,50,185.00,"9,250.00"
2019-03-28,2019032801005154,GDBL,42,32,500,185.00,"92,500.00"
2019-03-28,2019032801005153,GDBL,57,32,40,185.00,"7,400.00"
2019-03-28,2019032801005152,GDBL,49,32,100,185.00,"18,500.00"
2019-03-28,2019032801005168,GLICL,4,25,40,502.00,"20,080.00"
2019-03-28,2019032801004827,GLICL,58,57,175,501.00,"87,675.00"
2019-03-28,2019032801004788,GLICL,57,57,100,503.00,"50,300.00"
2019-03-28,2019032801004778,GLICL,51,57,25,505.00,"12,625.00"
2019-03-28,2019032801004776,GRDBL,43,16,50,105.00,"5,250.00"
2019-03-28,2019032801005023,GUFL,17,57,200,113.00,"22,600.00"
2019-03-28,2019032801004715,HBL,57,40,63,460.00,"28,980.00"
2019-03-28,2019032801004714,HBL,52,40,50,461.00,"23,050.00"
2019-03-28,2019032801004713,HBL,49,40,20,461.00,"9,220.00"
2019-03-28,2019032801005156,HIDCL,1,45,110,131.00,"14,410.00"
2019-03-28,2019032801004749,HIDCL,1,5,56,131.00,"7,336.00"
2019-03-28,2019032801004887,HPPL,35,38,10,183.00,"1,830.00"
2019-03-28,2019032801004973,JBBL,45,51,20,136.00,"2,720.00"
2019-03-28,2019032801004806,JBBL,3,51,110,136.00,"14,960.00"
2019-03-28,2019032801004975,JBNL,19,25,500,175.00,"87,500.00"
2019-03-28,2019032801004974,JBNL,19,25,500,175.00,"87,500.00"
2019-03-28,2019032801004921,JBNL,34,6,69,175.00,"12,075.00"
2019-03-28,2019032801004912,JBNL,34,41,31,175.00,"5,425.00"
2019-03-28,2019032801004892,JBNL,49,59,50,174.00,"8,700.00"
2019-03-28,2019032801004777,JSLBB,20,10,37,"2,071.00","76,627.00"
2019-03-28,2019032801004867,KBBL,18,46,20,209.00,"4,180.00"
2019-03-28,2019032801005178,KBL,4,46,105,236.00,"24,780.00"
2019-03-28,2019032801005177,KBL,6,46,195,236.00,"46,020.00"
2019-03-28,2019032801005181,KNBL,33,42,533,119.00,"63,427.00"
2019-03-28,2019032801005180,KNBL,33,42,167,119.00,"19,873.00"
2019-03-28,2019032801005179,KNBL,45,42,300,120.00,"36,000.00"
2019-03-28,2019032801004722,KPCL,48,44,10,94.00,940.00
2019-03-28,2019032801004793,KPCL,42,44,10,93.00,930.00
2019-03-28,2019032801004762,KPCL,42,44,10,93.00,930.00
2019-03-28,2019032801004977,KPCL,42,14,10,93.00,930.00
2019-03-28,2019032801004920,KPCL,42,7,10,93.00,930.00
2019-03-28,2019032801005055,KPCL,42,32,10,93.00,930.00
2019-03-28,2019032801005124,KPCL,42,44,10,93.00,930.00
2019-03-28,2019032801005036,KSBBL,5,43,147,141.00,"20,727.00"
2019-03-28,2019032801005035,KSBBL,5,43,100,141.00,"14,100.00"
2019-03-28,2019032801005034,KSBBL,5,29,500,141.00,"70,500.00"
2019-03-28,2019032801005033,KSBBL,5,13,316,140.00,"44,240.00"
2019-03-28,2019032801005032,KSBBL,5,52,125,140.00,"17,500.00"
2019-03-28,2019032801005031,KSBBL,5,26,100,140.00,"14,000.00"
2019-03-28,2019032801005030,KSBBL,5,37,470,139.00,"65,330.00"
2019-03-28,2019032801004965,KSBBL,57,37,30,139.00,"4,170.00"
2019-03-28,2019032801004859,KSBBL,42,37,200,139.00,"27,800.00"
2019-03-28,2019032801004723,KSBBL,22,51,127,138.00,"17,526.00"
2019-03-28,2019032801005008,LBBL,20,58,20,170.00,"3,400.00"
2019-03-28,2019032801005171,LBL,26,16,150,193.00,"28,950.00"
2019-03-28,2019032801004999,LBL,47,16,100,193.00,"19,300.00"
2019-03-28,2019032801004949,LBL,37,16,300,193.00,"57,900.00"
2019-03-28,2019032801004948,LBL,32,16,220,193.00,"42,460.00"
2019-03-28,2019032801004889,LBL,32,57,25,193.00,"4,825.00"
2019-03-28,2019032801004851,LBL,18,16,80,194.00,"15,520.00"
2019-03-28,2019032801005106,LGIL,57,38,48,503.00,"24,144.00"
2019-03-28,2019032801005105,LGIL,41,38,100,503.00,"50,300.00"
2019-03-28,2019032801005104,LGIL,29,38,152,503.00,"76,456.00"
2019-03-28,2019032801005093,MBL,54,45,150,221.00,"33,150.00"
2019-03-28,2019032801005021,MBL,28,59,30,220.00,"6,600.00"
2019-03-28,2019032801005020,MBL,11,59,282,221.00,"62,322.00"
2019-03-28,2019032801004952,MBL,11,35,150,221.00,"33,150.00"
2019-03-28,2019032801004910,MBL,11,11,5,221.00,"1,105.00"
2019-03-28,2019032801004785,MBL,11,25,68,221.00,"15,028.00"
2019-03-28,2019032801004784,MBL,6,25,118,221.00,"26,078.00"
2019-03-28,2019032801004724,MBL,42,34,50,222.00,"11,100.00"
2019-03-28,2019032801005133,MDB,38,10,332,229.00,"76,028.00"
2019-03-28,2019032801004748,MDB,38,19,91,229.00,"20,839.00"
2019-03-28,2019032801004747,MDB,34,19,240,230.00,"55,200.00"
2019-03-28,2019032801005190,MEGA,16,32,541,161.00,"87,101.00"
2019-03-28,2019032801005189,MEGA,49,32,109,161.00,"17,549.00"
2019-03-28,2019032801005188,MEGA,46,32,350,161.00,"56,350.00"
2019-03-28,2019032801005161,MEGA,5,33,10,162.00,"1,620.00"
2019-03-28,2019032801005094,MEGA,46,26,153,161.00,"24,633.00"
2019-03-28,2019032801004987,MEGA,19,26,147,161.00,"23,667.00"
2019-03-28,2019032801004941,MEGA,19,52,53,161.00,"8,533.00"
2019-03-28,2019032801004940,MEGA,56,52,447,161.00,"71,967.00"
2019-03-28,2019032801005090,MERO,34,13,32,558.00,"17,856.00"
2019-03-28,2019032801005009,MERO,34,57,20,558.00,"11,160.00"
2019-03-28,2019032801005195,MLBL,17,33,"1,000",169.00,"169,000.00"
2019-03-28,2019032801005080,MLBL,54,1,20,169.00,"3,380.00"
2019-03-28,2019032801005079,MLBL,54,21,500,169.00,"84,500.00"
2019-03-28,2019032801005078,MLBL,54,1,20,169.00,"3,380.00"
2019-03-28,2019032801004733,MLBL,37,1,100,169.00,"16,900.00"
2019-03-28,2019032801004905,MNBBL,41,11,27,344.00,"9,288.00"
2019-03-28,2019032801004800,MNBBL,19,51,40,342.00,"13,680.00"
2019-03-28,2019032801004774,MNBBL,10,51,500,342.00,"171,000.00"
2019-03-28,2019032801004730,MNBBL,29,51,50,342.00,"17,100.00"
2019-03-28,2019032801005186,NABIL,34,1,50,714.00,"35,700.00"
2019-03-28,2019032801005185,NABIL,34,42,50,713.00,"35,650.00"
2019-03-28,2019032801005149,NABIL,45,3,100,712.00,"71,200.00"
2019-03-28,2019032801004942,NABIL,10,32,10,711.00,"7,110.00"
2019-03-28,2019032801005098,NABILP,59,35,100,693.00,"69,300.00"
2019-03-28,2019032801004957,NADEP,45,45,10,665.00,"6,650.00"
2019-03-28,2019032801004956,NADEP,45,21,10,664.00,"6,640.00"
2019-03-28,2019032801004874,NADEP,39,21,10,664.00,"6,640.00"
2019-03-28,2019032801004873,NADEP,39,21,10,664.00,"6,640.00"
2019-03-28,2019032801004760,NADEP,5,38,10,661.00,"6,610.00"
2019-03-28,2019032801004743,NADEP,5,38,10,661.00,"6,610.00"
2019-03-28,2019032801004882,NBB,7,39,400,195.00,"78,000.00"
2019-03-28,2019032801004866,NBB,7,41,100,195.00,"19,500.00"
2019-03-28,2019032801004771,NBB,58,35,10,196.00,"1,960.00"
2019-03-28,2019032801004770,NBB,58,38,200,195.00,"39,000.00"
2019-03-28,2019032801004852,NBL,59,48,50,289.00,"14,450.00"
2019-03-28,2019032801004819,NBL,58,48,30,289.00,"8,670.00"
2019-03-28,2019032801005005,NCCB,42,56,14,211.00,"2,954.00"
2019-03-28,2019032801004831,NCCB,42,21,500,211.00,"105,500.00"
2019-03-28,2019032801004717,NCCB,39,58,20,212.00,"4,240.00"
2019-03-28,2019032801005039,NGPL,56,53,17,127.00,"2,159.00"
2019-03-28,2019032801005038,NGPL,56,35,12,126.00,"1,512.00"
2019-03-28,2019032801005037,NGPL,56,49,11,125.00,"1,375.00"
2019-03-28,2019032801004894,NGPL,56,35,10,126.00,"1,260.00"
2019-03-28,2019032801004796,NGPL,56,53,10,127.00,"1,270.00"
2019-03-28,2019032801004958,NHDL,28,14,10,128.00,"1,280.00"
2019-03-28,2019032801004891,NHPC,14,37,420,72.00,"30,240.00"
2019-03-28,2019032801004890,NHPC,14,42,580,72.00,"41,760.00"
2019-03-28,2019032801004783,NHPC,42,42,100,72.00,"7,200.00"
2019-03-28,2019032801005176,NIB,16,49,150,529.00,"79,350.00"
2019-03-28,2019032801004993,NICA,37,38,135,398.00,"53,730.00"
2019-03-28,2019032801004992,NICA,37,41,65,398.00,"25,870.00"
2019-03-28,2019032801004862,NICA,58,56,66,397.00,"26,202.00"
2019-03-28,2019032801004886,NICGF,55,4,"1,000",9.05,"9,050.00"
2019-03-28,2019032801004861,NICL,28,50,70,378.00,"26,460.00"
2019-03-28,2019032801004825,NICL,28,58,100,375.00,"37,500.00"
2019-03-28,2019032801004824,NICL,28,52,300,374.00,"112,200.00"
2019-03-28,2019032801004797,NICL,40,40,100,371.00,"37,100.00"
2019-03-28,2019032801004962,NIL,20,19,162,520.00,"84,240.00"
2019-03-28,2019032801004914,NIL,20,53,150,520.00,"78,000.00"
2019-03-28,2019032801004865,NIL,20,46,188,520.00,"97,760.00"
2019-03-28,2019032801004787,NIL,53,46,50,516.00,"25,800.00"
2019-03-28,2019032801004754,NIL,53,46,50,516.00,"25,800.00"
2019-03-28,2019032801004989,NLG,41,25,21,797.00,"16,737.00"
2019-03-28,2019032801005164,NLIC,54,41,17,"1,099.00","18,683.00"
2019-03-28,2019032801005142,NLIC,6,17,10,"1,101.00","11,010.00"
2019-03-28,2019032801005109,NLIC,54,1,20,"1,099.00","21,980.00"
2019-03-28,2019032801005054,NLIC,57,26,17,"1,100.00","18,700.00"
2019-03-28,2019032801005016,NLIC,54,56,17,"1,099.00","18,683.00"
2019-03-28,2019032801004998,NLIC,54,41,70,"1,099.00","76,930.00"
2019-03-28,2019032801004753,NLIC,25,46,135,"1,100.00","148,500.00"
2019-03-28,2019032801004751,NLIC,25,35,50,"1,100.00","55,000.00"
2019-03-28,2019032801004735,NLIC,25,38,15,"1,100.00","16,500.00"
2019-03-28,2019032801004896,NLIC,33,33,300,"1,100.00","330,000.00"
2019-03-28,2019032801004895,NLIC,33,47,299,"1,100.00","328,900.00"
2019-03-28,2019032801004864,NLIC,50,50,17,"1,100.00","18,700.00"
2019-03-28,2019032801004830,NLIC,25,17,482,"1,100.00","530,200.00"
2019-03-28,2019032801004822,NLIC,25,49,50,"1,100.00","55,000.00"
2019-03-28,2019032801004808,NLIC,25,25,50,"1,100.00","55,000.00"
2019-03-28,2019032801004997,NLIC,19,41,130,"1,099.00","142,870.00"
2019-03-28,2019032801004937,NLIC,19,49,17,"1,099.00","18,683.00"
2019-03-28,2019032801004903,NLIC,19,5,53,"1,099.00","58,247.00"
2019-03-28,2019032801004899,NLIC,33,55,20,"1,100.00","22,000.00"
2019-03-28,2019032801004898,NLIC,33,47,17,"1,100.00","18,700.00"
2019-03-28,2019032801004897,NLIC,33,47,17,"1,100.00","18,700.00"
2019-03-28,2019032801005200,NLICL,16,54,50,582.00,"29,100.00"
2019-03-28,2019032801005193,NMB,51,52,158,326.00,"51,508.00"
2019-03-28,2019032801005192,NMB,51,35,108,326.00,"35,208.00"
2019-03-28,2019032801005191,NMB,51,44,134,326.00,"43,684.00"
2019-03-28,2019032801004881,NMB,11,35,132,325.00,"42,900.00"
2019-03-28,2019032801004880,NMB,25,35,368,325.00,"119,600.00"
2019-03-28,2019032801004805,NMB,25,10,632,325.00,"205,400.00"
2019-03-28,2019032801004804,NMB,4,10,175,325.00,"56,875.00"
2019-03-28,2019032801004803,NMB,49,10,"1,000",325.00,"325,000.00"
2019-03-28,2019032801004802,NMB,56,10,100,325.00,"32,500.00"
2019-03-28,2019032801004801,NMB,28,10,93,325.00,"30,225.00"
2019-03-28,2019032801005173,NMFBS,33,41,52,"1,590.00","82,680.00"
2019-03-28,2019032801004980,NMFBS,5,33,15,"1,580.00","23,700.00"
2019-03-28,2019032801004979,NMFBS,5,42,15,"1,580.00","23,700.00"
2019-03-28,2019032801005103,NNLB,58,50,100,440.00,"44,000.00"
2019-03-28,2019032801005102,NNLB,48,50,20,441.00,"8,820.00"
2019-03-28,2019032801005077,NTC,33,55,10,679.00,"6,790.00"
2019-03-28,2019032801005007,NTC,38,38,70,677.00,"47,390.00"
2019-03-28,2019032801005006,NTC,41,38,30,678.00,"20,340.00"
2019-03-28,2019032801004846,NUBL,35,42,24,731.00,"17,544.00"
2019-03-28,2019032801005129,PCBL,43,52,575,318.00,"182,850.00"
2019-03-28,2019032801005128,PCBL,43,49,250,318.00,"79,500.00"
2019-03-28,2019032801004935,PCBL,45,58,50,317.00,"15,850.00"
2019-03-28,2019032801004934,PCBL,58,58,"2,148",317.00,"680,916.00"
2019-03-28,2019032801005175,PIC,48,41,11,"1,016.00","11,176.00"
2019-03-28,2019032801004926,PIC,48,50,10,"1,016.00","10,160.00"
2019-03-28,2019032801004731,PIC,16,57,50,"1,018.00","50,900.00"
2019-03-28,2019032801004795,PLIC,35,54,30,449.00,"13,470.00"
2019-03-28,2019032801004764,PLIC,16,54,20,449.00,"8,980.00"
2019-03-28,2019032801005162,PMHPL,36,44,10,112.00,"1,120.00"
2019-03-28,2019032801005064,PMHPL,36,44,10,112.00,"1,120.00"
2019-03-28,2019032801005019,PMHPL,48,44,10,113.00,"1,130.00"
2019-03-28,2019032801005002,PMHPL,36,14,10,112.00,"1,120.00"
2019-03-28,2019032801004991,PMHPL,32,32,10,112.00,"1,120.00"
2019-03-28,2019032801004945,PMHPL,32,48,10,113.00,"1,130.00"
2019-03-28,2019032801004936,PMHPL,32,7,10,112.00,"1,120.00"
2019-03-28,2019032801004857,PMHPL,32,44,10,112.00,"1,120.00"
2019-03-28,2019032801004828,PMHPL,32,44,10,113.00,"1,130.00"
2019-03-28,2019032801004807,PMHPL,32,14,10,113.00,"1,130.00"
2019-03-28,2019032801004759,PMHPL,32,44,10,113.00,"1,130.00"
2019-03-28,2019032801004729,PMHPL,32,44,10,113.00,"1,130.00"
2019-03-28,2019032801005051,PRIN,49,36,98,407.00,"39,886.00"
2019-03-28,2019032801005050,PRIN,36,36,20,408.00,"8,160.00"
2019-03-28,2019032801005049,PRIN,17,36,172,409.00,"70,348.00"
2019-03-28,2019032801005048,PRIN,22,36,10,410.00,"4,100.00"
2019-03-28,2019032801004986,PRIN,57,39,80,411.00,"32,880.00"
2019-03-28,2019032801004985,PRIN,57,42,33,410.00,"13,530.00"
2019-03-28,2019032801005060,PRVU,25,28,90,235.00,"21,150.00"
2019-03-28,2019032801005059,PRVU,33,28,710,235.00,"166,850.00"
2019-03-28,2019032801004769,PRVU,39,8,"1,000",236.00,"236,000.00"
2019-03-28,2019032801004768,PRVU,39,5,185,236.00,"43,660.00"
2019-03-28,2019032801004767,PRVU,39,41,"1,946",236.00,"459,256.00"
2019-03-28,2019032801005061,RADHI,50,17,10,172.00,"1,720.00"
2019-03-28,2019032801004955,RADHI,50,13,11,171.00,"1,881.00"
2019-03-28,2019032801004947,RADHI,50,34,11,168.00,"1,848.00"
2019-03-28,2019032801004909,RADHI,49,14,11,167.00,"1,837.00"
2019-03-28,2019032801004908,RADHI,49,28,11,167.00,"1,837.00"
2019-03-28,2019032801005074,RHPC,46,41,400,96.00,"38,400.00"
2019-03-28,2019032801004765,RHPC,1,58,240,95.00,"22,800.00"
2019-03-28,2019032801005183,RMDC,34,37,83,529.00,"43,907.00"
2019-03-28,2019032801005182,RMDC,34,37,44,529.00,"23,276.00"
2019-03-28,2019032801005043,RMDC,56,37,163,530.00,"86,390.00"
2019-03-28,2019032801004741,RMDC,56,42,20,530.00,"10,600.00"
2019-03-28,2019032801004740,RMDC,56,42,240,530.00,"127,200.00"
2019-03-28,2019032801004901,RRHP,22,38,10,96.00,960.00
2019-03-28,2019032801005028,RSDC,29,56,35,365.00,"12,775.00"
2019-03-28,2019032801004966,RSDC,13,53,100,369.00,"36,900.00"
2019-03-28,2019032801005123,SADBL,50,59,100,144.00,"14,400.00"
2019-03-28,2019032801004829,SAEF,43,4,500,9.07,"4,535.00"
2019-03-28,2019032801004984,SANIMA,17,16,300,300.00,"90,000.00"
2019-03-28,2019032801005184,SBL,44,32,50,288.00,"14,400.00"
2019-03-28,2019032801004995,SBL,7,29,500,289.00,"144,500.00"
2019-03-28,2019032801005047,SCB,40,56,10,568.00,"5,680.00"
2019-03-28,2019032801004964,SCB,40,49,10,568.00,"5,680.00"
2019-03-28,2019032801004963,SCB,11,49,10,568.00,"5,680.00"
2019-03-28,2019032801004739,SCB,59,58,10,570.00,"5,700.00"
2019-03-28,2019032801004766,SDESI,34,5,23,545.00,"12,535.00"
2019-03-28,2019032801004798,SEF,43,4,300,9.21,"2,763.00"
2019-03-28,2019032801004763,SEF,43,58,900,9.21,"8,289.00"
2019-03-28,2019032801004789,SHINE,35,50,11,234.00,"2,574.00"
2019-03-28,2019032801005198,SHIVM,39,28,20,333.00,"6,660.00"
2019-03-28,2019032801005194,SHIVM,58,22,50,332.00,"16,600.00"
2019-03-28,2019032801005163,SHIVM,39,13,160,333.00,"53,280.00"
2019-03-28,2019032801005159,SHIVM,45,13,40,333.00,"13,320.00"
2019-03-28,2019032801005127,SHIVM,32,28,30,334.00,"10,020.00"
2019-03-28,2019032801005122,SHIVM,45,26,160,333.00,"53,280.00"
2019-03-28,2019032801004752,SHIVM,28,49,120,335.00,"40,200.00"
2019-03-28,2019032801004726,SHIVM,28,50,50,335.00,"16,750.00"
2019-03-28,2019032801004906,SHIVM,58,41,50,334.00,"16,700.00"
2019-03-28,2019032801004850,SHIVM,58,42,100,334.00,"33,400.00"
2019-03-28,2019032801004820,SHIVM,58,58,50,334.00,"16,700.00"
2019-03-28,2019032801004792,SHIVM,58,34,50,334.00,"16,700.00"
2019-03-28,2019032801004790,SHIVM,58,56,60,334.00,"20,040.00"
2019-03-28,2019032801004786,SHIVM,58,34,50,334.00,"16,700.00"
2019-03-28,2019032801004943,SHIVM,58,45,30,334.00,"10,020.00"
2019-03-28,2019032801004923,SHIVM,58,58,50,334.00,"16,700.00"
2019-03-28,2019032801004919,SHIVM,42,50,30,335.00,"10,050.00"
2019-03-28,2019032801004918,SHIVM,42,50,50,335.00,"16,750.00"
2019-03-28,2019032801004917,SHIVM,42,49,130,335.00,"43,550.00"
2019-03-28,2019032801004911,SHIVM,58,58,50,334.00,"16,700.00"
2019-03-28,2019032801004961,SHIVM,28,28,30,333.00,"9,990.00"
2019-03-28,2019032801004960,SHIVM,43,28,30,333.00,"9,990.00"
2019-03-28,2019032801004959,SHIVM,43,51,50,333.00,"16,650.00"
2019-03-28,2019032801004953,SHIVM,43,58,50,333.00,"16,650.00"
2019-03-28,2019032801004946,SHIVM,43,28,60,333.00,"19,980.00"
2019-03-28,2019032801004944,SHIVM,43,45,20,333.00,"6,660.00"
2019-03-28,2019032801005000,SHIVM,28,58,50,333.00,"16,650.00"
2019-03-28,2019032801004990,SHIVM,28,51,50,333.00,"16,650.00"
2019-03-28,2019032801004982,SHIVM,28,51,50,333.00,"16,650.00"
2019-03-28,2019032801004981,SHIVM,28,58,50,333.00,"16,650.00"
2019-03-28,2019032801004971,SHIVM,28,51,50,333.00,"16,650.00"
2019-03-28,2019032801004967,SHIVM,28,58,50,333.00,"16,650.00"
2019-03-28,2019032801005029,SHIVM,58,45,50,333.00,"16,650.00"
2019-03-28,2019032801005027,SHIVM,58,58,50,333.00,"16,650.00"
2019-03-28,2019032801005018,SHIVM,39,50,800,334.00,"267,200.00"
2019-03-28,2019032801005015,SHIVM,58,28,200,333.00,"66,600.00"
2019-03-28,2019032801005014,SHIVM,28,28,100,333.00,"33,300.00"
2019-03-28,2019032801005012,SHIVM,28,58,50,333.00,"16,650.00"
2019-03-28,2019032801005072,SHIVM,43,58,50,333.00,"16,650.00"
2019-03-28,2019032801005071,SHIVM,43,28,200,333.00,"66,600.00"
2019-03-28,2019032801005053,SHIVM,43,26,150,333.00,"49,950.00"
2019-03-28,2019032801005052,SHIVM,58,26,350,333.00,"116,550.00"
2019-03-28,2019032801005044,SHIVM,58,58,50,333.00,"16,650.00"
2019-03-28,2019032801005041,SHIVM,58,28,300,333.00,"99,900.00"
2019-03-28,2019032801005116,SHIVM,45,45,50,333.00,"16,650.00"
2019-03-28,2019032801005101,SHIVM,45,1,50,333.00,"16,650.00"
2019-03-28,2019032801005100,SHIVM,43,1,50,333.00,"16,650.00"
2019-03-28,2019032801005096,SHIVM,43,58,50,333.00,"16,650.00"
2019-03-28,2019032801005084,SHIVM,39,58,40,334.00,"13,360.00"
2019-03-28,2019032801005083,SHIVM,39,22,50,334.00,"16,700.00"
2019-03-28,2019032801005139,SHPC,25,46,500,225.00,"112,500.00"
2019-03-28,2019032801005138,SHPC,51,46,90,225.00,"20,250.00"
2019-03-28,2019032801005137,SHPC,56,46,200,225.00,"45,000.00"
2019-03-28,2019032801005136,SHPC,56,46,100,225.00,"22,500.00"
2019-03-28,2019032801005135,SHPC,42,46,100,225.00,"22,500.00"
2019-03-28,2019032801005134,SHPC,39,46,50,225.00,"11,250.00"
2019-03-28,2019032801004794,SHPC,11,47,300,226.00,"67,800.00"
2019-03-28,2019032801004761,SHPC,7,47,860,226.00,"194,360.00"
2019-03-28,2019032801004757,SHPC,45,47,100,226.00,"22,600.00"
2019-03-28,2019032801004756,SHPC,56,47,100,226.00,"22,600.00"
2019-03-28,2019032801004755,SHPC,37,47,19,226.00,"4,294.00"
2019-03-28,2019032801005089,SHPC,25,47,33,226.00,"7,458.00"
2019-03-28,2019032801005088,SHPC,25,47,338,226.00,"76,388.00"
2019-03-28,2019032801005087,SHPC,25,47,129,226.00,"29,154.00"
2019-03-28,2019032801005081,SHPC,25,47,500,226.00,"113,000.00"
2019-03-28,2019032801004915,SHPC,39,52,50,225.00,"11,250.00"
2019-03-28,2019032801004826,SHPC,51,47,150,226.00,"33,900.00"
2019-03-28,2019032801004932,SIC,20,57,70,"1,290.00","90,300.00"
2019-03-28,2019032801004858,SIC,20,22,50,"1,290.00","64,500.00"
2019-03-28,2019032801005166,SICL,29,41,14,876.00,"12,264.00"
2019-03-28,2019032801005107,SICL,37,34,25,877.00,"21,925.00"
2019-03-28,2019032801005086,SICL,53,40,65,880.00,"57,200.00"
2019-03-28,2019032801005085,SICL,53,16,100,879.00,"87,900.00"
2019-03-28,2019032801004745,SIFC,28,14,12,134.00,"1,608.00"
2019-03-28,2019032801005151,SIL,25,50,44,598.00,"26,312.00"
2019-03-28,2019032801005158,SLBS,42,54,10,907.00,"9,070.00"
2019-03-28,2019032801004925,SLBS,26,6,10,890.00,"8,900.00"
2019-03-28,2019032801004924,SLBS,26,54,10,888.00,"8,880.00"
2019-03-28,2019032801005170,SLBSL,26,36,50,702.00,"35,100.00"
2019-03-28,2019032801005169,SLBSL,54,36,40,702.00,"28,080.00"
2019-03-28,2019032801004734,SLBSL,57,45,20,703.00,"14,060.00"
2019-03-28,2019032801005165,SLICL,34,42,57,524.00,"29,868.00"
2019-03-28,2019032801005076,SLICL,34,32,100,524.00,"52,400.00"
2019-03-28,2019032801004983,SLICL,34,53,226,524.00,"118,424.00"
2019-03-28,2019032801004871,SLICL,34,19,117,524.00,"61,308.00"
2019-03-28,2019032801004884,SMB,45,50,10,608.00,"6,080.00"
2019-03-28,2019032801004883,SMB,45,59,10,608.00,"6,080.00"
2019-03-28,2019032801005070,SRBL,45,48,100,216.00,"21,600.00"
2019-03-28,2019032801005069,SRBL,28,48,"1,000",216.00,"216,000.00"
2019-03-28,2019032801005068,SRBL,38,48,"2,000",216.00,"432,000.00"
2019-03-28,2019032801005067,SRBL,52,48,100,216.00,"21,600.00"
2019-03-28,2019032801005066,SRBL,5,48,434,216.00,"93,744.00"
2019-03-28,2019032801005004,SRBL,5,32,19,216.00,"4,104.00"
2019-03-28,2019032801004939,SRBL,5,35,92,216.00,"19,872.00"
2019-03-28,2019032801004938,SRBL,56,35,64,216.00,"13,824.00"
2019-03-28,2019032801005141,TRH,33,56,10,244.00,"2,440.00"
2019-03-28,2019032801005196,UIC,35,57,20,764.00,"15,280.00"
2019-03-28,2019032801005131,UIC,45,48,14,763.00,"10,682.00"
2019-03-28,2019032801005201,UPPER,45,1,40,239.00,"9,560.00"
2019-03-28,2019032801005199,UPPER,45,46,50,239.00,"11,950.00"
2019-03-28,2019032801005187,UPPER,45,44,40,239.00,"9,560.00"
2019-03-28,2019032801005167,UPPER,45,1,40,239.00,"9,560.00"
2019-03-28,2019032801005150,UPPER,45,44,50,239.00,"11,950.00"
2019-03-28,2019032801005148,UPPER,29,21,5,239.00,"1,195.00"
2019-03-28,2019032801004832,UPPER,36,44,40,240.00,"9,600.00"
2019-03-28,2019032801004810,UPPER,29,1,50,239.00,"11,950.00"
2019-03-28,2019032801004781,UPPER,29,5,40,239.00,"9,560.00"
2019-03-28,2019032801004779,UPPER,29,26,73,239.00,"17,447.00"
2019-03-28,2019032801004838,UPPER,36,44,40,240.00,"9,600.00"
2019-03-28,2019032801004837,UPPER,36,44,50,240.00,"12,000.00"
2019-03-28,2019032801004836,UPPER,36,44,40,240.00,"9,600.00"
2019-03-28,2019032801004835,UPPER,36,7,40,240.00,"9,600.00"
2019-03-28,2019032801004834,UPPER,36,7,40,240.00,"9,600.00"
2019-03-28,2019032801004833,UPPER,36,44,50,240.00,"12,000.00"
2019-03-28,2019032801004972,UPPER,29,49,40,239.00,"9,560.00"
2019-03-28,2019032801004933,UPPER,29,44,50,239.00,"11,950.00"
2019-03-28,2019032801004907,UPPER,29,21,40,239.00,"9,560.00"
2019-03-28,2019032801004869,UPPER,29,44,50,239.00,"11,950.00"
2019-03-28,2019032801005046,UPPER,29,44,50,239.00,"11,950.00"
2019-03-28,2019032801005026,UPPER,29,44,50,239.00,"11,950.00"
2019-03-28,2019032801005013,UPPER,29,35,"1,000",239.00,"239,000.00"
2019-03-28,2019032801005010,UPPER,29,44,50,239.00,"11,950.00"
2019-03-28,2019032801005001,UPPER,29,43,40,239.00,"9,560.00"
2019-03-28,2019032801005147,UPPER,29,1,52,239.00,"12,428.00"
2019-03-28,2019032801005146,UPPER,29,44,40,239.00,"9,560.00"
2019-03-28,2019032801005143,UPPER,29,7,40,239.00,"9,560.00"
2019-03-28,2019032801005099,UPPER,29,44,40,239.00,"9,560.00"
2019-03-28,2019032801005073,UPPER,29,56,50,239.00,"11,950.00"
2019-03-28,2019032801004645,ADBL,11,56,63,294.00,"18,522.00"
2019-03-28,2019032801004609,ADBL,11,59,437,294.00,"128,478.00"
2019-03-28,2019032801004608,ADBL,11,59,500,294.00,"147,000.00"
2019-03-28,2019032801004607,ADBL,50,59,30,294.00,"8,820.00"
2019-03-28,2019032801004606,ADBL,40,59,500,294.00,"147,000.00"
2019-03-28,2019032801004605,ADBL,28,59,100,294.00,"29,400.00"
2019-03-28,2019032801004604,ADBL,32,59,265,294.00,"77,910.00"
2019-03-28,2019032801004603,ADBL,16,59,168,294.00,"49,392.00"
2019-03-28,2019032801004562,ADBL,32,19,30,295.00,"8,850.00"
2019-03-28,2019032801004246,ADBL,11,19,175,295.00,"51,625.00"
2019-03-28,2019032801004695,AHPC,6,5,20,103.00,"2,060.00"
2019-03-28,2019032801004634,AKPL,32,47,13,173.00,"2,249.00"
2019-03-28,2019032801004587,AKPL,16,42,13,172.00,"2,236.00"
2019-03-28,2019032801004567,AKPL,16,42,10,172.00,"1,720.00"
2019-03-28,2019032801004633,AKPL,32,47,13,173.00,"2,249.00"
2019-03-28,2019032801004601,AKPL,16,42,13,172.00,"2,236.00"
2019-03-28,2019032801004697,ALBSL,57,21,10,483.00,"4,830.00"
2019-03-28,2019032801004679,ALBSL,57,38,10,483.00,"4,830.00"
2019-03-28,2019032801004662,ALBSL,57,38,10,483.00,"4,830.00"
2019-03-28,2019032801004655,ALBSL,19,44,10,484.00,"4,840.00"
2019-03-28,2019032801004654,ALBSL,19,42,10,484.00,"4,840.00"
2019-03-28,2019032801004477,ALBSL,8,14,10,484.00,"4,840.00"
2019-03-28,2019032801004468,ALBSL,8,57,10,484.00,"4,840.00"
2019-03-28,2019032801004294,ALBSL,8,55,10,484.00,"4,840.00"
2019-03-28,2019032801004265,ALBSL,8,29,10,484.00,"4,840.00"
2019-03-28,2019032801004255,ALBSL,8,29,10,484.00,"4,840.00"
2019-03-28,2019032801004231,ALBSL,51,29,10,485.00,"4,850.00"
2019-03-28,2019032801004582,ALBSL,57,55,10,483.00,"4,830.00"
2019-03-28,2019032801004549,ALBSL,33,44,10,484.00,"4,840.00"
2019-03-28,2019032801004516,ALBSL,33,49,10,484.00,"4,840.00"
2019-03-28,2019032801004498,ALBSL,19,44,10,484.00,"4,840.00"
2019-03-28,2019032801004631,ALBSL,57,38,10,483.00,"4,830.00"
2019-03-28,2019032801004611,ALBSL,57,38,10,483.00,"4,830.00"
2019-03-28,2019032801004602,ALBSL,57,38,10,483.00,"4,830.00"
2019-03-28,2019032801004593,ALBSL,57,38,10,483.00,"4,830.00"
2019-03-28,2019032801004416,AMFI,45,59,10,649.00,"6,490.00"
2019-03-28,2019032801004276,AMFI,45,50,10,650.00,"6,500.00"
2019-03-28,2019032801004447,API,25,28,30,136.00,"4,080.00"
2019-03-28,2019032801004446,API,34,42,48,134.00,"6,432.00"
2019-03-28,2019032801004445,API,41,42,152,134.00,"20,368.00"
2019-03-28,2019032801004353,API,44,57,360,135.00,"48,600.00"
2019-03-28,2019032801004335,API,53,57,100,135.00,"13,500.00"
2019-03-28,2019032801004287,API,42,57,40,135.00,"5,400.00"
2019-03-28,2019032801004658,BARUN,19,51,10,97.00,970.00
2019-03-28,2019032801004251,BARUN,34,19,100,98.00,"9,800.00"
2019-03-28,2019032801004243,BARUN,34,25,100,98.00,"9,800.00"
2019-03-28,2019032801004288,BHBL,59,51,48,144.00,"6,912.00"
2019-03-28,2019032801004563,BOKL,28,29,430,242.00,"104,060.00"
2019-03-28,2019032801004512,BOKL,45,57,21,241.00,"5,061.00"
2019-03-28,2019032801004511,BOKL,13,57,16,241.00,"3,856.00"
2019-03-28,2019032801004499,BOKL,39,29,20,242.00,"4,840.00"
2019-03-28,2019032801004481,BOKL,28,29,"1,000",242.00,"242,000.00"
2019-03-28,2019032801004330,BOKL,29,29,50,242.00,"12,100.00"
2019-03-28,2019032801004617,BPCL,37,39,11,358.00,"3,938.00"
2019-03-28,2019032801004510,BPCL,37,39,11,358.00,"3,938.00"
2019-03-28,2019032801004483,BPCL,37,39,11,358.00,"3,938.00"
2019-03-28,2019032801004466,BPCL,37,39,11,358.00,"3,938.00"
2019-03-28,2019032801004369,BPCL,37,39,11,358.00,"3,938.00"
2019-03-28,2019032801004363,BPCL,37,36,11,358.00,"3,938.00"
2019-03-28,2019032801004250,BPCL,56,36,11,358.00,"3,938.00"
2019-03-28,2019032801004245,BPCL,56,36,11,358.00,"3,938.00"
2019-03-28,2019032801004235,BPCL,56,36,11,358.00,"3,938.00"
2019-03-28,2019032801004224,BPCL,56,36,11,358.00,"3,938.00"
2019-03-28,2019032801004215,BPCL,56,36,11,358.00,"3,938.00"
2019-03-28,2019032801004293,BPCL,37,36,11,358.00,"3,938.00"
2019-03-28,2019032801004277,BPCL,37,36,11,358.00,"3,938.00"
2019-03-28,2019032801004275,BPCL,42,1,11,360.00,"3,960.00"
2019-03-28,2019032801004274,BPCL,42,1,11,360.00,"3,960.00"
2019-03-28,2019032801004269,BPCL,37,36,11,358.00,"3,938.00"
2019-03-28,2019032801004254,BPCL,37,36,11,358.00,"3,938.00"
2019-03-28,2019032801004358,BPCL,37,36,11,358.00,"3,938.00"
2019-03-28,2019032801004347,BPCL,37,36,11,358.00,"3,938.00"
2019-03-28,2019032801004336,BPCL,37,36,11,358.00,"3,938.00"
2019-03-28,2019032801004328,BPCL,37,36,11,358.00,"3,938.00"
2019-03-28,2019032801004309,BPCL,37,36,11,358.00,"3,938.00"
2019-03-28,2019032801004303,BPCL,37,36,11,358.00,"3,938.00"
2019-03-28,2019032801004699,CBBL,54,28,79,883.00,"69,757.00"
2019-03-28,2019032801004698,CBBL,42,28,40,884.00,"35,360.00"
2019-03-28,2019032801004597,CBBL,54,44,650,885.00,"575,250.00"
2019-03-28,2019032801004474,CBBL,36,44,200,885.00,"177,000.00"
2019-03-28,2019032801004660,CBL,19,13,"1,000",156.00,"156,000.00"
2019-03-28,2019032801004659,CBL,5,13,465,156.00,"72,540.00"
2019-03-28,2019032801004589,CBL,5,47,35,156.00,"5,460.00"
2019-03-28,2019032801004588,CBL,19,47,84,156.00,"13,104.00"
2019-03-28,2019032801004585,CBL,19,57,16,156.00,"2,496.00"
2019-03-28,2019032801004584,CBL,14,57,184,156.00,"28,704.00"
2019-03-28,2019032801004399,CBL,14,53,"3,000",156.00,"468,000.00"
2019-03-28,2019032801004304,CBL,14,51,46,156.00,"7,176.00"
2019-03-28,2019032801004272,CBL,10,6,62,157.00,"9,734.00"
2019-03-28,2019032801004271,CBL,10,48,88,157.00,"13,816.00"
2019-03-28,2019032801004253,CBL,14,19,970,156.00,"151,320.00"
2019-03-28,2019032801004252,CBL,26,19,30,156.00,"4,680.00"
2019-03-28,2019032801004651,CCBL,5,5,100,164.00,"16,400.00"
2019-03-28,2019032801004541,CCBL,44,22,121,163.00,"19,723.00"
2019-03-28,2019032801004322,CFCL,32,51,71,106.00,"7,526.00"
2019-03-28,2019032801004334,CHCL,1,51,26,502.00,"13,052.00"
2019-03-28,2019032801004307,CHCL,1,49,190,502.00,"95,380.00"
2019-03-28,2019032801004306,CHCL,45,49,60,502.00,"30,120.00"
2019-03-28,2019032801004305,CHCL,45,49,50,502.00,"25,100.00"
2019-03-28,2019032801004259,CHCL,48,44,52,504.00,"26,208.00"
2019-03-28,2019032801004258,CHCL,48,44,234,503.00,"117,702.00"
2019-03-28,2019032801004581,CHLBS,50,38,10,528.00,"5,280.00"
2019-03-28,2019032801004571,CHLBS,50,38,10,528.00,"5,280.00"
2019-03-28,2019032801004561,CHLBS,50,38,10,528.00,"5,280.00"
2019-03-28,2019032801004548,CHLBS,14,38,10,529.00,"5,290.00"
2019-03-28,2019032801004538,CHLBS,50,38,10,528.00,"5,280.00"
2019-03-28,2019032801004524,CHLBS,50,38,10,528.00,"5,280.00"
2019-03-28,2019032801004508,CHLBS,43,38,10,528.00,"5,280.00"
2019-03-28,2019032801004503,CHLBS,49,38,10,529.00,"5,290.00"
2019-03-28,2019032801004348,CHLBS,49,51,10,529.00,"5,290.00"
2019-03-28,2019032801004260,CHLBS,49,14,10,529.00,"5,290.00"
2019-03-28,2019032801004345,CIT,20,58,20,"2,627.00","52,540.00"
2019-03-28,2019032801004242,CIT,25,58,50,"2,620.00","131,000.00"
2019-03-28,2019032801004241,CIT,50,58,300,"2,620.00","786,000.00"
2019-03-28,2019032801004240,CIT,50,58,11,"2,621.00","28,831.00"
2019-03-28,2019032801004239,CIT,16,58,10,"2,621.00","26,210.00"
2019-03-28,2019032801004517,CMF1,59,4,"2,000",9.00,"18,000.00"
2019-03-28,2019032801004673,CZBIL,56,51,72,207.00,"14,904.00"
2019-03-28,2019032801004646,CZBIL,58,14,100,208.00,"20,800.00"
2019-03-28,2019032801004509,CZBIL,56,14,10,207.00,"2,070.00"
2019-03-28,2019032801004491,CZBIL,28,14,581,208.00,"120,848.00"
2019-03-28,2019032801004461,CZBIL,28,48,419,208.00,"87,152.00"
2019-03-28,2019032801004460,CZBIL,5,48,81,208.00,"16,848.00"
2019-03-28,2019032801004270,CZBIL,5,14,10,208.00,"2,080.00"
2019-03-28,2019032801004649,EBL,40,42,39,556.00,"21,684.00"
2019-03-28,2019032801004613,EBL,39,44,20,557.00,"11,140.00"
2019-03-28,2019032801004612,EBL,57,44,320,557.00,"178,240.00"
2019-03-28,2019032801004569,EBL,57,49,130,557.00,"72,410.00"
2019-03-28,2019032801004568,EBL,1,49,10,557.00,"5,570.00"
2019-03-28,2019032801004375,EBL,1,42,20,557.00,"11,140.00"
2019-03-28,2019032801004424,EIC,13,42,30,848.00,"25,440.00"
2019-03-28,2019032801004286,FMDBL,34,19,30,365.00,"10,950.00"
2019-03-28,2019032801004285,FMDBL,34,47,770,365.00,"281,050.00"
2019-03-28,2019032801004282,FMDBL,34,47,200,365.00,"73,000.00"
2019-03-28,2019032801004273,FMDBL,34,41,299,365.00,"109,135.00"
2019-03-28,2019032801004233,FMDBL,35,21,50,364.00,"18,200.00"
2019-03-28,2019032801004232,FMDBL,35,6,19,364.00,"6,916.00"
2019-03-28,2019032801004393,GBBL,58,21,294,188.00,"55,272.00"
2019-03-28,2019032801004368,GBBL,58,17,307,188.00,"57,716.00"
2019-03-28,2019032801004227,GBBL,58,13,100,188.00,"18,800.00"
2019-03-28,2019032801004684,GBIME,46,10,200,262.00,"52,400.00"
2019-03-28,2019032801004683,GBIME,39,10,20,262.00,"5,240.00"
2019-03-28,2019032801004422,GBIME,29,13,12,262.00,"3,144.00"
2019-03-28,2019032801004360,GBIME,29,14,36,262.00,"9,432.00"
2019-03-28,2019032801004310,GBIME,22,44,700,261.00,"182,700.00"
2019-03-28,2019032801004302,GBIME,47,44,150,261.00,"39,150.00"
2019-03-28,2019032801004301,GBIME,44,44,150,261.00,"39,150.00"
2019-03-28,2019032801004284,GBIME,44,49,50,261.00,"13,050.00"
2019-03-28,2019032801004283,GBIME,42,49,200,261.00,"52,200.00"
2019-03-28,2019032801004712,GBLBS,56,14,10,448.00,"4,480.00"
2019-03-28,2019032801004423,GBLBS,42,5,10,449.00,"4,490.00"
2019-03-28,2019032801004362,GBLBS,42,43,10,449.00,"4,490.00"
2019-03-28,2019032801004583,GDBL,1,32,500,186.00,"93,000.00"
2019-03-28,2019032801004564,GDBL,22,32,50,187.00,"9,350.00"
2019-03-28,2019032801004513,GLICL,51,51,100,505.00,"50,500.00"
2019-03-28,2019032801004480,GLICL,51,6,75,505.00,"37,875.00"
2019-03-28,2019032801004479,GLICL,17,6,35,505.00,"17,675.00"
2019-03-28,2019032801004361,GLICL,10,34,200,506.00,"101,200.00"
2019-03-28,2019032801004455,GRDBL,43,5,50,103.00,"5,150.00"
2019-03-28,2019032801004681,HGI,26,56,62,376.00,"23,312.00"
2019-03-28,2019032801004671,HGI,26,56,35,376.00,"13,160.00"
2019-03-28,2019032801004670,HGI,1,56,100,376.00,"37,600.00"
2019-03-28,2019032801004669,HGI,35,56,20,377.00,"7,540.00"
2019-03-28,2019032801004668,HGI,1,56,50,378.00,"18,900.00"
2019-03-28,2019032801004579,HIDCL,1,5,56,131.00,"7,336.00"
2019-03-28,2019032801004470,HIDCL,1,5,56,131.00,"7,336.00"
2019-03-28,2019032801004350,HIDCL,1,5,26,131.00,"3,406.00"
2019-03-28,2019032801004349,HIDCL,34,5,30,131.00,"3,930.00"
2019-03-28,2019032801004221,HIDCL,34,45,10,131.00,"1,310.00"
2019-03-28,2019032801004632,HPPL,35,39,10,183.00,"1,830.00"
2019-03-28,2019032801004515,HPPL,35,39,10,183.00,"1,830.00"
2019-03-28,2019032801004496,HPPL,35,39,10,183.00,"1,830.00"
2019-03-28,2019032801004472,HPPL,35,39,10,183.00,"1,830.00"
2019-03-28,2019032801004371,HPPL,35,39,10,183.00,"1,830.00"
2019-03-28,2019032801004308,HPPL,35,48,10,183.00,"1,830.00"
2019-03-28,2019032801004222,HPPL,48,26,10,184.00,"1,840.00"
2019-03-28,2019032801004346,IGI,39,42,30,402.00,"12,060.00"
2019-03-28,2019032801004556,JBNL,49,57,228,174.00,"39,672.00"
2019-03-28,2019032801004459,JBNL,38,1,"1,000",175.00,"175,000.00"
2019-03-28,2019032801004458,JBNL,38,32,143,175.00,"25,025.00"
2019-03-28,2019032801004457,JBNL,38,38,666,175.00,"116,550.00"
2019-03-28,2019032801004430,JBNL,38,38,234,175.00,"40,950.00"
2019-03-28,2019032801004429,JBNL,38,53,171,175.00,"29,925.00"
2019-03-28,2019032801004428,JBNL,38,59,295,175.00,"51,625.00"
2019-03-28,2019032801004427,JBNL,38,5,500,175.00,"87,500.00"
2019-03-28,2019032801004426,JBNL,38,14,100,175.00,"17,500.00"
2019-03-28,2019032801004425,JBNL,38,26,700,175.00,"122,500.00"
2019-03-28,2019032801004359,JFL,32,51,26,164.00,"4,264.00"
2019-03-28,2019032801004711,JSLBB,58,42,156,"2,078.00","324,168.00"
2019-03-28,2019032801004667,JSLBB,14,42,14,"2,078.00","29,092.00"
2019-03-28,2019032801004666,JSLBB,46,42,30,"2,079.00","62,370.00"
2019-03-28,2019032801004665,JSLBB,46,42,14,"2,080.00","29,120.00"
2019-03-28,2019032801004664,JSLBB,5,42,20,"2,085.00","41,700.00"
2019-03-28,2019032801004663,JSLBB,48,42,50,"2,088.00","104,400.00"
2019-03-28,2019032801004521,JSLBB,19,10,10,"2,091.00","20,910.00"
2019-03-28,2019032801004520,JSLBB,22,10,30,"2,092.00","62,760.00"
2019-03-28,2019032801004519,JSLBB,17,10,40,"2,094.00","83,760.00"
2019-03-28,2019032801004620,JSLBB,55,58,50,"2,090.00","104,500.00"
2019-03-28,2019032801004619,JSLBB,37,58,50,"2,090.00","104,500.00"
2019-03-28,2019032801004618,JSLBB,8,58,50,"2,090.00","104,500.00"
2019-03-28,2019032801004522,JSLBB,47,10,40,"2,091.00","83,640.00"
2019-03-28,2019032801004595,KBL,6,51,52,236.00,"12,272.00"
2019-03-28,2019032801004471,KBL,46,22,10,237.00,"2,370.00"
2019-03-28,2019032801004331,KMCDB,51,16,50,804.00,"40,200.00"
2019-03-28,2019032801004696,KPCL,42,48,10,93.00,930.00
2019-03-28,2019032801004628,KPCL,45,44,10,93.00,930.00
2019-03-28,2019032801004281,KPCL,45,14,10,93.00,930.00
2019-03-28,2019032801004228,KPCL,45,45,10,93.00,930.00
2019-03-28,2019032801004213,KPCL,45,37,10,93.00,930.00
2019-03-28,2019032801004531,KPCL,45,44,10,93.00,930.00
2019-03-28,2019032801004518,KPCL,45,14,10,93.00,930.00
2019-03-28,2019032801004478,KPCL,45,44,10,93.00,930.00
2019-03-28,2019032801004402,KSBBL,57,37,200,139.00,"27,800.00"
2019-03-28,2019032801004401,KSBBL,42,37,100,139.00,"13,900.00"
2019-03-28,2019032801004507,LBBL,46,58,141,170.00,"23,970.00"
2019-03-28,2019032801004380,LBBL,34,51,923,170.00,"156,910.00"
2019-03-28,2019032801004367,LBBL,33,43,50,170.00,"8,500.00"
2019-03-28,2019032801004366,LBBL,33,58,750,170.00,"127,500.00"
2019-03-28,2019032801004678,LGIL,29,32,48,503.00,"24,144.00"
2019-03-28,2019032801004677,LGIL,53,32,50,503.00,"25,150.00"
2019-03-28,2019032801004676,LGIL,45,32,25,503.00,"12,575.00"
2019-03-28,2019032801004675,LGIL,51,32,100,504.00,"50,400.00"
2019-03-28,2019032801004674,LGIL,56,32,200,504.00,"100,800.00"
2019-03-28,2019032801004648,LGIL,53,29,12,505.00,"6,060.00"
2019-03-28,2019032801004630,LGIL,22,29,100,505.00,"50,500.00"
2019-03-28,2019032801004414,LGIL,37,25,130,505.00,"65,650.00"
2019-03-28,2019032801004398,LGIL,22,42,35,505.00,"17,675.00"
2019-03-28,2019032801004573,MBL,6,50,200,221.00,"44,200.00"
2019-03-28,2019032801004300,MBL,54,35,218,222.00,"48,396.00"
2019-03-28,2019032801004299,MBL,54,55,200,222.00,"44,400.00"
2019-03-28,2019032801004298,MBL,54,14,65,222.00,"14,430.00"
2019-03-28,2019032801004591,MEGA,56,25,50,161.00,"8,050.00"
2019-03-28,2019032801004590,MEGA,56,13,33,161.00,"5,313.00"
2019-03-28,2019032801004540,MEGA,19,19,498,161.00,"80,178.00"
2019-03-28,2019032801004385,MEGA,32,51,48,160.00,"7,680.00"
2019-03-28,2019032801004384,MEGA,34,19,"1,000",161.00,"161,000.00"
2019-03-28,2019032801004343,MEGA,46,19,200,161.00,"32,200.00"
2019-03-28,2019032801004264,MEGA,37,19,100,161.00,"16,100.00"
2019-03-28,2019032801004263,MEGA,42,19,200,161.00,"32,200.00"
2019-03-28,2019032801004262,MEGA,41,19,44,161.00,"7,084.00"
2019-03-28,2019032801004244,MEGA,41,45,56,161.00,"9,016.00"
2019-03-28,2019032801004332,MERO,34,42,26,558.00,"14,508.00"
2019-03-28,2019032801004560,MNBBL,56,51,179,342.00,"61,218.00"
2019-03-28,2019032801004392,MNBBL,56,51,34,342.00,"11,628.00"
2019-03-28,2019032801004324,MNBBL,56,42,87,342.00,"29,754.00"
2019-03-28,2019032801004323,MNBBL,38,42,35,342.00,"11,970.00"
2019-03-28,2019032801004403,MSLB,58,59,15,"1,269.00","19,035.00"
2019-03-28,2019032801004636,NABIL,42,25,20,713.00,"14,260.00"
2019-03-28,2019032801004635,NABIL,36,25,10,713.00,"7,130.00"
2019-03-28,2019032801004554,NABIL,36,45,10,713.00,"7,130.00"
2019-03-28,2019032801004473,NABIL,35,1,50,714.00,"35,700.00"
2019-03-28,2019032801004502,NADEP,5,5,10,661.00,"6,610.00"
2019-03-28,2019032801004337,NADEP,57,21,10,664.00,"6,640.00"
2019-03-28,2019032801004653,NBB,41,57,356,194.00,"69,064.00"
2019-03-28,2019032801004400,NBB,29,35,50,196.00,"9,800.00"
2019-03-28,2019032801004365,NBB,42,42,1,195.00,195.00
2019-03-28,2019032801004247,NBB,41,45,200,194.00,"38,800.00"
2019-03-28,2019032801004256,NBL,17,45,100,288.00,"28,800.00"
2019-03-28,2019032801004566,NEF,11,44,"2,414",8.18,"19,746.52"
2019-03-28,2019032801004565,NEF,11,44,"2,414",8.18,"19,746.52"
2019-03-28,2019032801004379,NGPL,1,46,11,125.00,"1,375.00"
2019-03-28,2019032801004370,NGPL,1,16,11,124.00,"1,364.00"
2019-03-28,2019032801004415,NHPC,21,42,20,72.00,"1,440.00"
2019-03-28,2019032801004650,NIB,1,5,13,528.00,"6,864.00"
2019-03-28,2019032801004482,NIB,1,5,37,528.00,"19,536.00"
2019-03-28,2019032801004444,NIB,5,37,100,530.00,"53,000.00"
2019-03-28,2019032801004364,NIB,1,5,37,528.00,"19,536.00"
2019-03-28,2019032801004329,NIB,1,49,200,528.00,"105,600.00"
2019-03-28,2019032801004234,NIB,1,29,30,528.00,"15,840.00"
2019-03-28,2019032801004638,NICA,54,6,1,398.00,398.00
2019-03-28,2019032801004637,NICA,54,6,609,398.00,"242,382.00"
2019-03-28,2019032801004594,NICA,54,44,390,398.00,"155,220.00"
2019-03-28,2019032801004547,NICA,28,6,"1,000",398.00,"398,000.00"
2019-03-28,2019032801004546,NICA,18,6,100,398.00,"39,800.00"
2019-03-28,2019032801004545,NICA,39,6,23,398.00,"9,154.00"
2019-03-28,2019032801004356,NICA,19,49,11,399.00,"4,389.00"
2019-03-28,2019032801004355,NICA,19,48,450,399.00,"179,550.00"
2019-03-28,2019032801004341,NICA,29,48,50,399.00,"19,950.00"
2019-03-28,2019032801004340,NICA,39,44,37,398.00,"14,726.00"
2019-03-28,2019032801004339,NICA,22,44,100,398.00,"39,800.00"
2019-03-28,2019032801004338,NICA,22,44,263,398.00,"104,674.00"
2019-03-28,2019032801004544,NICA,48,6,94,399.00,"37,506.00"
2019-03-28,2019032801004529,NICA,48,51,370,399.00,"147,630.00"
2019-03-28,2019032801004435,NICA,48,4,236,399.00,"94,164.00"
2019-03-28,2019032801004406,NICA,19,4,264,399.00,"105,336.00"
2019-03-28,2019032801004405,NICA,19,5,236,399.00,"94,164.00"
2019-03-28,2019032801004357,NICA,19,5,39,399.00,"15,561.00"
2019-03-28,2019032801004599,NICL,44,40,500,371.00,"185,500.00"
2019-03-28,2019032801004525,NICL,5,5,118,373.00,"44,014.00"
2019-03-28,2019032801004376,NICL,25,40,500,372.00,"186,000.00"
2019-03-28,2019032801004325,NICL,44,48,190,371.00,"70,490.00"
2019-03-28,2019032801004710,NIL,44,46,"1,000",516.00,"516,000.00"
2019-03-28,2019032801004709,NIL,55,46,"1,000",516.00,"516,000.00"
2019-03-28,2019032801004708,NIL,25,46,500,517.00,"258,500.00"
2019-03-28,2019032801004707,NIL,40,46,300,517.00,"155,100.00"
2019-03-28,2019032801004706,NIL,43,46,21,517.00,"10,857.00"
2019-03-28,2019032801004705,NIL,5,46,200,518.00,"103,600.00"
2019-03-28,2019032801004704,NIL,41,46,50,518.00,"25,900.00"
2019-03-28,2019032801004703,NIL,28,46,300,518.00,"155,400.00"
2019-03-28,2019032801004702,NIL,25,46,41,518.00,"21,238.00"
2019-03-28,2019032801004701,NIL,35,46,150,519.00,"77,850.00"
2019-03-28,2019032801004700,NIL,37,46,150,519.00,"77,850.00"
2019-03-28,2019032801004223,NIL,37,19,50,520.00,"26,000.00"
2019-03-28,2019032801004682,NLIC,25,22,17,"1,100.00","18,700.00"
2019-03-28,2019032801004627,NLIC,33,58,17,"1,100.00","18,700.00"
2019-03-28,2019032801004626,NLIC,33,58,17,"1,100.00","18,700.00"
2019-03-28,2019032801004625,NLIC,33,58,17,"1,100.00","18,700.00"
2019-03-28,2019032801004624,NLIC,33,51,100,"1,100.00","110,000.00"
2019-03-28,2019032801004623,NLIC,33,43,30,"1,100.00","33,000.00"
2019-03-28,2019032801004225,NLIC,7,56,240,"1,099.00","263,760.00"
2019-03-28,2019032801004313,NLIC,25,56,200,"1,099.00","219,800.00"
2019-03-28,2019032801004266,NLIC,49,14,10,"1,100.00","11,000.00"
2019-03-28,2019032801004238,NLIC,36,14,15,"1,099.00","16,485.00"
2019-03-28,2019032801004237,NLIC,36,56,110,"1,099.00","120,890.00"
2019-03-28,2019032801004236,NLIC,36,21,10,"1,098.00","10,980.00"
2019-03-28,2019032801004230,NLIC,33,26,17,"1,096.00","18,632.00"
2019-03-28,2019032801004319,NLIC,25,16,50,"1,100.00","55,000.00"
2019-03-28,2019032801004318,NLIC,25,14,48,"1,100.00","52,800.00"
2019-03-28,2019032801004317,NLIC,25,28,340,"1,100.00","374,000.00"
2019-03-28,2019032801004316,NLIC,25,38,133,"1,100.00","146,300.00"
2019-03-28,2019032801004315,NLIC,25,6,25,"1,100.00","27,500.00"
2019-03-28,2019032801004314,NLIC,25,14,40,"1,100.00","44,000.00"
2019-03-28,2019032801004622,NLIC,33,33,17,"1,100.00","18,700.00"
2019-03-28,2019032801004570,NLIC,25,59,99,"1,098.00","108,702.00"
2019-03-28,2019032801004505,NLIC,25,32,49,"1,098.00","53,802.00"
2019-03-28,2019032801004407,NLIC,25,59,17,"1,098.00","18,666.00"
2019-03-28,2019032801004321,NLIC,25,39,100,"1,100.00","110,000.00"
2019-03-28,2019032801004320,NLIC,25,25,100,"1,100.00","110,000.00"
2019-03-28,2019032801004553,NMB,28,28,245,325.00,"79,625.00"
2019-03-28,2019032801004537,NMB,19,44,252,326.00,"82,152.00"
2019-03-28,2019032801004536,NMB,19,39,12,326.00,"3,912.00"
2019-03-28,2019032801004535,NMB,19,39,12,326.00,"3,912.00"
2019-03-28,2019032801004534,NMB,19,42,200,326.00,"65,200.00"
2019-03-28,2019032801004533,NMB,19,39,12,326.00,"3,912.00"
2019-03-28,2019032801004532,NMB,19,39,12,326.00,"3,912.00"
2019-03-28,2019032801004419,NMB,46,1,12,327.00,"3,924.00"
2019-03-28,2019032801004418,NMB,46,39,12,326.00,"3,912.00"
2019-03-28,2019032801004297,NMB,19,39,62,326.00,"20,212.00"
2019-03-28,2019032801004296,NMB,19,43,157,326.00,"51,182.00"
2019-03-28,2019032801004295,NMB,19,13,166,326.00,"54,116.00"
2019-03-28,2019032801004327,NMBHF1,43,8,"10,000",9.20,"92,000.00"
2019-03-28,2019032801004312,NMBHF1,43,42,"5,000",9.18,"45,900.00"
2019-03-28,2019032801004311,NMBHF1,43,53,"5,659",9.18,"51,949.62"
2019-03-28,2019032801004539,NMFBS,5,58,77,"1,580.00","121,660.00"
2019-03-28,2019032801004530,NMFBS,13,58,16,"1,580.00","25,280.00"
2019-03-28,2019032801004462,NMFBS,41,58,30,"1,580.00","47,400.00"
2019-03-28,2019032801004372,NSEWA,17,5,10,510.00,"5,100.00"
2019-03-28,2019032801004333,NSEWA,41,51,90,515.00,"46,350.00"
2019-03-28,2019032801004268,NSEWA,41,45,10,515.00,"5,150.00"
2019-03-28,2019032801004404,NUBL,35,51,18,731.00,"13,158.00"
2019-03-28,2019032801004528,OHL,34,14,678,432.00,"292,896.00"
2019-03-28,2019032801004504,PCBL,58,6,100,317.00,"31,700.00"
2019-03-28,2019032801004452,PCBL,58,49,204,317.00,"64,668.00"
2019-03-28,2019032801004451,PCBL,37,49,96,318.00,"30,528.00"
2019-03-28,2019032801004450,PCBL,37,19,11,318.00,"3,498.00"
2019-03-28,2019032801004449,PCBL,37,45,193,318.00,"61,374.00"
2019-03-28,2019032801004412,PCBL,58,51,67,317.00,"21,239.00"
2019-03-28,2019032801004326,PCBL,58,5,481,317.00,"152,477.00"
2019-03-28,2019032801004280,PCBL,22,45,69,316.00,"21,804.00"
2019-03-28,2019032801004278,PCBL,19,59,500,317.00,"158,500.00"
2019-03-28,2019032801004557,PFL,39,1,13,129.00,"1,677.00"
2019-03-28,2019032801004572,PIC,29,29,1,"1,000.00","1,000.00"
2019-03-28,2019032801004543,PIC,29,29,1,"1,000.00","1,000.00"
2019-03-28,2019032801004500,PIC,6,39,42,"1,018.00","42,756.00"
2019-03-28,2019032801004413,PLIC,34,28,106,445.00,"47,170.00"
2019-03-28,2019032801004391,PLIC,34,28,324,445.00,"144,180.00"
2019-03-28,2019032801004390,PLIC,48,28,50,447.00,"22,350.00"
2019-03-28,2019032801004214,PLIC,44,35,52,447.00,"23,244.00"
2019-03-28,2019032801004690,PMHPL,32,44,10,113.00,"1,130.00"
2019-03-28,2019032801004616,PMHPL,32,44,10,113.00,"1,130.00"
2019-03-28,2019032801004600,PMHPL,32,44,10,113.00,"1,130.00"
2019-03-28,2019032801004580,PMHPL,32,44,10,113.00,"1,130.00"
2019-03-28,2019032801004574,PMHPL,32,14,10,113.00,"1,130.00"
2019-03-28,2019032801004523,PMHPL,32,44,10,113.00,"1,130.00"
2019-03-28,2019032801004476,PMHPL,32,44,10,113.00,"1,130.00"
2019-03-28,2019032801004351,PMHPL,32,44,10,113.00,"1,130.00"
2019-03-28,2019032801004292,PMHPL,32,14,10,113.00,"1,130.00"
2019-03-28,2019032801004484,PRIN,22,57,90,410.00,"36,900.00"
2019-03-28,2019032801004469,PRIN,29,57,10,410.00,"4,100.00"
2019-03-28,2019032801004354,PRIN,4,57,100,410.00,"41,000.00"
2019-03-28,2019032801004629,PRVU,33,55,50,235.00,"11,750.00"
2019-03-28,2019032801004527,PRVU,58,50,101,237.00,"23,937.00"
2019-03-28,2019032801004261,PRVU,33,41,100,235.00,"23,500.00"
2019-03-28,2019032801004257,PRVU,6,50,300,237.00,"71,100.00"
2019-03-28,2019032801004420,RHPC,46,32,61,96.00,"5,856.00"
2019-03-28,2019032801004475,RMDC,34,49,100,529.00,"52,900.00"
2019-03-28,2019032801004219,RMDC,5,42,60,530.00,"31,800.00"
2019-03-28,2019032801004437,RRHP,22,14,10,96.00,960.00
2019-03-28,2019032801004409,RRHP,22,19,30,97.00,"2,910.00"
2019-03-28,2019032801004558,RSDC,21,53,20,369.00,"7,380.00"
2019-03-28,2019032801004436,RSDC,41,59,13,364.00,"4,732.00"
2019-03-28,2019032801004342,RSDC,41,17,57,364.00,"20,748.00"
2019-03-28,2019032801004226,RSDC,18,17,10,369.00,"3,690.00"
2019-03-28,2019032801004217,RSDC,34,39,18,368.00,"6,624.00"
2019-03-28,2019032801004216,RSDC,34,45,12,368.00,"4,416.00"
2019-03-28,2019032801004598,SADBL,50,16,31,144.00,"4,464.00"
2019-03-28,2019032801004652,SANIMA,17,51,205,300.00,"61,500.00"
2019-03-28,2019032801004506,SANIMA,45,37,500,301.00,"150,500.00"
2019-03-28,2019032801004448,SANIMA,17,51,76,300.00,"22,800.00"
2019-03-28,2019032801004438,SANIMA,29,37,30,301.00,"9,030.00"
2019-03-28,2019032801004421,SANIMA,17,41,100,300.00,"30,000.00"
2019-03-28,2019032801004411,SANIMA,58,37,54,301.00,"16,254.00"
2019-03-28,2019032801004410,SANIMA,58,14,47,301.00,"14,147.00"
2019-03-28,2019032801004382,SANIMA,29,14,33,301.00,"9,933.00"
2019-03-28,2019032801004381,SANIMA,29,14,17,301.00,"5,117.00"
2019-03-28,2019032801004344,SANIMA,58,43,75,300.00,"22,500.00"
2019-03-28,2019032801004220,SANIMA,58,57,125,300.00,"37,500.00"
2019-03-28,2019032801004680,SBBLJ,50,51,91,193.00,"17,563.00"
2019-03-28,2019032801004526,SBBLJ,49,51,50,193.00,"9,650.00"
2019-03-28,2019032801004552,SBI,32,5,20,391.00,"7,820.00"
2019-03-28,2019032801004389,SBI,29,5,50,391.00,"19,550.00"
2019-03-28,2019032801004596,SCB,6,58,75,570.00,"42,750.00"
2019-03-28,2019032801004433,SDESI,34,22,54,545.00,"29,430.00"
2019-03-28,2019032801004432,SDESI,7,22,100,545.00,"54,500.00"
2019-03-28,2019032801004431,SDESI,10,22,37,545.00,"20,165.00"
2019-03-28,2019032801004640,SEF,43,17,500,9.21,"4,605.00"
2019-03-28,2019032801004249,SEF,53,22,"2,500",9.20,"23,000.00"
2019-03-28,2019032801004694,SHIVM,28,36,30,335.00,"10,050.00"
2019-03-28,2019032801004693,SHIVM,32,36,10,335.00,"3,350.00"
2019-03-28,2019032801004692,SHIVM,36,36,10,335.00,"3,350.00"
2019-03-28,2019032801004691,SHIVM,36,51,50,335.00,"16,750.00"
2019-03-28,2019032801004689,SHIVM,10,1,50,336.00,"16,800.00"
2019-03-28,2019032801004688,SHIVM,10,1,50,336.00,"16,800.00"
2019-03-28,2019032801004248,SHIVM,32,47,20,335.00,"6,700.00"
2019-03-28,2019032801004395,SHIVM,4,46,300,334.00,"100,200.00"
2019-03-28,2019032801004394,SHIVM,39,46,100,334.00,"33,400.00"
2019-03-28,2019032801004291,SHIVM,4,34,50,335.00,"16,750.00"
2019-03-28,2019032801004290,SHIVM,4,47,50,335.00,"16,750.00"
2019-03-28,2019032801004289,SHIVM,4,47,30,335.00,"10,050.00"
2019-03-28,2019032801004279,SHIVM,39,53,50,334.00,"16,700.00"
2019-03-28,2019032801004453,SHIVM,58,45,50,334.00,"16,700.00"
2019-03-28,2019032801004434,SHIVM,58,6,50,334.00,"16,700.00"
2019-03-28,2019032801004417,SHIVM,43,6,50,333.00,"16,650.00"
2019-03-28,2019032801004408,SHIVM,43,6,50,333.00,"16,650.00"
2019-03-28,2019032801004397,SHIVM,43,46,690,333.00,"229,770.00"
2019-03-28,2019032801004396,SHIVM,4,46,420,333.00,"139,860.00"
2019-03-28,2019032801004489,SHIVM,39,41,50,335.00,"16,750.00"
2019-03-28,2019032801004488,SHIVM,39,41,50,335.00,"16,750.00"
2019-03-28,2019032801004487,SHIVM,39,39,50,335.00,"16,750.00"
2019-03-28,2019032801004486,SHIVM,39,58,50,335.00,"16,750.00"
2019-03-28,2019032801004485,SHIVM,39,11,50,335.00,"16,750.00"
2019-03-28,2019032801004456,SHIVM,58,6,50,334.00,"16,700.00"
2019-03-28,2019032801004639,SHIVM,36,51,100,335.00,"33,500.00"
2019-03-28,2019032801004621,SHIVM,39,47,200,335.00,"67,000.00"
2019-03-28,2019032801004493,SHIVM,58,32,10,334.00,"3,340.00"
2019-03-28,2019032801004492,SHIVM,57,32,40,335.00,"13,400.00"
2019-03-28,2019032801004490,SHIVM,39,39,150,335.00,"50,250.00"
2019-03-28,2019032801004687,SHIVM,10,11,50,336.00,"16,800.00"
2019-03-28,2019032801004686,SHIVM,10,11,50,336.00,"16,800.00"
2019-03-28,2019032801004685,SHIVM,10,11,100,336.00,"33,600.00"
2019-03-28,2019032801004656,SHIVM,36,8,50,335.00,"16,750.00"
2019-03-28,2019032801004647,SHIVM,36,21,40,335.00,"13,400.00"
2019-03-28,2019032801004644,SHIVM,36,20,50,335.00,"16,750.00"
2019-03-28,2019032801004578,SHPC,37,51,19,226.00,"4,294.00"
2019-03-28,2019032801004514,SHPC,37,13,22,226.00,"4,972.00"
2019-03-28,2019032801004551,SIL,29,44,10,600.00,"6,000.00"
2019-03-28,2019032801004550,SIL,42,44,80,600.00,"48,000.00"
2019-03-28,2019032801004577,SKBBL,40,37,105,856.00,"89,880.00"
2019-03-28,2019032801004576,SKBBL,25,37,125,857.00,"107,125.00"
2019-03-28,2019032801004575,SKBBL,6,37,17,858.00,"14,586.00"
2019-03-28,2019032801004559,SKBBL,6,40,25,858.00,"21,450.00"
2019-03-28,2019032801004378,SKBBL,17,47,19,860.00,"16,340.00"
2019-03-28,2019032801004267,SKBBL,17,13,20,860.00,"17,200.00"
2019-03-28,2019032801004643,SLBBL,46,39,47,500.00,"23,500.00"
2019-03-28,2019032801004642,SLBBL,46,57,200,499.00,"99,800.00"
2019-03-28,2019032801004641,SLBBL,46,44,10,499.00,"4,990.00"
2019-03-28,2019032801004555,SLBSL,57,29,10,703.00,"7,030.00"
2019-03-28,2019032801004542,SLBSL,57,29,10,703.00,"7,030.00"
2019-03-28,2019032801004377,SLBSL,57,34,10,703.00,"7,030.00"
2019-03-28,2019032801004661,SLICL,22,6,50,525.00,"26,250.00"
2019-03-28,2019032801004352,SLICL,54,16,25,526.00,"13,150.00"
2019-03-28,2019032801004672,SMATA,20,20,6,"1,245.00","7,470.00"
2019-03-28,2019032801004657,SMATA,20,20,6,"1,245.00","7,470.00"
2019-03-28,2019032801004443,SMATA,28,43,18,"1,270.00","22,860.00"
2019-03-28,2019032801004442,SMATA,28,43,18,"1,270.00","22,860.00"
2019-03-28,2019032801004441,SMATA,28,17,18,"1,260.00","22,680.00"
2019-03-28,2019032801004440,SMATA,28,19,18,"1,259.00","22,662.00"
2019-03-28,2019032801004439,SMATA,28,48,18,"1,258.00","22,644.00"
2019-03-28,2019032801004610,SRBL,49,28,"1,000",217.00,"217,000.00"
2019-03-28,2019032801004586,SRBL,56,51,36,216.00,"7,776.00"
2019-03-28,2019032801004467,SRBL,25,51,18,217.00,"3,906.00"
2019-03-28,2019032801004374,SRBL,29,51,35,218.00,"7,630.00"
2019-03-28,2019032801004373,SRBL,29,48,15,218.00,"3,270.00"
2019-03-28,2019032801004495,TRH,37,7,200,240.00,"48,000.00"
2019-03-28,2019032801004494,TRH,37,16,10,240.00,"2,400.00"
2019-03-28,2019032801004615,UMHL,1,58,10,113.00,"1,130.00"
2019-03-28,2019032801004614,UMHL,1,13,14,113.00,"1,582.00"
2019-03-28,2019032801004592,UPPER,29,5,50,239.00,"11,950.00"
2019-03-28,2019032801004229,UPPER,42,37,40,239.00,"9,560.00"
2019-03-28,2019032801004218,UPPER,42,42,40,239.00,"9,560.00"
2019-03-28,2019032801004463,UPPER,29,22,40,239.00,"9,560.00"
2019-03-28,2019032801004454,UPPER,29,14,50,239.00,"11,950.00"
2019-03-28,2019032801004388,UPPER,29,14,40,239.00,"9,560.00"
2019-03-28,2019032801004387,UPPER,42,14,60,239.00,"14,340.00"
2019-03-28,2019032801004386,UPPER,42,14,"1,606",239.00,"383,834.00"
2019-03-28,2019032801004383,UPPER,42,5,40,239.00,"9,560.00"
2019-03-28,2019032801004501,UPPER,29,57,60,239.00,"14,340.00"
2019-03-28,2019032801004465,UPPER,29,44,35,240.00,"8,400.00"
2019-03-28,2019032801004464,UPPER,29,42,25,240.00,"6,000.00"
2019-03-28,2019032801004497,VLBS,41,51,12,646.00,"7,752.00"
2019-03-28,2019032801004166,ADBL,11,14,40,295.00,"11,800.00"
2019-03-28,2019032801004083,ADBL,11,59,285,295.00,"84,075.00"
2019-03-28,2019032801004038,ADBL,44,59,65,295.00,"19,175.00"
2019-03-28,2019032801003868,ADBL,16,41,105,294.00,"30,870.00"
2019-03-28,2019032801003801,AKJCL,17,17,20,81.00,"1,620.00"
2019-03-28,2019032801003790,AKJCL,44,38,10,81.00,810.00
2019-03-28,2019032801003789,AKJCL,44,45,10,81.00,810.00
2019-03-28,2019032801003733,AKJCL,7,44,20,80.00,"1,600.00"
2019-03-28,2019032801004165,ALBSL,51,45,10,485.00,"4,850.00"
2019-03-28,2019032801004161,ALBSL,51,44,10,485.00,"4,850.00"
2019-03-28,2019032801004160,ALBSL,51,32,10,485.00,"4,850.00"
2019-03-28,2019032801004159,ALBSL,51,44,10,485.00,"4,850.00"
2019-03-28,2019032801004109,ALBSL,8,21,10,484.00,"4,840.00"
2019-03-28,2019032801004088,ALBSL,8,39,10,484.00,"4,840.00"
2019-03-28,2019032801003794,ALBSL,51,40,10,484.00,"4,840.00"
2019-03-28,2019032801003781,ALBSL,51,45,10,484.00,"4,840.00"
2019-03-28,2019032801003726,ALBSL,57,10,10,483.00,"4,830.00"
2019-03-28,2019032801004082,ALBSL,8,39,10,484.00,"4,840.00"
2019-03-28,2019032801004070,ALBSL,8,39,10,484.00,"4,840.00"
2019-03-28,2019032801004068,ALBSL,8,39,10,484.00,"4,840.00"
2019-03-28,2019032801004062,ALBSL,40,39,10,484.00,"4,840.00"
2019-03-28,2019032801004018,ALBSL,39,44,10,485.00,"4,850.00"
2019-03-28,2019032801004017,ALBSL,51,39,10,484.00,"4,840.00"
2019-03-28,2019032801004108,ALICL,37,32,90,389.00,"35,010.00"
2019-03-28,2019032801004157,API,52,28,20,136.00,"2,720.00"
2019-03-28,2019032801004057,API,25,28,50,136.00,"6,800.00"
2019-03-28,2019032801004029,API,1,28,100,135.00,"13,500.00"
2019-03-28,2019032801004028,API,48,28,100,135.00,"13,500.00"
2019-03-28,2019032801004020,API,46,25,300,137.00,"41,100.00"
2019-03-28,2019032801004187,BARUN,19,45,10,97.00,970.00
2019-03-28,2019032801004116,BARUN,19,16,10,97.00,970.00
2019-03-28,2019032801004092,BHBL,1,28,500,146.00,"73,000.00"
2019-03-28,2019032801003987,BHBL,35,58,100,145.00,"14,500.00"
2019-03-28,2019032801003986,BHBL,35,19,200,145.00,"29,000.00"
2019-03-28,2019032801004073,BOKL,37,6,257,242.00,"62,194.00"
2019-03-28,2019032801004072,BOKL,37,43,"1,086",242.00,"262,812.00"
2019-03-28,2019032801004015,BOKL,44,43,25,242.00,"6,050.00"
2019-03-28,2019032801003919,BOKL,42,43,89,242.00,"21,538.00"
2019-03-28,2019032801003918,BOKL,42,33,100,242.00,"24,200.00"
2019-03-28,2019032801003917,BOKL,42,6,211,242.00,"51,062.00"
2019-03-28,2019032801003916,BOKL,42,17,100,242.00,"24,200.00"
2019-03-28,2019032801003849,BOKL,57,17,100,242.00,"24,200.00"
2019-03-28,2019032801004209,BPCL,56,36,11,358.00,"3,938.00"
2019-03-28,2019032801004201,BPCL,56,36,11,358.00,"3,938.00"
2019-03-28,2019032801004195,BPCL,56,36,11,358.00,"3,938.00"
2019-03-28,2019032801004188,BPCL,56,36,11,358.00,"3,938.00"
2019-03-28,2019032801004149,BPCL,8,38,5,360.00,"1,800.00"
2019-03-28,2019032801004148,BPCL,8,36,11,360.00,"3,960.00"
2019-03-28,2019032801003851,BPCL,4,10,11,360.00,"3,960.00"
2019-03-28,2019032801004130,BPCL,8,36,11,360.00,"3,960.00"
2019-03-28,2019032801003975,BPCL,8,38,33,360.00,"11,880.00"
2019-03-28,2019032801003923,BPCL,8,38,28,360.00,"10,080.00"
2019-03-28,2019032801003922,BPCL,8,21,22,360.00,"7,920.00"
2019-03-28,2019032801003853,BPCL,4,39,12,360.00,"4,320.00"
2019-03-28,2019032801003852,BPCL,4,21,22,360.00,"7,920.00"
2019-03-28,2019032801004019,CBBL,36,11,100,885.00,"88,500.00"
2019-03-28,2019032801003720,CBBL,41,10,32,881.00,"28,192.00"
2019-03-28,2019032801003719,CBBL,1,10,110,881.00,"96,910.00"
2019-03-28,2019032801004091,CBL,26,45,70,156.00,"10,920.00"
2019-03-28,2019032801004051,CBL,40,13,"1,000",156.00,"156,000.00"
2019-03-28,2019032801004050,CBL,5,13,120,156.00,"18,720.00"
2019-03-28,2019032801004030,CBL,5,34,100,156.00,"15,600.00"
2019-03-28,2019032801003778,CBL,5,17,80,156.00,"12,480.00"
2019-03-28,2019032801004210,CCBL,44,45,98,163.00,"15,974.00"
2019-03-28,2019032801004205,CCBL,26,45,74,164.00,"12,136.00"
2019-03-28,2019032801004106,CCBL,13,45,20,165.00,"3,300.00"
2019-03-28,2019032801004103,CCBL,13,45,20,165.00,"3,300.00"
2019-03-28,2019032801004087,CCBL,13,45,20,165.00,"3,300.00"
2019-03-28,2019032801004074,CCBL,26,34,26,164.00,"4,264.00"
2019-03-28,2019032801004045,CCBL,14,34,150,164.00,"24,600.00"
2019-03-28,2019032801004023,CCBL,13,34,29,164.00,"4,756.00"
2019-03-28,2019032801004016,CCBL,21,34,100,164.00,"16,400.00"
2019-03-28,2019032801003992,CCBL,51,45,20,165.00,"3,300.00"
2019-03-28,2019032801003800,CCBL,21,22,100,164.00,"16,400.00"
2019-03-28,2019032801003771,CFCL,32,10,22,106.00,"2,332.00"
2019-03-28,2019032801004185,CHLBS,19,48,10,530.00,"5,300.00"
2019-03-28,2019032801004127,CHLBS,49,29,10,529.00,"5,290.00"
2019-03-28,2019032801004110,CHLBS,43,29,10,528.00,"5,280.00"
2019-03-28,2019032801004089,CHLBS,48,57,10,530.00,"5,300.00"
2019-03-28,2019032801003947,CHLBS,56,29,10,529.00,"5,290.00"
2019-03-28,2019032801003946,CHLBS,56,44,10,529.00,"5,290.00"
2019-03-28,2019032801003945,CHLBS,56,44,10,529.00,"5,290.00"
2019-03-28,2019032801003944,CHLBS,56,44,10,529.00,"5,290.00"
2019-03-28,2019032801003991,CIT,16,6,42,"2,621.00","110,082.00"
2019-03-28,2019032801003978,CIT,5,6,30,"2,621.00","78,630.00"
2019-03-28,2019032801003913,CIT,25,6,39,"2,621.00","102,219.00"
2019-03-28,2019032801003788,CIT,25,10,27,"2,621.00","70,767.00"
2019-03-28,2019032801003787,CIT,25,10,30,"2,622.00","78,660.00"
2019-03-28,2019032801004177,CZBIL,45,43,300,209.00,"62,700.00"
2019-03-28,2019032801004151,CZBIL,46,43,160,209.00,"33,440.00"
2019-03-28,2019032801004001,CZBIL,44,43,65,209.00,"13,585.00"
2019-03-28,2019032801003926,CZBIL,5,41,45,208.00,"9,360.00"
2019-03-28,2019032801003713,CZBIL,5,4,164,208.00,"34,112.00"
2019-03-28,2019032801004104,DBBL,49,32,106,125.00,"13,250.00"
2019-03-28,2019032801004004,DBBL,49,32,350,125.00,"43,750.00"
2019-03-28,2019032801004003,DBBL,20,32,300,125.00,"37,500.00"
2019-03-28,2019032801004002,DBBL,16,32,244,125.00,"30,500.00"
2019-03-28,2019032801004000,DBBL,16,49,469,125.00,"58,625.00"
2019-03-28,2019032801004181,EBL,40,46,31,556.00,"17,236.00"
2019-03-28,2019032801004180,EBL,38,46,20,556.00,"11,120.00"
2019-03-28,2019032801004179,EBL,35,46,30,556.00,"16,680.00"
2019-03-28,2019032801004178,EBL,41,46,44,556.00,"24,464.00"
2019-03-28,2019032801004105,EBL,19,59,65,558.00,"36,270.00"
2019-03-28,2019032801004077,EBL,36,43,100,557.00,"55,700.00"
2019-03-28,2019032801004076,EBL,36,48,583,557.00,"324,731.00"
2019-03-28,2019032801004075,EBL,36,6,49,557.00,"27,293.00"
2019-03-28,2019032801004032,EBL,14,6,190,557.00,"105,830.00"
2019-03-28,2019032801004031,EBL,14,48,70,557.00,"38,990.00"
2019-03-28,2019032801003970,EBL,36,48,500,557.00,"278,500.00"
2019-03-28,2019032801003931,EBL,41,36,36,556.00,"20,016.00"
2019-03-28,2019032801003843,EDBL,41,35,50,292.00,"14,600.00"
2019-03-28,2019032801004147,EIC,26,6,25,850.00,"21,250.00"
2019-03-28,2019032801003935,GBIME,25,41,68,260.00,"17,680.00"
2019-03-28,2019032801003915,GBIME,37,37,2,260.00,520.00
2019-03-28,2019032801003879,GBIME,25,41,68,260.00,"17,680.00"
2019-03-28,2019032801003777,GBIME,37,37,2,260.00,520.00
2019-03-28,2019032801003768,GBIME,25,11,9,260.00,"2,340.00"
2019-03-28,2019032801004150,GBLBS,33,13,50,450.00,"22,500.00"
2019-03-28,2019032801004026,GBLBS,13,13,300,450.00,"135,000.00"
2019-03-28,2019032801003974,GBLBS,1,13,10,450.00,"4,500.00"
2019-03-28,2019032801003758,GBLBS,39,10,10,446.00,"4,460.00"
2019-03-28,2019032801003786,GDBL,37,37,1,186.00,186.00
2019-03-28,2019032801003718,GDBL,37,37,1,186.00,186.00
2019-03-28,2019032801003996,GLICL,17,39,165,505.00,"83,325.00"
2019-03-28,2019032801003976,GLICL,43,39,20,505.00,"10,100.00"
2019-03-28,2019032801004102,HIDCL,34,45,10,131.00,"1,310.00"
