Date,Transact. No.,Symbol,Buyer,Seller,Quantity,Rate,Amount
2021-03-16,2021031605006982,CGH,10,35,10,"1,069.00","10,690.00"
2021-03-16,2021031605006977,CGH,10,57,10,"1,069.00","10,690.00"
2021-03-16,2021031605006958,CGH,10,58,10,"1,069.00","10,690.00"
2021-03-16,2021031605006905,CGH,10,8,10,"1,069.00","10,690.00"
2021-03-16,2021031605006844,CGH,10,22,10,"1,069.00","10,690.00"
2021-03-16,2021031605006794,CGH,10,43,10,"1,069.00","10,690.00"
2021-03-16,2021031605006699,CGH,10,56,10,"1,069.00","10,690.00"
2021-03-16,2021031605006677,CGH,10,41,10,"1,069.00","10,690.00"
2021-03-16,2021031605006675,CGH,10,56,10,"1,069.00","10,690.00"
2021-03-16,2021031605006657,CGH,10,21,10,"1,069.00","10,690.00"
2021-03-16,2021031605006656,CGH,10,51,10,"1,069.00","10,690.00"
2021-03-16,2021031605006615,CGH,10,45,10,"1,069.00","10,690.00"
2021-03-16,2021031605006790,CGH,10,22,10,"1,069.00","10,690.00"
2021-03-16,2021031605006785,CGH,10,22,10,"1,069.00","10,690.00"
2021-03-16,2021031605006742,CGH,10,47,10,"1,069.00","10,690.00"
2021-03-16,2021031605006724,CGH,10,57,10,"1,069.00","10,690.00"
2021-03-16,2021031605006723,CGH,10,21,10,"1,069.00","10,690.00"
2021-03-16,2021031605006721,CGH,10,51,10,"1,069.00","10,690.00"
2021-03-16,2021031605007065,NIFRA,21,58,30,533.00,"15,990.00"
2021-03-16,2021031605007064,NIFRA,21,40,20,533.00,"10,660.00"
2021-03-16,2021031605007063,NIFRA,44,40,40,533.00,"21,320.00"
2021-03-16,2021031605007062,NIFRA,7,58,50,533.00,"26,650.00"
2021-03-16,2021031605007061,NIFRA,45,59,100,534.00,"53,400.00"
2021-03-16,2021031605007059,NIFRA,38,59,500,534.00,"267,000.00"
2021-03-16,2021031605006574,NIFRA,55,11,60,536.00,"32,160.00"
2021-03-16,2021031605006573,NIFRA,55,10,10,535.00,"5,350.00"
2021-03-16,2021031605006572,NIFRA,32,34,10,535.00,"5,350.00"
2021-03-16,2021031605006571,NIFRA,32,34,30,535.00,"16,050.00"
2021-03-16,2021031605006570,NIFRA,29,34,20,535.00,"10,700.00"
2021-03-16,2021031605006580,NIFRA,55,21,"1,900",535.00,"1,016,500.00"
2021-03-16,2021031605006579,NIFRA,55,38,60,535.00,"32,100.00"
2021-03-16,2021031605006578,NIFRA,32,10,10,535.00,"5,350.00"
2021-03-16,2021031605006577,NIFRA,32,34,50,535.00,"26,750.00"
2021-03-16,2021031605006576,NIFRA,55,36,5,536.00,"2,680.00"
2021-03-16,2021031605006575,NIFRA,55,44,50,536.00,"26,800.00"
2021-03-16,2021031605006589,NIFRA,55,43,10,535.00,"5,350.00"
2021-03-16,2021031605006588,NIFRA,55,10,10,535.00,"5,350.00"
2021-03-16,2021031605006587,NIFRA,55,34,50,535.00,"26,750.00"
2021-03-16,2021031605006586,NIFRA,55,28,60,535.00,"32,100.00"
2021-03-16,2021031605006584,NIFRA,55,34,60,535.00,"32,100.00"
2021-03-16,2021031605006583,NIFRA,55,45,60,535.00,"32,100.00"
2021-03-16,2021031605006597,NIFRA,55,34,60,535.00,"32,100.00"
2021-03-16,2021031605006594,NIFRA,55,57,60,535.00,"32,100.00"
2021-03-16,2021031605006593,NIFRA,55,42,50,535.00,"26,750.00"
2021-03-16,2021031605006592,NIFRA,55,10,10,535.00,"5,350.00"
2021-03-16,2021031605006591,NIFRA,51,50,40,536.00,"21,440.00"
2021-03-16,2021031605006590,NIFRA,55,45,60,535.00,"32,100.00"
2021-03-16,2021031605006605,NIFRA,34,28,125,536.00,"67,000.00"
2021-03-16,2021031605006604,NIFRA,34,43,50,536.00,"26,800.00"
2021-03-16,2021031605006603,NIFRA,34,8,60,536.00,"32,160.00"
2021-03-16,2021031605006601,NIFRA,55,36,50,535.00,"26,750.00"
2021-03-16,2021031605006600,NIFRA,55,10,10,535.00,"5,350.00"
2021-03-16,2021031605006599,NIFRA,21,50,20,536.00,"10,720.00"
2021-03-16,2021031605006612,NIFRA,55,34,50,535.00,"26,750.00"
2021-03-16,2021031605006611,NIFRA,49,28,300,536.00,"160,800.00"
2021-03-16,2021031605006609,NIFRA,55,45,50,535.00,"26,750.00"
2021-03-16,2021031605006608,NIFRA,55,34,60,535.00,"32,100.00"
2021-03-16,2021031605006607,NIFRA,55,58,50,535.00,"26,750.00"
2021-03-16,2021031605006606,NIFRA,55,48,40,535.00,"21,400.00"
2021-03-16,2021031605006619,NIFRA,55,36,50,535.00,"26,750.00"
2021-03-16,2021031605006618,NIFRA,48,28,70,536.00,"37,520.00"
2021-03-16,2021031605006617,NIFRA,55,55,50,535.00,"26,750.00"
2021-03-16,2021031605006616,NIFRA,55,58,60,535.00,"32,100.00"
2021-03-16,2021031605006614,NIFRA,55,44,50,535.00,"26,750.00"
2021-03-16,2021031605006613,NIFRA,55,19,20,535.00,"10,700.00"
2021-03-16,2021031605006626,NIFRA,55,48,50,535.00,"26,750.00"
2021-03-16,2021031605006625,NIFRA,55,32,20,535.00,"10,700.00"
2021-03-16,2021031605006623,NIFRA,16,28,250,536.00,"134,000.00"
2021-03-16,2021031605006622,NIFRA,55,45,50,535.00,"26,750.00"
2021-03-16,2021031605006621,NIFRA,55,48,40,535.00,"21,400.00"
2021-03-16,2021031605006620,NIFRA,55,55,50,535.00,"26,750.00"
2021-03-16,2021031605006632,NIFRA,55,45,"1,500",535.00,"802,500.00"
2021-03-16,2021031605006631,NIFRA,55,40,50,535.00,"26,750.00"
2021-03-16,2021031605006630,NIFRA,32,28,40,536.00,"21,440.00"
2021-03-16,2021031605006629,NIFRA,55,28,60,535.00,"32,100.00"
2021-03-16,2021031605006628,NIFRA,55,34,10,535.00,"5,350.00"
2021-03-16,2021031605006627,NIFRA,55,14,20,535.00,"10,700.00"
2021-03-16,2021031605006642,NIFRA,42,28,100,536.00,"53,600.00"
2021-03-16,2021031605006637,NIFRA,57,48,40,535.00,"21,400.00"
2021-03-16,2021031605006636,NIFRA,29,28,50,536.00,"26,800.00"
2021-03-16,2021031605006635,NIFRA,55,55,60,535.00,"32,100.00"
2021-03-16,2021031605006634,NIFRA,55,49,50,535.00,"26,750.00"
2021-03-16,2021031605006633,NIFRA,55,13,50,535.00,"26,750.00"
2021-03-16,2021031605006649,NIFRA,32,45,100,536.00,"53,600.00"
2021-03-16,2021031605006648,NIFRA,32,28,125,536.00,"67,000.00"
2021-03-16,2021031605006647,NIFRA,52,28,100,536.00,"53,600.00"
2021-03-16,2021031605006646,NIFRA,38,55,15,535.00,"8,025.00"
2021-03-16,2021031605006645,NIFRA,57,55,35,535.00,"18,725.00"
2021-03-16,2021031605006643,NIFRA,57,11,25,535.00,"13,375.00"
2021-03-16,2021031605006658,NIFRA,38,48,40,535.00,"21,400.00"
2021-03-16,2021031605006655,NIFRA,38,55,20,535.00,"10,700.00"
2021-03-16,2021031605006654,NIFRA,38,44,50,535.00,"26,750.00"
2021-03-16,2021031605006653,NIFRA,38,58,20,535.00,"10,700.00"
2021-03-16,2021031605006651,NIFRA,32,46,35,536.00,"18,760.00"
2021-03-16,2021031605006650,NIFRA,32,41,60,536.00,"32,160.00"
2021-03-16,2021031605006664,NIFRA,32,11,50,536.00,"26,800.00"
2021-03-16,2021031605006663,NIFRA,32,21,50,536.00,"26,800.00"
2021-03-16,2021031605006662,NIFRA,32,42,10,536.00,"5,360.00"
2021-03-16,2021031605006661,NIFRA,32,46,15,536.00,"8,040.00"
2021-03-16,2021031605006660,NIFRA,34,36,5,535.00,"2,675.00"
2021-03-16,2021031605006659,NIFRA,38,36,55,535.00,"29,425.00"
2021-03-16,2021031605006676,NIFRA,33,44,50,535.00,"26,750.00"
2021-03-16,2021031605006670,NIFRA,33,58,40,535.00,"21,400.00"
2021-03-16,2021031605006669,NIFRA,58,58,10,535.00,"5,350.00"
2021-03-16,2021031605006667,NIFRA,32,14,85,536.00,"45,560.00"
2021-03-16,2021031605006666,NIFRA,32,58,50,536.00,"26,800.00"
2021-03-16,2021031605006665,NIFRA,32,57,40,536.00,"21,440.00"
2021-03-16,2021031605006683,NIFRA,50,57,100,535.00,"53,500.00"
2021-03-16,2021031605006682,NIFRA,58,57,100,535.00,"53,500.00"
2021-03-16,2021031605006681,NIFRA,39,57,180,535.00,"96,300.00"
2021-03-16,2021031605006680,NIFRA,6,57,"2,500",535.00,"1,337,500.00"
2021-03-16,2021031605006679,NIFRA,51,57,100,535.00,"53,500.00"
2021-03-16,2021031605006678,NIFRA,33,57,210,535.00,"112,350.00"
2021-03-16,2021031605006689,NIFRA,32,57,50,535.00,"26,750.00"
2021-03-16,2021031605006688,NIFRA,19,57,50,535.00,"26,750.00"
2021-03-16,2021031605006687,NIFRA,41,57,100,535.00,"53,500.00"
2021-03-16,2021031605006686,NIFRA,53,57,10,535.00,"5,350.00"
2021-03-16,2021031605006685,NIFRA,34,57,55,535.00,"29,425.00"
2021-03-16,2021031605006684,NIFRA,52,57,50,535.00,"26,750.00"
2021-03-16,2021031605006695,NIFRA,36,22,50,535.00,"26,750.00"
2021-03-16,2021031605006694,NIFRA,11,58,50,535.00,"26,750.00"
2021-03-16,2021031605006693,NIFRA,51,58,10,535.00,"5,350.00"
2021-03-16,2021031605006692,NIFRA,51,57,40,535.00,"21,400.00"
2021-03-16,2021031605006691,NIFRA,3,57,50,535.00,"26,750.00"
2021-03-16,2021031605006690,NIFRA,50,57,90,535.00,"48,150.00"
2021-03-16,2021031605006703,NIFRA,42,48,500,535.00,"267,500.00"
2021-03-16,2021031605006702,NIFRA,48,41,20,535.00,"10,700.00"
2021-03-16,2021031605006700,NIFRA,50,28,50,535.00,"26,750.00"
2021-03-16,2021031605006698,NIFRA,50,7,50,535.00,"26,750.00"
2021-03-16,2021031605006697,NIFRA,50,45,50,535.00,"26,750.00"
2021-03-16,2021031605006696,NIFRA,51,53,50,535.00,"26,750.00"
2021-03-16,2021031605006711,NIFRA,45,44,250,534.00,"133,500.00"
2021-03-16,2021031605006710,NIFRA,45,44,200,534.00,"106,800.00"
2021-03-16,2021031605006709,NIFRA,7,44,200,534.00,"106,800.00"
2021-03-16,2021031605006708,NIFRA,13,44,50,534.00,"26,700.00"
2021-03-16,2021031605006707,NIFRA,6,44,100,534.00,"53,400.00"
2021-03-16,2021031605006706,NIFRA,8,44,10,534.00,"5,340.00"
2021-03-16,2021031605006717,NIFRA,10,6,60,533.00,"31,980.00"
2021-03-16,2021031605006716,NIFRA,10,38,50,533.00,"26,650.00"
2021-03-16,2021031605006715,NIFRA,47,44,150,534.00,"80,100.00"
2021-03-16,2021031605006714,NIFRA,16,44,11,534.00,"5,874.00"
2021-03-16,2021031605006713,NIFRA,58,44,30,534.00,"16,020.00"
2021-03-16,2021031605006712,NIFRA,57,44,20,534.00,"10,680.00"
2021-03-16,2021031605006728,NIFRA,38,44,15,534.00,"8,010.00"
2021-03-16,2021031605006727,NIFRA,16,44,70,534.00,"37,380.00"
2021-03-16,2021031605006726,NIFRA,10,48,40,533.00,"21,320.00"
2021-03-16,2021031605006725,NIFRA,10,44,50,534.00,"26,700.00"
2021-03-16,2021031605006722,NIFRA,10,21,40,533.00,"21,320.00"
2021-03-16,2021031605006720,NIFRA,29,44,200,534.00,"106,800.00"
2021-03-16,2021031605006735,NIFRA,10,57,50,533.00,"26,650.00"
2021-03-16,2021031605006734,NIFRA,22,44,100,534.00,"53,400.00"
2021-03-16,2021031605006733,NIFRA,10,35,60,533.00,"31,980.00"
2021-03-16,2021031605006732,NIFRA,10,7,60,533.00,"31,980.00"
2021-03-16,2021031605006731,NIFRA,25,44,50,534.00,"26,700.00"
2021-03-16,2021031605006730,NIFRA,39,44,50,534.00,"26,700.00"
2021-03-16,2021031605006741,NIFRA,35,44,10,534.00,"5,340.00"
2021-03-16,2021031605006740,NIFRA,39,55,20,533.00,"10,660.00"
2021-03-16,2021031605006739,NIFRA,39,58,20,533.00,"10,660.00"
2021-03-16,2021031605006738,NIFRA,10,58,40,533.00,"21,320.00"
2021-03-16,2021031605006737,NIFRA,10,6,50,533.00,"26,650.00"
2021-03-16,2021031605006736,NIFRA,10,56,50,533.00,"26,650.00"
2021-03-16,2021031605006749,NIFRA,29,44,50,534.00,"26,700.00"
2021-03-16,2021031605006748,NIFRA,47,6,10,533.00,"5,330.00"
2021-03-16,2021031605006747,NIFRA,36,6,40,533.00,"21,320.00"
2021-03-16,2021031605006745,NIFRA,36,56,10,533.00,"5,330.00"
2021-03-16,2021031605006744,NIFRA,16,56,50,533.00,"26,650.00"
2021-03-16,2021031605006743,NIFRA,39,57,60,533.00,"31,980.00"
2021-03-16,2021031605006758,NIFRA,21,16,153,533.00,"81,549.00"
2021-03-16,2021031605006757,NIFRA,58,16,47,533.00,"25,051.00"
2021-03-16,2021031605006756,NIFRA,58,56,50,533.00,"26,650.00"
2021-03-16,2021031605006753,NIFRA,58,48,40,533.00,"21,320.00"
2021-03-16,2021031605006752,NIFRA,41,44,60,534.00,"32,040.00"
2021-03-16,2021031605006750,NIFRA,58,57,50,533.00,"26,650.00"
2021-03-16,2021031605006765,NIFRA,55,6,50,534.00,"26,700.00"
2021-03-16,2021031605006764,NIFRA,55,29,50,534.00,"26,700.00"
2021-03-16,2021031605006763,NIFRA,55,58,30,534.00,"16,020.00"
2021-03-16,2021031605006762,NIFRA,55,22,50,534.00,"26,700.00"
2021-03-16,2021031605006761,NIFRA,55,44,324,534.00,"173,016.00"
2021-03-16,2021031605006760,NIFRA,21,57,47,533.00,"25,051.00"
2021-03-16,2021031605006771,NIFRA,55,41,50,534.00,"26,700.00"
2021-03-16,2021031605006770,NIFRA,29,58,60,535.00,"32,100.00"
2021-03-16,2021031605006769,NIFRA,55,29,60,534.00,"32,040.00"
2021-03-16,2021031605006768,NIFRA,55,42,10,534.00,"5,340.00"
2021-03-16,2021031605006767,NIFRA,55,29,50,534.00,"26,700.00"
2021-03-16,2021031605006766,NIFRA,55,29,50,534.00,"26,700.00"
2021-03-16,2021031605006779,NIFRA,34,44,55,534.00,"29,370.00"
2021-03-16,2021031605006778,NIFRA,47,44,266,534.00,"142,044.00"
2021-03-16,2021031605006776,NIFRA,47,29,60,534.00,"32,040.00"
2021-03-16,2021031605006775,NIFRA,47,41,174,534.00,"92,916.00"
2021-03-16,2021031605006774,NIFRA,55,41,226,534.00,"120,684.00"
2021-03-16,2021031605006772,NIFRA,55,14,50,534.00,"26,700.00"
2021-03-16,2021031605006787,NIFRA,49,44,50,534.00,"26,700.00"
2021-03-16,2021031605006784,NIFRA,29,44,60,534.00,"32,040.00"
2021-03-16,2021031605006783,NIFRA,42,56,50,533.00,"26,650.00"
2021-03-16,2021031605006782,NIFRA,47,44,400,534.00,"213,600.00"
2021-03-16,2021031605006781,NIFRA,25,44,40,534.00,"21,360.00"
2021-03-16,2021031605006780,NIFRA,29,44,100,534.00,"53,400.00"
2021-03-16,2021031605006817,NIFRA,41,57,10,535.00,"5,350.00"
2021-03-16,2021031605006800,NIFRA,57,26,50,534.00,"26,700.00"
2021-03-16,2021031605006797,NIFRA,5,57,50,535.00,"26,750.00"
2021-03-16,2021031605006796,NIFRA,5,38,50,535.00,"26,750.00"
2021-03-16,2021031605006792,NIFRA,57,50,50,534.00,"26,700.00"
2021-03-16,2021031605006791,NIFRA,57,44,29,534.00,"15,486.00"
2021-03-16,2021031605006823,NIFRA,39,54,9,534.00,"4,806.00"
2021-03-16,2021031605006822,NIFRA,40,54,20,534.00,"10,680.00"
2021-03-16,2021031605006821,NIFRA,57,54,21,534.00,"11,214.00"
2021-03-16,2021031605006820,NIFRA,57,6,50,534.00,"26,700.00"
2021-03-16,2021031605006819,NIFRA,41,49,80,535.00,"42,800.00"
2021-03-16,2021031605006818,NIFRA,41,21,60,535.00,"32,100.00"
2021-03-16,2021031605006829,NIFRA,34,22,10,534.00,"5,340.00"
2021-03-16,2021031605006828,NIFRA,34,58,50,534.00,"26,700.00"
2021-03-16,2021031605006827,NIFRA,40,49,30,535.00,"16,050.00"
2021-03-16,2021031605006826,NIFRA,34,41,20,534.00,"10,680.00"
2021-03-16,2021031605006825,NIFRA,1,41,40,534.00,"21,360.00"
2021-03-16,2021031605006824,NIFRA,1,59,60,534.00,"32,040.00"
2021-03-16,2021031605006836,NIFRA,39,54,10,534.00,"5,340.00"
2021-03-16,2021031605006835,NIFRA,19,54,40,534.00,"21,360.00"
2021-03-16,2021031605006834,NIFRA,19,1,10,534.00,"5,340.00"
2021-03-16,2021031605006833,NIFRA,49,1,20,534.00,"10,680.00"
2021-03-16,2021031605006832,NIFRA,34,1,20,534.00,"10,680.00"
2021-03-16,2021031605006831,NIFRA,40,49,30,535.00,"16,050.00"
2021-03-16,2021031605006842,NIFRA,21,58,60,534.00,"32,040.00"
2021-03-16,2021031605006841,NIFRA,21,40,10,534.00,"5,340.00"
2021-03-16,2021031605006840,NIFRA,21,13,50,534.00,"26,700.00"
2021-03-16,2021031605006839,NIFRA,42,48,40,533.00,"21,320.00"
2021-03-16,2021031605006838,NIFRA,46,40,20,534.00,"10,680.00"
2021-03-16,2021031605006837,NIFRA,40,40,20,534.00,"10,680.00"
2021-03-16,2021031605006851,NIFRA,40,49,30,535.00,"16,050.00"
2021-03-16,2021031605006850,NIFRA,59,49,100,535.00,"53,500.00"
2021-03-16,2021031605006849,NIFRA,41,34,230,534.00,"122,820.00"
2021-03-16,2021031605006848,NIFRA,21,34,270,534.00,"144,180.00"
2021-03-16,2021031605006845,NIFRA,21,22,60,534.00,"32,040.00"
2021-03-16,2021031605006843,NIFRA,21,16,50,534.00,"26,700.00"
2021-03-16,2021031605006858,NIFRA,41,4,50,535.00,"26,750.00"
2021-03-16,2021031605006857,NIFRA,41,19,20,535.00,"10,700.00"
2021-03-16,2021031605006856,NIFRA,41,49,10,535.00,"5,350.00"
2021-03-16,2021031605006855,NIFRA,41,41,200,535.00,"107,000.00"
2021-03-16,2021031605006854,NIFRA,41,49,150,535.00,"80,250.00"
2021-03-16,2021031605006853,NIFRA,41,19,50,534.00,"26,700.00"
2021-03-16,2021031605006864,NIFRA,41,56,10,535.00,"5,350.00"
2021-03-16,2021031605006863,NIFRA,41,25,60,535.00,"32,100.00"
2021-03-16,2021031605006862,NIFRA,41,42,50,535.00,"26,750.00"
2021-03-16,2021031605006861,NIFRA,41,47,50,535.00,"26,750.00"
2021-03-16,2021031605006860,NIFRA,41,57,50,535.00,"26,750.00"
2021-03-16,2021031605006859,NIFRA,41,6,20,535.00,"10,700.00"
2021-03-16,2021031605006870,NIFRA,58,38,5,535.00,"2,675.00"
2021-03-16,2021031605006869,NIFRA,41,38,45,535.00,"24,075.00"
2021-03-16,2021031605006868,NIFRA,41,49,50,535.00,"26,750.00"
2021-03-16,2021031605006867,NIFRA,41,46,50,535.00,"26,750.00"
2021-03-16,2021031605006866,NIFRA,41,44,"1,000",535.00,"535,000.00"
2021-03-16,2021031605006865,NIFRA,41,32,50,535.00,"26,750.00"
2021-03-16,2021031605006877,NIFRA,45,38,20,535.00,"10,700.00"
2021-03-16,2021031605006876,NIFRA,45,6,180,535.00,"96,300.00"
2021-03-16,2021031605006875,NIFRA,45,6,60,535.00,"32,100.00"
2021-03-16,2021031605006874,NIFRA,45,14,40,535.00,"21,400.00"
2021-03-16,2021031605006873,NIFRA,40,14,20,535.00,"10,700.00"
2021-03-16,2021031605006871,NIFRA,41,56,50,534.00,"26,700.00"
2021-03-16,2021031605006884,NIFRA,41,57,110,534.00,"58,740.00"
2021-03-16,2021031605006883,NIFRA,41,1,60,534.00,"32,040.00"
2021-03-16,2021031605006882,NIFRA,41,56,60,534.00,"32,040.00"
2021-03-16,2021031605006881,NIFRA,41,22,50,534.00,"26,700.00"
2021-03-16,2021031605006879,NIFRA,41,57,60,534.00,"32,040.00"
2021-03-16,2021031605006878,NIFRA,41,11,50,534.00,"26,700.00"
2021-03-16,2021031605006890,NIFRA,41,38,20,535.00,"10,700.00"
2021-03-16,2021031605006889,NIFRA,45,56,20,534.00,"10,680.00"
2021-03-16,2021031605006888,NIFRA,4,56,30,534.00,"16,020.00"
2021-03-16,2021031605006887,NIFRA,4,45,20,534.00,"10,680.00"
2021-03-16,2021031605006886,NIFRA,4,19,50,534.00,"26,700.00"
2021-03-16,2021031605006885,NIFRA,41,26,191,534.00,"101,994.00"
2021-03-16,2021031605006896,NIFRA,45,1,130,534.00,"69,420.00"
2021-03-16,2021031605006895,NIFRA,40,57,10,535.00,"5,350.00"
2021-03-16,2021031605006894,NIFRA,40,58,20,535.00,"10,700.00"
2021-03-16,2021031605006893,NIFRA,45,49,50,534.00,"26,700.00"
2021-03-16,2021031605006892,NIFRA,6,58,30,535.00,"16,050.00"
2021-03-16,2021031605006891,NIFRA,6,38,10,535.00,"5,350.00"
2021-03-16,2021031605006902,NIFRA,10,28,60,535.00,"32,100.00"
2021-03-16,2021031605006901,NIFRA,10,57,40,535.00,"21,400.00"
2021-03-16,2021031605006900,NIFRA,42,19,50,534.00,"26,700.00"
2021-03-16,2021031605006899,NIFRA,42,1,170,534.00,"90,780.00"
2021-03-16,2021031605006898,NIFRA,21,1,100,534.00,"53,400.00"
2021-03-16,2021031605006897,NIFRA,6,1,100,534.00,"53,400.00"
2021-03-16,2021031605006909,NIFRA,52,50,285,535.00,"152,475.00"
2021-03-16,2021031605006908,NIFRA,52,33,25,535.00,"13,375.00"
2021-03-16,2021031605006907,NIFRA,52,58,50,535.00,"26,750.00"
2021-03-16,2021031605006906,NIFRA,52,28,10,535.00,"5,350.00"
2021-03-16,2021031605006904,NIFRA,40,28,30,535.00,"16,050.00"
2021-03-16,2021031605006903,NIFRA,42,57,50,534.00,"26,700.00"
2021-03-16,2021031605006916,NIFRA,1,56,10,534.00,"5,340.00"
2021-03-16,2021031605006915,NIFRA,34,50,50,535.00,"26,750.00"
2021-03-16,2021031605006914,NIFRA,1,47,20,534.00,"10,680.00"
2021-03-16,2021031605006913,NIFRA,42,47,30,534.00,"16,020.00"
2021-03-16,2021031605006912,NIFRA,13,50,100,535.00,"53,500.00"
2021-03-16,2021031605006910,NIFRA,40,50,30,535.00,"16,050.00"
2021-03-16,2021031605006922,NIFRA,33,50,60,535.00,"32,100.00"
2021-03-16,2021031605006921,NIFRA,1,8,30,534.00,"16,020.00"
2021-03-16,2021031605006920,NIFRA,1,8,20,534.00,"10,680.00"
2021-03-16,2021031605006919,NIFRA,1,13,50,534.00,"26,700.00"
2021-03-16,2021031605006918,NIFRA,26,50,140,535.00,"74,900.00"
2021-03-16,2021031605006917,NIFRA,40,50,30,535.00,"16,050.00"
2021-03-16,2021031605006931,NIFRA,46,48,40,534.00,"21,360.00"
2021-03-16,2021031605006927,NIFRA,40,50,30,535.00,"16,050.00"
2021-03-16,2021031605006926,NIFRA,46,22,30,534.00,"16,020.00"
2021-03-16,2021031605006925,NIFRA,21,22,100,534.00,"53,400.00"
2021-03-16,2021031605006924,NIFRA,1,22,70,534.00,"37,380.00"
2021-03-16,2021031605006923,NIFRA,6,50,10,535.00,"5,350.00"
2021-03-16,2021031605006937,NIFRA,51,32,50,534.00,"26,700.00"
2021-03-16,2021031605006936,NIFRA,46,50,60,535.00,"32,100.00"
2021-03-16,2021031605006935,NIFRA,42,22,80,534.00,"42,720.00"
2021-03-16,2021031605006934,NIFRA,49,22,40,534.00,"21,360.00"
2021-03-16,2021031605006933,NIFRA,34,22,100,534.00,"53,400.00"
2021-03-16,2021031605006932,NIFRA,46,22,30,534.00,"16,020.00"
2021-03-16,2021031605006952,NIFRA,42,58,60,533.00,"31,980.00"
2021-03-16,2021031605006951,NIFRA,42,48,50,533.00,"26,650.00"
2021-03-16,2021031605006950,NIFRA,42,49,60,533.00,"31,980.00"
2021-03-16,2021031605006949,NIFRA,42,42,50,533.00,"26,650.00"
2021-03-16,2021031605006939,NIFRA,42,48,40,533.00,"21,320.00"
2021-03-16,2021031605006938,NIFRA,51,41,55,534.00,"29,370.00"
2021-03-16,2021031605006959,NIFRA,36,44,200,534.00,"106,800.00"
2021-03-16,2021031605006957,NIFRA,36,47,50,534.00,"26,700.00"
2021-03-16,2021031605006956,NIFRA,36,7,10,534.00,"5,340.00"
2021-03-16,2021031605006955,NIFRA,36,41,20,534.00,"10,680.00"
2021-03-16,2021031605006954,NIFRA,36,42,10,534.00,"5,340.00"
2021-03-16,2021031605006953,NIFRA,36,41,155,534.00,"82,770.00"
2021-03-16,2021031605006966,NIFRA,57,38,500,534.00,"267,000.00"
2021-03-16,2021031605006965,NIFRA,42,16,50,533.00,"26,650.00"
2021-03-16,2021031605006964,NIFRA,52,38,185,534.00,"98,790.00"
2021-03-16,2021031605006963,NIFRA,22,38,100,534.00,"53,400.00"
2021-03-16,2021031605006962,NIFRA,36,38,15,534.00,"8,010.00"
2021-03-16,2021031605006961,NIFRA,36,55,40,534.00,"21,360.00"
2021-03-16,2021031605006972,NIFRA,52,45,60,534.00,"32,040.00"
2021-03-16,2021031605006971,NIFRA,52,34,15,534.00,"8,010.00"
2021-03-16,2021031605006970,NIFRA,52,40,44,534.00,"23,496.00"
2021-03-16,2021031605006969,NIFRA,58,40,16,534.00,"8,544.00"
2021-03-16,2021031605006968,NIFRA,58,42,10,534.00,"5,340.00"
2021-03-16,2021031605006967,NIFRA,6,38,200,534.00,"106,800.00"
2021-03-16,2021031605006979,NIFRA,34,47,10,534.00,"5,340.00"
2021-03-16,2021031605006978,NIFRA,11,47,50,534.00,"26,700.00"
2021-03-16,2021031605006976,NIFRA,52,50,421,535.00,"225,235.00"
2021-03-16,2021031605006975,NIFRA,52,7,50,534.00,"26,700.00"
2021-03-16,2021031605006974,NIFRA,52,59,360,534.00,"192,240.00"
2021-03-16,2021031605006973,NIFRA,52,19,50,534.00,"26,700.00"
2021-03-16,2021031605006988,NIFRA,28,10,20,533.00,"10,660.00"
2021-03-16,2021031605006987,NIFRA,28,42,30,533.00,"15,990.00"
2021-03-16,2021031605006986,NIFRA,42,42,20,533.00,"10,660.00"
2021-03-16,2021031605006985,NIFRA,42,56,30,533.00,"15,990.00"
2021-03-16,2021031605006984,NIFRA,42,48,50,533.00,"26,650.00"
2021-03-16,2021031605006983,NIFRA,34,14,40,534.00,"21,360.00"
2021-03-16,2021031605006995,NIFRA,54,49,20,534.00,"10,680.00"
2021-03-16,2021031605006994,NIFRA,35,49,10,533.00,"5,330.00"
2021-03-16,2021031605006992,NIFRA,22,49,30,534.00,"16,020.00"
2021-03-16,2021031605006991,NIFRA,22,39,50,534.00,"26,700.00"
2021-03-16,2021031605006990,NIFRA,22,14,20,534.00,"10,680.00"
2021-03-16,2021031605006989,NIFRA,35,10,30,533.00,"15,990.00"
2021-03-16,2021031605007001,NIFRA,52,32,20,534.00,"10,680.00"
2021-03-16,2021031605007000,NIFRA,52,45,40,534.00,"21,360.00"
2021-03-16,2021031605006999,NIFRA,35,45,10,533.00,"5,330.00"
2021-03-16,2021031605006998,NIFRA,35,5,10,533.00,"5,330.00"
2021-03-16,2021031605006997,NIFRA,54,45,10,534.00,"5,340.00"
2021-03-16,2021031605006996,NIFRA,54,58,50,534.00,"26,700.00"
2021-03-16,2021031605007007,NIFRA,38,22,10,533.00,"5,330.00"
2021-03-16,2021031605007006,NIFRA,54,22,10,533.00,"5,330.00"
2021-03-16,2021031605007005,NIFRA,35,22,10,533.00,"5,330.00"
2021-03-16,2021031605007004,NIFRA,53,59,50,534.00,"26,700.00"
2021-03-16,2021031605007003,NIFRA,52,59,120,534.00,"64,080.00"
2021-03-16,2021031605007002,NIFRA,52,13,20,534.00,"10,680.00"
2021-03-16,2021031605007019,NIFRA,35,42,75,533.00,"39,975.00"
2021-03-16,2021031605007018,NIFRA,50,42,100,533.00,"53,300.00"
2021-03-16,2021031605007017,NIFRA,57,42,50,533.00,"26,650.00"
2021-03-16,2021031605007016,NIFRA,38,42,55,533.00,"29,315.00"
2021-03-16,2021031605007015,NIFRA,38,4,50,533.00,"26,650.00"
2021-03-16,2021031605007014,NIFRA,14,59,40,534.00,"21,360.00"
2021-03-16,2021031605007025,NIFRA,49,52,20,533.00,"10,660.00"
2021-03-16,2021031605007024,NIFRA,49,42,420,533.00,"223,860.00"
2021-03-16,2021031605007023,NIFRA,42,42,400,533.00,"213,200.00"
2021-03-16,2021031605007022,NIFRA,21,42,100,533.00,"53,300.00"
2021-03-16,2021031605007021,NIFRA,47,42,200,533.00,"106,600.00"
2021-03-16,2021031605007020,NIFRA,10,42,100,533.00,"53,300.00"
2021-03-16,2021031605007031,NIFRA,48,40,20,533.00,"10,660.00"
2021-03-16,2021031605007030,NIFRA,58,40,40,533.00,"21,320.00"
2021-03-16,2021031605007029,NIFRA,58,50,10,533.00,"5,330.00"
2021-03-16,2021031605007028,NIFRA,41,50,70,533.00,"37,310.00"
2021-03-16,2021031605007027,NIFRA,28,50,20,533.00,"10,660.00"
2021-03-16,2021031605007026,NIFRA,49,50,60,533.00,"31,980.00"
2021-03-16,2021031605007037,NIFRA,39,38,150,533.00,"79,950.00"
2021-03-16,2021031605007036,NIFRA,47,38,50,533.00,"26,650.00"
2021-03-16,2021031605007035,NIFRA,48,38,30,533.00,"15,990.00"
2021-03-16,2021031605007034,NIFRA,13,59,50,534.00,"26,700.00"
2021-03-16,2021031605007033,NIFRA,43,59,100,534.00,"53,400.00"
2021-03-16,2021031605007032,NIFRA,48,7,50,533.00,"26,650.00"
2021-03-16,2021031605007043,NIFRA,32,49,80,533.00,"42,640.00"
2021-03-16,2021031605007042,NIFRA,32,38,70,533.00,"37,310.00"
2021-03-16,2021031605007041,NIFRA,56,38,100,533.00,"53,300.00"
2021-03-16,2021031605007040,NIFRA,53,38,100,533.00,"53,300.00"
2021-03-16,2021031605007039,NIFRA,34,38,100,533.00,"53,300.00"
2021-03-16,2021031605007038,NIFRA,22,38,100,533.00,"53,300.00"
2021-03-16,2021031605007050,NIFRA,58,59,80,534.00,"42,720.00"
2021-03-16,2021031605007049,NIFRA,58,59,170,534.00,"90,780.00"
2021-03-16,2021031605007048,NIFRA,34,59,170,534.00,"90,780.00"
2021-03-16,2021031605007046,NIFRA,33,49,60,533.00,"31,980.00"
2021-03-16,2021031605007045,NIFRA,3,49,50,533.00,"26,650.00"
2021-03-16,2021031605007044,NIFRA,46,49,10,533.00,"5,330.00"
2021-03-16,2021031605007058,NIFRA,28,59,200,534.00,"106,800.00"
2021-03-16,2021031605007057,NIFRA,7,49,30,533.00,"15,990.00"
2021-03-16,2021031605007056,NIFRA,29,48,100,533.00,"53,300.00"
2021-03-16,2021031605007054,NIFRA,42,59,10,534.00,"5,340.00"
2021-03-16,2021031605007053,NIFRA,17,59,50,534.00,"26,700.00"
2021-03-16,2021031605007051,NIFRA,33,52,45,533.00,"23,985.00"
2021-03-16,2021031605007069,PLI,13,49,10,717.00,"7,170.00"
2021-03-16,2021031605007068,PLI,13,49,10,717.00,"7,170.00"
2021-03-16,2021031605007067,PLI,13,13,10,717.00,"7,170.00"
2021-03-16,2021031605007066,PLI,13,34,10,717.00,"7,170.00"
2021-03-16,2021031605007060,PLI,28,34,10,717.00,"7,170.00"
2021-03-16,2021031605007055,PLI,34,43,10,715.00,"7,150.00"
2021-03-16,2021031605006585,PLI,45,43,10,713.00,"7,130.00"
2021-03-16,2021031605006582,PLI,34,11,10,713.00,"7,130.00"
2021-03-16,2021031605006581,PLI,25,58,10,713.00,"7,130.00"
2021-03-16,2021031605006624,PLI,45,45,10,713.00,"7,130.00"
2021-03-16,2021031605006610,PLI,45,45,10,713.00,"7,130.00"
2021-03-16,2021031605006602,PLI,45,58,10,713.00,"7,130.00"
2021-03-16,2021031605006598,PLI,45,55,10,713.00,"7,130.00"
2021-03-16,2021031605006596,PLI,45,45,10,713.00,"7,130.00"
2021-03-16,2021031605006595,PLI,58,41,10,714.00,"7,140.00"
2021-03-16,2021031605006652,PLI,45,43,10,713.00,"7,130.00"
2021-03-16,2021031605006644,PLI,45,48,10,713.00,"7,130.00"
2021-03-16,2021031605006641,PLI,43,6,10,714.00,"7,140.00"
2021-03-16,2021031605006640,PLI,43,56,10,714.00,"7,140.00"
2021-03-16,2021031605006639,PLI,43,52,20,714.00,"14,280.00"
2021-03-16,2021031605006638,PLI,45,13,10,713.00,"7,130.00"
2021-03-16,2021031605006701,PLI,45,48,10,713.00,"7,130.00"
2021-03-16,2021031605006674,PLI,45,22,110,713.00,"78,430.00"
2021-03-16,2021031605006673,PLI,49,22,50,714.00,"35,700.00"
2021-03-16,2021031605006672,PLI,41,22,40,714.00,"28,560.00"
2021-03-16,2021031605006671,PLI,49,42,10,715.00,"7,150.00"
2021-03-16,2021031605006668,PLI,41,58,10,714.00,"7,140.00"
2021-03-16,2021031605006746,PLI,45,38,10,713.00,"7,130.00"
2021-03-16,2021031605006729,PLI,45,48,10,713.00,"7,130.00"
2021-03-16,2021031605006719,PLI,28,41,90,714.00,"64,260.00"
2021-03-16,2021031605006718,PLI,28,58,10,714.00,"7,140.00"
2021-03-16,2021031605006705,PLI,45,7,10,713.00,"7,130.00"
2021-03-16,2021031605006704,PLI,45,14,10,713.00,"7,130.00"
2021-03-16,2021031605006777,PLI,45,14,10,713.00,"7,130.00"
2021-03-16,2021031605006773,PLI,45,48,10,713.00,"7,130.00"
2021-03-16,2021031605006759,PLI,45,48,10,713.00,"7,130.00"
2021-03-16,2021031605006755,PLI,45,38,10,713.00,"7,130.00"
2021-03-16,2021031605006754,PLI,28,22,300,714.00,"214,200.00"
2021-03-16,2021031605006751,PLI,45,41,10,713.00,"7,130.00"
2021-03-16,2021031605006798,PLI,45,55,20,713.00,"14,260.00"
2021-03-16,2021031605006795,PLI,45,58,10,713.00,"7,130.00"
2021-03-16,2021031605006793,PLI,45,58,10,713.00,"7,130.00"
2021-03-16,2021031605006789,PLI,45,58,10,713.00,"7,130.00"
2021-03-16,2021031605006788,PLI,45,55,10,713.00,"7,130.00"
2021-03-16,2021031605006786,PLI,45,58,10,713.00,"7,130.00"
2021-03-16,2021031605006805,PLI,11,26,10,713.00,"7,130.00"
2021-03-16,2021031605006804,PLI,11,26,20,713.00,"14,260.00"
2021-03-16,2021031605006803,PLI,45,26,100,713.00,"71,300.00"
2021-03-16,2021031605006802,PLI,45,26,110,713.00,"78,430.00"
2021-03-16,2021031605006801,PLI,45,58,10,713.00,"7,130.00"
2021-03-16,2021031605006799,PLI,45,58,10,713.00,"7,130.00"
2021-03-16,2021031605006811,PLI,58,26,10,712.00,"7,120.00"
2021-03-16,2021031605006810,PLI,52,26,10,712.00,"7,120.00"
2021-03-16,2021031605006809,PLI,28,26,50,713.00,"35,650.00"
2021-03-16,2021031605006808,PLI,55,26,20,713.00,"14,260.00"
2021-03-16,2021031605006807,PLI,49,26,20,713.00,"14,260.00"
2021-03-16,2021031605006806,PLI,21,26,90,713.00,"64,170.00"
2021-03-16,2021031605006830,PLI,25,45,10,712.00,"7,120.00"
2021-03-16,2021031605006816,PLI,42,26,60,712.00,"42,720.00"
2021-03-16,2021031605006815,PLI,1,26,100,712.00,"71,200.00"
2021-03-16,2021031605006814,PLI,1,26,100,712.00,"71,200.00"
2021-03-16,2021031605006813,PLI,43,26,100,712.00,"71,200.00"
2021-03-16,2021031605006812,PLI,36,26,200,712.00,"142,400.00"
2021-03-16,2021031605006911,PLI,21,19,10,713.00,"7,130.00"
2021-03-16,2021031605006880,PLI,40,22,200,714.00,"142,800.00"
2021-03-16,2021031605006872,PLI,19,19,10,712.00,"7,120.00"
2021-03-16,2021031605006852,PLI,22,55,10,713.00,"7,130.00"
2021-03-16,2021031605006847,PLI,44,48,10,712.00,"7,120.00"
2021-03-16,2021031605006846,PLI,25,34,10,712.00,"7,120.00"
2021-03-16,2021031605006942,PLI,59,48,10,715.00,"7,150.00"
2021-03-16,2021031605006941,PLI,59,33,10,715.00,"7,150.00"
2021-03-16,2021031605006940,PLI,59,14,10,715.00,"7,150.00"
2021-03-16,2021031605006930,PLI,21,57,10,714.00,"7,140.00"
2021-03-16,2021031605006929,PLI,21,20,10,714.00,"7,140.00"
2021-03-16,2021031605006928,PLI,21,13,10,714.00,"7,140.00"
2021-03-16,2021031605006948,PLI,21,41,100,714.00,"71,400.00"
2021-03-16,2021031605006947,PLI,21,48,10,714.00,"7,140.00"
2021-03-16,2021031605006946,PLI,59,21,20,715.00,"14,300.00"
2021-03-16,2021031605006945,PLI,59,14,10,715.00,"7,150.00"
2021-03-16,2021031605006944,PLI,59,36,10,715.00,"7,150.00"
2021-03-16,2021031605006943,PLI,59,1,30,715.00,"21,450.00"
2021-03-16,2021031605007009,PLI,21,57,10,716.00,"7,160.00"
2021-03-16,2021031605007008,PLI,21,22,285,716.00,"204,060.00"
2021-03-16,2021031605006993,PLI,34,58,10,715.00,"7,150.00"
2021-03-16,2021031605006981,PLI,34,21,10,715.00,"7,150.00"
2021-03-16,2021031605006980,PLI,34,32,10,715.00,"7,150.00"
2021-03-16,2021031605006960,PLI,21,48,10,714.00,"7,140.00"
2021-03-16,2021031605007052,PLI,28,4,10,716.00,"7,160.00"
2021-03-16,2021031605007047,PLI,34,43,10,715.00,"7,150.00"
2021-03-16,2021031605007013,PLI,21,44,10,716.00,"7,160.00"
2021-03-16,2021031605007012,PLI,21,38,10,716.00,"7,160.00"
2021-03-16,2021031605007011,PLI,21,57,10,716.00,"7,160.00"
2021-03-16,2021031605007010,PLI,21,4,10,716.00,"7,160.00"
2021-03-16,2021031605006551,CGH,10,36,10,"1,069.00","10,690.00"
2021-03-16,2021031605006518,CGH,10,56,10,"1,069.00","10,690.00"
2021-03-16,2021031605006517,CGH,10,42,10,"1,069.00","10,690.00"
2021-03-16,2021031605006512,CGH,10,46,10,"1,069.00","10,690.00"
2021-03-16,2021031605006487,CGH,10,14,10,"1,069.00","10,690.00"
2021-03-16,2021031605006467,CGH,10,16,10,"1,069.00","10,690.00"
2021-03-16,2021031605006443,CGH,10,58,10,"1,069.00","10,690.00"
2021-03-16,2021031605006431,CGH,10,49,10,"1,069.00","10,690.00"
2021-03-16,2021031605006385,CGH,10,58,10,"1,069.00","10,690.00"
2021-03-16,2021031605006274,CGH,10,56,10,"1,069.00","10,690.00"
2021-03-16,2021031605006234,CGH,10,56,10,"1,069.00","10,690.00"
2021-03-16,2021031605006197,CGH,10,56,10,"1,069.00","10,690.00"
2021-03-16,2021031605006569,NIFRA,29,49,50,535.00,"26,750.00"
2021-03-16,2021031605006568,NIFRA,29,34,30,535.00,"16,050.00"
2021-03-16,2021031605006567,NIFRA,51,34,10,535.00,"5,350.00"
2021-03-16,2021031605006566,NIFRA,34,34,20,536.00,"10,720.00"
2021-03-16,2021031605006565,NIFRA,34,58,50,536.00,"26,800.00"
2021-03-16,2021031605006564,NIFRA,34,58,30,536.00,"16,080.00"
2021-03-16,2021031605006073,NIFRA,55,14,60,531.00,"31,860.00"
2021-03-16,2021031605006071,NIFRA,55,49,50,531.00,"26,550.00"
2021-03-16,2021031605006070,NIFRA,55,52,60,531.00,"31,860.00"
2021-03-16,2021031605006079,NIFRA,7,49,50,532.00,"26,600.00"
2021-03-16,2021031605006078,NIFRA,7,42,10,532.00,"5,320.00"
2021-03-16,2021031605006077,NIFRA,55,41,50,531.00,"26,550.00"
2021-03-16,2021031605006076,NIFRA,55,58,50,531.00,"26,550.00"
2021-03-16,2021031605006075,NIFRA,48,22,40,532.00,"21,280.00"
2021-03-16,2021031605006074,NIFRA,55,40,50,531.00,"26,550.00"
2021-03-16,2021031605006085,NIFRA,38,46,10,533.00,"5,330.00"
2021-03-16,2021031605006084,NIFRA,7,52,60,532.00,"31,920.00"
2021-03-16,2021031605006083,NIFRA,7,53,20,532.00,"10,640.00"
2021-03-16,2021031605006082,NIFRA,7,49,50,532.00,"26,600.00"
2021-03-16,2021031605006081,NIFRA,7,14,60,532.00,"31,920.00"
2021-03-16,2021031605006080,NIFRA,7,35,50,532.00,"26,600.00"
2021-03-16,2021031605006092,NIFRA,39,49,10,532.00,"5,320.00"
2021-03-16,2021031605006091,NIFRA,39,14,20,532.00,"10,640.00"
2021-03-16,2021031605006090,NIFRA,7,14,40,532.00,"21,280.00"
2021-03-16,2021031605006089,NIFRA,7,38,40,532.00,"21,280.00"
2021-03-16,2021031605006088,NIFRA,7,56,20,532.00,"10,640.00"
2021-03-16,2021031605006087,NIFRA,7,57,50,532.00,"26,600.00"
2021-03-16,2021031605006100,NIFRA,21,52,40,532.00,"21,280.00"
2021-03-16,2021031605006099,NIFRA,21,52,10,532.00,"5,320.00"
2021-03-16,2021031605006098,NIFRA,21,38,50,532.00,"26,600.00"
2021-03-16,2021031605006097,NIFRA,21,58,10,532.00,"5,320.00"
2021-03-16,2021031605006094,NIFRA,21,35,50,532.00,"26,600.00"
2021-03-16,2021031605006093,NIFRA,21,49,40,532.00,"21,280.00"
2021-03-16,2021031605006107,NIFRA,1,35,20,532.00,"10,640.00"
2021-03-16,2021031605006106,NIFRA,36,35,40,532.00,"21,280.00"
2021-03-16,2021031605006105,NIFRA,36,49,30,532.00,"15,960.00"
2021-03-16,2021031605006103,NIFRA,36,52,10,532.00,"5,320.00"
2021-03-16,2021031605006102,NIFRA,36,56,60,532.00,"31,920.00"
2021-03-16,2021031605006101,NIFRA,36,49,10,532.00,"5,320.00"
2021-03-16,2021031605006114,NIFRA,55,52,160,533.00,"85,280.00"
2021-03-16,2021031605006113,NIFRA,55,50,10,533.00,"5,330.00"
2021-03-16,2021031605006112,NIFRA,55,17,10,533.00,"5,330.00"
2021-03-16,2021031605006111,NIFRA,55,46,440,533.00,"234,520.00"
2021-03-16,2021031605006109,NIFRA,1,38,40,532.00,"21,280.00"
2021-03-16,2021031605006108,NIFRA,1,42,170,532.00,"90,440.00"
2021-03-16,2021031605006120,NIFRA,55,45,50,533.00,"26,650.00"
2021-03-16,2021031605006119,NIFRA,55,49,60,533.00,"31,980.00"
2021-03-16,2021031605006118,NIFRA,55,58,25,533.00,"13,325.00"
2021-03-16,2021031605006117,NIFRA,55,45,200,533.00,"106,600.00"
2021-03-16,2021031605006116,NIFRA,55,6,50,533.00,"26,650.00"
2021-03-16,2021031605006115,NIFRA,55,58,50,533.00,"26,650.00"
2021-03-16,2021031605006126,NIFRA,55,16,30,533.00,"15,990.00"
2021-03-16,2021031605006125,NIFRA,55,51,50,533.00,"26,650.00"
2021-03-16,2021031605006124,NIFRA,55,17,50,533.00,"26,650.00"
2021-03-16,2021031605006123,NIFRA,55,21,60,533.00,"31,980.00"
2021-03-16,2021031605006122,NIFRA,55,58,50,533.00,"26,650.00"
2021-03-16,2021031605006121,NIFRA,55,39,150,533.00,"79,950.00"
2021-03-16,2021031605006132,NIFRA,55,41,60,533.00,"31,980.00"
2021-03-16,2021031605006131,NIFRA,55,45,60,533.00,"31,980.00"
2021-03-16,2021031605006130,NIFRA,55,25,10,533.00,"5,330.00"
2021-03-16,2021031605006129,NIFRA,55,45,50,533.00,"26,650.00"
2021-03-16,2021031605006128,NIFRA,55,19,60,533.00,"31,980.00"
2021-03-16,2021031605006127,NIFRA,55,32,30,533.00,"15,990.00"
2021-03-16,2021031605006138,NIFRA,55,26,50,533.00,"26,650.00"
2021-03-16,2021031605006137,NIFRA,55,47,50,533.00,"26,650.00"
2021-03-16,2021031605006136,NIFRA,55,52,60,533.00,"31,980.00"
2021-03-16,2021031605006135,NIFRA,55,38,50,533.00,"26,650.00"
2021-03-16,2021031605006134,NIFRA,55,40,50,533.00,"26,650.00"
2021-03-16,2021031605006133,NIFRA,55,56,50,533.00,"26,650.00"
2021-03-16,2021031605006145,NIFRA,55,38,50,533.00,"26,650.00"
2021-03-16,2021031605006144,NIFRA,55,40,50,533.00,"26,650.00"
2021-03-16,2021031605006143,NIFRA,55,56,20,533.00,"10,660.00"
2021-03-16,2021031605006142,NIFRA,55,44,50,533.00,"26,650.00"
2021-03-16,2021031605006141,NIFRA,55,35,50,533.00,"26,650.00"
2021-03-16,2021031605006139,NIFRA,55,58,10,533.00,"5,330.00"
2021-03-16,2021031605006151,NIFRA,55,40,50,533.00,"26,650.00"
2021-03-16,2021031605006150,NIFRA,55,56,60,533.00,"31,980.00"
2021-03-16,2021031605006149,NIFRA,55,34,50,533.00,"26,650.00"
2021-03-16,2021031605006148,NIFRA,55,48,60,533.00,"31,980.00"
2021-03-16,2021031605006147,NIFRA,55,56,60,533.00,"31,980.00"
2021-03-16,2021031605006146,NIFRA,55,35,50,533.00,"26,650.00"
2021-03-16,2021031605006157,NIFRA,18,4,50,534.00,"26,700.00"
2021-03-16,2021031605006156,NIFRA,18,38,50,534.00,"26,700.00"
2021-03-16,2021031605006155,NIFRA,18,52,200,534.00,"106,800.00"
2021-03-16,2021031605006154,NIFRA,18,4,50,534.00,"26,700.00"
2021-03-16,2021031605006153,NIFRA,18,34,50,534.00,"26,700.00"
2021-03-16,2021031605006152,NIFRA,18,3,15,534.00,"8,010.00"
2021-03-16,2021031605006164,NIFRA,55,49,50,533.00,"26,650.00"
2021-03-16,2021031605006163,NIFRA,55,38,50,533.00,"26,650.00"
2021-03-16,2021031605006161,NIFRA,55,40,60,533.00,"31,980.00"
2021-03-16,2021031605006160,NIFRA,55,35,50,533.00,"26,650.00"
2021-03-16,2021031605006159,NIFRA,18,21,485,534.00,"258,990.00"
2021-03-16,2021031605006158,NIFRA,18,28,50,534.00,"26,700.00"
2021-03-16,2021031605006171,NIFRA,55,47,50,533.00,"26,650.00"
2021-03-16,2021031605006170,NIFRA,55,56,50,533.00,"26,650.00"
2021-03-16,2021031605006169,NIFRA,55,22,50,533.00,"26,650.00"
2021-03-16,2021031605006168,NIFRA,55,35,50,533.00,"26,650.00"
2021-03-16,2021031605006166,NIFRA,55,40,50,533.00,"26,650.00"
2021-03-16,2021031605006165,NIFRA,55,52,50,533.00,"26,650.00"
2021-03-16,2021031605006177,NIFRA,55,21,50,533.00,"26,650.00"
2021-03-16,2021031605006176,NIFRA,55,40,50,533.00,"26,650.00"
2021-03-16,2021031605006175,NIFRA,55,35,50,533.00,"26,650.00"
2021-03-16,2021031605006174,NIFRA,55,38,40,533.00,"21,320.00"
2021-03-16,2021031605006173,NIFRA,55,57,50,533.00,"26,650.00"
2021-03-16,2021031605006172,NIFRA,55,55,50,533.00,"26,650.00"
2021-03-16,2021031605006184,NIFRA,55,35,50,533.00,"26,650.00"
2021-03-16,2021031605006182,NIFRA,55,56,50,533.00,"26,650.00"
2021-03-16,2021031605006181,NIFRA,55,45,60,533.00,"31,980.00"
2021-03-16,2021031605006180,NIFRA,55,55,60,533.00,"31,980.00"
2021-03-16,2021031605006179,NIFRA,55,28,30,533.00,"15,990.00"
2021-03-16,2021031605006178,NIFRA,55,49,50,533.00,"26,650.00"
2021-03-16,2021031605006190,NIFRA,55,55,50,533.00,"26,650.00"
2021-03-16,2021031605006189,NIFRA,55,35,50,533.00,"26,650.00"
2021-03-16,2021031605006188,NIFRA,55,4,50,533.00,"26,650.00"
2021-03-16,2021031605006187,NIFRA,55,47,50,533.00,"26,650.00"
2021-03-16,2021031605006186,NIFRA,55,35,50,533.00,"26,650.00"
2021-03-16,2021031605006185,NIFRA,55,38,40,533.00,"21,320.00"
2021-03-16,2021031605006198,NIFRA,55,28,20,533.00,"10,660.00"
2021-03-16,2021031605006195,NIFRA,55,35,60,533.00,"31,980.00"
2021-03-16,2021031605006194,NIFRA,55,4,60,533.00,"31,980.00"
2021-03-16,2021031605006193,NIFRA,55,21,50,533.00,"26,650.00"
2021-03-16,2021031605006192,NIFRA,55,55,50,533.00,"26,650.00"
2021-03-16,2021031605006191,NIFRA,55,40,60,533.00,"31,980.00"
2021-03-16,2021031605006204,NIFRA,42,45,65,534.00,"34,710.00"
2021-03-16,2021031605006203,NIFRA,55,40,60,533.00,"31,980.00"
2021-03-16,2021031605006202,NIFRA,57,45,35,534.00,"18,690.00"
2021-03-16,2021031605006201,NIFRA,57,21,15,534.00,"8,010.00"
2021-03-16,2021031605006200,NIFRA,55,13,50,533.00,"26,650.00"
2021-03-16,2021031605006199,NIFRA,55,55,50,533.00,"26,650.00"
2021-03-16,2021031605006210,NIFRA,42,3,10,534.00,"5,340.00"
2021-03-16,2021031605006209,NIFRA,42,22,60,534.00,"32,040.00"
2021-03-16,2021031605006208,NIFRA,42,21,60,534.00,"32,040.00"
2021-03-16,2021031605006207,NIFRA,42,51,10,534.00,"5,340.00"
2021-03-16,2021031605006206,NIFRA,42,34,60,534.00,"32,040.00"
2021-03-16,2021031605006205,NIFRA,42,34,50,534.00,"26,700.00"
2021-03-16,2021031605006216,NIFRA,58,57,45,534.00,"24,030.00"
2021-03-16,2021031605006215,NIFRA,58,7,40,534.00,"21,360.00"
2021-03-16,2021031605006214,NIFRA,58,57,15,534.00,"8,010.00"
2021-03-16,2021031605006213,NIFRA,55,40,50,533.00,"26,650.00"
2021-03-16,2021031605006212,NIFRA,46,57,25,534.00,"13,350.00"
2021-03-16,2021031605006211,NIFRA,42,57,185,534.00,"98,790.00"
2021-03-16,2021031605006222,NIFRA,32,34,50,534.00,"26,700.00"
2021-03-16,2021031605006221,NIFRA,58,49,45,534.00,"24,030.00"
2021-03-16,2021031605006220,NIFRA,32,45,50,534.00,"26,700.00"
2021-03-16,2021031605006219,NIFRA,58,57,15,534.00,"8,010.00"
2021-03-16,2021031605006218,NIFRA,55,35,50,533.00,"26,650.00"
2021-03-16,2021031605006217,NIFRA,55,55,50,533.00,"26,650.00"
2021-03-16,2021031605006228,NIFRA,16,3,50,535.00,"26,750.00"
2021-03-16,2021031605006227,NIFRA,16,56,10,535.00,"5,350.00"
2021-03-16,2021031605006226,NIFRA,16,38,60,535.00,"32,100.00"
2021-03-16,2021031605006225,NIFRA,16,58,40,535.00,"21,400.00"
2021-03-16,2021031605006224,NIFRA,32,57,50,534.00,"26,700.00"
2021-03-16,2021031605006223,NIFRA,32,35,50,534.00,"26,700.00"
2021-03-16,2021031605006237,NIFRA,50,35,50,534.00,"26,700.00"
2021-03-16,2021031605006236,NIFRA,50,16,50,534.00,"26,700.00"
2021-03-16,2021031605006235,NIFRA,50,34,50,534.00,"26,700.00"
2021-03-16,2021031605006233,NIFRA,19,40,50,534.00,"26,700.00"
2021-03-16,2021031605006232,NIFRA,18,45,50,534.00,"26,700.00"
2021-03-16,2021031605006229,NIFRA,16,46,40,535.00,"21,400.00"
2021-03-16,2021031605006245,NIFRA,1,35,50,534.00,"26,700.00"
2021-03-16,2021031605006244,NIFRA,48,35,10,534.00,"5,340.00"
2021-03-16,2021031605006243,NIFRA,48,55,50,534.00,"26,700.00"
2021-03-16,2021031605006240,NIFRA,36,40,50,534.00,"26,700.00"
2021-03-16,2021031605006239,NIFRA,50,56,40,535.00,"21,400.00"
2021-03-16,2021031605006238,NIFRA,50,46,10,535.00,"5,350.00"
2021-03-16,2021031605006251,NIFRA,32,20,50,534.00,"26,700.00"
2021-03-16,2021031605006250,NIFRA,32,59,60,534.00,"32,040.00"
2021-03-16,2021031605006249,NIFRA,32,40,40,534.00,"21,360.00"
2021-03-16,2021031605006248,NIFRA,1,40,10,534.00,"5,340.00"
2021-03-16,2021031605006247,NIFRA,1,34,50,534.00,"26,700.00"
2021-03-16,2021031605006246,NIFRA,1,45,50,534.00,"26,700.00"
2021-03-16,2021031605006257,NIFRA,32,6,110,535.00,"58,850.00"
2021-03-16,2021031605006256,NIFRA,32,16,50,535.00,"26,750.00"
2021-03-16,2021031605006255,NIFRA,32,42,60,535.00,"32,100.00"
2021-03-16,2021031605006254,NIFRA,32,58,60,535.00,"32,100.00"
2021-03-16,2021031605006253,NIFRA,32,56,10,535.00,"5,350.00"
2021-03-16,2021031605006252,NIFRA,32,45,60,534.00,"32,040.00"
2021-03-16,2021031605006266,NIFRA,34,48,50,534.00,"26,700.00"
2021-03-16,2021031605006265,NIFRA,34,35,60,534.00,"32,040.00"
2021-03-16,2021031605006264,NIFRA,34,58,50,534.00,"26,700.00"
2021-03-16,2021031605006263,NIFRA,34,34,60,534.00,"32,040.00"
2021-03-16,2021031605006262,NIFRA,55,40,10,533.00,"5,330.00"
2021-03-16,2021031605006261,NIFRA,3,40,50,534.00,"26,700.00"
2021-03-16,2021031605006272,NIFRA,59,29,10,535.00,"5,350.00"
2021-03-16,2021031605006271,NIFRA,52,29,50,535.00,"26,750.00"
2021-03-16,2021031605006270,NIFRA,32,29,110,535.00,"58,850.00"
2021-03-16,2021031605006269,NIFRA,32,6,190,535.00,"101,650.00"
2021-03-16,2021031605006268,NIFRA,34,56,50,534.00,"26,700.00"
2021-03-16,2021031605006267,NIFRA,34,45,50,534.00,"26,700.00"
2021-03-16,2021031605006279,NIFRA,42,52,50,534.00,"26,700.00"
2021-03-16,2021031605006278,NIFRA,42,45,50,534.00,"26,700.00"
2021-03-16,2021031605006277,NIFRA,42,41,50,534.00,"26,700.00"
2021-03-16,2021031605006276,NIFRA,42,38,30,534.00,"16,020.00"
2021-03-16,2021031605006275,NIFRA,34,38,20,534.00,"10,680.00"
2021-03-16,2021031605006273,NIFRA,34,35,60,534.00,"32,040.00"
2021-03-16,2021031605006287,NIFRA,11,29,30,535.00,"16,050.00"
2021-03-16,2021031605006286,NIFRA,42,45,60,534.00,"32,040.00"
2021-03-16,2021031605006285,NIFRA,42,35,50,534.00,"26,700.00"
2021-03-16,2021031605006283,NIFRA,42,35,50,534.00,"26,700.00"
2021-03-16,2021031605006281,NIFRA,42,58,60,534.00,"32,040.00"
2021-03-16,2021031605006280,NIFRA,42,34,60,534.00,"32,040.00"
2021-03-16,2021031605006293,NIFRA,55,38,60,533.00,"31,980.00"
2021-03-16,2021031605006292,NIFRA,21,35,20,534.00,"10,680.00"
2021-03-16,2021031605006291,NIFRA,18,29,865,535.00,"462,775.00"
2021-03-16,2021031605006290,NIFRA,41,29,810,535.00,"433,350.00"
2021-03-16,2021031605006289,NIFRA,21,34,20,534.00,"10,680.00"
2021-03-16,2021031605006288,NIFRA,42,34,40,534.00,"21,360.00"
2021-03-16,2021031605006299,NIFRA,36,42,60,534.00,"32,040.00"
2021-03-16,2021031605006298,NIFRA,36,49,30,534.00,"16,020.00"
2021-03-16,2021031605006297,NIFRA,36,39,50,534.00,"26,700.00"
2021-03-16,2021031605006296,NIFRA,36,35,30,534.00,"16,020.00"
2021-03-16,2021031605006295,NIFRA,55,38,60,533.00,"31,980.00"
2021-03-16,2021031605006294,NIFRA,55,38,50,533.00,"26,650.00"
2021-03-16,2021031605006305,NIFRA,47,34,10,534.00,"5,340.00"
2021-03-16,2021031605006304,NIFRA,47,41,50,534.00,"26,700.00"
2021-03-16,2021031605006303,NIFRA,36,29,30,535.00,"16,050.00"
2021-03-16,2021031605006302,NIFRA,36,34,50,534.00,"26,700.00"
2021-03-16,2021031605006301,NIFRA,36,35,60,534.00,"32,040.00"
2021-03-16,2021031605006300,NIFRA,36,57,60,534.00,"32,040.00"
2021-03-16,2021031605006311,NIFRA,55,45,60,535.00,"32,100.00"
2021-03-16,2021031605006310,NIFRA,55,42,60,535.00,"32,100.00"
2021-03-16,2021031605006309,NIFRA,55,29,"1,095",535.00,"585,825.00"
2021-03-16,2021031605006308,NIFRA,47,36,60,534.00,"32,040.00"
2021-03-16,2021031605006307,NIFRA,47,35,50,534.00,"26,700.00"
2021-03-16,2021031605006306,NIFRA,47,4,50,534.00,"26,700.00"
2021-03-16,2021031605006317,NIFRA,55,38,20,535.00,"10,700.00"
2021-03-16,2021031605006316,NIFRA,55,36,60,535.00,"32,100.00"
2021-03-16,2021031605006315,NIFRA,55,38,20,535.00,"10,700.00"
2021-03-16,2021031605006314,NIFRA,55,45,60,535.00,"32,100.00"
2021-03-16,2021031605006313,NIFRA,55,45,60,535.00,"32,100.00"
2021-03-16,2021031605006312,NIFRA,55,45,50,535.00,"26,750.00"
2021-03-16,2021031605006323,NIFRA,55,13,60,535.00,"32,100.00"
2021-03-16,2021031605006322,NIFRA,55,38,60,535.00,"32,100.00"
2021-03-16,2021031605006321,NIFRA,55,21,50,535.00,"26,750.00"
2021-03-16,2021031605006320,NIFRA,55,38,60,535.00,"32,100.00"
2021-03-16,2021031605006319,NIFRA,55,6,50,535.00,"26,750.00"
2021-03-16,2021031605006318,NIFRA,55,21,50,535.00,"26,750.00"
2021-03-16,2021031605006329,NIFRA,55,45,50,535.00,"26,750.00"
2021-03-16,2021031605006328,NIFRA,55,13,50,535.00,"26,750.00"
2021-03-16,2021031605006327,NIFRA,55,13,50,535.00,"26,750.00"
2021-03-16,2021031605006326,NIFRA,55,29,50,535.00,"26,750.00"
2021-03-16,2021031605006325,NIFRA,55,46,50,535.00,"26,750.00"
2021-03-16,2021031605006324,NIFRA,55,21,60,535.00,"32,100.00"
2021-03-16,2021031605006335,NIFRA,55,45,50,535.00,"26,750.00"
2021-03-16,2021031605006334,NIFRA,55,42,50,535.00,"26,750.00"
2021-03-16,2021031605006333,NIFRA,55,45,50,535.00,"26,750.00"
2021-03-16,2021031605006332,NIFRA,55,45,50,535.00,"26,750.00"
2021-03-16,2021031605006331,NIFRA,55,45,60,535.00,"32,100.00"
2021-03-16,2021031605006330,NIFRA,55,17,20,535.00,"10,700.00"
2021-03-16,2021031605006341,NIFRA,55,45,60,535.00,"32,100.00"
2021-03-16,2021031605006340,NIFRA,55,19,400,535.00,"214,000.00"
2021-03-16,2021031605006339,NIFRA,55,45,50,535.00,"26,750.00"
2021-03-16,2021031605006338,NIFRA,55,49,50,535.00,"26,750.00"
2021-03-16,2021031605006337,NIFRA,55,48,50,535.00,"26,750.00"
2021-03-16,2021031605006336,NIFRA,55,45,10,535.00,"5,350.00"
2021-03-16,2021031605006347,NIFRA,55,58,10,535.00,"5,350.00"
2021-03-16,2021031605006346,NIFRA,55,16,40,535.00,"21,400.00"
2021-03-16,2021031605006345,NIFRA,55,45,50,535.00,"26,750.00"
2021-03-16,2021031605006344,NIFRA,55,42,60,535.00,"32,100.00"
2021-03-16,2021031605006343,NIFRA,55,44,20,535.00,"10,700.00"
2021-03-16,2021031605006342,NIFRA,55,45,60,535.00,"32,100.00"
2021-03-16,2021031605006353,NIFRA,55,52,50,535.00,"26,750.00"
2021-03-16,2021031605006352,NIFRA,55,48,50,535.00,"26,750.00"
2021-03-16,2021031605006351,NIFRA,55,20,20,535.00,"10,700.00"
2021-03-16,2021031605006350,NIFRA,55,41,50,535.00,"26,750.00"
2021-03-16,2021031605006349,NIFRA,55,17,60,535.00,"32,100.00"
2021-03-16,2021031605006348,NIFRA,55,17,50,535.00,"26,750.00"
2021-03-16,2021031605006359,NIFRA,55,34,10,535.00,"5,350.00"
2021-03-16,2021031605006358,NIFRA,55,45,35,535.00,"18,725.00"
2021-03-16,2021031605006357,NIFRA,55,34,100,535.00,"53,500.00"
2021-03-16,2021031605006356,NIFRA,55,7,20,535.00,"10,700.00"
2021-03-16,2021031605006355,NIFRA,55,6,60,535.00,"32,100.00"
2021-03-16,2021031605006354,NIFRA,55,58,10,535.00,"5,350.00"
2021-03-16,2021031605006365,NIFRA,55,58,50,535.00,"26,750.00"
2021-03-16,2021031605006364,NIFRA,55,49,130,535.00,"69,550.00"
2021-03-16,2021031605006363,NIFRA,55,1,40,535.00,"21,400.00"
2021-03-16,2021031605006362,NIFRA,55,36,50,535.00,"26,750.00"
2021-03-16,2021031605006361,NIFRA,55,41,60,535.00,"32,100.00"
2021-03-16,2021031605006360,NIFRA,55,45,50,535.00,"26,750.00"
2021-03-16,2021031605006371,NIFRA,55,58,40,535.00,"21,400.00"
2021-03-16,2021031605006370,NIFRA,55,14,50,535.00,"26,750.00"
2021-03-16,2021031605006369,NIFRA,55,11,60,535.00,"32,100.00"
2021-03-16,2021031605006368,NIFRA,55,54,60,535.00,"32,100.00"
2021-03-16,2021031605006367,NIFRA,55,58,50,535.00,"26,750.00"
2021-03-16,2021031605006366,NIFRA,55,34,80,535.00,"42,800.00"
2021-03-16,2021031605006377,NIFRA,55,58,60,535.00,"32,100.00"
2021-03-16,2021031605006376,NIFRA,55,26,60,535.00,"32,100.00"
2021-03-16,2021031605006375,NIFRA,55,21,150,535.00,"80,250.00"
2021-03-16,2021031605006374,NIFRA,55,41,50,535.00,"26,750.00"
2021-03-16,2021031605006373,NIFRA,55,1,200,535.00,"107,000.00"
2021-03-16,2021031605006372,NIFRA,55,21,50,535.00,"26,750.00"
2021-03-16,2021031605006383,NIFRA,55,49,50,535.00,"26,750.00"
2021-03-16,2021031605006382,NIFRA,55,8,50,535.00,"26,750.00"
2021-03-16,2021031605006381,NIFRA,55,42,10,535.00,"5,350.00"
2021-03-16,2021031605006380,NIFRA,55,49,30,535.00,"16,050.00"
2021-03-16,2021031605006379,NIFRA,55,57,50,535.00,"26,750.00"
2021-03-16,2021031605006378,NIFRA,55,7,90,535.00,"48,150.00"
2021-03-16,2021031605006391,NIFRA,55,34,50,535.00,"26,750.00"
2021-03-16,2021031605006390,NIFRA,55,35,50,535.00,"26,750.00"
2021-03-16,2021031605006389,NIFRA,55,34,10,535.00,"5,350.00"
2021-03-16,2021031605006388,NIFRA,55,22,50,535.00,"26,750.00"
2021-03-16,2021031605006387,NIFRA,55,10,60,535.00,"32,100.00"
2021-03-16,2021031605006386,NIFRA,55,38,50,535.00,"26,750.00"
2021-03-16,2021031605006398,NIFRA,11,41,50,536.00,"26,800.00"
2021-03-16,2021031605006397,NIFRA,55,34,50,535.00,"26,750.00"
2021-03-16,2021031605006396,NIFRA,55,35,50,535.00,"26,750.00"
2021-03-16,2021031605006395,NIFRA,55,49,50,535.00,"26,750.00"
2021-03-16,2021031605006393,NIFRA,55,10,50,535.00,"26,750.00"
2021-03-16,2021031605006392,NIFRA,55,41,60,535.00,"32,100.00"
2021-03-16,2021031605006405,NIFRA,55,55,60,535.00,"32,100.00"
2021-03-16,2021031605006404,NIFRA,55,35,50,535.00,"26,750.00"
2021-03-16,2021031605006403,NIFRA,55,10,50,535.00,"26,750.00"
2021-03-16,2021031605006402,NIFRA,55,38,50,535.00,"26,750.00"
2021-03-16,2021031605006401,NIFRA,55,16,50,535.00,"26,750.00"
2021-03-16,2021031605006399,NIFRA,55,11,50,535.00,"26,750.00"
2021-03-16,2021031605006414,NIFRA,55,29,"1,000",535.00,"535,000.00"
2021-03-16,2021031605006413,NIFRA,55,57,30,535.00,"16,050.00"
2021-03-16,2021031605006412,NIFRA,55,38,50,535.00,"26,750.00"
2021-03-16,2021031605006411,NIFRA,55,26,50,535.00,"26,750.00"
2021-03-16,2021031605006410,NIFRA,55,41,60,535.00,"32,100.00"
2021-03-16,2021031605006409,NIFRA,55,45,50,535.00,"26,750.00"
2021-03-16,2021031605006422,NIFRA,55,57,50,535.00,"26,750.00"
2021-03-16,2021031605006420,NIFRA,55,44,50,535.00,"26,750.00"
2021-03-16,2021031605006418,NIFRA,55,45,50,535.00,"26,750.00"
2021-03-16,2021031605006417,NIFRA,55,6,20,535.00,"10,700.00"
2021-03-16,2021031605006416,NIFRA,55,10,50,535.00,"26,750.00"
2021-03-16,2021031605006415,NIFRA,55,48,440,535.00,"235,400.00"
2021-03-16,2021031605006428,NIFRA,33,3,50,536.00,"26,800.00"
2021-03-16,2021031605006427,NIFRA,33,46,50,536.00,"26,800.00"
2021-03-16,2021031605006426,NIFRA,33,39,60,536.00,"32,160.00"
2021-03-16,2021031605006425,NIFRA,33,41,50,536.00,"26,800.00"
2021-03-16,2021031605006424,NIFRA,33,41,50,536.00,"26,800.00"
2021-03-16,2021031605006423,NIFRA,55,45,60,535.00,"32,100.00"
2021-03-16,2021031605006437,NIFRA,59,45,20,536.00,"10,720.00"
2021-03-16,2021031605006434,NIFRA,55,32,60,535.00,"32,100.00"
2021-03-16,2021031605006433,NIFRA,55,36,60,535.00,"32,100.00"
2021-03-16,2021031605006432,NIFRA,55,21,500,535.00,"267,500.00"
2021-03-16,2021031605006430,NIFRA,55,10,50,535.00,"26,750.00"
2021-03-16,2021031605006429,NIFRA,33,45,40,536.00,"21,440.00"
2021-03-16,2021031605006445,NIFRA,55,6,50,535.00,"26,750.00"
2021-03-16,2021031605006442,NIFRA,55,45,60,535.00,"32,100.00"
2021-03-16,2021031605006441,NIFRA,55,32,460,535.00,"246,100.00"
2021-03-16,2021031605006440,NIFRA,55,34,50,535.00,"26,750.00"
2021-03-16,2021031605006439,NIFRA,59,57,20,536.00,"10,720.00"
2021-03-16,2021031605006438,NIFRA,59,41,10,536.00,"5,360.00"
2021-03-16,2021031605006451,NIFRA,55,34,50,535.00,"26,750.00"
2021-03-16,2021031605006450,NIFRA,55,59,30,535.00,"16,050.00"
2021-03-16,2021031605006449,NIFRA,55,43,60,535.00,"32,100.00"
2021-03-16,2021031605006448,NIFRA,55,36,50,535.00,"26,750.00"
2021-03-16,2021031605006447,NIFRA,55,55,50,535.00,"26,750.00"
2021-03-16,2021031605006446,NIFRA,55,55,50,535.00,"26,750.00"
2021-03-16,2021031605006459,NIFRA,55,33,60,535.00,"32,100.00"
2021-03-16,2021031605006458,NIFRA,55,55,50,535.00,"26,750.00"
2021-03-16,2021031605006456,NIFRA,55,11,60,535.00,"32,100.00"
2021-03-16,2021031605006455,NIFRA,55,34,60,535.00,"32,100.00"
2021-03-16,2021031605006453,NIFRA,55,19,50,535.00,"26,750.00"
2021-03-16,2021031605006452,NIFRA,55,58,50,535.00,"26,750.00"
2021-03-16,2021031605006465,NIFRA,55,36,50,535.00,"26,750.00"
2021-03-16,2021031605006464,NIFRA,55,25,50,535.00,"26,750.00"
2021-03-16,2021031605006463,NIFRA,55,41,50,535.00,"26,750.00"
2021-03-16,2021031605006462,NIFRA,55,38,50,535.00,"26,750.00"
2021-03-16,2021031605006461,NIFRA,55,36,50,535.00,"26,750.00"
2021-03-16,2021031605006460,NIFRA,55,55,60,535.00,"32,100.00"
2021-03-16,2021031605006475,NIFRA,55,21,50,535.00,"26,750.00"
2021-03-16,2021031605006474,NIFRA,55,34,60,535.00,"32,100.00"
2021-03-16,2021031605006472,NIFRA,25,11,10,536.00,"5,360.00"
2021-03-16,2021031605006471,NIFRA,25,46,50,536.00,"26,800.00"
2021-03-16,2021031605006470,NIFRA,25,57,40,536.00,"21,440.00"
2021-03-16,2021031605006468,NIFRA,55,58,40,535.00,"21,400.00"
2021-03-16,2021031605006483,NIFRA,51,11,10,536.00,"5,360.00"
2021-03-16,2021031605006482,NIFRA,51,11,40,536.00,"21,440.00"
2021-03-16,2021031605006480,NIFRA,55,38,50,535.00,"26,750.00"
2021-03-16,2021031605006479,NIFRA,55,36,60,535.00,"32,100.00"
2021-03-16,2021031605006478,NIFRA,55,21,50,535.00,"26,750.00"
2021-03-16,2021031605006477,NIFRA,55,58,60,535.00,"32,100.00"
2021-03-16,2021031605006491,NIFRA,11,11,50,536.00,"26,800.00"
2021-03-16,2021031605006490,NIFRA,11,11,30,536.00,"16,080.00"
2021-03-16,2021031605006489,NIFRA,55,56,50,535.00,"26,750.00"
2021-03-16,2021031605006488,NIFRA,55,36,50,535.00,"26,750.00"
2021-03-16,2021031605006485,NIFRA,55,34,50,535.00,"26,750.00"
2021-03-16,2021031605006484,NIFRA,55,21,50,535.00,"26,750.00"
2021-03-16,2021031605006497,NIFRA,38,11,40,536.00,"21,440.00"
2021-03-16,2021031605006496,NIFRA,38,11,20,536.00,"10,720.00"
2021-03-16,2021031605006495,NIFRA,55,34,20,535.00,"10,700.00"
2021-03-16,2021031605006494,NIFRA,55,36,50,535.00,"26,750.00"
2021-03-16,2021031605006493,NIFRA,55,21,60,535.00,"32,100.00"
2021-03-16,2021031605006492,NIFRA,11,11,20,536.00,"10,720.00"
2021-03-16,2021031605006503,NIFRA,58,11,50,536.00,"26,800.00"
2021-03-16,2021031605006502,NIFRA,58,11,20,536.00,"10,720.00"
2021-03-16,2021031605006501,NIFRA,47,11,20,536.00,"10,720.00"
2021-03-16,2021031605006500,NIFRA,47,11,50,536.00,"26,800.00"
2021-03-16,2021031605006499,NIFRA,47,11,10,536.00,"5,360.00"
2021-03-16,2021031605006498,NIFRA,38,11,40,536.00,"21,440.00"
2021-03-16,2021031605006509,NIFRA,50,21,60,536.00,"32,160.00"
2021-03-16,2021031605006508,NIFRA,50,14,545,536.00,"292,120.00"
2021-03-16,2021031605006507,NIFRA,14,14,25,536.00,"13,400.00"
2021-03-16,2021031605006506,NIFRA,55,41,50,535.00,"26,750.00"
2021-03-16,2021031605006505,NIFRA,55,13,50,535.00,"26,750.00"
2021-03-16,2021031605006504,NIFRA,58,14,430,536.00,"230,480.00"
2021-03-16,2021031605006519,NIFRA,55,43,50,535.00,"26,750.00"
2021-03-16,2021031605006515,NIFRA,55,36,50,535.00,"26,750.00"
2021-03-16,2021031605006514,NIFRA,38,42,50,536.00,"26,800.00"
2021-03-16,2021031605006513,NIFRA,55,36,60,535.00,"32,100.00"
2021-03-16,2021031605006511,NIFRA,55,45,500,535.00,"267,500.00"
2021-03-16,2021031605006510,NIFRA,50,42,395,536.00,"211,720.00"
2021-03-16,2021031605006525,NIFRA,50,56,60,536.00,"32,160.00"
2021-03-16,2021031605006524,NIFRA,50,59,60,536.00,"32,160.00"
2021-03-16,2021031605006523,NIFRA,50,54,30,536.00,"16,080.00"
2021-03-16,2021031605006522,NIFRA,28,45,45,536.00,"24,120.00"
2021-03-16,2021031605006521,NIFRA,28,42,55,536.00,"29,480.00"
2021-03-16,2021031605006520,NIFRA,55,36,50,535.00,"26,750.00"
2021-03-16,2021031605006531,NIFRA,50,33,60,536.00,"32,160.00"
2021-03-16,2021031605006530,NIFRA,50,8,50,536.00,"26,800.00"
2021-03-16,2021031605006529,NIFRA,50,20,50,536.00,"26,800.00"
2021-03-16,2021031605006528,NIFRA,50,25,10,536.00,"5,360.00"
2021-03-16,2021031605006527,NIFRA,50,58,30,536.00,"16,080.00"
2021-03-16,2021031605006526,NIFRA,50,5,50,536.00,"26,800.00"
2021-03-16,2021031605006537,NIFRA,55,58,50,535.00,"26,750.00"
2021-03-16,2021031605006536,NIFRA,41,38,50,536.00,"26,800.00"
2021-03-16,2021031605006535,NIFRA,50,38,320,536.00,"171,520.00"
2021-03-16,2021031605006534,NIFRA,50,39,30,536.00,"16,080.00"
2021-03-16,2021031605006533,NIFRA,50,17,50,536.00,"26,800.00"
2021-03-16,2021031605006532,NIFRA,50,14,200,536.00,"107,200.00"
2021-03-16,2021031605006543,NIFRA,42,29,30,536.00,"16,080.00"
2021-03-16,2021031605006542,NIFRA,42,38,630,536.00,"337,680.00"
2021-03-16,2021031605006541,NIFRA,55,36,60,535.00,"32,100.00"
2021-03-16,2021031605006540,NIFRA,55,16,50,535.00,"26,750.00"
2021-03-16,2021031605006539,NIFRA,55,34,20,535.00,"10,700.00"
2021-03-16,2021031605006538,NIFRA,55,48,40,535.00,"21,400.00"
2021-03-16,2021031605006549,NIFRA,42,26,50,536.00,"26,800.00"
2021-03-16,2021031605006548,NIFRA,42,42,10,536.00,"5,360.00"
2021-03-16,2021031605006547,NIFRA,42,34,10,536.00,"5,360.00"
2021-03-16,2021031605006546,NIFRA,42,49,200,536.00,"107,200.00"
2021-03-16,2021031605006545,NIFRA,42,58,50,536.00,"26,800.00"
2021-03-16,2021031605006544,NIFRA,42,51,20,536.00,"10,720.00"
2021-03-16,2021031605006556,NIFRA,55,45,300,535.00,"160,500.00"
2021-03-16,2021031605006555,NIFRA,55,34,30,535.00,"16,050.00"
2021-03-16,2021031605006554,NIFRA,55,40,50,535.00,"26,750.00"
2021-03-16,2021031605006553,NIFRA,55,7,20,535.00,"10,700.00"
2021-03-16,2021031605006552,NIFRA,55,34,60,535.00,"32,100.00"
2021-03-16,2021031605006550,NIFRA,51,26,40,536.00,"21,440.00"
2021-03-16,2021031605006563,NIFRA,51,36,50,535.00,"26,750.00"
2021-03-16,2021031605006561,NIFRA,50,58,20,536.00,"10,720.00"
2021-03-16,2021031605006560,NIFRA,50,58,10,536.00,"5,360.00"
2021-03-16,2021031605006559,NIFRA,29,58,50,536.00,"26,800.00"
2021-03-16,2021031605006558,NIFRA,29,26,40,536.00,"21,440.00"
2021-03-16,2021031605006557,NIFRA,29,26,10,536.00,"5,360.00"
2021-03-16,2021031605006562,PLI,25,43,10,713.00,"7,130.00"
2021-03-16,2021031605006516,PLI,25,10,10,713.00,"7,130.00"
2021-03-16,2021031605006486,PLI,25,38,10,713.00,"7,130.00"
2021-03-16,2021031605006481,PLI,25,36,10,713.00,"7,130.00"
2021-03-16,2021031605006476,PLI,52,34,10,712.00,"7,120.00"
2021-03-16,2021031605006473,PLI,52,42,10,712.00,"7,120.00"
2021-03-16,2021031605006104,PLI,14,14,10,713.00,"7,130.00"
2021-03-16,2021031605006096,PLI,42,36,10,713.00,"7,130.00"
2021-03-16,2021031605006095,PLI,45,45,10,713.00,"7,130.00"
2021-03-16,2021031605006086,PLI,45,36,10,713.00,"7,130.00"
2021-03-16,2021031605006072,PLI,17,49,10,714.00,"7,140.00"
2021-03-16,2021031605006196,PLI,43,55,10,713.00,"7,130.00"
2021-03-16,2021031605006183,PLI,43,4,10,713.00,"7,130.00"
2021-03-16,2021031605006167,PLI,14,49,10,713.00,"7,130.00"
2021-03-16,2021031605006162,PLI,14,55,10,713.00,"7,130.00"
2021-03-16,2021031605006140,PLI,14,4,10,713.00,"7,130.00"
2021-03-16,2021031605006110,PLI,14,14,10,713.00,"7,130.00"
2021-03-16,2021031605006259,PLI,50,4,10,713.00,"7,130.00"
2021-03-16,2021031605006258,PLI,32,39,10,713.00,"7,130.00"
2021-03-16,2021031605006242,PLI,28,58,10,714.00,"7,140.00"
2021-03-16,2021031605006241,PLI,28,40,122,714.00,"87,108.00"
2021-03-16,2021031605006231,PLI,28,37,10,713.00,"7,130.00"
2021-03-16,2021031605006230,PLI,28,22,10,713.00,"7,130.00"
2021-03-16,2021031605006400,PLI,52,48,10,712.00,"7,120.00"
2021-03-16,2021031605006394,PLI,1,48,10,712.00,"7,120.00"
2021-03-16,2021031605006384,PLI,1,48,10,712.00,"7,120.00"
2021-03-16,2021031605006284,PLI,1,52,10,712.00,"7,120.00"
2021-03-16,2021031605006282,PLI,28,58,10,713.00,"7,130.00"
2021-03-16,2021031605006260,PLI,50,36,10,713.00,"7,130.00"
2021-03-16,2021031605006435,PLI,28,49,10,713.00,"7,130.00"
2021-03-16,2021031605006421,PLI,52,48,10,712.00,"7,120.00"
2021-03-16,2021031605006419,PLI,14,36,10,714.00,"7,140.00"
2021-03-16,2021031605006408,PLI,26,34,10,713.00,"7,130.00"
2021-03-16,2021031605006407,PLI,26,42,10,713.00,"7,130.00"
2021-03-16,2021031605006406,PLI,26,34,10,713.00,"7,130.00"
2021-03-16,2021031605006469,PLI,52,41,10,712.00,"7,120.00"
2021-03-16,2021031605006466,PLI,52,36,10,712.00,"7,120.00"
2021-03-16,2021031605006457,PLI,52,34,10,712.00,"7,120.00"
2021-03-16,2021031605006454,PLI,52,48,10,712.00,"7,120.00"
2021-03-16,2021031605006444,PLI,52,41,10,712.00,"7,120.00"
2021-03-16,2021031605006436,PLI,28,4,10,713.00,"7,130.00"
2021-03-16,2021031605006058,CGH,10,8,10,"1,069.00","10,690.00"
2021-03-16,2021031605006042,CGH,10,17,10,"1,069.00","10,690.00"
2021-03-16,2021031605006025,CGH,10,25,10,"1,069.00","10,690.00"
2021-03-16,2021031605006019,CGH,10,25,10,"1,069.00","10,690.00"
2021-03-16,2021031605005955,CGH,10,22,10,"1,069.00","10,690.00"
2021-03-16,2021031605005902,CGH,10,49,10,"1,069.00","10,690.00"
2021-03-16,2021031605005675,CGH,10,54,10,"1,069.00","10,690.00"
2021-03-16,2021031605005661,CGH,10,45,10,"1,069.00","10,690.00"
2021-03-16,2021031605005650,CGH,10,45,10,"1,069.00","10,690.00"
2021-03-16,2021031605005603,CGH,10,45,10,"1,069.00","10,690.00"
2021-03-16,2021031605005599,CGH,10,25,10,"1,069.00","10,690.00"
2021-03-16,2021031605005590,CGH,10,32,10,"1,069.00","10,690.00"
2021-03-16,2021031605005846,CGH,10,36,10,"1,069.00","10,690.00"
2021-03-16,2021031605005844,CGH,10,41,10,"1,069.00","10,690.00"
2021-03-16,2021031605005841,CGH,10,36,10,"1,069.00","10,690.00"
2021-03-16,2021031605005830,CGH,10,52,10,"1,069.00","10,690.00"
2021-03-16,2021031605005763,CGH,10,41,10,"1,069.00","10,690.00"
2021-03-16,2021031605005689,CGH,10,6,10,"1,069.00","10,690.00"
2021-03-16,2021031605006069,NIFRA,55,56,50,531.00,"26,550.00"
2021-03-16,2021031605006068,NIFRA,55,14,60,531.00,"31,860.00"
2021-03-16,2021031605006067,NIFRA,35,22,10,532.00,"5,320.00"
2021-03-16,2021031605006065,NIFRA,20,53,10,532.00,"5,320.00"
2021-03-16,2021031605006064,NIFRA,20,56,40,532.00,"21,280.00"
2021-03-16,2021031605006063,NIFRA,55,41,60,531.00,"31,860.00"
2021-03-16,2021031605005572,NIFRA,44,21,10,531.00,"5,310.00"
2021-03-16,2021031605005571,NIFRA,44,6,10,531.00,"5,310.00"
2021-03-16,2021031605005570,NIFRA,43,39,50,530.00,"26,500.00"
2021-03-16,2021031605005588,NIFRA,32,44,60,531.00,"31,860.00"
2021-03-16,2021031605005587,NIFRA,32,28,60,531.00,"31,860.00"
2021-03-16,2021031605005577,NIFRA,32,42,50,531.00,"26,550.00"
2021-03-16,2021031605005575,NIFRA,43,43,60,530.00,"31,800.00"
2021-03-16,2021031605005574,NIFRA,43,33,100,530.00,"53,000.00"
2021-03-16,2021031605005573,NIFRA,43,51,60,530.00,"31,800.00"
2021-03-16,2021031605005597,NIFRA,43,58,50,530.00,"26,500.00"
2021-03-16,2021031605005596,NIFRA,43,44,60,530.00,"31,800.00"
2021-03-16,2021031605005594,NIFRA,43,42,50,530.00,"26,500.00"
2021-03-16,2021031605005593,NIFRA,43,44,60,530.00,"31,800.00"
2021-03-16,2021031605005591,NIFRA,11,13,100,531.00,"53,100.00"
2021-03-16,2021031605005589,NIFRA,32,13,30,531.00,"15,930.00"
2021-03-16,2021031605005607,NIFRA,58,48,40,530.00,"21,200.00"
2021-03-16,2021031605005606,NIFRA,48,41,200,530.00,"106,000.00"
2021-03-16,2021031605005604,NIFRA,43,34,60,530.00,"31,800.00"
2021-03-16,2021031605005602,NIFRA,43,44,60,530.00,"31,800.00"
2021-03-16,2021031605005601,NIFRA,43,44,60,530.00,"31,800.00"
2021-03-16,2021031605005600,NIFRA,43,21,50,530.00,"26,500.00"
2021-03-16,2021031605005614,NIFRA,5,49,40,530.00,"21,200.00"
2021-03-16,2021031605005613,NIFRA,11,49,40,530.00,"21,200.00"
2021-03-16,2021031605005611,NIFRA,11,57,10,530.00,"5,300.00"
2021-03-16,2021031605005610,NIFRA,56,57,50,530.00,"26,500.00"
2021-03-16,2021031605005609,NIFRA,56,44,50,530.00,"26,500.00"
2021-03-16,2021031605005608,NIFRA,58,44,10,530.00,"5,300.00"
2021-03-16,2021031605005620,NIFRA,14,51,60,530.00,"31,800.00"
2021-03-16,2021031605005619,NIFRA,14,34,50,530.00,"26,500.00"
2021-03-16,2021031605005618,NIFRA,36,49,20,530.00,"10,600.00"
2021-03-16,2021031605005617,NIFRA,49,49,50,530.00,"26,500.00"
2021-03-16,2021031605005616,NIFRA,42,49,25,530.00,"13,250.00"
2021-03-16,2021031605005615,NIFRA,33,49,50,530.00,"26,500.00"
2021-03-16,2021031605005626,NIFRA,58,45,50,530.00,"26,500.00"
2021-03-16,2021031605005625,NIFRA,58,44,50,530.00,"26,500.00"
2021-03-16,2021031605005624,NIFRA,41,44,10,530.00,"5,300.00"
2021-03-16,2021031605005623,NIFRA,41,59,20,530.00,"10,600.00"
2021-03-16,2021031605005622,NIFRA,14,59,40,530.00,"21,200.00"
2021-03-16,2021031605005621,NIFRA,14,57,50,530.00,"26,500.00"
2021-03-16,2021031605005632,NIFRA,34,44,60,530.00,"31,800.00"
2021-03-16,2021031605005631,NIFRA,17,19,10,531.00,"5,310.00"
2021-03-16,2021031605005630,NIFRA,17,32,90,531.00,"47,790.00"
2021-03-16,2021031605005629,NIFRA,34,39,10,530.00,"5,300.00"
2021-03-16,2021031605005628,NIFRA,34,52,50,530.00,"26,500.00"
2021-03-16,2021031605005627,NIFRA,34,45,10,530.00,"5,300.00"
2021-03-16,2021031605005638,NIFRA,34,29,60,530.00,"31,800.00"
2021-03-16,2021031605005637,NIFRA,53,58,27,531.00,"14,337.00"
2021-03-16,2021031605005636,NIFRA,53,54,50,531.00,"26,550.00"
2021-03-16,2021031605005635,NIFRA,53,29,60,531.00,"31,860.00"
2021-03-16,2021031605005634,NIFRA,34,34,40,530.00,"21,200.00"
2021-03-16,2021031605005633,NIFRA,34,57,50,530.00,"26,500.00"
2021-03-16,2021031605005644,NIFRA,34,40,50,532.00,"26,600.00"
2021-03-16,2021031605005643,NIFRA,34,38,50,532.00,"26,600.00"
2021-03-16,2021031605005642,NIFRA,34,34,60,532.00,"31,920.00"
2021-03-16,2021031605005641,NIFRA,34,44,60,530.00,"31,800.00"
2021-03-16,2021031605005640,NIFRA,13,58,23,531.00,"12,213.00"
2021-03-16,2021031605005639,NIFRA,34,34,50,530.00,"26,500.00"
2021-03-16,2021031605005651,NIFRA,4,44,60,531.00,"31,860.00"
2021-03-16,2021031605005649,NIFRA,34,40,30,532.00,"15,960.00"
2021-03-16,2021031605005648,NIFRA,34,37,60,532.00,"31,920.00"
2021-03-16,2021031605005647,NIFRA,34,40,50,532.00,"26,600.00"
2021-03-16,2021031605005646,NIFRA,34,37,50,532.00,"26,600.00"
2021-03-16,2021031605005645,NIFRA,34,45,50,532.00,"26,600.00"
2021-03-16,2021031605005658,NIFRA,32,34,60,531.00,"31,860.00"
2021-03-16,2021031605005657,NIFRA,32,44,60,531.00,"31,860.00"
2021-03-16,2021031605005655,NIFRA,6,55,50,531.00,"26,550.00"
2021-03-16,2021031605005654,NIFRA,6,16,50,531.00,"26,550.00"
2021-03-16,2021031605005653,NIFRA,34,34,20,530.00,"10,600.00"
2021-03-16,2021031605005652,NIFRA,4,34,30,531.00,"15,930.00"
2021-03-16,2021031605005665,NIFRA,34,47,30,530.00,"15,900.00"
2021-03-16,2021031605005664,NIFRA,35,47,20,531.00,"10,620.00"
2021-03-16,2021031605005663,NIFRA,41,51,30,531.00,"15,930.00"
2021-03-16,2021031605005662,NIFRA,32,51,20,531.00,"10,620.00"
2021-03-16,2021031605005660,NIFRA,46,40,10,532.00,"5,320.00"
2021-03-16,2021031605005659,NIFRA,32,51,60,531.00,"31,860.00"
2021-03-16,2021031605005672,NIFRA,58,34,40,530.00,"21,200.00"
2021-03-16,2021031605005671,NIFRA,58,44,10,530.00,"5,300.00"
2021-03-16,2021031605005670,NIFRA,45,44,50,530.00,"26,500.00"
2021-03-16,2021031605005668,NIFRA,45,41,50,530.00,"26,500.00"
2021-03-16,2021031605005667,NIFRA,34,41,10,530.00,"5,300.00"
2021-03-16,2021031605005666,NIFRA,34,34,50,530.00,"26,500.00"
2021-03-16,2021031605005680,NIFRA,47,52,50,530.00,"26,500.00"
2021-03-16,2021031605005678,NIFRA,47,55,50,530.00,"26,500.00"
2021-03-16,2021031605005677,NIFRA,47,52,50,530.00,"26,500.00"
2021-03-16,2021031605005676,NIFRA,47,37,60,530.00,"31,800.00"
2021-03-16,2021031605005674,NIFRA,47,55,50,530.00,"26,500.00"
2021-03-16,2021031605005673,NIFRA,47,34,20,530.00,"10,600.00"
2021-03-16,2021031605005690,NIFRA,47,45,20,530.00,"10,600.00"
2021-03-16,2021031605005688,NIFRA,47,22,50,530.00,"26,500.00"
2021-03-16,2021031605005685,NIFRA,35,25,10,531.00,"5,310.00"
2021-03-16,2021031605005684,NIFRA,47,58,50,530.00,"26,500.00"
2021-03-16,2021031605005683,NIFRA,47,55,50,530.00,"26,500.00"
2021-03-16,2021031605005681,NIFRA,47,51,50,530.00,"26,500.00"
2021-03-16,2021031605005696,NIFRA,17,17,40,531.00,"21,240.00"
2021-03-16,2021031605005695,NIFRA,17,17,30,531.00,"15,930.00"
2021-03-16,2021031605005694,NIFRA,17,45,50,531.00,"26,550.00"
2021-03-16,2021031605005693,NIFRA,17,25,40,531.00,"21,240.00"
2021-03-16,2021031605005692,NIFRA,57,45,10,530.00,"5,300.00"
2021-03-16,2021031605005691,NIFRA,26,45,10,530.00,"5,300.00"
2021-03-16,2021031605005702,NIFRA,17,34,50,531.00,"26,550.00"
2021-03-16,2021031605005701,NIFRA,17,6,40,531.00,"21,240.00"
2021-03-16,2021031605005700,NIFRA,17,52,50,531.00,"26,550.00"
2021-03-16,2021031605005699,NIFRA,17,34,60,531.00,"31,860.00"
2021-03-16,2021031605005698,NIFRA,17,58,10,531.00,"5,310.00"
2021-03-16,2021031605005697,NIFRA,17,58,60,531.00,"31,860.00"
2021-03-16,2021031605005708,NIFRA,7,34,60,531.00,"31,860.00"
2021-03-16,2021031605005707,NIFRA,7,7,190,531.00,"100,890.00"
2021-03-16,2021031605005706,NIFRA,57,42,60,530.00,"31,800.00"
2021-03-16,2021031605005705,NIFRA,57,55,50,530.00,"26,500.00"
2021-03-16,2021031605005704,NIFRA,17,7,10,531.00,"5,310.00"
2021-03-16,2021031605005703,NIFRA,17,58,60,531.00,"31,860.00"
2021-03-16,2021031605005716,NIFRA,7,32,40,531.00,"21,240.00"
2021-03-16,2021031605005714,NIFRA,7,47,50,531.00,"26,550.00"
2021-03-16,2021031605005713,NIFRA,7,52,50,531.00,"26,550.00"
2021-03-16,2021031605005712,NIFRA,7,34,50,531.00,"26,550.00"
2021-03-16,2021031605005711,NIFRA,7,14,10,531.00,"5,310.00"
2021-03-16,2021031605005709,NIFRA,7,41,50,531.00,"26,550.00"
2021-03-16,2021031605005724,NIFRA,57,34,60,530.00,"31,800.00"
2021-03-16,2021031605005723,NIFRA,8,58,25,531.00,"13,275.00"
2021-03-16,2021031605005721,NIFRA,8,6,60,531.00,"31,860.00"
2021-03-16,2021031605005720,NIFRA,57,58,10,530.00,"5,300.00"
2021-03-16,2021031605005719,NIFRA,41,58,40,531.00,"21,240.00"
2021-03-16,2021031605005717,NIFRA,41,32,10,531.00,"5,310.00"
2021-03-16,2021031605005730,NIFRA,57,34,60,530.00,"31,800.00"
2021-03-16,2021031605005729,NIFRA,57,58,10,530.00,"5,300.00"
2021-03-16,2021031605005728,NIFRA,39,57,50,530.00,"26,500.00"
2021-03-16,2021031605005727,NIFRA,35,49,30,531.00,"15,930.00"
2021-03-16,2021031605005726,NIFRA,35,58,25,531.00,"13,275.00"
2021-03-16,2021031605005725,NIFRA,26,39,50,530.00,"26,500.00"
2021-03-16,2021031605005738,NIFRA,13,57,50,530.00,"26,500.00"
2021-03-16,2021031605005737,NIFRA,57,34,30,530.00,"15,900.00"
2021-03-16,2021031605005734,NIFRA,56,56,50,531.00,"26,550.00"
2021-03-16,2021031605005733,NIFRA,57,55,50,530.00,"26,500.00"
2021-03-16,2021031605005732,NIFRA,57,39,20,530.00,"10,600.00"
2021-03-16,2021031605005731,NIFRA,57,39,30,530.00,"15,900.00"
2021-03-16,2021031605005745,NIFRA,50,13,60,531.00,"31,860.00"
2021-03-16,2021031605005744,NIFRA,10,25,30,530.00,"15,900.00"
2021-03-16,2021031605005743,NIFRA,10,34,50,530.00,"26,500.00"
2021-03-16,2021031605005742,NIFRA,10,34,20,530.00,"10,600.00"
2021-03-16,2021031605005741,NIFRA,45,34,40,530.00,"21,200.00"
2021-03-16,2021031605005739,NIFRA,13,49,5,530.00,"2,650.00"
2021-03-16,2021031605005751,NIFRA,48,17,28,530.00,"14,840.00"
2021-03-16,2021031605005750,NIFRA,34,17,10,530.00,"5,300.00"
2021-03-16,2021031605005749,NIFRA,58,17,12,530.00,"6,360.00"
2021-03-16,2021031605005748,NIFRA,38,34,50,530.00,"26,500.00"
2021-03-16,2021031605005747,NIFRA,10,14,10,530.00,"5,300.00"
2021-03-16,2021031605005746,NIFRA,50,45,40,531.00,"21,240.00"
2021-03-16,2021031605005757,NIFRA,55,57,60,531.00,"31,860.00"
2021-03-16,2021031605005756,NIFRA,55,45,40,531.00,"21,240.00"
2021-03-16,2021031605005755,NIFRA,52,45,10,531.00,"5,310.00"
2021-03-16,2021031605005754,NIFRA,43,45,10,531.00,"5,310.00"
2021-03-16,2021031605005753,NIFRA,36,41,30,530.00,"15,900.00"
2021-03-16,2021031605005752,NIFRA,45,41,10,530.00,"5,300.00"
2021-03-16,2021031605005765,NIFRA,55,3,50,531.00,"26,550.00"
2021-03-16,2021031605005764,NIFRA,55,19,30,531.00,"15,930.00"
2021-03-16,2021031605005762,NIFRA,55,17,50,531.00,"26,550.00"
2021-03-16,2021031605005761,NIFRA,55,58,50,531.00,"26,550.00"
2021-03-16,2021031605005760,NIFRA,55,59,100,531.00,"53,100.00"
2021-03-16,2021031605005759,NIFRA,55,51,50,531.00,"26,550.00"
2021-03-16,2021031605005772,NIFRA,40,40,60,532.00,"31,920.00"
2021-03-16,2021031605005771,NIFRA,40,37,50,532.00,"26,600.00"
2021-03-16,2021031605005770,NIFRA,40,42,20,532.00,"10,640.00"
2021-03-16,2021031605005769,NIFRA,40,40,10,532.00,"5,320.00"
2021-03-16,2021031605005768,NIFRA,55,1,50,531.00,"26,550.00"
2021-03-16,2021031605005766,NIFRA,55,17,50,531.00,"26,550.00"
2021-03-16,2021031605005778,NIFRA,55,44,50,531.00,"26,550.00"
2021-03-16,2021031605005777,NIFRA,40,45,20,532.00,"10,640.00"
2021-03-16,2021031605005776,NIFRA,40,54,30,532.00,"15,960.00"
2021-03-16,2021031605005775,NIFRA,40,40,60,532.00,"31,920.00"
2021-03-16,2021031605005774,NIFRA,40,34,50,532.00,"26,600.00"
2021-03-16,2021031605005773,NIFRA,40,29,200,532.00,"106,400.00"
2021-03-16,2021031605005784,NIFRA,49,40,60,532.00,"31,920.00"
2021-03-16,2021031605005783,NIFRA,49,57,60,532.00,"31,920.00"
2021-03-16,2021031605005782,NIFRA,49,45,30,532.00,"15,960.00"
2021-03-16,2021031605005781,NIFRA,55,38,50,531.00,"26,550.00"
2021-03-16,2021031605005780,NIFRA,55,1,60,531.00,"31,860.00"
2021-03-16,2021031605005779,NIFRA,55,36,50,531.00,"26,550.00"
2021-03-16,2021031605005790,NIFRA,49,40,50,532.00,"26,600.00"
2021-03-16,2021031605005789,NIFRA,49,21,30,532.00,"15,960.00"
2021-03-16,2021031605005788,NIFRA,49,45,50,532.00,"26,600.00"
2021-03-16,2021031605005787,NIFRA,49,37,50,532.00,"26,600.00"
2021-03-16,2021031605005786,NIFRA,49,40,50,532.00,"26,600.00"
2021-03-16,2021031605005785,NIFRA,49,45,50,532.00,"26,600.00"
2021-03-16,2021031605005796,NIFRA,55,52,50,531.00,"26,550.00"
2021-03-16,2021031605005795,NIFRA,55,1,50,531.00,"26,550.00"
2021-03-16,2021031605005794,NIFRA,55,36,50,531.00,"26,550.00"
2021-03-16,2021031605005793,NIFRA,55,48,40,531.00,"21,240.00"
2021-03-16,2021031605005792,NIFRA,49,45,20,532.00,"10,640.00"
2021-03-16,2021031605005791,NIFRA,49,45,50,532.00,"26,600.00"
2021-03-16,2021031605005803,NIFRA,55,38,40,531.00,"21,240.00"
2021-03-16,2021031605005802,NIFRA,57,38,20,532.00,"10,640.00"
2021-03-16,2021031605005801,NIFRA,57,58,50,532.00,"26,600.00"
2021-03-16,2021031605005799,NIFRA,57,58,50,532.00,"26,600.00"
2021-03-16,2021031605005798,NIFRA,57,51,40,532.00,"21,280.00"
2021-03-16,2021031605005797,NIFRA,57,45,40,532.00,"21,280.00"
2021-03-16,2021031605005816,NIFRA,55,44,50,531.00,"26,550.00"
2021-03-16,2021031605005814,NIFRA,55,35,50,531.00,"26,550.00"
2021-03-16,2021031605005813,NIFRA,55,34,50,531.00,"26,550.00"
2021-03-16,2021031605005809,NIFRA,55,32,50,531.00,"26,550.00"
2021-03-16,2021031605005806,NIFRA,55,1,50,531.00,"26,550.00"
2021-03-16,2021031605005804,NIFRA,55,3,50,531.00,"26,550.00"
2021-03-16,2021031605005822,NIFRA,55,57,50,533.00,"26,650.00"
2021-03-16,2021031605005821,NIFRA,55,41,40,533.00,"21,320.00"
2021-03-16,2021031605005820,NIFRA,55,50,20,532.00,"10,640.00"
2021-03-16,2021031605005819,NIFRA,55,45,20,532.00,"10,640.00"
2021-03-16,2021031605005818,NIFRA,55,34,50,531.00,"26,550.00"
2021-03-16,2021031605005817,NIFRA,55,48,40,531.00,"21,240.00"
2021-03-16,2021031605005828,NIFRA,55,34,50,531.00,"26,550.00"
2021-03-16,2021031605005827,NIFRA,55,58,20,531.00,"10,620.00"
2021-03-16,2021031605005826,NIFRA,55,48,40,531.00,"21,240.00"
2021-03-16,2021031605005825,NIFRA,19,33,25,532.00,"13,300.00"
2021-03-16,2021031605005824,NIFRA,19,34,50,532.00,"26,600.00"
2021-03-16,2021031605005823,NIFRA,55,45,20,533.00,"10,660.00"
2021-03-16,2021031605005839,NIFRA,55,45,50,531.00,"26,550.00"
2021-03-16,2021031605005838,NIFRA,55,57,60,531.00,"31,860.00"
2021-03-16,2021031605005835,NIFRA,55,22,50,531.00,"26,550.00"
2021-03-16,2021031605005834,NIFRA,55,34,60,531.00,"31,860.00"
2021-03-16,2021031605005831,NIFRA,38,33,30,532.00,"15,960.00"
2021-03-16,2021031605005829,NIFRA,55,44,50,531.00,"26,550.00"
2021-03-16,2021031605005849,NIFRA,55,21,50,531.00,"26,550.00"
2021-03-16,2021031605005848,NIFRA,55,45,50,531.00,"26,550.00"
2021-03-16,2021031605005847,NIFRA,55,49,10,531.00,"5,310.00"
2021-03-16,2021031605005845,NIFRA,55,34,60,531.00,"31,860.00"
2021-03-16,2021031605005842,NIFRA,55,34,50,531.00,"26,550.00"
2021-03-16,2021031605005840,NIFRA,55,41,50,531.00,"26,550.00"
2021-03-16,2021031605005856,NIFRA,55,44,50,531.00,"26,550.00"
2021-03-16,2021031605005855,NIFRA,55,57,50,531.00,"26,550.00"
2021-03-16,2021031605005854,NIFRA,55,57,50,531.00,"26,550.00"
2021-03-16,2021031605005853,NIFRA,55,44,60,531.00,"31,860.00"
2021-03-16,2021031605005852,NIFRA,55,34,50,531.00,"26,550.00"
2021-03-16,2021031605005850,NIFRA,55,44,60,531.00,"31,860.00"
2021-03-16,2021031605005864,NIFRA,11,33,50,532.00,"26,600.00"
2021-03-16,2021031605005863,NIFRA,55,51,50,531.00,"26,550.00"
2021-03-16,2021031605005862,NIFRA,55,44,60,531.00,"31,860.00"
2021-03-16,2021031605005860,NIFRA,41,33,10,532.00,"5,320.00"
2021-03-16,2021031605005859,NIFRA,55,42,50,531.00,"26,550.00"
2021-03-16,2021031605005857,NIFRA,55,34,50,531.00,"26,550.00"
2021-03-16,2021031605005870,NIFRA,55,57,60,531.00,"31,860.00"
2021-03-16,2021031605005869,NIFRA,55,44,60,531.00,"31,860.00"
2021-03-16,2021031605005868,NIFRA,55,17,50,531.00,"26,550.00"
2021-03-16,2021031605005867,NIFRA,55,48,40,531.00,"21,240.00"
2021-03-16,2021031605005866,NIFRA,55,58,60,531.00,"31,860.00"
2021-03-16,2021031605005865,NIFRA,55,34,50,531.00,"26,550.00"
2021-03-16,2021031605005878,NIFRA,55,36,50,531.00,"26,550.00"
2021-03-16,2021031605005877,NIFRA,49,33,30,532.00,"15,960.00"
2021-03-16,2021031605005876,NIFRA,55,38,60,531.00,"31,860.00"
2021-03-16,2021031605005875,NIFRA,55,34,60,531.00,"31,860.00"
2021-03-16,2021031605005873,NIFRA,55,44,60,531.00,"31,860.00"
2021-03-16,2021031605005872,NIFRA,55,35,10,531.00,"5,310.00"
2021-03-16,2021031605005892,NIFRA,55,34,60,531.00,"31,860.00"
2021-03-16,2021031605005891,NIFRA,55,45,110,531.00,"58,410.00"
2021-03-16,2021031605005890,NIFRA,32,36,5,532.00,"2,660.00"
2021-03-16,2021031605005889,NIFRA,57,36,45,532.00,"23,940.00"
2021-03-16,2021031605005888,NIFRA,57,33,55,532.00,"29,260.00"
2021-03-16,2021031605005886,NIFRA,55,48,50,531.00,"26,550.00"
2021-03-16,2021031605005898,NIFRA,55,14,20,531.00,"10,620.00"
2021-03-16,2021031605005897,NIFRA,56,14,30,532.00,"15,960.00"
2021-03-16,2021031605005896,NIFRA,56,49,20,532.00,"10,640.00"
2021-03-16,2021031605005895,NIFRA,55,49,60,531.00,"31,860.00"
2021-03-16,2021031605005894,NIFRA,55,56,50,531.00,"26,550.00"
2021-03-16,2021031605005893,NIFRA,55,44,60,531.00,"31,860.00"
2021-03-16,2021031605005906,NIFRA,55,40,60,531.00,"31,860.00"
2021-03-16,2021031605005904,NIFRA,55,34,20,531.00,"10,620.00"
2021-03-16,2021031605005903,NIFRA,8,34,40,532.00,"21,280.00"
2021-03-16,2021031605005901,NIFRA,55,42,60,531.00,"31,860.00"
2021-03-16,2021031605005900,NIFRA,55,44,60,531.00,"31,860.00"
2021-03-16,2021031605005899,NIFRA,55,42,10,531.00,"5,310.00"
2021-03-16,2021031605005913,NIFRA,55,44,60,531.00,"31,860.00"
2021-03-16,2021031605005911,NIFRA,55,22,50,531.00,"26,550.00"
2021-03-16,2021031605005910,NIFRA,55,58,50,531.00,"26,550.00"
2021-03-16,2021031605005909,NIFRA,55,55,30,531.00,"15,930.00"
2021-03-16,2021031605005908,NIFRA,55,21,50,531.00,"26,550.00"
2021-03-16,2021031605005907,NIFRA,55,44,60,531.00,"31,860.00"
2021-03-16,2021031605005922,NIFRA,55,54,50,531.00,"26,550.00"
2021-03-16,2021031605005921,NIFRA,55,47,10,531.00,"5,310.00"
2021-03-16,2021031605005920,NIFRA,55,44,60,531.00,"31,860.00"
2021-03-16,2021031605005918,NIFRA,55,34,60,531.00,"31,860.00"
2021-03-16,2021031605005915,NIFRA,55,21,50,531.00,"26,550.00"
2021-03-16,2021031605005914,NIFRA,55,55,30,531.00,"15,930.00"
2021-03-16,2021031605005931,NIFRA,55,34,50,531.00,"26,550.00"
2021-03-16,2021031605005928,NIFRA,55,21,50,531.00,"26,550.00"
2021-03-16,2021031605005927,NIFRA,55,40,60,531.00,"31,860.00"
2021-03-16,2021031605005926,NIFRA,55,34,50,531.00,"26,550.00"
2021-03-16,2021031605005925,NIFRA,55,17,60,531.00,"31,860.00"
2021-03-16,2021031605005924,NIFRA,19,8,30,532.00,"15,960.00"
2021-03-16,2021031605005938,NIFRA,55,45,50,531.00,"26,550.00"
2021-03-16,2021031605005937,NIFRA,55,17,60,531.00,"31,860.00"
2021-03-16,2021031605005935,NIFRA,55,6,50,531.00,"26,550.00"
2021-03-16,2021031605005934,NIFRA,55,6,50,531.00,"26,550.00"
2021-03-16,2021031605005933,NIFRA,55,45,50,531.00,"26,550.00"
2021-03-16,2021031605005932,NIFRA,55,54,20,531.00,"10,620.00"
2021-03-16,2021031605005945,NIFRA,40,45,40,532.00,"21,280.00"
2021-03-16,2021031605005944,NIFRA,40,42,50,532.00,"26,600.00"
2021-03-16,2021031605005943,NIFRA,40,8,10,532.00,"5,320.00"
2021-03-16,2021031605005942,NIFRA,55,36,50,531.00,"26,550.00"
2021-03-16,2021031605005940,NIFRA,55,56,40,531.00,"21,240.00"
2021-03-16,2021031605005939,NIFRA,55,32,60,531.00,"31,860.00"
2021-03-16,2021031605005953,NIFRA,55,17,50,531.00,"26,550.00"
2021-03-16,2021031605005952,NIFRA,56,45,50,532.00,"26,600.00"
2021-03-16,2021031605005951,NIFRA,35,45,20,532.00,"10,640.00"
2021-03-16,2021031605005949,NIFRA,55,57,50,531.00,"26,550.00"
2021-03-16,2021031605005948,NIFRA,55,21,60,531.00,"31,860.00"
2021-03-16,2021031605005947,NIFRA,55,17,60,531.00,"31,860.00"
2021-03-16,2021031605005961,NIFRA,55,40,50,531.00,"26,550.00"
2021-03-16,2021031605005960,NIFRA,55,56,50,531.00,"26,550.00"
2021-03-16,2021031605005958,NIFRA,55,56,50,531.00,"26,550.00"
2021-03-16,2021031605005957,NIFRA,55,34,60,531.00,"31,860.00"
2021-03-16,2021031605005956,NIFRA,55,56,10,531.00,"5,310.00"
2021-03-16,2021031605005954,NIFRA,55,45,50,531.00,"26,550.00"
2021-03-16,2021031605005969,NIFRA,55,17,50,531.00,"26,550.00"
2021-03-16,2021031605005968,NIFRA,55,35,50,531.00,"26,550.00"
2021-03-16,2021031605005967,NIFRA,55,55,50,531.00,"26,550.00"
2021-03-16,2021031605005966,NIFRA,55,14,50,531.00,"26,550.00"
2021-03-16,2021031605005964,NIFRA,55,36,50,531.00,"26,550.00"
2021-03-16,2021031605005963,NIFRA,55,58,60,531.00,"31,860.00"
2021-03-16,2021031605005978,NIFRA,55,36,10,531.00,"5,310.00"
2021-03-16,2021031605005977,NIFRA,55,53,50,531.00,"26,550.00"
2021-03-16,2021031605005976,NIFRA,55,58,20,531.00,"10,620.00"
2021-03-16,2021031605005974,NIFRA,55,54,50,531.00,"26,550.00"
2021-03-16,2021031605005973,NIFRA,55,56,60,531.00,"31,860.00"
2021-03-16,2021031605005971,NIFRA,55,40,60,531.00,"31,860.00"
2021-03-16,2021031605005990,NIFRA,58,45,30,533.00,"15,990.00"
2021-03-16,2021031605005987,NIFRA,55,53,30,531.00,"15,930.00"
2021-03-16,2021031605005984,NIFRA,55,17,60,531.00,"31,860.00"
2021-03-16,2021031605005982,NIFRA,55,40,60,531.00,"31,860.00"
2021-03-16,2021031605005980,NIFRA,55,34,50,531.00,"26,550.00"
2021-03-16,2021031605005979,NIFRA,55,56,30,531.00,"15,930.00"
2021-03-16,2021031605006001,NIFRA,14,33,20,532.00,"10,640.00"
2021-03-16,2021031605006000,NIFRA,55,34,60,531.00,"31,860.00"
2021-03-16,2021031605005998,NIFRA,55,17,50,531.00,"26,550.00"
2021-03-16,2021031605005997,NIFRA,55,40,60,531.00,"31,860.00"
2021-03-16,2021031605005996,NIFRA,55,21,10,531.00,"5,310.00"
2021-03-16,2021031605005991,NIFRA,55,40,60,531.00,"31,860.00"
2021-03-16,2021031605006007,NIFRA,48,17,50,532.00,"26,600.00"
2021-03-16,2021031605006006,NIFRA,55,40,60,531.00,"31,860.00"
2021-03-16,2021031605006005,NIFRA,55,48,50,531.00,"26,550.00"
2021-03-16,2021031605006004,NIFRA,14,3,10,533.00,"5,330.00"
2021-03-16,2021031605006003,NIFRA,14,41,60,533.00,"31,980.00"
2021-03-16,2021031605006002,NIFRA,14,14,10,532.00,"5,320.00"
2021-03-16,2021031605006014,NIFRA,19,45,90,532.00,"47,880.00"
2021-03-16,2021031605006013,NIFRA,6,45,200,532.00,"106,400.00"
2021-03-16,2021031605006012,NIFRA,42,45,50,532.00,"26,600.00"
2021-03-16,2021031605006011,NIFRA,50,46,50,533.00,"26,650.00"
2021-03-16,2021031605006010,NIFRA,50,3,50,533.00,"26,650.00"
2021-03-16,2021031605006009,NIFRA,48,40,50,532.00,"26,600.00"
2021-03-16,2021031605006022,NIFRA,55,50,150,531.00,"79,650.00"
2021-03-16,2021031605006021,NIFRA,55,56,60,531.00,"31,860.00"
2021-03-16,2021031605006020,NIFRA,55,44,50,531.00,"26,550.00"
2021-03-16,2021031605006018,NIFRA,55,14,60,531.00,"31,860.00"
2021-03-16,2021031605006016,NIFRA,55,17,50,531.00,"26,550.00"
2021-03-16,2021031605006015,NIFRA,55,40,60,531.00,"31,860.00"
2021-03-16,2021031605006033,NIFRA,55,40,50,531.00,"26,550.00"
2021-03-16,2021031605006032,NIFRA,52,45,50,532.00,"26,600.00"
2021-03-16,2021031605006030,NIFRA,55,56,50,531.00,"26,550.00"
2021-03-16,2021031605006028,NIFRA,55,34,10,531.00,"5,310.00"
2021-03-16,2021031605006027,NIFRA,55,41,60,531.00,"31,860.00"
2021-03-16,2021031605006024,NIFRA,55,43,50,531.00,"26,550.00"
2021-03-16,2021031605006045,NIFRA,55,42,20,531.00,"10,620.00"
2021-03-16,2021031605006044,NIFRA,55,17,60,531.00,"31,860.00"
2021-03-16,2021031605006041,NIFRA,55,40,50,531.00,"26,550.00"
2021-03-16,2021031605006039,NIFRA,42,45,20,532.00,"10,640.00"
2021-03-16,2021031605006037,NIFRA,55,37,60,531.00,"31,860.00"
2021-03-16,2021031605006036,NIFRA,55,6,50,531.00,"26,550.00"
2021-03-16,2021031605006053,NIFRA,29,57,50,532.00,"26,600.00"
2021-03-16,2021031605006052,NIFRA,29,45,40,532.00,"21,280.00"
2021-03-16,2021031605006051,NIFRA,35,45,100,532.00,"53,200.00"
2021-03-16,2021031605006050,NIFRA,55,40,50,531.00,"26,550.00"
2021-03-16,2021031605006047,NIFRA,55,38,110,531.00,"58,410.00"
2021-03-16,2021031605006046,NIFRA,55,34,50,531.00,"26,550.00"
2021-03-16,2021031605006062,NIFRA,55,58,50,531.00,"26,550.00"
2021-03-16,2021031605006061,NIFRA,55,58,25,531.00,"13,275.00"
2021-03-16,2021031605006060,NIFRA,55,47,50,531.00,"26,550.00"
2021-03-16,2021031605006059,NIFRA,55,6,50,531.00,"26,550.00"
2021-03-16,2021031605006056,NIFRA,55,36,50,531.00,"26,550.00"
2021-03-16,2021031605006054,NIFRA,29,53,10,532.00,"5,320.00"
2021-03-16,2021031605006066,PLI,45,47,10,713.00,"7,130.00"
2021-03-16,2021031605006057,PLI,45,4,10,713.00,"7,130.00"
2021-03-16,2021031605006055,PLI,45,21,10,713.00,"7,130.00"
2021-03-16,2021031605006049,PLI,8,59,20,714.00,"14,280.00"
2021-03-16,2021031605006048,PLI,58,17,10,713.00,"7,130.00"
2021-03-16,2021031605006043,PLI,52,6,10,713.00,"7,130.00"
2021-03-16,2021031605005581,PLI,20,52,10,715.00,"7,150.00"
2021-03-16,2021031605005580,PLI,20,52,10,715.00,"7,150.00"
2021-03-16,2021031605005579,PLI,20,52,10,715.00,"7,150.00"
2021-03-16,2021031605005578,PLI,20,49,10,715.00,"7,150.00"
2021-03-16,2021031605005576,PLI,50,52,10,713.00,"7,130.00"
2021-03-16,2021031605005592,PLI,50,52,10,713.00,"7,130.00"
2021-03-16,2021031605005586,PLI,50,42,10,713.00,"7,130.00"
2021-03-16,2021031605005585,PLI,50,37,10,713.00,"7,130.00"
2021-03-16,2021031605005584,PLI,20,48,10,715.00,"7,150.00"
2021-03-16,2021031605005583,PLI,20,49,10,715.00,"7,150.00"
2021-03-16,2021031605005582,PLI,20,20,10,715.00,"7,150.00"
2021-03-16,2021031605005669,PLI,50,37,10,713.00,"7,130.00"
2021-03-16,2021031605005656,PLI,50,58,10,713.00,"7,130.00"
2021-03-16,2021031605005612,PLI,50,52,10,713.00,"7,130.00"
2021-03-16,2021031605005605,PLI,50,52,10,713.00,"7,130.00"
2021-03-16,2021031605005598,PLI,50,52,10,713.00,"7,130.00"
2021-03-16,2021031605005595,PLI,50,33,10,713.00,"7,130.00"
2021-03-16,2021031605005715,PLI,50,45,10,713.00,"7,130.00"
2021-03-16,2021031605005710,PLI,50,4,10,713.00,"7,130.00"
2021-03-16,2021031605005687,PLI,50,34,50,713.00,"35,650.00"
2021-03-16,2021031605005686,PLI,50,58,10,713.00,"7,130.00"
2021-03-16,2021031605005682,PLI,50,52,10,713.00,"7,130.00"
2021-03-16,2021031605005679,PLI,50,34,10,713.00,"7,130.00"
2021-03-16,2021031605005758,PLI,28,38,10,715.00,"7,150.00"
2021-03-16,2021031605005740,PLI,33,4,10,713.00,"7,130.00"
2021-03-16,2021031605005736,PLI,50,42,10,713.00,"7,130.00"
2021-03-16,2021031605005735,PLI,50,34,10,713.00,"7,130.00"
2021-03-16,2021031605005722,PLI,50,6,90,713.00,"64,170.00"
2021-03-16,2021031605005718,PLI,50,52,10,713.00,"7,130.00"
2021-03-16,2021031605005810,PLI,8,58,10,714.00,"7,140.00"
2021-03-16,2021031605005808,PLI,8,3,10,714.00,"7,140.00"
2021-03-16,2021031605005807,PLI,8,4,10,714.00,"7,140.00"
2021-03-16,2021031605005805,PLI,32,34,10,715.00,"7,150.00"
2021-03-16,2021031605005800,PLI,8,48,10,714.00,"7,140.00"
2021-03-16,2021031605005767,PLI,33,28,10,713.00,"7,130.00"
2021-03-16,2021031605005836,PLI,8,34,10,714.00,"7,140.00"
2021-03-16,2021031605005833,PLI,8,25,10,714.00,"7,140.00"
2021-03-16,2021031605005832,PLI,8,48,10,714.00,"7,140.00"
2021-03-16,2021031605005815,PLI,8,58,10,714.00,"7,140.00"
2021-03-16,2021031605005812,PLI,8,14,10,714.00,"7,140.00"
2021-03-16,2021031605005811,PLI,8,32,10,714.00,"7,140.00"
2021-03-16,2021031605005871,PLI,44,39,10,714.00,"7,140.00"
2021-03-16,2021031605005861,PLI,8,3,10,714.00,"7,140.00"
2021-03-16,2021031605005858,PLI,8,57,10,714.00,"7,140.00"
2021-03-16,2021031605005851,PLI,8,39,10,714.00,"7,140.00"
2021-03-16,2021031605005843,PLI,8,57,10,714.00,"7,140.00"
2021-03-16,2021031605005837,PLI,8,4,10,714.00,"7,140.00"
2021-03-16,2021031605005883,PLI,49,42,10,715.00,"7,150.00"
2021-03-16,2021031605005882,PLI,49,4,10,715.00,"7,150.00"
2021-03-16,2021031605005881,PLI,49,32,10,715.00,"7,150.00"
2021-03-16,2021031605005880,PLI,49,1,10,715.00,"7,150.00"
2021-03-16,2021031605005879,PLI,49,3,10,715.00,"7,150.00"
2021-03-16,2021031605005874,PLI,58,22,10,714.00,"7,140.00"
2021-03-16,2021031605005916,PLI,56,56,10,714.00,"7,140.00"
2021-03-16,2021031605005912,PLI,33,49,10,713.00,"7,130.00"
2021-03-16,2021031605005905,PLI,33,4,10,713.00,"7,130.00"
2021-03-16,2021031605005887,PLI,58,49,10,714.00,"7,140.00"
2021-03-16,2021031605005885,PLI,49,22,10,716.00,"7,160.00"
2021-03-16,2021031605005884,PLI,49,53,10,716.00,"7,160.00"
2021-03-16,2021031605005936,PLI,33,58,10,713.00,"7,130.00"
2021-03-16,2021031605005930,PLI,33,49,10,713.00,"7,130.00"
2021-03-16,2021031605005929,PLI,33,17,10,713.00,"7,130.00"
2021-03-16,2021031605005923,PLI,33,49,10,713.00,"7,130.00"
2021-03-16,2021031605005919,PLI,33,48,10,713.00,"7,130.00"
2021-03-16,2021031605005917,PLI,33,39,10,713.00,"7,130.00"
2021-03-16,2021031605005965,PLI,33,48,10,713.00,"7,130.00"
2021-03-16,2021031605005962,PLI,33,45,10,713.00,"7,130.00"
2021-03-16,2021031605005959,PLI,33,17,10,713.00,"7,130.00"
2021-03-16,2021031605005950,PLI,33,58,10,713.00,"7,130.00"
2021-03-16,2021031605005946,PLI,33,45,10,713.00,"7,130.00"
2021-03-16,2021031605005941,PLI,33,45,10,713.00,"7,130.00"
2021-03-16,2021031605005985,PLI,47,59,10,714.00,"7,140.00"
2021-03-16,2021031605005983,PLI,56,47,10,714.00,"7,140.00"
2021-03-16,2021031605005981,PLI,33,56,10,713.00,"7,130.00"
2021-03-16,2021031605005975,PLI,33,14,10,713.00,"7,130.00"
2021-03-16,2021031605005972,PLI,33,42,20,713.00,"14,260.00"
2021-03-16,2021031605005970,PLI,33,21,10,713.00,"7,130.00"
2021-03-16,2021031605005994,PLI,33,42,10,713.00,"7,130.00"
2021-03-16,2021031605005993,PLI,33,17,10,713.00,"7,130.00"
2021-03-16,2021031605005992,PLI,33,56,10,713.00,"7,130.00"
2021-03-16,2021031605005989,PLI,33,35,10,713.00,"7,130.00"
2021-03-16,2021031605005988,PLI,33,17,10,713.00,"7,130.00"
2021-03-16,2021031605005986,PLI,33,8,10,713.00,"7,130.00"
2021-03-16,2021031605006026,PLI,33,57,10,713.00,"7,130.00"
2021-03-16,2021031605006023,PLI,33,4,10,713.00,"7,130.00"
2021-03-16,2021031605006017,PLI,33,17,10,713.00,"7,130.00"
2021-03-16,2021031605006008,PLI,33,4,10,713.00,"7,130.00"
2021-03-16,2021031605005999,PLI,33,41,10,713.00,"7,130.00"
2021-03-16,2021031605005995,PLI,33,32,10,713.00,"7,130.00"
2021-03-16,2021031605006040,PLI,34,41,10,713.00,"7,130.00"
2021-03-16,2021031605006038,PLI,34,4,10,713.00,"7,130.00"
2021-03-16,2021031605006035,PLI,34,57,10,713.00,"7,130.00"
2021-03-16,2021031605006034,PLI,34,57,10,713.00,"7,130.00"
2021-03-16,2021031605006031,PLI,34,58,10,713.00,"7,130.00"
2021-03-16,2021031605006029,PLI,33,21,10,713.00,"7,130.00"
2021-03-16,2021031605005450,CGH,10,51,10,"1,069.00","10,690.00"
2021-03-16,2021031605005415,CGH,10,42,10,"1,069.00","10,690.00"
2021-03-16,2021031605005404,CGH,10,25,10,"1,069.00","10,690.00"
2021-03-16,2021031605005392,CGH,10,49,10,"1,069.00","10,690.00"
2021-03-16,2021031605005359,CGH,10,34,10,"1,069.00","10,690.00"
2021-03-16,2021031605005346,CGH,10,58,10,"1,069.00","10,690.00"
2021-03-16,2021031605005124,CGH,10,45,10,"1,069.00","10,690.00"
2021-03-16,2021031605005118,CGH,10,56,10,"1,069.00","10,690.00"
2021-03-16,2021031605005117,CGH,10,5,10,"1,069.00","10,690.00"
2021-03-16,2021031605005103,CGH,10,34,10,"1,069.00","10,690.00"
2021-03-16,2021031605005079,CGH,10,21,10,"1,069.00","10,690.00"
2021-03-16,2021031605005297,CGH,10,39,10,"1,069.00","10,690.00"
2021-03-16,2021031605005287,CGH,10,44,10,"1,069.00","10,690.00"
2021-03-16,2021031605005274,CGH,10,39,10,"1,069.00","10,690.00"
2021-03-16,2021031605005237,CGH,10,49,10,"1,069.00","10,690.00"
2021-03-16,2021031605005182,CGH,10,36,10,"1,069.00","10,690.00"
2021-03-16,2021031605005131,CGH,10,5,10,"1,069.00","10,690.00"
2021-03-16,2021031605005568,NIFRA,43,47,50,530.00,"26,500.00"
2021-03-16,2021031605005566,NIFRA,43,47,50,530.00,"26,500.00"
2021-03-16,2021031605005564,NIFRA,43,45,171,530.00,"90,630.00"
2021-03-16,2021031605005563,NIFRA,7,45,50,530.00,"26,500.00"
2021-03-16,2021031605005562,NIFRA,6,45,50,530.00,"26,500.00"
2021-03-16,2021031605005561,NIFRA,45,45,300,530.00,"159,000.00"
2021-03-16,2021031605005072,NIFRA,58,58,30,533.00,"15,990.00"
2021-03-16,2021031605005071,NIFRA,57,37,30,534.00,"16,020.00"
2021-03-16,2021031605005070,NIFRA,17,58,10,535.00,"5,350.00"
2021-03-16,2021031605005080,NIFRA,14,37,70,534.00,"37,380.00"
2021-03-16,2021031605005078,NIFRA,16,34,60,533.00,"31,980.00"
2021-03-16,2021031605005076,NIFRA,16,4,70,533.00,"37,310.00"
2021-03-16,2021031605005075,NIFRA,16,42,30,533.00,"15,990.00"
2021-03-16,2021031605005074,NIFRA,25,42,40,533.00,"21,320.00"
2021-03-16,2021031605005073,NIFRA,58,42,30,533.00,"15,990.00"
2021-03-16,2021031605005089,NIFRA,37,3,50,534.00,"26,700.00"
2021-03-16,2021031605005088,NIFRA,37,52,50,534.00,"26,700.00"
2021-03-16,2021031605005084,NIFRA,36,37,50,534.00,"26,700.00"
2021-03-16,2021031605005083,NIFRA,16,43,30,533.00,"15,990.00"
2021-03-16,2021031605005082,NIFRA,16,56,60,533.00,"31,980.00"
2021-03-16,2021031605005081,NIFRA,16,58,60,533.00,"31,980.00"
2021-03-16,2021031605005097,NIFRA,16,34,50,533.00,"26,650.00"
2021-03-16,2021031605005096,NIFRA,33,22,80,534.00,"42,720.00"
2021-03-16,2021031605005095,NIFRA,33,49,10,534.00,"5,340.00"
2021-03-16,2021031605005094,NIFRA,33,3,10,534.00,"5,340.00"
2021-03-16,2021031605005093,NIFRA,16,51,40,533.00,"21,320.00"
2021-03-16,2021031605005090,NIFRA,16,58,30,533.00,"15,990.00"
2021-03-16,2021031605005105,NIFRA,16,34,50,533.00,"26,650.00"
2021-03-16,2021031605005104,NIFRA,16,38,50,533.00,"26,650.00"
2021-03-16,2021031605005102,NIFRA,16,38,50,533.00,"26,650.00"
2021-03-16,2021031605005101,NIFRA,16,49,10,533.00,"5,330.00"
2021-03-16,2021031605005100,NIFRA,16,56,60,533.00,"31,980.00"
2021-03-16,2021031605005099,NIFRA,16,14,60,533.00,"31,980.00"
2021-03-16,2021031605005122,NIFRA,20,58,10,533.00,"5,330.00"
2021-03-16,2021031605005120,NIFRA,16,21,40,533.00,"21,320.00"
2021-03-16,2021031605005116,NIFRA,16,34,50,533.00,"26,650.00"
2021-03-16,2021031605005113,NIFRA,16,29,20,533.00,"10,660.00"
2021-03-16,2021031605005110,NIFRA,16,42,60,533.00,"31,980.00"
2021-03-16,2021031605005106,NIFRA,16,38,20,533.00,"10,660.00"
2021-03-16,2021031605005138,NIFRA,1,44,50,533.00,"26,650.00"
2021-03-16,2021031605005136,NIFRA,1,38,30,533.00,"15,990.00"
2021-03-16,2021031605005135,NIFRA,52,38,20,533.00,"10,660.00"
2021-03-16,2021031605005134,NIFRA,52,34,30,533.00,"15,990.00"
2021-03-16,2021031605005133,NIFRA,34,34,20,533.00,"10,660.00"
2021-03-16,2021031605005132,NIFRA,20,34,10,533.00,"5,330.00"
2021-03-16,2021031605005144,NIFRA,17,38,50,533.00,"26,650.00"
2021-03-16,2021031605005143,NIFRA,17,58,50,533.00,"26,650.00"
2021-03-16,2021031605005142,NIFRA,38,34,60,533.00,"31,980.00"
2021-03-16,2021031605005141,NIFRA,38,18,40,533.00,"21,320.00"
2021-03-16,2021031605005140,NIFRA,1,18,10,533.00,"5,330.00"
2021-03-16,2021031605005139,NIFRA,1,33,10,533.00,"5,330.00"
2021-03-16,2021031605005152,NIFRA,10,38,10,533.00,"5,330.00"
2021-03-16,2021031605005151,NIFRA,10,34,50,533.00,"26,650.00"
2021-03-16,2021031605005150,NIFRA,10,56,40,533.00,"21,320.00"
2021-03-16,2021031605005149,NIFRA,17,56,10,533.00,"5,330.00"
2021-03-16,2021031605005147,NIFRA,17,38,40,533.00,"21,320.00"
2021-03-16,2021031605005146,NIFRA,53,38,20,533.00,"10,660.00"
2021-03-16,2021031605005159,NIFRA,16,13,50,533.00,"26,650.00"
2021-03-16,2021031605005158,NIFRA,16,38,50,533.00,"26,650.00"
2021-03-16,2021031605005157,NIFRA,16,58,50,533.00,"26,650.00"
2021-03-16,2021031605005156,NIFRA,16,44,50,533.00,"26,650.00"
2021-03-16,2021031605005154,NIFRA,16,18,60,533.00,"31,980.00"
2021-03-16,2021031605005153,NIFRA,16,38,40,533.00,"21,320.00"
2021-03-16,2021031605005165,NIFRA,45,38,20,533.00,"10,660.00"
2021-03-16,2021031605005164,NIFRA,58,38,10,533.00,"5,330.00"
2021-03-16,2021031605005163,NIFRA,17,38,10,533.00,"5,330.00"
2021-03-16,2021031605005162,NIFRA,1,34,50,533.00,"26,650.00"
2021-03-16,2021031605005161,NIFRA,1,42,50,530.00,"26,500.00"
2021-03-16,2021031605005160,NIFRA,44,13,10,533.00,"5,330.00"
2021-03-16,2021031605005171,NIFRA,7,19,40,532.00,"21,280.00"
2021-03-16,2021031605005170,NIFRA,7,42,50,532.00,"26,600.00"
2021-03-16,2021031605005169,NIFRA,7,38,50,532.00,"26,600.00"
2021-03-16,2021031605005168,NIFRA,7,18,50,532.00,"26,600.00"
2021-03-16,2021031605005167,NIFRA,48,34,10,533.00,"5,330.00"
2021-03-16,2021031605005166,NIFRA,7,38,10,532.00,"5,320.00"
2021-03-16,2021031605005178,NIFRA,16,34,40,533.00,"21,320.00"
2021-03-16,2021031605005177,NIFRA,16,34,50,533.00,"26,650.00"
2021-03-16,2021031605005175,NIFRA,21,49,50,532.00,"26,600.00"
2021-03-16,2021031605005174,NIFRA,21,42,50,532.00,"26,600.00"
2021-03-16,2021031605005173,NIFRA,21,38,50,532.00,"26,600.00"
2021-03-16,2021031605005172,NIFRA,21,19,10,532.00,"5,320.00"
2021-03-16,2021031605005185,NIFRA,21,42,50,532.00,"26,600.00"
2021-03-16,2021031605005184,NIFRA,21,38,60,532.00,"31,920.00"
2021-03-16,2021031605005183,NIFRA,21,48,200,532.00,"106,400.00"
2021-03-16,2021031605005181,NIFRA,16,28,40,533.00,"21,320.00"
2021-03-16,2021031605005180,NIFRA,16,36,60,533.00,"31,980.00"
2021-03-16,2021031605005179,NIFRA,16,35,10,533.00,"5,330.00"
2021-03-16,2021031605005194,NIFRA,11,34,50,532.00,"26,600.00"
2021-03-16,2021031605005193,NIFRA,11,42,30,532.00,"15,960.00"
2021-03-16,2021031605005192,NIFRA,21,42,20,532.00,"10,640.00"
2021-03-16,2021031605005191,NIFRA,21,51,10,532.00,"5,320.00"
2021-03-16,2021031605005188,NIFRA,10,59,30,533.00,"15,990.00"
2021-03-16,2021031605005187,NIFRA,10,28,20,533.00,"10,660.00"
2021-03-16,2021031605005201,NIFRA,58,3,40,533.00,"21,320.00"
2021-03-16,2021031605005200,NIFRA,11,42,60,532.00,"31,920.00"
2021-03-16,2021031605005199,NIFRA,11,4,20,532.00,"10,640.00"
2021-03-16,2021031605005197,NIFRA,42,3,10,533.00,"5,330.00"
2021-03-16,2021031605005196,NIFRA,42,34,40,533.00,"21,320.00"
2021-03-16,2021031605005195,NIFRA,42,59,20,533.00,"10,660.00"
2021-03-16,2021031605005207,NIFRA,14,42,50,532.00,"26,600.00"
2021-03-16,2021031605005206,NIFRA,14,51,10,532.00,"5,320.00"
2021-03-16,2021031605005205,NIFRA,21,51,40,532.00,"21,280.00"
2021-03-16,2021031605005204,NIFRA,21,34,10,532.00,"5,320.00"
2021-03-16,2021031605005203,NIFRA,11,34,40,532.00,"21,280.00"
2021-03-16,2021031605005202,NIFRA,58,36,20,533.00,"10,660.00"
2021-03-16,2021031605005213,NIFRA,42,56,60,532.00,"31,920.00"
