Date,Transact. No.,Symbol,Buyer,Seller,Quantity,Rate,Amount
2020-09-08,2020090801022994,ACLBSL,1,10,10,709.00,"7,090.00"
2020-09-08,2020090801022988,ACLBSL,57,50,10,713.00,"7,130.00"
2020-09-08,2020090801022987,ACLBSL,57,25,10,713.00,"7,130.00"
2020-09-08,2020090801022986,ACLBSL,57,25,10,713.00,"7,130.00"
2020-09-08,2020090801023235,ADBL,25,56,50,422.00,"21,100.00"
2020-09-08,2020090801023184,ADBL,42,56,20,422.00,"8,440.00"
2020-09-08,2020090801023183,ADBL,13,56,300,422.00,"126,600.00"
2020-09-08,2020090801023182,ADBL,42,56,120,422.00,"50,640.00"
2020-09-08,2020090801023058,ADBL,14,34,234,422.00,"98,748.00"
2020-09-08,2020090801023057,ADBL,14,8,200,423.00,"84,600.00"
2020-09-08,2020090801022995,ADBL,14,5,300,422.00,"126,600.00"
2020-09-08,2020090801023013,AHPC,38,35,"1,000",118.00,"118,000.00"
2020-09-08,2020090801023271,AIL,44,57,410,512.00,"209,920.00"
2020-09-08,2020090801023270,AIL,44,17,20,512.00,"10,240.00"
2020-09-08,2020090801023269,AIL,44,46,10,510.00,"5,100.00"
2020-09-08,2020090801023268,AIL,44,53,70,510.00,"35,700.00"
2020-09-08,2020090801023231,AIL,19,8,10,509.00,"5,090.00"
2020-09-08,2020090801023218,AIL,58,53,20,510.00,"10,200.00"
2020-09-08,2020090801023176,AIL,34,53,10,510.00,"5,100.00"
2020-09-08,2020090801023044,AIL,34,10,10,510.00,"5,100.00"
2020-09-08,2020090801022844,AIL,19,32,10,509.00,"5,090.00"
2020-09-08,2020090801023242,AKPL,58,29,800,168.00,"134,400.00"
2020-09-08,2020090801023241,AKPL,58,40,"3,200",167.00,"534,400.00"
2020-09-08,2020090801022859,AKPL,58,29,137,168.00,"23,016.00"
2020-09-08,2020090801022858,AKPL,58,40,"2,863",167.00,"478,121.00"
2020-09-08,2020090801022820,AKPL,8,40,100,167.00,"16,700.00"
2020-09-08,2020090801023207,AKPL,33,45,"1,000",166.00,"166,000.00"
2020-09-08,2020090801023274,ALBSL,28,43,500,978.00,"489,000.00"
2020-09-08,2020090801023273,ALBSL,28,34,34,975.00,"33,150.00"
2020-09-08,2020090801023229,ALBSL,28,34,10,975.00,"9,750.00"
2020-09-08,2020090801023222,ALBSL,28,42,11,959.00,"10,549.00"
2020-09-08,2020090801022895,ALBSL,28,45,100,925.00,"92,500.00"
2020-09-08,2020090801022894,ALBSL,28,13,705,925.00,"652,125.00"
2020-09-08,2020090801022814,ALBSL,28,13,500,925.00,"462,500.00"
2020-09-08,2020090801022976,ALBSL,28,43,456,941.00,"429,096.00"
2020-09-08,2020090801022900,ALBSL,28,43,44,941.00,"41,404.00"
2020-09-08,2020090801022899,ALBSL,28,7,24,940.00,"22,560.00"
2020-09-08,2020090801022898,ALBSL,28,17,17,940.00,"15,980.00"
2020-09-08,2020090801022897,ALBSL,28,21,100,932.00,"93,200.00"
2020-09-08,2020090801022896,ALBSL,28,17,10,930.00,"9,300.00"
2020-09-08,2020090801022982,ALBSL,28,49,20,948.00,"18,960.00"
2020-09-08,2020090801022981,ALBSL,28,16,100,948.00,"94,800.00"
2020-09-08,2020090801022980,ALBSL,28,29,60,946.00,"56,760.00"
2020-09-08,2020090801022979,ALBSL,28,43,50,943.00,"47,150.00"
2020-09-08,2020090801022978,ALBSL,28,1,40,943.00,"37,720.00"
2020-09-08,2020090801022977,ALBSL,28,57,37,943.00,"34,891.00"
2020-09-08,2020090801023126,ALBSL,28,4,248,943.00,"233,864.00"
2020-09-08,2020090801023125,ALBSL,28,44,15,940.00,"14,100.00"
2020-09-08,2020090801023124,ALBSL,28,38,11,925.00,"10,175.00"
2020-09-08,2020090801023034,ALBSL,28,39,500,941.00,"470,500.00"
2020-09-08,2020090801022985,ALBSL,28,43,226,959.00,"216,734.00"
2020-09-08,2020090801022983,ALBSL,28,45,11,948.00,"10,428.00"
2020-09-08,2020090801023131,ALBSL,28,22,100,959.00,"95,900.00"
2020-09-08,2020090801023130,ALBSL,28,26,97,959.00,"93,023.00"
2020-09-08,2020090801023129,ALBSL,28,43,274,959.00,"262,766.00"
2020-09-08,2020090801023128,ALBSL,28,58,10,948.00,"9,480.00"
2020-09-08,2020090801023127,ALBSL,28,53,10,943.00,"9,430.00"
2020-09-08,2020090801023206,ALICL,34,16,10,727.00,"7,270.00"
2020-09-08,2020090801022971,ALICL,45,29,28,722.00,"20,216.00"
2020-09-08,2020090801022880,ALICL,45,29,10,722.00,"7,220.00"
2020-09-08,2020090801022879,ALICL,13,29,200,723.00,"144,600.00"
2020-09-08,2020090801022864,ALICL,45,34,25,725.00,"18,125.00"
2020-09-08,2020090801022863,ALICL,45,58,870,725.00,"630,750.00"
2020-09-08,2020090801023232,BARUN,34,35,10,105.00,"1,050.00"
2020-09-08,2020090801023216,BARUN,14,56,60,106.00,"6,360.00"
2020-09-08,2020090801023275,BFC,47,8,10,105.00,"1,050.00"
2020-09-08,2020090801023220,BOKL,34,57,10,233.00,"2,330.00"
2020-09-08,2020090801022973,BPCL,32,45,10,389.00,"3,890.00"
2020-09-08,2020090801023049,CBBL,54,50,24,"1,095.00","26,280.00"
2020-09-08,2020090801022945,CBBL,54,57,438,"1,095.00","479,610.00"
2020-09-08,2020090801023219,CCBL,34,7,20,173.00,"3,460.00"
2020-09-08,2020090801023281,CHCL,39,4,10,465.00,"4,650.00"
2020-09-08,2020090801023280,CHCL,49,4,10,467.00,"4,670.00"
2020-09-08,2020090801023253,CHCL,39,45,98,470.00,"46,060.00"
2020-09-08,2020090801023252,CHCL,39,41,25,470.00,"11,750.00"
2020-09-08,2020090801023251,CHCL,39,49,100,470.00,"47,000.00"
2020-09-08,2020090801023250,CHCL,39,43,200,470.00,"94,000.00"
2020-09-08,2020090801022810,CHCL,39,50,283,466.00,"131,878.00"
2020-09-08,2020090801022809,CHCL,39,33,100,466.00,"46,600.00"
2020-09-08,2020090801022808,CHCL,39,4,200,466.00,"93,200.00"
2020-09-08,2020090801023027,CHCL,59,16,200,466.00,"93,200.00"
2020-09-08,2020090801023026,CHCL,59,21,100,466.00,"46,600.00"
2020-09-08,2020090801023025,CHCL,59,50,167,466.00,"77,822.00"
2020-09-08,2020090801022946,CHCL,39,28,91,465.00,"42,315.00"
2020-09-08,2020090801022853,CHCL,36,50,500,466.00,"233,000.00"
2020-09-08,2020090801022850,CHCL,1,50,50,466.00,"23,300.00"
2020-09-08,2020090801023168,CHCL,39,1,50,465.00,"23,250.00"
2020-09-08,2020090801023133,CHCL,33,17,400,467.00,"186,800.00"
2020-09-08,2020090801023132,CHCL,39,17,300,465.00,"139,500.00"
2020-09-08,2020090801023030,CHCL,59,34,15,467.00,"7,005.00"
2020-09-08,2020090801023029,CHCL,59,16,18,467.00,"8,406.00"
2020-09-08,2020090801023028,CHCL,59,26,500,466.00,"233,000.00"
2020-09-08,2020090801023193,CHCL,39,37,500,468.00,"234,000.00"
2020-09-08,2020090801023192,CHCL,39,1,32,468.00,"14,976.00"
2020-09-08,2020090801023191,CHCL,39,26,500,467.00,"233,500.00"
2020-09-08,2020090801023190,CHCL,39,59,50,467.00,"23,350.00"
2020-09-08,2020090801023189,CHCL,39,1,100,467.00,"46,700.00"
2020-09-08,2020090801023188,CHCL,39,17,100,467.00,"46,700.00"
2020-09-08,2020090801023243,CHCL,39,56,157,469.00,"73,633.00"
2020-09-08,2020090801023198,CHCL,39,56,124,469.00,"58,156.00"
2020-09-08,2020090801023197,CHCL,39,42,200,469.00,"93,800.00"
2020-09-08,2020090801023196,CHCL,39,38,200,468.00,"93,600.00"
2020-09-08,2020090801023195,CHCL,39,11,94,468.00,"43,992.00"
2020-09-08,2020090801023194,CHCL,39,52,100,468.00,"46,800.00"
2020-09-08,2020090801023249,CHCL,39,13,50,470.00,"23,500.00"
2020-09-08,2020090801023248,CHCL,39,53,110,469.00,"51,590.00"
2020-09-08,2020090801023247,CHCL,39,7,30,469.00,"14,070.00"
2020-09-08,2020090801023246,CHCL,39,22,200,469.00,"93,800.00"
2020-09-08,2020090801023245,CHCL,39,26,30,469.00,"14,070.00"
2020-09-08,2020090801023244,CHCL,39,41,200,469.00,"93,800.00"
2020-09-08,2020090801023258,CIT,56,45,50,"3,456.00","172,800.00"
2020-09-08,2020090801023226,CIT,58,32,10,"3,460.00","34,600.00"
2020-09-08,2020090801023175,CIT,37,32,48,"3,460.00","166,080.00"
2020-09-08,2020090801023134,CIT,39,32,10,"3,460.00","34,600.00"
2020-09-08,2020090801023008,CIT,58,32,168,"3,460.00","581,280.00"
2020-09-08,2020090801023007,CIT,58,34,10,"3,460.00","34,600.00"
2020-09-08,2020090801022825,CIT,59,36,85,"3,448.00","293,080.00"
2020-09-08,2020090801022801,CIT,5,36,50,"3,448.00","172,400.00"
2020-09-08,2020090801022800,CIT,39,36,10,"3,448.00","34,480.00"
2020-09-08,2020090801022831,CIT,59,55,25,"3,450.00","86,250.00"
2020-09-08,2020090801022830,CIT,59,22,20,"3,450.00","69,000.00"
2020-09-08,2020090801022829,CIT,59,45,50,"3,450.00","172,500.00"
2020-09-08,2020090801022828,CIT,59,16,100,"3,450.00","345,000.00"
2020-09-08,2020090801022827,CIT,59,45,18,"3,450.00","62,100.00"
2020-09-08,2020090801022826,CIT,59,47,60,"3,450.00","207,000.00"
2020-09-08,2020090801022837,CIT,59,28,50,"3,450.00","172,500.00"
2020-09-08,2020090801022836,CIT,59,57,50,"3,450.00","172,500.00"
2020-09-08,2020090801022835,CIT,59,19,16,"3,450.00","55,200.00"
2020-09-08,2020090801022834,CIT,59,56,50,"3,450.00","172,500.00"
2020-09-08,2020090801022833,CIT,59,22,100,"3,450.00","345,000.00"
2020-09-08,2020090801022832,CIT,59,1,25,"3,450.00","86,250.00"
2020-09-08,2020090801022843,CIT,59,33,50,"3,450.00","172,500.00"
2020-09-08,2020090801022842,CIT,59,22,22,"3,450.00","75,900.00"
2020-09-08,2020090801022841,CIT,59,14,100,"3,450.00","345,000.00"
2020-09-08,2020090801022840,CIT,59,7,44,"3,450.00","151,800.00"
2020-09-08,2020090801022839,CIT,59,34,50,"3,450.00","172,500.00"
2020-09-08,2020090801022838,CIT,59,7,22,"3,450.00","75,900.00"
2020-09-08,2020090801023006,CIT,58,38,61,"3,460.00","211,060.00"
2020-09-08,2020090801023005,CIT,58,43,100,"3,458.00","345,800.00"
2020-09-08,2020090801023004,CIT,58,35,61,"3,457.00","210,877.00"
2020-09-08,2020090801023003,CIT,58,36,100,"3,455.00","345,500.00"
2020-09-08,2020090801022918,CIT,13,51,50,"3,451.00","172,550.00"
2020-09-08,2020090801022881,CIT,59,5,20,"3,450.00","69,000.00"
2020-09-08,2020090801023070,CMF1,33,42,200,10.45,"2,090.00"
2020-09-08,2020090801023069,CMF1,33,4,"3,000",10.45,"31,350.00"
2020-09-08,2020090801023150,CORBL,34,56,14,125.00,"1,750.00"
2020-09-08,2020090801023067,CZBIL,38,28,200,194.00,"38,800.00"
2020-09-08,2020090801023142,EBL,44,35,200,725.00,"145,000.00"
2020-09-08,2020090801023265,EIC,57,55,30,486.00,"14,580.00"
2020-09-08,2020090801023009,EIC,25,42,10,488.00,"4,880.00"
2020-09-08,2020090801022871,EIC,25,57,20,488.00,"9,760.00"
2020-09-08,2020090801023177,FMDBL,56,57,10,565.00,"5,650.00"
2020-09-08,2020090801023048,GBBL,36,59,122,237.00,"28,914.00"
2020-09-08,2020090801023047,GBBL,36,20,78,237.00,"18,486.00"
2020-09-08,2020090801023155,GBIME,47,42,43,260.00,"11,180.00"
2020-09-08,2020090801023154,GBIME,17,42,32,260.00,"8,320.00"
2020-09-08,2020090801023012,GBIME,17,34,168,260.00,"43,680.00"
2020-09-08,2020090801023011,GBIME,39,34,32,260.00,"8,320.00"
2020-09-08,2020090801022990,GHL,36,33,30,65.00,"1,950.00"
2020-09-08,2020090801022803,GILB,32,10,11,"1,190.00","13,090.00"
2020-09-08,2020090801023187,GLICL,25,25,100,582.00,"58,200.00"
2020-09-08,2020090801023145,GLICL,45,22,100,582.00,"58,200.00"
2020-09-08,2020090801023144,GLICL,45,32,55,582.00,"32,010.00"
2020-09-08,2020090801022926,GLICL,45,32,103,582.00,"59,946.00"
2020-09-08,2020090801022925,GLICL,45,34,50,582.00,"29,100.00"
2020-09-08,2020090801022924,GLICL,45,54,750,582.00,"436,500.00"
2020-09-08,2020090801022923,GLICL,45,58,55,581.00,"31,955.00"
2020-09-08,2020090801022969,GMFBS,25,1,10,810.00,"8,100.00"
2020-09-08,2020090801022968,GMFBS,25,34,10,805.00,"8,050.00"
2020-09-08,2020090801023068,GRDBL,35,42,50,115.00,"5,750.00"
2020-09-08,2020090801023262,HDHPC,39,19,20,94.00,"1,880.00"
2020-09-08,2020090801023151,HDL,1,5,10,"1,778.00","17,780.00"
2020-09-08,2020090801022914,HDL,44,56,100,"1,772.00","177,200.00"
2020-09-08,2020090801022913,HDL,35,56,30,"1,776.00","53,280.00"
2020-09-08,2020090801022912,HDL,21,56,200,"1,777.00","355,400.00"
2020-09-08,2020090801022916,HDL,50,56,270,"1,770.00","477,900.00"
2020-09-08,2020090801022915,HDL,7,56,70,"1,770.00","123,900.00"
2020-09-08,2020090801023257,HGI,49,58,125,468.00,"58,500.00"
2020-09-08,2020090801023174,HGI,32,58,10,468.00,"4,680.00"
2020-09-08,2020090801022869,HGI,21,58,750,467.00,"350,250.00"
2020-09-08,2020090801022868,HGI,21,11,50,467.00,"23,350.00"
2020-09-08,2020090801022817,HGI,45,11,50,466.00,"23,300.00"
2020-09-08,2020090801022992,HIDCL,45,28,12,146.00,"1,752.00"
2020-09-08,2020090801022819,HIDCL,45,16,100,146.00,"14,600.00"
2020-09-08,2020090801022802,HIDCL,53,39,21,147.00,"3,087.00"
2020-09-08,2020090801023152,HPPL,1,58,10,159.00,"1,590.00"
2020-09-08,2020090801022805,HPPL,50,42,10,158.00,"1,580.00"
2020-09-08,2020090801023147,ILBS,58,26,100,805.00,"80,500.00"
2020-09-08,2020090801023010,ILBS,13,58,11,801.00,"8,811.00"
2020-09-08,2020090801023039,JBBL,25,58,100,170.00,"17,000.00"
2020-09-08,2020090801023038,JBBL,25,36,200,170.00,"34,000.00"
2020-09-08,2020090801023037,JBBL,25,58,100,170.00,"17,000.00"
2020-09-08,2020090801023036,JBBL,25,38,82,170.00,"13,940.00"
2020-09-08,2020090801022957,JBBL,14,44,14,169.00,"2,366.00"
2020-09-08,2020090801023001,JFL,34,28,"1,000",170.00,"170,000.00"
2020-09-08,2020090801023000,JFL,34,50,700,170.00,"119,000.00"
2020-09-08,2020090801022999,JFL,34,17,345,170.00,"58,650.00"
2020-09-08,2020090801022998,JFL,34,6,400,169.00,"67,600.00"
2020-09-08,2020090801022851,JFL,34,32,15,168.00,"2,520.00"
2020-09-08,2020090801023016,JOSHI,42,38,70,94.00,"6,580.00"
2020-09-08,2020090801023156,KBL,44,19,95,188.00,"17,860.00"
2020-09-08,2020090801023033,KBL,42,19,200,187.00,"37,400.00"
2020-09-08,2020090801023032,KBL,18,19,50,187.00,"9,350.00"
2020-09-08,2020090801022927,KBL,50,19,100,188.00,"18,800.00"
2020-09-08,2020090801023139,KMCDB,32,45,50,778.00,"38,900.00"
2020-09-08,2020090801022822,KMCDB,38,16,100,778.00,"77,800.00"
2020-09-08,2020090801022821,KMCDB,38,44,80,777.00,"62,160.00"
2020-09-08,2020090801022993,KMCDB,38,45,10,778.00,"7,780.00"
2020-09-08,2020090801022989,KMCDB,38,25,100,778.00,"77,800.00"
2020-09-08,2020090801022824,KMCDB,38,29,10,778.00,"7,780.00"
2020-09-08,2020090801022823,KMCDB,38,1,200,778.00,"155,600.00"
2020-09-08,2020090801023263,KPCL,25,25,20,125.00,"2,500.00"
2020-09-08,2020090801023214,KPCL,43,17,10,121.00,"1,210.00"
2020-09-08,2020090801023071,KPCL,25,25,50,125.00,"6,250.00"
2020-09-08,2020090801022901,KSBBL,59,45,150,142.00,"21,300.00"
2020-09-08,2020090801023210,LICN,32,19,100,"1,447.00","144,700.00"
2020-09-08,2020090801023267,MEGA,57,41,10,220.00,"2,200.00"
2020-09-08,2020090801023181,MEGA,40,41,67,220.00,"14,740.00"
2020-09-08,2020090801023180,MEGA,40,20,38,220.00,"8,360.00"
2020-09-08,2020090801023179,MEGA,40,14,95,220.00,"20,900.00"
2020-09-08,2020090801023170,MEGA,42,20,78,220.00,"17,160.00"
2020-09-08,2020090801023169,MEGA,42,50,122,220.00,"26,840.00"
2020-09-08,2020090801023159,MEGA,11,50,50,220.00,"11,000.00"
2020-09-08,2020090801022807,MEGA,29,29,50,219.00,"10,950.00"
2020-09-08,2020090801023042,MERO,50,42,15,700.00,"10,500.00"
2020-09-08,2020090801022891,MFIL,7,42,"1,500",302.00,"453,000.00"
2020-09-08,2020090801023062,MLBL,40,34,82,192.00,"15,744.00"
2020-09-08,2020090801022872,MNBBL,50,1,300,325.00,"97,500.00"
2020-09-08,2020090801023143,NABIL,42,17,50,846.00,"42,300.00"
2020-09-08,2020090801023074,NABIL,40,17,"1,050",846.00,"888,300.00"
2020-09-08,2020090801023020,NABIL,26,45,875,845.00,"739,375.00"
2020-09-08,2020090801023019,NABIL,35,45,100,845.00,"84,500.00"
2020-09-08,2020090801023018,NABIL,33,45,25,845.00,"21,125.00"
2020-09-08,2020090801022816,NABIL,40,40,17,844.00,"14,348.00"
2020-09-08,2020090801022865,NADEP,14,34,100,679.00,"67,900.00"
2020-09-08,2020090801023061,NBB,38,45,239,199.00,"47,561.00"
2020-09-08,2020090801023060,NBB,38,45,111,199.00,"22,089.00"
2020-09-08,2020090801023059,NBB,38,58,850,199.00,"169,150.00"
2020-09-08,2020090801023167,NBL,29,29,425,297.00,"126,225.00"
2020-09-08,2020090801023166,NBL,34,29,50,297.00,"14,850.00"
2020-09-08,2020090801023165,NBL,58,29,"1,000",297.00,"297,000.00"
2020-09-08,2020090801023164,NBL,58,29,100,297.00,"29,700.00"
2020-09-08,2020090801023163,NBL,19,29,425,297.00,"126,225.00"
2020-09-08,2020090801022935,NBL,19,5,150,297.00,"44,550.00"
2020-09-08,2020090801022893,NBL,56,21,100,298.00,"29,800.00"
2020-09-08,2020090801022870,NBL,57,21,100,298.00,"29,800.00"
2020-09-08,2020090801023205,NGPL,40,49,300,142.00,"42,600.00"
2020-09-08,2020090801023056,NGPL,40,45,11,141.00,"1,551.00"
2020-09-08,2020090801023200,NHDL,34,28,110,162.00,"17,820.00"
2020-09-08,2020090801023199,NHDL,34,42,10,162.00,"1,620.00"
2020-09-08,2020090801023148,NHDL,44,58,40,161.00,"6,440.00"
2020-09-08,2020090801023203,NIB,17,58,975,419.00,"408,525.00"
2020-09-08,2020090801023202,NIB,34,58,25,419.00,"10,475.00"
2020-09-08,2020090801023095,NIB,34,58,75,419.00,"31,425.00"
2020-09-08,2020090801023094,NIB,56,58,400,419.00,"167,600.00"
2020-09-08,2020090801023093,NIB,57,58,20,419.00,"8,380.00"
2020-09-08,2020090801023092,NIB,17,58,180,419.00,"75,420.00"
2020-09-08,2020090801023015,NIB,22,59,57,420.00,"23,940.00"
2020-09-08,2020090801022804,NIB,22,18,49,420.00,"20,580.00"
2020-09-08,2020090801023085,NIB,56,58,500,419.00,"209,500.00"
2020-09-08,2020090801023084,NIB,56,58,36,419.00,"15,084.00"
2020-09-08,2020090801023083,NIB,29,58,350,419.00,"146,650.00"
2020-09-08,2020090801023082,NIB,42,58,90,419.00,"37,710.00"
2020-09-08,2020090801023091,NIB,56,58,100,419.00,"41,900.00"
2020-09-08,2020090801023090,NIB,58,58,15,419.00,"6,285.00"
2020-09-08,2020090801023089,NIB,33,58,28,419.00,"11,732.00"
2020-09-08,2020090801023088,NIB,14,58,50,419.00,"20,950.00"
2020-09-08,2020090801023087,NIB,18,58,145,419.00,"60,755.00"
2020-09-08,2020090801023086,NIB,35,58,11,419.00,"4,609.00"
2020-09-08,2020090801022948,NICA,44,33,100,579.00,"57,900.00"
2020-09-08,2020090801022882,NICA,32,57,630,577.00,"363,510.00"
2020-09-08,2020090801022972,NICGF,38,54,500,11.14,"5,570.00"
2020-09-08,2020090801022860,NICGF,17,34,"1,000",11.13,"11,130.00"
2020-09-08,2020090801023228,NIL,5,3,10,802.00,"8,020.00"
2020-09-08,2020090801023227,NIL,5,58,20,801.00,"16,020.00"
2020-09-08,2020090801023186,NIL,25,58,40,801.00,"32,040.00"
2020-09-08,2020090801023137,NIL,10,3,90,802.00,"72,180.00"
2020-09-08,2020090801023136,NIL,10,16,10,802.00,"8,020.00"
2020-09-08,2020090801023135,NIL,10,26,392,802.00,"314,384.00"
2020-09-08,2020090801022811,NIL,56,26,80,802.00,"64,160.00"
2020-09-08,2020090801023081,NIL,34,58,500,801.00,"400,500.00"
2020-09-08,2020090801023080,NIL,40,58,20,801.00,"16,020.00"
2020-09-08,2020090801023023,NIL,40,58,180,801.00,"144,180.00"
2020-09-08,2020090801023022,NIL,45,58,20,801.00,"16,020.00"
2020-09-08,2020090801023021,NIL,26,26,100,802.00,"80,200.00"
2020-09-08,2020090801022866,NIL,26,26,40,802.00,"32,080.00"
2020-09-08,2020090801023215,NLBBL,58,38,10,725.00,"7,250.00"
2020-09-08,2020090801023266,NLIC,36,34,10,"1,369.00","13,690.00"
2020-09-08,2020090801022962,NLIC,46,34,69,"1,369.00","94,461.00"
2020-09-08,2020090801022961,NLIC,46,21,31,"1,368.00","42,408.00"
2020-09-08,2020090801023072,NLICL,45,43,100,761.00,"76,100.00"
2020-09-08,2020090801023066,NMB,50,50,14,420.00,"5,880.00"
2020-09-08,2020090801023065,NMB,50,33,100,420.00,"42,000.00"
2020-09-08,2020090801023064,NMB,50,49,40,420.00,"16,800.00"
2020-09-08,2020090801023063,NMB,50,56,346,420.00,"145,320.00"
2020-09-08,2020090801023096,NMBMF,33,50,50,793.00,"39,650.00"
2020-09-08,2020090801022996,NMFBS,26,18,10,"1,532.00","15,320.00"
2020-09-08,2020090801023240,NRIC,57,49,50,859.00,"42,950.00"
2020-09-08,2020090801023239,NRIC,54,39,140,860.00,"120,400.00"
2020-09-08,2020090801023238,NRIC,54,56,20,860.00,"17,200.00"
2020-09-08,2020090801023237,NRIC,54,13,40,860.00,"34,400.00"
2020-09-08,2020090801023234,NRIC,57,56,20,860.00,"17,200.00"
2020-09-08,2020090801023233,NRIC,57,7,480,860.00,"412,800.00"
2020-09-08,2020090801022884,NRIC,57,34,100,859.00,"85,900.00"
2020-09-08,2020090801022857,NRIC,57,50,50,859.00,"42,950.00"
2020-09-08,2020090801022849,NRIC,57,56,500,859.00,"429,500.00"
2020-09-08,2020090801022818,NRIC,57,25,400,859.00,"343,600.00"
2020-09-08,2020090801022903,NRIC,25,10,40,860.00,"34,400.00"
2020-09-08,2020090801022902,NRIC,25,47,35,860.00,"30,100.00"
2020-09-08,2020090801022888,NRIC,54,47,165,860.00,"141,900.00"
2020-09-08,2020090801022887,NRIC,54,51,"1,000",860.00,"860,000.00"
2020-09-08,2020090801022886,NRIC,54,26,40,860.00,"34,400.00"
2020-09-08,2020090801022885,NRIC,54,33,800,860.00,"688,000.00"
2020-09-08,2020090801022922,NRIC,57,18,50,859.00,"42,950.00"
2020-09-08,2020090801022911,NRIC,57,7,200,859.00,"171,800.00"
2020-09-08,2020090801022907,NRIC,25,38,25,860.00,"21,500.00"
2020-09-08,2020090801022906,NRIC,25,29,20,860.00,"17,200.00"
2020-09-08,2020090801022905,NRIC,25,38,40,860.00,"34,400.00"
2020-09-08,2020090801022904,NRIC,25,55,40,860.00,"34,400.00"
2020-09-08,2020090801022940,NRIC,34,42,40,860.00,"34,400.00"
2020-09-08,2020090801022939,NRIC,34,49,100,860.00,"86,000.00"
2020-09-08,2020090801022938,NRIC,34,44,40,860.00,"34,400.00"
2020-09-08,2020090801022937,NRIC,34,53,40,860.00,"34,400.00"
2020-09-08,2020090801022933,NRIC,57,52,35,860.00,"30,100.00"
2020-09-08,2020090801022932,NRIC,57,38,15,860.00,"12,900.00"
2020-09-08,2020090801023073,NRIC,58,55,290,860.00,"249,400.00"
2020-09-08,2020090801023053,NRIC,57,55,50,860.00,"43,000.00"
2020-09-08,2020090801022944,NRIC,34,55,440,860.00,"378,400.00"
2020-09-08,2020090801022943,NRIC,34,47,40,860.00,"34,400.00"
2020-09-08,2020090801022942,NRIC,34,49,40,860.00,"34,400.00"
2020-09-08,2020090801022941,NRIC,34,49,260,860.00,"223,600.00"
2020-09-08,2020090801023221,NRIC,57,8,100,859.00,"85,900.00"
2020-09-08,2020090801023173,NRIC,57,34,50,859.00,"42,950.00"
2020-09-08,2020090801023161,NRIC,35,7,20,860.00,"17,200.00"
2020-09-08,2020090801023160,NRIC,35,55,180,860.00,"154,800.00"
2020-09-08,2020090801023140,NRIC,57,10,40,859.00,"34,360.00"
2020-09-08,2020090801023138,NRIC,45,55,40,860.00,"34,400.00"
2020-09-08,2020090801023123,NRN,36,59,10,393.00,"3,930.00"
2020-09-08,2020090801023122,NRN,36,41,10,393.00,"3,930.00"
2020-09-08,2020090801023121,NRN,36,52,10,393.00,"3,930.00"
2020-09-08,2020090801023120,NRN,36,32,10,393.00,"3,930.00"
2020-09-08,2020090801023119,NRN,36,26,10,393.00,"3,930.00"
2020-09-08,2020090801022856,NRN,35,32,67,393.00,"26,331.00"
2020-09-08,2020090801022855,NRN,35,41,10,393.00,"3,930.00"
2020-09-08,2020090801022854,NRN,35,46,48,393.00,"18,864.00"
2020-09-08,2020090801023100,NRN,36,8,10,393.00,"3,930.00"
2020-09-08,2020090801023099,NRN,36,48,110,393.00,"43,230.00"
2020-09-08,2020090801023098,NRN,36,35,10,393.00,"3,930.00"
2020-09-08,2020090801023097,NRN,36,32,143,393.00,"56,199.00"
2020-09-08,2020090801023106,NRN,36,1,10,393.00,"3,930.00"
2020-09-08,2020090801023105,NRN,36,29,10,393.00,"3,930.00"
2020-09-08,2020090801023104,NRN,36,35,10,393.00,"3,930.00"
2020-09-08,2020090801023103,NRN,36,26,10,393.00,"3,930.00"
2020-09-08,2020090801023102,NRN,36,45,10,393.00,"3,930.00"
2020-09-08,2020090801023101,NRN,36,6,10,393.00,"3,930.00"
2020-09-08,2020090801023112,NRN,36,5,10,393.00,"3,930.00"
2020-09-08,2020090801023111,NRN,36,50,10,393.00,"3,930.00"
2020-09-08,2020090801023110,NRN,36,42,10,393.00,"3,930.00"
2020-09-08,2020090801023109,NRN,36,41,10,393.00,"3,930.00"
2020-09-08,2020090801023108,NRN,36,41,10,393.00,"3,930.00"
2020-09-08,2020090801023107,NRN,36,10,10,393.00,"3,930.00"
2020-09-08,2020090801023118,NRN,36,36,300,393.00,"117,900.00"
2020-09-08,2020090801023117,NRN,36,55,10,393.00,"3,930.00"
2020-09-08,2020090801023116,NRN,36,59,10,393.00,"3,930.00"
2020-09-08,2020090801023115,NRN,36,59,10,393.00,"3,930.00"
2020-09-08,2020090801023114,NRN,36,49,10,393.00,"3,930.00"
2020-09-08,2020090801023113,NRN,36,21,10,393.00,"3,930.00"
2020-09-08,2020090801023041,NTC,34,26,10,699.00,"6,990.00"
2020-09-08,2020090801023141,PCBL,50,33,200,275.00,"55,000.00"
2020-09-08,2020090801022917,PCBL,42,17,200,276.00,"55,200.00"
2020-09-08,2020090801023225,PIC,34,37,50,750.00,"37,500.00"
2020-09-08,2020090801023204,PIC,25,42,92,749.00,"68,908.00"
2020-09-08,2020090801023172,PICL,28,44,23,524.00,"12,052.00"
2020-09-08,2020090801023171,PICL,59,44,77,524.00,"40,348.00"
2020-09-08,2020090801023158,PLIC,59,38,90,638.00,"57,420.00"
2020-09-08,2020090801023157,PLIC,59,34,10,638.00,"6,380.00"
2020-09-08,2020090801023043,PLIC,32,7,73,635.00,"46,355.00"
2020-09-08,2020090801022975,PLIC,25,34,62,638.00,"39,556.00"
2020-09-08,2020090801022974,PLIC,25,42,30,637.00,"19,110.00"
2020-09-08,2020090801022910,PLIC,5,49,100,637.00,"63,700.00"
2020-09-08,2020090801022909,PLIC,5,26,80,637.00,"50,960.00"
2020-09-08,2020090801022908,PLIC,5,25,100,636.00,"63,600.00"
2020-09-08,2020090801023052,PRIN,1,50,50,590.00,"29,500.00"
2020-09-08,2020090801023051,PRIN,28,50,145,590.00,"85,550.00"
2020-09-08,2020090801022984,PRIN,28,54,100,590.00,"59,000.00"
2020-09-08,2020090801022947,PRIN,34,34,100,591.00,"59,100.00"
2020-09-08,2020090801022931,PRIN,34,42,105,591.00,"62,055.00"
2020-09-08,2020090801022930,PRIN,34,44,20,591.00,"11,820.00"
2020-09-08,2020090801022929,PRIN,34,56,11,591.00,"6,501.00"
2020-09-08,2020090801022928,PRIN,34,41,755,591.00,"446,205.00"
2020-09-08,2020090801022798,PRIN,28,42,200,590.00,"118,000.00"
2020-09-08,2020090801023259,PRVU,49,19,210,228.00,"47,880.00"
2020-09-08,2020090801022970,PRVU,21,19,50,228.00,"11,400.00"
2020-09-08,2020090801022921,PRVU,42,19,91,228.00,"20,748.00"
2020-09-08,2020090801022920,PRVU,42,39,100,228.00,"22,800.00"
2020-09-08,2020090801022919,PRVU,42,35,29,228.00,"6,612.00"
2020-09-08,2020090801022861,RADHI,32,41,100,226.00,"22,600.00"
2020-09-08,2020090801022852,RHPL,28,42,50,163.00,"8,150.00"
2020-09-08,2020090801022967,RHPL,28,59,112,163.00,"18,256.00"
2020-09-08,2020090801022934,RHPL,28,50,40,163.00,"6,520.00"
2020-09-08,2020090801023217,RLFL,44,34,10,138.00,"1,380.00"
2020-09-08,2020090801023149,RLFL,44,13,150,137.00,"20,550.00"
2020-09-08,2020090801023035,RLFL,42,13,100,137.00,"13,700.00"
2020-09-08,2020090802000016,RLI,26,13,10,340.00,"3,400.00"
2020-09-08,2020090802000015,RLI,26,17,10,340.00,"3,400.00"
2020-09-08,2020090802000014,RLI,41,49,10,334.00,"3,340.00"
2020-09-08,2020090802000013,RLI,52,28,10,328.00,"3,280.00"
2020-09-08,2020090802000012,RLI,52,28,10,328.00,"3,280.00"
2020-09-08,2020090802000011,RLI,52,28,10,328.00,"3,280.00"
2020-09-08,2020090802000004,RLI,47,33,10,322.00,"3,220.00"
2020-09-08,2020090802000003,RLI,47,49,10,322.00,"3,220.00"
2020-09-08,2020090802000002,RLI,47,17,10,322.00,"3,220.00"
2020-09-08,2020090802000001,RLI,47,13,10,322.00,"3,220.00"
2020-09-08,2020090802000010,RLI,52,38,10,328.00,"3,280.00"
2020-09-08,2020090802000009,RLI,52,38,10,328.00,"3,280.00"
2020-09-08,2020090802000008,RLI,52,11,10,328.00,"3,280.00"
2020-09-08,2020090802000007,RLI,52,53,10,328.00,"3,280.00"
2020-09-08,2020090802000006,RLI,52,52,10,328.00,"3,280.00"
2020-09-08,2020090802000005,RLI,47,28,10,322.00,"3,220.00"
2020-09-08,2020090801022815,RMDC,42,32,19,866.00,"16,454.00"
2020-09-08,2020090801023045,RRHP,43,17,50,105.00,"5,250.00"
2020-09-08,2020090801023236,RSDC,42,38,10,522.00,"5,220.00"
2020-09-08,2020090801023055,RSDC,43,36,128,527.00,"67,456.00"
2020-09-08,2020090801023054,RSDC,43,4,12,527.00,"6,324.00"
2020-09-08,2020090801022878,RSDC,43,38,60,526.00,"31,560.00"
2020-09-08,2020090801022966,SABSL,44,49,21,876.00,"18,396.00"
2020-09-08,2020090801022965,SABSL,44,16,43,876.00,"37,668.00"
2020-09-08,2020090801022964,SABSL,44,56,32,876.00,"28,032.00"
2020-09-08,2020090801022963,SABSL,44,35,11,876.00,"9,636.00"
2020-09-08,2020090801023078,SADBL,45,32,"1,000",143.00,"143,000.00"
2020-09-08,2020090801023077,SADBL,39,32,"1,000",143.00,"143,000.00"
2020-09-08,2020090801023076,SADBL,35,32,100,143.00,"14,300.00"
2020-09-08,2020090801023075,SADBL,14,32,161,143.00,"23,023.00"
2020-09-08,2020090801022991,SAPDBL,22,22,3,119.00,357.00
2020-09-08,2020090801023260,SBI,25,50,200,421.00,"84,200.00"
2020-09-08,2020090801023031,SBI,44,50,100,421.00,"42,100.00"
2020-09-08,2020090801023230,SCB,58,58,70,653.00,"45,710.00"
2020-09-08,2020090801023153,SCB,38,58,50,653.00,"32,650.00"
2020-09-08,2020090801023212,SDLBSL,34,10,10,825.00,"8,250.00"
2020-09-08,2020090801023178,SDLBSL,34,18,10,825.00,"8,250.00"
2020-09-08,2020090801022889,SDLBSL,34,42,10,825.00,"8,250.00"
2020-09-08,2020090801022813,SFCL,58,32,16,112.00,"1,792.00"
2020-09-08,2020090801022812,SFCL,58,41,100,112.00,"11,200.00"
2020-09-08,2020090801023256,SHINE,29,34,777,233.00,"181,041.00"
2020-09-08,2020090801023255,SHINE,57,34,10,233.00,"2,330.00"
2020-09-08,2020090801023254,SHINE,29,34,218,233.00,"50,794.00"
2020-09-08,2020090801022862,SHINE,26,34,50,234.00,"11,700.00"
2020-09-08,2020090801022956,SHIVM,58,49,162,739.00,"119,718.00"
2020-09-08,2020090801022955,SHIVM,58,26,20,739.00,"14,780.00"
2020-09-08,2020090801022954,SHIVM,58,42,30,738.00,"22,140.00"
2020-09-08,2020090801022953,SHIVM,58,32,100,738.00,"73,800.00"
2020-09-08,2020090801022952,SHIVM,58,41,190,738.00,"140,220.00"
2020-09-08,2020090801022951,SHIVM,58,49,148,738.00,"109,224.00"
2020-09-08,2020090801022950,SHIVM,58,17,20,734.00,"14,680.00"
2020-09-08,2020090801022949,SHIVM,58,19,330,733.00,"241,890.00"
2020-09-08,2020090801022846,SHIVM,57,4,50,731.00,"36,550.00"
2020-09-08,2020090801022845,SHIVM,19,4,50,732.00,"36,600.00"
2020-09-08,2020090801022799,SHIVM,40,19,10,734.00,"7,340.00"
2020-09-08,2020090801023278,SHPC,25,25,50,264.00,"13,200.00"
2020-09-08,2020090801023277,SHPC,25,10,"4,637",264.00,"1,224,170.00"
2020-09-08,2020090801023276,SHPC,25,45,172,263.00,"45,236.00"
2020-09-08,2020090801023079,SHPC,1,25,500,263.00,"131,500.00"
2020-09-08,2020090801023264,SIC,38,53,372,880.00,"327,360.00"
2020-09-08,2020090801022848,SIC,57,53,10,880.00,"8,800.00"
2020-09-08,2020090801022847,SIC,57,13,75,879.00,"65,925.00"
2020-09-08,2020090801023279,SIL,44,53,10,749.00,"7,490.00"
2020-09-08,2020090801023014,SJCL,58,50,20,145.00,"2,900.00"
2020-09-08,2020090801022936,SJCL,58,42,20,145.00,"2,900.00"
2020-09-08,2020090801022806,SJCL,58,10,20,145.00,"2,900.00"
2020-09-08,2020090801023272,SKBBL,49,56,19,"1,347.00","25,593.00"
2020-09-08,2020090801023201,SKBBL,58,56,20,"1,348.00","26,960.00"
2020-09-08,2020090801023146,SKBBL,19,56,600,"1,348.00","808,800.00"
2020-09-08,2020090801023024,SKBBL,50,5,300,"1,349.00","404,700.00"
2020-09-08,2020090801022892,SKBBL,50,5,200,"1,349.00","269,800.00"
2020-09-08,2020090801023224,SLBBL,38,38,300,844.00,"253,200.00"
2020-09-08,2020090801023223,SLBBL,38,50,30,843.00,"25,290.00"
2020-09-08,2020090801022958,SLBBL,49,10,13,842.00,"10,946.00"
2020-09-08,2020090801022960,SLBBL,38,10,154,840.00,"129,360.00"
2020-09-08,2020090801022959,SLBBL,34,10,13,841.00,"10,933.00"
2020-09-08,2020090801022877,SLBS,34,58,386,958.00,"369,788.00"
2020-09-08,2020090801022876,SLBS,34,41,50,957.00,"47,850.00"
2020-09-08,2020090801022875,SLBS,34,57,44,956.00,"42,064.00"
2020-09-08,2020090801022874,SLBS,34,26,30,955.00,"28,650.00"
2020-09-08,2020090801022873,SLBS,34,45,90,955.00,"85,950.00"
2020-09-08,2020090801023261,SLICL,36,22,100,576.00,"57,600.00"
2020-09-08,2020090801023162,SMFBS,33,56,10,986.00,"9,860.00"
2020-09-08,2020090801023002,SPARS,56,26,10,940.00,"9,400.00"
2020-09-08,2020090801023211,SPDL,34,45,50,130.00,"6,500.00"
2020-09-08,2020090801023017,SRBL,14,5,10,231.00,"2,310.00"
2020-09-08,2020090801022890,UIC,10,34,"1,170",421.00,"492,570.00"
2020-09-08,2020090801022883,UIC,26,34,30,421.00,"12,630.00"
2020-09-08,2020090801022997,UMHL,56,42,14,109.00,"1,526.00"
2020-09-08,2020090801022867,UNHPL,5,37,10,68.00,680.00
2020-09-08,2020090801023209,UPCL,26,22,450,97.00,"43,650.00"
2020-09-08,2020090801023208,UPCL,26,34,50,97.00,"4,850.00"
2020-09-08,2020090801023213,UPPER,16,58,20,247.00,"4,940.00"
2020-09-08,2020090801023185,UPPER,55,58,10,247.00,"2,470.00"
2020-09-08,2020090801023050,UPPER,14,19,50,245.00,"12,250.00"
2020-09-08,2020090801023046,UPPER,14,35,50,245.00,"12,250.00"
2020-09-08,2020090801023040,UPPER,14,42,40,245.00,"9,800.00"
2020-09-08,2020090801022627,ADBL,14,45,100,422.00,"42,200.00"
2020-09-08,2020090801022449,ADBL,14,32,200,422.00,"84,400.00"
2020-09-08,2020090801022383,ADBL,25,8,80,423.00,"33,840.00"
2020-09-08,2020090801022382,ADBL,25,49,20,423.00,"8,460.00"
2020-09-08,2020090801022604,AHPC,17,44,10,119.00,"1,190.00"
2020-09-08,2020090801022483,AHPC,58,38,343,117.00,"40,131.00"
2020-09-08,2020090801022482,AHPC,33,38,350,117.00,"40,950.00"
2020-09-08,2020090801022481,AHPC,50,38,250,117.00,"29,250.00"
2020-09-08,2020090801022480,AHPC,28,38,47,117.00,"5,499.00"
2020-09-08,2020090801022479,AHPC,59,38,"2,000",118.00,"236,000.00"
2020-09-08,2020090801022328,AHPC,22,44,30,119.00,"3,570.00"
2020-09-08,2020090801022605,AIL,19,29,10,509.00,"5,090.00"
2020-09-08,2020090801022564,AIL,36,14,10,513.00,"5,130.00"
2020-09-08,2020090801022533,AIL,19,59,10,509.00,"5,090.00"
2020-09-08,2020090801022486,AIL,19,59,10,509.00,"5,090.00"
2020-09-08,2020090801022450,AIL,58,4,10,510.00,"5,100.00"
2020-09-08,2020090801022424,AIL,58,59,10,510.00,"5,100.00"
2020-09-08,2020090801022347,AIL,58,20,10,510.00,"5,100.00"
2020-09-08,2020090801022781,AKPL,58,40,37,167.00,"6,179.00"
2020-09-08,2020090801022780,AKPL,58,40,"1,000",167.00,"167,000.00"
2020-09-08,2020090801022779,AKPL,58,59,"1,963",167.00,"327,821.00"
2020-09-08,2020090801022368,AKPL,33,55,100,166.00,"16,600.00"
2020-09-08,2020090801022455,AKPL,33,32,225,166.00,"37,350.00"
2020-09-08,2020090801022392,AKPL,33,43,25,166.00,"4,150.00"
2020-09-08,2020090801022543,AKPL,36,59,37,167.00,"6,179.00"
2020-09-08,2020090801022727,AKPL,33,50,"1,000",166.00,"166,000.00"
2020-09-08,2020090801022754,ALBSL,28,13,536,925.00,"495,800.00"
2020-09-08,2020090801022753,ALBSL,28,17,150,925.00,"138,750.00"
2020-09-08,2020090801022752,ALBSL,28,25,10,923.00,"9,230.00"
2020-09-08,2020090801022320,ALBSL,28,39,11,905.00,"9,955.00"
2020-09-08,2020090801022319,ALBSL,28,47,11,905.00,"9,955.00"
2020-09-08,2020090801022318,ALBSL,28,49,11,905.00,"9,955.00"
2020-09-08,2020090801022326,ALBSL,28,38,134,906.00,"121,404.00"
2020-09-08,2020090801022325,ALBSL,28,22,61,906.00,"55,266.00"
2020-09-08,2020090801022324,ALBSL,28,5,200,905.00,"181,000.00"
2020-09-08,2020090801022323,ALBSL,28,22,500,905.00,"452,500.00"
2020-09-08,2020090801022322,ALBSL,28,46,10,905.00,"9,050.00"
2020-09-08,2020090801022321,ALBSL,28,39,11,905.00,"9,955.00"
2020-09-08,2020090801022357,ALBSL,28,14,11,910.00,"10,010.00"
2020-09-08,2020090801022356,ALBSL,28,22,511,909.00,"464,499.00"
2020-09-08,2020090801022355,ALBSL,28,57,100,909.00,"90,900.00"
2020-09-08,2020090801022354,ALBSL,28,28,59,908.00,"53,572.00"
2020-09-08,2020090801022353,ALBSL,28,38,11,900.00,"9,900.00"
2020-09-08,2020090801022327,ALBSL,28,28,51,908.00,"46,308.00"
2020-09-08,2020090801022362,ALBSL,28,58,10,911.00,"9,110.00"
2020-09-08,2020090801022361,ALBSL,28,38,11,910.00,"10,010.00"
2020-09-08,2020090801022360,ALBSL,28,19,72,910.00,"65,520.00"
2020-09-08,2020090801022359,ALBSL,28,25,15,910.00,"13,650.00"
2020-09-08,2020090801022358,ALBSL,28,28,200,910.00,"182,000.00"
2020-09-08,2020090801022462,ALBSL,55,11,11,895.00,"9,845.00"
2020-09-08,2020090801022388,ALBSL,28,28,110,911.00,"100,210.00"
2020-09-08,2020090801022387,ALBSL,28,28,200,911.00,"182,200.00"
2020-09-08,2020090801022386,ALBSL,28,58,190,911.00,"173,090.00"
2020-09-08,2020090801022538,ALBSL,28,22,440,914.00,"402,160.00"
2020-09-08,2020090801022537,ALBSL,28,25,10,913.00,"9,130.00"
2020-09-08,2020090801022536,ALBSL,28,21,50,913.00,"45,650.00"
2020-09-08,2020090801022472,ALBSL,28,28,40,911.00,"36,440.00"
2020-09-08,2020090801022471,ALBSL,28,28,90,911.00,"81,990.00"
2020-09-08,2020090801022634,ALBSL,28,39,180,918.00,"165,240.00"
2020-09-08,2020090801022633,ALBSL,28,16,80,916.00,"73,280.00"
2020-09-08,2020090801022632,ALBSL,28,43,49,916.00,"44,884.00"
2020-09-08,2020090801022631,ALBSL,28,49,11,915.00,"10,065.00"
2020-09-08,2020090801022630,ALBSL,28,26,20,915.00,"18,300.00"
2020-09-08,2020090801022628,ALBSL,26,22,60,914.00,"54,840.00"
2020-09-08,2020090801022640,ALBSL,28,51,10,921.00,"9,210.00"
2020-09-08,2020090801022639,ALBSL,28,51,10,920.00,"9,200.00"
2020-09-08,2020090801022638,ALBSL,28,25,11,920.00,"10,120.00"
2020-09-08,2020090801022637,ALBSL,28,40,200,919.00,"183,800.00"
2020-09-08,2020090801022636,ALBSL,28,4,100,918.00,"91,800.00"
2020-09-08,2020090801022635,ALBSL,28,38,10,918.00,"9,180.00"
2020-09-08,2020090801022646,ALBSL,28,16,127,923.00,"117,221.00"
2020-09-08,2020090801022645,ALBSL,28,41,100,922.00,"92,200.00"
2020-09-08,2020090801022644,ALBSL,28,21,50,921.00,"46,050.00"
2020-09-08,2020090801022643,ALBSL,28,34,20,921.00,"18,420.00"
2020-09-08,2020090801022642,ALBSL,28,7,11,921.00,"10,131.00"
2020-09-08,2020090801022641,ALBSL,28,57,11,921.00,"10,131.00"
2020-09-08,2020090801022751,ALBSL,28,8,112,923.00,"103,376.00"
2020-09-08,2020090801022750,ALBSL,28,33,22,923.00,"20,306.00"
2020-09-08,2020090801022749,ALBSL,28,57,137,923.00,"126,451.00"
2020-09-08,2020090801022748,ALBSL,28,53,10,923.00,"9,230.00"
2020-09-08,2020090801022747,ALBSL,28,16,23,923.00,"21,229.00"
2020-09-08,2020090801022794,ALICL,45,58,130,725.00,"94,250.00"
2020-09-08,2020090801022793,ALICL,45,41,200,725.00,"145,000.00"
2020-09-08,2020090801022792,ALICL,45,45,300,725.00,"217,500.00"
2020-09-08,2020090801022791,ALICL,45,57,20,725.00,"14,500.00"
2020-09-08,2020090801022790,ALICL,45,49,100,725.00,"72,500.00"
2020-09-08,2020090801022789,ALICL,45,6,950,725.00,"688,750.00"
2020-09-08,2020090801022552,ALICL,13,35,100,723.00,"72,300.00"
2020-09-08,2020090801022316,ALICL,34,57,"1,300",720.00,"936,000.00"
2020-09-08,2020090801022788,ALICL,45,16,200,724.00,"144,800.00"
2020-09-08,2020090801022787,ALICL,45,35,500,724.00,"362,000.00"
2020-09-08,2020090801022786,ALICL,45,25,100,724.00,"72,400.00"
2020-09-08,2020090801022785,ALICL,45,52,100,724.00,"72,400.00"
2020-09-08,2020090801022784,ALICL,45,32,50,723.00,"36,150.00"
2020-09-08,2020090801022783,ALICL,45,35,350,723.00,"253,050.00"
2020-09-08,2020090801022664,API,39,48,102,130.00,"13,260.00"
2020-09-08,2020090801022663,API,39,22,11,130.00,"1,430.00"
2020-09-08,2020090801022662,API,39,52,500,129.00,"64,500.00"
2020-09-08,2020090801022661,API,39,21,87,128.00,"11,136.00"
2020-09-08,2020090801022341,API,42,21,50,128.00,"6,400.00"
2020-09-08,2020090801022602,BARUN,34,56,40,106.00,"4,240.00"
2020-09-08,2020090801022541,BPCL,42,34,27,383.00,"10,341.00"
2020-09-08,2020090801022458,BPCL,56,34,50,383.00,"19,150.00"
2020-09-08,2020090801022457,BPCL,58,34,250,383.00,"95,750.00"
2020-09-08,2020090801022456,BPCL,42,34,313,388.00,"121,444.00"
2020-09-08,2020090801022416,BPCL,42,38,12,388.00,"4,656.00"
2020-09-08,2020090801022409,BPCL,42,38,"1,000",384.00,"384,000.00"
2020-09-08,2020090801022408,BPCL,42,21,12,384.00,"4,608.00"
2020-09-08,2020090801022407,BPCL,42,37,25,383.00,"9,575.00"
2020-09-08,2020090801022406,BPCL,42,16,30,383.00,"11,490.00"
2020-09-08,2020090801022331,BPCL,41,18,24,382.00,"9,168.00"
2020-09-08,2020090801022415,BPCL,42,45,50,388.00,"19,400.00"
2020-09-08,2020090801022414,BPCL,42,28,82,386.00,"31,652.00"
2020-09-08,2020090801022413,BPCL,42,49,331,386.00,"127,766.00"
2020-09-08,2020090801022412,BPCL,42,4,200,385.00,"77,000.00"
2020-09-08,2020090801022411,BPCL,42,7,519,385.00,"199,815.00"
2020-09-08,2020090801022410,BPCL,42,38,426,385.00,"164,010.00"
2020-09-08,2020090801022395,CBBL,56,57,30,"1,095.00","32,850.00"
2020-09-08,2020090801022394,CBBL,35,57,10,"1,096.00","10,960.00"
2020-09-08,2020090801022333,CBBL,50,21,10,"1,098.00","10,980.00"
2020-09-08,2020090801022487,CBL,45,59,60,144.00,"8,640.00"
2020-09-08,2020090801022613,CHCL,1,16,122,467.00,"56,974.00"
2020-09-08,2020090801022612,CHCL,1,26,100,467.00,"46,700.00"
2020-09-08,2020090801022611,CHCL,1,56,50,466.00,"23,300.00"
2020-09-08,2020090801022610,CHCL,1,25,50,466.00,"23,300.00"
2020-09-08,2020090801022609,CHCL,1,55,178,466.00,"82,948.00"
2020-09-08,2020090801022522,CHCL,57,55,122,466.00,"56,852.00"
2020-09-08,2020090801022344,CHCL,42,14,397,466.00,"185,002.00"
2020-09-08,2020090801022343,CHCL,39,4,500,465.00,"232,500.00"
2020-09-08,2020090801022521,CHCL,57,11,78,466.00,"36,348.00"
2020-09-08,2020090801022520,CHCL,57,4,100,466.00,"46,600.00"
2020-09-08,2020090801022514,CHCL,39,4,100,466.00,"46,600.00"
2020-09-08,2020090801022441,CHCL,28,4,200,466.00,"93,200.00"
2020-09-08,2020090801022381,CHCL,57,52,97,466.00,"45,202.00"
2020-09-08,2020090801022345,CHCL,42,52,103,466.00,"47,998.00"
2020-09-08,2020090801022720,CHL,8,14,10,106.00,"1,060.00"
2020-09-08,2020090801022719,CHL,8,54,10,106.00,"1,060.00"
2020-09-08,2020090801022718,CHL,8,36,102,106.00,"10,812.00"
2020-09-08,2020090801022717,CHL,8,36,769,106.00,"81,514.00"
2020-09-08,2020090801022716,CHL,8,4,10,106.00,"1,060.00"
2020-09-08,2020090801022715,CHL,8,38,50,105.00,"5,250.00"
2020-09-08,2020090801022763,CIT,16,36,10,"3,448.00","34,480.00"
2020-09-08,2020090801022746,CIT,37,5,50,"3,445.00","172,250.00"
2020-09-08,2020090801022709,CIT,38,47,90,"3,450.00","310,500.00"
2020-09-08,2020090801022708,CIT,38,33,10,"3,450.00","34,500.00"
2020-09-08,2020090801022705,CIT,58,33,90,"3,450.00","310,500.00"
2020-09-08,2020090801022704,CIT,58,8,50,"3,450.00","172,500.00"
2020-09-08,2020090801022376,CIT,37,45,15,"3,440.00","51,600.00"
2020-09-08,2020090801022375,CIT,37,45,70,"3,440.00","240,800.00"
2020-09-08,2020090801022431,CIT,58,32,100,"3,444.00","344,400.00"
2020-09-08,2020090801022430,CIT,58,8,20,"3,444.00","68,880.00"
2020-09-08,2020090801022380,CIT,37,36,400,"3,440.00","1,376,000.00"
2020-09-08,2020090801022379,CIT,37,41,27,"3,440.00","92,880.00"
2020-09-08,2020090801022378,CIT,37,34,70,"3,440.00","240,800.00"
2020-09-08,2020090801022377,CIT,37,22,20,"3,440.00","68,800.00"
2020-09-08,2020090801022491,CIT,5,26,10,"3,445.00","34,450.00"
2020-09-08,2020090801022465,CIT,5,43,14,"3,445.00","48,230.00"
2020-09-08,2020090801022464,CIT,5,5,25,"3,445.00","86,125.00"
2020-09-08,2020090801022463,CIT,5,57,33,"3,445.00","113,685.00"
2020-09-08,2020090801022433,CIT,58,42,30,"3,445.00","103,350.00"
2020-09-08,2020090801022432,CIT,58,17,50,"3,445.00","172,250.00"
2020-09-08,2020090801022625,CIT,5,6,100,"3,448.00","344,800.00"
2020-09-08,2020090801022586,CIT,39,6,10,"3,448.00","34,480.00"
2020-09-08,2020090801022563,CIT,5,11,10,"3,445.00","34,450.00"
2020-09-08,2020090801022528,CIT,58,6,58,"3,448.00","199,984.00"
2020-09-08,2020090801022527,CIT,58,8,20,"3,447.00","68,940.00"
2020-09-08,2020090801022526,CIT,58,41,122,"3,445.00","420,290.00"
2020-09-08,2020090801022703,CIT,58,51,40,"3,450.00","138,000.00"
2020-09-08,2020090801022702,CIT,58,58,20,"3,450.00","69,000.00"
2020-09-08,2020090801022656,CIT,38,16,3,"3,448.00","10,344.00"
2020-09-08,2020090801022655,CIT,38,33,10,"3,448.00","34,480.00"
2020-09-08,2020090801022654,CIT,38,6,232,"3,448.00","799,936.00"
2020-09-08,2020090801022626,CIT,57,6,100,"3,448.00","344,800.00"
2020-09-08,2020090801022599,CZBIL,35,8,10,193.00,"1,930.00"
2020-09-08,2020090801022598,CZBIL,39,8,500,193.00,"96,500.00"
2020-09-08,2020090801022451,CZBIL,35,11,400,193.00,"77,200.00"
2020-09-08,2020090801022506,DDBL,51,32,10,861.00,"8,610.00"
2020-09-08,2020090801022505,DDBL,21,32,10,861.00,"8,610.00"
2020-09-08,2020090801022504,DDBL,44,32,70,862.00,"60,340.00"
2020-09-08,2020090801022492,DDBL,35,58,300,863.00,"258,900.00"
2020-09-08,2020090801022390,EBL,44,35,94,725.00,"68,150.00"
2020-09-08,2020090801022317,EBL,13,35,124,725.00,"89,900.00"
2020-09-08,2020090801022304,EBL,13,46,76,724.00,"55,024.00"
2020-09-08,2020090801022767,EIC,57,57,200,488.00,"97,600.00"
2020-09-08,2020090801022757,EIC,1,5,780,488.00,"380,640.00"
2020-09-08,2020090801022665,FMDBL,57,54,100,564.00,"56,400.00"
2020-09-08,2020090801022629,GBIME,39,11,200,260.00,"52,000.00"
2020-09-08,2020090801022553,GBIME,57,34,300,261.00,"78,300.00"
2020-09-08,2020090801022525,GBIME,58,34,10,261.00,"2,610.00"
2020-09-08,2020090801022516,GBIME,44,34,94,261.00,"24,534.00"
2020-09-08,2020090801022513,GBIME,14,34,30,261.00,"7,830.00"
2020-09-08,2020090801022741,GBLBS,56,14,17,535.00,"9,095.00"
2020-09-08,2020090801022710,GBLBS,56,42,10,535.00,"5,350.00"
2020-09-08,2020090801022501,GBLBS,56,45,173,535.00,"92,555.00"
2020-09-08,2020090801022500,GBLBS,59,45,250,535.00,"133,750.00"
2020-09-08,2020090801022499,GBLBS,56,45,50,535.00,"26,750.00"
2020-09-08,2020090801022498,GBLBS,56,45,27,535.00,"14,445.00"
2020-09-08,2020090801022369,GBLBS,56,44,10,535.00,"5,350.00"
2020-09-08,2020090801022429,GGBSL,57,47,100,840.00,"84,000.00"
2020-09-08,2020090801022428,GGBSL,57,59,50,840.00,"42,000.00"
2020-09-08,2020090801022427,GGBSL,57,39,10,839.00,"8,390.00"
2020-09-08,2020090801022426,GGBSL,57,22,50,838.00,"41,900.00"
2020-09-08,2020090801022425,GGBSL,57,4,10,838.00,"8,380.00"
2020-09-08,2020090801022303,GILB,44,16,50,"1,189.00","59,450.00"
2020-09-08,2020090801022422,GLBSL,37,18,10,775.00,"7,750.00"
2020-09-08,2020090801022728,GLICL,33,54,100,582.00,"58,200.00"
2020-09-08,2020090801022493,GLICL,34,33,100,580.00,"58,000.00"
2020-09-08,2020090801022466,GMFBS,32,1,10,796.00,"7,960.00"
2020-09-08,2020090801022454,GMFIL,42,41,500,128.00,"64,000.00"
2020-09-08,2020090801022726,GRDBL,13,39,500,116.00,"58,000.00"
2020-09-08,2020090801022725,GRDBL,22,39,100,116.00,"11,600.00"
2020-09-08,2020090801022724,GRDBL,11,39,30,116.00,"3,480.00"
2020-09-08,2020090801022453,GRDBL,11,58,170,116.00,"19,720.00"
2020-09-08,2020090801022452,GRDBL,40,58,90,116.00,"10,440.00"
2020-09-08,2020090801022385,GRDBL,58,16,50,117.00,"5,850.00"
2020-09-08,2020090801022714,HBL,58,59,50,553.00,"27,650.00"
2020-09-08,2020090801022620,HDL,10,58,250,"1,777.00","444,250.00"
2020-09-08,2020090801022771,HIDCL,45,42,33,146.00,"4,818.00"
2020-09-08,2020090801022468,HIDCL,45,45,255,146.00,"37,230.00"
2020-09-08,2020090801022339,HIDCL,45,42,100,146.00,"14,600.00"
2020-09-08,2020090801022384,HURJA,37,20,20,103.00,"2,060.00"
2020-09-08,2020090801022624,ILBS,10,18,11,801.00,"8,811.00"
2020-09-08,2020090801022584,ILBS,46,44,10,801.00,"8,010.00"
2020-09-08,2020090801022561,ILBS,46,42,11,801.00,"8,811.00"
2020-09-08,2020090801022546,ILBS,46,10,11,801.00,"8,811.00"
2020-09-08,2020090801022340,ILBS,5,39,69,804.00,"55,476.00"
2020-09-08,2020090801022469,JBBL,14,45,28,169.00,"4,732.00"
2020-09-08,2020090801022309,JBBL,14,1,197,169.00,"33,293.00"
2020-09-08,2020090801022308,JBBL,14,39,43,169.00,"7,267.00"
2020-09-08,2020090801022762,JOSHI,42,41,20,94.00,"1,880.00"
2020-09-08,2020090801022761,JOSHI,42,57,100,94.00,"9,400.00"
2020-09-08,2020090801022760,JOSHI,42,25,500,94.00,"47,000.00"
2020-09-08,2020090801022759,JOSHI,42,42,20,94.00,"1,880.00"
2020-09-08,2020090801022758,JOSHI,42,38,67,94.00,"6,298.00"
2020-09-08,2020090801022477,JOSHI,42,59,440,93.00,"40,920.00"
2020-09-08,2020090801022796,JSLBB,33,55,39,"1,382.00","53,898.00"
2020-09-08,2020090801022653,JSLBB,38,41,10,"1,385.00","13,850.00"
2020-09-08,2020090801022550,KBL,29,19,26,188.00,"4,888.00"
2020-09-08,2020090801022364,KKHC,28,38,24,57.00,"1,368.00"
2020-09-08,2020090801022589,KMCDB,42,10,10,770.00,"7,700.00"
2020-09-08,2020090801022423,KMCDB,42,59,10,770.00,"7,700.00"
2020-09-08,2020090801022657,KPCL,43,17,10,121.00,"1,210.00"
2020-09-08,2020090801022512,KPCL,49,17,200,123.00,"24,600.00"
2020-09-08,2020090801022540,KRBL,57,37,10,105.00,"1,050.00"
2020-09-08,2020090801022711,LGIL,33,1,40,518.00,"20,720.00"
2020-09-08,2020090801022695,LGIL,55,1,50,518.00,"25,900.00"
2020-09-08,2020090801022694,LGIL,55,35,40,518.00,"20,720.00"
2020-09-08,2020090801022459,LGIL,34,35,10,518.00,"5,180.00"
2020-09-08,2020090801022595,LICN,49,56,133,"1,446.00","192,318.00"
2020-09-08,2020090801022594,LICN,19,56,20,"1,447.00","28,940.00"
2020-09-08,2020090801022593,LICN,8,56,20,"1,447.00","28,940.00"
2020-09-08,2020090801022592,LICN,50,56,77,"1,447.00","111,419.00"
2020-09-08,2020090801022591,LICN,25,56,100,"1,447.00","144,700.00"
2020-09-08,2020090801022590,LICN,50,56,100,"1,448.00","144,800.00"
2020-09-08,2020090801022765,MBL,34,49,10,224.00,"2,240.00"
2020-09-08,2020090801022603,MBL,1,42,610,223.00,"136,030.00"
2020-09-08,2020090801022311,MBL,11,42,70,223.00,"15,610.00"
2020-09-08,2020090801022730,MDB,34,33,100,337.00,"33,700.00"
2020-09-08,2020090801022507,MDB,34,16,81,337.00,"27,297.00"
2020-09-08,2020090801022547,MEGA,44,50,196,220.00,"43,120.00"
2020-09-08,2020090801022332,MERO,39,42,13,700.00,"9,100.00"
2020-09-08,2020090801022737,MFIL,55,57,366,303.00,"110,898.00"
2020-09-08,2020090801022736,MFIL,55,39,92,303.00,"27,876.00"
2020-09-08,2020090801022735,MFIL,55,57,92,303.00,"27,876.00"
2020-09-08,2020090801022734,MFIL,55,55,"1,000",302.00,"302,000.00"
2020-09-08,2020090801022733,MFIL,55,45,"1,450",302.00,"437,900.00"
2020-09-08,2020090801022578,MFIL,34,42,20,300.00,"6,000.00"
2020-09-08,2020090801022371,MFIL,57,55,"1,930",302.00,"582,860.00"
2020-09-08,2020090801022571,MFIL,43,42,100,301.00,"30,100.00"
2020-09-08,2020090801022570,MFIL,45,42,150,301.00,"45,150.00"
2020-09-08,2020090801022569,MFIL,32,42,400,301.00,"120,400.00"
2020-09-08,2020090801022518,MFIL,40,45,50,302.00,"15,100.00"
2020-09-08,2020090801022373,MFIL,57,57,"1,020",303.00,"309,060.00"
2020-09-08,2020090801022372,MFIL,57,59,50,302.00,"15,100.00"
2020-09-08,2020090801022577,MFIL,35,42,200,300.00,"60,000.00"
2020-09-08,2020090801022576,MFIL,45,42,"1,980",300.00,"594,000.00"
2020-09-08,2020090801022575,MFIL,17,42,"1,000",301.00,"301,000.00"
2020-09-08,2020090801022574,MFIL,17,42,20,301.00,"6,020.00"
2020-09-08,2020090801022573,MFIL,7,42,250,301.00,"75,250.00"
2020-09-08,2020090801022572,MFIL,57,42,35,301.00,"10,535.00"
2020-09-08,2020090801022478,MLBL,17,49,"1,500",193.00,"289,500.00"
2020-09-08,2020090801022619,MPFL,18,11,10,109.00,"1,090.00"
2020-09-08,2020090801022618,MPFL,18,42,100,107.00,"10,700.00"
2020-09-08,2020090801022460,MPFL,18,42,50,107.00,"5,350.00"
2020-09-08,2020090801022729,NABIL,42,40,20,844.00,"16,880.00"
2020-09-08,2020090801022484,NABIL,33,34,129,843.00,"108,747.00"
2020-09-08,2020090801022435,NADEP,58,34,69,674.00,"46,506.00"
2020-09-08,2020090801022434,NADEP,14,34,31,675.00,"20,925.00"
2020-09-08,2020090801022467,NBB,14,58,400,199.00,"79,600.00"
2020-09-08,2020090801022660,NBL,45,21,50,298.00,"14,900.00"
2020-09-08,2020090801022511,NBL,38,21,20,298.00,"5,960.00"
2020-09-08,2020090801022365,NBL,16,21,284,298.00,"84,632.00"
2020-09-08,2020090801022697,NCCB,56,44,10,196.00,"1,960.00"
2020-09-08,2020090801022583,NCCB,44,34,"1,500",195.00,"292,500.00"
2020-09-08,2020090801022582,NCCB,44,43,200,195.00,"39,000.00"
2020-09-08,2020090801022581,NCCB,44,39,"1,000",195.00,"195,000.00"
2020-09-08,2020090801022370,NCCB,56,58,150,194.00,"29,100.00"
2020-09-08,2020090801022667,NHPC,16,45,335,59.00,"19,765.00"
2020-09-08,2020090801022666,NHPC,16,13,65,59.00,"3,835.00"
2020-09-08,2020090801022544,NHPC,16,25,"1,520",58.00,"88,160.00"
2020-09-08,2020090801022732,NIB,11,59,25,420.00,"10,500.00"
2020-09-08,2020090801022731,NIB,43,59,150,420.00,"63,000.00"
2020-09-08,2020090801022510,NIB,17,59,100,420.00,"42,000.00"
2020-09-08,2020090801022313,NIB,33,54,35,420.00,"14,700.00"
2020-09-08,2020090801022312,NIB,33,13,165,420.00,"69,300.00"
2020-09-08,2020090801022693,NIBLPF,14,55,865,8.36,"7,231.40"
2020-09-08,2020090801022692,NIBLPF,42,55,145,8.37,"1,213.65"
2020-09-08,2020090801022532,NICA,35,46,90,576.00,"51,840.00"
2020-09-08,2020090801022531,NICA,38,46,100,576.00,"57,600.00"
2020-09-08,2020090801022530,NICA,45,46,310,576.00,"178,560.00"
2020-09-08,2020090801022517,NICA,45,57,177,577.00,"102,129.00"
2020-09-08,2020090801022307,NICA,45,35,190,576.00,"109,440.00"
2020-09-08,2020090801022306,NICA,36,35,110,576.00,"63,360.00"
2020-09-08,2020090801022301,NICA,36,56,15,576.00,"8,640.00"
2020-09-08,2020090801022300,NICA,33,56,485,576.00,"279,360.00"
2020-09-08,2020090801022647,NICGF,17,11,500,11.13,"5,565.00"
2020-09-08,2020090801022529,NICGF,38,11,"4,500",11.13,"50,085.00"
2020-09-08,2020090801022782,NICL,10,33,400,542.00,"216,800.00"
2020-09-08,2020090801022743,NIL,50,26,300,802.00,"240,600.00"
2020-09-08,2020090801022651,NIL,8,26,88,802.00,"70,576.00"
2020-09-08,2020090801022551,NIL,20,35,100,803.00,"80,300.00"
2020-09-08,2020090801022542,NIL,8,11,50,802.00,"40,100.00"
2020-09-08,2020090801022539,NIL,35,35,60,803.00,"48,180.00"
2020-09-08,2020090801022334,NIL,45,6,800,802.00,"641,600.00"
2020-09-08,2020090801022509,NIL,8,38,50,802.00,"40,100.00"
2020-09-08,2020090801022490,NIL,8,10,12,802.00,"9,624.00"
2020-09-08,2020090801022461,NIL,34,35,20,803.00,"16,060.00"
2020-09-08,2020090801022436,NIL,8,5,100,802.00,"80,200.00"
2020-09-08,2020090801022336,NIL,45,17,700,802.00,"561,400.00"
2020-09-08,2020090801022335,NIL,45,1,200,802.00,"160,400.00"
2020-09-08,2020090801022742,NLG,28,41,10,728.00,"7,280.00"
2020-09-08,2020090801022299,NLIC,32,57,100,"1,365.00","136,500.00"
2020-09-08,2020090801022777,NLICL,44,25,150,760.00,"114,000.00"
2020-09-08,2020090801022701,NMB,45,56,225,420.00,"94,500.00"
2020-09-08,2020090801022473,NMB,57,53,121,419.00,"50,699.00"
2020-09-08,2020090801022776,NMBHF1,7,34,800,10.06,"8,048.00"
2020-09-08,2020090801022658,NMFBS,26,18,10,"1,532.00","15,320.00"
2020-09-08,2020090801022797,NRIC,57,38,40,859.00,"34,360.00"
2020-09-08,2020090801022744,NRIC,57,33,40,859.00,"34,360.00"
2020-09-08,2020090801022707,NRIC,57,32,300,859.00,"257,700.00"
2020-09-08,2020090801022706,NRIC,57,53,60,859.00,"51,540.00"
2020-09-08,2020090801022700,NRIC,58,10,40,858.00,"34,320.00"
2020-09-08,2020090801022659,NRIC,58,38,40,858.00,"34,320.00"
2020-09-08,2020090801022401,NRIC,29,29,50,858.00,"42,900.00"
2020-09-08,2020090801022367,NRIC,54,10,40,858.00,"34,320.00"
2020-09-08,2020090801022363,NRIC,54,59,100,858.00,"85,800.00"
2020-09-08,2020090801022329,NRIC,34,44,100,859.00,"85,900.00"
2020-09-08,2020090801022305,NRIC,54,17,10,858.00,"8,580.00"
2020-09-08,2020090801022494,NRIC,18,4,30,858.00,"25,740.00"
2020-09-08,2020090801022476,NRIC,16,39,300,859.00,"257,700.00"
2020-09-08,2020090801022475,NRIC,16,36,100,859.00,"85,900.00"
2020-09-08,2020090801022474,NRIC,16,44,600,859.00,"515,400.00"
2020-09-08,2020090801022403,NRIC,18,29,35,858.00,"30,030.00"
2020-09-08,2020090801022402,NRIC,21,29,60,858.00,"51,480.00"
2020-09-08,2020090801022558,NRIC,45,55,50,859.00,"42,950.00"
2020-09-08,2020090801022554,NRIC,18,29,15,858.00,"12,870.00"
2020-09-08,2020090801022534,NRIC,42,55,700,859.00,"601,300.00"
2020-09-08,2020090801022515,NRIC,22,55,100,859.00,"85,900.00"
2020-09-08,2020090801022503,NRIC,14,59,100,859.00,"85,900.00"
2020-09-08,2020090801022502,NRIC,14,39,400,859.00,"343,600.00"
2020-09-08,2020090801022652,NRIC,58,17,10,858.00,"8,580.00"
2020-09-08,2020090801022623,NRIC,50,53,40,859.00,"34,360.00"
2020-09-08,2020090801022622,NRIC,50,57,10,859.00,"8,590.00"
2020-09-08,2020090801022621,NRIC,50,55,150,859.00,"128,850.00"
2020-09-08,2020090801022601,NRIC,58,25,120,858.00,"102,960.00"
2020-09-08,2020090801022600,NRIC,18,25,20,858.00,"17,160.00"
2020-09-08,2020090801022596,NRN,1,46,10,393.00,"3,930.00"
2020-09-08,2020090801022766,NTC,57,8,100,695.00,"69,500.00"
2020-09-08,2020090801022597,NTC,32,8,100,695.00,"69,500.00"
2020-09-08,2020090801022448,PCBL,50,10,268,275.00,"73,700.00"
2020-09-08,2020090801022447,PCBL,29,10,100,275.00,"27,500.00"
2020-09-08,2020090801022446,PCBL,34,10,20,275.00,"5,500.00"
2020-09-08,2020090801022445,PCBL,34,10,90,275.00,"24,750.00"
2020-09-08,2020090801022444,PCBL,20,10,56,275.00,"15,400.00"
2020-09-08,2020090801022442,PCBL,39,17,100,276.00,"27,600.00"
2020-09-08,2020090801022393,PCBL,14,17,20,276.00,"5,520.00"
2020-09-08,2020090801022560,PFL,22,32,278,147.00,"40,866.00"
2020-09-08,2020090801022559,PFL,35,32,100,148.00,"14,800.00"
2020-09-08,2020090801022699,PIC,11,37,90,750.00,"67,500.00"
2020-09-08,2020090801022698,PIC,11,55,410,750.00,"307,500.00"
2020-09-08,2020090801022508,PIC,25,28,378,749.00,"283,122.00"
2020-09-08,2020090801022496,PIC,25,28,122,749.00,"91,378.00"
2020-09-08,2020090801022495,PIC,25,14,78,749.00,"58,422.00"
2020-09-08,2020090801022489,PLIC,59,26,10,637.00,"6,370.00"
2020-09-08,2020090801022488,PLIC,59,46,230,635.00,"146,050.00"
2020-09-08,2020090801022585,PMHPL,21,45,10,89.00,890.00
2020-09-08,2020090801022772,PRIN,28,11,50,590.00,"29,500.00"
2020-09-08,2020090801022738,PRIN,50,41,25,591.00,"14,775.00"
2020-09-08,2020090801022580,PRIN,28,19,15,590.00,"8,850.00"
2020-09-08,2020090801022342,PRIN,37,41,20,591.00,"11,820.00"
2020-09-08,2020090801022721,RADHI,32,43,10,225.00,"2,250.00"
2020-09-08,2020090801022374,RADHI,11,32,58,221.00,"12,818.00"
2020-09-08,2020090801022740,RBCL,43,45,10,"9,880.00","98,800.00"
2020-09-08,2020090801022696,RHPL,28,46,20,163.00,"3,260.00"
2020-09-08,2020090801022443,RHPL,28,14,30,163.00,"4,890.00"
2020-09-08,2020090801022437,RHPL,49,20,20,162.00,"3,240.00"
2020-09-08,2020090801022337,RHPL,49,17,10,162.00,"1,620.00"
2020-09-08,2020090801022615,RLFL,38,13,50,137.00,"6,850.00"
2020-09-08,2020090801022614,RLFL,38,57,250,137.00,"34,250.00"
2020-09-08,2020090801022566,RMDC,1,32,281,867.00,"243,627.00"
2020-09-08,2020090801022565,RMDC,45,32,10,868.00,"8,680.00"
2020-09-08,2020090801022723,RSDC,43,38,100,526.00,"52,600.00"
2020-09-08,2020090801022722,RSDC,43,11,100,525.00,"52,500.00"
2020-09-08,2020090801022519,RSDC,42,38,10,526.00,"5,260.00"
2020-09-08,2020090801022417,RSDC,34,58,50,525.00,"26,250.00"
2020-09-08,2020090801022608,SABSL,7,29,61,865.00,"52,765.00"
2020-09-08,2020090801022389,SABSL,7,1,11,865.00,"9,515.00"
2020-09-08,2020090801022713,SANIMA,26,40,75,340.00,"25,500.00"
2020-09-08,2020090801022712,SANIMA,54,40,50,340.00,"17,000.00"
2020-09-08,2020090801022650,SANIMA,45,26,43,340.00,"14,620.00"
2020-09-08,2020090801022649,SANIMA,19,26,100,340.00,"34,000.00"
2020-09-08,2020090801022648,SANIMA,58,26,107,340.00,"36,380.00"
2020-09-08,2020090801022775,SBL,54,26,500,299.00,"149,500.00"
2020-09-08,2020090801022745,SBL,13,14,100,298.00,"29,800.00"
2020-09-08,2020090801022579,SBL,13,14,100,298.00,"29,800.00"
2020-09-08,2020090801022485,SCB,14,58,150,653.00,"97,950.00"
2020-09-08,2020090801022764,SDLBSL,34,10,10,825.00,"8,250.00"
2020-09-08,2020090801022545,SDLBSL,34,4,10,825.00,"8,250.00"
2020-09-08,2020090801022549,SEF,43,37,"1,000",9.12,"9,120.00"
2020-09-08,2020090801022405,SHINE,42,34,10,234.00,"2,340.00"
2020-09-08,2020090801022756,SHIVM,40,17,90,734.00,"66,060.00"
2020-09-08,2020090801022755,SHIVM,1,17,10,735.00,"7,350.00"
2020-09-08,2020090801022691,SHIVM,58,49,698,738.00,"515,124.00"
2020-09-08,2020090801022690,SHIVM,58,35,50,737.00,"36,850.00"
2020-09-08,2020090801022689,SHIVM,58,37,500,737.00,"368,500.00"
2020-09-08,2020090801022688,SHIVM,58,40,12,737.00,"8,844.00"
2020-09-08,2020090801022396,SHIVM,7,58,650,734.00,"477,100.00"
2020-09-08,2020090801022352,SHIVM,7,58,350,734.00,"256,900.00"
2020-09-08,2020090801022351,SHIVM,7,38,50,734.00,"36,700.00"
2020-09-08,2020090801022350,SHIVM,7,34,200,734.00,"146,800.00"
2020-09-08,2020090801022349,SHIVM,7,19,200,733.00,"146,600.00"
2020-09-08,2020090801022348,SHIVM,7,25,200,733.00,"146,600.00"
2020-09-08,2020090801022555,SHIVM,28,16,198,735.00,"145,530.00"
2020-09-08,2020090801022548,SHIVM,58,16,50,735.00,"36,750.00"
2020-09-08,2020090801022535,SHIVM,40,19,200,734.00,"146,800.00"
2020-09-08,2020090801022399,SHIVM,7,16,252,735.00,"185,220.00"
2020-09-08,2020090801022398,SHIVM,7,26,50,734.00,"36,700.00"
2020-09-08,2020090801022397,SHIVM,7,50,48,734.00,"35,232.00"
2020-09-08,2020090801022669,SHIVM,58,19,100,735.00,"73,500.00"
2020-09-08,2020090801022668,SHIVM,58,44,400,735.00,"294,000.00"
2020-09-08,2020090801022607,SHIVM,40,14,200,734.00,"146,800.00"
2020-09-08,2020090801022562,SHIVM,40,50,500,734.00,"367,000.00"
2020-09-08,2020090801022557,SHIVM,28,57,50,735.00,"36,750.00"
2020-09-08,2020090801022556,SHIVM,28,40,20,735.00,"14,700.00"
2020-09-08,2020090801022675,SHIVM,58,45,500,735.00,"367,500.00"
2020-09-08,2020090801022674,SHIVM,58,59,50,735.00,"36,750.00"
2020-09-08,2020090801022673,SHIVM,58,44,100,735.00,"73,500.00"
2020-09-08,2020090801022672,SHIVM,58,43,50,735.00,"36,750.00"
2020-09-08,2020090801022671,SHIVM,58,49,50,735.00,"36,750.00"
2020-09-08,2020090801022670,SHIVM,58,41,50,735.00,"36,750.00"
2020-09-08,2020090801022681,SHIVM,58,38,70,735.00,"51,450.00"
2020-09-08,2020090801022680,SHIVM,58,53,20,735.00,"14,700.00"
2020-09-08,2020090801022679,SHIVM,58,42,50,735.00,"36,750.00"
2020-09-08,2020090801022678,SHIVM,58,26,50,735.00,"36,750.00"
2020-09-08,2020090801022677,SHIVM,58,36,50,735.00,"36,750.00"
2020-09-08,2020090801022676,SHIVM,58,34,500,735.00,"367,500.00"
2020-09-08,2020090801022687,SHIVM,58,39,100,737.00,"73,700.00"
2020-09-08,2020090801022686,SHIVM,58,14,500,736.00,"368,000.00"
2020-09-08,2020090801022685,SHIVM,58,42,200,736.00,"147,200.00"
2020-09-08,2020090801022684,SHIVM,58,40,100,736.00,"73,600.00"
2020-09-08,2020090801022683,SHIVM,58,34,400,736.00,"294,400.00"
2020-09-08,2020090801022682,SHIVM,58,4,400,735.00,"294,000.00"
2020-09-08,2020090801022795,SHPC,56,1,"1,000",263.00,"263,000.00"
2020-09-08,2020090801022773,SHPC,28,10,"2,400",264.00,"633,600.00"
2020-09-08,2020090801022391,SHPC,35,10,"2,000",264.00,"528,000.00"
2020-09-08,2020090801022588,SICL,34,21,280,"1,341.00","375,480.00"
2020-09-08,2020090801022587,SICL,25,21,20,"1,342.00","26,840.00"
2020-09-08,2020090801022524,SICL,34,10,27,"1,341.00","36,207.00"
2020-09-08,2020090801022421,SICL,58,42,100,"1,350.00","135,000.00"
2020-09-08,2020090801022420,SICL,58,45,50,"1,349.00","67,450.00"
2020-09-08,2020090801022419,SICL,58,42,300,"1,349.00","404,700.00"
2020-09-08,2020090801022418,SICL,58,11,50,"1,349.00","67,450.00"
2020-09-08,2020090801022346,SICL,56,29,20,"1,345.00","26,900.00"
2020-09-08,2020090801022298,SICL,25,58,30,"1,342.00","40,260.00"
2020-09-08,2020090801022497,SIL,25,28,30,745.00,"22,350.00"
2020-09-08,2020090801022470,SJCL,58,20,20,145.00,"2,900.00"
2020-09-08,2020090801022366,SJCL,58,17,10,145.00,"1,450.00"
2020-09-08,2020090801022310,SJCL,58,17,520,145.00,"75,400.00"
2020-09-08,2020090801022739,SPARS,57,33,51,942.00,"48,042.00"
2020-09-08,2020090801022315,SPARS,7,10,11,940.00,"10,340.00"
2020-09-08,2020090801022770,SPDL,43,35,170,132.00,"22,440.00"
2020-09-08,2020090801022769,SPDL,43,58,15,132.00,"1,980.00"
2020-09-08,2020090801022768,SPDL,43,35,15,131.00,"1,965.00"
2020-09-08,2020090801022774,STC,33,42,10,"3,390.00","33,900.00"
2020-09-08,2020090801022400,SWBBL,58,58,15,"1,258.00","18,870.00"
2020-09-08,2020090801022606,UIC,5,34,100,421.00,"42,100.00"
2020-09-08,2020090801022523,UIC,5,34,100,421.00,"42,100.00"
2020-09-08,2020090801022440,UIC,44,34,"3,600",421.00,"1,515,600.00"
2020-09-08,2020090801022439,UIC,44,10,"1,400",421.00,"589,400.00"
2020-09-08,2020090801022314,UIC,26,10,100,422.00,"42,200.00"
2020-09-08,2020090801022302,UIC,14,16,100,423.00,"42,300.00"
2020-09-08,2020090801022438,UNHPL,50,37,300,68.00,"20,400.00"
2020-09-08,2020090801022778,UPPER,55,58,10,247.00,"2,470.00"
2020-09-08,2020090801022568,UPPER,14,58,40,245.00,"9,800.00"
2020-09-08,2020090801022567,UPPER,58,58,10,246.00,"2,460.00"
2020-09-08,2020090801022404,UPPER,14,17,40,245.00,"9,800.00"
2020-09-08,2020090801022338,UPPER,55,22,10,246.00,"2,460.00"
2020-09-08,2020090801022330,UPPER,14,7,40,245.00,"9,800.00"
2020-09-08,2020090801022617,WOMI,44,53,12,884.00,"10,608.00"
2020-09-08,2020090801022616,WOMI,44,36,85,883.00,"75,055.00"
2020-09-08,2020090801022244,ACLBSL,1,10,10,709.00,"7,090.00"
2020-09-08,2020090801022093,ACLBSL,1,18,10,709.00,"7,090.00"
2020-09-08,2020090801022224,ADBL,14,58,166,422.00,"70,052.00"
2020-09-08,2020090801022144,ADBL,7,58,834,422.00,"351,948.00"
2020-09-08,2020090801022143,ADBL,7,46,60,422.00,"25,320.00"
2020-09-08,2020090801022142,ADBL,7,8,106,422.00,"44,732.00"
2020-09-08,2020090801021943,ADBL,43,8,100,422.00,"42,200.00"
2020-09-08,2020090801021942,ADBL,43,8,700,422.00,"295,400.00"
2020-09-08,2020090801022179,AHPC,59,44,10,119.00,"1,190.00"
2020-09-08,2020090801022131,AHPC,28,58,53,117.00,"6,201.00"
2020-09-08,2020090801022289,AIL,58,42,10,510.00,"5,100.00"
2020-09-08,2020090801022265,AIL,58,10,10,510.00,"5,100.00"
2020-09-08,2020090801022251,AIL,58,57,10,510.00,"5,100.00"
2020-09-08,2020090801022250,AIL,17,57,170,510.00,"86,700.00"
2020-09-08,2020090801022118,AIL,17,17,10,510.00,"5,100.00"
2020-09-08,2020090801022071,AIL,17,4,10,510.00,"5,100.00"
2020-09-08,2020090801021994,AIL,17,17,10,510.00,"5,100.00"
2020-09-08,2020090801021910,AIL,45,20,10,508.00,"5,080.00"
2020-09-08,2020090801021909,AIL,45,10,10,508.00,"5,080.00"
2020-09-08,2020090801021881,AIL,45,38,10,508.00,"5,080.00"
2020-09-08,2020090801021803,AIL,45,21,10,508.00,"5,080.00"
2020-09-08,2020090801021802,AIL,45,26,10,508.00,"5,080.00"
2020-09-08,2020090801022243,AKPL,33,42,500,166.00,"83,000.00"
2020-09-08,2020090801021912,AKPL,21,32,275,167.00,"45,925.00"
2020-09-08,2020090801021911,AKPL,21,58,"1,000",167.00,"167,000.00"
2020-09-08,2020090801022260,ALBSL,55,18,10,895.00,"8,950.00"
2020-09-08,2020090801022153,ALBSL,43,17,11,895.00,"9,845.00"
2020-09-08,2020090801021885,ALICL,13,35,50,723.00,"36,150.00"
2020-09-08,2020090801021884,ALICL,13,44,50,723.00,"36,150.00"
2020-09-08,2020090801021883,ALICL,13,32,50,720.00,"36,000.00"
2020-09-08,2020090801021848,ALICL,13,44,150,723.00,"108,450.00"
2020-09-08,2020090801021847,ALICL,13,59,50,722.00,"36,100.00"
2020-09-08,2020090801021846,ALICL,13,5,400,720.00,"288,000.00"
2020-09-08,2020090801021888,API,39,21,333,128.00,"42,624.00"
2020-09-08,2020090801021887,API,39,52,167,128.00,"21,376.00"
2020-09-08,2020090801022237,BFC,58,4,20,106.00,"2,120.00"
2020-09-08,2020090801022042,BOKL,25,11,24,231.00,"5,544.00"
2020-09-08,2020090801022041,BOKL,36,11,"1,000",231.00,"231,000.00"
2020-09-08,2020090801022040,BOKL,57,11,50,231.00,"11,550.00"
2020-09-08,2020090801022039,BOKL,36,11,126,231.00,"29,106.00"
2020-09-08,2020090801022038,BOKL,36,17,874,231.00,"201,894.00"
2020-09-08,2020090801022037,BOKL,51,17,147,231.00,"33,957.00"
2020-09-08,2020090801021913,BOKL,14,53,55,232.00,"12,760.00"
2020-09-08,2020090801021818,CBBL,56,38,20,"1,095.00","21,900.00"
2020-09-08,2020090801021817,CBBL,39,38,80,"1,095.00","87,600.00"
2020-09-08,2020090801022248,CCBL,34,16,300,172.00,"51,600.00"
2020-09-08,2020090801021985,CCBL,36,22,203,171.00,"34,713.00"
2020-09-08,2020090801021984,CCBL,29,22,200,171.00,"34,200.00"
2020-09-08,2020090801021983,CCBL,7,22,200,171.00,"34,200.00"
2020-09-08,2020090801021982,CCBL,40,22,97,171.00,"16,587.00"
2020-09-08,2020090801021890,CCBL,53,22,100,172.00,"17,200.00"
2020-09-08,2020090801021889,CCBL,34,22,200,172.00,"34,400.00"
2020-09-08,2020090801022232,CHCL,7,14,500,466.00,"233,000.00"
2020-09-08,2020090801022223,CHCL,32,14,100,466.00,"46,600.00"
2020-09-08,2020090801022128,CHCL,39,1,500,465.00,"232,500.00"
2020-09-08,2020090801021970,CHCL,39,37,"1,000",465.00,"465,000.00"
2020-09-08,2020090801021965,CHCL,39,13,50,465.00,"23,250.00"
2020-09-08,2020090801021948,CHCL,39,58,34,465.00,"15,810.00"
2020-09-08,2020090801021947,CHCL,39,17,10,465.00,"4,650.00"
2020-09-08,2020090801021939,CHCL,56,14,50,466.00,"23,300.00"
2020-09-08,2020090801021837,CHCL,39,25,50,465.00,"23,250.00"
2020-09-08,2020090801022249,CIT,39,45,10,"3,440.00","34,400.00"
2020-09-08,2020090801022170,CIT,28,57,50,"3,430.00","171,500.00"
2020-09-08,2020090801022169,CIT,39,45,10,"3,440.00","34,400.00"
2020-09-08,2020090801022168,CIT,39,57,50,"3,435.00","171,750.00"
2020-09-08,2020090801022135,CIT,36,42,29,"3,432.00","99,528.00"
2020-09-08,2020090801022134,CIT,56,42,19,"3,432.00","65,208.00"
2020-09-08,2020090801021981,CIT,38,8,50,"3,439.00","171,950.00"
2020-09-08,2020090801021927,CIT,39,8,109,"3,439.00","374,851.00"
2020-09-08,2020090801021926,CIT,39,7,50,"3,438.00","171,900.00"
2020-09-08,2020090801021871,CIT,5,3,50,"3,438.00","171,900.00"
2020-09-08,2020090801021858,CIT,3,3,20,"3,438.00","68,760.00"
2020-09-08,2020090801021857,CIT,55,3,40,"3,438.00","137,520.00"
2020-09-08,2020090801022085,CIT,56,56,11,"3,432.00","37,752.00"
2020-09-08,2020090801022084,CIT,38,56,40,"3,432.00","137,280.00"
2020-09-08,2020090801022083,CIT,58,56,10,"3,433.00","34,330.00"
2020-09-08,2020090801022078,CIT,39,45,10,"3,440.00","34,400.00"
2020-09-08,2020090801022012,CIT,38,35,10,"3,432.00","34,320.00"
2020-09-08,2020090801022010,CIT,38,45,50,"3,440.00","172,000.00"
2020-09-08,2020090801022287,CLBSL,34,29,177,675.00,"119,475.00"
2020-09-08,2020090801022286,CLBSL,28,29,40,676.00,"27,040.00"
2020-09-08,2020090801022285,CLBSL,17,29,50,676.00,"33,800.00"
2020-09-08,2020090801022284,CLBSL,57,29,39,679.00,"26,481.00"
2020-09-08,2020090801022283,CLBSL,26,29,50,680.00,"34,000.00"
2020-09-08,2020090801022282,CLBSL,17,29,44,680.00,"29,920.00"
2020-09-08,2020090801022177,CZBIL,35,46,49,193.00,"9,457.00"
2020-09-08,2020090801021859,CZBIL,35,39,100,193.00,"19,300.00"
2020-09-08,2020090801022079,DDBL,44,32,70,863.00,"60,410.00"
2020-09-08,2020090801022158,EBL,25,45,167,724.00,"120,908.00"
2020-09-08,2020090801022172,EBLCP,42,13,179,665.00,"119,035.00"
2020-09-08,2020090801022267,EIC,38,7,150,488.00,"73,200.00"
2020-09-08,2020090801022229,EIC,38,58,250,487.00,"121,750.00"
2020-09-08,2020090801022228,EIC,38,32,218,486.00,"105,948.00"
2020-09-08,2020090801022011,EIC,57,26,100,485.00,"48,500.00"
2020-09-08,2020090801021813,FMDBL,1,36,236,564.00,"133,104.00"
2020-09-08,2020090801021917,FOWAD,22,43,10,"1,579.00","15,790.00"
2020-09-08,2020090801022279,GBIME,29,34,26,261.00,"6,786.00"
2020-09-08,2020090801022154,GBIME,58,34,10,261.00,"2,610.00"
2020-09-08,2020090801022110,GBIME,21,34,30,261.00,"7,830.00"
2020-09-08,2020090801022091,GBIME,55,34,50,261.00,"13,050.00"
2020-09-08,2020090801022017,GBIME,21,34,100,261.00,"26,100.00"
2020-09-08,2020090801021990,GBIME,17,34,50,261.00,"13,050.00"
2020-09-08,2020090801021799,GBIME,54,34,100,261.00,"26,100.00"
2020-09-08,2020090801021955,GBIME,39,11,268,260.00,"69,680.00"
2020-09-08,2020090801021954,GBIME,38,11,10,260.00,"2,600.00"
2020-09-08,2020090801021953,GBIME,58,11,15,260.00,"3,900.00"
2020-09-08,2020090801021952,GBIME,21,11,457,260.00,"118,820.00"
2020-09-08,2020090801021856,GBIME,21,7,43,260.00,"11,180.00"
2020-09-08,2020090801021855,GBIME,8,7,16,260.00,"4,160.00"
2020-09-08,2020090801021903,GBLBS,56,14,70,535.00,"37,450.00"
2020-09-08,2020090801021886,GBLBS,56,7,15,535.00,"8,025.00"
2020-09-08,2020090801021836,GBLBS,26,34,66,536.00,"35,376.00"
2020-09-08,2020090801021835,GBLBS,26,39,100,536.00,"53,600.00"
2020-09-08,2020090801021834,GBLBS,26,42,15,536.00,"8,040.00"
2020-09-08,2020090801021833,GBLBS,26,14,80,536.00,"42,880.00"
2020-09-08,2020090801021844,GGBSL,29,55,35,835.00,"29,225.00"
2020-09-08,2020090801021966,GLBSL,17,34,100,786.00,"78,600.00"
2020-09-08,2020090801021935,GLBSL,11,7,10,774.00,"7,740.00"
2020-09-08,2020090801022096,GLICL,33,54,150,582.00,"87,300.00"
2020-09-08,2020090801022035,HBL,45,11,24,551.00,"13,224.00"
2020-09-08,2020090801022034,HBL,13,11,400,551.00,"220,400.00"
2020-09-08,2020090801022033,HBL,7,11,213,551.00,"117,363.00"
2020-09-08,2020090801022032,HBL,25,11,30,552.00,"16,560.00"
2020-09-08,2020090801021944,HDHPC,56,20,10,91.00,910.00
2020-09-08,2020090801022145,HDL,50,58,10,"1,779.00","17,790.00"
2020-09-08,2020090801022124,HDL,35,45,70,"1,776.00","124,320.00"
2020-09-08,2020090801022123,HDL,50,45,10,"1,776.00","17,760.00"
2020-09-08,2020090801022122,HDL,33,45,20,"1,777.00","35,540.00"
2020-09-08,2020090801022191,HGI,45,35,110,466.00,"51,260.00"
2020-09-08,2020090801022190,HGI,10,35,100,466.00,"46,600.00"
2020-09-08,2020090801022189,HGI,45,35,50,466.00,"23,300.00"
2020-09-08,2020090801022188,HGI,44,35,40,466.00,"18,640.00"
2020-09-08,2020090801021905,HGI,44,19,60,466.00,"27,960.00"
2020-09-08,2020090801021986,HURJA,37,20,20,103.00,"2,060.00"
2020-09-08,2020090801022067,IGI,38,46,200,528.00,"105,600.00"
2020-09-08,2020090801022028,ILBS,46,20,11,801.00,"8,811.00"
2020-09-08,2020090801022277,JOSHI,42,35,600,93.00,"55,800.00"
2020-09-08,2020090801022276,JOSHI,42,55,20,93.00,"1,860.00"
2020-09-08,2020090801022275,JOSHI,42,34,90,93.00,"8,370.00"
2020-09-08,2020090801022274,JOSHI,42,8,20,93.00,"1,860.00"
2020-09-08,2020090801022273,JOSHI,42,8,20,93.00,"1,860.00"
2020-09-08,2020090801022272,JOSHI,42,45,20,93.00,"1,860.00"
2020-09-08,2020090801022271,JOSHI,42,25,10,93.00,930.00
2020-09-08,2020090801022270,JOSHI,42,11,200,92.00,"18,400.00"
2020-09-08,2020090801022269,JOSHI,42,57,40,92.00,"3,680.00"
2020-09-08,2020090801022268,JOSHI,42,25,90,92.00,"8,280.00"
2020-09-08,2020090801022029,JOSHI,58,25,10,92.00,920.00
2020-09-08,2020090801022027,KBL,18,58,50,187.00,"9,350.00"
2020-09-08,2020090801022026,KBL,26,58,10,187.00,"1,870.00"
2020-09-08,2020090801022025,KBL,43,58,73,187.00,"13,651.00"
2020-09-08,2020090801022024,KBL,8,58,"1,100",187.00,"205,700.00"
2020-09-08,2020090801022023,KBL,45,58,100,187.00,"18,700.00"
2020-09-08,2020090801022211,KMCDB,42,17,10,770.00,"7,700.00"
2020-09-08,2020090801021798,KMCDB,42,7,10,770.00,"7,700.00"
2020-09-08,2020090801022095,KPCL,49,7,10,123.00,"1,230.00"
2020-09-08,2020090801021863,KPCL,49,25,10,123.00,"1,230.00"
2020-09-08,2020090801021832,KPCL,49,33,10,123.00,"1,230.00"
2020-09-08,2020090801022141,LICN,43,19,100,"1,448.00","144,800.00"
2020-09-08,2020090801022140,LICN,56,19,100,"1,449.00","144,900.00"
2020-09-08,2020090801022016,LICN,28,19,50,"1,449.00","72,450.00"
2020-09-08,2020090801022015,LICN,22,19,50,"1,450.00","72,500.00"
2020-09-08,2020090801022014,LICN,34,19,82,"1,450.00","118,900.00"
2020-09-08,2020090801022013,LICN,14,19,10,"1,453.00","14,530.00"
2020-09-08,2020090801022130,MBL,39,42,200,223.00,"44,600.00"
2020-09-08,2020090801022056,MBL,57,56,186,222.00,"41,292.00"
2020-09-08,2020090801022055,MBL,6,56,500,222.00,"111,000.00"
2020-09-08,2020090801022054,MBL,6,56,500,222.00,"111,000.00"
2020-09-08,2020090801022053,MBL,6,56,500,222.00,"111,000.00"
2020-09-08,2020090801022052,MBL,56,56,100,222.00,"22,200.00"
2020-09-08,2020090801022045,MBL,6,56,"1,000",222.00,"222,000.00"
2020-09-08,2020090801022044,MBL,32,56,83,222.00,"18,426.00"
2020-09-08,2020090801022043,MBL,4,42,200,223.00,"44,600.00"
2020-09-08,2020090801021902,MBL,32,58,17,222.00,"3,774.00"
2020-09-08,2020090801021901,MBL,36,58,"1,000",222.00,"222,000.00"
2020-09-08,2020090801021882,MBL,34,42,"1,000",223.00,"223,000.00"
2020-09-08,2020090801022051,MBL,25,56,"1,000",222.00,"222,000.00"
2020-09-08,2020090801022050,MBL,28,56,"1,000",222.00,"222,000.00"
2020-09-08,2020090801022049,MBL,14,56,20,222.00,"4,440.00"
2020-09-08,2020090801022048,MBL,16,56,100,222.00,"22,200.00"
2020-09-08,2020090801022047,MBL,34,56,40,222.00,"8,880.00"
2020-09-08,2020090801022046,MBL,57,56,300,222.00,"66,600.00"
2020-09-08,2020090801022194,MDB,17,16,100,336.00,"33,600.00"
2020-09-08,2020090801022193,MDB,32,16,100,336.00,"33,600.00"
2020-09-08,2020090801022100,MEGA,35,50,100,220.00,"22,000.00"
2020-09-08,2020090801021896,MEGA,29,58,142,219.00,"31,098.00"
2020-09-08,2020090801021895,MEGA,14,58,500,219.00,"109,500.00"
2020-09-08,2020090801021894,MEGA,56,58,50,219.00,"10,950.00"
2020-09-08,2020090801021893,MEGA,25,58,360,219.00,"78,840.00"
2020-09-08,2020090801021892,MEGA,56,58,48,219.00,"10,512.00"
2020-09-08,2020090801021891,MEGA,29,58,18,219.00,"3,942.00"
2020-09-08,2020090801021864,MEGA,29,7,110,219.00,"24,090.00"
2020-09-08,2020090801021921,MERO,29,58,15,699.00,"10,485.00"
2020-09-08,2020090801021925,MERO,36,58,193,692.00,"133,556.00"
2020-09-08,2020090801021924,MERO,50,58,20,694.00,"13,880.00"
2020-09-08,2020090801021923,MERO,43,58,957,695.00,"665,115.00"
2020-09-08,2020090801021922,MERO,5,58,15,698.00,"10,470.00"
2020-09-08,2020090801022292,MFIL,57,55,50,302.00,"15,100.00"
2020-09-08,2020090801022291,MFIL,42,55,20,302.00,"6,040.00"
2020-09-08,2020090801022259,MFIL,42,55,50,302.00,"15,100.00"
2020-09-08,2020090801022150,MFIL,45,55,"1,000",302.00,"302,000.00"
2020-09-08,2020090801022139,MFIL,40,55,100,302.00,"30,200.00"
2020-09-08,2020090801022138,MFIL,34,55,50,302.00,"15,100.00"
2020-09-08,2020090801022137,MFIL,57,55,700,302.00,"211,400.00"
2020-09-08,2020090801022136,MFIL,58,55,100,302.00,"30,200.00"
2020-09-08,2020090801022070,MFIL,45,57,80,303.00,"24,240.00"
2020-09-08,2020090801022007,MFIL,58,57,15,303.00,"4,545.00"
2020-09-08,2020090801021992,MFIL,58,17,200,302.00,"60,400.00"
2020-09-08,2020090801021978,MFIL,58,32,100,302.00,"30,200.00"
2020-09-08,2020090801021928,MHNL,11,33,30,86.00,"2,580.00"
2020-09-08,2020090801022187,MNBBL,40,22,100,322.00,"32,200.00"
2020-09-08,2020090801022186,MNBBL,58,22,100,322.00,"32,200.00"
2020-09-08,2020090801022185,MNBBL,34,22,100,322.00,"32,200.00"
2020-09-08,2020090801022184,MNBBL,14,22,20,322.00,"6,440.00"
2020-09-08,2020090801022183,MNBBL,26,22,40,322.00,"12,880.00"
2020-09-08,2020090801022182,MNBBL,14,22,"1,000",322.00,"322,000.00"
2020-09-08,2020090801022181,MNBBL,33,22,300,322.00,"96,600.00"
2020-09-08,2020090801022180,MNBBL,21,22,713,322.00,"229,586.00"
2020-09-08,2020090801021850,MNBBL,21,58,287,322.00,"92,414.00"
2020-09-08,2020090801022246,NABIL,50,40,100,844.00,"84,400.00"
2020-09-08,2020090801022245,NABIL,16,40,13,844.00,"10,972.00"
2020-09-08,2020090801022235,NABIL,16,40,87,844.00,"73,428.00"
2020-09-08,2020090801022108,NABIL,33,54,450,845.00,"380,250.00"
2020-09-08,2020090801022107,NABIL,33,54,400,845.00,"338,000.00"
2020-09-08,2020090801022255,NADEP,14,17,23,675.00,"15,525.00"
2020-09-08,2020090801022280,NBL,57,21,400,298.00,"119,200.00"
2020-09-08,2020090801022006,NBL,19,17,"2,425",297.00,"720,225.00"
2020-09-08,2020090801022005,NBL,43,17,200,297.00,"59,400.00"
2020-09-08,2020090801022004,NBL,50,17,175,297.00,"51,975.00"
2020-09-08,2020090801022003,NBL,21,17,200,297.00,"59,400.00"
2020-09-08,2020090801021814,NBL,38,21,16,298.00,"4,768.00"
2020-09-08,2020090801022231,NCCB,56,39,217,194.00,"42,098.00"
2020-09-08,2020090801022230,NCCB,56,39,283,194.00,"54,902.00"
2020-09-08,2020090801022288,NHDL,22,25,10,159.00,"1,590.00"
2020-09-08,2020090801022290,NHPC,50,25,10,58.00,580.00
2020-09-08,2020090801022148,NHPC,36,56,150,57.00,"8,550.00"
2020-09-08,2020090801022147,NHPC,55,56,"1,500",57.00,"85,500.00"
2020-09-08,2020090801022146,NHPC,38,56,190,57.00,"10,830.00"
2020-09-08,2020090801021962,NIB,42,19,100,419.00,"41,900.00"
2020-09-08,2020090801021946,NIB,43,58,100,419.00,"41,900.00"
2020-09-08,2020090801021945,NIB,18,58,288,419.00,"120,672.00"
2020-09-08,2020090801021878,NIB,18,35,49,419.00,"20,531.00"
2020-09-08,2020090801022261,NICA,29,57,200,577.00,"115,400.00"
2020-09-08,2020090801022227,NICA,44,57,193,577.00,"111,361.00"
2020-09-08,2020090801022209,NICA,33,57,200,577.00,"115,400.00"
2020-09-08,2020090801022064,NICA,33,57,100,577.00,"57,700.00"
2020-09-08,2020090801021812,NICA,56,57,100,578.00,"57,800.00"
2020-09-08,2020090801021811,NICA,56,49,70,577.00,"40,390.00"
2020-09-08,2020090801021810,NICA,56,13,25,577.00,"14,425.00"
2020-09-08,2020090801022178,NICL,37,43,20,543.00,"10,860.00"
2020-09-08,2020090801021959,NICL,10,16,"1,575",541.00,"852,075.00"
2020-09-08,2020090801021958,NICL,45,16,20,542.00,"10,840.00"
2020-09-08,2020090801022220,NIL,56,46,20,800.00,"16,000.00"
2020-09-08,2020090801022176,NIL,50,46,30,801.00,"24,030.00"
2020-09-08,2020090801022175,NIL,50,28,170,801.00,"136,170.00"
2020-09-08,2020090801022127,NIL,8,28,100,801.00,"80,100.00"
2020-09-08,2020090801022111,NIL,16,28,50,801.00,"40,050.00"
2020-09-08,2020090801022094,NIL,55,28,560,801.00,"448,560.00"
2020-09-08,2020090801022069,NIL,55,45,940,801.00,"752,940.00"
2020-09-08,2020090801022068,NIL,22,45,50,801.00,"40,050.00"
2020-09-08,2020090801021809,NIL,45,16,500,801.00,"400,500.00"
2020-09-08,2020090801021808,NIL,45,58,500,801.00,"400,500.00"
2020-09-08,2020090801021807,NIL,45,58,500,801.00,"400,500.00"
2020-09-08,2020090801022218,NLIC,44,38,149,"1,363.00","203,087.00"
2020-09-08,2020090801022217,NLIC,56,38,500,"1,364.00","682,000.00"
2020-09-08,2020090801022216,NLIC,8,38,351,"1,365.00","479,115.00"
2020-09-08,2020090801022204,NLIC,34,34,249,"1,369.00","340,881.00"
2020-09-08,2020090801022203,NLIC,34,38,181,"1,368.00","247,608.00"
2020-09-08,2020090801022202,NLIC,34,53,200,"1,367.00","273,400.00"
2020-09-08,2020090801021950,NLIC,44,19,29,"1,361.00","39,469.00"
2020-09-08,2020090801021831,NLIC,1,58,10,"1,362.00","13,620.00"
2020-09-08,2020090801021830,NLIC,28,58,20,"1,362.00","27,240.00"
2020-09-08,2020090801022201,NLIC,34,53,19,"1,366.00","25,954.00"
2020-09-08,2020090801022200,NLIC,34,38,351,"1,365.00","479,115.00"
2020-09-08,2020090801022171,NLIC,50,38,30,"1,365.00","40,950.00"
2020-09-08,2020090801022036,NLIC,44,7,22,"1,363.00","29,986.00"
2020-09-08,2020090801021979,NLIC,17,38,100,"1,365.00","136,500.00"
2020-09-08,2020090801021951,NLIC,44,58,334,"1,363.00","455,242.00"
2020-09-08,2020090801022090,NLICL,44,58,100,760.00,"76,000.00"
2020-09-08,2020090801022089,NLICL,35,58,100,761.00,"76,100.00"
2020-09-08,2020090801022254,NMB,57,34,150,419.00,"62,850.00"
2020-09-08,2020090801022253,NMB,57,26,200,419.00,"83,800.00"
2020-09-08,2020090801022252,NMB,57,56,28,419.00,"11,732.00"
2020-09-08,2020090801022222,NMB,44,56,100,419.00,"41,900.00"
2020-09-08,2020090801022173,NMB,50,56,"1,000",419.00,"419,000.00"
2020-09-08,2020090801022125,NMB,44,56,250,419.00,"104,750.00"
2020-09-08,2020090801022076,NMB,50,56,622,419.00,"260,618.00"
2020-09-08,2020090801022075,NMB,50,45,378,419.00,"158,382.00"
2020-09-08,2020090801021980,NMB,44,25,800,418.00,"334,400.00"
2020-09-08,2020090801021969,NMB,10,45,100,419.00,"41,900.00"
2020-09-08,2020090801021968,NMB,28,45,50,419.00,"20,950.00"
2020-09-08,2020090801021849,NMB,44,17,100,418.00,"41,800.00"
2020-09-08,2020090801022281,NRIC,54,59,400,858.00,"343,200.00"
2020-09-08,2020090801022242,NRIC,53,44,240,859.00,"206,160.00"
2020-09-08,2020090801022241,NRIC,53,57,50,859.00,"42,950.00"
2020-09-08,2020090801022240,NRIC,53,29,30,859.00,"25,770.00"
2020-09-08,2020090801022239,NRIC,53,37,40,859.00,"34,360.00"
2020-09-08,2020090801022238,NRIC,53,45,140,859.00,"120,260.00"
2020-09-08,2020090801021821,NRIC,34,44,100,856.00,"85,600.00"
2020-09-08,2020090801021820,NRIC,16,44,114,856.00,"97,584.00"
2020-09-08,2020090801021819,NRIC,1,44,240,856.00,"205,440.00"
2020-09-08,2020090801021806,NRIC,16,26,200,856.00,"171,200.00"
2020-09-08,2020090801021800,NRIC,16,58,16,856.00,"13,696.00"
2020-09-08,2020090801021869,NRIC,45,26,10,856.00,"8,560.00"
2020-09-08,2020090801021861,NRIC,45,21,40,856.00,"34,240.00"
2020-09-08,2020090801021853,NRIC,5,44,444,857.00,"380,508.00"
2020-09-08,2020090801021852,NRIC,5,10,40,856.00,"34,240.00"
2020-09-08,2020090801021851,NRIC,5,44,16,856.00,"13,696.00"
2020-09-08,2020090801021845,NRIC,46,44,270,856.00,"231,120.00"
2020-09-08,2020090801021937,NRIC,32,26,40,857.00,"34,280.00"
2020-09-08,2020090801021916,NRIC,32,50,100,857.00,"85,700.00"
2020-09-08,2020090801021915,NRIC,32,44,56,857.00,"47,992.00"
2020-09-08,2020090801021906,NRIC,17,7,20,856.00,"17,120.00"
2020-09-08,2020090801021904,NRIC,17,26,40,856.00,"34,240.00"
2020-09-08,2020090801021870,NRIC,17,26,30,855.00,"25,650.00"
2020-09-08,2020090801022030,NRIC,57,47,10,858.00,"8,580.00"
2020-09-08,2020090801021989,NRIC,28,47,20,858.00,"17,160.00"
2020-09-08,2020090801021988,NRIC,34,45,26,857.00,"22,282.00"
2020-09-08,2020090801021987,NRIC,32,45,224,857.00,"191,968.00"
2020-09-08,2020090801021960,NRIC,32,17,40,857.00,"34,280.00"
2020-09-08,2020090801021938,NRIC,32,10,40,857.00,"34,280.00"
2020-09-08,2020090801022081,NRIC,54,50,100,858.00,"85,800.00"
2020-09-08,2020090801022080,NRIC,54,22,360,858.00,"308,880.00"
2020-09-08,2020090801022059,NRIC,46,22,140,858.00,"120,120.00"
2020-09-08,2020090801022058,NRIC,46,49,40,858.00,"34,320.00"
2020-09-08,2020090801022057,NRIC,46,21,20,858.00,"17,160.00"
2020-09-08,2020090801022031,NRIC,57,21,20,858.00,"17,160.00"
2020-09-08,2020090801022226,NRIC,57,45,160,859.00,"137,440.00"
2020-09-08,2020090801022225,NRIC,57,16,40,859.00,"34,360.00"
2020-09-08,2020090801022165,NRIC,54,38,40,858.00,"34,320.00"
2020-09-08,2020090801022129,NRIC,54,4,10,858.00,"8,580.00"
2020-09-08,2020090801022092,NRIC,54,44,100,858.00,"85,800.00"
2020-09-08,2020090801022082,NRIC,54,58,835,858.00,"716,430.00"
2020-09-08,2020090801022278,NRN,34,46,50,393.00,"19,650.00"
2020-09-08,2020090801022152,NRN,34,46,100,393.00,"39,300.00"
2020-09-08,2020090801021829,NTC,58,35,50,692.00,"34,600.00"
2020-09-08,2020090801022174,NUBL,29,13,200,980.00,"196,000.00"
2020-09-08,2020090801022258,OHL,16,32,44,341.00,"15,004.00"
2020-09-08,2020090801022157,PCBL,50,17,80,276.00,"22,080.00"
2020-09-08,2020090801022156,PCBL,32,17,500,276.00,"138,000.00"
2020-09-08,2020090801022155,PCBL,39,17,300,276.00,"82,800.00"
2020-09-08,2020090801021907,PCBL,39,5,100,277.00,"27,700.00"
2020-09-08,2020090801022263,PIC,57,14,22,749.00,"16,478.00"
2020-09-08,2020090801022262,PIC,57,28,78,748.00,"58,344.00"
2020-09-08,2020090801022257,PIC,56,28,62,748.00,"46,376.00"
2020-09-08,2020090801022256,PIC,56,3,38,748.00,"28,424.00"
2020-09-08,2020090801022164,PIC,33,3,12,748.00,"8,976.00"
2020-09-08,2020090801021976,PICL,59,34,23,524.00,"12,052.00"
2020-09-08,2020090801021816,PICL,10,34,77,524.00,"40,348.00"
2020-09-08,2020090801021815,PICL,10,39,23,524.00,"12,052.00"
2020-09-08,2020090801022199,PLIC,13,45,30,634.00,"19,020.00"
2020-09-08,2020090801022098,PLIC,13,34,37,634.00,"23,458.00"
2020-09-08,2020090801022009,PLIC,59,26,10,637.00,"6,370.00"
2020-09-08,2020090801021967,PMHPL,21,7,10,89.00,890.00
2020-09-08,2020090801022221,PPCL,46,33,30,130.00,"3,900.00"
2020-09-08,2020090801022192,PPCL,38,10,500,132.00,"66,000.00"
2020-09-08,2020090801022133,PRVU,44,35,121,228.00,"27,588.00"
2020-09-08,2020090801022060,PRVU,50,35,200,228.00,"45,600.00"
2020-09-08,2020090801022101,RADHI,39,19,10,225.00,"2,250.00"
2020-09-08,2020090801022151,RHPL,49,17,40,162.00,"6,480.00"
2020-09-08,2020090801022126,RHPL,49,7,10,162.00,"1,620.00"
2020-09-08,2020090801022072,RHPL,49,20,20,162.00,"3,240.00"
2020-09-08,2020090801021993,RHPL,49,10,40,162.00,"6,480.00"
2020-09-08,2020090801022247,RLFL,58,57,100,137.00,"13,700.00"
2020-09-08,2020090801022008,RLFL,38,50,200,136.00,"27,200.00"
2020-09-08,2020090801022099,RMDC,1,40,63,867.00,"54,621.00"
2020-09-08,2020090801021949,RMDC,1,46,31,867.00,"26,877.00"
2020-09-08,2020090801021860,RMDC,1,46,25,867.00,"21,675.00"
2020-09-08,2020090801021914,RRHP,34,37,80,111.00,"8,880.00"
2020-09-08,2020090801021957,RSDC,25,38,330,526.00,"173,580.00"
2020-09-08,2020090801021956,RSDC,25,1,50,526.00,"26,300.00"
2020-09-08,2020090801022163,SABSL,44,22,20,871.00,"17,420.00"
2020-09-08,2020090801022162,SABSL,44,41,11,870.00,"9,570.00"
2020-09-08,2020090801022161,SABSL,44,42,11,870.00,"9,570.00"
2020-09-08,2020090801022160,SABSL,44,28,11,869.00,"9,559.00"
2020-09-08,2020090801022159,SABSL,44,42,11,869.00,"9,559.00"
2020-09-08,2020090801022119,SABSL,7,20,11,865.00,"9,515.00"
2020-09-08,2020090801021963,SABSL,44,59,50,864.00,"43,200.00"
2020-09-08,2020090801021900,SABSL,44,25,50,863.00,"43,150.00"
2020-09-08,2020090801021899,SABSL,44,11,11,863.00,"9,493.00"
2020-09-08,2020090801021840,SABSL,7,25,100,860.00,"86,000.00"
2020-09-08,2020090801021839,SABSL,7,57,11,860.00,"9,460.00"
2020-09-08,2020090801021838,SABSL,7,39,11,860.00,"9,460.00"
2020-09-08,2020090801022022,SABSL,44,38,10,865.00,"8,650.00"
2020-09-08,2020090801022021,SABSL,44,56,11,865.00,"9,515.00"
2020-09-08,2020090801022020,SABSL,44,56,11,865.00,"9,515.00"
2020-09-08,2020090801022019,SABSL,44,29,200,865.00,"173,000.00"
2020-09-08,2020090801022018,SABSL,44,19,11,865.00,"9,515.00"
2020-09-08,2020090801021964,SABSL,44,10,307,864.00,"265,248.00"
2020-09-08,2020090801022114,SABSL,44,38,194,868.00,"168,392.00"
2020-09-08,2020090801022113,SABSL,44,21,11,868.00,"9,548.00"
2020-09-08,2020090801022112,SABSL,44,36,50,868.00,"43,400.00"
2020-09-08,2020090801022074,SABSL,44,19,200,867.00,"173,400.00"
2020-09-08,2020090801022073,SABSL,44,42,23,867.00,"19,941.00"
2020-09-08,2020090801022061,SABSL,7,10,11,863.00,"9,493.00"
2020-09-08,2020090801022236,SANIMA,58,11,200,340.00,"68,000.00"
2020-09-08,2020090801022077,SANIMA,11,49,200,341.00,"68,200.00"
2020-09-08,2020090801022234,SBI,36,14,200,421.00,"84,200.00"
2020-09-08,2020090801022233,SBI,36,55,300,420.00,"126,000.00"
2020-09-08,2020090801022062,SBI,1,33,28,420.00,"11,760.00"
2020-09-08,2020090801022210,SBL,4,26,100,299.00,"29,900.00"
2020-09-08,2020090801022266,SCB,44,58,100,653.00,"65,300.00"
2020-09-08,2020090801022166,SDLBSL,3,4,10,825.00,"8,250.00"
2020-09-08,2020090801022063,SDLBSL,3,46,10,825.00,"8,250.00"
2020-09-08,2020090801021897,SDLBSL,3,26,10,825.00,"8,250.00"
2020-09-08,2020090801021866,SDLBSL,3,10,10,825.00,"8,250.00"
2020-09-08,2020090801021854,SHINE,17,52,25,234.00,"5,850.00"
2020-09-08,2020090801022213,SHIVM,22,25,100,733.00,"73,300.00"
2020-09-08,2020090801022197,SHIVM,58,34,50,734.00,"36,700.00"
2020-09-08,2020090801022149,SHIVM,28,25,20,728.00,"14,560.00"
2020-09-08,2020090801022109,SHIVM,19,57,500,730.00,"365,000.00"
2020-09-08,2020090801022066,SHIVM,19,34,250,734.00,"183,500.00"
2020-09-08,2020090801022065,SHIVM,19,26,50,734.00,"36,700.00"
2020-09-08,2020090801021823,SHIVM,28,58,50,728.00,"36,400.00"
2020-09-08,2020090801021822,SHIVM,28,49,205,728.00,"149,240.00"
2020-09-08,2020090801021805,SHIVM,7,44,100,722.00,"72,200.00"
2020-09-08,2020090801021804,SHIVM,34,44,100,723.00,"72,300.00"
2020-09-08,2020090801021828,SHIVM,28,46,50,728.00,"36,400.00"
2020-09-08,2020090801021827,SHIVM,28,45,50,728.00,"36,400.00"
2020-09-08,2020090801021826,SHIVM,28,58,50,728.00,"36,400.00"
2020-09-08,2020090801021825,SHIVM,28,58,50,728.00,"36,400.00"
2020-09-08,2020090801021824,SHIVM,28,58,50,728.00,"36,400.00"
2020-09-08,2020090801021875,SHIVM,58,19,100,730.00,"73,000.00"
2020-09-08,2020090801021874,SHIVM,58,42,25,730.00,"18,250.00"
2020-09-08,2020090801021873,SHIVM,58,26,100,730.00,"73,000.00"
2020-09-08,2020090801021872,SHIVM,58,4,100,729.00,"72,900.00"
2020-09-08,2020090801021932,SHIVM,58,57,76,733.00,"55,708.00"
2020-09-08,2020090801021931,SHIVM,58,57,200,732.00,"146,400.00"
2020-09-08,2020090801021930,SHIVM,58,34,100,732.00,"73,200.00"
2020-09-08,2020090801021929,SHIVM,58,50,124,731.00,"90,644.00"
2020-09-08,2020090801021879,SHIVM,28,1,200,728.00,"145,600.00"
2020-09-08,2020090801021876,SHIVM,58,50,175,731.00,"127,925.00"
2020-09-08,2020090801021975,SHIVM,58,38,97,733.00,"71,101.00"
2020-09-08,2020090801021974,SHIVM,58,34,200,733.00,"146,600.00"
2020-09-08,2020090801021973,SHIVM,58,6,100,733.00,"73,300.00"
2020-09-08,2020090801021972,SHIVM,58,57,24,733.00,"17,592.00"
2020-09-08,2020090801021971,SHIVM,58,22,75,730.00,"54,750.00"
2020-09-08,2020090801021940,SHIVM,19,57,100,731.00,"73,100.00"
2020-09-08,2020090801022198,SHL,58,50,100,157.00,"15,700.00"
2020-09-08,2020090801022296,SHPC,14,10,963,264.00,"254,232.00"
2020-09-08,2020090801022295,SHPC,14,25,37,264.00,"9,768.00"
2020-09-08,2020090801022212,SHPC,1,58,"1,000",263.00,"263,000.00"
2020-09-08,2020090801021868,SHPC,34,1,"2,000",262.00,"524,000.00"
2020-09-08,2020090801021867,SHPC,34,1,"2,000",262.00,"524,000.00"
2020-09-08,2020090801022297,SICL,16,58,50,"1,345.00","67,250.00"
2020-09-08,2020090801022294,SICL,56,58,10,"1,348.00","13,480.00"
2020-09-08,2020090801022293,SICL,56,5,419,"1,348.00","564,812.00"
2020-09-08,2020090801022215,SICL,3,5,10,"1,348.00","13,480.00"
2020-09-08,2020090801022214,SICL,56,5,71,"1,348.00","95,708.00"
2020-09-08,2020090801022002,SICL,56,45,100,"1,348.00","134,800.00"
2020-09-08,2020090801021877,SICL,37,1,50,"1,344.00","67,200.00"
2020-09-08,2020090801021995,SICL,56,41,46,"1,345.00","61,870.00"
2020-09-08,2020090801021991,SICL,37,43,100,"1,344.00","134,400.00"
2020-09-08,2020090801022001,SICL,56,43,35,"1,348.00","47,180.00"
2020-09-08,2020090801022000,SICL,56,43,38,"1,348.00","51,224.00"
2020-09-08,2020090801021999,SICL,56,42,10,"1,348.00","13,480.00"
2020-09-08,2020090801021998,SICL,56,37,50,"1,347.00","67,350.00"
2020-09-08,2020090801021997,SICL,56,45,50,"1,347.00","67,350.00"
2020-09-08,2020090801021996,SICL,56,39,100,"1,345.00","134,500.00"
2020-09-08,2020090801022264,SJCL,58,7,10,145.00,"1,450.00"
2020-09-08,2020090801022132,SJCL,58,20,20,145.00,"2,900.00"
2020-09-08,2020090801022088,SJCL,58,10,20,145.00,"2,900.00"
2020-09-08,2020090801021865,SJCL,58,14,20,145.00,"2,900.00"
2020-09-08,2020090801021934,SKBBL,50,57,30,"1,350.00","40,500.00"
2020-09-08,2020090801021933,SKBBL,50,35,70,"1,350.00","94,500.00"
2020-09-08,2020090801021880,SKBBL,50,5,250,"1,348.00","337,000.00"
2020-09-08,2020090801022121,SLBS,13,56,13,950.00,"12,350.00"
2020-09-08,2020090801021977,SLBS,13,47,38,949.00,"36,062.00"
2020-09-08,2020090801022208,SLICL,26,49,78,577.00,"45,006.00"
2020-09-08,2020090801022207,SLICL,26,52,200,577.00,"115,400.00"
2020-09-08,2020090801022206,SLICL,26,45,30,577.00,"17,310.00"
2020-09-08,2020090801022205,SLICL,26,19,92,577.00,"53,084.00"
2020-09-08,2020090801022087,SLICL,35,34,90,576.00,"51,840.00"
2020-09-08,2020090801022086,SLICL,35,16,35,576.00,"20,160.00"
2020-09-08,2020090801021936,SLICL,50,55,500,575.00,"287,500.00"
2020-09-08,2020090801021920,SLICL,50,58,500,575.00,"287,500.00"
2020-09-08,2020090801021919,SLICL,50,49,349,575.00,"200,675.00"
2020-09-08,2020090801021918,SLICL,50,34,160,575.00,"92,000.00"
2020-09-08,2020090801021898,SLICL,17,34,50,575.00,"28,750.00"
2020-09-08,2020090801022117,SMFBS,33,10,10,967.00,"9,670.00"
2020-09-08,2020090801022106,SPDL,34,38,31,130.00,"4,030.00"
2020-09-08,2020090801022105,SPDL,42,38,500,130.00,"65,000.00"
2020-09-08,2020090801022104,SPDL,5,38,200,130.00,"26,000.00"
2020-09-08,2020090801022103,SPDL,29,38,990,130.00,"128,700.00"
2020-09-08,2020090801022102,SPDL,55,38,79,131.00,"10,349.00"
2020-09-08,2020090801022167,STC,19,55,10,"3,390.00","33,900.00"
2020-09-08,2020090801022097,UIC,45,35,100,422.00,"42,200.00"
2020-09-08,2020090801021961,UIC,43,21,50,421.00,"21,050.00"
2020-09-08,2020090801021941,UIC,50,16,10,421.00,"4,210.00"
2020-09-08,2020090801021862,UIC,19,16,200,423.00,"84,600.00"
2020-09-08,2020090801021801,UIC,50,16,100,423.00,"42,300.00"
2020-09-08,2020090801022116,UPPER,25,22,10,246.00,"2,460.00"
2020-09-08,2020090801022115,UPPER,25,34,40,246.00,"9,840.00"
2020-09-08,2020090801021908,USLB,44,17,22,"1,207.00","26,554.00"
2020-09-08,2020090801021841,VLBS,1,29,50,926.00,"46,300.00"
2020-09-08,2020090801021843,VLBS,38,29,50,925.00,"46,250.00"
2020-09-08,2020090801021842,VLBS,34,29,100,926.00,"92,600.00"
2020-09-08,2020090801022219,WOMI,7,43,50,878.00,"43,900.00"
2020-09-08,2020090801022196,WOMI,10,25,67,882.00,"59,094.00"
2020-09-08,2020090801022195,WOMI,10,18,17,880.00,"14,960.00"
2020-09-08,2020090801022120,WOMI,25,18,60,880.00,"52,800.00"
2020-09-08,2020090801021432,ACLBSL,43,26,10,710.00,"7,100.00"
2020-09-08,2020090801021431,ACLBSL,13,26,40,712.00,"28,480.00"
2020-09-08,2020090801021681,ADBL,14,8,100,422.00,"42,200.00"
2020-09-08,2020090801021598,ADBL,37,35,14,421.00,"5,894.00"
2020-09-08,2020090801021738,AHPC,58,14,300,118.00,"35,400.00"
2020-09-08,2020090801021466,AHPC,52,5,100,118.00,"11,800.00"
2020-09-08,2020090801021776,AIL,45,26,10,508.00,"5,080.00"
2020-09-08,2020090801021769,AIL,58,58,10,510.00,"5,100.00"
2020-09-08,2020090801021766,AIL,45,21,10,508.00,"5,080.00"
2020-09-08,2020090801021733,AIL,45,26,10,508.00,"5,080.00"
2020-09-08,2020090801021664,AIL,45,55,210,508.00,"106,680.00"
2020-09-08,2020090801021546,AIL,45,33,10,508.00,"5,080.00"
2020-09-08,2020090801021531,AIL,45,21,10,508.00,"5,080.00"
2020-09-08,2020090801021436,AIL,45,44,10,508.00,"5,080.00"
2020-09-08,2020090801021417,AIL,45,59,10,508.00,"5,080.00"
2020-09-08,2020090801021380,AIL,45,41,18,508.00,"9,144.00"
2020-09-08,2020090801021379,AIL,11,41,30,509.00,"15,270.00"
2020-09-08,2020090801021741,AKPL,22,29,300,168.00,"50,400.00"
2020-09-08,2020090801021616,AKPL,58,29,551,168.00,"92,568.00"
2020-09-08,2020090801021615,AKPL,58,36,400,168.00,"67,200.00"
2020-09-08,2020090801021614,AKPL,58,58,"49,755",167.00,"8,309,080.00"
2020-09-08,2020090801021613,AKPL,58,52,100,167.00,"16,700.00"
2020-09-08,2020090801021612,AKPL,58,34,194,167.00,"32,398.00"
2020-09-08,2020090801021611,AKPL,58,50,"2,000",167.00,"334,000.00"
2020-09-08,2020090801021610,AKPL,58,21,"2,000",167.00,"334,000.00"
2020-09-08,2020090801021595,AKPL,33,38,39,166.00,"6,474.00"
2020-09-08,2020090801021326,ALBSL,43,16,11,894.00,"9,834.00"
2020-09-08,2020090801021325,ALBSL,38,16,189,895.00,"169,155.00"
2020-09-08,2020090801021301,ALBSL,38,28,11,895.00,"9,845.00"
2020-09-08,2020090801021791,ALICL,45,5,100,720.00,"72,000.00"
2020-09-08,2020090801021732,ALICL,45,54,100,720.00,"72,000.00"
2020-09-08,2020090801021694,BARUN,34,28,10,106.00,"1,060.00"
2020-09-08,2020090801021693,BARUN,34,25,55,106.00,"5,830.00"
2020-09-08,2020090801021346,BARUN,28,25,40,106.00,"4,240.00"
2020-09-08,2020090801021426,BOKL,20,53,50,232.00,"11,600.00"
2020-09-08,2020090801021425,BOKL,44,53,150,232.00,"34,800.00"
2020-09-08,2020090801021743,BPCL,1,49,50,383.00,"19,150.00"
2020-09-08,2020090801021680,BPCL,41,7,36,382.00,"13,752.00"
2020-09-08,2020090801021414,CCBL,36,19,30,172.00,"5,160.00"
2020-09-08,2020090801021413,CCBL,36,17,202,172.00,"34,744.00"
2020-09-08,2020090801021412,CCBL,36,17,204,172.00,"35,088.00"
2020-09-08,2020090801021411,CCBL,36,47,118,172.00,"20,296.00"
2020-09-08,2020090801021410,CCBL,36,56,329,172.00,"56,588.00"
2020-09-08,2020090801021409,CCBL,36,28,490,172.00,"84,280.00"
2020-09-08,2020090801021773,CHCL,39,1,55,465.00,"25,575.00"
2020-09-08,2020090801021764,CHCL,39,8,50,465.00,"23,250.00"
2020-09-08,2020090801021736,CHCL,39,45,150,465.00,"69,750.00"
2020-09-08,2020090801021718,CHCL,39,35,267,465.00,"124,155.00"
2020-09-08,2020090801021717,CHCL,39,44,"1,000",465.00,"465,000.00"
2020-09-08,2020090801021716,CHCL,39,4,300,465.00,"139,500.00"
2020-09-08,2020090801021596,CHCL,39,56,300,462.00,"138,600.00"
2020-09-08,2020090801021594,CHCL,39,55,260,462.00,"120,120.00"
2020-09-08,2020090801021549,CHCL,39,28,"2,000",462.00,"924,000.00"
2020-09-08,2020090801021516,CHCL,32,5,50,463.00,"23,150.00"
2020-09-08,2020090801021416,CHCL,33,5,50,463.00,"23,150.00"
2020-09-08,2020090801021302,CHCL,39,45,95,462.00,"43,890.00"
2020-09-08,2020090801021713,CHCL,36,22,100,464.00,"46,400.00"
2020-09-08,2020090801021712,CHCL,36,52,250,464.00,"116,000.00"
2020-09-08,2020090801021711,CHCL,36,58,150,464.00,"69,600.00"
2020-09-08,2020090801021707,CHCL,16,34,181,462.00,"83,622.00"
2020-09-08,2020090801021706,CHCL,39,34,"1,019",462.00,"470,778.00"
2020-09-08,2020090801021669,CHCL,39,18,100,462.00,"46,200.00"
2020-09-08,2020090801021772,CIT,5,8,10,"3,439.00","34,390.00"
2020-09-08,2020090801021771,CIT,5,3,40,"3,438.00","137,520.00"
2020-09-08,2020090801021770,CIT,45,3,50,"3,438.00","171,900.00"
2020-09-08,2020090801021760,CIT,39,3,10,"3,438.00","34,380.00"
2020-09-08,2020090801021739,CIT,33,28,100,"3,438.00","343,800.00"
2020-09-08,2020090801021673,CIT,32,45,16,"3,430.00","54,880.00"
2020-09-08,2020090801021328,CIT,58,14,100,"3,430.00","343,000.00"
2020-09-08,2020090801021327,CIT,13,14,100,"3,431.00","343,100.00"
2020-09-08,2020090801021489,CIT,29,52,10,"3,438.00","34,380.00"
2020-09-08,2020090801021459,CIT,11,8,20,"3,437.00","68,740.00"
2020-09-08,2020090801021458,CIT,11,16,26,"3,437.00","89,362.00"
2020-09-08,2020090801021437,CIT,58,16,22,"3,437.00","75,614.00"
2020-09-08,2020090801021378,CIT,58,11,10,"3,435.00","34,350.00"
2020-09-08,2020090801021367,CIT,28,1,50,"3,430.00","171,500.00"
2020-09-08,2020090801021672,CIT,55,45,24,"3,438.00","82,512.00"
2020-09-08,2020090801021668,CIT,55,43,20,"3,438.00","68,760.00"
2020-09-08,2020090801021666,CIT,55,52,70,"3,438.00","240,660.00"
2020-09-08,2020090801021665,CIT,14,45,10,"3,438.00","34,380.00"
2020-09-08,2020090801021630,CIT,34,45,20,"3,438.00","68,760.00"
2020-09-08,2020090801021554,CIT,28,45,70,"3,438.00","240,660.00"
2020-09-08,2020090801021650,CZBIL,38,59,100,193.00,"19,300.00"
2020-09-08,2020090801021589,CZBIL,50,35,10,192.00,"1,920.00"
2020-09-08,2020090801021542,CZBIL,50,46,360,192.00,"69,120.00"
2020-09-08,2020090801021541,CZBIL,54,46,200,192.00,"38,400.00"
2020-09-08,2020090801021540,CZBIL,33,46,40,192.00,"7,680.00"
2020-09-08,2020090801021490,CZBIL,56,59,100,193.00,"19,300.00"
2020-09-08,2020090801021402,CZBIL,16,58,500,193.00,"96,500.00"
2020-09-08,2020090801021401,CZBIL,16,28,"1,000",193.00,"193,000.00"
2020-09-08,2020090801021400,CZBIL,16,28,595,193.00,"114,835.00"
2020-09-08,2020090801021465,DDBL,35,42,100,863.00,"86,300.00"
2020-09-08,2020090801021427,DDBL,35,25,38,862.00,"32,756.00"
2020-09-08,2020090801021528,DHPL,38,43,100,55.00,"5,500.00"
2020-09-08,2020090801021527,DHPL,26,43,200,55.00,"11,000.00"
2020-09-08,2020090801021526,DHPL,22,43,"1,000",55.00,"55,000.00"
2020-09-08,2020090801021525,DHPL,26,43,107,56.00,"5,992.00"
2020-09-08,2020090801021499,EBL,20,19,100,724.00,"72,400.00"
2020-09-08,2020090801021484,EBL,20,7,53,724.00,"38,372.00"
2020-09-08,2020090801021396,EDBL,20,26,187,311.00,"58,157.00"
2020-09-08,2020090801021395,EDBL,20,56,20,311.00,"6,220.00"
2020-09-08,2020090801021394,EDBL,20,42,500,310.00,"155,000.00"
2020-09-08,2020090801021393,EDBL,20,19,100,310.00,"31,000.00"
2020-09-08,2020090801021392,EDBL,20,38,50,309.00,"15,450.00"
2020-09-08,2020090801021391,EDBL,20,45,143,309.00,"44,187.00"
2020-09-08,2020090801021423,EIC,38,45,50,488.00,"24,400.00"
2020-09-08,2020090801021420,EIC,45,45,30,484.00,"14,520.00"
2020-09-08,2020090801021408,EIC,38,26,500,485.00,"242,500.00"
2020-09-08,2020090801021407,EIC,38,7,100,485.00,"48,500.00"
2020-09-08,2020090801021406,EIC,38,45,10,485.00,"4,850.00"
2020-09-08,2020090801021309,EIC,45,36,10,484.00,"4,840.00"
2020-09-08,2020090801021547,FMDBL,45,57,50,565.00,"28,250.00"
2020-09-08,2020090801021742,GBIME,8,33,245,260.00,"63,700.00"
2020-09-08,2020090801021628,GBIME,22,34,150,261.00,"39,150.00"
