Date,Transact. No.,Symbol,Buyer,Seller,Quantity,Rate,Amount
2020-02-25,2020022501026475,ADBL,14,44,20,435.00,"8,700.00"
2020-02-25,2020022501026459,ADBL,13,25,"1,000",434.00,"434,000.00"
2020-02-25,2020022501026390,ADBL,13,40,100,434.00,"43,400.00"
2020-02-25,2020022501026362,ADBL,13,33,"1,000",434.00,"434,000.00"
2020-02-25,2020022501026361,ADBL,13,38,110,434.00,"47,740.00"
2020-02-25,2020022501026360,ADBL,13,25,300,434.00,"130,200.00"
2020-02-25,2020022501026359,ADBL,13,4,25,434.00,"10,850.00"
2020-02-25,2020022501026358,ADBL,13,11,530,434.00,"230,020.00"
2020-02-25,2020022501026357,ADBL,13,16,"1,000",434.00,"434,000.00"
2020-02-25,2020022501026356,ADBL,13,34,99,434.00,"42,966.00"
2020-02-25,2020022501026311,ADBL,22,49,100,433.00,"43,300.00"
2020-02-25,2020022501026474,AKPL,44,57,100,144.00,"14,400.00"
2020-02-25,2020022501026309,AKPL,49,40,"2,000",142.00,"284,000.00"
2020-02-25,2020022501026308,AKPL,16,40,"2,000",142.00,"284,000.00"
2020-02-25,2020022501026307,AKPL,21,40,"2,000",142.00,"284,000.00"
2020-02-25,2020022501026306,AKPL,47,40,100,144.00,"14,400.00"
2020-02-25,2020022501026305,AKPL,56,40,90,144.00,"12,960.00"
2020-02-25,2020022501026385,ALBSL,56,38,10,885.00,"8,850.00"
2020-02-25,2020022501026440,ALICL,39,19,282,690.00,"194,580.00"
2020-02-25,2020022501026439,ALICL,7,19,208,691.00,"143,728.00"
2020-02-25,2020022501026058,ALICL,7,37,242,691.00,"167,222.00"
2020-02-25,2020022501026044,BOKL,44,45,117,262.00,"30,654.00"
2020-02-25,2020022501026043,BOKL,44,21,"1,000",262.00,"262,000.00"
2020-02-25,2020022501026042,BOKL,44,34,137,262.00,"35,894.00"
2020-02-25,2020022501026041,BOKL,44,11,260,262.00,"68,120.00"
2020-02-25,2020022501026040,BOKL,44,11,"1,000",262.00,"262,000.00"
2020-02-25,2020022501026039,BOKL,44,11,948,262.00,"248,376.00"
2020-02-25,2020022501026410,BPCL,14,4,57,403.00,"22,971.00"
2020-02-25,2020022501026322,BPCL,45,6,100,404.00,"40,400.00"
2020-02-25,2020022501026467,CBBL,42,59,160,"1,305.00","208,800.00"
2020-02-25,2020022501026417,CBBL,42,34,140,"1,304.00","182,560.00"
2020-02-25,2020022501026369,CBBL,42,6,200,"1,304.00","260,800.00"
2020-02-25,2020022501026079,CBBL,29,34,10,"1,305.00","13,050.00"
2020-02-25,2020022501026409,CCBL,4,4,"1,000",192.00,"192,000.00"
2020-02-25,2020022501026408,CCBL,4,45,990,192.00,"190,080.00"
2020-02-25,2020022501026324,CCBL,29,45,500,192.00,"96,000.00"
2020-02-25,2020022501026323,CCBL,11,45,10,192.00,"1,920.00"
2020-02-25,2020022501026208,CCBL,6,35,280,192.00,"53,760.00"
2020-02-25,2020022501026327,CFCL,4,4,100,156.00,"15,600.00"
2020-02-25,2020022501026298,CFCL,43,4,"2,000",154.00,"308,000.00"
2020-02-25,2020022501026297,CFCL,45,4,271,154.00,"41,734.00"
2020-02-25,2020022501026245,CFCL,4,4,100,155.00,"15,500.00"
2020-02-25,2020022501026137,CHCL,19,22,58,466.00,"27,028.00"
2020-02-25,2020022501026136,CHCL,19,55,500,466.00,"233,000.00"
2020-02-25,2020022501026414,CIT,40,46,20,"3,036.00","60,720.00"
2020-02-25,2020022501026304,CIT,40,58,122,"3,036.00","370,392.00"
2020-02-25,2020022501026266,CLBSL,38,33,10,"1,267.00","12,670.00"
2020-02-25,2020022501026069,CZBIL,43,16,10,213.00,"2,130.00"
2020-02-25,2020022501026068,CZBIL,43,7,990,213.00,"210,870.00"
2020-02-25,2020022501026479,EBL,44,37,10,740.00,"7,400.00"
2020-02-25,2020022501026473,EBL,44,6,100,740.00,"74,000.00"
2020-02-25,2020022501026472,EBL,44,43,88,740.00,"65,120.00"
2020-02-25,2020022501026468,EBL,44,45,80,737.00,"58,960.00"
2020-02-25,2020022501026481,EDBL,19,37,68,406.00,"27,608.00"
2020-02-25,2020022501026480,EDBL,14,37,200,406.00,"81,200.00"
2020-02-25,2020022501026520,EIC,14,49,15,494.00,"7,410.00"
2020-02-25,2020022501026519,EIC,14,25,25,493.00,"12,325.00"
2020-02-25,2020022501026518,EIC,14,29,10,493.00,"4,930.00"
2020-02-25,2020022501026433,EIC,25,57,12,490.00,"5,880.00"
2020-02-25,2020022501026432,EIC,25,49,100,490.00,"49,000.00"
2020-02-25,2020022501026431,EIC,25,55,244,489.00,"119,316.00"
2020-02-25,2020022501026112,EIC,42,8,300,488.00,"146,400.00"
2020-02-25,2020022501026111,EIC,42,32,200,488.00,"97,600.00"
2020-02-25,2020022501026227,EIC,56,8,10,488.00,"4,880.00"
2020-02-25,2020022501026180,EIC,19,56,100,485.00,"48,500.00"
2020-02-25,2020022501026179,EIC,29,56,55,486.00,"26,730.00"
2020-02-25,2020022501026178,EIC,34,56,200,486.00,"97,200.00"
2020-02-25,2020022501026177,EIC,13,56,350,487.00,"170,450.00"
2020-02-25,2020022501026146,EIC,29,8,50,488.00,"24,400.00"
2020-02-25,2020022501026424,EIC,25,38,500,489.00,"244,500.00"
2020-02-25,2020022501026423,EIC,25,45,100,489.00,"48,900.00"
2020-02-25,2020022501026422,EIC,25,56,500,488.00,"244,000.00"
2020-02-25,2020022501026421,EIC,25,58,500,488.00,"244,000.00"
2020-02-25,2020022501026420,EIC,25,8,615,488.00,"300,120.00"
2020-02-25,2020022501026250,EIC,49,28,500,482.00,"241,000.00"
2020-02-25,2020022501026430,EIC,25,41,700,489.00,"342,300.00"
2020-02-25,2020022501026429,EIC,25,37,500,489.00,"244,500.00"
2020-02-25,2020022501026428,EIC,25,47,100,489.00,"48,900.00"
2020-02-25,2020022501026427,EIC,25,50,25,489.00,"12,225.00"
2020-02-25,2020022501026426,EIC,25,21,400,489.00,"195,600.00"
2020-02-25,2020022501026425,EIC,25,51,100,489.00,"48,900.00"
2020-02-25,2020022501026531,FMDBL,38,42,18,656.00,"11,808.00"
2020-02-25,2020022501026494,FMDBL,25,14,170,651.00,"110,670.00"
2020-02-25,2020022501026454,FMDBL,51,14,100,652.00,"65,200.00"
2020-02-25,2020022501026446,FMDBL,51,14,150,652.00,"97,800.00"
2020-02-25,2020022501026445,FMDBL,55,14,50,653.00,"32,650.00"
2020-02-25,2020022501026444,FMDBL,45,14,13,653.00,"8,489.00"
2020-02-25,2020022501026073,FMDBL,36,45,50,654.00,"32,700.00"
2020-02-25,2020022501026443,FMDBL,38,14,10,654.00,"6,540.00"
2020-02-25,2020022501026442,FMDBL,41,14,60,655.00,"39,300.00"
2020-02-25,2020022501026437,FMDBL,41,33,240,655.00,"157,200.00"
2020-02-25,2020022501026142,FMDBL,35,33,250,655.00,"163,750.00"
2020-02-25,2020022501026141,FMDBL,35,45,250,654.00,"163,500.00"
2020-02-25,2020022501026110,FMDBL,43,45,200,654.00,"130,800.00"
2020-02-25,2020022501026325,FOWAD,53,38,10,"1,872.00","18,720.00"
2020-02-25,2020022501026415,GBBL,45,42,"1,000",259.00,"259,000.00"
2020-02-25,2020022501026436,GBIME,58,53,797,292.00,"232,724.00"
2020-02-25,2020022501026346,GBIME,19,44,40,291.00,"11,640.00"
2020-02-25,2020022501026345,GBIME,45,44,"2,734",291.00,"795,594.00"
2020-02-25,2020022501026295,GBIME,28,53,143,292.00,"41,756.00"
2020-02-25,2020022501026294,GBIME,28,25,73,292.00,"21,316.00"
2020-02-25,2020022501026288,GBIME,19,53,60,292.00,"17,520.00"
2020-02-25,2020022501026419,GBLBS,56,45,10,645.00,"6,450.00"
2020-02-25,2020022501026351,GBLBS,41,49,135,642.00,"86,670.00"
2020-02-25,2020022501026342,GBLBS,10,49,300,642.00,"192,600.00"
2020-02-25,2020022501026341,GBLBS,46,49,65,643.00,"41,795.00"
2020-02-25,2020022501026332,GBLBS,46,17,50,643.00,"32,150.00"
2020-02-25,2020022501026249,GBLBS,46,40,60,643.00,"38,580.00"
2020-02-25,2020022501026184,GBLBS,58,40,40,644.00,"25,760.00"
2020-02-25,2020022501026172,GGBSL,45,32,40,960.00,"38,400.00"
2020-02-25,2020022501026171,GGBSL,45,21,10,960.00,"9,600.00"
2020-02-25,2020022501026175,GLICL,6,29,34,935.00,"31,790.00"
2020-02-25,2020022501026384,GMFIL,1,25,400,140.00,"56,000.00"
2020-02-25,2020022501026383,GMFIL,1,28,260,140.00,"36,400.00"
2020-02-25,2020022501026133,GUFL,35,10,"1,000",137.00,"137,000.00"
2020-02-25,2020022501026132,GUFL,35,42,145,137.00,"19,865.00"
2020-02-25,2020022501026192,HBL,49,34,235,614.00,"144,290.00"
2020-02-25,2020022501026191,HBL,28,34,200,615.00,"123,000.00"
2020-02-25,2020022502000002,HDHPC,59,58,10,128.00,"1,280.00"
2020-02-25,2020022502000001,HDHPC,6,56,20,130.00,"2,600.00"
2020-02-25,2020022501026313,HDL,53,35,30,"1,837.00","55,110.00"
2020-02-25,2020022501026312,HDL,53,58,20,"1,837.00","36,740.00"
2020-02-25,2020022501026201,HDL,41,58,80,"1,837.00","146,960.00"
2020-02-25,2020022501026108,HDL,41,58,120,"1,837.00","220,440.00"
2020-02-25,2020022501026075,HDL,14,58,200,"1,837.00","367,400.00"
2020-02-25,2020022501026526,HGI,56,55,10,481.00,"4,810.00"
2020-02-25,2020022501026411,HGI,17,38,50,476.00,"23,800.00"
2020-02-25,2020022501026183,HGI,44,38,"1,000",480.00,"480,000.00"
2020-02-25,2020022501026098,HGI,44,38,600,480.00,"288,000.00"
2020-02-25,2020022501026533,HIDCL,58,25,50,155.00,"7,750.00"
2020-02-25,2020022501026532,HIDCL,58,19,50,154.00,"7,700.00"
2020-02-25,2020022501026190,HIDCL,37,19,500,154.00,"77,000.00"
2020-02-25,2020022501026189,HIDCL,29,19,450,154.00,"69,300.00"
2020-02-25,2020022501026534,HPPL,45,14,50,169.00,"8,450.00"
2020-02-25,2020022501026379,ICFC,38,38,50,217.00,"10,850.00"
2020-02-25,2020022501026051,ICFC,38,49,50,217.00,"10,850.00"
2020-02-25,2020022501026265,IGI,42,32,24,530.00,"12,720.00"
2020-02-25,2020022501026264,IGI,17,32,200,530.00,"106,000.00"
2020-02-25,2020022501026263,IGI,37,32,276,531.00,"146,556.00"
2020-02-25,2020022501026072,ILBS,55,14,100,958.00,"95,800.00"
2020-02-25,2020022501026243,JBBL,58,54,550,204.00,"112,200.00"
2020-02-25,2020022501026242,JBBL,58,13,"1,000",203.00,"203,000.00"
2020-02-25,2020022501026241,JBBL,58,49,250,202.00,"50,500.00"
2020-02-25,2020022501026240,JBBL,58,35,200,201.00,"40,200.00"
2020-02-25,2020022501026457,JSLBB,47,16,10,"1,953.00","19,530.00"
2020-02-25,2020022501026456,JSLBB,40,16,100,"1,954.00","195,400.00"
2020-02-25,2020022501026486,KBL,51,6,404,211.00,"85,244.00"
2020-02-25,2020022501026485,KBL,51,6,503,211.00,"106,133.00"
2020-02-25,2020022501026484,KBL,51,6,500,211.00,"105,500.00"
2020-02-25,2020022501026483,KBL,51,21,343,211.00,"72,373.00"
2020-02-25,2020022501026482,KBL,51,59,250,211.00,"52,750.00"
2020-02-25,2020022501026465,KBL,36,21,225,211.00,"47,475.00"
2020-02-25,2020022501026464,KBL,36,58,775,211.00,"163,525.00"
2020-02-25,2020022501026455,KBL,53,58,250,211.00,"52,750.00"
2020-02-25,2020022501026331,KBL,38,58,50,211.00,"10,550.00"
2020-02-25,2020022501026248,KBL,51,58,925,211.00,"195,175.00"
2020-02-25,2020022501026247,KBL,51,37,"1,000",211.00,"211,000.00"
2020-02-25,2020022501026246,KBL,51,56,75,211.00,"15,825.00"
2020-02-25,2020022501026140,KMCDB,33,40,10,"1,104.00","11,040.00"
2020-02-25,2020022501026115,KMCDB,38,44,46,"1,105.00","50,830.00"
2020-02-25,2020022501026055,KMCDB,38,6,154,"1,105.00","170,170.00"
2020-02-25,2020022501026054,KMCDB,6,6,100,"1,105.00","110,500.00"
2020-02-25,2020022501026053,KMCDB,26,6,70,"1,105.00","77,350.00"
2020-02-25,2020022501026052,KMCDB,46,6,10,"1,106.00","11,060.00"
2020-02-25,2020022501026271,KMCDB,25,41,10,"1,119.00","11,190.00"
2020-02-25,2020022501026270,KMCDB,25,45,10,"1,118.00","11,180.00"
2020-02-25,2020022501026269,KMCDB,25,35,10,"1,115.00","11,150.00"
2020-02-25,2020022501026268,KMCDB,25,57,10,"1,107.00","11,070.00"
2020-02-25,2020022501026193,KMCDB,33,44,31,"1,104.00","34,224.00"
2020-02-25,2020022501026143,KMCDB,33,37,14,"1,104.00","15,456.00"
2020-02-25,2020022501026272,KMCDB,25,41,10,"1,119.00","11,190.00"
2020-02-25,2020022501026438,KPCL,25,22,50,111.00,"5,550.00"
2020-02-25,2020022501026370,KRBL,25,51,50,124.00,"6,200.00"
2020-02-25,2020022501026211,LBL,14,41,130,251.00,"32,630.00"
2020-02-25,2020022501026122,LGIL,25,38,200,576.00,"115,200.00"
2020-02-25,2020022501026121,LGIL,25,40,500,575.00,"287,500.00"
2020-02-25,2020022501026120,LGIL,25,16,50,574.00,"28,700.00"
2020-02-25,2020022501026279,LLBS,51,42,112,"1,300.00","145,600.00"
2020-02-25,2020022501026278,LLBS,51,17,10,"1,300.00","13,000.00"
2020-02-25,2020022501026277,LLBS,51,35,21,"1,300.00","27,300.00"
2020-02-25,2020022501026276,LLBS,51,39,245,"1,300.00","318,500.00"
2020-02-25,2020022501026299,MBL,14,40,31,259.00,"8,029.00"
2020-02-25,2020022501026355,MDB,43,49,200,434.00,"86,800.00"
2020-02-25,2020022501026435,MEGA,29,34,462,234.00,"108,108.00"
2020-02-25,2020022501026434,MEGA,6,34,538,234.00,"125,892.00"
2020-02-25,2020022501026145,MEGA,6,6,200,234.00,"46,800.00"
2020-02-25,2020022501026139,MEGA,58,14,200,235.00,"47,000.00"
2020-02-25,2020022501026050,MEGA,28,14,10,235.00,"2,350.00"
2020-02-25,2020022501026478,MERO,58,56,"1,000",787.00,"787,000.00"
2020-02-25,2020022501026413,MERO,11,56,130,788.00,"102,440.00"
2020-02-25,2020022501026412,MERO,11,34,70,788.00,"55,160.00"
2020-02-25,2020022501026233,MERO,42,56,493,790.00,"389,470.00"
2020-02-25,2020022501026232,MERO,58,56,500,790.00,"395,000.00"
2020-02-25,2020022501026231,MERO,1,56,20,790.00,"15,800.00"
2020-02-25,2020022501026230,MERO,58,56,30,790.00,"23,700.00"
2020-02-25,2020022501026229,MERO,45,56,127,790.00,"100,330.00"
2020-02-25,2020022501026228,MERO,45,56,30,791.00,"23,730.00"
2020-02-25,2020022501026293,MERO,25,34,50,788.00,"39,400.00"
2020-02-25,2020022501026292,MERO,56,34,50,790.00,"39,500.00"
2020-02-25,2020022501026238,MERO,36,35,100,792.00,"79,200.00"
2020-02-25,2020022501026321,MLBL,29,13,50,249.00,"12,450.00"
2020-02-25,2020022501026525,MNBBL,48,35,10,368.00,"3,680.00"
2020-02-25,2020022501026239,MNBBL,25,53,20,369.00,"7,380.00"
2020-02-25,2020022501026119,MNBBL,56,53,100,368.00,"36,800.00"
2020-02-25,2020022501026118,MNBBL,56,35,200,368.00,"73,600.00"
2020-02-25,2020022501026117,MNBBL,56,47,440,368.00,"161,920.00"
2020-02-25,2020022501026224,MSMBS,25,39,90,969.00,"87,210.00"
2020-02-25,2020022501026223,MSMBS,25,58,100,968.00,"96,800.00"
2020-02-25,2020022501026222,MSMBS,25,14,200,966.00,"193,200.00"
2020-02-25,2020022501026221,MSMBS,25,22,200,965.00,"193,000.00"
2020-02-25,2020022501026220,MSMBS,25,34,30,965.00,"28,950.00"
2020-02-25,2020022501026219,MSMBS,25,35,11,960.00,"10,560.00"
2020-02-25,2020022501026212,MSMBS,25,45,269,949.00,"255,281.00"
2020-02-25,2020022501026218,MSMBS,25,1,240,954.00,"228,960.00"
2020-02-25,2020022501026217,MSMBS,25,43,100,954.00,"95,400.00"
2020-02-25,2020022501026216,MSMBS,25,39,131,953.00,"124,843.00"
2020-02-25,2020022501026215,MSMBS,25,42,100,950.00,"95,000.00"
2020-02-25,2020022501026214,MSMBS,25,38,200,950.00,"190,000.00"
2020-02-25,2020022501026213,MSMBS,25,44,25,950.00,"23,750.00"
2020-02-25,2020022501026407,NABIL,22,7,100,814.00,"81,400.00"
2020-02-25,2020022501026406,NABIL,22,10,100,814.00,"81,400.00"
2020-02-25,2020022501026405,NABIL,22,34,200,814.00,"162,800.00"
2020-02-25,2020022501026404,NABIL,22,5,50,814.00,"40,700.00"
2020-02-25,2020022501026403,NABIL,22,17,300,814.00,"244,200.00"
2020-02-25,2020022501026402,NABIL,22,16,200,814.00,"162,800.00"
2020-02-25,2020022501026144,NABIL,44,35,32,813.00,"26,016.00"
2020-02-25,2020022501026203,NADEP,36,37,50,816.00,"40,800.00"
2020-02-25,2020022501026129,NBB,48,34,500,226.00,"113,000.00"
2020-02-25,2020022501026517,NBL,33,16,200,293.00,"58,600.00"
2020-02-25,2020022501026378,NBL,13,59,300,292.00,"87,600.00"
2020-02-25,2020022501026287,NBL,13,14,500,292.00,"146,000.00"
2020-02-25,2020022501026286,NBL,13,10,200,292.00,"58,400.00"
2020-02-25,2020022501026285,NBL,13,21,300,292.00,"87,600.00"
2020-02-25,2020022501026284,NBL,13,22,70,292.00,"20,440.00"
2020-02-25,2020022501026283,NBL,13,33,"1,000",292.00,"292,000.00"
2020-02-25,2020022501026282,NBL,13,59,500,292.00,"146,000.00"
2020-02-25,2020022501026281,NBL,13,34,500,292.00,"146,000.00"
2020-02-25,2020022501026280,NBL,13,45,700,292.00,"204,400.00"
2020-02-25,2020022501026060,NBL,44,41,590,290.00,"171,100.00"
2020-02-25,2020022501026059,NBL,45,41,10,291.00,"2,910.00"
2020-02-25,2020022501026530,NCCB,25,25,10,210.00,"2,100.00"
2020-02-25,2020022501026521,NCCB,48,25,10,210.00,"2,100.00"
2020-02-25,2020022501026138,NCCB,36,49,100,208.00,"20,800.00"
2020-02-25,2020022501026398,NFS,5,55,210,138.00,"28,980.00"
2020-02-25,2020022501026397,NFS,38,55,160,138.00,"22,080.00"
2020-02-25,2020022501026210,NFS,49,55,220,139.00,"30,580.00"
2020-02-25,2020022501026491,NHPC,58,45,50,67.00,"3,350.00"
2020-02-25,2020022501026490,NHPC,58,32,"3,000",67.00,"201,000.00"
2020-02-25,2020022501026489,NHPC,58,38,"1,950",67.00,"130,650.00"
2020-02-25,2020022501026168,NHPC,43,38,50,67.00,"3,350.00"
2020-02-25,2020022501026167,NHPC,41,38,"1,000",67.00,"67,000.00"
2020-02-25,2020022501026081,NHPC,43,38,50,67.00,"3,350.00"
2020-02-25,2020022501026529,NIB,32,58,127,435.00,"55,245.00"
2020-02-25,2020022501026528,NIB,32,59,57,435.00,"24,795.00"
2020-02-25,2020022501026527,NIB,32,16,116,435.00,"50,460.00"
2020-02-25,2020022501026344,NIB,21,16,50,435.00,"21,750.00"
2020-02-25,2020022501026330,NIB,32,16,76,435.00,"33,060.00"
2020-02-25,2020022501026329,NIB,32,36,100,435.00,"43,500.00"
2020-02-25,2020022501026328,NIB,32,57,24,435.00,"10,440.00"
2020-02-25,2020022501026226,NIB,32,45,10,434.00,"4,340.00"
2020-02-25,2020022501026225,NIB,32,37,200,434.00,"86,800.00"
2020-02-25,2020022501026176,NICA,36,6,"1,080",595.00,"642,600.00"
2020-02-25,2020022501026074,NICA,42,6,"1,000",595.00,"595,000.00"
2020-02-25,2020022501026066,NICA,3,6,500,595.00,"297,500.00"
2020-02-25,2020022501026500,NICL,6,3,100,533.00,"53,300.00"
2020-02-25,2020022501026499,NICL,6,32,100,533.00,"53,300.00"
2020-02-25,2020022501026498,NICL,6,33,800,530.00,"424,000.00"
2020-02-25,2020022501026469,NICL,35,57,140,529.00,"74,060.00"
2020-02-25,2020022501026388,NICL,35,57,500,529.00,"264,500.00"
2020-02-25,2020022501026187,NICL,7,57,360,529.00,"190,440.00"
2020-02-25,2020022501026186,NICL,7,37,490,529.00,"259,210.00"
2020-02-25,2020022501026185,NICL,7,3,150,528.00,"79,200.00"
2020-02-25,2020022501026493,NIL,33,59,250,700.00,"175,000.00"
2020-02-25,2020022501026458,NIL,6,47,50,699.00,"34,950.00"
2020-02-25,2020022501026416,NIL,6,45,112,699.00,"78,288.00"
2020-02-25,2020022501026046,NIL,6,45,350,699.00,"244,650.00"
2020-02-25,2020022501026045,NIL,6,55,100,697.00,"69,700.00"
2020-02-25,2020022501026391,NLBBL,7,19,10,927.00,"9,270.00"
2020-02-25,2020022501026200,NLBBL,58,19,10,927.00,"9,270.00"
2020-02-25,2020022501026065,NLBBL,40,56,851,913.00,"776,963.00"
2020-02-25,2020022501026064,NLBBL,29,56,300,914.00,"274,200.00"
2020-02-25,2020022501026063,NLBBL,19,56,50,915.00,"45,750.00"
2020-02-25,2020022501026174,NLG,17,48,203,739.00,"150,017.00"
2020-02-25,2020022501026173,NLG,17,38,20,739.00,"14,780.00"
2020-02-25,2020022501026463,NLIC,38,10,95,"1,390.00","132,050.00"
2020-02-25,2020022501026462,NLIC,42,10,150,"1,390.00","208,500.00"
2020-02-25,2020022501026461,NLIC,32,10,10,"1,390.00","13,900.00"
2020-02-25,2020022501026460,NLIC,42,10,45,"1,390.00","62,550.00"
2020-02-25,2020022501026399,NLIC,32,33,40,"1,390.00","55,600.00"
2020-02-25,2020022501026375,NLIC,51,33,10,"1,390.00","13,900.00"
2020-02-25,2020022501026374,NLIC,51,36,100,"1,390.00","139,000.00"
2020-02-25,2020022501026289,NLIC,38,36,100,"1,390.00","139,000.00"
2020-02-25,2020022501026195,NLIC,38,45,10,"1,390.00","13,900.00"
2020-02-25,2020022501026194,NLIC,38,6,90,"1,390.00","125,100.00"
2020-02-25,2020022501026077,NLIC,59,6,10,"1,390.00","13,900.00"
2020-02-25,2020022501026387,NLICL,35,17,168,787.00,"132,216.00"
2020-02-25,2020022501026296,NLICL,14,17,422,787.00,"332,114.00"
2020-02-25,2020022501026253,NLICL,14,37,78,787.00,"61,386.00"
2020-02-25,2020022501026182,NLICL,35,33,320,790.00,"252,800.00"
2020-02-25,2020022501026497,NMB,57,17,100,477.00,"47,700.00"
2020-02-25,2020022501026157,NMB,51,40,79,476.00,"37,604.00"
2020-02-25,2020022501026156,NMB,54,40,21,476.00,"9,996.00"
2020-02-25,2020022501026128,NMB,4,17,376,477.00,"179,352.00"
2020-02-25,2020022501026127,NMB,4,6,624,477.00,"297,648.00"
2020-02-25,2020022501026123,NMB,44,6,100,477.00,"47,700.00"
2020-02-25,2020022501026084,NMB,54,36,79,476.00,"37,604.00"
2020-02-25,2020022501026083,NMB,34,36,34,476.00,"16,184.00"
2020-02-25,2020022501026067,NMB,33,6,220,477.00,"104,940.00"
2020-02-25,2020022501026514,NTC,58,22,20,722.00,"14,440.00"
2020-02-25,2020022501026476,NTC,19,6,41,710.00,"29,110.00"
2020-02-25,2020022501026353,NTC,51,6,59,710.00,"41,890.00"
2020-02-25,2020022501026333,NTC,51,48,150,710.00,"106,500.00"
2020-02-25,2020022501026236,NTC,51,22,200,722.00,"144,400.00"
2020-02-25,2020022501026198,NTC,28,59,60,721.00,"43,260.00"
2020-02-25,2020022501026062,NTC,42,43,200,721.00,"144,200.00"
2020-02-25,2020022501026061,NTC,42,22,50,720.00,"36,000.00"
2020-02-25,2020022501026466,OHL,42,56,100,504.00,"50,400.00"
2020-02-25,2020022501026291,PCBL,50,56,250,317.00,"79,250.00"
2020-02-25,2020022501026166,PCBL,50,11,110,317.00,"34,870.00"
2020-02-25,2020022501026165,PCBL,13,11,250,317.00,"79,250.00"
2020-02-25,2020022501026164,PCBL,56,11,20,317.00,"6,340.00"
2020-02-25,2020022501026163,PCBL,11,11,50,317.00,"15,850.00"
2020-02-25,2020022501026162,PCBL,36,11,300,317.00,"95,100.00"
2020-02-25,2020022501026161,PCBL,45,11,75,317.00,"23,775.00"
2020-02-25,2020022501026160,PCBL,32,11,50,318.00,"15,900.00"
2020-02-25,2020022501026159,PCBL,34,11,50,318.00,"15,900.00"
2020-02-25,2020022501026158,PCBL,1,11,95,318.00,"30,210.00"
2020-02-25,2020022501026504,PFL,13,51,11,171.00,"1,881.00"
2020-02-25,2020022501026503,PFL,13,36,39,170.00,"6,630.00"
2020-02-25,2020022501026502,PFL,13,57,50,169.00,"8,450.00"
2020-02-25,2020022501026377,PIC,43,47,189,740.00,"139,860.00"
2020-02-25,2020022501026376,PIC,43,47,11,740.00,"8,140.00"
2020-02-25,2020022501026273,PIC,41,6,85,738.00,"62,730.00"
2020-02-25,2020022501026244,PICL,22,37,10,565.00,"5,650.00"
2020-02-25,2020022501026496,PLIC,29,53,400,690.00,"276,000.00"
2020-02-25,2020022501026495,PLIC,29,6,100,690.00,"69,000.00"
2020-02-25,2020022501026350,PLIC,45,6,100,690.00,"69,000.00"
2020-02-25,2020022501026349,PLIC,45,51,90,690.00,"62,100.00"
2020-02-25,2020022501026348,PLIC,45,11,10,689.00,"6,890.00"
2020-02-25,2020022501026209,PPCL,48,41,20,130.00,"2,600.00"
2020-02-25,2020022501026109,PPCL,48,41,20,130.00,"2,600.00"
2020-02-25,2020022501026400,PRIN,1,44,"1,000",531.00,"531,000.00"
2020-02-25,2020022501026107,PRIN,38,44,246,531.00,"130,626.00"
2020-02-25,2020022501026106,PRIN,38,7,54,530.00,"28,620.00"
2020-02-25,2020022501026101,PRIN,22,49,236,527.00,"124,372.00"
2020-02-25,2020022501026100,PRIN,46,49,64,527.00,"33,728.00"
2020-02-25,2020022501026380,PRVU,44,57,179,267.00,"47,793.00"
2020-02-25,2020022501026267,PRVU,44,42,960,266.00,"255,360.00"
2020-02-25,2020022501026235,PRVU,58,49,50,265.00,"13,250.00"
2020-02-25,2020022501026206,PRVU,58,40,30,265.00,"7,950.00"
2020-02-25,2020022501026181,PRVU,20,42,300,266.00,"79,800.00"
2020-02-25,2020022501026135,PRVU,56,42,198,266.00,"52,668.00"
2020-02-25,2020022501026134,PRVU,56,57,302,266.00,"80,332.00"
2020-02-25,2020022501026049,PRVU,43,57,698,266.00,"185,668.00"
2020-02-25,2020022501026373,RADHI,38,47,30,205.00,"6,150.00"
2020-02-25,2020022501026372,RADHI,38,47,10,205.00,"2,050.00"
2020-02-25,2020022501026114,RBCL,11,42,15,"11,301.00","169,515.00"
2020-02-25,2020022501026113,RBCL,3,42,15,"11,302.00","169,530.00"
2020-02-25,2020022501026048,RBCLPO,44,34,20,"10,045.00","200,900.00"
2020-02-25,2020022501026057,RMDC,55,43,150,877.00,"131,550.00"
2020-02-25,2020022501026056,RMDC,55,16,50,875.00,"43,750.00"
2020-02-25,2020022501026076,RRHP,58,40,50,114.00,"5,700.00"
2020-02-25,2020022501026492,RSDC,29,45,100,669.00,"66,900.00"
2020-02-25,2020022501026441,RSDC,55,45,130,669.00,"86,970.00"
2020-02-25,2020022501026197,RSDC,45,45,111,669.00,"74,259.00"
2020-02-25,2020022501026196,RSDC,45,38,389,668.00,"259,852.00"
2020-02-25,2020022501026501,SANIMA,43,33,500,394.00,"197,000.00"
2020-02-25,2020022501026340,SANIMA,13,50,838,395.00,"331,010.00"
2020-02-25,2020022501026339,SANIMA,13,49,"1,000",395.00,"395,000.00"
2020-02-25,2020022501026338,SANIMA,13,19,295,395.00,"116,525.00"
2020-02-25,2020022501026337,SANIMA,13,17,148,395.00,"58,460.00"
2020-02-25,2020022501026336,SANIMA,13,25,110,395.00,"43,450.00"
2020-02-25,2020022501026335,SANIMA,13,4,20,395.00,"7,900.00"
2020-02-25,2020022501026334,SANIMA,13,26,300,395.00,"118,500.00"
2020-02-25,2020022501026275,SANIMA,43,33,"1,000",394.00,"394,000.00"
2020-02-25,2020022501026082,SANIMA,43,40,233,394.00,"91,802.00"
2020-02-25,2020022501026047,SANIMA,43,46,143,394.00,"56,342.00"
2020-02-25,2020022501026310,SBI,38,38,200,477.00,"95,400.00"
2020-02-25,2020022501026477,SBL,32,49,280,351.00,"98,280.00"
2020-02-25,2020022501026365,SBL,4,19,100,350.00,"35,000.00"
2020-02-25,2020022501026237,SBL,29,49,500,351.00,"175,500.00"
2020-02-25,2020022501026389,SCB,43,40,100,725.00,"72,500.00"
2020-02-25,2020022501026509,SDESI,4,45,40,"1,210.00","48,400.00"
2020-02-25,2020022501026508,SDESI,4,36,50,"1,202.00","60,100.00"
2020-02-25,2020022501026507,SDESI,4,14,70,"1,201.00","84,070.00"
2020-02-25,2020022501026506,SDESI,4,45,100,"1,200.00","120,000.00"
2020-02-25,2020022501026505,SDESI,4,19,20,"1,200.00","24,000.00"
2020-02-25,2020022501026199,SDESI,45,45,10,"1,202.00","12,020.00"
2020-02-25,2020022501026091,SDESI,4,58,400,"1,169.00","467,600.00"
2020-02-25,2020022501026090,SDESI,4,44,100,"1,166.00","116,600.00"
2020-02-25,2020022501026089,SDESI,4,37,200,"1,166.00","233,200.00"
2020-02-25,2020022501026088,SDESI,4,22,359,"1,161.00","416,799.00"
2020-02-25,2020022501026097,SDESI,4,45,850,"1,179.00","1,002,150.00"
2020-02-25,2020022501026096,SDESI,4,45,50,"1,173.00","58,650.00"
2020-02-25,2020022501026095,SDESI,4,18,100,"1,173.00","117,300.00"
2020-02-25,2020022501026094,SDESI,4,20,100,"1,173.00","117,300.00"
2020-02-25,2020022501026093,SDESI,4,4,200,"1,173.00","234,600.00"
2020-02-25,2020022501026092,SDESI,4,33,100,"1,173.00","117,300.00"
2020-02-25,2020022501026080,SHINE,37,45,400,314.00,"125,600.00"
2020-02-25,2020022501026516,SHIVM,3,49,180,683.00,"122,940.00"
2020-02-25,2020022501026515,SHIVM,49,49,820,685.00,"561,700.00"
2020-02-25,2020022501026512,SHIVM,42,28,225,690.00,"155,250.00"
2020-02-25,2020022501026511,SHIVM,42,29,200,689.00,"137,800.00"
2020-02-25,2020022501026510,SHIVM,42,57,75,687.00,"51,525.00"
2020-02-25,2020022501026471,SHIVM,38,57,10,687.00,"6,870.00"
2020-02-25,2020022501026154,SHIVM,38,53,20,683.00,"13,660.00"
2020-02-25,2020022501026153,SHIVM,40,53,470,683.00,"321,010.00"
2020-02-25,2020022501026152,SHIVM,58,53,530,683.00,"361,990.00"
2020-02-25,2020022501026274,SHIVM,49,29,780,685.00,"534,300.00"
2020-02-25,2020022501026205,SHIVM,53,29,20,685.00,"13,700.00"
2020-02-25,2020022501026204,SHIVM,53,53,480,683.00,"327,840.00"
2020-02-25,2020022501026155,SHIVM,49,53,500,683.00,"341,500.00"
2020-02-25,2020022501026401,SHIVM,40,57,10,690.00,"6,900.00"
2020-02-25,2020022501026382,SHIVM,45,56,350,689.00,"241,150.00"
2020-02-25,2020022501026381,SHIVM,45,29,170,687.00,"116,790.00"
2020-02-25,2020022501026352,SHIVM,49,38,400,685.00,"274,000.00"
2020-02-25,2020022501026470,SHIVM,45,57,480,689.00,"330,720.00"
2020-02-25,2020022501026451,SHIVM,58,28,26,690.00,"17,940.00"
2020-02-25,2020022501026450,SHIVM,58,25,314,690.00,"216,660.00"
2020-02-25,2020022501026449,SHIVM,58,25,500,690.00,"345,000.00"
2020-02-25,2020022501026448,SHIVM,58,38,70,690.00,"48,300.00"
2020-02-25,2020022501026447,SHIVM,58,57,90,690.00,"62,100.00"
2020-02-25,2020022501026488,SHPC,56,28,974,258.00,"251,292.00"
2020-02-25,2020022501026487,SHPC,56,28,26,257.00,"6,682.00"
2020-02-25,2020022501026371,SHPC,17,28,500,257.00,"128,500.00"
2020-02-25,2020022501026320,SHPC,56,28,474,257.00,"121,818.00"
2020-02-25,2020022501026319,SHPC,56,28,26,257.00,"6,682.00"
2020-02-25,2020022501026102,SHPC,58,36,149,254.00,"37,846.00"
2020-02-25,2020022501026303,SHPC,58,28,574,257.00,"147,518.00"
2020-02-25,2020022501026302,SHPC,58,28,490,256.00,"125,440.00"
2020-02-25,2020022501026301,SHPC,58,11,436,255.00,"111,180.00"
2020-02-25,2020022501026300,SHPC,58,10,500,255.00,"127,500.00"
2020-02-25,2020022501026262,SHPC,58,49,"1,580",254.00,"401,320.00"
2020-02-25,2020022501026396,SICL,48,44,20,"1,159.00","23,180.00"
2020-02-25,2020022501026395,SICL,42,44,100,"1,159.00","115,900.00"
2020-02-25,2020022501026394,SICL,22,44,50,"1,159.00","57,950.00"
2020-02-25,2020022501026393,SICL,19,44,300,"1,159.00","347,700.00"
2020-02-25,2020022501026392,SICL,34,44,30,"1,159.00","34,770.00"
2020-02-25,2020022501026343,SIL,49,44,10,668.00,"6,680.00"
2020-02-25,2020022501026099,SIL,25,37,190,665.00,"126,350.00"
2020-02-25,2020022501026105,SKBBL,17,58,900,"1,388.00","1,249,200.00"
2020-02-25,2020022501026104,SKBBL,17,22,100,"1,387.00","138,700.00"
2020-02-25,2020022501026103,SKBBL,17,11,20,"1,386.00","27,720.00"
2020-02-25,2020022501026452,SLBBL,34,29,50,"1,048.00","52,400.00"
2020-02-25,2020022501026038,SLBBL,34,45,500,"1,049.00","524,500.00"
2020-02-25,2020022501026037,SLBBL,41,45,200,"1,049.00","209,800.00"
2020-02-25,2020022501026188,SLBSL,32,11,30,"1,050.00","31,500.00"
2020-02-25,2020022501026078,SLBSL,32,33,10,"1,050.00","10,500.00"
2020-02-25,2020022501026318,SLICL,4,25,79,553.00,"43,687.00"
2020-02-25,2020022501026317,SLICL,4,38,50,550.00,"27,500.00"
2020-02-25,2020022501026316,SLICL,4,42,25,550.00,"13,750.00"
2020-02-25,2020022501026315,SLICL,4,45,246,550.00,"135,300.00"
2020-02-25,2020022501026261,SLICL,4,45,754,550.00,"414,700.00"
2020-02-25,2020022501026260,SLICL,4,45,50,550.00,"27,500.00"
2020-02-25,2020022501026207,SLICL,14,36,50,548.00,"27,400.00"
2020-02-25,2020022501026131,SLICL,4,57,100,548.00,"54,800.00"
2020-02-25,2020022501026130,SLICL,4,58,50,548.00,"27,400.00"
2020-02-25,2020022501026259,SLICL,4,6,500,550.00,"275,000.00"
2020-02-25,2020022501026258,SLICL,4,35,500,550.00,"275,000.00"
2020-02-25,2020022501026257,SLICL,4,46,500,550.00,"275,000.00"
2020-02-25,2020022501026256,SLICL,4,36,"1,190",549.00,"653,310.00"
2020-02-25,2020022501026255,SLICL,4,4,500,549.00,"274,500.00"
2020-02-25,2020022501026254,SLICL,4,36,"1,006",548.00,"551,288.00"
2020-02-25,2020022501026126,SMB,19,57,10,"1,100.00","11,000.00"
2020-02-25,2020022501026125,SMB,19,57,10,"1,097.00","10,970.00"
2020-02-25,2020022501026124,SMB,19,13,30,"1,097.00","32,910.00"
2020-02-25,2020022501026086,SPARS,57,38,10,"1,031.00","10,310.00"
2020-02-25,2020022501026251,SRBL,29,33,50,274.00,"13,700.00"
2020-02-25,2020022501026513,SWBBL,53,49,100,"1,420.00","142,000.00"
2020-02-25,2020022501026453,SWBBL,28,33,200,"1,419.00","283,800.00"
2020-02-25,2020022501026290,TRH,38,49,20,312.00,"6,240.00"
2020-02-25,2020022501026418,UIC,57,47,100,453.00,"45,300.00"
2020-02-25,2020022501026354,UIC,56,47,10,453.00,"4,530.00"
2020-02-25,2020022501026314,UIC,17,6,160,450.00,"72,000.00"
2020-02-25,2020022501026151,UIC,48,6,200,450.00,"90,000.00"
2020-02-25,2020022501026116,UIC,48,16,100,450.00,"45,000.00"
2020-02-25,2020022501026326,UMHL,34,14,14,122.00,"1,708.00"
2020-02-25,2020022501026148,UMHL,51,36,36,124.00,"4,464.00"
2020-02-25,2020022501026147,UMHL,51,39,64,124.00,"7,936.00"
2020-02-25,2020022501026252,UMHL,51,36,100,124.00,"12,400.00"
2020-02-25,2020022501026071,UPCL,17,38,100,86.00,"8,600.00"
2020-02-25,2020022501026070,UPCL,17,38,100,86.00,"8,600.00"
2020-02-25,2020022501026524,UPPER,33,45,100,257.00,"25,700.00"
2020-02-25,2020022501026523,UPPER,33,29,300,256.00,"76,800.00"
2020-02-25,2020022501026522,UPPER,33,29,100,256.00,"25,600.00"
2020-02-25,2020022501026087,UPPER,25,47,50,254.00,"12,700.00"
2020-02-25,2020022501026085,UPPER,46,6,125,252.00,"31,500.00"
2020-02-25,2020022501026234,UPPER,48,55,"1,000",255.00,"255,000.00"
2020-02-25,2020022501026202,UPPER,33,49,950,255.00,"242,250.00"
2020-02-25,2020022501026150,UPPER,25,49,50,255.00,"12,750.00"
2020-02-25,2020022501026149,UPPER,25,59,100,254.00,"25,400.00"
2020-02-25,2020022501026170,VLBS,13,6,79,"1,249.00","98,671.00"
2020-02-25,2020022501026169,VLBS,13,51,32,"1,248.00","39,936.00"
2020-02-25,2020022501026386,VLBS,48,6,31,"1,250.00","38,750.00"
2020-02-25,2020022501026347,VLBS,48,6,40,"1,250.00","50,000.00"
2020-02-25,2020022501026368,WOMI,44,14,154,"1,200.00","184,800.00"
2020-02-25,2020022501026367,WOMI,35,14,30,"1,201.00","36,030.00"
2020-02-25,2020022501026366,WOMI,16,14,16,"1,205.00","19,280.00"
2020-02-25,2020022501026364,WOMI,16,29,34,"1,205.00","40,970.00"
2020-02-25,2020022501026363,WOMI,16,16,50,"1,204.00","60,200.00"
2020-02-25,2020022501025994,ADBL,22,28,401,433.00,"173,633.00"
2020-02-25,2020022501025993,ADBL,54,28,99,433.00,"42,867.00"
2020-02-25,2020022501025555,ADBL,54,25,50,433.00,"21,650.00"
2020-02-25,2020022501025583,AKPL,56,42,10,144.00,"1,440.00"
2020-02-25,2020022501025837,ALBSL,58,58,200,888.00,"177,600.00"
2020-02-25,2020022501025966,ALICL,45,29,500,695.00,"347,500.00"
2020-02-25,2020022501025912,ALICL,7,11,50,691.00,"34,550.00"
2020-02-25,2020022501025783,ALICL,47,19,10,698.00,"6,980.00"
2020-02-25,2020022501025703,ALICL,58,53,500,695.00,"347,500.00"
2020-02-25,2020022501025642,ALICL,58,53,500,695.00,"347,500.00"
2020-02-25,2020022501025586,ALICL,7,42,351,692.00,"242,892.00"
2020-02-25,2020022501025647,BARUN,38,32,290,103.00,"29,870.00"
2020-02-25,2020022501025646,BARUN,38,13,10,102.00,"1,020.00"
2020-02-25,2020022501025595,BOKL,44,35,"1,400",261.00,"365,400.00"
2020-02-25,2020022501025946,BPCL,14,36,11,403.00,"4,433.00"
2020-02-25,2020022501025945,BPCL,14,4,32,403.00,"12,896.00"
2020-02-25,2020022501025836,BPCL,50,6,275,402.00,"110,550.00"
2020-02-25,2020022501025761,BPCL,33,4,350,403.00,"141,050.00"
2020-02-25,2020022501025588,BPCL,33,42,150,403.00,"60,450.00"
2020-02-25,2020022501025587,BPCL,33,42,250,403.00,"100,750.00"
2020-02-25,2020022501025915,CBBL,6,6,949,"1,281.00","1,215,669.00"
2020-02-25,2020022501025914,CBBL,54,6,51,"1,293.00","65,943.00"
2020-02-25,2020022501025895,CBBL,28,34,50,"1,305.00","65,250.00"
2020-02-25,2020022501025617,CBBL,42,34,32,"1,305.00","41,760.00"
2020-02-25,2020022501025991,CBL,28,41,10,158.00,"1,580.00"
2020-02-25,2020022501025794,CBL,37,45,882,157.00,"138,474.00"
2020-02-25,2020022501025629,CBL,7,13,808,156.00,"126,048.00"
2020-02-25,2020022501025628,CBL,45,13,"3,000",156.00,"468,000.00"
2020-02-25,2020022501025627,CBL,35,13,"1,000",156.00,"156,000.00"
2020-02-25,2020022501025626,CBL,41,13,500,156.00,"78,000.00"
2020-02-25,2020022501025625,CBL,39,13,663,157.00,"104,091.00"
2020-02-25,2020022501025581,CBL,39,28,300,157.00,"47,100.00"
2020-02-25,2020022501025552,CBL,34,13,"1,463",158.00,"231,154.00"
2020-02-25,2020022501025551,CBL,34,16,300,158.00,"47,400.00"
2020-02-25,2020022501025550,CBL,34,33,120,158.00,"18,960.00"
2020-02-25,2020022501025549,CBL,34,19,117,158.00,"18,486.00"
2020-02-25,2020022501026032,CCBL,11,35,20,192.00,"3,840.00"
2020-02-25,2020022501025857,CCBL,35,13,"1,884",190.00,"357,960.00"
2020-02-25,2020022501025832,CCBL,49,49,100,189.00,"18,900.00"
2020-02-25,2020022501025767,CCBL,46,13,600,190.00,"114,000.00"
2020-02-25,2020022501025766,CCBL,32,13,"1,000",190.00,"190,000.00"
2020-02-25,2020022501025765,CCBL,45,13,200,190.00,"38,000.00"
2020-02-25,2020022501025579,CCBL,29,57,381,192.00,"73,152.00"
2020-02-25,2020022501025578,CCBL,29,42,19,192.00,"3,648.00"
2020-02-25,2020022501025562,CCBL,37,45,279,191.00,"53,289.00"
2020-02-25,2020022501025764,CCBL,37,13,"1,000",190.00,"190,000.00"
2020-02-25,2020022501025763,CCBL,26,13,50,190.00,"9,500.00"
2020-02-25,2020022501025762,CCBL,7,13,"1,781",190.00,"338,390.00"
2020-02-25,2020022501025659,CCBL,19,6,381,193.00,"73,533.00"
2020-02-25,2020022501025658,CCBL,19,57,119,192.00,"22,848.00"
2020-02-25,2020022501025657,CCBL,19,33,500,192.00,"96,000.00"
2020-02-25,2020022501025785,CHCL,40,34,500,466.00,"233,000.00"
2020-02-25,2020022501025602,CHCL,44,28,30,467.00,"14,010.00"
2020-02-25,2020022501026019,CIT,44,38,20,"3,050.00","61,000.00"
2020-02-25,2020022501026018,CIT,44,34,"1,000","3,050.00","3,050,000.00"
2020-02-25,2020022501026017,CIT,44,11,50,"3,050.00","152,500.00"
2020-02-25,2020022501025968,CIT,35,45,21,"3,036.00","63,756.00"
2020-02-25,2020022501025838,CIT,14,59,200,"3,040.00","608,000.00"
2020-02-25,2020022501026033,CLBSL,45,33,50,"1,255.00","62,750.00"
2020-02-25,2020022501025999,CLBSL,17,33,164,"1,256.00","205,984.00"
2020-02-25,2020022501025606,CZBIL,46,7,10,213.00,"2,130.00"
2020-02-25,2020022501025919,DDBL,25,53,300,"1,050.00","315,000.00"
2020-02-25,2020022501025821,DDBL,25,38,200,"1,049.00","209,800.00"
2020-02-25,2020022501025569,DDBL,25,46,8,"1,045.00","8,360.00"
2020-02-25,2020022501025568,DDBL,34,46,17,"1,048.00","17,816.00"
2020-02-25,2020022501025974,EBL,34,43,22,740.00,"16,280.00"
2020-02-25,2020022501025973,EBL,34,58,200,740.00,"148,000.00"
2020-02-25,2020022501025972,EBL,34,29,178,740.00,"131,720.00"
2020-02-25,2020022501025971,EBL,34,19,20,740.00,"14,800.00"
2020-02-25,2020022501025970,EBL,34,45,80,740.00,"59,200.00"
2020-02-25,2020022501025858,EBL,44,11,100,737.00,"73,700.00"
2020-02-25,2020022501026025,EIC,17,8,25,488.00,"12,200.00"
2020-02-25,2020022501026024,EIC,17,29,275,488.00,"134,200.00"
2020-02-25,2020022501025975,EIC,36,29,200,488.00,"97,600.00"
2020-02-25,2020022501025961,EIC,13,35,150,487.00,"73,050.00"
2020-02-25,2020022501025960,EIC,42,35,350,487.00,"170,450.00"
2020-02-25,2020022501025822,EIC,35,29,25,488.00,"12,200.00"
2020-02-25,2020022501025921,FMDBL,38,33,10,655.00,"6,550.00"
2020-02-25,2020022501025741,FMDBL,45,42,87,653.00,"56,811.00"
2020-02-25,2020022501025655,FMDBL,38,42,20,655.00,"13,100.00"
2020-02-25,2020022501025560,FMDBL,19,55,50,652.00,"32,600.00"
2020-02-25,2020022501025559,FMDBL,14,55,107,653.00,"69,871.00"
2020-02-25,2020022501026031,FOWAD,45,6,20,"1,850.00","37,000.00"
2020-02-25,2020022501026030,FOWAD,45,7,127,"1,849.00","234,823.00"
2020-02-25,2020022501025715,FOWAD,6,55,38,"1,840.00","69,920.00"
2020-02-25,2020022501025714,FOWAD,6,41,39,"1,840.00","71,760.00"
2020-02-25,2020022501025677,FOWAD,32,35,19,"1,835.00","34,865.00"
2020-02-25,2020022501025676,FOWAD,36,35,11,"1,835.00","20,185.00"
2020-02-25,2020022501026015,GBIME,45,49,50,291.00,"14,550.00"
2020-02-25,2020022501025940,GBIME,45,46,166,291.00,"48,306.00"
2020-02-25,2020022501025823,GBIME,45,20,"1,000",291.00,"291,000.00"
2020-02-25,2020022501025774,GBIME,28,33,"2,000",292.00,"584,000.00"
2020-02-25,2020022501025773,GBIME,28,53,"1,550",292.00,"452,600.00"
2020-02-25,2020022501025640,GBIME,45,53,50,292.00,"14,600.00"
2020-02-25,2020022501025607,GBIME,19,53,"1,000",292.00,"292,000.00"
2020-02-25,2020022501025548,GBIME,38,44,100,293.00,"29,300.00"
2020-02-25,2020022501025913,GBLBS,58,33,30,644.00,"19,320.00"
2020-02-25,2020022501025870,GBLBS,58,45,100,645.00,"64,500.00"
2020-02-25,2020022501025834,GBLBS,58,45,30,644.00,"19,320.00"
2020-02-25,2020022501025877,GILB,40,47,200,"1,615.00","323,000.00"
2020-02-25,2020022501025786,GILB,45,11,14,"1,599.00","22,386.00"
2020-02-25,2020022501025944,HBL,49,6,150,614.00,"92,100.00"
2020-02-25,2020022501025943,HBL,49,6,50,615.00,"30,750.00"
2020-02-25,2020022501025815,HBL,11,53,10,617.00,"6,170.00"
2020-02-25,2020022501025784,HBL,49,22,100,615.00,"61,500.00"
2020-02-25,2020022501025727,HBL,14,35,49,615.00,"30,135.00"
2020-02-25,2020022501025726,HBL,14,45,41,615.00,"25,215.00"
2020-02-25,2020022501026021,HDL,48,58,200,"1,837.00","367,400.00"
2020-02-25,2020022501025998,HDL,56,58,100,"1,837.00","183,700.00"
2020-02-25,2020022501025997,HDL,10,58,30,"1,837.00","55,110.00"
2020-02-25,2020022501025996,HDL,58,58,350,"1,837.00","642,950.00"
2020-02-25,2020022501025976,HDL,58,45,10,"1,837.00","18,370.00"
2020-02-25,2020022501025958,HDL,58,45,440,"1,837.00","808,280.00"
2020-02-25,2020022501025957,HDL,22,45,100,"1,837.00","183,700.00"
2020-02-25,2020022501025956,HDL,56,45,460,"1,837.00","845,020.00"
2020-02-25,2020022501025744,HDL,56,58,40,"1,837.00","73,480.00"
2020-02-25,2020022501025743,HDL,32,58,200,"1,837.00","367,400.00"
2020-02-25,2020022501025742,HDL,34,58,100,"1,837.00","183,700.00"
2020-02-25,2020022501025675,HDL,34,56,100,"1,837.00","183,700.00"
2020-02-25,2020022501025962,HGI,17,28,100,482.00,"48,200.00"
2020-02-25,2020022501025890,HGI,48,28,276,482.00,"133,032.00"
2020-02-25,2020022501025889,HGI,48,43,100,482.00,"48,200.00"
2020-02-25,2020022501025888,HGI,48,35,100,481.00,"48,100.00"
2020-02-25,2020022501025887,HGI,48,47,524,476.00,"249,424.00"
2020-02-25,2020022501025835,HGI,53,47,200,476.00,"95,200.00"
2020-02-25,2020022501025807,HGI,38,45,100,475.00,"47,500.00"
2020-02-25,2020022501025969,HIDCL,58,25,100,155.00,"15,500.00"
2020-02-25,2020022501025808,HIDCL,29,22,50,154.00,"7,700.00"
2020-02-25,2020022501025639,HIDCL,51,10,79,153.00,"12,087.00"
2020-02-25,2020022501025777,HPPL,18,58,10,166.00,"1,660.00"
2020-02-25,2020022501025723,HPPL,45,58,10,167.00,"1,670.00"
2020-02-25,2020022501025722,HPPL,45,34,10,167.00,"1,670.00"
2020-02-25,2020022501025721,HPPL,45,22,10,167.00,"1,670.00"
2020-02-25,2020022501025720,HPPL,45,58,10,167.00,"1,670.00"
2020-02-25,2020022501025719,HPPL,45,41,20,167.00,"3,340.00"
2020-02-25,2020022501025718,HPPL,45,58,10,167.00,"1,670.00"
2020-02-25,2020022501025717,HPPL,45,42,20,167.00,"3,340.00"
2020-02-25,2020022501025716,HPPL,45,13,10,167.00,"1,670.00"
2020-02-25,2020022501025847,ICFC,38,33,"1,000",216.00,"216,000.00"
2020-02-25,2020022501025846,ICFC,38,25,500,216.00,"108,000.00"
2020-02-25,2020022501025845,ICFC,38,1,300,216.00,"64,800.00"
2020-02-25,2020022501025759,ICFC,25,53,500,212.00,"106,000.00"
2020-02-25,2020022501025654,IGI,37,56,100,531.00,"53,100.00"
2020-02-25,2020022501025955,ILBS,44,25,130,955.00,"124,150.00"
2020-02-25,2020022501025954,ILBS,44,8,260,954.00,"248,040.00"
2020-02-25,2020022501025953,ILBS,44,57,20,951.00,"19,020.00"
2020-02-25,2020022501025952,ILBS,44,13,10,951.00,"9,510.00"
2020-02-25,2020022501025951,ILBS,44,21,10,950.00,"9,500.00"
2020-02-25,2020022501025950,ILBS,44,47,10,950.00,"9,500.00"
2020-02-25,2020022501025949,ILBS,44,34,10,945.00,"9,450.00"
2020-02-25,2020022501025863,JBBL,58,13,"5,000",201.00,"1,005,000.00"
2020-02-25,2020022501025631,JBBL,28,35,"1,000",202.00,"202,000.00"
2020-02-25,2020022501025886,JFL,17,54,200,189.00,"37,800.00"
2020-02-25,2020022501025885,JFL,17,6,490,189.00,"92,610.00"
2020-02-25,2020022501025650,JSLBB,29,50,100,"1,958.00","195,800.00"
2020-02-25,2020022501025649,JSLBB,29,51,12,"1,955.00","23,460.00"
2020-02-25,2020022501025648,JSLBB,29,47,50,"1,953.00","97,650.00"
2020-02-25,2020022501025925,KBL,44,56,125,211.00,"26,375.00"
2020-02-25,2020022501025924,KBL,44,57,75,211.00,"15,825.00"
2020-02-25,2020022501026027,KMCDB,46,38,10,"1,106.00","11,060.00"
2020-02-25,2020022501026014,KMCDB,46,56,10,"1,106.00","11,060.00"
2020-02-25,2020022501025926,KMCDB,47,44,50,"1,107.00","55,350.00"
2020-02-25,2020022501025800,KMCDB,33,44,43,"1,107.00","47,601.00"
2020-02-25,2020022501025545,KMCDB,33,3,10,"1,107.00","11,070.00"
2020-02-25,2020022501025738,KMCDB,33,38,10,"1,107.00","11,070.00"
2020-02-25,2020022501025619,KMCDB,33,40,10,"1,107.00","11,070.00"
2020-02-25,2020022501025618,KMCDB,56,56,10,"1,108.00","11,080.00"
2020-02-25,2020022501025574,KMCDB,33,20,10,"1,107.00","11,070.00"
2020-02-25,2020022501025570,KMCDB,33,3,10,"1,107.00","11,070.00"
2020-02-25,2020022501025564,KMCDB,33,40,10,"1,107.00","11,070.00"
2020-02-25,2020022501025795,KPCL,25,17,10,110.00,"1,100.00"
2020-02-25,2020022501025747,KPCL,25,17,10,110.00,"1,100.00"
2020-02-25,2020022501025538,KRBL,51,45,10,126.00,"1,260.00"
2020-02-25,2020022501025995,KSBBL,42,33,107,179.00,"19,153.00"
2020-02-25,2020022501025544,KSBBL,48,32,100,180.00,"18,000.00"
2020-02-25,2020022501025543,KSBBL,20,32,304,180.00,"54,720.00"
2020-02-25,2020022501025932,LBBL,41,32,500,211.00,"105,500.00"
2020-02-25,2020022501025883,LBBL,36,41,450,210.00,"94,500.00"
2020-02-25,2020022501025674,LBBL,36,32,150,210.00,"31,500.00"
2020-02-25,2020022501025673,LBBL,36,25,34,210.00,"7,140.00"
2020-02-25,2020022501025672,LBBL,36,25,62,210.00,"13,020.00"
2020-02-25,2020022501025671,LBBL,36,25,62,210.00,"13,020.00"
2020-02-25,2020022501025608,LBBL,22,25,100,210.00,"21,000.00"
2020-02-25,2020022501025670,LBBL,36,22,103,210.00,"21,630.00"
2020-02-25,2020022501025669,LBBL,36,6,58,210.00,"12,180.00"
2020-02-25,2020022501025668,LBBL,36,25,10,210.00,"2,100.00"
2020-02-25,2020022501025667,LBBL,36,59,"1,000",210.00,"210,000.00"
2020-02-25,2020022501025666,LBBL,36,25,820,210.00,"172,200.00"
2020-02-25,2020022501025665,LBBL,36,59,"2,000",210.00,"420,000.00"
2020-02-25,2020022501025830,LGIL,43,11,250,574.00,"143,500.00"
2020-02-25,2020022501025829,LGIL,43,6,99,574.00,"56,826.00"
2020-02-25,2020022501025729,LICN,58,28,70,"1,660.00","116,200.00"
2020-02-25,2020022501025728,LICN,58,33,30,"1,659.00","49,770.00"
2020-02-25,2020022501025598,MBL,39,57,963,260.00,"250,380.00"
2020-02-25,2020022501025979,MEGA,6,46,262,234.00,"61,308.00"
2020-02-25,2020022501025812,MEGA,28,14,10,235.00,"2,350.00"
2020-02-25,2020022501025780,MEGA,28,45,193,234.00,"45,162.00"
2020-02-25,2020022501025779,MEGA,28,43,"5,000",234.00,"1,170,000.00"
2020-02-25,2020022501025778,MEGA,28,41,162,234.00,"37,908.00"
2020-02-25,2020022501026010,MERO,17,56,100,794.00,"79,400.00"
2020-02-25,2020022501025749,MERO,41,56,50,794.00,"39,700.00"
2020-02-25,2020022501025825,MLBBL,4,40,50,912.00,"45,600.00"
2020-02-25,2020022501025824,MLBBL,49,40,10,912.00,"9,120.00"
2020-02-25,2020022501025641,MNBBL,49,47,500,368.00,"184,000.00"
2020-02-25,2020022501025927,NABIL,17,17,380,811.00,"308,180.00"
2020-02-25,2020022501025922,NABIL,32,17,120,811.00,"97,320.00"
2020-02-25,2020022501025709,NABIL,13,46,30,810.00,"24,300.00"
2020-02-25,2020022501025708,NABIL,37,46,20,810.00,"16,200.00"
2020-02-25,2020022501025707,NABIL,42,46,50,812.00,"40,600.00"
2020-02-25,2020022501025660,NABIL,42,25,50,812.00,"40,600.00"
2020-02-25,2020022501025541,NABIL,37,17,280,810.00,"226,800.00"
2020-02-25,2020022501025540,NABIL,49,17,40,811.00,"32,440.00"
2020-02-25,2020022501025539,NABIL,43,17,80,811.00,"64,880.00"
2020-02-25,2020022501025789,NADEP,44,58,323,830.00,"268,090.00"
2020-02-25,2020022501025651,NADEP,44,22,200,830.00,"166,000.00"
2020-02-25,2020022501025567,NADEP,44,51,477,833.00,"397,341.00"
2020-02-25,2020022501025566,NADEP,44,33,23,832.00,"19,136.00"
2020-02-25,2020022501025787,NBB,48,47,100,226.00,"22,600.00"
2020-02-25,2020022501025616,NBB,19,48,80,227.00,"18,160.00"
2020-02-25,2020022501025615,NBB,19,19,500,227.00,"113,500.00"
2020-02-25,2020022501025614,NBB,19,45,500,227.00,"113,500.00"
2020-02-25,2020022501025613,NBB,19,6,90,227.00,"20,430.00"
2020-02-25,2020022501025612,NBB,19,42,81,227.00,"18,387.00"
2020-02-25,2020022501025611,NBB,19,55,500,227.00,"113,500.00"
2020-02-25,2020022501025610,NBB,19,56,200,227.00,"45,400.00"
2020-02-25,2020022501025609,NBB,19,16,49,227.00,"11,123.00"
2020-02-25,2020022501025739,NBL,32,45,300,292.00,"87,600.00"
2020-02-25,2020022501025701,NBL,45,33,300,291.00,"87,300.00"
2020-02-25,2020022501025700,NBL,45,46,"2,450",291.00,"712,950.00"
2020-02-25,2020022501025699,NBL,45,45,"1,000",291.00,"291,000.00"
2020-02-25,2020022501025698,NBL,45,6,100,291.00,"29,100.00"
2020-02-25,2020022501025697,NBL,45,32,506,291.00,"147,246.00"
2020-02-25,2020022501025692,NBL,43,32,10,291.00,"2,910.00"
2020-02-25,2020022501025582,NBL,44,47,"1,670",290.00,"484,300.00"
2020-02-25,2020022501025776,NCCB,36,32,"2,000",209.00,"418,000.00"
2020-02-25,2020022501025775,NCCB,36,13,100,209.00,"20,900.00"
2020-02-25,2020022501025736,NCCB,42,13,100,209.00,"20,900.00"
2020-02-25,2020022501025561,NCCB,29,13,300,209.00,"62,700.00"
2020-02-25,2020022501025978,NHPC,43,48,900,67.00,"60,300.00"
2020-02-25,2020022501025656,NHPC,43,45,500,67.00,"33,500.00"
2020-02-25,2020022501025624,NHPC,49,49,"27,500",66.00,"1,815,000.00"
2020-02-25,2020022501025585,NHPC,58,45,"2,000",67.00,"134,000.00"
2020-02-25,2020022501025580,NHPC,38,45,"1,000",67.00,"67,000.00"
2020-02-25,2020022501025558,NHPC,58,45,"2,000",67.00,"134,000.00"
2020-02-25,2020022501025983,NIB,32,6,559,434.00,"242,606.00"
2020-02-25,2020022501025982,NIB,32,6,952,433.00,"412,216.00"
2020-02-25,2020022501025928,NIB,32,6,100,433.00,"43,300.00"
2020-02-25,2020022501025893,NIB,43,6,948,433.00,"410,484.00"
2020-02-25,2020022501025782,NIB,44,6,100,434.00,"43,400.00"
2020-02-25,2020022501025652,NIB,28,6,100,434.00,"43,400.00"
2020-02-25,2020022501025601,NIB,25,6,500,434.00,"217,000.00"
2020-02-25,2020022501026026,NICA,48,6,200,595.00,"119,000.00"
2020-02-25,2020022501026008,NICA,3,6,500,595.00,"297,500.00"
2020-02-25,2020022501025980,NICA,48,6,800,595.00,"476,000.00"
2020-02-25,2020022501025931,NICA,45,6,120,595.00,"71,400.00"
2020-02-25,2020022501025768,NICA,14,49,100,594.00,"59,400.00"
2020-02-25,2020022501025710,NICA,28,6,500,595.00,"297,500.00"
2020-02-25,2020022501025687,NICA,36,6,100,595.00,"59,500.00"
2020-02-25,2020022501025965,NICL,51,59,64,526.00,"33,664.00"
2020-02-25,2020022501025964,NICL,36,59,736,526.00,"387,136.00"
2020-02-25,2020022501025963,NICL,51,59,200,527.00,"105,400.00"
2020-02-25,2020022501025876,NICL,28,37,10,529.00,"5,290.00"
2020-02-25,2020022501025809,NICL,6,42,200,527.00,"105,400.00"
2020-02-25,2020022501025620,NICL,6,57,"1,250",527.00,"658,750.00"
2020-02-25,2020022501025537,NICL,57,57,500,527.00,"263,500.00"
2020-02-25,2020022501025920,NIL,53,45,150,699.00,"104,850.00"
2020-02-25,2020022501025797,NLG,56,34,100,737.00,"73,700.00"
2020-02-25,2020022501025796,NLG,56,43,300,737.00,"221,100.00"
2020-02-25,2020022501025873,NLIC,45,6,200,"1,390.00","278,000.00"
2020-02-25,2020022501025866,NLIC,58,6,100,"1,390.00","139,000.00"
2020-02-25,2020022501025844,NLIC,34,6,600,"1,390.00","834,000.00"
2020-02-25,2020022501025843,NLIC,34,10,200,"1,389.00","277,800.00"
2020-02-25,2020022501025842,NLIC,14,10,200,"1,385.00","277,000.00"
2020-02-25,2020022501025813,NLIC,14,45,61,"1,385.00","84,485.00"
2020-02-25,2020022501025653,NLIC,51,42,100,"1,383.00","138,300.00"
2020-02-25,2020022501025591,NLIC,40,56,39,"1,384.00","53,976.00"
2020-02-25,2020022501025939,NLICL,42,33,680,790.00,"537,200.00"
2020-02-25,2020022501025937,NLICL,42,29,200,790.00,"158,000.00"
2020-02-25,2020022501025929,NLICL,28,55,20,795.00,"15,900.00"
2020-02-25,2020022501025899,NLICL,42,44,800,790.00,"632,000.00"
2020-02-25,2020022501025898,NLICL,49,44,100,793.00,"79,300.00"
2020-02-25,2020022501025897,NLICL,13,44,100,794.00,"79,400.00"
2020-02-25,2020022501025862,NLICL,13,22,100,794.00,"79,400.00"
2020-02-25,2020022501025819,NLICL,41,44,200,799.00,"159,800.00"
2020-02-25,2020022501025811,NLICL,6,44,150,799.00,"119,850.00"
2020-02-25,2020022501025573,NLICL,54,44,200,800.00,"160,000.00"
2020-02-25,2020022501026023,NMB,56,6,100,477.00,"47,700.00"
2020-02-25,2020022501026022,NMB,49,6,956,477.00,"456,012.00"
2020-02-25,2020022501025901,NMB,17,41,162,478.00,"77,436.00"
2020-02-25,2020022501025900,NMB,17,51,38,478.00,"18,164.00"
2020-02-25,2020022501025879,NMB,49,51,48,478.00,"22,944.00"
2020-02-25,2020022501025878,NMB,49,6,52,478.00,"24,856.00"
2020-02-25,2020022501025605,NMB,37,28,130,477.00,"62,010.00"
2020-02-25,2020022501025828,NMB,6,6,838,478.00,"400,564.00"
2020-02-25,2020022501025827,NMB,6,32,162,478.00,"77,436.00"
2020-02-25,2020022501025792,NMB,49,38,44,477.00,"20,988.00"
2020-02-25,2020022501025791,NMB,59,38,200,477.00,"95,400.00"
2020-02-25,2020022501025790,NMB,44,38,56,477.00,"26,712.00"
2020-02-25,2020022501025702,NMB,44,28,244,477.00,"116,388.00"
2020-02-25,2020022501025740,NMBHF1,29,32,864,9.77,"8,441.28"
2020-02-25,2020022501025935,NMBMF,28,49,200,"1,160.00","232,000.00"
2020-02-25,2020022501025934,NMBMF,28,59,40,"1,160.00","46,400.00"
2020-02-25,2020022501025933,NMBMF,28,45,200,"1,159.00","231,800.00"
2020-02-25,2020022501025907,NMBMF,28,21,100,"1,150.00","115,000.00"
2020-02-25,2020022501025906,NMBMF,28,38,20,"1,149.00","22,980.00"
2020-02-25,2020022501025905,NMBMF,28,38,50,"1,145.00","57,250.00"
2020-02-25,2020022501025904,NMBMF,28,19,100,"1,140.00","114,000.00"
2020-02-25,2020022501025903,NMBMF,28,14,150,"1,140.00","171,000.00"
2020-02-25,2020022501025902,NMBMF,28,11,41,"1,139.00","46,699.00"
2020-02-25,2020022501025861,NMBMF,28,40,51,"1,135.00","57,885.00"
2020-02-25,2020022501025711,NSEWA,13,58,10,934.00,"9,340.00"
2020-02-25,2020022501026009,NTC,25,42,950,715.00,"679,250.00"
2020-02-25,2020022501025826,NTC,51,59,300,720.00,"216,000.00"
2020-02-25,2020022501025909,NUBL,42,6,20,"1,172.00","23,440.00"
2020-02-25,2020022501025793,OHL,39,45,"1,000",498.00,"498,000.00"
2020-02-25,2020022501025733,OHL,42,45,"1,600",500.00,"800,000.00"
2020-02-25,2020022501025732,OHL,17,45,500,500.00,"250,000.00"
2020-02-25,2020022501025731,OHL,37,45,500,500.00,"250,000.00"
2020-02-25,2020022501025882,PCBL,1,38,655,318.00,"208,290.00"
2020-02-25,2020022501025881,PCBL,53,38,44,318.00,"13,992.00"
2020-02-25,2020022501025880,PCBL,49,38,500,319.00,"159,500.00"
2020-02-25,2020022501025760,PCBL,53,49,100,318.00,"31,800.00"
2020-02-25,2020022501025756,PCBL,49,45,500,320.00,"160,000.00"
2020-02-25,2020022501025604,PCBL,49,43,"1,000",319.00,"319,000.00"
2020-02-25,2020022501025603,PCBL,49,53,174,319.00,"55,506.00"
2020-02-25,2020022501025546,PCBL,53,56,300,318.00,"95,400.00"
2020-02-25,2020022501026000,PIC,56,29,20,740.00,"14,800.00"
2020-02-25,2020022501025848,PIC,56,56,11,736.00,"8,096.00"
2020-02-25,2020022501025814,PIC,46,58,11,735.00,"8,085.00"
2020-02-25,2020022501025681,PIC,42,29,129,740.00,"95,460.00"
2020-02-25,2020022501025680,PIC,42,35,11,740.00,"8,140.00"
2020-02-25,2020022501025679,PIC,42,21,360,740.00,"266,400.00"
2020-02-25,2020022501025638,PIC,42,21,440,740.00,"325,600.00"
2020-02-25,2020022501025637,PIC,42,56,60,739.00,"44,340.00"
2020-02-25,2020022501026029,PICL,57,58,100,559.00,"55,900.00"
2020-02-25,2020022501026028,PICL,29,58,100,559.00,"55,900.00"
2020-02-25,2020022501025621,PICL,10,37,100,565.00,"56,500.00"
2020-02-25,2020022501025664,PLIC,28,19,422,682.00,"287,804.00"
2020-02-25,2020022501026013,PRIN,13,7,113,530.00,"59,890.00"
2020-02-25,2020022501025977,PRIN,13,44,587,530.00,"311,110.00"
2020-02-25,2020022501025942,PRIN,33,44,413,530.00,"218,890.00"
2020-02-25,2020022501025941,PRIN,33,41,87,530.00,"46,110.00"
2020-02-25,2020022501025875,PRIN,33,41,413,530.00,"218,890.00"
2020-02-25,2020022501025874,PRIN,33,44,87,530.00,"46,110.00"
2020-02-25,2020022501025948,PRVU,43,20,302,266.00,"80,332.00"
2020-02-25,2020022501025947,PRVU,58,20,126,266.00,"33,516.00"
2020-02-25,2020022501025841,PRVU,58,56,400,266.00,"106,400.00"
2020-02-25,2020022501025737,PRVU,21,57,50,267.00,"13,350.00"
2020-02-25,2020022501025682,PRVU,58,57,"1,271",267.00,"339,357.00"
2020-02-25,2020022501025686,PRVU,20,57,300,267.00,"80,100.00"
2020-02-25,2020022501025685,PRVU,49,57,200,267.00,"53,400.00"
2020-02-25,2020022501025684,PRVU,29,57,100,267.00,"26,700.00"
2020-02-25,2020022501025683,PRVU,11,57,200,267.00,"53,400.00"
2020-02-25,2020022501025713,RADHI,38,47,10,202.00,"2,020.00"
2020-02-25,2020022501025712,RADHI,38,50,11,199.00,"2,189.00"
2020-02-25,2020022501026002,RBCL,38,49,10,"11,500.00","115,000.00"
2020-02-25,2020022501026001,RBCL,38,33,20,"11,500.00","230,000.00"
2020-02-25,2020022501025663,RHPC,39,42,100,98.00,"9,800.00"
2020-02-25,2020022501025662,RHPC,32,42,500,98.00,"49,000.00"
2020-02-25,2020022501026020,RHPL,57,19,310,172.00,"53,320.00"
2020-02-25,2020022501025706,RHPL,59,14,192,175.00,"33,600.00"
2020-02-25,2020022501025705,RHPL,59,45,808,175.00,"141,400.00"
2020-02-25,2020022501025572,RHPL,57,10,40,172.00,"6,880.00"
2020-02-25,2020022501025542,RHPL,57,13,50,172.00,"8,600.00"
2020-02-25,2020022501025908,RLFL,48,13,500,147.00,"73,500.00"
2020-02-25,2020022501025865,RRHP,33,58,10,112.00,"1,120.00"
2020-02-25,2020022501025745,RRHP,33,10,10,112.00,"1,120.00"
2020-02-25,2020022501026016,RSDC,34,38,13,668.00,"8,684.00"
2020-02-25,2020022501025918,RSDC,21,38,200,668.00,"133,600.00"
2020-02-25,2020022501025917,RSDC,21,38,10,668.00,"6,680.00"
2020-02-25,2020022501025788,RSDC,35,45,100,669.00,"66,900.00"
2020-02-25,2020022501025781,RSDC,6,45,100,669.00,"66,900.00"
2020-02-25,2020022501025596,RSDC,33,14,800,670.00,"536,000.00"
2020-02-25,2020022501025571,SABSL,29,19,30,"1,000.00","30,000.00"
2020-02-25,2020022501025820,SADBL,55,19,500,186.00,"93,000.00"
2020-02-25,2020022501025735,SADBL,4,33,490,188.00,"92,120.00"
2020-02-25,2020022501025734,SADBL,4,45,10,186.00,"1,860.00"
2020-02-25,2020022501025730,SADBL,37,45,65,186.00,"12,090.00"
2020-02-25,2020022501025688,SADBL,55,45,500,186.00,"93,000.00"
2020-02-25,2020022501025594,SADBL,4,45,427,186.00,"79,422.00"
2020-02-25,2020022501025593,SADBL,4,45,73,186.00,"13,578.00"
2020-02-25,2020022501025806,SANIMA,43,49,100,394.00,"39,400.00"
2020-02-25,2020022501025757,SANIMA,44,59,300,395.00,"118,500.00"
2020-02-25,2020022501025636,SANIMA,43,43,100,394.00,"39,400.00"
2020-02-25,2020022501025635,SANIMA,43,58,829,394.00,"326,626.00"
2020-02-25,2020022501025634,SANIMA,43,29,550,394.00,"216,700.00"
2020-02-25,2020022501025633,SANIMA,43,32,10,394.00,"3,940.00"
2020-02-25,2020022501025632,SANIMA,43,8,400,394.00,"157,600.00"
2020-02-25,2020022501025563,SANIMA,46,8,200,394.00,"78,800.00"
2020-02-25,2020022501025547,SANIMA,44,34,100,393.00,"39,300.00"
2020-02-25,2020022501025859,SBI,38,13,77,477.00,"36,729.00"
2020-02-25,2020022501025704,SBI,25,13,100,477.00,"47,700.00"
2020-02-25,2020022501025599,SBI,45,13,500,481.00,"240,500.00"
2020-02-25,2020022501025981,SBL,4,44,300,350.00,"105,000.00"
2020-02-25,2020022501025884,SBL,4,20,99,350.00,"34,650.00"
2020-02-25,2020022501025644,SBL,11,49,100,351.00,"35,100.00"
2020-02-25,2020022501025565,SBL,11,49,27,351.00,"9,477.00"
2020-02-25,2020022501025801,SCB,1,49,100,722.00,"72,200.00"
2020-02-25,2020022501025725,SCB,34,58,24,724.00,"17,376.00"
2020-02-25,2020022501025724,SCB,35,58,50,725.00,"36,250.00"
2020-02-25,2020022501026007,SDESI,4,8,27,"1,160.00","31,320.00"
2020-02-25,2020022501026006,SDESI,4,19,23,"1,160.00","26,680.00"
2020-02-25,2020022501026005,SDESI,4,45,500,"1,150.00","575,000.00"
2020-02-25,2020022501026004,SDESI,4,45,13,"1,150.00","14,950.00"
2020-02-25,2020022501026003,SDESI,4,38,310,"1,149.00","356,190.00"
2020-02-25,2020022501026035,SEF,41,42,"1,000",9.90,"9,900.00"
2020-02-25,2020022501026034,SEF,41,14,"1,100",9.89,"10,879.00"
2020-02-25,2020022501025989,SHINE,34,49,114,310.00,"35,340.00"
2020-02-25,2020022501025988,SHINE,54,49,200,310.00,"62,000.00"
2020-02-25,2020022501025987,SHINE,34,49,"1,000",311.00,"311,000.00"
2020-02-25,2020022501025986,SHINE,4,49,186,312.00,"58,032.00"
2020-02-25,2020022501025985,SHINE,51,49,200,313.00,"62,600.00"
2020-02-25,2020022501025984,SHINE,6,49,300,313.00,"93,900.00"
2020-02-25,2020022501025805,SHINE,40,45,50,314.00,"15,700.00"
2020-02-25,2020022501025643,SHINE,57,45,50,314.00,"15,700.00"
2020-02-25,2020022501025959,SHIVM,58,7,470,683.00,"321,010.00"
2020-02-25,2020022501025872,SHIVM,55,7,100,683.00,"68,300.00"
2020-02-25,2020022501025871,SHIVM,38,7,215,683.00,"146,845.00"
2020-02-25,2020022501025864,SHIVM,38,56,385,684.00,"263,340.00"
2020-02-25,2020022501025833,SHIVM,38,13,50,683.00,"34,150.00"
2020-02-25,2020022501025590,SHIVM,59,56,50,684.00,"34,200.00"
2020-02-25,2020022501025589,SHIVM,22,56,15,685.00,"10,275.00"
2020-02-25,2020022501025690,SHIVM,38,6,500,683.00,"341,500.00"
2020-02-25,2020022501025592,SHIVM,38,56,100,683.00,"68,300.00"
2020-02-25,2020022501025855,SHL,40,56,100,197.00,"19,700.00"
2020-02-25,2020022501025854,SHL,56,56,500,197.00,"98,500.00"
2020-02-25,2020022501025853,SHL,21,56,100,197.00,"19,700.00"
2020-02-25,2020022501025852,SHL,1,56,108,197.00,"21,276.00"
2020-02-25,2020022501025851,SHL,54,56,200,198.00,"39,600.00"
2020-02-25,2020022501025850,SHL,47,56,"1,000",198.00,"198,000.00"
2020-02-25,2020022501025849,SHL,48,56,150,199.00,"29,850.00"
2020-02-25,2020022501025554,SHL,39,32,500,200.00,"100,000.00"
2020-02-25,2020022501025691,SHPC,58,28,500,256.00,"128,000.00"
2020-02-25,2020022501025557,SHPC,56,28,10,256.00,"2,560.00"
2020-02-25,2020022501025556,SHPC,56,4,870,254.00,"220,980.00"
2020-02-25,2020022501026036,SIC,37,34,281,825.00,"231,825.00"
2020-02-25,2020022501025868,SIC,37,22,211,825.00,"174,075.00"
2020-02-25,2020022501025867,SIC,37,22,39,830.00,"32,370.00"
2020-02-25,2020022501025938,SICL,34,34,717,"1,159.00","831,003.00"
2020-02-25,2020022501025911,SICL,49,34,30,"1,159.00","34,770.00"
2020-02-25,2020022501025892,SICL,43,34,50,"1,159.00","57,950.00"
2020-02-25,2020022501025891,SICL,46,34,203,"1,159.00","235,277.00"
2020-02-25,2020022501025860,SICL,46,56,100,"1,159.00","115,900.00"
2020-02-25,2020022501025748,SICL,49,44,120,"1,158.00","138,960.00"
2020-02-25,2020022501025584,SICL,20,45,100,"1,158.00","115,800.00"
2020-02-25,2020022501025831,SICL,37,14,300,"1,159.00","347,700.00"
2020-02-25,2020022501025772,SICL,48,14,197,"1,159.00","228,323.00"
2020-02-25,2020022501025771,SICL,48,14,100,"1,159.00","115,900.00"
2020-02-25,2020022501025770,SICL,48,44,823,"1,159.00","953,857.00"
2020-02-25,2020022501025769,SICL,48,44,880,"1,158.00","1,019,040.00"
2020-02-25,2020022501025810,SIFC,59,6,119,176.00,"20,944.00"
2020-02-25,2020022501025896,SIL,35,44,500,668.00,"334,000.00"
2020-02-25,2020022501025600,SINDU,45,29,20,147.00,"2,940.00"
2020-02-25,2020022501025967,SJCL,28,34,20,165.00,"3,300.00"
2020-02-25,2020022501025930,SJCL,28,34,20,165.00,"3,300.00"
2020-02-25,2020022501025553,SJCL,56,42,10,164.00,"1,640.00"
2020-02-25,2020022501026012,SKBBL,7,43,100,"1,385.00","138,500.00"
2020-02-25,2020022501026011,SKBBL,7,40,50,"1,385.00","69,250.00"
2020-02-25,2020022501025645,SKBBL,59,55,200,"1,380.00","276,000.00"
2020-02-25,2020022501025746,SLBBL,34,29,200,"1,049.00","209,800.00"
2020-02-25,2020022501025799,SLBBL,41,44,500,"1,049.00","524,500.00"
2020-02-25,2020022501025798,SLBBL,41,44,300,"1,049.00","314,700.00"
2020-02-25,2020022501025936,SLBSL,48,57,100,"1,050.00","105,000.00"
2020-02-25,2020022501025990,SLICL,17,58,850,548.00,"465,800.00"
2020-02-25,2020022501025916,SLICL,7,25,900,547.00,"492,300.00"
2020-02-25,2020022501025689,SLICL,13,38,100,545.00,"54,500.00"
2020-02-25,2020022501025577,SLICL,34,28,500,548.00,"274,000.00"
2020-02-25,2020022501025576,SLICL,34,4,500,547.00,"273,500.00"
2020-02-25,2020022501025575,SLICL,34,42,492,547.00,"269,124.00"
2020-02-25,2020022501025623,SPDL,6,45,185,115.00,"21,275.00"
2020-02-25,2020022501025622,SPDL,6,43,15,115.00,"1,725.00"
2020-02-25,2020022501025678,SRBL,32,47,844,275.00,"232,100.00"
2020-02-25,2020022501025856,SWBBL,53,6,135,"1,417.00","191,295.00"
2020-02-25,2020022501025755,SWBBL,17,6,347,"1,416.00","491,352.00"
2020-02-25,2020022501025752,SWBBL,14,6,153,"1,416.00","216,648.00"
2020-02-25,2020022501025751,SWBBL,14,35,30,"1,415.00","42,450.00"
2020-02-25,2020022501025750,SWBBL,14,21,22,"1,415.00","31,130.00"
2020-02-25,2020022501025804,TRH,45,53,150,310.00,"46,500.00"
2020-02-25,2020022501025803,TRH,57,53,710,310.00,"220,100.00"
2020-02-25,2020022501025802,TRH,50,53,180,311.00,"55,980.00"
2020-02-25,2020022501025839,UPCL,46,10,50,85.00,"4,250.00"
2020-02-25,2020022501025992,UPPER,46,57,250,252.00,"63,000.00"
2020-02-25,2020022501025910,UPPER,46,58,50,252.00,"12,600.00"
2020-02-25,2020022501025894,UPPER,56,29,900,256.00,"230,400.00"
2020-02-25,2020022501025840,UPPER,56,11,100,256.00,"25,600.00"
2020-02-25,2020022501025818,UPPER,56,44,40,256.00,"10,240.00"
2020-02-25,2020022501025817,UPPER,56,25,100,256.00,"25,600.00"
2020-02-25,2020022501025696,UPPER,33,57,412,255.00,"105,060.00"
2020-02-25,2020022501025695,UPPER,33,56,100,255.00,"25,500.00"
2020-02-25,2020022501025694,UPPER,33,6,200,255.00,"51,000.00"
2020-02-25,2020022501025693,UPPER,33,45,39,255.00,"9,945.00"
2020-02-25,2020022501025816,UPPER,56,45,500,256.00,"128,000.00"
2020-02-25,2020022501025758,UPPER,33,10,300,255.00,"76,500.00"
2020-02-25,2020022501025869,VLBS,38,6,200,"1,249.00","249,800.00"
2020-02-25,2020022501025754,VLBS,43,6,86,"1,249.00","107,414.00"
2020-02-25,2020022501025753,VLBS,43,5,25,"1,248.00","31,200.00"
2020-02-25,2020022501025661,VLBS,29,34,100,"1,245.00","124,500.00"
2020-02-25,2020022501025630,VLBS,34,5,108,"1,248.00","134,784.00"
2020-02-25,2020022501025923,WOMI,53,57,50,"1,205.00","60,250.00"
2020-02-25,2020022501025597,WOMI,44,11,13,"1,200.00","15,600.00"
2020-02-25,2020022501025157,ADBL,59,34,50,434.00,"21,700.00"
2020-02-25,2020022501025453,AHPC,39,44,"2,000",113.00,"226,000.00"
2020-02-25,2020022501025391,ALBSL,13,3,10,876.00,"8,760.00"
2020-02-25,2020022501025228,ALBSL,13,38,150,876.00,"131,400.00"
2020-02-25,2020022501025227,ALBSL,37,38,100,877.00,"87,700.00"
2020-02-25,2020022501025145,ALBSL,6,49,15,877.00,"13,155.00"
2020-02-25,2020022501025144,ALBSL,32,49,85,877.00,"74,545.00"
2020-02-25,2020022501025536,ALICL,38,42,100,692.00,"69,200.00"
2020-02-25,2020022501025503,ALICL,48,50,40,699.00,"27,960.00"
2020-02-25,2020022501025502,ALICL,48,32,30,699.00,"20,970.00"
2020-02-25,2020022501025501,ALICL,48,25,300,698.00,"209,400.00"
2020-02-25,2020022501025500,ALICL,38,25,200,698.00,"139,600.00"
2020-02-25,2020022501025421,ALICL,38,20,300,698.00,"209,400.00"
2020-02-25,2020022501025334,ALICL,38,20,200,698.00,"139,600.00"
2020-02-25,2020022501025247,ALICL,56,56,300,693.00,"207,900.00"
2020-02-25,2020022501025350,BARUN,39,13,990,102.00,"100,980.00"
2020-02-25,2020022501025349,BARUN,39,34,10,101.00,"1,010.00"
2020-02-25,2020022501025412,BOKL,22,11,52,262.00,"13,624.00"
2020-02-25,2020022501025411,BOKL,22,45,100,262.00,"26,200.00"
2020-02-25,2020022501025410,BOKL,22,51,348,262.00,"91,176.00"
2020-02-25,2020022501025409,BOKL,22,58,500,262.00,"131,000.00"
2020-02-25,2020022501025301,BOKL,34,28,32,260.00,"8,320.00"
2020-02-25,2020022501025194,CBBL,42,22,51,"1,305.00","66,555.00"
2020-02-25,2020022501025184,CBBL,42,57,100,"1,305.00","130,500.00"
2020-02-25,2020022501025183,CBBL,42,50,245,"1,305.00","319,725.00"
2020-02-25,2020022501025182,CBBL,42,55,300,"1,302.00","390,600.00"
2020-02-25,2020022501025181,CBBL,42,58,282,"1,301.00","366,882.00"
2020-02-25,2020022501025180,CBBL,42,57,100,"1,301.00","130,100.00"
2020-02-25,2020022501025179,CBBL,42,34,590,"1,300.00","767,000.00"
2020-02-25,2020022501025178,CBBL,42,45,100,"1,300.00","130,000.00"
2020-02-25,2020022501025177,CBBL,42,58,200,"1,299.00","259,800.00"
2020-02-25,2020022501025521,CBL,39,29,500,157.00,"78,500.00"
2020-02-25,2020022501025342,CBL,39,45,38,157.00,"5,966.00"
2020-02-25,2020022501025325,CCBL,7,47,"1,219",190.00,"231,610.00"
2020-02-25,2020022501025324,CCBL,6,47,641,190.00,"121,790.00"
2020-02-25,2020022501025217,CCBLPO,33,58,"55,396",100.00,"5,539,600.00"
2020-02-25,2020022501025340,CFCL,4,41,18,158.00,"2,844.00"
2020-02-25,2020022501025339,CFCL,4,39,192,157.00,"30,144.00"
2020-02-25,2020022501025491,CHCL,39,44,10,461.00,"4,610.00"
2020-02-25,2020022501025146,CHCL,40,37,100,465.00,"46,500.00"
2020-02-25,2020022501025112,CHCL,39,33,400,461.00,"184,400.00"
2020-02-25,2020022501025111,CHCL,49,33,100,461.00,"46,100.00"
2020-02-25,2020022501025245,CHL,25,42,10,100.00,"1,000.00"
2020-02-25,2020022501025341,CIT,42,38,50,"3,040.00","152,000.00"
2020-02-25,2020022501025488,CLBSL,36,42,200,"1,260.00","252,000.00"
2020-02-25,2020022501025457,CLBSL,19,13,268,"1,267.00","339,556.00"
2020-02-25,2020022501025456,CLBSL,19,51,122,"1,267.00","154,574.00"
2020-02-25,2020022501025283,CLBSL,41,13,32,"1,267.00","40,544.00"
2020-02-25,2020022501025473,CZBIL,58,14,10,212.00,"2,120.00"
2020-02-25,2020022501025472,CZBIL,58,6,383,212.00,"81,196.00"
2020-02-25,2020022501025307,CZBIL,40,37,10,211.00,"2,110.00"
2020-02-25,2020022501025192,CZBIL,35,6,127,212.00,"26,924.00"
2020-02-25,2020022501025191,CZBIL,35,39,148,212.00,"31,376.00"
2020-02-25,2020022501025190,CZBIL,35,50,"1,000",212.00,"212,000.00"
2020-02-25,2020022501025189,CZBIL,35,32,69,212.00,"14,628.00"
2020-02-25,2020022501025188,CZBIL,35,34,106,212.00,"22,472.00"
2020-02-25,2020022501025187,CZBIL,35,47,550,212.00,"116,600.00"
2020-02-25,2020022501025527,DDBL,34,51,416,"1,048.00","435,968.00"
2020-02-25,2020022501025526,DDBL,34,25,100,"1,047.00","104,700.00"
2020-02-25,2020022501025525,DDBL,34,47,27,"1,047.00","28,269.00"
2020-02-25,2020022501025524,DDBL,34,19,240,"1,047.00","251,280.00"
2020-02-25,2020022501025308,DDBL,17,19,50,"1,047.00","52,350.00"
2020-02-25,2020022501025213,DDBL,7,19,10,"1,047.00","10,470.00"
2020-02-25,2020022501025165,EDBL,21,36,50,411.00,"20,550.00"
2020-02-25,2020022501025408,EIC,49,7,150,487.00,"73,050.00"
2020-02-25,2020022501025407,EIC,49,6,100,487.00,"48,700.00"
2020-02-25,2020022501025406,EIC,49,8,100,487.00,"48,700.00"
2020-02-25,2020022501025274,EIC,34,6,250,486.00,"121,500.00"
2020-02-25,2020022501025273,EIC,34,13,50,486.00,"24,300.00"
2020-02-25,2020022501025267,EIC,49,13,350,486.00,"170,100.00"
2020-02-25,2020022501025154,EIC,42,46,100,486.00,"48,600.00"
2020-02-25,2020022501025055,EIC,44,38,20,485.00,"9,700.00"
2020-02-25,2020022501025054,EIC,44,58,100,485.00,"48,500.00"
2020-02-25,2020022501025053,EIC,44,14,100,485.00,"48,500.00"
2020-02-25,2020022501025052,EIC,44,6,200,485.00,"97,000.00"
2020-02-25,2020022501025051,EIC,44,41,180,485.00,"87,300.00"
2020-02-25,2020022501025266,EIC,49,45,450,486.00,"218,700.00"
2020-02-25,2020022501025252,EIC,57,45,50,486.00,"24,300.00"
2020-02-25,2020022501025251,EIC,57,45,50,486.00,"24,300.00"
2020-02-25,2020022501025250,EIC,57,49,100,486.00,"48,600.00"
2020-02-25,2020022501025204,EIC,49,49,100,486.00,"48,600.00"
2020-02-25,2020022501025203,EIC,49,46,50,486.00,"24,300.00"
2020-02-25,2020022501025463,FMDBL,14,51,60,653.00,"39,180.00"
2020-02-25,2020022501025462,FMDBL,38,51,20,654.00,"13,080.00"
2020-02-25,2020022501025459,FMDBL,48,42,50,656.00,"32,800.00"
2020-02-25,2020022501025265,FOWAD,32,41,10,"1,840.00","18,400.00"
2020-02-25,2020022501025264,FOWAD,32,41,10,"1,840.00","18,400.00"
2020-02-25,2020022501025348,GBBL,49,42,14,260.00,"3,640.00"
2020-02-25,2020022501025141,GBBL,49,14,151,260.00,"39,260.00"
2020-02-25,2020022501025140,GBBL,49,57,632,260.00,"164,320.00"
2020-02-25,2020022501025139,GBBL,49,58,293,260.00,"76,180.00"
2020-02-25,2020022501025138,GBBL,49,19,232,260.00,"60,320.00"
2020-02-25,2020022501025137,GBBL,49,8,674,260.00,"175,240.00"
2020-02-25,2020022501025136,GBBL,49,48,500,260.00,"130,000.00"
2020-02-25,2020022501025135,GBBL,49,36,205,260.00,"53,300.00"
2020-02-25,2020022501025134,GBBL,49,6,500,260.00,"130,000.00"
2020-02-25,2020022501025133,GBBL,49,13,"1,000",260.00,"260,000.00"
2020-02-25,2020022501025132,GBBL,49,57,"2,000",260.00,"520,000.00"
2020-02-25,2020022501025131,GBBL,49,49,899,260.00,"233,740.00"
2020-02-25,2020022501025385,GBIME,45,44,25,292.00,"7,300.00"
2020-02-25,2020022501025384,GBIME,45,44,778,292.00,"227,176.00"
2020-02-25,2020022501025176,GBIME,4,44,200,293.00,"58,600.00"
2020-02-25,2020022501025175,GBIME,4,7,100,293.00,"29,300.00"
2020-02-25,2020022501025127,GBIME,45,58,"1,000",292.00,"292,000.00"
2020-02-25,2020022501025520,GBLBS,46,49,825,643.00,"530,475.00"
2020-02-25,2020022501025519,GBLBS,20,49,175,645.00,"112,875.00"
2020-02-25,2020022501025399,GBLBS,58,57,50,647.00,"32,350.00"
2020-02-25,2020022501025398,GBLBS,58,56,150,647.00,"97,050.00"
2020-02-25,2020022501025102,GBLBS,20,36,315,645.00,"203,175.00"
2020-02-25,2020022501025037,GBLBS,22,36,185,645.00,"119,325.00"
2020-02-25,2020022501025071,GHL,33,55,240,82.00,"19,680.00"
2020-02-25,2020022501025269,GUFL,35,39,100,136.00,"13,600.00"
2020-02-25,2020022501025534,HDL,34,58,300,"1,837.00","551,100.00"
2020-02-25,2020022501025533,HDL,29,58,200,"1,837.00","367,400.00"
2020-02-25,2020022501025487,HDL,39,58,500,"1,837.00","918,500.00"
2020-02-25,2020022501025256,HDL,40,58,428,"1,837.00","786,236.00"
2020-02-25,2020022501025218,HDL,57,58,500,"1,837.00","918,500.00"
2020-02-25,2020022501025201,HDL,22,58,72,"1,837.00","132,264.00"
2020-02-25,2020022501025151,HDL,48,25,17,"1,837.00","31,229.00"
2020-02-25,2020022501025150,HDL,48,34,11,"1,837.00","20,207.00"
2020-02-25,2020022501025106,HDL,22,34,39,"1,837.00","71,643.00"
2020-02-25,2020022501025105,HDL,22,45,50,"1,837.00","91,850.00"
2020-02-25,2020022501025104,HDL,22,45,50,"1,837.00","91,850.00"
2020-02-25,2020022501025103,HDL,22,45,361,"1,837.00","663,157.00"
2020-02-25,2020022501025200,HDL,22,47,100,"1,837.00","183,700.00"
2020-02-25,2020022501025199,HDL,22,45,200,"1,837.00","367,400.00"
2020-02-25,2020022501025198,HDL,22,10,50,"1,837.00","91,850.00"
2020-02-25,2020022501025197,HDL,22,50,78,"1,837.00","143,286.00"
2020-02-25,2020022501025153,HDL,48,50,22,"1,837.00","40,414.00"
2020-02-25,2020022501025152,HDL,48,11,100,"1,837.00","183,700.00"
2020-02-25,2020022501025529,HGI,56,43,100,476.00,"47,600.00"
2020-02-25,2020022501025528,HGI,57,43,20,476.00,"9,520.00"
2020-02-25,2020022501025499,HIDCL,59,25,163,155.00,"25,265.00"
2020-02-25,2020022501025498,HIDCL,59,19,337,155.00,"52,235.00"
2020-02-25,2020022501025287,ICFC,42,11,"1,000",215.00,"215,000.00"
2020-02-25,2020022501025286,ICFC,42,25,200,215.00,"43,000.00"
2020-02-25,2020022501025285,ICFC,42,29,100,215.00,"21,500.00"
2020-02-25,2020022501025284,ICFC,42,25,570,215.00,"122,550.00"
2020-02-25,2020022501025216,IGI,37,42,300,535.00,"160,500.00"
2020-02-25,2020022501025215,IGI,37,29,224,535.00,"119,840.00"
2020-02-25,2020022501025214,IGI,37,39,100,533.00,"53,300.00"
2020-02-25,2020022501025494,JBBL,40,13,100,203.00,"20,300.00"
2020-02-25,2020022501025505,JFL,20,6,10,189.00,"1,890.00"
2020-02-25,2020022501025149,JSLBB,41,36,48,"1,950.00","93,600.00"
2020-02-25,2020022501025148,JSLBB,41,34,200,"1,949.00","389,800.00"
2020-02-25,2020022501025147,JSLBB,41,18,52,"1,948.00","101,296.00"
2020-02-25,2020022501025084,KBL,45,57,25,211.00,"5,275.00"
2020-02-25,2020022501025514,KPCL,25,40,10,110.00,"1,100.00"
2020-02-25,2020022501025185,KSBBL,20,46,200,180.00,"36,000.00"
2020-02-25,2020022501025522,LBBL,42,25,20,210.00,"4,200.00"
2020-02-25,2020022501025380,LBBL,42,25,20,210.00,"4,200.00"
2020-02-25,2020022501025315,LBBL,42,25,20,210.00,"4,200.00"
2020-02-25,2020022501025206,LBBL,42,25,20,210.00,"4,200.00"
2020-02-25,2020022501025059,LBBL,33,25,"1,456",209.00,"304,304.00"
2020-02-25,2020022501025143,LGIL,10,22,300,571.00,"171,300.00"
2020-02-25,2020022501025058,LLBS,28,39,245,"1,300.00","318,500.00"
2020-02-25,2020022501025057,LLBS,28,59,28,"1,295.00","36,260.00"
2020-02-25,2020022501025056,LLBS,28,11,27,"1,294.00","34,938.00"
2020-02-25,2020022501025261,MBL,39,54,37,260.00,"9,620.00"
2020-02-25,2020022501025240,MBL,45,54,63,260.00,"16,380.00"
2020-02-25,2020022501025239,MBL,45,37,300,260.00,"78,000.00"
2020-02-25,2020022501025238,MBL,45,33,137,260.00,"35,620.00"
2020-02-25,2020022501025110,MBL,32,33,63,260.00,"16,380.00"
2020-02-25,2020022501025109,MBL,32,48,437,260.00,"113,620.00"
2020-02-25,2020022501025379,MEGA,51,41,138,234.00,"32,292.00"
2020-02-25,2020022501025343,MEGA,42,14,200,235.00,"47,000.00"
2020-02-25,2020022501025237,MEGA,51,10,362,234.00,"84,708.00"
2020-02-25,2020022501025236,MEGA,49,10,138,234.00,"32,292.00"
2020-02-25,2020022501025235,MEGA,42,10,500,235.00,"117,500.00"
2020-02-25,2020022501025485,MLBL,14,32,400,250.00,"100,000.00"
2020-02-25,2020022501025402,MNBBL,57,47,50,368.00,"18,400.00"
2020-02-25,2020022501025401,MNBBL,36,47,405,368.00,"149,040.00"
2020-02-25,2020022501025241,MNBBL,57,53,10,369.00,"3,690.00"
2020-02-25,2020022501025496,NABIL,43,47,120,811.00,"97,320.00"
2020-02-25,2020022501025495,NABIL,35,47,100,811.00,"81,100.00"
2020-02-25,2020022501025470,NABIL,22,35,68,813.00,"55,284.00"
2020-02-25,2020022501025469,NABIL,22,22,112,813.00,"91,056.00"
2020-02-25,2020022501025468,NABIL,22,45,20,813.00,"16,260.00"
2020-02-25,2020022501025389,NADEP,44,57,277,830.00,"229,910.00"
2020-02-25,2020022501025159,NBB,44,16,951,227.00,"215,877.00"
2020-02-25,2020022501025158,NBB,44,28,49,227.00,"11,123.00"
2020-02-25,2020022501025532,NBL,44,47,350,290.00,"101,500.00"
2020-02-25,2020022501025486,NBL,44,47,650,290.00,"188,500.00"
2020-02-25,2020022501025415,NBL,44,47,"1,040",290.00,"301,600.00"
2020-02-25,2020022501025352,NBL,44,47,190,290.00,"55,100.00"
2020-02-25,2020022501025351,NBL,29,47,490,290.00,"142,100.00"
2020-02-25,2020022501025291,NBL,29,47,680,290.00,"197,200.00"
2020-02-25,2020022501025067,NBL,44,47,495,290.00,"143,550.00"
2020-02-25,2020022501025246,NBL,34,32,50,291.00,"14,550.00"
2020-02-25,2020022501025220,NBL,29,47,330,290.00,"95,700.00"
2020-02-25,2020022501025219,NBL,29,47,920,290.00,"266,800.00"
2020-02-25,2020022501025090,NBL,29,47,580,290.00,"168,200.00"
2020-02-25,2020022501025089,NBL,49,47,"1,500",290.00,"435,000.00"
2020-02-25,2020022501025068,NBL,44,47,940,290.00,"272,600.00"
2020-02-25,2020022501025417,NCCB,19,54,300,209.00,"62,700.00"
2020-02-25,2020022501025040,NFS,49,13,100,139.00,"13,900.00"
2020-02-25,2020022501025467,NGPL,28,7,"2,000",145.00,"290,000.00"
2020-02-25,2020022501025382,NGPL,7,7,10,146.00,"1,460.00"
2020-02-25,2020022501025404,NHPC,49,45,"5,000",67.00,"335,000.00"
2020-02-25,2020022501025376,NHPC,58,45,"5,000",67.00,"335,000.00"
2020-02-25,2020022501025066,NHPC,28,45,"3,160",67.00,"211,720.00"
2020-02-25,2020022501025065,NHPC,14,45,"5,000",67.00,"335,000.00"
2020-02-25,2020022501025064,NHPC,51,45,"1,340",67.00,"89,780.00"
2020-02-25,2020022501025414,NIB,43,33,52,433.00,"22,516.00"
2020-02-25,2020022501025413,NIB,45,33,328,433.00,"142,024.00"
2020-02-25,2020022501025377,NIB,22,6,200,434.00,"86,800.00"
2020-02-25,2020022501025345,NIB,45,28,34,433.00,"14,722.00"
2020-02-25,2020022501025304,NIB,43,6,541,434.00,"234,794.00"
2020-02-25,2020022501025303,NIB,43,19,100,434.00,"43,400.00"
2020-02-25,2020022501025073,NIB,45,5,500,432.00,"216,000.00"
2020-02-25,2020022501025072,NIB,45,55,"1,324",432.00,"571,968.00"
2020-02-25,2020022501025038,NIB,7,41,400,431.00,"172,400.00"
2020-02-25,2020022501025079,NIB,45,37,"2,000",432.00,"864,000.00"
2020-02-25,2020022501025078,NIB,45,34,48,432.00,"20,736.00"
2020-02-25,2020022501025077,NIB,45,21,20,432.00,"8,640.00"
2020-02-25,2020022501025076,NIB,45,56,30,432.00,"12,960.00"
2020-02-25,2020022501025075,NIB,45,50,200,432.00,"86,400.00"
2020-02-25,2020022501025074,NIB,45,41,152,432.00,"65,664.00"
2020-02-25,2020022501025302,NIB,43,49,359,434.00,"155,806.00"
2020-02-25,2020022501025234,NIB,20,49,100,434.00,"43,400.00"
2020-02-25,2020022501025083,NIB,45,32,44,433.00,"19,052.00"
2020-02-25,2020022501025082,NIB,45,29,200,433.00,"86,600.00"
2020-02-25,2020022501025081,NIB,45,22,100,433.00,"43,300.00"
2020-02-25,2020022501025080,NIB,45,1,20,432.00,"8,640.00"
2020-02-25,2020022501025129,NIBLPF,56,41,"3,000",8.40,"25,200.00"
2020-02-25,2020022501025128,NIBLPF,51,41,"2,000",8.45,"16,900.00"
2020-02-25,2020022501025196,NICA,42,6,100,595.00,"59,500.00"
2020-02-25,2020022501025195,NICA,44,6,100,595.00,"59,500.00"
2020-02-25,2020022501025513,NICL,6,33,500,530.00,"265,000.00"
2020-02-25,2020022501025375,NICL,6,11,87,530.00,"46,110.00"
2020-02-25,2020022501025123,NICL,6,11,312,530.00,"165,360.00"
2020-02-25,2020022501025452,NIL,45,6,293,700.00,"205,100.00"
2020-02-25,2020022501025451,NIL,45,28,200,700.00,"140,000.00"
2020-02-25,2020022501025450,NIL,45,58,"1,000",700.00,"700,000.00"
2020-02-25,2020022501025449,NIL,45,57,33,700.00,"23,100.00"
2020-02-25,2020022501025448,NIL,45,32,25,700.00,"17,500.00"
2020-02-25,2020022501025447,NIL,45,56,50,698.00,"34,900.00"
2020-02-25,2020022501025169,NIL,38,43,100,687.00,"68,700.00"
2020-02-25,2020022501025168,NIL,45,43,100,688.00,"68,800.00"
2020-02-25,2020022501025167,NIL,34,43,16,689.00,"11,024.00"
2020-02-25,2020022501025428,NIL,45,43,"1,000",691.00,"691,000.00"
2020-02-25,2020022501025427,NIL,45,43,900,691.00,"621,900.00"
2020-02-25,2020022501025426,NIL,45,41,100,690.00,"69,000.00"
2020-02-25,2020022501025425,NIL,45,45,100,690.00,"69,000.00"
2020-02-25,2020022501025311,NIL,7,43,184,687.00,"126,408.00"
2020-02-25,2020022501025170,NIL,54,43,"2,000",687.00,"1,374,000.00"
2020-02-25,2020022501025434,NIL,45,43,200,693.00,"138,600.00"
2020-02-25,2020022501025433,NIL,45,4,100,693.00,"69,300.00"
2020-02-25,2020022501025432,NIL,45,44,105,692.00,"72,660.00"
2020-02-25,2020022501025431,NIL,45,59,"1,000",692.00,"692,000.00"
2020-02-25,2020022501025430,NIL,45,43,50,692.00,"34,600.00"
2020-02-25,2020022501025429,NIL,45,47,571,691.00,"394,561.00"
2020-02-25,2020022501025440,NIL,45,41,50,697.00,"34,850.00"
2020-02-25,2020022501025439,NIL,45,42,100,696.00,"69,600.00"
2020-02-25,2020022501025438,NIL,45,45,100,695.00,"69,500.00"
2020-02-25,2020022501025437,NIL,45,53,"1,184",695.00,"822,880.00"
2020-02-25,2020022501025436,NIL,45,28,500,694.00,"347,000.00"
2020-02-25,2020022501025435,NIL,45,59,"1,000",693.00,"693,000.00"
2020-02-25,2020022501025446,NIL,45,8,200,698.00,"139,600.00"
2020-02-25,2020022501025445,NIL,45,42,179,698.00,"124,942.00"
2020-02-25,2020022501025444,NIL,45,59,500,698.00,"349,000.00"
2020-02-25,2020022501025443,NIL,45,28,200,698.00,"139,600.00"
2020-02-25,2020022501025442,NIL,45,28,200,697.00,"139,400.00"
2020-02-25,2020022501025441,NIL,45,59,60,697.00,"41,820.00"
2020-02-25,2020022501025229,NLBBL,51,40,50,925.00,"46,250.00"
2020-02-25,2020022501025419,NLIC,56,56,20,"1,384.00","27,680.00"
2020-02-25,2020022501025418,NLIC,6,56,41,"1,384.00","56,744.00"
2020-02-25,2020022501025330,NLIC,6,51,59,"1,384.00","81,656.00"
2020-02-25,2020022501025329,NLIC,56,51,50,"1,384.00","69,200.00"
2020-02-25,2020022501025282,NLIC,25,34,100,"1,385.00","138,500.00"
2020-02-25,2020022501025041,NLIC,56,21,22,"1,384.00","30,448.00"
2020-02-25,2020022501025400,NLICL,54,44,400,800.00,"320,000.00"
2020-02-25,2020022501025288,NLICL,45,44,150,800.00,"120,000.00"
2020-02-25,2020022501025260,NLICL,59,44,245,800.00,"196,000.00"
2020-02-25,2020022501025259,NLICL,51,39,200,810.00,"162,000.00"
2020-02-25,2020022501025224,NLICL,25,33,20,808.00,"16,160.00"
2020-02-25,2020022501025223,NLICL,25,14,20,808.00,"16,160.00"
2020-02-25,2020022501025509,NMB,35,28,500,477.00,"238,500.00"
2020-02-25,2020022501025484,NMB,35,28,100,477.00,"47,700.00"
2020-02-25,2020022501025455,NMB,57,28,26,477.00,"12,402.00"
2020-02-25,2020022501025397,NMB,33,6,110,478.00,"52,580.00"
2020-02-25,2020022501025396,NMB,33,58,890,478.00,"425,420.00"
2020-02-25,2020022501025381,NMB,35,58,80,478.00,"38,240.00"
2020-02-25,2020022501025155,NMB,21,34,10,477.00,"4,770.00"
2020-02-25,2020022501025142,NMB,43,34,100,477.00,"47,700.00"
2020-02-25,2020022501025045,NMB,49,34,93,477.00,"44,361.00"
2020-02-25,2020022501025044,NMB,49,14,407,477.00,"194,139.00"
2020-02-25,2020022501025039,NMB,34,14,100,477.00,"47,700.00"
2020-02-25,2020022501025328,NMB,57,45,200,477.00,"95,400.00"
2020-02-25,2020022501025327,NMB,57,14,37,477.00,"17,649.00"
2020-02-25,2020022501025326,NMB,57,14,37,477.00,"17,649.00"
2020-02-25,2020022501025300,NMB,35,34,147,477.00,"70,119.00"
2020-02-25,2020022501025222,NMB,34,58,16,476.00,"7,616.00"
2020-02-25,2020022501025221,NMB,19,58,110,476.00,"52,360.00"
2020-02-25,2020022501025511,NSEWA,13,47,50,916.00,"45,800.00"
2020-02-25,2020022501025510,NSEWA,13,43,10,916.00,"9,160.00"
2020-02-25,2020022501025482,NSEWA,13,11,200,900.00,"180,000.00"
2020-02-25,2020022501025481,NSEWA,13,33,350,899.00,"314,650.00"
2020-02-25,2020022501025395,NSEWA,58,38,50,898.00,"44,900.00"
2020-02-25,2020022501025279,NTC,42,59,191,722.00,"137,902.00"
2020-02-25,2020022501025122,NTC,42,47,200,722.00,"144,400.00"
2020-02-25,2020022501025121,NTC,42,7,300,722.00,"216,600.00"
2020-02-25,2020022501025120,NTC,42,22,100,720.00,"72,000.00"
2020-02-25,2020022501025119,NTC,42,43,209,710.00,"148,390.00"
2020-02-25,2020022501025280,OHL,4,38,627,501.00,"314,127.00"
2020-02-25,2020022501025504,PCBL,53,20,"1,756",318.00,"558,408.00"
2020-02-25,2020022501025310,PCBL,53,20,"2,800",318.00,"890,400.00"
2020-02-25,2020022501025309,PCBL,4,20,200,318.00,"63,600.00"
2020-02-25,2020022501025257,PCBL,35,20,100,319.00,"31,900.00"
2020-02-25,2020022501025174,PCBL,21,20,200,319.00,"63,800.00"
2020-02-25,2020022501025173,PCBL,50,20,944,319.00,"301,136.00"
2020-02-25,2020022501025085,PFL,29,57,50,169.00,"8,450.00"
2020-02-25,2020022501025333,PIC,46,36,20,735.00,"14,700.00"
2020-02-25,2020022501025212,PIC,46,36,49,735.00,"36,015.00"
2020-02-25,2020022501025211,PIC,59,36,120,735.00,"88,200.00"
2020-02-25,2020022501025210,PIC,39,36,31,735.00,"22,785.00"
2020-02-25,2020022501025353,PICL,57,4,10,570.00,"5,700.00"
2020-02-25,2020022501025512,PLIC,28,19,100,688.00,"68,800.00"
2020-02-25,2020022501025394,PLIC,45,56,200,683.00,"136,600.00"
2020-02-25,2020022501025508,PRIN,46,56,36,527.00,"18,972.00"
2020-02-25,2020022501025507,PRIN,49,56,30,527.00,"15,810.00"
2020-02-25,2020022501025506,PRIN,20,56,100,528.00,"52,800.00"
2020-02-25,2020022501025392,PRIN,56,44,93,530.00,"49,290.00"
2020-02-25,2020022501025258,PRIN,57,44,20,530.00,"10,600.00"
2020-02-25,2020022501025422,PRVU,58,41,200,267.00,"53,400.00"
2020-02-25,2020022501025403,PRVU,49,42,542,268.00,"145,256.00"
2020-02-25,2020022501025254,PRVU,49,34,458,268.00,"122,744.00"
2020-02-25,2020022501025069,PRVU,45,34,42,268.00,"11,256.00"
2020-02-25,2020022501025480,RADHI,38,50,15,199.00,"2,985.00"
2020-02-25,2020022501025479,RADHI,38,58,11,198.00,"2,178.00"
2020-02-25,2020022501025043,RADHI,38,50,10,199.00,"1,990.00"
2020-02-25,2020022501025332,RBCL,21,34,45,"11,302.00","508,590.00"
2020-02-25,2020022501025331,RBCL,39,34,10,"11,302.00","113,020.00"
2020-02-25,2020022501025535,RBCLPO,41,34,40,"10,000.00","400,000.00"
2020-02-25,2020022501025497,RHPL,57,42,10,172.00,"1,720.00"
2020-02-25,2020022501025373,RHPL,14,45,192,175.00,"33,600.00"
2020-02-25,2020022501025344,RHPL,14,34,40,175.00,"7,000.00"
2020-02-25,2020022501025297,RHPL,14,40,40,175.00,"7,000.00"
2020-02-25,2020022501025263,RHPL,33,34,40,176.00,"7,040.00"
2020-02-25,2020022501025255,RHPL,33,40,40,176.00,"7,040.00"
2020-02-25,2020022501025130,RHPL,33,42,10,176.00,"1,760.00"
2020-02-25,2020022501025086,RHPL,33,40,40,176.00,"7,040.00"
2020-02-25,2020022501025042,RHPL,33,3,40,176.00,"7,040.00"
2020-02-25,2020022501025471,RRHP,33,13,10,112.00,"1,120.00"
2020-02-25,2020022501025493,RSDC,41,14,100,670.00,"67,000.00"
2020-02-25,2020022501025492,RSDC,32,14,100,671.00,"67,100.00"
2020-02-25,2020022501025372,RSDC,57,22,250,673.00,"168,250.00"
2020-02-25,2020022501025292,RSDC,11,14,543,670.00,"363,810.00"
2020-02-25,2020022501025205,RSDC,22,14,100,670.00,"67,000.00"
2020-02-25,2020022501025171,RSDC,48,14,200,670.00,"134,000.00"
2020-02-25,2020022501025126,RSDC,55,14,50,670.00,"33,500.00"
2020-02-25,2020022501025125,RSDC,59,14,57,670.00,"38,190.00"
2020-02-25,2020022501025124,RSDC,22,14,50,672.00,"33,600.00"
2020-02-25,2020022501025116,RSDC,22,51,250,672.00,"168,000.00"
2020-02-25,2020022501025115,RSDC,22,1,200,672.00,"134,400.00"
2020-02-25,2020022501025516,SADBL,4,45,177,186.00,"32,922.00"
2020-02-25,2020022501025515,SADBL,4,48,323,186.00,"60,078.00"
2020-02-25,2020022501025388,SADBL,4,48,177,186.00,"32,922.00"
2020-02-25,2020022501025387,SADBL,4,8,300,184.00,"55,200.00"
2020-02-25,2020022501025208,SADBL,4,45,500,183.00,"91,500.00"
2020-02-25,2020022501025113,SADBL,4,45,"1,000",183.00,"183,000.00"
2020-02-25,2020022501025386,SADBL,4,34,23,183.00,"4,209.00"
2020-02-25,2020022501025338,SADBL,4,34,190,183.00,"34,770.00"
2020-02-25,2020022501025337,SADBL,4,8,10,183.00,"1,830.00"
2020-02-25,2020022501025336,SADBL,4,51,100,183.00,"18,300.00"
2020-02-25,2020022501025335,SADBL,4,8,200,183.00,"36,600.00"
2020-02-25,2020022501025262,SADBL,4,45,200,183.00,"36,600.00"
2020-02-25,2020022501025162,SAPDBL,4,45,25,163.00,"4,075.00"
2020-02-25,2020022501025161,SAPDBL,4,45,25,163.00,"4,075.00"
2020-02-25,2020022501025160,SAPDBL,4,25,60,162.00,"9,720.00"
2020-02-25,2020022501025101,SAPDBL,4,34,500,160.00,"80,000.00"
2020-02-25,2020022501025100,SAPDBL,4,17,60,160.00,"9,600.00"
2020-02-25,2020022501025099,SAPDBL,4,34,16,160.00,"2,560.00"
2020-02-25,2020022501025063,SAPDBL,14,28,268,159.00,"42,612.00"
2020-02-25,2020022501025062,SAPDBL,14,58,116,159.00,"18,444.00"
2020-02-25,2020022501025061,SAPDBL,14,58,116,159.00,"18,444.00"
2020-02-25,2020022501025060,SAPDBL,14,56,500,158.00,"79,000.00"
2020-02-25,2020022501025098,SAPDBL,4,11,60,160.00,"9,600.00"
2020-02-25,2020022501025097,SAPDBL,4,55,59,160.00,"9,440.00"
2020-02-25,2020022501025096,SAPDBL,4,34,129,160.00,"20,640.00"
2020-02-25,2020022501025095,SAPDBL,4,34,293,160.00,"46,880.00"
2020-02-25,2020022501025094,SAPDBL,4,26,53,160.00,"8,480.00"
2020-02-25,2020022501025093,SAPDBL,4,28,242,159.00,"38,478.00"
2020-02-25,2020022501025424,SBI,22,13,200,481.00,"96,200.00"
2020-02-25,2020022501025243,SBL,11,58,210,351.00,"73,710.00"
2020-02-25,2020022501025242,SBL,11,1,63,351.00,"22,113.00"
2020-02-25,2020022501025476,SCB,38,43,500,725.00,"362,500.00"
2020-02-25,2020022501025475,SCB,45,43,50,725.00,"36,250.00"
2020-02-25,2020022501025474,SCB,57,43,42,725.00,"30,450.00"
2020-02-25,2020022501025317,SCB,56,32,26,728.00,"18,928.00"
2020-02-25,2020022501025316,SCB,56,33,74,727.00,"53,798.00"
2020-02-25,2020022501025483,SDESI,25,45,10,"1,150.00","11,500.00"
2020-02-25,2020022501025271,SDESI,45,58,13,"1,135.00","14,755.00"
2020-02-25,2020022501025270,SDESI,45,51,17,"1,130.00","19,210.00"
2020-02-25,2020022501025156,SDESI,25,51,10,"1,130.00","11,300.00"
2020-02-25,2020022501025087,SDESI,34,25,500,"1,112.00","556,000.00"
2020-02-25,2020022501025489,SEF,51,38,"1,500",9.81,"14,715.00"
2020-02-25,2020022501025390,SEF,51,51,"5,000",9.81,"49,050.00"
2020-02-25,2020022501025530,SHIVM,34,19,100,684.00,"68,400.00"
2020-02-25,2020022501025466,SHIVM,39,7,650,685.00,"445,250.00"
2020-02-25,2020022501025465,SHIVM,17,7,500,685.00,"342,500.00"
2020-02-25,2020022501025464,SHIVM,33,7,200,686.00,"137,200.00"
2020-02-25,2020022501025323,SHIVM,39,29,30,687.00,"20,610.00"
2020-02-25,2020022501025523,SHPC,56,4,500,254.00,"127,000.00"
2020-02-25,2020022501025461,SHPC,58,4,70,254.00,"17,780.00"
2020-02-25,2020022501025460,SHPC,58,38,430,253.00,"108,790.00"
2020-02-25,2020022501025454,SHPC,11,38,10,253.00,"2,530.00"
2020-02-25,2020022501025209,SHPC,56,4,200,254.00,"50,800.00"
2020-02-25,2020022501025118,SHPC,56,13,550,252.00,"138,600.00"
2020-02-25,2020022501025088,SIC,37,55,250,830.00,"207,500.00"
2020-02-25,2020022501025458,SICL,32,44,970,"1,158.00","1,123,260.00"
2020-02-25,2020022501025393,SICL,14,44,30,"1,158.00","34,740.00"
2020-02-25,2020022501025278,SICL,34,44,177,"1,159.00","205,143.00"
2020-02-25,2020022501025277,SICL,34,51,45,"1,159.00","52,155.00"
2020-02-25,2020022501025276,SICL,34,56,174,"1,159.00","201,666.00"
2020-02-25,2020022501025275,SICL,34,56,104,"1,159.00","120,536.00"
2020-02-25,2020022501025233,SICL,43,56,100,"1,159.00","115,900.00"
2020-02-25,2020022501025164,SICL,4,56,26,"1,159.00","30,134.00"
2020-02-25,2020022501025163,SICL,4,14,74,"1,159.00","85,766.00"
2020-02-25,2020022501025092,SIL,46,44,693,668.00,"462,924.00"
2020-02-25,2020022501025091,SIL,46,44,307,668.00,"205,076.00"
2020-02-25,2020022501025490,SJCL,51,41,"1,100",165.00,"181,500.00"
2020-02-25,2020022501025296,SJCL,56,45,"1,600",164.00,"262,400.00"
2020-02-25,2020022501025295,SJCL,55,45,380,164.00,"62,320.00"
2020-02-25,2020022501025294,SJCL,6,45,"1,000",165.00,"165,000.00"
2020-02-25,2020022501025166,SJCL,6,13,20,165.00,"3,300.00"
2020-02-25,2020022501025293,SJCL,6,45,20,165.00,"3,300.00"
2020-02-25,2020022501025202,SJCL,6,42,10,165.00,"1,650.00"
2020-02-25,2020022501025186,SJCL,6,40,20,165.00,"3,300.00"
2020-02-25,2020022501025531,SLBBL,34,29,300,"1,049.00","314,700.00"
2020-02-25,2020022501025193,SLBBL,34,58,70,"1,043.00","73,010.00"
2020-02-25,2020022501025117,SLBBL,55,58,30,"1,043.00","31,290.00"
2020-02-25,2020022501025299,SLBBL,34,44,200,"1,048.00","209,600.00"
2020-02-25,2020022501025298,SLBBL,34,19,100,"1,047.00","104,700.00"
2020-02-25,2020022501025374,SLICL,49,33,186,546.00,"101,556.00"
2020-02-25,2020022501025322,SLICL,49,41,350,540.00,"189,000.00"
2020-02-25,2020022501025321,SLICL,20,41,50,540.00,"27,000.00"
2020-02-25,2020022501025320,SLICL,13,41,500,541.00,"270,500.00"
2020-02-25,2020022501025319,SLICL,21,41,100,542.00,"54,200.00"
2020-02-25,2020022501025281,SLICL,13,49,840,543.00,"456,120.00"
2020-02-25,2020022501025244,SLICL,32,49,100,543.00,"54,300.00"
2020-02-25,2020022501025232,SLICL,29,49,500,543.00,"271,500.00"
2020-02-25,2020022501025231,SLICL,39,49,"1,000",543.00,"543,000.00"
2020-02-25,2020022501025230,SLICL,21,49,100,545.00,"54,500.00"
2020-02-25,2020022501025207,SLICL,35,44,500,547.00,"273,500.00"
2020-02-25,2020022501025070,SLICL,39,57,100,545.00,"54,500.00"
2020-02-25,2020022501025518,SMB,48,13,20,"1,097.00","21,940.00"
2020-02-25,2020022501025517,SMB,48,19,80,"1,097.00","87,760.00"
2020-02-25,2020022501025416,SMB,48,19,100,"1,097.00","109,700.00"
2020-02-25,2020022501025290,SMB,48,57,50,"1,096.00","54,800.00"
2020-02-25,2020022501025289,SMB,48,51,10,"1,095.00","10,950.00"
2020-02-25,2020022501025107,SPDL,48,49,29,114.00,"3,306.00"
2020-02-25,2020022501025108,SRBL,44,50,50,276.00,"13,800.00"
2020-02-25,2020022501025253,TRH,50,13,20,311.00,"6,220.00"
2020-02-25,2020022501025050,UFL,17,55,300,193.00,"57,900.00"
2020-02-25,2020022501025049,UFL,17,6,500,193.00,"96,500.00"
2020-02-25,2020022501025048,UFL,17,21,100,193.00,"19,300.00"
2020-02-25,2020022501025047,UFL,17,6,10,193.00,"1,930.00"
2020-02-25,2020022501025046,UFL,17,51,50,192.00,"9,600.00"
2020-02-25,2020022501025478,UIC,33,48,414,454.00,"187,956.00"
2020-02-25,2020022501025477,UIC,33,57,86,454.00,"39,044.00"
2020-02-25,2020022501025249,UIC,45,42,200,450.00,"90,000.00"
2020-02-25,2020022501025248,UIC,44,42,"2,700",450.00,"1,215,000.00"
2020-02-25,2020022501025226,UIC,48,57,400,454.00,"181,600.00"
2020-02-25,2020022501025225,UIC,48,34,100,453.00,"45,300.00"
2020-02-25,2020022501025114,UIC,7,34,325,451.00,"146,575.00"
2020-02-25,2020022501025423,UMHL,34,42,10,122.00,"1,220.00"
2020-02-25,2020022501025318,UMHL,34,13,14,122.00,"1,708.00"
2020-02-25,2020022501025378,UPCL,46,42,50,85.00,"4,250.00"
2020-02-25,2020022501025272,UPCL,46,42,50,85.00,"4,250.00"
2020-02-25,2020022501025420,UPPER,33,45,761,255.00,"194,055.00"
2020-02-25,2020022501025405,UPPER,33,57,57,255.00,"14,535.00"
2020-02-25,2020022501025383,UPPER,33,36,50,255.00,"12,750.00"
2020-02-25,2020022501025371,UPPER,33,41,100,255.00,"25,500.00"
2020-02-25,2020022501025172,UPPER,57,21,600,252.00,"151,200.00"
2020-02-25,2020022501025346,UPPER,57,14,230,252.00,"57,960.00"
2020-02-25,2020022501025306,UPPER,49,10,150,254.00,"38,100.00"
2020-02-25,2020022501025305,UPPER,49,14,50,254.00,"12,700.00"
2020-02-25,2020022501025268,UPPER,57,58,40,252.00,"10,080.00"
2020-02-25,2020022501025358,UPPER,33,47,100,255.00,"25,500.00"
2020-02-25,2020022501025357,UPPER,33,58,"1,000",255.00,"255,000.00"
2020-02-25,2020022501025356,UPPER,33,57,300,255.00,"76,500.00"
2020-02-25,2020022501025355,UPPER,33,6,350,255.00,"89,250.00"
2020-02-25,2020022501025354,UPPER,33,10,850,254.00,"215,900.00"
2020-02-25,2020022501025347,UPPER,46,14,10,252.00,"2,520.00"
2020-02-25,2020022501025364,UPPER,33,22,50,255.00,"12,750.00"
2020-02-25,2020022501025363,UPPER,33,42,200,255.00,"51,000.00"
2020-02-25,2020022501025362,UPPER,33,34,40,255.00,"10,200.00"
2020-02-25,2020022501025361,UPPER,33,33,40,255.00,"10,200.00"
2020-02-25,2020022501025360,UPPER,33,34,62,255.00,"15,810.00"
2020-02-25,2020022501025359,UPPER,33,7,350,255.00,"89,250.00"
2020-02-25,2020022501025370,UPPER,33,48,300,255.00,"76,500.00"
2020-02-25,2020022501025369,UPPER,33,59,200,255.00,"51,000.00"
2020-02-25,2020022501025368,UPPER,33,54,50,255.00,"12,750.00"
2020-02-25,2020022501025367,UPPER,33,25,500,255.00,"127,500.00"
2020-02-25,2020022501025366,UPPER,33,22,100,255.00,"25,500.00"
2020-02-25,2020022501025365,UPPER,33,36,540,255.00,"137,700.00"
2020-02-25,2020022501025314,WOMI,25,47,80,"1,208.00","96,640.00"
2020-02-25,2020022501025313,WOMI,25,55,100,"1,205.00","120,500.00"
2020-02-25,2020022501025312,WOMI,25,33,100,"1,203.00","120,300.00"
2020-02-25,2020022501024868,AKPL,21,40,500,143.00,"71,500.00"
2020-02-25,2020022501024867,AKPL,36,40,10,143.00,"1,430.00"
2020-02-25,2020022501025031,ALICL,7,33,400,695.00,"278,000.00"
2020-02-25,2020022501024685,ALICL,58,32,10,699.00,"6,990.00"
2020-02-25,2020022501024684,ALICL,58,56,50,690.00,"34,500.00"
2020-02-25,2020022501024550,ALICL,19,55,200,690.00,"138,000.00"
2020-02-25,2020022501025021,BOKL,42,51,200,262.00,"52,400.00"
2020-02-25,2020022501024950,BOKL,42,51,200,262.00,"52,400.00"
2020-02-25,2020022501024896,BOKL,34,45,"1,148",260.00,"298,480.00"
2020-02-25,2020022501024895,BOKL,51,45,"1,500",260.00,"390,000.00"
2020-02-25,2020022501024894,BOKL,57,45,100,260.00,"26,000.00"
2020-02-25,2020022501024893,BOKL,59,45,400,260.00,"104,000.00"
2020-02-25,2020022501024636,BOKL,14,33,200,261.00,"52,200.00"
2020-02-25,2020022501024892,BOKL,35,45,100,260.00,"26,000.00"
2020-02-25,2020022501024891,BOKL,59,45,11,260.00,"2,860.00"
2020-02-25,2020022501024890,BOKL,40,45,300,260.00,"78,000.00"
2020-02-25,2020022501024889,BOKL,21,45,33,260.00,"8,580.00"
2020-02-25,2020022501024888,BOKL,14,45,50,261.00,"13,050.00"
2020-02-25,2020022501024773,BOKL,42,51,200,262.00,"52,400.00"
2020-02-25,2020022501024644,BPCL,50,56,11,402.00,"4,422.00"
2020-02-25,2020022501024911,CBL,39,33,200,157.00,"31,400.00"
2020-02-25,2020022501024910,CBL,39,34,299,157.00,"46,943.00"
2020-02-25,2020022501024833,CBL,37,34,"3,000",157.00,"471,000.00"
2020-02-25,2020022501024656,CBL,59,11,200,156.00,"31,200.00"
2020-02-25,2020022501024576,CBL,59,34,422,157.00,"66,254.00"
2020-02-25,2020022501024575,CBL,59,6,78,157.00,"12,246.00"
2020-02-25,2020022501024872,CCBL,58,47,"1,000",191.00,"191,000.00"
2020-02-25,2020022501024842,CCBL,48,47,"1,000",191.00,"191,000.00"
2020-02-25,2020022501024803,CCBL,48,45,"1,000",191.00,"191,000.00"
2020-02-25,2020022501024745,CCBL,14,42,"1,500",192.00,"288,000.00"
2020-02-25,2020022501024705,CCBL,6,28,"4,359",190.00,"828,210.00"
2020-02-25,2020022501024692,CCBL,55,28,"2,000",191.00,"382,000.00"
2020-02-25,2020022501024691,CCBL,18,28,300,191.00,"57,300.00"
2020-02-25,2020022501024690,CCBL,13,28,89,191.00,"16,999.00"
2020-02-25,2020022501024609,CCBL,22,42,300,192.00,"57,600.00"
2020-02-25,2020022501024608,CCBL,36,42,"1,000",192.00,"192,000.00"
2020-02-25,2020022501024607,CCBL,51,42,181,192.00,"34,752.00"
2020-02-25,2020022501024698,CCBL,16,28,500,190.00,"95,000.00"
2020-02-25,2020022501024697,CCBL,26,28,"1,000",190.00,"190,000.00"
2020-02-25,2020022501024696,CCBL,42,28,500,190.00,"95,000.00"
2020-02-25,2020022501024695,CCBL,25,28,402,190.00,"76,380.00"
2020-02-25,2020022501024694,CCBL,57,28,300,191.00,"57,300.00"
2020-02-25,2020022501024693,CCBL,29,28,"1,000",191.00,"191,000.00"
2020-02-25,2020022501024704,CCBL,49,28,"1,000",190.00,"190,000.00"
2020-02-25,2020022501024703,CCBL,49,28,"2,000",190.00,"380,000.00"
2020-02-25,2020022501024702,CCBL,49,28,"5,000",190.00,"950,000.00"
2020-02-25,2020022501024701,CCBL,42,28,200,190.00,"38,000.00"
2020-02-25,2020022501024700,CCBL,48,28,350,190.00,"66,500.00"
2020-02-25,2020022501024699,CCBL,16,28,"1,000",190.00,"190,000.00"
2020-02-25,2020022501024652,CHCL,21,50,80,466.00,"37,280.00"
2020-02-25,2020022501024651,CHCL,21,47,20,465.00,"9,300.00"
2020-02-25,2020022501024650,CHCL,21,36,30,465.00,"13,950.00"
2020-02-25,2020022501024649,CLBSL,17,40,36,"1,256.00","45,216.00"
2020-02-25,2020022501024648,CLBSL,19,40,50,"1,256.00","62,800.00"
2020-02-25,2020022501024875,CORBL,48,45,600,137.00,"82,200.00"
2020-02-25,2020022501024933,DDBL,6,19,100,"1,040.00","104,000.00"
2020-02-25,2020022501024736,DDBL,6,36,45,"1,040.00","46,800.00"
2020-02-25,2020022501024735,DDBL,21,36,80,"1,040.00","83,200.00"
2020-02-25,2020022501025027,EIC,21,41,200,485.00,"97,000.00"
2020-02-25,2020022501024969,EIC,44,41,120,485.00,"58,200.00"
2020-02-25,2020022501024968,EIC,44,49,300,485.00,"145,500.00"
2020-02-25,2020022501024962,EIC,21,49,200,485.00,"97,000.00"
2020-02-25,2020022501024836,EIC,44,7,500,484.00,"242,000.00"
2020-02-25,2020022501024835,EIC,44,43,100,484.00,"48,400.00"
2020-02-25,2020022501024645,EIC,40,43,100,484.00,"48,400.00"
2020-02-25,2020022501024798,FMDBL,44,42,"1,000",654.00,"654,000.00"
2020-02-25,2020022501024630,FMDBL,45,8,200,658.00,"131,600.00"
2020-02-25,2020022501024548,FMDBL,40,14,100,657.00,"65,700.00"
2020-02-25,2020022501024547,FMDBL,40,14,61,657.00,"40,077.00"
2020-02-25,2020022501024546,FMDBL,40,47,"1,000",657.00,"657,000.00"
2020-02-25,2020022501024930,FOWAD,42,34,200,"1,836.00","367,200.00"
2020-02-25,2020022501024929,FOWAD,42,6,250,"1,834.00","458,500.00"
2020-02-25,2020022501024928,FOWAD,42,32,25,"1,825.00","45,625.00"
2020-02-25,2020022501024927,FOWAD,42,47,20,"1,825.00","36,500.00"
2020-02-25,2020022501024554,GBBL,25,45,382,257.00,"98,174.00"
2020-02-25,2020022501025020,GBIME,45,33,222,292.00,"64,824.00"
2020-02-25,2020022501024980,GBIME,6,33,200,292.00,"58,400.00"
2020-02-25,2020022501024923,GBIME,45,25,50,291.00,"14,550.00"
2020-02-25,2020022501024801,GBIME,8,33,578,292.00,"168,776.00"
2020-02-25,2020022501024570,GBIME,8,47,400,292.00,"116,800.00"
2020-02-25,2020022501024545,GBIME,8,45,22,292.00,"6,424.00"
2020-02-25,2020022501025036,GBLBS,22,28,305,645.00,"196,725.00"
2020-02-25,2020022501025035,GBLBS,22,40,10,644.00,"6,440.00"
2020-02-25,2020022501024834,GBLBS,20,40,10,642.00,"6,420.00"
2020-02-25,2020022501025032,GHL,33,6,20,81.00,"1,620.00"
2020-02-25,2020022501024989,GHL,33,4,30,80.00,"2,400.00"
2020-02-25,2020022501024850,GILB,6,43,50,"1,602.00","80,100.00"
2020-02-25,2020022501024849,GILB,6,44,30,"1,602.00","48,060.00"
2020-02-25,2020022501024848,GILB,6,55,50,"1,602.00","80,100.00"
2020-02-25,2020022501024941,GUFL,44,42,20,137.00,"2,740.00"
2020-02-25,2020022501024631,GUFL,35,39,500,136.00,"68,000.00"
2020-02-25,2020022501024795,HBL,17,45,259,615.00,"159,285.00"
