Date,Transact. No.,Symbol,Buyer,Seller,Quantity,Rate,Amount
2019-12-05,2019120501005899,ADBL,51,37,100,405.00,"40,500.00"
2019-12-05,2019120501005848,ADBL,51,43,112,404.00,"45,248.00"
2019-12-05,2019120501005805,ADBL,57,37,10,405.00,"4,050.00"
2019-12-05,2019120501005776,ADBL,51,39,10,404.00,"4,040.00"
2019-12-05,2019120501005775,ADBL,45,39,40,404.00,"16,160.00"
2019-12-05,2019120501005760,ADBL,41,37,15,405.00,"6,075.00"
2019-12-05,2019120501005874,AHPC,32,16,10,96.00,960.00
2019-12-05,2019120501006046,AKBSL,10,36,10,448.00,"4,480.00"
2019-12-05,2019120501006025,AKBSL,10,36,10,448.00,"4,480.00"
2019-12-05,2019120501005995,AKBSL,10,21,10,445.00,"4,450.00"
2019-12-05,2019120501005994,AKBSL,10,21,10,445.00,"4,450.00"
2019-12-05,2019120501005942,AKBSL,10,21,10,445.00,"4,450.00"
2019-12-05,2019120501005871,AKBSL,43,43,10,441.00,"4,410.00"
2019-12-05,2019120501006034,AKPL,57,39,203,116.00,"23,548.00"
2019-12-05,2019120501005750,AKPL,1,41,399,115.00,"45,885.00"
2019-12-05,2019120501005738,AKPL,1,38,190,115.00,"21,850.00"
2019-12-05,2019120501005735,AKPL,38,38,10,117.00,"1,170.00"
2019-12-05,2019120501005711,AKPL,38,39,10,118.00,"1,180.00"
2019-12-05,2019120501006068,ALBSL,44,40,10,429.00,"4,290.00"
2019-12-05,2019120501005804,ALBSL,6,1,10,428.00,"4,280.00"
2019-12-05,2019120501005765,ALBSL,41,5,350,425.00,"148,750.00"
2019-12-05,2019120501005634,ALBSL,41,40,150,425.00,"63,750.00"
2019-12-05,2019120501005953,ALICL,47,53,50,342.00,"17,100.00"
2019-12-05,2019120501005687,ALICL,26,43,186,340.00,"63,240.00"
2019-12-05,2019120501005621,API,25,52,30,104.00,"3,120.00"
2019-12-05,2019120501005620,API,25,52,500,103.00,"51,500.00"
2019-12-05,2019120501005619,API,25,16,50,102.00,"5,100.00"
2019-12-05,2019120501005592,BNT,35,36,80,"6,076.00","486,080.00"
2019-12-05,2019120501005591,BNT,34,36,10,"6,078.00","60,780.00"
2019-12-05,2019120501005590,BNT,40,36,10,"6,080.00","60,800.00"
2019-12-05,2019120501005997,BOKL,42,57,10,215.00,"2,150.00"
2019-12-05,2019120501005855,BOKL,56,5,200,214.00,"42,800.00"
2019-12-05,2019120501005681,BOKL,6,5,100,214.00,"21,400.00"
2019-12-05,2019120501005680,BOKL,34,5,100,215.00,"21,500.00"
2019-12-05,2019120501005679,BOKL,49,5,100,215.00,"21,500.00"
2019-12-05,2019120501005678,BOKL,32,5,210,215.00,"45,150.00"
2019-12-05,2019120501006047,BPCL,33,43,10,334.00,"3,340.00"
2019-12-05,2019120501005904,CBBL,4,57,20,780.00,"15,600.00"
2019-12-05,2019120501005903,CBBL,54,57,50,780.00,"39,000.00"
2019-12-05,2019120501005902,CBBL,34,57,50,781.00,"39,050.00"
2019-12-05,2019120501005637,CBBL,45,1,10,782.00,"7,820.00"
2019-12-05,2019120501005636,CBBL,39,1,60,782.00,"46,920.00"
2019-12-05,2019120501005635,CBBL,36,1,30,783.00,"23,490.00"
2019-12-05,2019120501006082,CBL,43,19,10,140.00,"1,400.00"
2019-12-05,2019120501005982,CBL,58,51,700,139.00,"97,300.00"
2019-12-05,2019120501005813,CBL,21,51,300,139.00,"41,700.00"
2019-12-05,2019120501006002,CCBL,49,58,719,162.00,"116,478.00"
2019-12-05,2019120501006001,CCBL,46,58,100,162.00,"16,200.00"
2019-12-05,2019120501006000,CCBL,40,58,181,162.00,"29,322.00"
2019-12-05,2019120501005978,CCBL,40,25,100,162.00,"16,200.00"
2019-12-05,2019120501005685,CCBL,7,35,189,163.00,"30,807.00"
2019-12-05,2019120501005897,CHCL,49,56,12,359.00,"4,308.00"
2019-12-05,2019120501005728,CHCL,48,16,50,356.00,"17,800.00"
2019-12-05,2019120501005891,CIT,19,13,50,"1,717.00","85,850.00"
2019-12-05,2019120501005922,CZBIL,21,17,381,183.00,"69,723.00"
2019-12-05,2019120501005714,CZBIL,21,35,407,183.00,"74,481.00"
2019-12-05,2019120501005691,CZBIL,21,10,212,183.00,"38,796.00"
2019-12-05,2019120501005690,CZBIL,32,10,184,183.00,"33,672.00"
2019-12-05,2019120501005992,DBBL,26,57,10,123.00,"1,230.00"
2019-12-05,2019120501005895,DBBL,22,26,10,122.00,"1,220.00"
2019-12-05,2019120501006085,DDBL,10,4,20,736.00,"14,720.00"
2019-12-05,2019120501006067,DDBL,50,58,200,742.00,"148,400.00"
2019-12-05,2019120501005976,DDBL,50,32,80,750.00,"60,000.00"
2019-12-05,2019120501005975,DDBL,50,16,110,750.00,"82,500.00"
2019-12-05,2019120501005921,DDBL,57,44,100,750.00,"75,000.00"
2019-12-05,2019120501005737,DDBL,50,4,10,741.00,"7,410.00"
2019-12-05,2019120501005730,DDBL,50,4,30,742.00,"22,260.00"
2019-12-05,2019120501005880,EBL,44,43,151,546.00,"82,446.00"
2019-12-05,2019120501005866,EBL,44,58,849,546.00,"463,554.00"
2019-12-05,2019120501005865,EBL,14,58,151,546.00,"82,446.00"
2019-12-05,2019120501005707,EBL,14,22,49,546.00,"26,754.00"
2019-12-05,2019120501006066,EIC,38,49,10,224.00,"2,240.00"
2019-12-05,2019120501006003,EIC,38,51,40,222.00,"8,880.00"
2019-12-05,2019120501005917,EIC,29,16,100,223.00,"22,300.00"
2019-12-05,2019120501005801,EIC,39,49,300,224.00,"67,200.00"
2019-12-05,2019120501005798,EIC,55,49,227,224.00,"50,848.00"
2019-12-05,2019120501005797,EIC,41,49,50,226.00,"11,300.00"
2019-12-05,2019120501006059,FMDBL,53,36,40,304.00,"12,160.00"
2019-12-05,2019120501005940,FOWAD,39,49,40,"1,353.00","54,120.00"
2019-12-05,2019120501005939,FOWAD,5,49,30,"1,353.00","40,590.00"
2019-12-05,2019120501005938,FOWAD,49,49,30,"1,353.00","40,590.00"
2019-12-05,2019120501005872,FOWAD,1,13,58,"1,355.00","78,590.00"
2019-12-05,2019120501005799,FOWAD,19,13,20,"1,355.00","27,100.00"
2019-12-05,2019120501005727,FOWAD,22,17,100,"1,355.00","135,500.00"
2019-12-05,2019120501005915,GBBL,34,35,600,197.00,"118,200.00"
2019-12-05,2019120501005770,GBBL,34,13,441,197.00,"86,877.00"
2019-12-05,2019120501005594,GBBL,34,14,133,197.00,"26,201.00"
2019-12-05,2019120501005593,GBBL,4,14,67,197.00,"13,199.00"
2019-12-05,2019120501005961,GBLBS,54,34,50,296.00,"14,800.00"
2019-12-05,2019120501005658,GBLBS,54,22,10,296.00,"2,960.00"
2019-12-05,2019120501005657,GBLBS,45,22,55,296.00,"16,280.00"
2019-12-05,2019120501005641,GBLBS,19,22,50,297.00,"14,850.00"
2019-12-05,2019120501005640,GBLBS,18,22,20,297.00,"5,940.00"
2019-12-05,2019120501005639,GBLBS,55,22,20,297.00,"5,940.00"
2019-12-05,2019120501005850,GGBSL,48,26,10,618.00,"6,180.00"
2019-12-05,2019120501005830,GGBSL,52,39,10,617.00,"6,170.00"
2019-12-05,2019120501005829,GGBSL,52,21,10,610.00,"6,100.00"
2019-12-05,2019120501005828,GGBSL,52,21,10,610.00,"6,100.00"
2019-12-05,2019120501005827,GGBSL,52,17,10,610.00,"6,100.00"
2019-12-05,2019120501005826,GGBSL,52,21,10,610.00,"6,100.00"
2019-12-05,2019120501005825,GGBSL,52,21,10,609.00,"6,090.00"
2019-12-05,2019120501005824,GGBSL,52,21,10,609.00,"6,090.00"
2019-12-05,2019120501005823,GGBSL,52,22,39,609.00,"23,751.00"
2019-12-05,2019120501005920,GLBSL,54,32,100,415.00,"41,500.00"
2019-12-05,2019120501005802,GLICL,52,41,200,380.00,"76,000.00"
2019-12-05,2019120501005878,GMFBS,16,13,10,513.00,"5,130.00"
2019-12-05,2019120501005788,GMFBS,56,53,105,504.00,"52,920.00"
2019-12-05,2019120501005787,GMFBS,56,17,10,504.00,"5,040.00"
2019-12-05,2019120501005786,GMFBS,56,34,50,503.00,"25,150.00"
2019-12-05,2019120501005795,HBL,58,22,176,490.00,"86,240.00"
2019-12-05,2019120501005724,HBL,7,22,60,490.00,"29,400.00"
2019-12-05,2019120501005723,HBL,58,22,75,490.00,"36,750.00"
2019-12-05,2019120501006040,HDL,45,34,20,"1,235.00","24,700.00"
2019-12-05,2019120501006039,HDL,58,34,70,"1,236.00","86,520.00"
2019-12-05,2019120501005956,HDL,58,58,30,"1,236.00","37,080.00"
2019-12-05,2019120501005924,HDL,45,58,20,"1,236.00","24,720.00"
2019-12-05,2019120501005923,HDL,34,58,50,"1,236.00","61,800.00"
2019-12-05,2019120501005845,HDL,34,34,50,"1,236.00","61,800.00"
2019-12-05,2019120501005844,HDL,22,34,90,"1,237.00","111,330.00"
2019-12-05,2019120501005693,HDL,35,7,50,"1,238.00","61,900.00"
2019-12-05,2019120501006044,HGI,49,25,10,254.00,"2,540.00"
2019-12-05,2019120501005991,HGI,49,45,199,250.00,"49,750.00"
2019-12-05,2019120501005906,HGI,5,14,92,251.00,"23,092.00"
2019-12-05,2019120501005869,HGI,5,17,100,251.00,"25,100.00"
2019-12-05,2019120501005849,HIDCL,5,45,20,134.00,"2,680.00"
2019-12-05,2019120501005843,HIDCL,5,5,500,133.00,"66,500.00"
2019-12-05,2019120501005890,ICFC,37,58,500,159.00,"79,500.00"
2019-12-05,2019120501005889,ICFC,43,58,"1,000",159.00,"159,000.00"
2019-12-05,2019120501005888,ICFC,19,58,900,159.00,"143,100.00"
2019-12-05,2019120501005954,IGI,49,54,10,284.00,"2,840.00"
2019-12-05,2019120501005812,IGI,55,11,100,279.00,"27,900.00"
2019-12-05,2019120501005986,ILBS,57,33,10,515.00,"5,150.00"
2019-12-05,2019120501005985,ILBS,57,20,40,510.00,"20,400.00"
2019-12-05,2019120501005984,ILBS,57,11,20,510.00,"10,200.00"
2019-12-05,2019120501005663,ILBS,57,11,80,510.00,"40,800.00"
2019-12-05,2019120501006050,JBBL,38,38,50,164.00,"8,200.00"
2019-12-05,2019120501005670,JBBL,45,13,300,163.00,"48,900.00"
2019-12-05,2019120501005669,JBBL,17,13,200,163.00,"32,600.00"
2019-12-05,2019120501005668,JBBL,50,13,288,163.00,"46,944.00"
2019-12-05,2019120501005754,JFL,44,17,100,191.00,"19,100.00"
2019-12-05,2019120501005753,JFL,19,17,150,191.00,"28,650.00"
2019-12-05,2019120501005752,JFL,6,17,300,192.00,"57,600.00"
2019-12-05,2019120501005751,JFL,50,17,100,193.00,"19,300.00"
2019-12-05,2019120501006065,JSLBB,51,45,10,"1,256.00","12,560.00"
2019-12-05,2019120501005873,JSLBB,40,34,10,"1,250.00","12,500.00"
2019-12-05,2019120501005646,JSLBB,6,34,80,"1,259.00","100,720.00"
2019-12-05,2019120501005645,JSLBB,6,34,10,"1,259.00","12,590.00"
2019-12-05,2019120501005601,JSLBB,6,21,20,"1,258.00","25,160.00"
2019-12-05,2019120501005600,JSLBB,6,58,15,"1,258.00","18,870.00"
2019-12-05,2019120501006045,KBL,58,50,10,179.00,"1,790.00"
2019-12-05,2019120501005960,KBL,50,4,178,178.00,"31,684.00"
2019-12-05,2019120501005959,KBL,57,4,50,178.00,"8,900.00"
2019-12-05,2019120501005667,KBL,58,50,10,179.00,"1,790.00"
2019-12-05,2019120501005785,KRBL,21,1,300,99.00,"29,700.00"
2019-12-05,2019120501006053,KSBBL,57,21,925,132.00,"122,100.00"
2019-12-05,2019120501006052,KSBBL,47,21,97,132.00,"12,804.00"
2019-12-05,2019120501006051,KSBBL,25,21,478,133.00,"63,574.00"
2019-12-05,2019120501005768,KSBBL,18,6,100,134.00,"13,400.00"
2019-12-05,2019120501005715,KSBBL,25,13,22,133.00,"2,926.00"
2019-12-05,2019120501005713,KSBBL,47,6,200,134.00,"26,800.00"
2019-12-05,2019120501005947,LBBL,57,34,175,170.00,"29,750.00"
2019-12-05,2019120501005791,LBBL,57,22,44,170.00,"7,480.00"
2019-12-05,2019120501005952,LBL,46,17,340,217.00,"73,780.00"
2019-12-05,2019120501006038,LGIL,19,17,50,313.00,"15,650.00"
2019-12-05,2019120501006037,LGIL,50,17,500,313.00,"156,500.00"
2019-12-05,2019120501006036,LGIL,18,17,100,313.00,"31,300.00"
2019-12-05,2019120501006005,LGIL,43,17,310,315.00,"97,650.00"
2019-12-05,2019120501006004,LGIL,42,17,10,316.00,"3,160.00"
2019-12-05,2019120501005792,LGIL,43,10,78,315.00,"24,570.00"
2019-12-05,2019120501006078,MBL,54,58,100,217.00,"21,700.00"
2019-12-05,2019120501006077,MBL,28,58,325,217.00,"70,525.00"
2019-12-05,2019120501006076,MBL,26,58,300,217.00,"65,100.00"
2019-12-05,2019120501006075,MBL,50,58,415,217.00,"90,055.00"
2019-12-05,2019120501005928,MBL,33,46,45,219.00,"9,855.00"
2019-12-05,2019120501005927,MBL,33,57,105,218.00,"22,890.00"
2019-12-05,2019120501005729,MBL,28,57,95,218.00,"20,710.00"
2019-12-05,2019120501005671,MBL,28,46,"1,200",218.00,"261,600.00"
2019-12-05,2019120501005885,MDB,5,28,50,244.00,"12,200.00"
2019-12-05,2019120501005859,MDB,42,49,100,241.00,"24,100.00"
2019-12-05,2019120501006026,MEGA,43,38,10,183.00,"1,830.00"
2019-12-05,2019120501005974,MEGA,46,58,464,181.00,"83,984.00"
2019-12-05,2019120501005973,MEGA,49,58,50,181.00,"9,050.00"
2019-12-05,2019120501005972,MEGA,51,58,50,181.00,"9,050.00"
2019-12-05,2019120501005881,MEGA,33,25,492,182.00,"89,544.00"
2019-12-05,2019120501005796,MEGA,35,36,500,182.00,"91,000.00"
2019-12-05,2019120501005794,MEGA,44,39,200,182.00,"36,400.00"
2019-12-05,2019120501005595,MEGA,36,36,18,182.00,"3,276.00"
2019-12-05,2019120501005971,MEGA,32,58,80,181.00,"14,480.00"
2019-12-05,2019120501005970,MEGA,33,58,100,181.00,"18,100.00"
2019-12-05,2019120501005969,MEGA,39,58,717,181.00,"129,777.00"
2019-12-05,2019120501005968,MEGA,36,58,18,182.00,"3,276.00"
2019-12-05,2019120501005967,MEGA,33,58,508,182.00,"92,456.00"
2019-12-05,2019120501005936,MEGA,43,38,10,183.00,"1,830.00"
2019-12-05,2019120501006073,MERO,32,17,10,427.00,"4,270.00"
2019-12-05,2019120501005748,MERO,41,17,300,426.00,"127,800.00"
2019-12-05,2019120501005983,MLBL,59,33,194,172.00,"33,368.00"
2019-12-05,2019120501005941,MLBL,59,33,444,172.00,"76,368.00"
2019-12-05,2019120501005835,MLBL,59,46,556,172.00,"95,632.00"
2019-12-05,2019120501005834,MLBL,7,46,44,172.00,"7,568.00"
2019-12-05,2019120501005833,MLBL,47,46,200,172.00,"34,400.00"
2019-12-05,2019120501005666,MLBL,59,46,747,172.00,"128,484.00"
2019-12-05,2019120501005944,MNBBL,29,28,200,315.00,"63,000.00"
2019-12-05,2019120501005943,MNBBL,29,47,400,315.00,"126,000.00"
2019-12-05,2019120501005720,MNBBL,49,47,350,315.00,"110,250.00"
2019-12-05,2019120501005719,MNBBL,49,51,150,314.00,"47,100.00"
2019-12-05,2019120501005614,MNBBL,14,45,688,312.00,"214,656.00"
2019-12-05,2019120501005694,MSLB,1,45,34,862.00,"29,308.00"
2019-12-05,2019120501005747,MSMBS,40,39,50,485.00,"24,250.00"
2019-12-05,2019120501005937,NABIL,56,54,160,730.00,"116,800.00"
2019-12-05,2019120501005790,NABIL,14,54,50,730.00,"36,500.00"
2019-12-05,2019120501005773,NABIL,42,54,100,730.00,"73,000.00"
2019-12-05,2019120501005661,NABIL,11,54,90,730.00,"65,700.00"
2019-12-05,2019120501005660,NABIL,40,54,200,730.00,"146,000.00"
2019-12-05,2019120501005659,NABIL,48,54,100,730.00,"73,000.00"
2019-12-05,2019120501005901,NADEP,22,34,90,402.00,"36,180.00"
2019-12-05,2019120501005925,NBB,55,6,"1,000",200.00,"200,000.00"
2019-12-05,2019120501005876,NBB,51,49,258,200.00,"51,600.00"
2019-12-05,2019120501005772,NBB,22,49,"1,050",200.00,"210,000.00"
2019-12-05,2019120501005654,NBB,57,6,"1,000",201.00,"201,000.00"
2019-12-05,2019120501006081,NBL,49,4,10,313.00,"3,130.00"
2019-12-05,2019120501005990,NBL,43,4,10,313.00,"3,130.00"
2019-12-05,2019120501005894,NBL,33,43,20,312.00,"6,240.00"
2019-12-05,2019120501005893,NBL,45,43,30,312.00,"9,360.00"
2019-12-05,2019120501005892,NBL,3,43,50,312.00,"15,600.00"
2019-12-05,2019120501005884,NBL,19,4,200,313.00,"62,600.00"
2019-12-05,2019120501005831,NBL,45,4,250,313.00,"78,250.00"
2019-12-05,2019120501005883,NBL,29,4,45,313.00,"14,085.00"
2019-12-05,2019120501005882,NBL,29,44,55,313.00,"17,215.00"
2019-12-05,2019120501005867,NBL,45,44,150,313.00,"46,950.00"
2019-12-05,2019120501005864,NBL,52,44,200,313.00,"62,600.00"
2019-12-05,2019120501005846,NBL,19,44,100,313.00,"31,300.00"
2019-12-05,2019120501005832,NBL,45,44,25,313.00,"7,825.00"
2019-12-05,2019120501005977,NCCB,33,7,10,201.00,"2,010.00"
2019-12-05,2019120501005862,NCCB,10,17,500,200.00,"100,000.00"
2019-12-05,2019120501005861,NCCB,10,3,136,200.00,"27,200.00"
2019-12-05,2019120501005746,NCCB,58,22,389,199.00,"77,411.00"
2019-12-05,2019120501005656,NCCB,49,3,64,200.00,"12,800.00"
2019-12-05,2019120501005655,NCCB,49,1,36,200.00,"7,200.00"
2019-12-05,2019120501005898,NGPL,58,25,100,108.00,"10,800.00"
2019-12-05,2019120501005842,NHDL,17,40,360,109.00,"39,240.00"
2019-12-05,2019120501006083,NHPC,38,35,390,52.00,"20,280.00"
2019-12-05,2019120501005887,NHPC,46,51,450,51.00,"22,950.00"
2019-12-05,2019120501005838,NHPC,46,51,500,51.00,"25,500.00"
2019-12-05,2019120501005837,NHPC,48,51,950,51.00,"48,450.00"
2019-12-05,2019120501005836,NHPC,1,51,100,51.00,"5,100.00"
2019-12-05,2019120501005808,NIB,45,22,177,412.00,"72,924.00"
2019-12-05,2019120501005703,NIB,7,42,260,411.00,"106,860.00"
2019-12-05,2019120501005702,NIB,51,42,100,411.00,"41,100.00"
2019-12-05,2019120501005701,NIB,25,42,40,411.00,"16,440.00"
2019-12-05,2019120501005700,NIB,48,42,50,412.00,"20,600.00"
2019-12-05,2019120501005699,NIB,35,42,50,412.00,"20,600.00"
2019-12-05,2019120501005627,NIB,42,58,200,412.00,"82,400.00"
2019-12-05,2019120501005626,NIB,42,58,67,412.00,"27,604.00"
2019-12-05,2019120501005633,NIB,51,58,50,412.00,"20,600.00"
2019-12-05,2019120501005632,NIB,49,58,150,412.00,"61,800.00"
2019-12-05,2019120501005631,NIB,46,58,300,412.00,"123,600.00"
2019-12-05,2019120501005630,NIB,37,58,500,412.00,"206,000.00"
2019-12-05,2019120501005629,NIB,42,58,200,412.00,"82,400.00"
2019-12-05,2019120501005628,NIB,1,58,224,412.00,"92,288.00"
2019-12-05,2019120501005839,NICA,36,34,380,407.00,"154,660.00"
2019-12-05,2019120501005780,NICA,45,43,85,406.00,"34,510.00"
2019-12-05,2019120501005779,NICA,57,43,100,406.00,"40,600.00"
2019-12-05,2019120501005778,NICA,50,43,100,406.00,"40,600.00"
2019-12-05,2019120501005777,NICA,46,43,215,406.00,"87,290.00"
2019-12-05,2019120501005675,NICL,25,13,10,265.00,"2,650.00"
2019-12-05,2019120501005674,NICL,25,10,80,261.00,"20,880.00"
2019-12-05,2019120501005673,NICL,25,39,100,260.00,"26,000.00"
2019-12-05,2019120501005993,NIL,22,51,70,381.00,"26,670.00"
2019-12-05,2019120501005854,NIL,51,57,100,382.00,"38,200.00"
2019-12-05,2019120501005853,NIL,52,57,72,382.00,"27,504.00"
2019-12-05,2019120501005692,NIL,1,7,50,385.00,"19,250.00"
2019-12-05,2019120501005914,NLG,16,35,27,520.00,"14,040.00"
2019-12-05,2019120501005886,NLG,16,35,27,520.00,"14,040.00"
2019-12-05,2019120501005733,NLG,48,58,200,526.00,"105,200.00"
2019-12-05,2019120501005732,NLG,35,58,13,527.00,"6,851.00"
2019-12-05,2019120501006074,NLIC,41,1,50,890.00,"44,500.00"
2019-12-05,2019120501006071,NLIC,10,1,50,890.00,"44,500.00"
2019-12-05,2019120501006070,NLIC,10,50,10,890.00,"8,900.00"
2019-12-05,2019120501006069,NLIC,10,25,20,890.00,"17,800.00"
2019-12-05,2019120501006060,NLIC,45,45,3,890.00,"2,670.00"
2019-12-05,2019120501006049,NLIC,38,25,50,890.00,"44,500.00"
2019-12-05,2019120501005716,NLIC,19,55,50,892.00,"44,600.00"
2019-12-05,2019120501005710,NLIC,19,42,100,892.00,"89,200.00"
2019-12-05,2019120501005709,NLIC,19,14,157,892.00,"140,044.00"
2019-12-05,2019120501005708,NLIC,19,58,145,892.00,"129,340.00"
2019-12-05,2019120501005623,NLIC,39,43,70,891.00,"62,370.00"
2019-12-05,2019120501005611,NLIC,42,58,55,892.00,"49,060.00"
2019-12-05,2019120501005858,NLIC,53,28,286,890.00,"254,540.00"
2019-12-05,2019120501005857,NLIC,39,28,214,890.00,"190,460.00"
2019-12-05,2019120501005841,NLIC,39,5,90,890.00,"80,100.00"
2019-12-05,2019120501005793,NLIC,39,35,62,890.00,"55,180.00"
2019-12-05,2019120501005783,NLIC,19,21,248,892.00,"221,216.00"
2019-12-05,2019120501005740,NLIC,39,56,70,893.00,"62,510.00"
2019-12-05,2019120501006035,NLIC,45,25,200,890.00,"178,000.00"
2019-12-05,2019120501005981,NLIC,32,25,30,890.00,"26,700.00"
2019-12-05,2019120501005980,NLIC,32,28,70,889.00,"62,230.00"
2019-12-05,2019120501005929,NLIC,46,28,30,889.00,"26,670.00"
2019-12-05,2019120501005896,NLIC,49,45,300,890.00,"267,000.00"
2019-12-05,2019120501005870,NLIC,53,45,214,890.00,"190,460.00"
2019-12-05,2019120501005847,NLICL,25,44,10,449.00,"4,490.00"
2019-12-05,2019120501005811,NLICL,39,29,100,445.00,"44,500.00"
2019-12-05,2019120501005706,NLICL,25,44,10,449.00,"4,490.00"
2019-12-05,2019120501005625,NLICL,6,44,100,446.00,"44,600.00"
2019-12-05,2019120501005624,NLICL,32,44,100,446.00,"44,600.00"
2019-12-05,2019120501005606,NLICL,17,44,40,447.00,"17,880.00"
2019-12-05,2019120501005605,NLICL,37,44,120,447.00,"53,640.00"
2019-12-05,2019120501006055,NMB,6,6,500,388.00,"194,000.00"
2019-12-05,2019120501006042,NMB,35,6,500,388.00,"194,000.00"
2019-12-05,2019120501005999,NMB,38,6,845,388.00,"327,860.00"
2019-12-05,2019120501005998,NMB,38,49,405,388.00,"157,140.00"
2019-12-05,2019120501005979,NMB,45,34,33,387.00,"12,771.00"
2019-12-05,2019120501005930,NMB,38,49,"1,250",388.00,"485,000.00"
2019-12-05,2019120501005647,NMB,17,39,542,387.00,"209,754.00"
2019-12-05,2019120501005613,NMB,17,49,100,387.00,"38,700.00"
2019-12-05,2019120501005612,NMB,17,45,60,387.00,"23,220.00"
2019-12-05,2019120501005610,NMB,17,43,298,387.00,"115,326.00"
2019-12-05,2019120501005609,NMB,13,43,202,387.00,"78,174.00"
2019-12-05,2019120501005596,NMB,13,45,160,387.00,"61,920.00"
2019-12-05,2019120501005877,NMB,45,42,88,387.00,"34,056.00"
2019-12-05,2019120501005766,NMB,45,16,100,387.00,"38,700.00"
2019-12-05,2019120501005734,NMB,19,49,"1,500",388.00,"582,000.00"
2019-12-05,2019120501005712,NMB,49,28,"1,000",387.00,"387,000.00"
2019-12-05,2019120501005649,NMB,6,39,100,387.00,"38,700.00"
2019-12-05,2019120501005648,NMB,11,39,200,387.00,"77,400.00"
2019-12-05,2019120501006033,NMBMF,28,34,36,510.00,"18,360.00"
2019-12-05,2019120501006032,NMBMF,28,1,50,510.00,"25,500.00"
2019-12-05,2019120501006031,NMBMF,28,39,20,509.00,"10,180.00"
2019-12-05,2019120501006030,NMBMF,28,47,50,508.00,"25,400.00"
2019-12-05,2019120501005964,NMBMF,41,39,30,505.00,"15,150.00"
2019-12-05,2019120501006024,NMFBS,33,55,15,"1,275.00","19,125.00"
2019-12-05,2019120501005852,NMFBS,41,25,100,"1,267.00","126,700.00"
2019-12-05,2019120501005771,NMFBS,41,11,30,"1,267.00","38,010.00"
2019-12-05,2019120501005653,NMFBS,1,45,100,"1,270.00","127,000.00"
2019-12-05,2019120501005652,NNLB,56,34,250,494.00,"123,500.00"
2019-12-05,2019120501005651,NNLB,56,44,50,490.00,"24,500.00"
2019-12-05,2019120501005650,NNLB,56,25,200,489.00,"97,800.00"
2019-12-05,2019120501005617,NNLB,53,38,350,488.00,"170,800.00"
2019-12-05,2019120501005616,NNLB,53,7,69,488.00,"33,672.00"
2019-12-05,2019120501005615,NNLB,53,28,50,487.00,"24,350.00"
2019-12-05,2019120501005963,NUBL,58,5,10,934.00,"9,340.00"
2019-12-05,2019120501005962,NUBL,6,5,50,934.00,"46,700.00"
2019-12-05,2019120501005958,NUBL,33,52,100,933.00,"93,300.00"
2019-12-05,2019120501005932,NUBL,33,57,269,933.00,"250,977.00"
2019-12-05,2019120501005931,NUBL,13,57,100,933.00,"93,300.00"
2019-12-05,2019120501005875,NUBL,5,5,10,934.00,"9,340.00"
2019-12-05,2019120501005868,NUBL,34,5,100,934.00,"93,400.00"
2019-12-05,2019120501005856,NUBL,35,5,190,934.00,"177,460.00"
2019-12-05,2019120501005726,NUBL,45,57,25,935.00,"23,375.00"
2019-12-05,2019120501005951,PCBL,43,39,62,271.00,"16,802.00"
2019-12-05,2019120501005950,PCBL,43,39,500,271.00,"135,500.00"
2019-12-05,2019120501005949,PCBL,39,39,20,271.00,"5,420.00"
2019-12-05,2019120501005784,PCBL,39,16,80,271.00,"21,680.00"
2019-12-05,2019120501005764,PCBL,39,14,500,271.00,"135,500.00"
2019-12-05,2019120501005705,PCBL,50,39,173,272.00,"47,056.00"
2019-12-05,2019120501005689,PCBL,50,45,27,272.00,"7,344.00"
2019-12-05,2019120501005905,PFL,42,42,25,142.00,"3,550.00"
2019-12-05,2019120501006048,PIC,8,38,10,373.00,"3,730.00"
2019-12-05,2019120501005810,PIC,26,51,20,370.00,"7,400.00"
2019-12-05,2019120501005809,PIC,26,38,60,370.00,"22,200.00"
2019-12-05,2019120501005643,PIC,20,38,200,370.00,"74,000.00"
2019-12-05,2019120501005642,PIC,26,38,10,370.00,"3,700.00"
2019-12-05,2019120501005800,PICL,53,36,180,370.00,"66,600.00"
2019-12-05,2019120501006029,PLIC,52,45,28,327.00,"9,156.00"
2019-12-05,2019120501005725,PLIC,26,10,258,326.00,"84,108.00"
2019-12-05,2019120501005695,PLIC,49,16,50,325.00,"16,250.00"
2019-12-05,2019120501005662,PRIN,1,48,50,318.00,"15,900.00"
2019-12-05,2019120501006072,PRVU,33,48,500,227.00,"113,500.00"
2019-12-05,2019120501006054,PRVU,55,48,500,227.00,"113,500.00"
2019-12-05,2019120501005677,PRVU,43,11,301,226.00,"68,026.00"
2019-12-05,2019120501005676,PRVU,45,11,199,226.00,"44,974.00"
2019-12-05,2019120501005910,RBCL,59,26,10,"8,100.00","81,000.00"
2019-12-05,2019120501005774,RHPC,3,39,48,72.00,"3,456.00"
2019-12-05,2019120501005731,RHPC,3,39,50,72.00,"3,600.00"
2019-12-05,2019120501006041,RHPL,46,44,240,173.00,"41,520.00"
2019-12-05,2019120501005745,RHPL,54,25,30,173.00,"5,190.00"
2019-12-05,2019120501005744,RHPL,54,25,30,173.00,"5,190.00"
2019-12-05,2019120501005743,RHPL,54,58,900,173.00,"155,700.00"
2019-12-05,2019120501005742,RHPL,54,22,20,173.00,"3,460.00"
2019-12-05,2019120501005741,RHPL,54,7,100,173.00,"17,300.00"
2019-12-05,2019120501005721,RHPL,46,58,50,172.00,"8,600.00"
2019-12-05,2019120501005957,RMDC,44,34,10,619.00,"6,190.00"
2019-12-05,2019120501005803,RMDC,53,10,220,611.00,"134,420.00"
2019-12-05,2019120501005919,RSDC,5,37,200,294.00,"58,800.00"
2019-12-05,2019120501005704,RSDC,57,42,50,293.00,"14,650.00"
2019-12-05,2019120501005587,RSDC,19,6,50,290.00,"14,500.00"
2019-12-05,2019120501005586,RSDC,52,6,10,290.00,"2,900.00"
2019-12-05,2019120501005698,SABSL,29,19,100,510.00,"51,000.00"
2019-12-05,2019120501005686,SABSL,56,1,50,510.00,"25,500.00"
2019-12-05,2019120501006013,SANIMA,38,26,100,305.00,"30,500.00"
2019-12-05,2019120501006012,SANIMA,41,26,220,305.00,"67,100.00"
2019-12-05,2019120501006011,SANIMA,14,26,200,305.00,"61,000.00"
2019-12-05,2019120501006010,SANIMA,34,26,125,305.00,"38,125.00"
2019-12-05,2019120501006009,SANIMA,43,26,"1,000",305.00,"305,000.00"
2019-12-05,2019120501006008,SANIMA,34,26,515,305.00,"157,075.00"
2019-12-05,2019120501006007,SANIMA,43,26,50,306.00,"15,300.00"
2019-12-05,2019120501006006,SANIMA,45,26,71,306.00,"21,726.00"
2019-12-05,2019120501005908,SANIMA,45,6,929,306.00,"284,274.00"
2019-12-05,2019120501005907,SANIMA,45,6,571,306.00,"174,726.00"
2019-12-05,2019120501005769,SBL,56,22,172,282.00,"48,504.00"
2019-12-05,2019120501005684,SBL,19,51,100,283.00,"28,300.00"
2019-12-05,2019120501005683,SBL,8,51,25,283.00,"7,075.00"
2019-12-05,2019120501005918,SCB,41,10,87,527.00,"45,849.00"
2019-12-05,2019120501005900,SCB,29,57,50,528.00,"26,400.00"
2019-12-05,2019120501005598,SCB,4,42,100,528.00,"52,800.00"
2019-12-05,2019120501005597,SCB,13,42,60,528.00,"31,680.00"
2019-12-05,2019120501005604,SDESI,34,42,200,554.00,"110,800.00"
2019-12-05,2019120501005603,SDESI,34,28,100,553.00,"55,300.00"
2019-12-05,2019120501005946,SEF,3,19,"1,800",8.95,"16,110.00"
2019-12-05,2019120501005945,SEF,3,41,"3,130",8.90,"27,857.00"
2019-12-05,2019120501005935,SHINE,39,4,459,229.00,"105,111.00"
2019-12-05,2019120501005934,SHINE,34,4,41,229.00,"9,389.00"
2019-12-05,2019120501005665,SHINE,34,52,159,229.00,"36,411.00"
2019-12-05,2019120501005664,SHINE,57,52,41,229.00,"9,389.00"
2019-12-05,2019120501006043,SHIVM,10,34,20,385.00,"7,700.00"
2019-12-05,2019120501005966,SHIVM,29,35,850,384.00,"326,400.00"
2019-12-05,2019120501005965,SHIVM,47,35,150,384.00,"57,600.00"
2019-12-05,2019120501005909,SHIVM,58,34,50,385.00,"19,250.00"
2019-12-05,2019120501005807,SHIVM,36,48,200,385.00,"77,000.00"
2019-12-05,2019120501005806,SHIVM,35,48,50,385.00,"19,250.00"
2019-12-05,2019120501005682,SHIVM,53,52,250,386.00,"96,500.00"
2019-12-05,2019120501005638,SHIVM,35,51,50,385.00,"19,250.00"
2019-12-05,2019120501006080,SIL,6,53,90,383.00,"34,470.00"
2019-12-05,2019120501006079,SIL,6,20,100,383.00,"38,300.00"
2019-12-05,2019120501006058,SIL,6,19,110,380.00,"41,800.00"
2019-12-05,2019120501006057,SIL,45,19,90,380.00,"34,200.00"
2019-12-05,2019120501006056,SIL,45,56,10,380.00,"3,800.00"
2019-12-05,2019120501005840,SINDU,41,32,70,120.00,"8,400.00"
2019-12-05,2019120501005988,SJCL,35,40,10,159.00,"1,590.00"
2019-12-05,2019120501005987,SJCL,35,49,20,158.00,"3,160.00"
2019-12-05,2019120501005782,SJCL,51,58,20,157.00,"3,140.00"
2019-12-05,2019120501005589,SJCL,51,28,20,157.00,"3,140.00"
2019-12-05,2019120501005863,SKBBL,58,40,155,941.00,"145,855.00"
2019-12-05,2019120501005817,SKBBL,58,40,45,941.00,"42,345.00"
2019-12-05,2019120501005816,SKBBL,58,14,106,940.00,"99,640.00"
2019-12-05,2019120501005815,SKBBL,58,44,299,940.00,"281,060.00"
2019-12-05,2019120501005814,SKBBL,58,25,50,939.00,"46,950.00"
2019-12-05,2019120501005789,SKBBL,58,25,850,939.00,"798,150.00"
2019-12-05,2019120501005739,SKBBL,54,25,100,939.00,"93,900.00"
2019-12-05,2019120501006084,SLBSL,34,36,156,804.00,"125,424.00"
2019-12-05,2019120501006028,SLBSL,56,36,119,804.00,"95,676.00"
2019-12-05,2019120501006027,SLBSL,56,35,81,802.00,"64,962.00"
2019-12-05,2019120501006014,SLBSL,17,35,10,802.00,"8,020.00"
2019-12-05,2019120501005996,SLBSL,40,18,100,802.00,"80,200.00"
2019-12-05,2019120501005912,SLBSL,34,42,10,802.00,"8,020.00"
2019-12-05,2019120501005622,SLBSL,21,17,100,800.00,"80,000.00"
2019-12-05,2019120501005717,SLBSL,58,11,40,796.00,"31,840.00"
2019-12-05,2019120501005697,SLBSL,39,34,40,799.00,"31,960.00"
2019-12-05,2019120501005696,SLBSL,39,7,60,799.00,"47,940.00"
2019-12-05,2019120501005688,SLBSL,22,34,10,799.00,"7,990.00"
2019-12-05,2019120501005672,SLBSL,22,45,70,799.00,"55,930.00"
2019-12-05,2019120501005644,SLBSL,22,42,10,799.00,"7,990.00"
2019-12-05,2019120501005818,SLBSL,11,22,200,800.00,"160,000.00"
2019-12-05,2019120501005763,SLBSL,11,22,20,800.00,"16,000.00"
2019-12-05,2019120501005762,SLBSL,11,17,20,800.00,"16,000.00"
2019-12-05,2019120501005761,SLBSL,11,43,10,799.00,"7,990.00"
2019-12-05,2019120501005749,SLBSL,1,11,50,793.00,"39,650.00"
2019-12-05,2019120501005718,SLBSL,35,11,85,795.00,"67,575.00"
2019-12-05,2019120501005911,SLBSL,34,43,425,802.00,"340,850.00"
2019-12-05,2019120501005851,SLBSL,26,37,10,800.00,"8,000.00"
2019-12-05,2019120501005822,SLBSL,11,43,75,802.00,"60,150.00"
2019-12-05,2019120501005821,SLBSL,11,49,500,800.00,"400,000.00"
2019-12-05,2019120501005820,SLBSL,11,22,25,800.00,"20,000.00"
2019-12-05,2019120501005819,SLBSL,11,42,200,800.00,"160,000.00"
2019-12-05,2019120501005933,SLICL,38,48,100,264.00,"26,400.00"
2019-12-05,2019120501005860,SLICL,35,55,250,265.00,"66,250.00"
2019-12-05,2019120501005602,SLICL,26,55,33,265.00,"8,745.00"
2019-12-05,2019120501005599,SMFBS,36,28,10,824.00,"8,240.00"
2019-12-05,2019120501005955,SPARS,34,34,10,551.00,"5,510.00"
2019-12-05,2019120501005913,SPARS,41,43,10,545.00,"5,450.00"
2019-12-05,2019120501005722,SPARS,41,16,10,545.00,"5,450.00"
2019-12-05,2019120501005989,STC,49,11,10,"1,263.00","12,630.00"
2019-12-05,2019120501005879,STC,7,43,10,"1,288.00","12,880.00"
2019-12-05,2019120501006064,SWBBL,44,37,100,985.00,"98,500.00"
2019-12-05,2019120501006063,SWBBL,44,43,200,984.00,"196,800.00"
2019-12-05,2019120501006062,SWBBL,44,46,137,983.00,"134,671.00"
2019-12-05,2019120501006061,SWBBL,44,47,100,981.00,"98,100.00"
2019-12-05,2019120501006023,SWBBL,44,43,100,980.00,"98,000.00"
2019-12-05,2019120501006022,SWBBL,44,48,100,980.00,"98,000.00"
2019-12-05,2019120501006015,SWBBL,44,11,25,975.00,"24,375.00"
2019-12-05,2019120501005948,SWBBL,33,16,50,972.00,"48,600.00"
2019-12-05,2019120501005916,SWBBL,33,52,50,972.00,"48,600.00"
2019-12-05,2019120501005736,SWBBL,45,11,25,975.00,"24,375.00"
2019-12-05,2019120501005608,SWBBL,36,11,50,975.00,"48,750.00"
2019-12-05,2019120501005588,SWBBL,44,22,200,971.00,"194,200.00"
2019-12-05,2019120501006021,SWBBL,44,32,125,979.00,"122,375.00"
2019-12-05,2019120501006020,SWBBL,44,34,100,979.00,"97,900.00"
2019-12-05,2019120501006019,SWBBL,44,25,50,978.00,"48,900.00"
2019-12-05,2019120501006018,SWBBL,44,49,15,977.00,"14,655.00"
2019-12-05,2019120501006017,SWBBL,44,7,100,976.00,"97,600.00"
2019-12-05,2019120501006016,SWBBL,44,22,100,975.00,"97,500.00"
2019-12-05,2019120501005759,UIC,5,29,20,233.00,"4,660.00"
2019-12-05,2019120501005618,UIC,29,29,200,229.00,"45,800.00"
2019-12-05,2019120501005767,UPCL,43,58,350,73.00,"25,550.00"
2019-12-05,2019120501005926,UPPER,25,51,12,236.00,"2,832.00"
2019-12-05,2019120501005781,UPPER,37,25,100,235.00,"23,500.00"
2019-12-05,2019120501005758,UPPER,5,47,895,234.00,"209,430.00"
2019-12-05,2019120501005757,UPPER,48,47,100,234.00,"23,400.00"
2019-12-05,2019120501005756,UPPER,6,47,200,234.00,"46,800.00"
2019-12-05,2019120501005755,UPPER,7,47,193,234.00,"45,162.00"
2019-12-05,2019120501005607,UPPER,7,42,100,234.00,"23,400.00"
2019-12-05,2019120501005461,ADBL,49,37,110,405.00,"44,550.00"
2019-12-05,2019120501005460,ADBL,49,37,200,405.00,"81,000.00"
2019-12-05,2019120501005459,ADBL,49,6,105,405.00,"42,525.00"
2019-12-05,2019120501005458,ADBL,49,6,85,405.00,"34,425.00"
2019-12-05,2019120501005448,ADBL,52,6,20,405.00,"8,100.00"
2019-12-05,2019120501005270,ADBL,21,13,80,404.00,"32,320.00"
2019-12-05,2019120501005106,ADBL,21,13,20,404.00,"8,080.00"
2019-12-05,2019120501005411,AHPC,28,11,399,95.00,"37,905.00"
2019-12-05,2019120501005331,AKBSL,34,21,10,448.00,"4,480.00"
2019-12-05,2019120501005330,AKBSL,34,4,10,448.00,"4,480.00"
2019-12-05,2019120501005329,AKBSL,34,21,10,445.00,"4,450.00"
2019-12-05,2019120501005377,ALBSL,55,40,50,430.00,"21,500.00"
2019-12-05,2019120501005363,ALBSL,44,21,10,430.00,"4,300.00"
2019-12-05,2019120501005294,ALBSL,33,39,40,430.00,"17,200.00"
2019-12-05,2019120501005293,ALBSL,33,57,100,430.00,"43,000.00"
2019-12-05,2019120501005292,ALBSL,33,41,10,430.00,"4,300.00"
2019-12-05,2019120501005535,ALICL,26,20,50,340.00,"17,000.00"
2019-12-05,2019120501005500,ALICL,25,20,500,341.00,"170,500.00"
2019-12-05,2019120501005239,ALICL,14,28,40,344.00,"13,760.00"
2019-12-05,2019120501005211,ALICL,26,19,200,340.00,"68,000.00"
2019-12-05,2019120501005177,ALICL,26,42,64,340.00,"21,760.00"
2019-12-05,2019120501005176,ALICL,32,42,36,340.00,"12,240.00"
2019-12-05,2019120501005548,API,54,16,100,102.00,"10,200.00"
2019-12-05,2019120501005547,API,43,16,650,102.00,"66,300.00"
2019-12-05,2019120501005546,API,25,16,200,102.00,"20,400.00"
2019-12-05,2019120501005148,BFC,33,59,625,88.00,"55,000.00"
2019-12-05,2019120501005311,BOKL,32,3,290,215.00,"62,350.00"
2019-12-05,2019120501005310,BOKL,54,3,76,215.00,"16,340.00"
2019-12-05,2019120501005264,BOKL,54,51,10,215.00,"2,150.00"
2019-12-05,2019120501005542,BPCL,32,21,22,333.00,"7,326.00"
2019-12-05,2019120501005372,BPCL,37,21,22,332.00,"7,304.00"
2019-12-05,2019120501005541,CBBL,36,7,50,783.00,"39,150.00"
2019-12-05,2019120501005534,CBBL,36,7,200,785.00,"157,000.00"
2019-12-05,2019120501005533,CBBL,48,7,250,786.00,"196,500.00"
2019-12-05,2019120501005498,CBBL,45,45,20,789.00,"15,780.00"
2019-12-05,2019120501005404,CBL,32,48,150,139.00,"20,850.00"
2019-12-05,2019120501005403,CBL,32,58,193,139.00,"26,827.00"
2019-12-05,2019120501005399,CBL,32,48,354,138.00,"48,852.00"
2019-12-05,2019120501005398,CBL,58,48,646,138.00,"89,148.00"
2019-12-05,2019120501005394,CBL,58,4,354,138.00,"48,852.00"
2019-12-05,2019120501005393,CBL,29,4,33,138.00,"4,554.00"
2019-12-05,2019120501005384,CBL,29,39,250,138.00,"34,500.00"
2019-12-05,2019120501005152,CBL,58,58,807,139.00,"112,173.00"
2019-12-05,2019120501005151,CBL,58,56,193,139.00,"26,827.00"
2019-12-05,2019120501005135,CBL,29,25,100,138.00,"13,800.00"
2019-12-05,2019120501005540,CCBL,7,35,500,163.00,"81,500.00"
2019-12-05,2019120501005358,CCBL,7,6,204,163.00,"33,252.00"
2019-12-05,2019120501005357,CCBL,7,52,107,163.00,"17,441.00"
2019-12-05,2019120501005337,CCBL,40,10,719,162.00,"116,478.00"
2019-12-05,2019120501005336,CCBL,40,10,281,162.00,"45,522.00"
2019-12-05,2019120501005344,CFCL,37,28,500,108.00,"54,000.00"
2019-12-05,2019120501005326,CFCL,59,28,510,108.00,"55,080.00"
2019-12-05,2019120501005308,CFCL,59,28,"1,490",108.00,"160,920.00"
2019-12-05,2019120501005307,CFCL,34,28,400,108.00,"43,200.00"
2019-12-05,2019120501005306,CFCL,28,28,"1,000",108.00,"108,000.00"
2019-12-05,2019120501005305,CFCL,49,28,500,108.00,"54,000.00"
2019-12-05,2019120501005296,CFCL,34,28,110,110.00,"12,100.00"
2019-12-05,2019120501005295,CFCL,44,28,100,111.00,"11,100.00"
2019-12-05,2019120501005304,CFCL,32,28,"1,000",108.00,"108,000.00"
2019-12-05,2019120501005303,CFCL,34,28,500,108.00,"54,000.00"
2019-12-05,2019120501005302,CFCL,28,28,"1,000",109.00,"109,000.00"
2019-12-05,2019120501005301,CFCL,26,28,"1,000",109.00,"109,000.00"
2019-12-05,2019120501005298,CFCL,28,28,"1,000",110.00,"110,000.00"
2019-12-05,2019120501005297,CFCL,32,28,500,110.00,"55,000.00"
2019-12-05,2019120501005129,CHCL,48,34,151,356.00,"53,756.00"
2019-12-05,2019120501005583,CZBIL,32,43,316,183.00,"57,828.00"
2019-12-05,2019120501005582,CZBIL,34,43,50,183.00,"9,150.00"
2019-12-05,2019120501005581,CZBIL,44,43,500,183.00,"91,500.00"
2019-12-05,2019120501005580,CZBIL,56,43,100,183.00,"18,300.00"
2019-12-05,2019120501005579,CZBIL,4,43,50,183.00,"9,150.00"
2019-12-05,2019120501005578,CZBIL,39,43,100,183.00,"18,300.00"
2019-12-05,2019120501005577,CZBIL,32,43,106,183.00,"19,398.00"
2019-12-05,2019120501005283,CZBIL,36,17,30,185.00,"5,550.00"
2019-12-05,2019120501005097,CZBIL,58,58,1,184.00,184.00
2019-12-05,2019120501005539,EIC,34,34,200,227.00,"45,400.00"
2019-12-05,2019120501005536,EIC,41,3,50,226.00,"11,300.00"
2019-12-05,2019120501005383,EIC,55,16,500,227.00,"113,500.00"
2019-12-05,2019120501005315,EIC,45,16,200,226.00,"45,200.00"
2019-12-05,2019120501005314,EIC,45,34,200,226.00,"45,200.00"
2019-12-05,2019120501005313,EIC,45,51,190,226.00,"42,940.00"
2019-12-05,2019120501005278,EIC,38,54,70,225.00,"15,750.00"
2019-12-05,2019120501005277,EIC,38,19,200,225.00,"45,000.00"
2019-12-05,2019120501005276,EIC,38,16,300,224.00,"67,200.00"
2019-12-05,2019120501005220,EIC,45,49,500,223.00,"111,500.00"
2019-12-05,2019120501005194,EIC,45,49,500,223.00,"111,500.00"
2019-12-05,2019120501005532,FOWAD,8,32,100,"1,354.00","135,400.00"
2019-12-05,2019120501005223,GGBSL,28,45,10,613.00,"6,130.00"
2019-12-05,2019120501005222,GGBSL,28,28,10,610.00,"6,100.00"
2019-12-05,2019120501005221,GGBSL,28,22,20,608.00,"12,160.00"
2019-12-05,2019120501005328,GGBSL,1,16,10,610.00,"6,100.00"
2019-12-05,2019120501005227,GGBSL,28,39,10,616.00,"6,160.00"
2019-12-05,2019120501005226,GGBSL,28,58,60,615.00,"36,900.00"
2019-12-05,2019120501005225,GGBSL,28,52,10,615.00,"6,150.00"
2019-12-05,2019120501005224,GGBSL,28,6,10,615.00,"6,150.00"
2019-12-05,2019120501005339,GILB,44,38,300,784.00,"235,200.00"
2019-12-05,2019120501005338,GILB,44,52,100,780.00,"78,000.00"
2019-12-05,2019120501005108,GILB,55,36,150,782.00,"117,300.00"
2019-12-05,2019120501005107,GILB,55,6,150,782.00,"117,300.00"
2019-12-05,2019120501005105,GILB,55,50,100,781.00,"78,100.00"
2019-12-05,2019120501005104,GILB,55,19,22,780.00,"17,160.00"
2019-12-05,2019120501005567,GLICL,32,33,69,380.00,"26,220.00"
2019-12-05,2019120501005472,GLICL,32,7,100,380.00,"38,000.00"
2019-12-05,2019120501005366,GLICL,32,53,10,380.00,"3,800.00"
2019-12-05,2019120501005274,GLICL,32,48,21,380.00,"7,980.00"
2019-12-05,2019120501005182,GLICL,52,5,200,382.00,"76,400.00"
2019-12-05,2019120501005181,GLICL,56,52,170,384.00,"65,280.00"
2019-12-05,2019120501005180,GLICL,56,25,217,384.00,"83,328.00"
2019-12-05,2019120501005466,GMFBS,56,13,100,498.00,"49,800.00"
2019-12-05,2019120501005465,GMFBS,56,47,25,498.00,"12,450.00"
2019-12-05,2019120501005464,GMFBS,56,51,40,498.00,"19,920.00"
2019-12-05,2019120501005463,GMFBS,56,54,110,495.00,"54,450.00"
2019-12-05,2019120501005462,GMFBS,56,56,40,495.00,"19,800.00"
2019-12-05,2019120501005161,GMFIL,45,58,89,112.00,"9,968.00"
2019-12-05,2019120501005160,GMFIL,45,58,11,112.00,"1,232.00"
2019-12-05,2019120501005114,GMFIL,49,58,500,112.00,"56,000.00"
2019-12-05,2019120501005562,HDL,56,48,100,"1,238.00","123,800.00"
2019-12-05,2019120501005561,HDL,34,48,100,"1,238.00","123,800.00"
2019-12-05,2019120501005560,HDL,56,48,50,"1,239.00","61,950.00"
2019-12-05,2019120501005265,HDL,14,7,10,"1,237.00","12,370.00"
2019-12-05,2019120501005240,HDL,40,7,20,"1,237.00","24,740.00"
2019-12-05,2019120501005219,HDL,34,7,40,"1,237.00","49,480.00"
2019-12-05,2019120501005202,HDL,44,58,10,"1,246.00","12,460.00"
2019-12-05,2019120501005201,HDL,34,58,50,"1,248.00","62,400.00"
2019-12-05,2019120501005200,HDL,35,58,20,"1,249.00","24,980.00"
2019-12-05,2019120501005193,HDL,21,7,20,"1,250.00","25,000.00"
2019-12-05,2019120501005192,HDL,51,7,10,"1,250.00","12,500.00"
2019-12-05,2019120501005170,HDL,45,7,50,"1,252.00","62,600.00"
2019-12-05,2019120501005218,HDL,14,58,50,"1,240.00","62,000.00"
2019-12-05,2019120501005212,HDL,40,58,50,"1,240.00","62,000.00"
2019-12-05,2019120501005206,HDL,44,58,10,"1,240.00","12,400.00"
2019-12-05,2019120501005205,HDL,19,58,200,"1,240.00","248,000.00"
2019-12-05,2019120501005204,HDL,56,58,100,"1,241.00","124,100.00"
2019-12-05,2019120501005203,HDL,43,58,500,"1,242.00","621,000.00"
2019-12-05,2019120501005564,HGI,49,6,240,253.00,"60,720.00"
2019-12-05,2019120501005468,HGI,49,6,10,253.00,"2,530.00"
2019-12-05,2019120501005146,HIDCL,16,34,47,132.00,"6,204.00"
2019-12-05,2019120501005123,HIDCL,37,37,31,133.00,"4,123.00"
2019-12-05,2019120501005228,HPPL,37,37,20,134.00,"2,680.00"
2019-12-05,2019120501005374,IGI,55,26,30,282.00,"8,460.00"
2019-12-05,2019120501005566,ILBS,57,28,10,510.00,"5,100.00"
2019-12-05,2019120501005526,ILBS,57,44,110,510.00,"56,100.00"
2019-12-05,2019120501005525,ILBS,53,44,90,511.00,"45,990.00"
2019-12-05,2019120501005524,ILBS,53,28,10,511.00,"5,110.00"
2019-12-05,2019120501005145,JBBL,1,38,60,164.00,"9,840.00"
2019-12-05,2019120501005131,JBBL,46,38,200,164.00,"32,800.00"
2019-12-05,2019120501005101,JBBL,50,56,12,163.00,"1,956.00"
2019-12-05,2019120501005100,JBBL,45,56,200,163.00,"32,600.00"
2019-12-05,2019120501005099,JBBL,33,56,500,163.00,"81,500.00"
2019-12-05,2019120501005571,JFL,50,42,100,193.00,"19,300.00"
2019-12-05,2019120501005128,JOSHI,52,44,20,52.00,"1,040.00"
2019-12-05,2019120501005555,KBL,48,36,132,177.00,"23,364.00"
2019-12-05,2019120501005554,KBL,4,36,200,177.00,"35,400.00"
2019-12-05,2019120501005553,KBL,10,36,200,177.00,"35,400.00"
2019-12-05,2019120501005552,KBL,6,36,"1,000",177.00,"177,000.00"
2019-12-05,2019120501005551,KBL,6,36,400,177.00,"70,800.00"
2019-12-05,2019120501005550,KBL,13,36,49,178.00,"8,722.00"
2019-12-05,2019120501005549,KBL,13,36,19,178.00,"3,382.00"
2019-12-05,2019120501005195,KPCL,56,37,10,80.00,800.00
2019-12-05,2019120501005492,LBBL,52,22,"1,000",171.00,"171,000.00"
2019-12-05,2019120501005491,LBBL,52,22,58,171.00,"9,918.00"
2019-12-05,2019120501005470,LBL,41,17,100,218.00,"21,800.00"
2019-12-05,2019120501005431,LBL,28,17,500,218.00,"109,000.00"
2019-12-05,2019120501005290,LBL,22,17,60,218.00,"13,080.00"
2019-12-05,2019120501005514,LGIL,19,29,500,316.00,"158,000.00"
2019-12-05,2019120501005213,LICN,25,6,10,978.00,"9,780.00"
2019-12-05,2019120501005497,LLBS,18,25,24,625.00,"15,000.00"
2019-12-05,2019120501005479,MBL,28,48,205,218.00,"44,690.00"
2019-12-05,2019120501005175,MBL,5,13,172,219.00,"37,668.00"
2019-12-05,2019120501005174,MBL,5,37,52,219.00,"11,388.00"
2019-12-05,2019120501005173,MBL,5,29,800,219.00,"175,200.00"
2019-12-05,2019120501005435,MDB,42,49,900,241.00,"216,900.00"
2019-12-05,2019120501005434,MDB,5,49,100,241.00,"24,100.00"
2019-12-05,2019120501005157,MDB,38,34,87,240.00,"20,880.00"
2019-12-05,2019120501005156,MDB,48,34,100,241.00,"24,100.00"
2019-12-05,2019120501005155,MDB,5,34,100,242.00,"24,200.00"
2019-12-05,2019120501005165,MEGA,5,3,32,182.00,"5,824.00"
2019-12-05,2019120501005164,MEGA,5,3,32,182.00,"5,824.00"
2019-12-05,2019120501005163,MEGA,5,3,32,182.00,"5,824.00"
2019-12-05,2019120501005162,MEGA,5,3,32,182.00,"5,824.00"
2019-12-05,2019120501005496,MEGA,36,28,32,182.00,"5,824.00"
2019-12-05,2019120501005262,MEGA,5,38,230,183.00,"42,090.00"
2019-12-05,2019120501005168,MEGA,5,13,269,182.00,"48,958.00"
2019-12-05,2019120501005167,MEGA,5,13,342,182.00,"62,244.00"
2019-12-05,2019120501005166,MEGA,5,3,32,182.00,"5,824.00"
2019-12-05,2019120501005191,MLBBL,32,32,190,468.00,"88,920.00"
2019-12-05,2019120501005190,MLBBL,32,6,70,467.00,"32,690.00"
2019-12-05,2019120501005139,MLBBL,32,52,360,462.00,"166,320.00"
2019-12-05,2019120501005138,MLBBL,22,52,140,463.00,"64,820.00"
2019-12-05,2019120501005356,MLBL,47,46,200,172.00,"34,400.00"
2019-12-05,2019120501005488,MNBBL,41,45,500,312.00,"156,000.00"
2019-12-05,2019120501005487,MNBBL,50,45,320,312.00,"99,840.00"
2019-12-05,2019120501005486,MNBBL,11,45,50,312.00,"15,600.00"
2019-12-05,2019120501005485,MNBBL,42,45,500,312.00,"156,000.00"
2019-12-05,2019120501005350,MNBBL,36,22,71,314.00,"22,294.00"
2019-12-05,2019120501005154,MNBBL,22,47,50,315.00,"15,750.00"
2019-12-05,2019120501005484,MNBBL,1,45,23,313.00,"7,199.00"
2019-12-05,2019120501005483,MNBBL,1,45,23,313.00,"7,199.00"
2019-12-05,2019120501005482,MNBBL,1,45,23,313.00,"7,199.00"
2019-12-05,2019120501005481,MNBBL,1,45,23,313.00,"7,199.00"
2019-12-05,2019120501005480,MNBBL,43,45,850,313.00,"266,050.00"
2019-12-05,2019120501005351,MNBBL,36,45,16,314.00,"5,024.00"
2019-12-05,2019120501005380,MSLB,16,45,16,862.00,"13,792.00"
2019-12-05,2019120501005088,NABIL,29,43,50,730.00,"36,500.00"
2019-12-05,2019120501005087,NABIL,40,43,300,730.00,"219,000.00"
2019-12-05,2019120501005096,NADEP,7,43,10,404.00,"4,040.00"
2019-12-05,2019120501005092,NADEP,7,41,20,403.00,"8,060.00"
2019-12-05,2019120501005091,NADEP,7,17,20,400.00,"8,000.00"
2019-12-05,2019120501005090,NADEP,7,34,50,400.00,"20,000.00"
2019-12-05,2019120501005558,NBB,22,16,950,200.00,"190,000.00"
2019-12-05,2019120501005557,NBB,45,16,50,200.00,"10,000.00"
2019-12-05,2019120501005140,NBB,45,16,450,200.00,"90,000.00"
2019-12-05,2019120501005086,NBB,58,16,500,200.00,"100,000.00"
2019-12-05,2019120501005570,NBL,19,4,27,313.00,"8,451.00"
2019-12-05,2019120501005515,NBL,11,4,113,313.00,"35,369.00"
2019-12-05,2019120501005453,NBL,46,4,"1,000",313.00,"313,000.00"
2019-12-05,2019120501005379,NBL,19,38,173,312.00,"53,976.00"
2019-12-05,2019120501005378,NBL,32,38,827,312.00,"258,024.00"
2019-12-05,2019120501005373,NBL,51,4,100,313.00,"31,300.00"
2019-12-05,2019120501005124,NBL,25,4,740,313.00,"231,620.00"
2019-12-05,2019120501005103,NBL,58,4,500,313.00,"156,500.00"
2019-12-05,2019120501005246,NBL,34,36,100,312.00,"31,200.00"
2019-12-05,2019120501005245,NBL,54,36,200,312.00,"62,400.00"
2019-12-05,2019120501005244,NBL,32,36,500,312.00,"156,000.00"
2019-12-05,2019120501005243,NBL,22,36,"1,000",312.00,"312,000.00"
2019-12-05,2019120501005242,NBL,33,36,"1,500",312.00,"468,000.00"
2019-12-05,2019120501005241,NBL,33,36,"1,000",312.00,"312,000.00"
2019-12-05,2019120501005252,NBL,45,36,20,312.00,"6,240.00"
2019-12-05,2019120501005251,NBL,45,36,100,312.00,"31,200.00"
2019-12-05,2019120501005250,NBL,44,36,65,312.00,"20,280.00"
2019-12-05,2019120501005249,NBL,41,36,300,312.00,"93,600.00"
2019-12-05,2019120501005248,NBL,47,36,120,312.00,"37,440.00"
2019-12-05,2019120501005247,NBL,29,36,"1,000",312.00,"312,000.00"
2019-12-05,2019120501005258,NBL,51,36,100,312.00,"31,200.00"
2019-12-05,2019120501005257,NBL,51,36,100,312.00,"31,200.00"
2019-12-05,2019120501005256,NBL,6,36,75,312.00,"23,400.00"
2019-12-05,2019120501005255,NBL,57,36,100,312.00,"31,200.00"
2019-12-05,2019120501005254,NBL,55,36,30,312.00,"9,360.00"
2019-12-05,2019120501005253,NBL,49,36,450,312.00,"140,400.00"
2019-12-05,2019120501005327,NBL,28,4,510,313.00,"159,630.00"
2019-12-05,2019120501005275,NBL,25,36,827,312.00,"258,024.00"
2019-12-05,2019120501005263,NBL,32,36,313,312.00,"97,656.00"
2019-12-05,2019120501005261,NBL,59,36,"1,000",312.00,"312,000.00"
2019-12-05,2019120501005260,NBL,58,36,300,312.00,"93,600.00"
2019-12-05,2019120501005259,NBL,1,36,800,312.00,"249,600.00"
2019-12-05,2019120501005401,NCCB,58,16,100,199.00,"19,900.00"
2019-12-05,2019120501005150,NCCB,45,1,500,200.00,"100,000.00"
2019-12-05,2019120501005133,NGPL,29,1,500,110.00,"55,000.00"
2019-12-05,2019120501005132,NGPL,29,45,"1,000",110.00,"110,000.00"
2019-12-05,2019120501005116,NGPL,29,13,"1,300",109.00,"141,700.00"
2019-12-05,2019120501005178,NHPC,38,35,400,52.00,"20,800.00"
2019-12-05,2019120501005556,NIB,42,25,13,412.00,"5,356.00"
2019-12-05,2019120501005543,NIB,42,17,50,412.00,"20,600.00"
2019-12-05,2019120501005388,NIB,42,3,70,412.00,"28,840.00"
2019-12-05,2019120501005387,NIB,42,3,80,412.00,"32,960.00"
2019-12-05,2019120501005183,NIB,26,58,50,413.00,"20,650.00"
2019-12-05,2019120501005376,NIBLPF,25,57,516,6.71,"3,462.36"
2019-12-05,2019120501005375,NIBLPF,36,57,747,6.77,"5,057.19"
2019-12-05,2019120501005352,NICL,58,10,220,261.00,"57,420.00"
2019-12-05,2019120501005334,NICL,58,5,400,261.00,"104,400.00"
2019-12-05,2019120501005333,NICL,49,5,100,263.00,"26,300.00"
2019-12-05,2019120501005332,NICL,49,25,46,263.00,"12,098.00"
2019-12-05,2019120501005325,NICL,49,51,354,263.00,"93,102.00"
2019-12-05,2019120501005447,NLBBL,10,6,20,530.00,"10,600.00"
2019-12-05,2019120501005130,NLBBL,10,40,30,530.00,"15,900.00"
2019-12-05,2019120501005576,NLIC,34,52,100,891.00,"89,100.00"
2019-12-05,2019120501005569,NLIC,39,11,50,890.00,"44,500.00"
2019-12-05,2019120501005563,NLIC,39,45,84,890.00,"74,760.00"
2019-12-05,2019120501005473,NLIC,53,25,50,890.00,"44,500.00"
2019-12-05,2019120501005467,NLIC,53,45,100,890.00,"89,000.00"
2019-12-05,2019120501005457,NLIC,53,20,270,890.00,"240,300.00"
2019-12-05,2019120501005093,NLIC,32,28,280,889.00,"248,920.00"
2019-12-05,2019120501005234,NLIC,36,17,150,891.00,"133,650.00"
2019-12-05,2019120501005233,NLIC,36,51,50,890.00,"44,500.00"
2019-12-05,2019120501005232,NLIC,36,37,221,890.00,"196,690.00"
2019-12-05,2019120501005231,NLIC,36,21,500,890.00,"445,000.00"
2019-12-05,2019120501005230,NLIC,36,43,490,890.00,"436,100.00"
2019-12-05,2019120501005229,NLIC,36,21,22,890.00,"19,580.00"
2019-12-05,2019120501005318,NLIC,40,47,305,890.00,"271,450.00"
2019-12-05,2019120501005273,NLIC,32,17,78,892.00,"69,576.00"
2019-12-05,2019120501005272,NLIC,32,32,22,892.00,"19,624.00"
2019-12-05,2019120501005237,NLIC,36,17,17,892.00,"15,164.00"
2019-12-05,2019120501005236,NLIC,36,21,500,891.00,"445,500.00"
2019-12-05,2019120501005235,NLIC,36,45,50,891.00,"44,550.00"
2019-12-05,2019120501005456,NLIC,46,20,30,891.00,"26,730.00"
2019-12-05,2019120501005455,NLIC,46,1,20,891.00,"17,820.00"
2019-12-05,2019120501005419,NLIC,39,45,60,891.00,"53,460.00"
2019-12-05,2019120501005410,NLIC,53,49,20,890.00,"17,800.00"
2019-12-05,2019120501005364,NLIC,53,17,55,890.00,"48,950.00"
2019-12-05,2019120501005319,NLIC,40,17,200,892.00,"178,400.00"
2019-12-05,2019120501005471,NLICL,37,34,80,447.00,"35,760.00"
2019-12-05,2019120501005371,NLICL,35,44,100,448.00,"44,800.00"
2019-12-05,2019120501005370,NLICL,35,44,100,448.00,"44,800.00"
2019-12-05,2019120501005369,NLICL,17,44,100,448.00,"44,800.00"
2019-12-05,2019120501005368,NLICL,5,44,100,448.00,"44,800.00"
2019-12-05,2019120501005367,NLICL,3,44,100,449.00,"44,900.00"
2019-12-05,2019120501005513,NMB,47,49,69,388.00,"26,772.00"
2019-12-05,2019120501005433,NMB,13,28,43,387.00,"16,641.00"
2019-12-05,2019120501005424,NMB,13,32,82,387.00,"31,734.00"
2019-12-05,2019120501005409,NMB,13,32,13,387.00,"5,031.00"
2019-12-05,2019120501005408,NMB,6,32,20,387.00,"7,740.00"
2019-12-05,2019120501005407,NMB,35,32,50,387.00,"19,350.00"
2019-12-05,2019120501005147,NMB,32,52,12,387.00,"4,644.00"
2019-12-05,2019120501005271,NMB,32,51,22,387.00,"8,514.00"
2019-12-05,2019120501005209,NMB,32,52,12,387.00,"4,644.00"
2019-12-05,2019120501005185,NMB,32,52,12,387.00,"4,644.00"
2019-12-05,2019120501005171,NMB,32,34,65,387.00,"25,155.00"
2019-12-05,2019120501005169,NMB,32,52,12,387.00,"4,644.00"
2019-12-05,2019120501005153,NMB,32,44,22,387.00,"8,514.00"
2019-12-05,2019120501005406,NMB,53,32,44,387.00,"17,028.00"
2019-12-05,2019120501005400,NMB,53,50,600,387.00,"232,200.00"
2019-12-05,2019120501005396,NMB,53,45,356,387.00,"137,772.00"
2019-12-05,2019120501005395,NMB,32,45,144,387.00,"55,728.00"
2019-12-05,2019120501005324,NMB,16,16,9,385.00,"3,465.00"
2019-12-05,2019120501005291,NMB,32,55,63,387.00,"24,381.00"
2019-12-05,2019120501005269,NMBMF,28,39,200,505.00,"101,000.00"
2019-12-05,2019120501005268,NMBMF,28,56,41,503.00,"20,623.00"
2019-12-05,2019120501005267,NMBMF,28,7,46,502.00,"23,092.00"
2019-12-05,2019120501005490,NNLB,58,25,100,485.00,"48,500.00"
2019-12-05,2019120501005475,NNLB,58,25,180,485.00,"87,300.00"
2019-12-05,2019120501005474,NNLB,58,52,150,484.00,"72,600.00"
2019-12-05,2019120501005390,NNLB,42,25,20,485.00,"9,700.00"
2019-12-05,2019120501005208,NSEWA,19,16,10,400.00,"4,000.00"
2019-12-05,2019120501005207,NSEWA,19,14,70,396.00,"27,720.00"
2019-12-05,2019120501005412,NUBL,28,19,200,937.00,"187,400.00"
2019-12-05,2019120501005538,PCBL,25,45,100,272.00,"27,200.00"
2019-12-05,2019120501005537,PCBL,20,45,73,272.00,"19,856.00"
2019-12-05,2019120501005429,PCBL,20,43,127,272.00,"34,544.00"
2019-12-05,2019120501005428,PCBL,45,43,"1,000",272.00,"272,000.00"
2019-12-05,2019120501005427,PCBL,43,43,100,272.00,"27,200.00"
2019-12-05,2019120501005426,PCBL,17,43,49,272.00,"13,328.00"
2019-12-05,2019120501005425,PCBL,13,43,327,272.00,"88,944.00"
2019-12-05,2019120501005335,PCBL,22,39,20,273.00,"5,460.00"
2019-12-05,2019120501005089,PCBL,13,39,16,272.00,"4,352.00"
2019-12-05,2019120501005501,PFL,45,28,27,141.00,"3,807.00"
2019-12-05,2019120501005186,PFL,45,34,63,141.00,"8,883.00"
2019-12-05,2019120501005348,PIC,26,38,40,370.00,"14,800.00"
2019-12-05,2019120501005347,PIC,19,38,100,370.00,"37,000.00"
2019-12-05,2019120501005346,PIC,5,38,200,370.00,"74,000.00"
2019-12-05,2019120501005345,PIC,28,38,10,373.00,"3,730.00"
2019-12-05,2019120501005585,PLIC,49,51,200,325.00,"65,000.00"
2019-12-05,2019120501005454,PLIC,1,10,500,326.00,"163,000.00"
2019-12-05,2019120501005300,PPCL,13,16,20,102.00,"2,040.00"
2019-12-05,2019120501005299,PPCL,14,16,10,102.00,"1,020.00"
2019-12-05,2019120501005355,PRIN,22,42,50,316.00,"15,800.00"
2019-12-05,2019120501005354,PRIN,22,7,75,316.00,"23,700.00"
2019-12-05,2019120501005312,PRIN,16,7,50,316.00,"15,800.00"
2019-12-05,2019120501005289,PRIN,40,17,500,315.00,"157,500.00"
2019-12-05,2019120501005288,PRIN,26,17,50,315.00,"15,750.00"
2019-12-05,2019120501005214,PRIN,28,7,175,316.00,"55,300.00"
2019-12-05,2019120501005531,PRVU,45,45,301,226.00,"68,026.00"
2019-12-05,2019120501005530,PRVU,22,45,50,226.00,"11,300.00"
2019-12-05,2019120501005529,PRVU,38,45,25,226.00,"5,650.00"
2019-12-05,2019120501005528,PRVU,52,45,624,226.00,"141,024.00"
2019-12-05,2019120501005402,PRVU,52,17,50,226.00,"11,300.00"
2019-12-05,2019120501005365,PRVU,49,48,500,227.00,"113,500.00"
2019-12-05,2019120501005287,RHPC,59,7,100,71.00,"7,100.00"
2019-12-05,2019120501005137,RHPC,42,7,50,71.00,"3,550.00"
2019-12-05,2019120501005136,RHPC,42,37,100,71.00,"7,100.00"
2019-12-05,2019120501005575,RHPL,46,28,10,172.00,"1,720.00"
2019-12-05,2019120501005574,RHPL,19,28,30,172.00,"5,160.00"
2019-12-05,2019120501005565,RHPL,19,25,30,172.00,"5,160.00"
2019-12-05,2019120501005544,RHPL,19,28,40,172.00,"6,880.00"
2019-12-05,2019120501005502,RHPL,19,28,40,172.00,"6,880.00"
2019-12-05,2019120501005452,RHPL,43,37,"1,000",173.00,"173,000.00"
2019-12-05,2019120501005098,RHPL,19,10,20,172.00,"3,440.00"
2019-12-05,2019120501005397,RHPL,52,52,"1,000",173.00,"173,000.00"
2019-12-05,2019120501005316,RHPL,19,16,30,172.00,"5,160.00"
2019-12-05,2019120501005149,RHPL,19,5,10,172.00,"1,720.00"
2019-12-05,2019120501005111,RHPL,54,52,"1,500",173.00,"259,500.00"
2019-12-05,2019120501005110,RHPL,54,58,30,173.00,"5,190.00"
2019-12-05,2019120501005109,RHPL,54,40,40,173.00,"6,920.00"
2019-12-05,2019120501005573,RLFL,3,22,50,109.00,"5,450.00"
2019-12-05,2019120501005572,RLFL,3,16,14,108.00,"1,512.00"
2019-12-05,2019120501005545,RMDC,58,10,50,615.00,"30,750.00"
2019-12-05,2019120501005451,RMDC,58,57,200,612.00,"122,400.00"
2019-12-05,2019120501005450,RMDC,58,53,100,612.00,"61,200.00"
2019-12-05,2019120501005449,RMDC,58,47,127,611.00,"77,597.00"
2019-12-05,2019120501005441,RMDC,58,43,100,610.00,"61,000.00"
2019-12-05,2019120501005440,RMDC,58,57,100,610.00,"61,000.00"
2019-12-05,2019120501005415,RMDC,58,38,63,600.00,"37,800.00"
2019-12-05,2019120501005414,RMDC,58,37,50,600.00,"30,000.00"
2019-12-05,2019120501005413,RMDC,58,16,88,599.00,"52,712.00"
2019-12-05,2019120501005286,RMDC,20,16,12,599.00,"7,188.00"
2019-12-05,2019120501005285,RMDC,20,40,348,595.00,"207,060.00"
2019-12-05,2019120501005439,RMDC,58,28,100,609.00,"60,900.00"
2019-12-05,2019120501005438,RMDC,58,29,"1,000",608.00,"608,000.00"
2019-12-05,2019120501005437,RMDC,58,22,76,606.00,"46,056.00"
2019-12-05,2019120501005436,RMDC,58,47,51,605.00,"30,855.00"
2019-12-05,2019120501005417,RMDC,58,25,50,600.00,"30,000.00"
2019-12-05,2019120501005416,RMDC,58,25,50,600.00,"30,000.00"
2019-12-05,2019120501005199,SABSL,46,43,10,515.00,"5,150.00"
2019-12-05,2019120501005198,SABSL,46,43,10,514.00,"5,140.00"
2019-12-05,2019120501005197,SABSL,46,10,10,513.00,"5,130.00"
2019-12-05,2019120501005343,SADBL,25,46,158,136.00,"21,488.00"
2019-12-05,2019120501005342,SADBL,32,46,100,137.00,"13,700.00"
2019-12-05,2019120501005341,SADBL,1,46,152,137.00,"20,824.00"
2019-12-05,2019120501005340,SADBL,42,46,"1,780",137.00,"243,860.00"
2019-12-05,2019120501005389,SAEF,39,57,"1,000",8.70,"8,700.00"
2019-12-05,2019120501005405,SANIMA,45,25,200,306.00,"61,200.00"
2019-12-05,2019120501005386,SANIMA,45,51,21,306.00,"6,426.00"
2019-12-05,2019120501005127,SANIMA,45,58,208,306.00,"63,648.00"
2019-12-05,2019120501005126,SANIMA,40,58,50,306.00,"15,300.00"
2019-12-05,2019120501005125,SANIMA,14,58,122,306.00,"37,332.00"
2019-12-05,2019120501005282,SBI,42,52,300,346.00,"103,800.00"
2019-12-05,2019120501005281,SBI,50,52,200,346.00,"69,200.00"
2019-12-05,2019120501005280,SBI,45,52,99,346.00,"34,254.00"
2019-12-05,2019120501005279,SBI,26,52,30,347.00,"10,410.00"
2019-12-05,2019120501005210,SBI,26,40,20,347.00,"6,940.00"
2019-12-05,2019120501005141,SBI,14,40,300,347.00,"104,100.00"
2019-12-05,2019120501005216,SBL,8,1,75,283.00,"21,225.00"
2019-12-05,2019120501005215,SBL,25,1,25,283.00,"7,075.00"
2019-12-05,2019120501005478,SCB,13,6,30,528.00,"15,840.00"
2019-12-05,2019120501005477,SCB,44,6,170,528.00,"89,760.00"
2019-12-05,2019120501005353,SCB,44,49,66,528.00,"34,848.00"
2019-12-05,2019120501005115,SCB,44,34,64,528.00,"33,792.00"
2019-12-05,2019120501005095,SDESI,21,38,100,555.00,"55,500.00"
2019-12-05,2019120501005094,SDESI,21,17,50,554.00,"27,700.00"
2019-12-05,2019120501005495,SHINE,57,48,200,229.00,"45,800.00"
2019-12-05,2019120501005494,SHINE,57,48,259,229.00,"59,311.00"
2019-12-05,2019120501005446,SHINE,55,48,73,229.00,"16,717.00"
2019-12-05,2019120501005445,SHINE,55,56,100,229.00,"22,900.00"
2019-12-05,2019120501005444,SHINE,55,28,27,229.00,"6,183.00"
2019-12-05,2019120501005184,SHINE,49,28,500,229.00,"114,500.00"
2019-12-05,2019120501005172,SHINE,45,42,80,228.00,"18,240.00"
2019-12-05,2019120501005493,SHIVM,10,49,50,385.00,"19,250.00"
2019-12-05,2019120501005188,SHIVM,39,36,20,385.00,"7,700.00"
2019-12-05,2019120501005523,SHL,46,20,284,207.00,"58,788.00"
2019-12-05,2019120501005522,SHL,1,20,300,207.00,"62,100.00"
2019-12-05,2019120501005521,SHL,45,20,100,208.00,"20,800.00"
2019-12-05,2019120501005520,SHL,52,20,500,208.00,"104,000.00"
2019-12-05,2019120501005519,SHL,47,20,200,208.00,"41,600.00"
2019-12-05,2019120501005518,SHL,52,20,"1,000",208.00,"208,000.00"
2019-12-05,2019120501005517,SHL,25,20,200,209.00,"41,800.00"
2019-12-05,2019120501005516,SHL,26,20,100,209.00,"20,900.00"
2019-12-05,2019120501005187,SHL,35,34,300,210.00,"63,000.00"
2019-12-05,2019120501005385,SHPC,38,16,100,183.00,"18,300.00"
2019-12-05,2019120501005144,SHPC,57,14,33,183.00,"6,039.00"
2019-12-05,2019120501005143,SHPC,57,37,18,183.00,"3,294.00"
2019-12-05,2019120501005499,SINDU,34,32,640,120.00,"76,800.00"
2019-12-05,2019120501005443,SINDU,34,44,360,120.00,"43,200.00"
2019-12-05,2019120501005442,SINDU,39,44,100,120.00,"12,000.00"
2019-12-05,2019120501005568,SJCL,51,25,20,157.00,"3,140.00"
2019-12-05,2019120501005559,SJCL,51,28,20,157.00,"3,140.00"
2019-12-05,2019120501005527,SJCL,51,25,10,157.00,"1,570.00"
2019-12-05,2019120501005512,SJCL,51,28,20,157.00,"3,140.00"
2019-12-05,2019120501005511,SJCL,36,16,20,158.00,"3,160.00"
2019-12-05,2019120501005510,SJCL,36,44,20,158.00,"3,160.00"
2019-12-05,2019120501005120,SJCL,45,41,20,158.00,"3,160.00"
2019-12-05,2019120501005119,SJCL,45,38,20,158.00,"3,160.00"
2019-12-05,2019120501005118,SJCL,45,38,20,158.00,"3,160.00"
2019-12-05,2019120501005117,SJCL,45,59,300,158.00,"47,400.00"
2019-12-05,2019120501005122,SJCL,45,43,10,159.00,"1,590.00"
2019-12-05,2019120501005121,SJCL,45,43,10,159.00,"1,590.00"
2019-12-05,2019120501005509,SJCL,36,5,10,158.00,"1,580.00"
2019-12-05,2019120501005584,SLBSL,22,43,10,799.00,"7,990.00"
2019-12-05,2019120501005508,SLBSL,14,22,25,799.00,"19,975.00"
2019-12-05,2019120501005507,SLBSL,14,18,100,799.00,"79,900.00"
2019-12-05,2019120501005418,SLBSL,26,55,10,795.00,"7,950.00"
2019-12-05,2019120501005142,SLBSL,53,17,95,790.00,"75,050.00"
2019-12-05,2019120501005102,SLBSL,53,13,10,790.00,"7,900.00"
2019-12-05,2019120501005506,SLBSL,14,21,10,799.00,"7,990.00"
2019-12-05,2019120501005505,SLBSL,14,21,10,799.00,"7,990.00"
2019-12-05,2019120501005504,SLBSL,14,54,10,799.00,"7,990.00"
2019-12-05,2019120501005503,SLBSL,14,47,12,798.00,"9,576.00"
2019-12-05,2019120501005469,SLBSL,55,6,10,798.00,"7,980.00"
2019-12-05,2019120501005430,SLBSL,55,1,10,798.00,"7,980.00"
2019-12-05,2019120501005321,SLICL,26,25,56,265.00,"14,840.00"
2019-12-05,2019120501005284,SLICL,26,51,11,265.00,"2,915.00"
2019-12-05,2019120501005349,SMATA,50,39,19,500.00,"9,500.00"
2019-12-05,2019120501005323,SMATA,50,42,19,499.00,"9,481.00"
2019-12-05,2019120501005322,SMATA,50,16,19,499.00,"9,481.00"
2019-12-05,2019120501005317,SMFBS,54,28,30,829.00,"24,870.00"
2019-12-05,2019120501005238,SMFBS,34,3,100,826.00,"82,600.00"
2019-12-05,2019120501005217,SMFBS,36,49,10,824.00,"8,240.00"
2019-12-05,2019120501005189,SMFBS,55,3,300,825.00,"247,500.00"
2019-12-05,2019120501005179,SMFBS,37,57,10,824.00,"8,240.00"
2019-12-05,2019120501005476,STC,5,40,40,"1,265.00","50,600.00"
2019-12-05,2019120501005423,STC,5,16,10,"1,265.00","12,650.00"
2019-12-05,2019120501005432,SWBBL,25,4,500,971.00,"485,500.00"
2019-12-05,2019120501005159,SWBBL,47,19,100,971.00,"97,100.00"
2019-12-05,2019120501005158,SWBBL,34,19,35,971.00,"33,985.00"
2019-12-05,2019120501005134,SWBBL,34,16,50,971.00,"48,550.00"
2019-12-05,2019120501005113,SWBBL,34,34,41,971.00,"39,811.00"
2019-12-05,2019120501005112,SWBBL,53,34,10,972.00,"9,720.00"
2019-12-05,2019120501005392,TRH,45,32,10,278.00,"2,780.00"
2019-12-05,2019120501005391,TRH,45,37,10,270.00,"2,700.00"
2019-12-05,2019120501005362,TRH,34,38,190,265.00,"50,350.00"
2019-12-05,2019120501005361,TRH,19,38,200,268.00,"53,600.00"
2019-12-05,2019120501005360,TRH,25,38,50,268.00,"13,400.00"
2019-12-05,2019120501005359,TRH,25,38,50,268.00,"13,400.00"
2019-12-05,2019120501005489,UPPER,29,25,38,235.00,"8,930.00"
2019-12-05,2019120501005422,UPPER,29,36,62,235.00,"14,570.00"
2019-12-05,2019120501005421,UPPER,25,36,200,235.00,"47,000.00"
2019-12-05,2019120501005420,UPPER,7,36,38,235.00,"8,930.00"
2019-12-05,2019120501005320,UPPER,29,51,869,236.00,"205,084.00"
2019-12-05,2019120501005309,UPPER,7,57,200,235.00,"47,000.00"
2019-12-05,2019120501005266,UPPER,7,25,992,235.00,"233,120.00"
2019-12-05,2019120501005196,UPPER,7,25,500,235.00,"117,500.00"
2019-12-05,2019120501005382,VLBS,33,34,50,630.00,"31,500.00"
2019-12-05,2019120501005381,VLBS,33,47,50,629.00,"31,450.00"
2019-12-05,2019120501004927,ADBL,21,52,380,404.00,"153,520.00"
2019-12-05,2019120501004926,ADBL,45,52,120,404.00,"48,480.00"
2019-12-05,2019120501004910,ADBL,45,44,880,404.00,"355,520.00"
2019-12-05,2019120501004847,ADBL,58,44,60,404.00,"24,240.00"
2019-12-05,2019120501004757,ADBL,38,44,60,404.00,"24,240.00"
2019-12-05,2019120501004756,ADBL,38,13,20,404.00,"8,080.00"
2019-12-05,2019120501004755,ADBL,38,13,20,404.00,"8,080.00"
2019-12-05,2019120501004829,AKBSL,34,7,422,445.00,"187,790.00"
2019-12-05,2019120501004828,AKBSL,34,34,400,444.00,"177,600.00"
2019-12-05,2019120501004819,AKBSL,48,1,10,445.00,"4,450.00"
2019-12-05,2019120501004721,AKBSL,10,51,10,440.00,"4,400.00"
2019-12-05,2019120501004648,AKBSL,43,43,10,438.00,"4,380.00"
2019-12-05,2019120501005061,AKJCL,37,37,20,57.00,"1,140.00"
2019-12-05,2019120501004901,AKPL,5,25,10,119.00,"1,190.00"
2019-12-05,2019120501004816,AKPL,5,40,60,117.00,"7,020.00"
2019-12-05,2019120501004814,AKPL,5,25,10,116.00,"1,160.00"
2019-12-05,2019120501004694,AKPL,57,25,10,114.00,"1,140.00"
2019-12-05,2019120501004852,ALBSL,29,29,5,419.00,"2,095.00"
2019-12-05,2019120501004809,ALBSL,49,25,110,427.00,"46,970.00"
2019-12-05,2019120501004784,ALBSL,49,40,400,427.00,"170,800.00"
2019-12-05,2019120501004783,ALBSL,49,52,20,427.00,"8,540.00"
2019-12-05,2019120501004782,ALBSL,49,58,444,426.00,"189,144.00"
2019-12-05,2019120501004781,ALBSL,49,45,100,424.00,"42,400.00"
2019-12-05,2019120501004725,ALBSL,18,28,26,425.00,"11,050.00"
2019-12-05,2019120501004932,ALICL,32,26,64,340.00,"21,760.00"
2019-12-05,2019120501004882,ALICL,25,17,100,346.00,"34,600.00"
2019-12-05,2019120501004881,ALICL,25,36,100,346.00,"34,600.00"
2019-12-05,2019120501004880,ALICL,25,16,300,346.00,"103,800.00"
2019-12-05,2019120501004879,ALICL,25,35,100,346.00,"34,600.00"
2019-12-05,2019120501004863,ALICL,26,57,10,345.00,"3,450.00"
2019-12-05,2019120501004856,ALICL,26,58,82,342.00,"28,044.00"
2019-12-05,2019120501004665,ALICL,3,35,100,342.00,"34,200.00"
2019-12-05,2019120501004653,ALICL,55,35,30,342.00,"10,260.00"
2019-12-05,2019120501004597,ALICL,25,28,200,342.00,"68,400.00"
2019-12-05,2019120501004862,ALICL,26,50,"1,000",345.00,"345,000.00"
2019-12-05,2019120501004861,ALICL,26,35,100,345.00,"34,500.00"
2019-12-05,2019120501004860,ALICL,26,35,120,344.00,"41,280.00"
2019-12-05,2019120501004859,ALICL,26,57,50,344.00,"17,200.00"
2019-12-05,2019120501004858,ALICL,26,16,50,344.00,"17,200.00"
2019-12-05,2019120501004857,ALICL,26,35,100,343.00,"34,300.00"
2019-12-05,2019120501005035,API,25,52,52,104.00,"5,408.00"
2019-12-05,2019120501004825,API,25,43,830,103.00,"85,490.00"
2019-12-05,2019120501004774,API,37,43,10,103.00,"1,030.00"
2019-12-05,2019120501004684,API,25,43,100,103.00,"10,300.00"
2019-12-05,2019120501004845,API,25,52,50,104.00,"5,200.00"
2019-12-05,2019120501004826,API,25,37,10,103.00,"1,030.00"
2019-12-05,2019120501004979,API,25,29,140,103.00,"14,420.00"
2019-12-05,2019120501004960,API,25,49,20,103.00,"2,060.00"
2019-12-05,2019120501004981,API,45,29,500,103.00,"51,500.00"
2019-12-05,2019120501004980,API,39,29,50,103.00,"5,150.00"
2019-12-05,2019120501004642,BARUN,11,21,20,78.00,"1,560.00"
2019-12-05,2019120501004823,BOKL,49,16,100,217.00,"21,700.00"
2019-12-05,2019120501004822,BOKL,49,56,350,217.00,"75,950.00"
2019-12-05,2019120501004821,BOKL,49,37,67,217.00,"14,539.00"
2019-12-05,2019120501004729,BOKL,49,14,100,216.00,"21,600.00"
2019-12-05,2019120501004728,BOKL,49,25,500,216.00,"108,000.00"
2019-12-05,2019120501004675,BOKL,54,45,200,215.00,"43,000.00"
2019-12-05,2019120501004674,BOKL,54,46,100,215.00,"21,500.00"
2019-12-05,2019120501004673,BOKL,54,7,139,215.00,"29,885.00"
2019-12-05,2019120501004664,BOKL,19,7,180,215.00,"38,700.00"
2019-12-05,2019120501004643,BOKL,26,7,50,215.00,"10,750.00"
2019-12-05,2019120501004896,BPCL,38,59,461,333.00,"153,513.00"
2019-12-05,2019120501004895,BPCL,38,43,60,333.00,"19,980.00"
2019-12-05,2019120501004720,BPCL,37,43,22,332.00,"7,304.00"
2019-12-05,2019120501004655,BPCL,37,43,10,332.00,"3,320.00"
2019-12-05,2019120501004917,CBBL,45,29,80,789.00,"63,120.00"
2019-12-05,2019120501004773,CBBL,33,29,20,789.00,"15,780.00"
2019-12-05,2019120501004744,CBBL,21,45,50,789.00,"39,450.00"
2019-12-05,2019120501004718,CBL,29,56,564,139.00,"78,396.00"
2019-12-05,2019120501004717,CBL,29,6,"2,000",139.00,"278,000.00"
2019-12-05,2019120501004716,CBL,29,41,308,139.00,"42,812.00"
2019-12-05,2019120501004601,CBL,29,41,500,138.00,"69,000.00"
2019-12-05,2019120501004600,CBL,29,14,100,138.00,"13,800.00"
2019-12-05,2019120501004599,CBL,29,17,267,138.00,"36,846.00"
2019-12-05,2019120501004812,CCBL,21,55,"1,000",163.00,"163,000.00"
2019-12-05,2019120501004726,CCBL,40,51,20,162.00,"3,240.00"
2019-12-05,2019120501004689,CCBL,58,52,100,163.00,"16,300.00"
2019-12-05,2019120501004688,CCBL,51,52,424,163.00,"69,112.00"
2019-12-05,2019120501004622,CCBL,51,7,76,163.00,"12,388.00"
2019-12-05,2019120501004621,CCBL,22,7,300,163.00,"48,900.00"
2019-12-05,2019120501004620,CCBL,45,7,100,163.00,"16,300.00"
2019-12-05,2019120501004619,CCBL,42,7,24,163.00,"3,912.00"
2019-12-05,2019120501005053,CFCL,59,41,10,112.00,"1,120.00"
2019-12-05,2019120501005052,CHCL,16,1,50,358.00,"17,900.00"
2019-12-05,2019120501005051,CHCL,16,19,50,358.00,"17,900.00"
2019-12-05,2019120501004884,CHCL,4,56,60,359.00,"21,540.00"
2019-12-05,2019120501004591,CHCL,51,56,100,359.00,"35,900.00"
2019-12-05,2019120501004854,CIT,47,54,30,"1,720.00","51,600.00"
2019-12-05,2019120501004853,CIT,47,54,30,"1,720.00","51,600.00"
2019-12-05,2019120501004749,CZBIL,47,48,36,186.00,"6,696.00"
2019-12-05,2019120501004748,CZBIL,47,52,40,186.00,"7,440.00"
2019-12-05,2019120501004747,CZBIL,47,8,10,186.00,"1,860.00"
2019-12-05,2019120501004678,CZBIL,36,45,400,185.00,"74,000.00"
2019-12-05,2019120501004677,CZBIL,36,28,70,184.00,"12,880.00"
2019-12-05,2019120501004616,CZBIL,58,28,200,184.00,"36,800.00"
2019-12-05,2019120501004634,DBBL,48,40,200,120.00,"24,000.00"
2019-12-05,2019120501004633,DBBL,21,40,50,120.00,"6,000.00"
2019-12-05,2019120501004632,DBBL,25,40,300,120.00,"36,000.00"
2019-12-05,2019120501004631,DBBL,59,40,"1,000",120.00,"120,000.00"
2019-12-05,2019120501004630,DBBL,34,40,10,120.00,"1,200.00"
2019-12-05,2019120501004629,DBBL,56,40,100,120.00,"12,000.00"
2019-12-05,2019120501004628,DBBL,55,40,50,121.00,"6,050.00"
2019-12-05,2019120501004627,DBBL,29,40,50,121.00,"6,050.00"
2019-12-05,2019120501004626,DBBL,11,40,"1,000",121.00,"121,000.00"
2019-12-05,2019120501004625,DBBL,51,40,500,122.00,"61,000.00"
2019-12-05,2019120501004624,DBBL,51,40,733,122.00,"89,426.00"
2019-12-05,2019120501004649,DHPL,51,22,132,53.00,"6,996.00"
2019-12-05,2019120501004750,EBL,50,48,178,549.00,"97,722.00"
2019-12-05,2019120501004693,EBL,14,22,200,550.00,"110,000.00"
2019-12-05,2019120501004945,EIC,3,16,54,222.00,"11,988.00"
2019-12-05,2019120501004937,EIC,3,42,46,222.00,"10,212.00"
2019-12-05,2019120501004936,EIC,45,42,114,222.00,"25,308.00"
2019-12-05,2019120501004894,EIC,45,19,86,222.00,"19,092.00"
2019-12-05,2019120501004893,EIC,36,19,210,222.00,"46,620.00"
2019-12-05,2019120501004794,EIC,36,16,80,220.00,"17,600.00"
2019-12-05,2019120501004793,EIC,36,49,98,219.00,"21,462.00"
2019-12-05,2019120501004775,EIC,36,16,20,220.00,"4,400.00"
2019-12-05,2019120501005032,FMDBL,36,36,100,304.00,"30,400.00"
2019-12-05,2019120501004764,GBBL,4,25,500,197.00,"98,500.00"
2019-12-05,2019120501004827,GBLBS,55,49,15,297.00,"4,455.00"
2019-12-05,2019120501005077,GGBSL,1,17,40,607.00,"24,280.00"
2019-12-05,2019120501004919,GGBSL,11,18,10,608.00,"6,080.00"
2019-12-05,2019120501004963,GGBSL,11,22,10,608.00,"6,080.00"
2019-12-05,2019120501004944,GGBSL,1,18,10,608.00,"6,080.00"
2019-12-05,2019120501005038,GILB,22,54,25,780.00,"19,500.00"
2019-12-05,2019120501005037,GILB,22,38,300,780.00,"234,000.00"
2019-12-05,2019120501004723,GLBSL,48,32,500,416.00,"208,000.00"
2019-12-05,2019120501004734,GLICL,52,17,300,385.00,"115,500.00"
2019-12-05,2019120501004733,GLICL,52,41,200,383.00,"76,600.00"
2019-12-05,2019120501004709,GLICL,56,34,100,385.00,"38,500.00"
2019-12-05,2019120501004708,GLICL,56,39,67,385.00,"25,795.00"
2019-12-05,2019120501004692,GLICL,56,59,100,384.00,"38,400.00"
2019-12-05,2019120501004691,GLICL,56,34,90,384.00,"34,560.00"
2019-12-05,2019120501004690,GLICL,56,41,400,383.00,"153,200.00"
2019-12-05,2019120501004666,GMFBS,21,39,10,495.00,"4,950.00"
2019-12-05,2019120501004904,GMFIL,57,58,100,112.00,"11,200.00"
2019-12-05,2019120501004899,GMFIL,52,58,50,112.00,"5,600.00"
2019-12-05,2019120501004855,GMFIL,25,58,100,112.00,"11,200.00"
2019-12-05,2019120501004820,GMFIL,57,58,110,112.00,"12,320.00"
2019-12-05,2019120501005011,GRDBL,39,44,120,103.00,"12,360.00"
2019-12-05,2019120501005010,GRDBL,39,51,40,102.00,"4,080.00"
2019-12-05,2019120501004967,GRDBL,21,43,100,101.00,"10,100.00"
2019-12-05,2019120501005029,GUFL,58,42,10,112.00,"1,120.00"
2019-12-05,2019120501004644,HBL,58,16,25,490.00,"12,250.00"
2019-12-05,2019120501005019,HDL,33,53,100,"1,252.00","125,200.00"
2019-12-05,2019120501004810,HDL,56,7,100,"1,251.00","125,100.00"
2019-12-05,2019120501004762,HDL,39,35,100,"1,250.00","125,000.00"
2019-12-05,2019120501004761,HDL,22,35,100,"1,250.00","125,000.00"
2019-12-05,2019120501004760,HDL,45,35,50,"1,250.00","62,500.00"
2019-12-05,2019120501004759,HDL,1,35,50,"1,255.00","62,750.00"
2019-12-05,2019120501004699,HDL,35,34,60,"1,265.00","75,900.00"
2019-12-05,2019120501005045,HIDCL,16,44,443,132.00,"58,476.00"
2019-12-05,2019120501005044,HIDCL,7,44,57,133.00,"7,581.00"
2019-12-05,2019120501005027,HIDCL,7,46,25,133.00,"3,325.00"
2019-12-05,2019120501004792,HIDCL,36,45,23,134.00,"3,082.00"
2019-12-05,2019120501004765,HIDCL,7,1,40,133.00,"5,320.00"
2019-12-05,2019120501004683,ICFC,43,17,654,160.00,"104,640.00"
2019-12-05,2019120501004824,IGI,49,39,10,283.00,"2,830.00"
2019-12-05,2019120501005028,ILBS,47,28,30,515.00,"15,450.00"
2019-12-05,2019120501005013,ILBS,38,28,50,516.00,"25,800.00"
2019-12-05,2019120501004813,ILBS,38,16,10,516.00,"5,160.00"
2019-12-05,2019120501004791,ILBS,38,16,10,516.00,"5,160.00"
2019-12-05,2019120501004778,ILBS,38,16,10,516.00,"5,160.00"
2019-12-05,2019120501004751,ILBS,38,16,10,516.00,"5,160.00"
2019-12-05,2019120501004741,ILBS,38,16,10,516.00,"5,160.00"
2019-12-05,2019120501004663,ILBS,37,37,10,517.00,"5,170.00"
2019-12-05,2019120501004722,JBBL,45,58,88,164.00,"14,432.00"
2019-12-05,2019120501004982,JFL,6,46,30,192.00,"5,760.00"
2019-12-05,2019120501004846,JSLBB,20,34,50,"1,255.00","62,750.00"
2019-12-05,2019120501005082,KBL,58,50,10,179.00,"1,790.00"
2019-12-05,2019120501005031,KBL,6,46,100,177.00,"17,700.00"
2019-12-05,2019120501005025,KBL,58,50,10,179.00,"1,790.00"
2019-12-05,2019120501004997,KBL,32,26,200,178.00,"35,600.00"
2019-12-05,2019120501004996,KBL,32,36,30,178.00,"5,340.00"
2019-12-05,2019120501004651,KBL,58,59,100,178.00,"17,800.00"
2019-12-05,2019120501004903,KBL,37,35,50,178.00,"8,900.00"
2019-12-05,2019120501004871,KBL,58,35,30,178.00,"5,340.00"
2019-12-05,2019120501004870,KBL,26,35,436,178.00,"77,608.00"
2019-12-05,2019120501004869,KBL,26,59,64,178.00,"11,392.00"
2019-12-05,2019120501004701,KBL,54,59,425,178.00,"75,650.00"
2019-12-05,2019120501004995,KBL,32,22,193,178.00,"34,354.00"
2019-12-05,2019120501004994,KBL,32,35,121,178.00,"21,538.00"
2019-12-05,2019120501004993,KBL,32,35,118,178.00,"21,004.00"
2019-12-05,2019120501004929,KBL,21,35,366,178.00,"65,148.00"
2019-12-05,2019120501004918,KPCL,56,43,10,79.00,790.00
2019-12-05,2019120501004905,KPCL,56,43,10,79.00,790.00
2019-12-05,2019120501004745,KSBBL,18,5,200,134.00,"26,800.00"
2019-12-05,2019120501004696,LBBL,51,53,10,172.00,"1,720.00"
2019-12-05,2019120501005023,LBL,54,40,200,219.00,"43,800.00"
2019-12-05,2019120501004961,LBL,34,43,100,218.00,"21,800.00"
2019-12-05,2019120501004804,LBL,49,33,500,219.00,"109,500.00"
2019-12-05,2019120501004803,LBL,49,3,217,219.00,"47,523.00"
2019-12-05,2019120501004796,LBL,49,37,120,219.00,"26,280.00"
2019-12-05,2019120501004795,LBL,49,40,500,219.00,"109,500.00"
2019-12-05,2019120501004685,LBL,49,28,873,218.00,"190,314.00"
2019-12-05,2019120501004802,LBL,49,8,200,219.00,"43,800.00"
2019-12-05,2019120501004801,LBL,49,4,150,219.00,"32,850.00"
2019-12-05,2019120501004800,LBL,49,42,200,219.00,"43,800.00"
2019-12-05,2019120501004799,LBL,49,26,"1,000",219.00,"219,000.00"
2019-12-05,2019120501004798,LBL,49,47,100,219.00,"21,900.00"
2019-12-05,2019120501004797,LBL,49,11,100,219.00,"21,900.00"
2019-12-05,2019120501004788,LGIL,17,22,263,321.00,"84,423.00"
2019-12-05,2019120501004787,LGIL,17,41,237,320.00,"75,840.00"
2019-12-05,2019120501005003,LICN,16,40,204,973.00,"198,492.00"
2019-12-05,2019120501005002,LICN,16,58,50,972.00,"48,600.00"
2019-12-05,2019120501004658,LLBS,38,45,10,625.00,"6,250.00"
2019-12-05,2019120501004704,MBL,28,46,500,218.00,"109,000.00"
2019-12-05,2019120501004654,MBL,58,29,100,219.00,"21,900.00"
2019-12-05,2019120501004638,MBL,28,46,500,218.00,"109,000.00"
2019-12-05,2019120501004705,MEGA,32,13,100,182.00,"18,200.00"
2019-12-05,2019120501004610,MEGA,45,41,100,182.00,"18,200.00"
2019-12-05,2019120501004609,MEGA,17,41,396,182.00,"72,072.00"
2019-12-05,2019120501004875,MEGA,8,36,100,182.00,"18,200.00"
2019-12-05,2019120501004874,MEGA,8,13,242,182.00,"44,044.00"
2019-12-05,2019120501004977,MERO,26,58,300,428.00,"128,400.00"
2019-12-05,2019120501004908,MERO,39,6,50,426.00,"21,300.00"
2019-12-05,2019120501004907,MERO,39,25,26,426.00,"11,076.00"
2019-12-05,2019120501004890,MLBBL,49,32,40,464.00,"18,560.00"
2019-12-05,2019120501004888,MLBBL,26,32,70,464.00,"32,480.00"
2019-12-05,2019120501004912,MLBL,32,46,200,172.00,"34,400.00"
2019-12-05,2019120501004911,MLBL,32,46,200,172.00,"34,400.00"
2019-12-05,2019120501004779,MLBL,59,46,"1,000",172.00,"172,000.00"
2019-12-05,2019120501005042,MNBBL,29,1,415,314.00,"130,310.00"
2019-12-05,2019120501005041,MNBBL,29,32,42,314.00,"13,188.00"
2019-12-05,2019120501005040,MNBBL,29,45,400,314.00,"125,600.00"
2019-12-05,2019120501005039,MNBBL,29,58,50,314.00,"15,700.00"
2019-12-05,2019120501005000,MNBBL,42,58,500,314.00,"157,000.00"
2019-12-05,2019120501004986,MNBBL,42,58,3,310.00,930.00
2019-12-05,2019120501004877,MNBBL,43,19,150,313.00,"46,950.00"
2019-12-05,2019120501004955,NABIL,40,59,300,730.00,"219,000.00"
2019-12-05,2019120501004832,NABIL,40,59,300,730.00,"219,000.00"
2019-12-05,2019120501005085,NBB,44,16,50,200.00,"10,000.00"
2019-12-05,2019120501005024,NBB,32,13,231,200.00,"46,200.00"
2019-12-05,2019120501004914,NBB,46,51,50,200.00,"10,000.00"
2019-12-05,2019120501004913,NBB,45,51,100,200.00,"20,000.00"
2019-12-05,2019120501005016,NBL,43,4,160,313.00,"50,080.00"
2019-12-05,2019120501004886,NBL,6,4,"2,000",313.00,"626,000.00"
2019-12-05,2019120501004885,NBL,6,8,171,313.00,"53,523.00"
2019-12-05,2019120501004727,NBL,8,8,500,313.00,"156,500.00"
2019-12-05,2019120501004682,NBL,5,8,159,313.00,"49,767.00"
2019-12-05,2019120501004676,NBL,10,8,500,313.00,"156,500.00"
2019-12-05,2019120501005084,NCCB,35,1,50,200.00,"10,000.00"
2019-12-05,2019120501004641,NCCB,53,7,37,201.00,"7,437.00"
2019-12-05,2019120501004640,NCCB,53,19,463,201.00,"93,063.00"
2019-12-05,2019120501004639,NCCB,53,43,500,201.00,"100,500.00"
2019-12-05,2019120501004589,NCCB,58,45,200,200.00,"40,000.00"
2019-12-05,2019120501004588,NCCB,58,41,200,200.00,"40,000.00"
2019-12-05,2019120501004587,NCCB,58,34,"1,666",200.00,"333,200.00"
2019-12-05,2019120501004586,NCCB,58,5,500,200.00,"100,000.00"
2019-12-05,2019120501004808,NEF,19,34,"2,000",7.74,"15,480.00"
2019-12-05,2019120501004807,NEF,19,32,"2,000",7.74,"15,480.00"
2019-12-05,2019120501004739,NEF,19,26,"1,554",7.73,"12,012.42"
2019-12-05,2019120501005049,NHDL,17,40,10,109.00,"1,090.00"
2019-12-05,2019120501004892,NHPC,38,38,100,52.00,"5,200.00"
2019-12-05,2019120501004697,NHPC,20,26,100,53.00,"5,300.00"
2019-12-05,2019120501005075,NIB,42,58,100,413.00,"41,300.00"
2019-12-05,2019120501004989,NIB,45,11,63,413.00,"26,019.00"
2019-12-05,2019120501004988,NIB,43,11,100,413.00,"41,300.00"
2019-12-05,2019120501004738,NIB,45,51,37,413.00,"15,281.00"
2019-12-05,2019120501004737,NIB,22,51,72,413.00,"29,736.00"
2019-12-05,2019120501004659,NIB,58,48,100,414.00,"41,400.00"
2019-12-05,2019120501005034,NIBPO,28,28,740,387.00,"286,380.00"
2019-12-05,2019120501005017,NIBPO,11,28,250,387.00,"96,750.00"
2019-12-05,2019120501004902,NIBPO,7,28,10,387.00,"3,870.00"
2019-12-05,2019120501004971,NICA,36,5,50,408.00,"20,400.00"
2019-12-05,2019120501004970,NICA,36,49,50,407.00,"20,350.00"
2019-12-05,2019120501004969,NICA,36,4,150,407.00,"61,050.00"
2019-12-05,2019120501004906,NICA,40,4,100,407.00,"40,700.00"
2019-12-05,2019120501004876,NICL,58,41,300,264.00,"79,200.00"
2019-12-05,2019120501004703,NICL,51,13,10,265.00,"2,650.00"
2019-12-05,2019120501004650,NICL,58,28,30,264.00,"7,920.00"
2019-12-05,2019120501004635,NIL,52,48,28,386.00,"10,808.00"
2019-12-05,2019120501004594,NIL,19,48,16,386.00,"6,176.00"
2019-12-05,2019120501004593,NIL,19,51,84,386.00,"32,424.00"
2019-12-05,2019120501004957,NLG,35,38,100,527.00,"52,700.00"
2019-12-05,2019120501004942,NLG,35,25,37,527.00,"19,499.00"
2019-12-05,2019120501004941,NLG,7,25,28,527.00,"14,756.00"
2019-12-05,2019120501005076,NLIC,45,28,50,889.00,"44,450.00"
2019-12-05,2019120501005070,NLIC,21,28,170,889.00,"151,130.00"
2019-12-05,2019120501005069,NLIC,21,26,30,888.00,"26,640.00"
2019-12-05,2019120501004965,NLIC,25,26,100,888.00,"88,800.00"
2019-12-05,2019120501004931,NLIC,39,43,50,888.00,"44,400.00"
2019-12-05,2019120501004930,NLIC,39,43,30,888.00,"26,640.00"
2019-12-05,2019120501004698,NLIC,51,43,10,890.00,"8,900.00"
2019-12-05,2019120501004606,NLIC,39,38,125,889.00,"111,125.00"
2019-12-05,2019120501004851,NLIC,34,43,20,888.00,"17,760.00"
2019-12-05,2019120501004806,NLIC,53,43,50,884.00,"44,200.00"
2019-12-05,2019120501004790,NLIC,39,45,200,889.00,"177,800.00"
2019-12-05,2019120501004786,NLIC,3,16,50,885.00,"44,250.00"
2019-12-05,2019120501004785,NLIC,58,16,50,886.00,"44,300.00"
2019-12-05,2019120501004758,NLIC,41,43,100,889.00,"88,900.00"
2019-12-05,2019120501004868,NLICL,50,34,100,455.00,"45,500.00"
2019-12-05,2019120501004867,NLICL,50,45,200,455.00,"91,000.00"
2019-12-05,2019120501004866,NLICL,50,51,12,455.00,"5,460.00"
2019-12-05,2019120501004865,NLICL,50,44,500,455.00,"227,500.00"
2019-12-05,2019120501004864,NLICL,50,40,80,455.00,"36,400.00"
2019-12-05,2019120501004844,NLICL,26,40,120,455.00,"54,600.00"
2019-12-05,2019120501004837,NLICL,26,47,90,453.00,"40,770.00"
2019-12-05,2019120501004836,NLICL,26,35,200,452.00,"90,400.00"
2019-12-05,2019120501004835,NLICL,26,1,20,452.00,"9,040.00"
2019-12-05,2019120501004843,NLICL,26,38,390,454.00,"177,060.00"
2019-12-05,2019120501004842,NLICL,26,13,200,454.00,"90,800.00"
2019-12-05,2019120501004841,NLICL,26,52,100,453.00,"45,300.00"
2019-12-05,2019120501004840,NLICL,26,43,100,453.00,"45,300.00"
2019-12-05,2019120501004839,NLICL,26,41,80,453.00,"36,240.00"
2019-12-05,2019120501004838,NLICL,26,1,200,453.00,"90,600.00"
2019-12-05,2019120501005068,NMB,32,52,136,387.00,"52,632.00"
2019-12-05,2019120501005067,NMB,26,52,238,387.00,"92,106.00"
2019-12-05,2019120501005055,NMB,47,49,14,388.00,"5,432.00"
2019-12-05,2019120501005043,NMB,47,49,18,388.00,"6,984.00"
2019-12-05,2019120501004984,NMB,26,45,115,387.00,"44,505.00"
2019-12-05,2019120501004954,NMB,11,49,84,388.00,"32,592.00"
2019-12-05,2019120501004883,NMB,26,45,"1,000",387.00,"387,000.00"
2019-12-05,2019120501004834,NMB,26,59,262,387.00,"101,394.00"
2019-12-05,2019120501004833,NMB,32,59,124,387.00,"47,988.00"
2019-12-05,2019120501004713,NMB,26,22,56,387.00,"21,672.00"
2019-12-05,2019120501004934,NMBHF1,34,26,"5,168",8.62,"44,548.16"
2019-12-05,2019120501004849,NNLB,48,40,100,489.00,"48,900.00"
2019-12-05,2019120501004848,NNLB,48,13,60,488.00,"29,280.00"
2019-12-05,2019120501004777,NNLB,48,44,50,485.00,"24,250.00"
2019-12-05,2019120501004776,NNLB,48,7,14,484.00,"6,776.00"
2019-12-05,2019120501004898,NSEWA,55,48,30,389.00,"11,670.00"
2019-12-05,2019120501004897,NSEWA,29,48,70,390.00,"27,300.00"
2019-12-05,2019120501005083,NUBL,32,19,300,937.00,"281,100.00"
2019-12-05,2019120501004730,PCBL,26,39,13,273.00,"3,549.00"
2019-12-05,2019120501004702,PIC,42,6,30,377.00,"11,310.00"
2019-12-05,2019120501004592,PIC,36,29,64,376.00,"24,064.00"
2019-12-05,2019120501004909,PLIC,35,28,416,328.00,"136,448.00"
2019-12-05,2019120501004891,PLIC,25,8,82,327.00,"26,814.00"
2019-12-05,2019120501004743,PMHPL,56,51,10,84.00,840.00
2019-12-05,2019120501004742,PMHPL,56,43,10,84.00,840.00
2019-12-05,2019120501004667,PMHPL,56,43,10,84.00,840.00
2019-12-05,2019120501004817,PPCL,14,38,20,102.00,"2,040.00"
2019-12-05,2019120501005022,PRIN,28,41,25,316.00,"7,900.00"
2019-12-05,2019120501005021,PRIN,22,41,60,316.00,"18,960.00"
2019-12-05,2019120501005020,PRIN,45,41,40,316.00,"12,640.00"
2019-12-05,2019120501004724,PRIN,28,32,100,319.00,"31,900.00"
2019-12-05,2019120501005001,PRVU,52,48,20,227.00,"4,540.00"
2019-12-05,2019120501004719,PRVU,52,22,63,226.00,"14,238.00"
2019-12-05,2019120501004657,PRVU,51,48,269,227.00,"61,063.00"
2019-12-05,2019120501004656,PRVU,51,34,731,227.00,"165,937.00"
2019-12-05,2019120501004623,PRVU,58,34,100,227.00,"22,700.00"
2019-12-05,2019120501004612,PRVU,52,29,500,226.00,"113,000.00"
2019-12-05,2019120501005054,RADHI,35,40,12,139.00,"1,668.00"
2019-12-05,2019120501005036,RBCL,59,53,20,"8,150.00","163,000.00"
2019-12-05,2019120501004999,RBCL,59,53,20,"8,100.00","162,000.00"
2019-12-05,2019120501004998,RBCL,59,45,10,"8,050.00","80,500.00"
2019-12-05,2019120501005065,RHPL,19,40,40,172.00,"6,880.00"
2019-12-05,2019120501005026,RHPL,19,40,40,172.00,"6,880.00"
2019-12-05,2019120501005014,RHPL,19,40,40,172.00,"6,880.00"
2019-12-05,2019120501004976,RHPL,19,47,40,172.00,"6,880.00"
2019-12-05,2019120501004968,RHPL,19,40,40,172.00,"6,880.00"
2019-12-05,2019120501004962,RHPL,19,40,40,172.00,"6,880.00"
2019-12-05,2019120501004680,RHPL,19,16,30,172.00,"5,160.00"
2019-12-05,2019120501004679,RHPL,19,41,50,172.00,"8,600.00"
2019-12-05,2019120501004598,RHPL,19,43,10,171.00,"1,710.00"
2019-12-05,2019120501004943,RHPL,19,43,40,172.00,"6,880.00"
2019-12-05,2019120501004928,RHPL,19,40,40,172.00,"6,880.00"
2019-12-05,2019120501004889,RHPL,19,37,40,172.00,"6,880.00"
2019-12-05,2019120501004746,RHPL,19,43,10,172.00,"1,720.00"
2019-12-05,2019120501004700,RHPL,19,14,30,172.00,"5,160.00"
2019-12-05,2019120501004681,RHPL,19,43,10,172.00,"1,720.00"
2019-12-05,2019120501004672,RMDC,40,40,52,595.00,"30,940.00"
2019-12-05,2019120501005066,RRHP,22,40,10,100.00,"1,000.00"
2019-12-05,2019120501004916,RRHP,47,40,10,101.00,"1,010.00"
2019-12-05,2019120501004850,RRHP,47,58,10,101.00,"1,010.00"
2019-12-05,2019120501005050,SABSL,10,29,10,507.00,"5,070.00"
2019-12-05,2019120501004953,SADBL,32,39,58,138.00,"8,004.00"
2019-12-05,2019120501004952,SADBL,32,51,504,138.00,"69,552.00"
2019-12-05,2019120501005048,SANIMA,14,22,78,306.00,"23,868.00"
2019-12-05,2019120501005047,SANIMA,21,22,100,306.00,"30,600.00"
2019-12-05,2019120501005046,SANIMA,54,22,41,306.00,"12,546.00"
2019-12-05,2019120501004736,SANIMA,20,58,20,307.00,"6,140.00"
2019-12-05,2019120501004732,SANIMA,54,48,39,306.00,"11,934.00"
2019-12-05,2019120501004707,SANIMA,36,58,100,307.00,"30,700.00"
2019-12-05,2019120501004706,SANIMA,36,54,400,307.00,"122,800.00"
2019-12-05,2019120501004687,SANIMA,36,54,300,307.00,"92,100.00"
2019-12-05,2019120501004637,SANIMA,54,14,20,306.00,"6,120.00"
2019-12-05,2019120501004636,SANIMA,45,14,980,306.00,"299,880.00"
2019-12-05,2019120501005064,SBL,25,25,10,283.00,"2,830.00"
2019-12-05,2019120501005063,SBL,41,25,40,283.00,"11,320.00"
2019-12-05,2019120501004920,SCB,35,19,50,528.00,"26,400.00"
2019-12-05,2019120501004615,SCB,58,10,29,530.00,"15,370.00"
2019-12-05,2019120501004614,SCB,58,44,20,530.00,"10,600.00"
2019-12-05,2019120501004613,SCB,58,44,51,529.00,"26,979.00"
2019-12-05,2019120501004878,SDESI,26,48,67,550.00,"36,850.00"
2019-12-05,2019120501005018,SHINE,32,42,200,228.00,"45,600.00"
2019-12-05,2019120501004992,SHINE,44,42,200,228.00,"45,600.00"
2019-12-05,2019120501004991,SHINE,38,42,20,228.00,"4,560.00"
2019-12-05,2019120501004990,SHINE,16,42,500,228.00,"114,000.00"
2019-12-05,2019120501004985,SHINE,32,28,200,229.00,"45,800.00"
2019-12-05,2019120501004964,SHINE,32,28,200,229.00,"45,800.00"
2019-12-05,2019120501004753,SHINE,45,48,275,228.00,"62,700.00"
2019-12-05,2019120501004715,SHINE,53,48,100,228.00,"22,800.00"
2019-12-05,2019120501004714,SHINE,38,48,10,228.00,"2,280.00"
2019-12-05,2019120501004974,SHIVM,10,35,225,385.00,"86,625.00"
2019-12-05,2019120501004973,SHIVM,8,35,60,385.00,"23,100.00"
2019-12-05,2019120501004972,SHIVM,19,35,715,385.00,"275,275.00"
2019-12-05,2019120501004940,SHIVM,19,35,285,385.00,"109,725.00"
2019-12-05,2019120501004939,SHIVM,3,35,15,385.00,"5,775.00"
2019-12-05,2019120501004831,SHIVM,3,45,35,385.00,"13,475.00"
2019-12-05,2019120501004647,SHIVM,41,58,85,385.00,"32,725.00"
2019-12-05,2019120501004830,SHIVM,41,45,15,385.00,"5,775.00"
2019-12-05,2019120501004815,SHPC,44,36,460,182.00,"83,720.00"
2019-12-05,2019120501004811,SHPC,38,37,982,183.00,"179,706.00"
2019-12-05,2019120501004938,SICL,11,44,10,780.00,"7,800.00"
2019-12-05,2019120501004617,SIL,52,49,100,384.00,"38,400.00"
2019-12-05,2019120501004608,SIL,19,33,100,383.00,"38,300.00"
2019-12-05,2019120501004645,SINDU,55,49,25,122.00,"3,050.00"
2019-12-05,2019120501005071,SJCL,51,40,20,157.00,"3,140.00"
2019-12-05,2019120501005030,SJCL,51,40,20,157.00,"3,140.00"
2019-12-05,2019120501004978,SJCL,51,40,20,157.00,"3,140.00"
2019-12-05,2019120501004959,SJCL,51,40,20,157.00,"3,140.00"
2019-12-05,2019120501004956,SJCL,51,43,20,157.00,"3,140.00"
2019-12-05,2019120501004950,SJCL,32,59,80,158.00,"12,640.00"
2019-12-05,2019120501004602,SJCL,51,43,10,157.00,"1,570.00"
2019-12-05,2019120501004754,SJCL,51,43,10,157.00,"1,570.00"
2019-12-05,2019120501004695,SJCL,51,14,20,157.00,"3,140.00"
2019-12-05,2019120501004686,SJCL,51,43,10,157.00,"1,570.00"
2019-12-05,2019120501004935,SJCL,51,43,20,157.00,"3,140.00"
2019-12-05,2019120501004933,SJCL,51,40,20,157.00,"3,140.00"
2019-12-05,2019120501004805,SJCL,51,38,20,157.00,"3,140.00"
2019-12-05,2019120501004763,SJCL,51,51,20,157.00,"3,140.00"
2019-12-05,2019120501005073,SKBBL,41,10,20,939.00,"18,780.00"
2019-12-05,2019120501004983,SKBBL,57,44,100,940.00,"94,000.00"
2019-12-05,2019120501004921,SKBBL,41,13,100,939.00,"93,900.00"
2019-12-05,2019120501004789,SKBBL,41,29,39,939.00,"36,621.00"
2019-12-05,2019120501004661,SKBBL,41,5,50,937.00,"46,850.00"
2019-12-05,2019120501005081,SLBSL,21,17,10,800.00,"8,000.00"
2019-12-05,2019120501005080,SLBSL,21,44,200,800.00,"160,000.00"
2019-12-05,2019120501005079,SLBSL,21,43,300,799.00,"239,700.00"
2019-12-05,2019120501005078,SLBSL,21,17,90,798.00,"71,820.00"
2019-12-05,2019120501005072,SLBSL,53,13,10,790.00,"7,900.00"
2019-12-05,2019120501004604,SLBSL,43,26,30,794.00,"23,820.00"
2019-12-05,2019120501004603,SLBSL,43,18,10,793.00,"7,930.00"
2019-12-05,2019120501004596,SLBSL,43,18,20,793.00,"15,860.00"
2019-12-05,2019120501004595,SLBSL,43,34,10,792.00,"7,920.00"
2019-12-05,2019120501004660,SLBSL,45,1,10,790.00,"7,900.00"
2019-12-05,2019120501004611,SLBSL,50,44,10,789.00,"7,890.00"
2019-12-05,2019120501004605,SLBSL,53,44,10,787.00,"7,870.00"
2019-12-05,2019120501004900,SLBSL,40,26,135,790.00,"106,650.00"
2019-12-05,2019120501004887,SLBSL,45,26,190,790.00,"150,100.00"
2019-12-05,2019120501004873,SLBSL,32,42,150,792.00,"118,800.00"
2019-12-05,2019120501004872,SLBSL,32,26,150,792.00,"118,800.00"
2019-12-05,2019120501004975,SLBSL,53,18,30,793.00,"23,790.00"
2019-12-05,2019120501004966,SLBSL,58,18,10,793.00,"7,930.00"
2019-12-05,2019120501004949,SLBSL,7,18,20,793.00,"15,860.00"
2019-12-05,2019120501004948,SLBSL,7,42,50,792.00,"39,600.00"
2019-12-05,2019120501005008,SLBSL,14,49,10,796.00,"7,960.00"
2019-12-05,2019120501005007,SLBSL,14,19,30,795.00,"23,850.00"
2019-12-05,2019120501005006,SLBSL,14,29,20,793.00,"15,860.00"
2019-12-05,2019120501005005,SLBSL,14,18,40,793.00,"31,720.00"
2019-12-05,2019120501004740,SLICL,3,29,100,269.00,"26,900.00"
2019-12-05,2019120501004590,SMFDB,34,7,10,568.00,"5,680.00"
2019-12-05,2019120501005062,SPARS,34,34,500,541.00,"270,500.00"
2019-12-05,2019120501005012,SPARS,1,29,10,540.00,"5,400.00"
2019-12-05,2019120501004772,SPARS,50,47,10,545.00,"5,450.00"
2019-12-05,2019120501004771,SPARS,50,34,10,545.00,"5,450.00"
2019-12-05,2019120501004770,SPARS,50,16,10,543.00,"5,430.00"
2019-12-05,2019120501004769,SPARS,50,16,10,540.00,"5,400.00"
2019-12-05,2019120501004768,SPARS,50,37,10,540.00,"5,400.00"
2019-12-05,2019120501004767,SPARS,50,50,10,539.00,"5,390.00"
2019-12-05,2019120501004731,SPARS,49,39,450,535.00,"240,750.00"
2019-12-05,2019120501004646,SPARS,42,39,20,535.00,"10,700.00"
2019-12-05,2019120501004818,SPDL,45,10,50,87.00,"4,350.00"
2019-12-05,2019120501004712,SRBL,49,49,"1,000",216.00,"216,000.00"
2019-12-05,2019120501004711,SRBL,49,11,500,216.00,"108,000.00"
2019-12-05,2019120501004710,SRBL,49,45,100,216.00,"21,600.00"
2019-12-05,2019120501004662,SRBL,58,45,100,216.00,"21,600.00"
2019-12-05,2019120501005060,STC,7,40,50,"1,284.00","64,200.00"
2019-12-05,2019120501005059,STC,7,34,10,"1,284.00","12,840.00"
2019-12-05,2019120501005058,STC,7,19,60,"1,278.00","76,680.00"
2019-12-05,2019120501005057,STC,7,14,50,"1,268.00","63,400.00"
2019-12-05,2019120501005056,STC,7,19,248,"1,260.00","312,480.00"
2019-12-05,2019120501005009,STC,1,17,20,"1,259.00","25,180.00"
2019-12-05,2019120501004925,STC,51,34,100,"1,253.00","125,300.00"
2019-12-05,2019120501004924,STC,51,34,100,"1,253.00","125,300.00"
2019-12-05,2019120501004923,STC,51,16,20,"1,253.00","25,060.00"
2019-12-05,2019120501004922,STC,51,22,30,"1,252.00","37,560.00"
2019-12-05,2019120501005015,SWBBL,53,28,40,972.00,"38,880.00"
2019-12-05,2019120501004947,SWBBL,53,28,160,972.00,"155,520.00"
2019-12-05,2019120501004915,SWBBL,53,53,40,972.00,"38,880.00"
2019-12-05,2019120501004780,SWBBL,53,19,100,972.00,"97,200.00"
2019-12-05,2019120501004671,SWBBL,36,28,200,974.00,"194,800.00"
2019-12-05,2019120501004735,UIC,36,57,100,229.00,"22,900.00"
2019-12-05,2019120501004766,UPCL,56,58,50,73.00,"3,650.00"
2019-12-05,2019120501005074,UPPER,7,40,40,235.00,"9,400.00"
2019-12-05,2019120501005033,UPPER,7,40,50,235.00,"11,750.00"
2019-12-05,2019120501005004,UPPER,7,40,40,235.00,"9,400.00"
2019-12-05,2019120501004987,UPPER,7,40,50,235.00,"11,750.00"
2019-12-05,2019120501004958,UPPER,7,40,40,235.00,"9,400.00"
2019-12-05,2019120501004951,UPPER,49,1,50,236.00,"11,800.00"
2019-12-05,2019120501004946,UPPER,7,40,50,235.00,"11,750.00"
2019-12-05,2019120501004618,UPPER,52,19,399,236.00,"94,164.00"
2019-12-05,2019120501004607,VLBS,38,45,10,625.00,"6,250.00"
2019-12-05,2019120501004752,VLBS,48,55,25,628.00,"15,700.00"
2019-12-05,2019120501004670,VLBS,48,54,91,628.00,"57,148.00"
2019-12-05,2019120501004669,VLBS,48,21,77,628.00,"48,356.00"
2019-12-05,2019120501004668,VLBS,48,42,307,627.00,"192,489.00"
2019-12-05,2019120501004652,VLBS,36,7,21,626.00,"13,146.00"
2019-12-05,2019120501004212,AKBSL,43,41,10,436.00,"4,360.00"
2019-12-05,2019120501004573,ALBSL,34,41,10,417.00,"4,170.00"
2019-12-05,2019120501004551,ALBSL,25,28,174,425.00,"73,950.00"
2019-12-05,2019120501004550,ALBSL,25,58,300,425.00,"127,500.00"
2019-12-05,2019120501004549,ALBSL,25,13,50,424.00,"21,200.00"
2019-12-05,2019120501004548,ALBSL,25,55,30,423.00,"12,690.00"
2019-12-05,2019120501004547,ALBSL,25,58,296,423.00,"125,208.00"
2019-12-05,2019120501004546,ALBSL,25,47,100,422.00,"42,200.00"
2019-12-05,2019120501004545,ALBSL,25,7,50,421.00,"21,050.00"
2019-12-05,2019120501004511,ALBSL,34,36,10,420.00,"4,200.00"
2019-12-05,2019120501004510,ALBSL,34,45,140,420.00,"58,800.00"
2019-12-05,2019120501004509,ALBSL,34,52,100,419.00,"41,900.00"
2019-12-05,2019120501004232,ALBSL,38,43,145,418.00,"60,610.00"
2019-12-05,2019120501004580,ALICL,50,22,400,341.00,"136,400.00"
2019-12-05,2019120501004554,ALICL,19,22,100,341.00,"34,100.00"
2019-12-05,2019120501004361,ALICL,57,25,86,342.00,"29,412.00"
2019-12-05,2019120501004360,ALICL,57,34,111,342.00,"37,962.00"
2019-12-05,2019120501004266,ALICL,50,35,298,340.00,"101,320.00"
2019-12-05,2019120501004265,ALICL,50,28,100,340.00,"34,000.00"
2019-12-05,2019120501004264,ALICL,50,25,500,340.00,"170,000.00"
2019-12-05,2019120501004263,ALICL,50,25,156,340.00,"53,040.00"
2019-12-05,2019120501004262,ALICL,50,32,22,339.00,"7,458.00"
2019-12-05,2019120501004169,ALICL,38,14,300,338.00,"101,400.00"
2019-12-05,2019120501004168,ALICL,38,33,100,336.00,"33,600.00"
2019-12-05,2019120501004417,API,25,43,60,103.00,"6,180.00"
2019-12-05,2019120501004174,BARUN,48,52,480,77.00,"36,960.00"
2019-12-05,2019120501004341,BNT,35,36,50,"6,200.00","310,000.00"
2019-12-05,2019120501004340,BNT,35,5,50,"6,199.00","309,950.00"
2019-12-05,2019120501004466,BOKL,1,7,100,215.00,"21,500.00"
2019-12-05,2019120501004453,BOKL,28,7,31,215.00,"6,665.00"
2019-12-05,2019120501004452,BOKL,28,17,259,215.00,"55,685.00"
2019-12-05,2019120501004312,BOKL,25,17,100,215.00,"21,500.00"
2019-12-05,2019120501004272,BOKL,54,17,100,215.00,"21,500.00"
2019-12-05,2019120501004528,BPCL,37,43,22,332.00,"7,304.00"
2019-12-05,2019120501004487,BPCL,1,43,100,333.00,"33,300.00"
2019-12-05,2019120501004383,BPCL,37,43,22,332.00,"7,304.00"
2019-12-05,2019120501004317,BPCL,1,43,100,333.00,"33,300.00"
2019-12-05,2019120501004194,BPCL,37,50,86,332.00,"28,552.00"
2019-12-05,2019120501004193,BPCL,21,50,14,332.00,"4,648.00"
2019-12-05,2019120501004481,CBBL,45,10,40,790.00,"31,600.00"
2019-12-05,2019120501004110,CBBL,57,55,217,787.00,"170,779.00"
2019-12-05,2019120501004089,CBBL,39,55,20,787.00,"15,740.00"
2019-12-05,2019120501004142,CBBL,10,6,50,789.00,"39,450.00"
2019-12-05,2019120501004141,CBBL,10,6,50,789.00,"39,450.00"
2019-12-05,2019120501004140,CBBL,10,6,50,789.00,"39,450.00"
2019-12-05,2019120501004139,CBBL,10,6,50,789.00,"39,450.00"
2019-12-05,2019120501004112,CBBL,57,44,200,788.00,"157,600.00"
2019-12-05,2019120501004111,CBBL,57,1,100,788.00,"78,800.00"
2019-12-05,2019120501004327,CBBL,39,10,10,790.00,"7,900.00"
2019-12-05,2019120501004514,CBL,52,17,250,138.00,"34,500.00"
2019-12-05,2019120501004415,CBL,45,17,100,138.00,"13,800.00"
2019-12-05,2019120501004556,CHCL,51,52,100,359.00,"35,900.00"
2019-12-05,2019120501004407,CHCL,4,56,200,358.00,"71,600.00"
2019-12-05,2019120501004406,CHCL,4,56,800,358.00,"286,400.00"
2019-12-05,2019120501004403,CHCL,39,40,74,355.00,"26,270.00"
2019-12-05,2019120501004242,CHCL,13,17,20,356.00,"7,120.00"
2019-12-05,2019120501004541,CLBSL,49,19,11,515.00,"5,665.00"
2019-12-05,2019120501004540,CLBSL,49,43,40,515.00,"20,600.00"
2019-12-05,2019120501004527,CLBSL,49,43,30,512.00,"15,360.00"
2019-12-05,2019120501004526,CLBSL,49,54,150,511.00,"76,650.00"
2019-12-05,2019120501004472,CLBSL,38,34,10,504.00,"5,040.00"
2019-12-05,2019120501004552,CZBIL,32,44,91,183.00,"16,653.00"
2019-12-05,2019120501004409,CZBIL,45,44,100,184.00,"18,400.00"
2019-12-05,2019120501004214,CZBIL,32,42,40,183.00,"7,320.00"
2019-12-05,2019120501004375,DDBL,50,48,100,750.00,"75,000.00"
2019-12-05,2019120501004374,DDBL,50,1,200,749.00,"149,800.00"
2019-12-05,2019120501004373,DDBL,50,32,300,748.00,"224,400.00"
2019-12-05,2019120501004372,DDBL,50,53,25,748.00,"18,700.00"
2019-12-05,2019120501004371,DDBL,50,39,100,746.00,"74,600.00"
2019-12-05,2019120501004370,DDBL,50,28,300,745.00,"223,500.00"
2019-12-05,2019120501004179,DDBL,39,49,50,742.00,"37,100.00"
2019-12-05,2019120501004178,DDBL,39,28,200,740.00,"148,000.00"
2019-12-05,2019120501004124,DDBL,39,28,300,740.00,"222,000.00"
2019-12-05,2019120501004369,DDBL,50,53,50,745.00,"37,250.00"
2019-12-05,2019120501004223,DDBL,56,43,100,744.00,"74,400.00"
2019-12-05,2019120501004222,DDBL,56,56,10,744.00,"7,440.00"
2019-12-05,2019120501004213,DDBL,28,47,100,743.00,"74,300.00"
2019-12-05,2019120501004181,DDBL,39,32,300,742.00,"222,600.00"
2019-12-05,2019120501004180,DDBL,39,56,10,742.00,"7,420.00"
2019-12-05,2019120501004391,EBL,50,11,380,550.00,"209,000.00"
2019-12-05,2019120501004236,EBL,6,11,220,550.00,"121,000.00"
2019-12-05,2019120501004235,EBL,6,44,470,550.00,"258,500.00"
2019-12-05,2019120501004234,EBL,6,48,200,550.00,"110,000.00"
2019-12-05,2019120501004096,EDBL,35,26,132,287.00,"37,884.00"
2019-12-05,2019120501004278,EIC,36,7,80,219.00,"17,520.00"
2019-12-05,2019120501004522,FMDBL,32,36,300,304.00,"91,200.00"
2019-12-05,2019120501004330,FOWAD,8,38,38,"1,352.00","51,376.00"
2019-12-05,2019120501004221,FOWAD,53,42,19,"1,360.00","25,840.00"
2019-12-05,2019120501004220,FOWAD,53,59,75,"1,360.00","102,000.00"
2019-12-05,2019120501004219,FOWAD,53,51,103,"1,359.00","139,977.00"
2019-12-05,2019120501004137,GBBL,4,42,500,198.00,"99,000.00"
2019-12-05,2019120501004136,GBBL,4,42,"1,000",198.00,"198,000.00"
2019-12-05,2019120501004135,GBBL,4,53,200,198.00,"39,600.00"
2019-12-05,2019120501004134,GBBL,4,53,133,198.00,"26,334.00"
2019-12-05,2019120501004323,GFCL,39,45,"1,664",131.00,"217,984.00"
2019-12-05,2019120501004523,GGBSL,3,49,10,600.00,"6,000.00"
2019-12-05,2019120501004517,GGBSL,11,43,10,607.00,"6,070.00"
2019-12-05,2019120501004516,GGBSL,11,42,10,606.00,"6,060.00"
2019-12-05,2019120501004515,GGBSL,3,16,10,600.00,"6,000.00"
2019-12-05,2019120501004435,GILB,21,21,10,780.00,"7,800.00"
2019-12-05,2019120501004326,GILB,55,16,22,772.00,"16,984.00"
2019-12-05,2019120501004325,GILB,55,37,27,772.00,"20,844.00"
2019-12-05,2019120501004285,GILB,55,50,100,770.00,"77,000.00"
2019-12-05,2019120501004279,GLICL,10,35,200,380.00,"76,000.00"
2019-12-05,2019120501004270,GLICL,10,34,20,379.00,"7,580.00"
2019-12-05,2019120501004269,GLICL,10,7,150,379.00,"56,850.00"
2019-12-05,2019120501004268,GLICL,10,57,137,379.00,"51,923.00"
2019-12-05,2019120501004259,GLICL,7,41,200,378.00,"75,600.00"
2019-12-05,2019120501004258,GLICL,7,25,10,378.00,"3,780.00"
2019-12-05,2019120501004252,GLICL,38,42,481,376.00,"180,856.00"
2019-12-05,2019120501004243,GLICL,52,42,500,376.00,"188,000.00"
2019-12-05,2019120501004206,GLICL,38,42,100,376.00,"37,600.00"
2019-12-05,2019120501004199,GLICL,45,58,373,375.00,"139,875.00"
2019-12-05,2019120501004294,GMFIL,52,58,150,112.00,"16,800.00"
2019-12-05,2019120501004251,GUFL,32,48,157,110.00,"17,270.00"
2019-12-05,2019120501004568,HBL,7,42,40,486.00,"19,440.00"
2019-12-05,2019120501004567,HBL,7,42,10,486.00,"4,860.00"
2019-12-05,2019120501004308,HDL,43,7,200,"1,269.00","253,800.00"
2019-12-05,2019120501004107,HDL,35,58,30,"1,249.00","37,470.00"
2019-12-05,2019120501004579,HGI,49,6,50,250.00,"12,500.00"
2019-12-05,2019120501004129,HGI,6,33,"1,100",246.00,"270,600.00"
2019-12-05,2019120501004114,HGI,38,33,500,246.00,"123,000.00"
2019-12-05,2019120501004491,HIDCL,36,46,101,133.00,"13,433.00"
