Date,Transact. No.,Symbol,Buyer,Seller,Quantity,Rate,Amount
2021-01-10,2021011003018017,ALBSL,29,57,100,"1,262.00","126,200.00"
2021-01-10,2021011003017729,ALBSL,37,57,90,"1,263.00","113,670.00"
2021-01-10,2021011003018176,ALICL,1,28,120,956.00,"114,720.00"
2021-01-10,2021011003018067,ALICL,52,45,50,955.00,"47,750.00"
2021-01-10,2021011003018066,ALICL,44,45,100,955.00,"95,500.00"
2021-01-10,2021011003018065,ALICL,59,45,200,955.00,"191,000.00"
2021-01-10,2021011003018064,ALICL,44,45,500,955.00,"477,500.00"
2021-01-10,2021011003017947,ALICL,57,28,80,956.00,"76,480.00"
2021-01-10,2021011003017946,ALICL,57,5,70,956.00,"66,920.00"
2021-01-10,2021011003018106,BFC,47,57,20,140.00,"2,800.00"
2021-01-10,2021011003018099,CBBL,43,28,332,"1,228.00","407,696.00"
2021-01-10,2021011003018098,CBBL,52,28,68,"1,230.00","83,640.00"
2021-01-10,2021011003018093,CBBL,52,47,32,"1,230.00","39,360.00"
2021-01-10,2021011003017961,CBBL,45,47,33,"1,230.00","40,590.00"
2021-01-10,2021011003017960,CBBL,45,34,15,"1,230.00","18,450.00"
2021-01-10,2021011003017959,CBBL,45,25,52,"1,230.00","63,960.00"
2021-01-10,2021011003017804,CBBL,45,25,50,"1,230.00","61,500.00"
2021-01-10,2021011003017967,CFCL,16,16,500,173.00,"86,500.00"
2021-01-10,2021011003017924,CFCL,45,1,50,174.00,"8,700.00"
2021-01-10,2021011003018072,CLBSL,45,21,55,934.00,"51,370.00"
2021-01-10,2021011003018071,CLBSL,25,21,45,934.00,"42,030.00"
2021-01-10,2021011003018051,CLBSL,37,43,20,936.00,"18,720.00"
2021-01-10,2021011003017807,CLBSL,25,5,35,934.00,"32,690.00"
2021-01-10,2021011003017802,CLBSL,25,45,20,934.00,"18,680.00"
2021-01-10,2021011003017893,CMF1,43,54,100,10.10,"1,010.00"
2021-01-10,2021011003018140,DDBL,55,32,30,"1,472.00","44,160.00"
2021-01-10,2021011003018097,DDBL,38,32,20,"1,472.00","29,440.00"
2021-01-10,2021011003018049,DDBL,10,56,67,"1,470.00","98,490.00"
2021-01-10,2021011003017962,DDBL,17,51,100,"1,473.00","147,300.00"
2021-01-10,2021011003017877,DDBL,39,51,35,"1,473.00","51,555.00"
2021-01-10,2021011003017876,DDBL,39,35,65,"1,472.00","95,680.00"
2021-01-10,2021011003018039,EDBL,50,19,40,360.00,"14,400.00"
2021-01-10,2021011003018038,EDBL,39,19,50,360.00,"18,000.00"
2021-01-10,2021011003018037,EDBL,50,19,500,360.00,"180,000.00"
2021-01-10,2021011003017740,EDBL,41,45,500,361.00,"180,500.00"
2021-01-10,2021011003018158,FMDBL,52,35,20,607.00,"12,140.00"
2021-01-10,2021011003018157,FMDBL,52,25,130,606.00,"78,780.00"
2021-01-10,2021011003017935,FMDBL,25,6,61,606.00,"36,966.00"
2021-01-10,2021011003017892,FMDBL,17,35,550,607.00,"333,850.00"
2021-01-10,2021011003017836,FMDBL,25,38,39,606.00,"23,634.00"
2021-01-10,2021011003017835,FMDBL,3,38,18,606.00,"10,908.00"
2021-01-10,2021011003018082,FOWAD,38,45,15,"2,308.00","34,620.00"
2021-01-10,2021011003018078,FOWAD,38,19,250,"2,310.00","577,500.00"
2021-01-10,2021011003017917,FOWAD,38,45,64,"2,308.00","147,712.00"
2021-01-10,2021011003017926,GBLBS,48,36,100,610.00,"61,000.00"
2021-01-10,2021011003017878,GBLBS,51,38,185,611.00,"113,035.00"
2021-01-10,2021011003017798,GBLBS,55,37,50,610.00,"30,500.00"
2021-01-10,2021011003017797,GBLBS,3,37,20,611.00,"12,220.00"
2021-01-10,2021011003017806,GFCL,46,55,100,199.00,"19,900.00"
2021-01-10,2021011003018178,GILB,57,45,74,"1,421.00","105,154.00"
2021-01-10,2021011003018011,GILB,47,45,50,"1,421.00","71,050.00"
2021-01-10,2021011003017731,GILB,57,58,30,"1,420.00","42,600.00"
2021-01-10,2021011003017945,GLBSL,58,7,10,918.00,"9,180.00"
2021-01-10,2021011003017955,GLICL,32,21,200,633.00,"126,600.00"
2021-01-10,2021011003018034,GMFBS,53,14,10,"1,170.00","11,700.00"
2021-01-10,2021011003018033,GMFBS,53,53,10,"1,170.00","11,700.00"
2021-01-10,2021011003018032,GMFBS,53,57,30,"1,168.00","35,040.00"
2021-01-10,2021011003017882,GMFBS,17,57,20,"1,168.00","23,360.00"
2021-01-10,2021011003018128,GRDBL,14,1,17,160.00,"2,720.00"
2021-01-10,2021011003017891,GRDBL,6,1,50,160.00,"8,000.00"
2021-01-10,2021011003017887,GRDBL,38,1,10,160.00,"1,600.00"
2021-01-10,2021011003018081,GUFL,52,48,100,241.00,"24,100.00"
2021-01-10,2021011003018084,HIDCL,56,14,34,269.00,"9,146.00"
2021-01-10,2021011003018083,HIDCL,56,6,16,268.00,"4,288.00"
2021-01-10,2021011003017929,HIDCL,34,5,17,265.00,"4,505.00"
2021-01-10,2021011003017928,HIDCL,38,5,14,266.00,"3,724.00"
2021-01-10,2021011003017923,HIDCL,56,6,164,268.00,"43,952.00"
2021-01-10,2021011003017922,HIDCL,56,13,61,268.00,"16,348.00"
2021-01-10,2021011003017921,HIDCL,56,58,18,268.00,"4,824.00"
2021-01-10,2021011003017920,HIDCL,56,49,61,268.00,"16,348.00"
2021-01-10,2021011003017919,HIDCL,56,34,500,267.00,"133,500.00"
2021-01-10,2021011003017918,HIDCL,56,41,16,266.00,"4,256.00"
2021-01-10,2021011003017810,HIDCL,38,46,286,266.00,"76,076.00"
2021-01-10,2021011003018101,ICFC,47,34,200,263.00,"52,600.00"
2021-01-10,2021011003018025,ICFC,25,34,200,264.00,"52,800.00"
2021-01-10,2021011003018173,ILBS,41,13,20,"1,180.00","23,600.00"
2021-01-10,2021011003018029,ILBS,28,13,56,"1,180.00","66,080.00"
2021-01-10,2021011003018028,ILBS,28,58,11,"1,180.00","12,980.00"
2021-01-10,2021011003018027,ILBS,28,19,11,"1,180.00","12,980.00"
2021-01-10,2021011003018026,ILBS,28,56,11,"1,180.00","12,980.00"
2021-01-10,2021011003018132,JBBL,58,19,"1,000",239.00,"239,000.00"
2021-01-10,2021011003018127,JBBL,4,6,293,240.00,"70,320.00"
2021-01-10,2021011003018126,JBBL,4,59,200,240.00,"48,000.00"
2021-01-10,2021011003018125,JBBL,4,42,339,240.00,"81,360.00"
2021-01-10,2021011003018124,JBBL,4,38,100,240.00,"24,000.00"
2021-01-10,2021011003018123,JBBL,4,36,68,240.00,"16,320.00"
2021-01-10,2021011003017779,JBBL,34,57,90,239.00,"21,510.00"
2021-01-10,2021011003017778,JBBL,34,22,22,239.00,"5,258.00"
2021-01-10,2021011003017777,JBBL,34,26,190,239.00,"45,410.00"
2021-01-10,2021011003017785,JBBL,34,37,19,239.00,"4,541.00"
2021-01-10,2021011003017784,JBBL,34,50,300,239.00,"71,700.00"
2021-01-10,2021011003017783,JBBL,34,52,"1,229",239.00,"293,731.00"
2021-01-10,2021011003017782,JBBL,34,36,100,239.00,"23,900.00"
2021-01-10,2021011003017781,JBBL,34,21,200,239.00,"47,800.00"
2021-01-10,2021011003017780,JBBL,34,44,100,239.00,"23,900.00"
2021-01-10,2021011003017791,JBBL,34,14,150,239.00,"35,850.00"
2021-01-10,2021011003017790,JBBL,34,35,200,239.00,"47,800.00"
2021-01-10,2021011003017789,JBBL,34,43,500,239.00,"119,500.00"
2021-01-10,2021011003017788,JBBL,34,58,100,239.00,"23,900.00"
2021-01-10,2021011003017787,JBBL,34,37,19,239.00,"4,541.00"
2021-01-10,2021011003017786,JBBL,34,49,50,239.00,"11,950.00"
2021-01-10,2021011003017883,JBBL,21,58,377,239.00,"90,103.00"
2021-01-10,2021011003017796,JBBL,34,58,123,239.00,"29,397.00"
2021-01-10,2021011003017795,JBBL,34,17,"1,000",239.00,"239,000.00"
2021-01-10,2021011003017794,JBBL,34,34,308,239.00,"73,612.00"
2021-01-10,2021011003017793,JBBL,34,22,200,239.00,"47,800.00"
2021-01-10,2021011003017792,JBBL,34,49,100,239.00,"23,900.00"
2021-01-10,2021011003017914,JBBL,58,59,77,239.00,"18,403.00"
2021-01-10,2021011003017913,JBBL,41,59,100,239.00,"23,900.00"
2021-01-10,2021011003017912,JBBL,21,59,23,239.00,"5,497.00"
2021-01-10,2021011003017886,JBBL,21,34,"2,000",239.00,"478,000.00"
2021-01-10,2021011003017885,JBBL,21,22,100,239.00,"23,900.00"
2021-01-10,2021011003017884,JBBL,21,22,200,239.00,"47,800.00"
2021-01-10,2021011003018087,JBBL,25,57,200,240.00,"48,000.00"
2021-01-10,2021011003018086,JBBL,25,10,50,240.00,"12,000.00"
2021-01-10,2021011003018080,JBBL,4,10,100,240.00,"24,000.00"
2021-01-10,2021011003018053,JBBL,58,10,100,240.00,"24,000.00"
2021-01-10,2021011003018030,JBBL,58,19,"1,000",239.00,"239,000.00"
2021-01-10,2021011003018005,JBBL,58,50,10,239.00,"2,390.00"
2021-01-10,2021011003018095,JBBL,58,38,"1,500",239.00,"358,500.00"
2021-01-10,2021011003018092,JBBL,25,36,32,240.00,"7,680.00"
2021-01-10,2021011003018091,JBBL,25,48,48,240.00,"11,520.00"
2021-01-10,2021011003018090,JBBL,25,36,100,240.00,"24,000.00"
2021-01-10,2021011003018089,JBBL,25,57,70,240.00,"16,800.00"
2021-01-10,2021011003018088,JBBL,25,58,500,240.00,"120,000.00"
2021-01-10,2021011003018156,JFL,29,32,392,259.00,"101,528.00"
2021-01-10,2021011003018155,JFL,29,8,508,258.00,"131,064.00"
2021-01-10,2021011003018154,JFL,29,45,100,257.00,"25,700.00"
2021-01-10,2021011003018153,JFL,29,57,100,257.00,"25,700.00"
2021-01-10,2021011003018152,JFL,29,36,400,256.00,"102,400.00"
2021-01-10,2021011003018021,JSLBB,58,44,10,"2,229.00","22,290.00"
2021-01-10,2021011003017944,JSLBB,58,58,20,"2,223.00","44,460.00"
2021-01-10,2021011003017943,JSLBB,58,44,40,"2,213.00","88,520.00"
2021-01-10,2021011003017942,JSLBB,58,41,17,"2,213.00","37,621.00"
2021-01-10,2021011003017941,JSLBB,58,19,20,"2,211.00","44,220.00"
2021-01-10,2021011003017860,JSLBB,58,11,12,"2,210.00","26,520.00"
2021-01-10,2021011003017847,JSLBB,58,26,100,"2,195.00","219,500.00"
2021-01-10,2021011003017846,JSLBB,58,26,50,"2,194.00","109,700.00"
2021-01-10,2021011003017845,JSLBB,58,47,62,"2,193.00","135,966.00"
2021-01-10,2021011003017853,JSLBB,58,41,50,"2,200.00","110,000.00"
2021-01-10,2021011003017852,JSLBB,58,20,50,"2,200.00","110,000.00"
2021-01-10,2021011003017851,JSLBB,58,47,30,"2,200.00","66,000.00"
2021-01-10,2021011003017850,JSLBB,58,37,26,"2,200.00","57,200.00"
2021-01-10,2021011003017849,JSLBB,58,43,70,"2,199.00","153,930.00"
2021-01-10,2021011003017848,JSLBB,58,50,30,"2,195.00","65,850.00"
2021-01-10,2021011003017859,JSLBB,58,32,50,"2,210.00","110,500.00"
2021-01-10,2021011003017858,JSLBB,58,57,50,"2,205.00","110,250.00"
2021-01-10,2021011003017857,JSLBB,58,47,30,"2,203.00","66,090.00"
2021-01-10,2021011003017856,JSLBB,58,16,100,"2,200.00","220,000.00"
2021-01-10,2021011003017855,JSLBB,58,45,100,"2,200.00","220,000.00"
2021-01-10,2021011003017854,JSLBB,58,34,40,"2,200.00","88,000.00"
2021-01-10,2021011003018179,KLBSL,38,58,200,"1,173.00","234,600.00"
2021-01-10,2021011003018196,KRBL,34,22,42,142.00,"5,964.00"
2021-01-10,2021011003018195,KRBL,34,22,500,142.00,"71,000.00"
2021-01-10,2021011003018194,KRBL,34,51,20,142.00,"2,840.00"
2021-01-10,2021011003018193,KRBL,34,22,500,142.00,"71,000.00"
2021-01-10,2021011003018192,KRBL,34,41,"1,000",142.00,"142,000.00"
2021-01-10,2021011003018191,KRBL,34,11,295,142.00,"41,890.00"
2021-01-10,2021011003018184,KRBL,34,22,500,141.00,"70,500.00"
2021-01-10,2021011003018183,KRBL,34,38,358,141.00,"50,478.00"
2021-01-10,2021011003017862,KRBL,34,38,20,141.00,"2,820.00"
2021-01-10,2021011003018190,KRBL,34,49,300,142.00,"42,600.00"
2021-01-10,2021011003018189,KRBL,34,42,111,142.00,"15,762.00"
2021-01-10,2021011003018188,KRBL,34,44,200,142.00,"28,400.00"
2021-01-10,2021011003018187,KRBL,34,58,40,142.00,"5,680.00"
2021-01-10,2021011003018186,KRBL,34,22,196,142.00,"27,832.00"
2021-01-10,2021011003018185,KRBL,34,7,337,142.00,"47,854.00"
2021-01-10,2021011003018085,KSBBL,17,45,500,228.00,"114,000.00"
2021-01-10,2021011003017957,KSBBL,35,45,225,228.00,"51,300.00"
2021-01-10,2021011003017940,KSBBL,4,45,202,227.00,"45,854.00"
2021-01-10,2021011003017744,KSBBL,29,45,524,228.00,"119,472.00"
2021-01-10,2021011003017743,KSBBL,29,56,40,228.00,"9,120.00"
2021-01-10,2021011003017742,KSBBL,29,41,"1,436",228.00,"327,408.00"
2021-01-10,2021011003018166,LBBL,5,54,200,224.00,"44,800.00"
2021-01-10,2021011003018100,LBBL,3,54,200,224.00,"44,800.00"
2021-01-10,2021011003017738,LBBL,58,33,100,223.00,"22,300.00"
2021-01-10,2021011003017774,LBBL,4,54,"1,000",224.00,"224,000.00"
2021-01-10,2021011003018073,LBBL,22,54,100,224.00,"22,400.00"
2021-01-10,2021011003018052,LBBL,55,54,30,224.00,"6,720.00"
2021-01-10,2021011003017925,LBBL,50,54,200,224.00,"44,800.00"
2021-01-10,2021011003017964,LLBS,25,37,56,"1,351.00","75,656.00"
2021-01-10,2021011003017963,LLBS,38,37,50,"1,351.00","67,550.00"
2021-01-10,2021011003017725,MERO,16,52,25,"1,004.00","25,100.00"
2021-01-10,2021011003018165,MFIL,59,55,800,332.00,"265,600.00"
2021-01-10,2021011003018009,MFIL,53,33,100,330.00,"33,000.00"
2021-01-10,2021011003018004,MFIL,53,56,100,330.00,"33,000.00"
2021-01-10,2021011003017809,MFIL,13,55,200,332.00,"66,400.00"
2021-01-10,2021011003017953,MLBBL,36,58,10,"1,313.00","13,130.00"
2021-01-10,2021011003017739,MLBBL,36,55,11,"1,312.00","14,432.00"
2021-01-10,2021011003018122,MLBL,25,6,100,276.00,"27,600.00"
2021-01-10,2021011003018121,MLBL,25,39,"1,161",276.00,"320,436.00"
2021-01-10,2021011003018120,MLBL,25,46,400,274.00,"109,600.00"
2021-01-10,2021011003018119,MLBL,25,35,200,273.00,"54,600.00"
2021-01-10,2021011003018118,MLBL,25,34,285,273.00,"77,805.00"
2021-01-10,2021011003018117,MLBL,25,57,150,272.00,"40,800.00"
2021-01-10,2021011003017897,MLBL,17,41,100,271.00,"27,100.00"
2021-01-10,2021011003017896,MLBL,17,46,200,271.00,"54,200.00"
2021-01-10,2021011003017895,MLBL,17,38,300,271.00,"81,300.00"
2021-01-10,2021011003017894,MLBL,17,14,100,271.00,"27,100.00"
2021-01-10,2021011003018110,MLBL,25,34,500,272.00,"136,000.00"
2021-01-10,2021011003018109,MLBL,25,32,150,271.00,"40,650.00"
2021-01-10,2021011003017932,MLBL,33,28,100,268.00,"26,800.00"
2021-01-10,2021011003017900,MLBL,17,35,100,272.00,"27,200.00"
2021-01-10,2021011003017899,MLBL,17,41,100,272.00,"27,200.00"
2021-01-10,2021011003017898,MLBL,17,21,100,271.00,"27,100.00"
2021-01-10,2021011003018116,MLBL,25,58,50,272.00,"13,600.00"
2021-01-10,2021011003018115,MLBL,25,45,400,272.00,"108,800.00"
2021-01-10,2021011003018114,MLBL,25,13,500,272.00,"136,000.00"
2021-01-10,2021011003018113,MLBL,25,22,150,272.00,"40,800.00"
2021-01-10,2021011003018112,MLBL,25,14,500,272.00,"136,000.00"
2021-01-10,2021011003018111,MLBL,25,35,100,272.00,"27,200.00"
2021-01-10,2021011003018142,MMFDB,34,32,20,"1,315.00","26,300.00"
2021-01-10,2021011003017980,MMFDB,20,32,73,"1,315.00","95,995.00"
2021-01-10,2021011003017979,MMFDB,20,10,200,"1,315.00","263,000.00"
2021-01-10,2021011003017978,MMFDB,20,22,52,"1,300.00","67,600.00"
2021-01-10,2021011003017977,MMFDB,20,52,100,"1,295.00","129,500.00"
2021-01-10,2021011003017976,MMFDB,20,43,100,"1,295.00","129,500.00"
2021-01-10,2021011003017969,MMFDB,20,17,152,"1,290.00","196,080.00"
2021-01-10,2021011003017968,MMFDB,20,14,581,"1,290.00","749,490.00"
2021-01-10,2021011003017975,MMFDB,20,3,72,"1,295.00","93,240.00"
2021-01-10,2021011003017974,MMFDB,20,8,100,"1,295.00","129,500.00"
2021-01-10,2021011003017973,MMFDB,20,40,10,"1,290.00","12,900.00"
2021-01-10,2021011003017972,MMFDB,20,32,50,"1,290.00","64,500.00"
2021-01-10,2021011003017971,MMFDB,20,17,10,"1,290.00","12,900.00"
2021-01-10,2021011003017970,MMFDB,20,29,200,"1,290.00","258,000.00"
2021-01-10,2021011003018139,MNBBL,34,59,200,363.00,"72,600.00"
2021-01-10,2021011003018105,MNBBL,7,59,72,363.00,"26,136.00"
2021-01-10,2021011003018104,MNBBL,7,46,118,363.00,"42,834.00"
2021-01-10,2021011003018103,MNBBL,7,42,310,363.00,"112,530.00"
2021-01-10,2021011003017734,MNBBL,38,53,"1,170",363.00,"424,710.00"
2021-01-10,2021011003017733,MNBBL,38,50,511,363.00,"185,493.00"
2021-01-10,2021011003017747,MNBBL,36,42,80,363.00,"29,040.00"
2021-01-10,2021011003017746,MNBBL,36,33,70,363.00,"25,410.00"
2021-01-10,2021011003017737,MNBBL,38,33,930,363.00,"337,590.00"
2021-01-10,2021011003017736,MNBBL,38,58,289,363.00,"104,907.00"
2021-01-10,2021011003017735,MNBBL,38,3,100,363.00,"36,300.00"
2021-01-10,2021011003017824,MNBBL,1,17,100,361.00,"36,100.00"
2021-01-10,2021011003017823,MNBBL,39,17,100,361.00,"36,100.00"
2021-01-10,2021011003017822,MNBBL,25,17,410,361.00,"148,010.00"
2021-01-10,2021011003017821,MNBBL,45,17,412,362.00,"149,144.00"
2021-01-10,2021011003017755,MNBBL,57,42,100,363.00,"36,300.00"
2021-01-10,2021011003017830,MNBBL,29,17,"1,641",360.00,"590,760.00"
2021-01-10,2021011003017829,MNBBL,48,17,850,361.00,"306,850.00"
2021-01-10,2021011003017828,MNBBL,50,17,300,361.00,"108,300.00"
2021-01-10,2021011003017827,MNBBL,3,17,200,361.00,"72,200.00"
2021-01-10,2021011003017826,MNBBL,51,17,100,361.00,"36,100.00"
2021-01-10,2021011003017825,MNBBL,50,17,300,361.00,"108,300.00"
2021-01-10,2021011003017879,MNBBL,22,42,10,363.00,"3,630.00"
2021-01-10,2021011003017832,MNBBL,52,17,387,360.00,"139,320.00"
2021-01-10,2021011003017831,MNBBL,13,17,200,360.00,"72,000.00"
2021-01-10,2021011003018138,MPFL,4,32,36,168.00,"6,048.00"
2021-01-10,2021011003018137,MPFL,4,32,20,168.00,"3,360.00"
2021-01-10,2021011003018136,MPFL,4,35,50,167.00,"8,350.00"
2021-01-10,2021011003018135,MPFL,4,21,10,167.00,"1,670.00"
2021-01-10,2021011003018134,MPFL,4,32,"1,000",167.00,"167,000.00"
2021-01-10,2021011003018133,MPFL,4,4,640,166.00,"106,240.00"
2021-01-10,2021011003018048,MPFL,4,58,500,165.00,"82,500.00"
2021-01-10,2021011003018047,MPFL,4,21,120,164.00,"19,680.00"
2021-01-10,2021011003018046,MPFL,4,32,941,164.00,"154,324.00"
2021-01-10,2021011003018045,MPFL,4,18,200,163.00,"32,600.00"
2021-01-10,2021011003017954,MPFL,4,1,483,162.00,"78,246.00"
2021-01-10,2021011003018151,MSLB,58,41,10,"1,698.00","16,980.00"
2021-01-10,2021011003018150,MSLB,58,57,31,"1,698.00","52,638.00"
2021-01-10,2021011003018149,MSLB,58,34,31,"1,698.00","52,638.00"
2021-01-10,2021011003018148,MSLB,58,34,31,"1,698.00","52,638.00"
2021-01-10,2021011003018147,MSLB,58,35,50,"1,698.00","84,900.00"
2021-01-10,2021011003018146,MSLB,58,11,21,"1,698.00","35,658.00"
2021-01-10,2021011003017771,MSLB,1,54,31,"1,685.00","52,235.00"
2021-01-10,2021011003017770,MSLB,1,55,21,"1,685.00","35,385.00"
2021-01-10,2021011003017754,MSLB,1,33,80,"1,684.00","134,720.00"
2021-01-10,2021011003017983,MSLB,1,45,100,"1,689.00","168,900.00"
2021-01-10,2021011003017982,MSLB,1,50,31,"1,688.00","52,328.00"
2021-01-10,2021011003017981,MSLB,1,33,31,"1,688.00","52,328.00"
2021-01-10,2021011003017927,MSLB,1,43,31,"1,687.00","52,297.00"
2021-01-10,2021011003017773,MSLB,1,5,10,"1,687.00","16,870.00"
2021-01-10,2021011003017772,MSLB,1,25,65,"1,686.00","109,590.00"
2021-01-10,2021011003018145,MSLB,58,5,31,"1,697.00","52,607.00"
2021-01-10,2021011003018144,MSLB,58,29,21,"1,695.00","35,595.00"
2021-01-10,2021011003018044,MSLB,58,17,13,"1,690.00","21,970.00"
2021-01-10,2021011003018043,MSLB,58,56,20,"1,690.00","33,800.00"
2021-01-10,2021011003017985,MSLB,1,22,31,"1,689.00","52,359.00"
2021-01-10,2021011003017984,MSLB,1,33,100,"1,689.00","168,900.00"
2021-01-10,2021011003017948,NEF,17,41,575,10.35,"5,951.25"
2021-01-10,2021011003018070,NFS,53,3,130,250.00,"32,500.00"
2021-01-10,2021011003018069,NFS,53,8,200,250.00,"50,000.00"
2021-01-10,2021011003018068,NFS,53,52,370,250.00,"92,500.00"
2021-01-10,2021011003018010,NFS,38,52,68,250.00,"17,000.00"
2021-01-10,2021011003017956,NFS,38,52,30,250.00,"7,500.00"
2021-01-10,2021011003017776,NFS,22,52,10,250.00,"2,500.00"
2021-01-10,2021011003017775,NFS,22,14,90,250.00,"22,500.00"
2021-01-10,2021011003017934,NICGF,47,1,"5,000",10.67,"53,350.00"
2021-01-10,2021011003018036,NLBBL,58,33,50,"1,137.00","56,850.00"
2021-01-10,2021011003017801,NLBBL,21,43,20,"1,137.00","22,740.00"
2021-01-10,2021011003018163,NLIC,21,41,330,"2,374.00","783,420.00"
2021-01-10,2021011003018162,NLIC,59,41,30,"2,374.00","71,220.00"
2021-01-10,2021011003018161,NLIC,16,41,40,"2,374.00","94,960.00"
2021-01-10,2021011003018160,NLIC,56,41,100,"2,374.00","237,400.00"
2021-01-10,2021011003018143,NLIC,53,57,200,"2,375.00","475,000.00"
2021-01-10,2021011003018108,NLIC,50,36,301,"2,373.00","714,273.00"
2021-01-10,2021011003017840,NLIC,45,3,22,"2,373.00","52,206.00"
2021-01-10,2021011003017839,NLIC,20,3,40,"2,373.00","94,920.00"
2021-01-10,2021011003017837,NLIC,53,38,80,"2,374.00","189,920.00"
2021-01-10,2021011003017745,NLIC,17,38,200,"2,374.00","474,800.00"
2021-01-10,2021011003018107,NLIC,21,36,203,"2,374.00","481,922.00"
2021-01-10,2021011003018007,NLIC,21,45,25,"2,374.00","59,350.00"
2021-01-10,2021011003018006,NLIC,21,38,72,"2,374.00","170,928.00"
2021-01-10,2021011003017931,NLIC,50,25,10,"2,373.00","23,730.00"
2021-01-10,2021011003017861,NLIC,50,32,300,"2,373.00","711,900.00"
2021-01-10,2021011003017841,NLIC,50,3,38,"2,373.00","90,174.00"
2021-01-10,2021011003018076,NLICL,39,57,69,"1,115.00","76,935.00"
2021-01-10,2021011003018075,NLICL,25,57,60,"1,115.00","66,900.00"
2021-01-10,2021011003018074,NLICL,37,57,30,"1,115.00","33,450.00"
2021-01-10,2021011003017930,NLICL,58,34,25,"1,118.00","27,950.00"
2021-01-10,2021011003017803,NLICL,57,34,20,"1,118.00","22,360.00"
2021-01-10,2021011003018003,NMBMF,7,8,31,"1,039.00","32,209.00"
2021-01-10,2021011003018002,NMBMF,7,59,153,"1,039.00","158,967.00"
2021-01-10,2021011003018001,NMBMF,7,32,16,"1,038.00","16,608.00"
2021-01-10,2021011003018177,NRIC,28,41,10,"1,555.00","15,550.00"
2021-01-10,2021011003018175,NRIC,48,25,200,"1,554.00","310,800.00"
2021-01-10,2021011003018174,NRIC,48,25,100,"1,554.00","155,400.00"
2021-01-10,2021011003018063,NRIC,58,46,143,"1,550.00","221,650.00"
2021-01-10,2021011003018062,NRIC,39,46,20,"1,550.00","31,000.00"
2021-01-10,2021011003018061,NRIC,14,46,50,"1,550.00","77,500.00"
2021-01-10,2021011003017834,NRIC,8,38,488,"1,553.00","757,864.00"
2021-01-10,2021011003017752,NRIC,43,38,50,"1,553.00","77,650.00"
2021-01-10,2021011003017726,NRIC,45,46,38,"1,552.00","58,976.00"
2021-01-10,2021011003017905,NRIC,5,50,100,"1,552.00","155,200.00"
2021-01-10,2021011003017904,NRIC,1,50,40,"1,552.00","62,080.00"
2021-01-10,2021011003017903,NRIC,32,50,100,"1,552.00","155,200.00"
2021-01-10,2021011003017902,NRIC,52,50,50,"1,552.00","77,600.00"
2021-01-10,2021011003017901,NRIC,16,50,10,"1,553.00","15,530.00"
2021-01-10,2021011003017890,NRIC,16,17,40,"1,553.00","62,120.00"
2021-01-10,2021011003018012,NRIC,44,58,50,"1,553.00","77,650.00"
2021-01-10,2021011003017910,NRIC,1,50,47,"1,551.00","72,897.00"
2021-01-10,2021011003017909,NRIC,47,50,100,"1,551.00","155,100.00"
2021-01-10,2021011003017908,NRIC,40,50,100,"1,551.00","155,100.00"
2021-01-10,2021011003017907,NRIC,57,50,90,"1,551.00","139,590.00"
2021-01-10,2021011003017906,NRIC,53,50,38,"1,552.00","58,976.00"
2021-01-10,2021011003018054,NRIC,52,46,100,"1,552.00","155,200.00"
2021-01-10,2021011003018040,NRIC,7,45,10,"1,554.00","15,540.00"
2021-01-10,2021011003018016,NRIC,45,58,77,"1,550.00","119,350.00"
2021-01-10,2021011003018015,NRIC,5,58,50,"1,551.00","77,550.00"
2021-01-10,2021011003018014,NRIC,39,58,10,"1,551.00","15,510.00"
2021-01-10,2021011003018013,NRIC,1,58,53,"1,551.00","82,203.00"
2021-01-10,2021011003018060,NRIC,1,46,10,"1,550.00","15,500.00"
2021-01-10,2021011003018059,NRIC,35,46,10,"1,550.00","15,500.00"
2021-01-10,2021011003018058,NRIC,1,46,10,"1,550.00","15,500.00"
2021-01-10,2021011003018057,NRIC,40,46,100,"1,550.00","155,000.00"
2021-01-10,2021011003018056,NRIC,45,46,317,"1,550.00","491,350.00"
2021-01-10,2021011003018055,NRIC,34,46,40,"1,552.00","62,080.00"
2021-01-10,2021011003018182,NRN,33,37,300,360.00,"108,000.00"
2021-01-10,2021011003017916,NRN,38,37,200,360.00,"72,000.00"
2021-01-10,2021011003017911,NRN,45,37,20,360.00,"7,200.00"
2021-01-10,2021011003017842,NRN,45,22,10,360.00,"3,600.00"
2021-01-10,2021011003018181,NTC,34,40,150,"1,255.00","188,250.00"
2021-01-10,2021011003018180,NTC,56,40,50,"1,255.00","62,750.00"
2021-01-10,2021011003018167,NTC,34,48,50,"1,260.00","63,000.00"
2021-01-10,2021011003018094,NTC,34,48,680,"1,260.00","856,800.00"
2021-01-10,2021011003018024,NTC,34,33,170,"1,260.00","214,200.00"
2021-01-10,2021011003018023,NTC,43,33,30,"1,261.00","37,830.00"
2021-01-10,2021011003017769,NTC,34,52,50,"1,260.00","63,000.00"
2021-01-10,2021011003017768,NTC,34,20,100,"1,260.00","126,000.00"
2021-01-10,2021011003018159,NUBL,8,29,80,"1,311.00","104,880.00"
2021-01-10,2021011003018130,NUBL,55,39,200,"1,314.00","262,800.00"
2021-01-10,2021011003017939,NUBL,40,53,50,"1,313.00","65,650.00"
2021-01-10,2021011003017938,NUBL,40,6,310,"1,313.00","407,030.00"
2021-01-10,2021011003017937,NUBL,40,54,100,"1,312.00","131,200.00"
2021-01-10,2021011003017936,NUBL,40,58,32,"1,312.00","41,984.00"
2021-01-10,2021011003017820,NUBL,3,59,25,"1,310.00","32,750.00"
2021-01-10,2021011003018079,PFL,36,49,300,187.00,"56,100.00"
2021-01-10,2021011004000013,PLI,48,42,10,209.00,"2,090.00"
2021-01-10,2021011004000012,PLI,48,48,10,209.00,"2,090.00"
2021-01-10,2021011004000011,PLI,48,17,10,209.00,"2,090.00"
2021-01-10,2021011004000010,PLI,48,37,10,209.00,"2,090.00"
2021-01-10,2021011004000009,PLI,48,58,10,209.00,"2,090.00"
2021-01-10,2021011004000008,PLI,48,58,10,209.00,"2,090.00"
2021-01-10,2021011004000001,PLI,48,17,10,193.00,"1,930.00"
2021-01-10,2021011004000007,PLI,48,58,10,206.00,"2,060.00"
2021-01-10,2021011004000006,PLI,26,42,10,202.00,"2,020.00"
2021-01-10,2021011004000005,PLI,48,35,10,199.00,"1,990.00"
2021-01-10,2021011004000004,PLI,35,49,3,199.00,597.00
2021-01-10,2021011004000003,PLI,49,49,7,197.00,"1,379.00"
2021-01-10,2021011004000002,PLI,48,58,10,196.00,"1,960.00"
2021-01-10,2021011003018019,PLIC,5,57,150,769.00,"115,350.00"
2021-01-10,2021011003018018,PLIC,5,38,50,768.00,"38,400.00"
2021-01-10,2021011003017952,PLIC,5,38,200,768.00,"153,600.00"
2021-01-10,2021011003017951,PLIC,34,38,100,768.00,"76,800.00"
2021-01-10,2021011003017950,PLIC,6,38,100,768.00,"76,800.00"
2021-01-10,2021011003017949,PLIC,37,38,50,768.00,"38,400.00"
2021-01-10,2021011003018172,PROFL,21,52,157,133.00,"20,881.00"
2021-01-10,2021011003018171,PROFL,21,22,93,132.00,"12,276.00"
2021-01-10,2021011003017881,RLFL,59,13,500,172.00,"86,000.00"
2021-01-10,2021011003017880,RLFL,52,13,500,172.00,"86,000.00"
2021-01-10,2021011003018077,RLI,57,52,10,619.00,"6,190.00"
2021-01-10,2021011003018035,RLI,57,55,10,619.00,"6,190.00"
2021-01-10,2021011003017863,RLI,22,48,100,620.00,"62,000.00"
2021-01-10,2021011003017819,RLI,48,48,200,620.00,"124,000.00"
2021-01-10,2021011003017732,RLI,57,17,15,619.00,"9,285.00"
2021-01-10,2021011003018020,RMDC,25,45,50,"1,180.00","59,000.00"
2021-01-10,2021011003018129,RSDC,34,45,50,621.00,"31,050.00"
2021-01-10,2021011003017889,RSDC,34,33,112,621.00,"69,552.00"
2021-01-10,2021011003017808,RSDC,34,17,112,619.00,"69,328.00"
2021-01-10,2021011003018000,SABSL,44,46,119,"1,122.00","133,518.00"
2021-01-10,2021011003017999,SABSL,44,53,11,"1,122.00","12,342.00"
2021-01-10,2021011003017998,SABSL,44,42,11,"1,122.00","12,342.00"
2021-01-10,2021011003017997,SABSL,44,43,22,"1,121.00","24,662.00"
2021-01-10,2021011003017996,SABSL,44,4,11,"1,120.00","12,320.00"
2021-01-10,2021011003017995,SABSL,44,4,11,"1,120.00","12,320.00"
2021-01-10,2021011003017811,SABSL,44,1,11,"1,114.00","12,254.00"
2021-01-10,2021011003017730,SABSL,16,46,198,"1,113.00","220,374.00"
2021-01-10,2021011003017988,SABSL,44,8,11,"1,119.00","12,309.00"
2021-01-10,2021011003017987,SABSL,44,51,24,"1,119.00","26,856.00"
2021-01-10,2021011003017986,SABSL,44,52,24,"1,118.00","26,832.00"
2021-01-10,2021011003017814,SABSL,44,17,100,"1,117.00","111,700.00"
2021-01-10,2021011003017813,SABSL,44,43,11,"1,116.00","12,276.00"
2021-01-10,2021011003017812,SABSL,44,45,11,"1,115.00","12,265.00"
2021-01-10,2021011003017994,SABSL,44,21,11,"1,120.00","12,320.00"
2021-01-10,2021011003017993,SABSL,44,59,33,"1,120.00","36,960.00"
2021-01-10,2021011003017992,SABSL,44,51,11,"1,120.00","12,320.00"
2021-01-10,2021011003017991,SABSL,44,50,11,"1,120.00","12,320.00"
2021-01-10,2021011003017990,SABSL,44,17,80,"1,119.00","89,520.00"
2021-01-10,2021011003017989,SABSL,44,36,110,"1,119.00","123,090.00"
2021-01-10,2021011003018164,SADBL,50,37,100,191.00,"19,100.00"
2021-01-10,2021011003017915,SADBL,58,57,495,191.00,"94,545.00"
2021-01-10,2021011003017844,SADBL,58,50,115,191.00,"21,965.00"
2021-01-10,2021011003017843,SADBL,58,17,"1,000",191.00,"191,000.00"
2021-01-10,2021011003017818,SADBL,4,50,85,191.00,"16,235.00"
2021-01-10,2021011003017817,SADBL,4,53,90,191.00,"17,190.00"
2021-01-10,2021011003017748,SADBL,4,19,"1,300",191.00,"248,300.00"
2021-01-10,2021011003017741,SADBL,21,5,200,191.00,"38,200.00"
2021-01-10,2021011003017758,SADBL,54,17,93,190.00,"17,670.00"
2021-01-10,2021011003017757,SADBL,41,17,434,190.00,"82,460.00"
2021-01-10,2021011003017753,SADBL,41,14,25,191.00,"4,775.00"
2021-01-10,2021011003017751,SADBL,4,14,250,191.00,"47,750.00"
2021-01-10,2021011003017750,SADBL,4,46,"1,000",191.00,"191,000.00"
2021-01-10,2021011003017749,SADBL,4,5,450,191.00,"85,950.00"
2021-01-10,2021011003017816,SADBL,4,51,100,191.00,"19,100.00"
2021-01-10,2021011003017815,SADBL,4,14,225,191.00,"42,975.00"
2021-01-10,2021011003017762,SADBL,6,17,138,190.00,"26,220.00"
2021-01-10,2021011003017761,SADBL,50,17,100,190.00,"19,000.00"
2021-01-10,2021011003017760,SADBL,46,17,35,190.00,"6,650.00"
2021-01-10,2021011003017759,SADBL,34,17,200,190.00,"38,000.00"
2021-01-10,2021011003017765,SAEF,37,17,"3,500",11.65,"40,775.00"
2021-01-10,2021011003017764,SAEF,7,17,"3,000",11.66,"34,980.00"
2021-01-10,2021011003017763,SAEF,7,17,"3,500",11.66,"40,810.00"
2021-01-10,2021011003017756,SAEF,7,40,"2,000",11.66,"23,320.00"
2021-01-10,2021011003018141,SAPDBL,20,6,200,149.00,"29,800.00"
2021-01-10,2021011003018170,SDLBSL,6,40,10,"1,115.00","11,150.00"
2021-01-10,2021011003018169,SDLBSL,6,32,10,"1,113.00","11,130.00"
2021-01-10,2021011003018168,SDLBSL,6,44,50,"1,110.00","55,500.00"
2021-01-10,2021011003018102,SHINE,50,29,500,248.00,"124,000.00"
2021-01-10,2021011003017805,SHINE,21,29,100,248.00,"24,800.00"
2021-01-10,2021011003017728,SHINE,54,29,85,248.00,"21,080.00"
2021-01-10,2021011003017727,SHINE,4,29,"1,721",248.00,"426,808.00"
2021-01-10,2021011003017800,SHL,49,5,"3,093",195.00,"603,135.00"
2021-01-10,2021011003017799,SHL,49,57,115,194.00,"22,310.00"
2021-01-10,2021011003018008,SINDU,40,22,400,157.00,"62,800.00"
2021-01-10,2021011003018031,SKBBL,36,6,100,"1,457.00","145,700.00"
2021-01-10,2021011003017767,SLBBL,52,48,10,"1,190.00","11,900.00"
2021-01-10,2021011003017766,SLBBL,52,34,70,"1,180.00","82,600.00"
2021-01-10,2021011003018096,SLBSL,16,55,25,"1,031.00","25,775.00"
2021-01-10,2021011003018022,SMFBS,57,56,12,"1,501.00","18,012.00"
2021-01-10,2021011003017838,SMFBS,38,44,10,"1,520.00","15,200.00"
2021-01-10,2021011003017933,SMFDB,52,45,100,"1,048.00","104,800.00"
2021-01-10,2021011003017966,STC,8,7,20,"6,988.00","139,760.00"
2021-01-10,2021011003017965,STC,8,41,10,"6,987.00","69,870.00"
2021-01-10,2021011003017833,STC,52,41,20,"6,987.00","139,740.00"
2021-01-10,2021011003017958,SWBBL,52,34,100,"1,672.00","167,200.00"
2021-01-10,2021011003018042,TRH,34,59,10,305.00,"3,050.00"
2021-01-10,2021011003018041,TRH,34,5,190,305.00,"57,950.00"
2021-01-10,2021011003018050,UFL,1,57,490,267.00,"130,830.00"
2021-01-10,2021011003017888,UFL,1,52,200,267.00,"53,400.00"
2021-01-10,2021011003017875,UFL,1,6,105,267.00,"28,035.00"
2021-01-10,2021011003017874,UFL,1,46,200,267.00,"53,400.00"
2021-01-10,2021011003017873,UFL,1,47,231,267.00,"61,677.00"
2021-01-10,2021011003017872,UFL,1,34,500,267.00,"133,500.00"
2021-01-10,2021011003017714,UFL,1,50,990,264.00,"261,360.00"
2021-01-10,2021011003017713,UFL,1,41,62,262.00,"16,244.00"
2021-01-10,2021011003017712,UFL,1,56,600,262.00,"157,200.00"
2021-01-10,2021011003017711,UFL,1,14,100,262.00,"26,200.00"
2021-01-10,2021011003017710,UFL,1,28,200,261.00,"52,200.00"
2021-01-10,2021011003017720,UFL,1,26,290,265.00,"76,850.00"
2021-01-10,2021011003017719,UFL,1,51,500,264.00,"132,000.00"
2021-01-10,2021011003017718,UFL,1,54,100,264.00,"26,400.00"
2021-01-10,2021011003017717,UFL,1,21,60,264.00,"15,840.00"
2021-01-10,2021011003017716,UFL,1,34,100,264.00,"26,400.00"
2021-01-10,2021011003017715,UFL,1,52,100,264.00,"26,400.00"
2021-01-10,2021011003017865,UFL,1,36,200,266.00,"53,200.00"
2021-01-10,2021011003017864,UFL,1,26,"1,000",266.00,"266,000.00"
2021-01-10,2021011003017724,UFL,1,58,30,265.00,"7,950.00"
2021-01-10,2021011003017723,UFL,1,54,500,265.00,"132,500.00"
2021-01-10,2021011003017722,UFL,1,26,100,265.00,"26,500.00"
2021-01-10,2021011003017721,UFL,1,14,850,265.00,"225,250.00"
2021-01-10,2021011003017871,UFL,1,42,30,267.00,"8,010.00"
2021-01-10,2021011003017870,UFL,1,41,200,267.00,"53,400.00"
2021-01-10,2021011003017869,UFL,1,29,540,267.00,"144,180.00"
2021-01-10,2021011003017868,UFL,1,13,470,267.00,"125,490.00"
2021-01-10,2021011003017867,UFL,1,5,100,267.00,"26,700.00"
2021-01-10,2021011003017866,UFL,1,7,250,266.00,"66,500.00"
2021-01-10,2021011003018131,USLB,32,57,10,"1,400.00","14,000.00"
2021-01-10,2021011003017613,ALBSL,37,57,100,"1,263.00","126,300.00"
2021-01-10,2021011003017703,ALICL,45,38,27,957.00,"25,839.00"
2021-01-10,2021011003017626,BBC,34,17,50,"2,760.00","138,000.00"
2021-01-10,2021011003017380,BBC,45,49,50,"2,758.00","137,900.00"
2021-01-10,2021011003017379,BBC,45,49,20,"2,758.00","55,160.00"
2021-01-10,2021011003017378,BBC,33,49,50,"2,762.00","138,100.00"
2021-01-10,2021011003017377,BBC,5,49,10,"2,781.00","27,810.00"
2021-01-10,2021011003017376,BBC,42,49,50,"2,785.00","139,250.00"
2021-01-10,2021011003017375,BBC,45,49,10,"2,790.00","27,900.00"
2021-01-10,2021011003017412,CBBL,34,25,50,"1,230.00","61,500.00"
2021-01-10,2021011003017250,CBBL,48,25,50,"1,230.00","61,500.00"
2021-01-10,2021011003017249,CBBL,53,25,100,"1,230.00","123,000.00"
2021-01-10,2021011003017248,CBBL,17,25,698,"1,230.00","858,540.00"
2021-01-10,2021011003017530,CFCL,41,1,283,174.00,"49,242.00"
2021-01-10,2021011003017701,CIT,11,28,30,"3,459.00","103,770.00"
2021-01-10,2021011003017327,CIT,6,37,50,"3,451.00","172,550.00"
2021-01-10,2021011003017234,CIT,36,49,10,"3,456.00","34,560.00"
2021-01-10,2021011003017529,CLBSL,17,17,13,938.00,"12,194.00"
2021-01-10,2021011003017704,DDBL,57,35,35,"1,472.00","51,520.00"
2021-01-10,2021011003017642,DDBL,57,46,100,"1,472.00","147,200.00"
2021-01-10,2021011003017641,DDBL,57,38,15,"1,469.00","22,035.00"
2021-01-10,2021011003017629,DDBL,38,38,50,"1,469.00","73,450.00"
2021-01-10,2021011003017625,DDBL,47,38,100,"1,469.00","146,900.00"
2021-01-10,2021011003017624,DDBL,34,38,300,"1,469.00","440,700.00"
2021-01-10,2021011003017273,DDBL,21,45,17,"1,470.00","24,990.00"
2021-01-10,2021011003017251,DDBL,34,1,50,"1,471.00","73,550.00"
2021-01-10,2021011003017541,DDBL,55,17,108,"1,470.00","158,760.00"
2021-01-10,2021011003017540,DDBL,35,17,50,"1,470.00","73,500.00"
2021-01-10,2021011003017539,DDBL,40,17,267,"1,470.00","392,490.00"
2021-01-10,2021011003017514,DDBL,40,57,200,"1,470.00","294,000.00"
2021-01-10,2021011003017275,DDBL,40,45,33,"1,470.00","48,510.00"
2021-01-10,2021011003017274,DDBL,21,45,50,"1,470.00","73,500.00"
2021-01-10,2021011003017623,DDBL,22,38,535,"1,471.00","786,985.00"
2021-01-10,2021011003017609,DDBL,22,4,10,"1,471.00","14,710.00"
2021-01-10,2021011003017608,DDBL,22,1,50,"1,471.00","73,550.00"
2021-01-10,2021011003017607,DDBL,22,17,45,"1,470.00","66,150.00"
2021-01-10,2021011003017566,DDBL,19,17,10,"1,470.00","14,700.00"
2021-01-10,2021011003017542,DDBL,34,17,120,"1,470.00","176,400.00"
2021-01-10,2021011003017590,EDBL,34,59,500,362.00,"181,000.00"
2021-01-10,2021011003017350,FMDBL,45,35,100,607.00,"60,700.00"
2021-01-10,2021011003017349,FMDBL,17,35,750,607.00,"455,250.00"
2021-01-10,2021011003017348,FMDBL,13,35,200,608.00,"121,600.00"
2021-01-10,2021011003017347,FMDBL,58,35,10,608.00,"6,080.00"
2021-01-10,2021011003017346,FMDBL,56,35,20,608.00,"12,160.00"
2021-01-10,2021011003017215,FMDBL,39,1,50,609.00,"30,450.00"
2021-01-10,2021011003017416,FOWAD,53,19,50,"2,310.00","115,500.00"
2021-01-10,2021011003017382,FOWAD,45,33,20,"2,310.00","46,200.00"
2021-01-10,2021011003017230,FOWAD,45,29,10,"2,310.00","23,100.00"
2021-01-10,2021011003017698,GBBL,45,11,200,326.00,"65,200.00"
2021-01-10,2021011003017697,GBBL,45,14,200,326.00,"65,200.00"
2021-01-10,2021011003017696,GBBL,45,59,500,326.00,"163,000.00"
2021-01-10,2021011003017596,GBBL,45,16,100,325.00,"32,500.00"
2021-01-10,2021011003017595,GBBL,45,50,500,325.00,"162,500.00"
2021-01-10,2021011003017538,GBBL,4,34,115,322.00,"37,030.00"
2021-01-10,2021011003017217,GBBL,13,58,200,322.00,"64,400.00"
2021-01-10,2021011003017216,GBBL,48,58,50,322.00,"16,100.00"
2021-01-10,2021011003017393,GBBL,37,41,200,321.00,"64,200.00"
2021-01-10,2021011003017392,GBBL,53,41,500,321.00,"160,500.00"
2021-01-10,2021011003017372,GBBL,4,4,898,322.00,"289,156.00"
2021-01-10,2021011003017371,GBBL,4,19,"1,130",322.00,"363,860.00"
2021-01-10,2021011003017370,GBBL,4,58,"1,250",322.00,"402,500.00"
2021-01-10,2021011003017295,GBBL,4,19,20,321.00,"6,420.00"
2021-01-10,2021011003017452,GBBL,45,38,20,323.00,"6,460.00"
2021-01-10,2021011003017451,GBBL,45,35,244,323.00,"78,812.00"
2021-01-10,2021011003017450,GBBL,45,49,540,323.00,"174,420.00"
2021-01-10,2021011003017431,GBBL,4,25,12,322.00,"3,864.00"
2021-01-10,2021011003017430,GBBL,4,4,"3,102",322.00,"998,844.00"
2021-01-10,2021011003017394,GBBL,6,41,300,321.00,"96,300.00"
2021-01-10,2021011003017458,GBBL,45,6,500,324.00,"162,000.00"
2021-01-10,2021011003017457,GBBL,45,42,200,324.00,"64,800.00"
2021-01-10,2021011003017456,GBBL,45,1,500,324.00,"162,000.00"
2021-01-10,2021011003017455,GBBL,45,16,100,323.00,"32,300.00"
2021-01-10,2021011003017454,GBBL,45,40,500,323.00,"161,500.00"
2021-01-10,2021011003017453,GBBL,45,58,61,323.00,"19,703.00"
2021-01-10,2021011003017464,GBBL,45,37,30,324.00,"9,720.00"
2021-01-10,2021011003017463,GBBL,45,41,100,324.00,"32,400.00"
2021-01-10,2021011003017462,GBBL,45,20,50,324.00,"16,200.00"
2021-01-10,2021011003017461,GBBL,45,13,100,324.00,"32,400.00"
2021-01-10,2021011003017460,GBBL,45,48,232,324.00,"75,168.00"
2021-01-10,2021011003017459,GBBL,45,34,500,324.00,"162,000.00"
2021-01-10,2021011003017470,GBBL,45,52,568,324.00,"184,032.00"
2021-01-10,2021011003017469,GBBL,45,13,30,324.00,"9,720.00"
2021-01-10,2021011003017468,GBBL,45,39,500,324.00,"162,000.00"
2021-01-10,2021011003017467,GBBL,45,14,100,324.00,"32,400.00"
2021-01-10,2021011003017466,GBBL,45,45,100,324.00,"32,400.00"
2021-01-10,2021011003017465,GBBL,45,14,"1,000",324.00,"324,000.00"
2021-01-10,2021011003017476,GBBL,45,4,100,325.00,"32,500.00"
2021-01-10,2021011003017475,GBBL,45,42,70,325.00,"22,750.00"
2021-01-10,2021011003017474,GBBL,45,45,60,324.00,"19,440.00"
2021-01-10,2021011003017473,GBBL,45,17,200,324.00,"64,800.00"
2021-01-10,2021011003017472,GBBL,45,51,200,324.00,"64,800.00"
2021-01-10,2021011003017471,GBBL,45,17,100,324.00,"32,400.00"
2021-01-10,2021011003017482,GBBL,45,4,70,325.00,"22,750.00"
2021-01-10,2021011003017481,GBBL,45,43,100,325.00,"32,500.00"
2021-01-10,2021011003017480,GBBL,45,6,"1,000",325.00,"325,000.00"
2021-01-10,2021011003017479,GBBL,45,46,305,325.00,"99,125.00"
2021-01-10,2021011003017478,GBBL,45,51,700,325.00,"227,500.00"
2021-01-10,2021011003017477,GBBL,45,56,100,325.00,"32,500.00"
2021-01-10,2021011003017488,GBBL,45,32,50,325.00,"16,250.00"
2021-01-10,2021011003017487,GBBL,45,57,90,325.00,"29,250.00"
2021-01-10,2021011003017486,GBBL,45,43,300,325.00,"97,500.00"
2021-01-10,2021011003017485,GBBL,45,49,"1,174",325.00,"381,550.00"
2021-01-10,2021011003017484,GBBL,45,46,305,325.00,"99,125.00"
2021-01-10,2021011003017483,GBBL,45,17,154,325.00,"50,050.00"
2021-01-10,2021011003017494,GBBL,45,51,100,325.00,"32,500.00"
2021-01-10,2021011003017493,GBBL,45,42,50,325.00,"16,250.00"
2021-01-10,2021011003017492,GBBL,45,41,50,325.00,"16,250.00"
2021-01-10,2021011003017491,GBBL,45,55,100,325.00,"32,500.00"
2021-01-10,2021011003017490,GBBL,45,44,300,325.00,"97,500.00"
2021-01-10,2021011003017489,GBBL,45,21,926,325.00,"300,950.00"
2021-01-10,2021011003017500,GBBL,45,41,200,325.00,"65,000.00"
2021-01-10,2021011003017499,GBBL,45,57,100,325.00,"32,500.00"
2021-01-10,2021011003017498,GBBL,45,13,34,325.00,"11,050.00"
2021-01-10,2021011003017497,GBBL,45,19,186,325.00,"60,450.00"
2021-01-10,2021011003017496,GBBL,45,25,100,325.00,"32,500.00"
2021-01-10,2021011003017495,GBBL,45,25,200,325.00,"65,000.00"
2021-01-10,2021011003017537,GBBL,45,34,385,325.00,"125,125.00"
2021-01-10,2021011003017507,GBBL,45,52,100,325.00,"32,500.00"
2021-01-10,2021011003017504,GBBL,45,1,116,325.00,"37,700.00"
2021-01-10,2021011003017503,GBBL,45,14,200,325.00,"65,000.00"
2021-01-10,2021011003017502,GBBL,45,22,200,325.00,"65,000.00"
2021-01-10,2021011003017501,GBBL,45,41,600,325.00,"195,000.00"
2021-01-10,2021011003017428,GBLBS,10,29,180,612.00,"110,160.00"
2021-01-10,2021011003017427,GBLBS,10,47,25,612.00,"15,300.00"
2021-01-10,2021011003017426,GBLBS,10,36,80,611.00,"48,880.00"
2021-01-10,2021011003017425,GBLBS,10,22,15,611.00,"9,165.00"
2021-01-10,2021011003017424,GBLBS,10,54,90,611.00,"54,990.00"
2021-01-10,2021011003017423,GBLBS,10,44,140,611.00,"85,540.00"
2021-01-10,2021011003017422,GBLBS,10,38,100,610.00,"61,000.00"
2021-01-10,2021011003017415,GBLBS,26,6,10,609.00,"6,090.00"
2021-01-10,2021011003017409,GBLBS,26,52,15,609.00,"9,135.00"
2021-01-10,2021011003017680,GLICL,37,41,300,631.00,"189,300.00"
2021-01-10,2021011003017631,GLICL,37,40,105,631.00,"66,255.00"
2021-01-10,2021011003017622,GLICL,52,45,100,632.00,"63,200.00"
2021-01-10,2021011003017612,GLICL,10,39,15,631.00,"9,465.00"
2021-01-10,2021011003017586,GLICL,10,48,15,631.00,"9,465.00"
2021-01-10,2021011003017449,GLICL,10,22,27,631.00,"17,037.00"
2021-01-10,2021011003017448,GLICL,10,37,142,631.00,"89,602.00"
2021-01-10,2021011003017304,GLICL,32,58,54,630.00,"34,020.00"
2021-01-10,2021011003017294,GLICL,32,6,45,630.00,"28,350.00"
2021-01-10,2021011003017227,GLICL,37,37,60,631.00,"37,860.00"
2021-01-10,2021011003017218,GLICL,5,37,100,631.00,"63,100.00"
2021-01-10,2021011003017708,GRDBL,14,5,50,159.00,"7,950.00"
2021-01-10,2021011003017643,GUFL,38,47,10,241.00,"2,410.00"
2021-01-10,2021011003017535,GUFL,43,47,10,241.00,"2,410.00"
2021-01-10,2021011003017298,GUFL,43,19,660,240.00,"158,400.00"
2021-01-10,2021011003017297,GUFL,43,43,374,240.00,"89,760.00"
2021-01-10,2021011003017268,GUFL,28,43,26,240.00,"6,240.00"
2021-01-10,2021011003017267,GUFL,28,43,150,240.00,"36,000.00"
2021-01-10,2021011003017260,GUFL,28,45,50,240.00,"12,000.00"
2021-01-10,2021011003017259,GUFL,28,4,49,240.00,"11,760.00"
2021-01-10,2021011003017266,GUFL,28,28,45,240.00,"10,800.00"
2021-01-10,2021011003017265,GUFL,28,38,200,240.00,"48,000.00"
2021-01-10,2021011003017264,GUFL,28,5,30,240.00,"7,200.00"
2021-01-10,2021011003017263,GUFL,28,49,300,240.00,"72,000.00"
2021-01-10,2021011003017262,GUFL,28,53,100,240.00,"24,000.00"
2021-01-10,2021011003017261,GUFL,28,52,50,240.00,"12,000.00"
2021-01-10,2021011003017688,HIDCL,33,46,214,266.00,"56,924.00"
2021-01-10,2021011003017580,HIDCL,34,43,141,265.00,"37,365.00"
2021-01-10,2021011003017579,HIDCL,34,43,"1,000",265.00,"265,000.00"
2021-01-10,2021011003017578,HIDCL,34,43,836,265.00,"221,540.00"
2021-01-10,2021011003017527,HIDCL,34,49,31,265.00,"8,215.00"
2021-01-10,2021011003017341,HIDCL,43,43,100,266.00,"26,600.00"
2021-01-10,2021011003017296,HIDCL,32,43,100,266.00,"26,600.00"
2021-01-10,2021011003017291,HIDCL,10,43,250,266.00,"66,500.00"
2021-01-10,2021011003017253,HIDCL,37,58,233,266.00,"61,978.00"
2021-01-10,2021011003017606,JBBL,44,26,310,239.00,"74,090.00"
2021-01-10,2021011003017605,JBBL,44,58,300,239.00,"71,700.00"
2021-01-10,2021011003017604,JBBL,44,19,850,239.00,"203,150.00"
2021-01-10,2021011003017603,JBBL,44,50,"1,500",238.00,"357,000.00"
2021-01-10,2021011003017602,JBBL,44,50,500,238.00,"119,000.00"
2021-01-10,2021011003017601,JBBL,44,43,200,238.00,"47,600.00"
2021-01-10,2021011003017323,JBBL,1,38,"1,000",238.00,"238,000.00"
2021-01-10,2021011003017592,JBBL,41,34,250,238.00,"59,500.00"
2021-01-10,2021011003017591,JBBL,41,48,120,238.00,"28,560.00"
2021-01-10,2021011003017547,JBBL,32,48,680,238.00,"161,840.00"
2021-01-10,2021011003017546,JBBL,32,38,320,238.00,"76,160.00"
2021-01-10,2021011003017545,JBBL,49,38,80,238.00,"19,040.00"
2021-01-10,2021011003017395,JBBL,45,38,100,238.00,"23,800.00"
2021-01-10,2021011003017510,JSLBB,58,52,20,"2,170.00","43,400.00"
2021-01-10,2021011003017509,JSLBB,58,36,93,"2,170.00","201,810.00"
2021-01-10,2021011003017322,JSLBB,58,36,117,"2,170.00","253,890.00"
2021-01-10,2021011003017321,JSLBB,58,1,40,"2,170.00","86,800.00"
2021-01-10,2021011003017320,JSLBB,58,45,43,"2,170.00","93,310.00"
2021-01-10,2021011003017620,KMCDB,25,44,10,993.00,"9,930.00"
2021-01-10,2021011003017619,KMCDB,25,55,10,992.00,"9,920.00"
2021-01-10,2021011003017618,KMCDB,25,48,34,990.00,"33,660.00"
2021-01-10,2021011003017549,KMCDB,25,48,20,990.00,"19,800.00"
2021-01-10,2021011003017429,KMCDB,25,55,20,992.00,"19,840.00"
2021-01-10,2021011003017397,KMCDB,25,44,20,993.00,"19,860.00"
2021-01-10,2021011003017299,KMCDB,25,39,10,992.00,"9,920.00"
2021-01-10,2021011003017687,KRBL,43,34,800,140.00,"112,000.00"
2021-01-10,2021011003017686,KRBL,29,34,"2,600",140.00,"364,000.00"
2021-01-10,2021011003017516,KRBL,29,57,"1,708",140.00,"239,120.00"
2021-01-10,2021011003017515,KRBL,11,57,89,141.00,"12,549.00"
2021-01-10,2021011003017339,KRBL,11,16,151,141.00,"21,291.00"
2021-01-10,2021011003017683,KSBBL,57,41,564,228.00,"128,592.00"
2021-01-10,2021011003017682,KSBBL,57,6,258,228.00,"58,824.00"
2021-01-10,2021011003017681,KSBBL,57,34,"1,060",228.00,"241,680.00"
2021-01-10,2021011003017572,KSBBL,17,20,192,227.00,"43,584.00"
2021-01-10,2021011003017523,KSBBL,17,4,32,227.00,"7,264.00"
2021-01-10,2021011003017511,KSBBL,57,4,130,227.00,"29,510.00"
2021-01-10,2021011003017508,KSBBL,57,4,32,227.00,"7,264.00"
2021-01-10,2021011003017308,KSBBL,57,14,300,227.00,"68,100.00"
2021-01-10,2021011003017292,KSBBL,37,34,"2,000",228.00,"456,000.00"
2021-01-10,2021011003017695,LBBL,13,54,95,224.00,"21,280.00"
2021-01-10,2021011003017694,LBBL,13,56,405,224.00,"90,720.00"
2021-01-10,2021011003017640,LBBL,59,56,345,224.00,"77,280.00"
2021-01-10,2021011003017639,LBBL,59,44,155,224.00,"34,720.00"
2021-01-10,2021011003017634,LBBL,53,44,845,224.00,"189,280.00"
2021-01-10,2021011003017633,LBBL,53,25,155,224.00,"34,720.00"
2021-01-10,2021011003017576,LBBL,58,39,22,223.00,"4,906.00"
2021-01-10,2021011003017575,LBBL,55,39,378,223.00,"84,294.00"
2021-01-10,2021011003017532,LBBL,4,25,345,224.00,"77,280.00"
2021-01-10,2021011003017531,LBBL,4,44,155,224.00,"34,720.00"
2021-01-10,2021011003017565,LICN,59,49,66,"2,014.00","132,924.00"
2021-01-10,2021011003017564,LICN,59,34,134,"2,010.00","269,340.00"
2021-01-10,2021011003017522,LLBS,50,37,27,"1,356.00","36,612.00"
2021-01-10,2021011003017521,LLBS,38,37,173,"1,356.00","234,588.00"
2021-01-10,2021011003017552,MDB,50,17,216,336.00,"72,576.00"
2021-01-10,2021011003017293,MERO,50,58,52,"1,005.00","52,260.00"
2021-01-10,2021011003017391,MERO,57,3,60,"1,004.00","60,240.00"
2021-01-10,2021011003017333,MERO,57,59,40,"1,004.00","40,160.00"
2021-01-10,2021011003017551,MERO,16,52,15,"1,004.00","15,060.00"
2021-01-10,2021011003017550,MERO,57,52,10,"1,004.00","10,040.00"
2021-01-10,2021011003017534,MERO,57,22,20,"1,004.00","20,080.00"
2021-01-10,2021011003017593,MERO,16,3,20,"1,004.00","20,080.00"
2021-01-10,2021011003017679,MFIL,13,45,200,332.00,"66,400.00"
2021-01-10,2021011003017399,MFIL,13,33,100,332.00,"33,200.00"
2021-01-10,2021011003017290,MFIL,59,55,375,333.00,"124,875.00"
2021-01-10,2021011003017289,MFIL,59,6,10,333.00,"3,330.00"
2021-01-10,2021011003017288,MFIL,59,34,180,333.00,"59,940.00"
2021-01-10,2021011003017239,MLBBL,45,56,100,"1,301.00","130,100.00"
2021-01-10,2021011003017238,MLBBL,57,56,100,"1,304.00","130,400.00"
2021-01-10,2021011003017655,MLBL,25,39,639,271.00,"173,169.00"
2021-01-10,2021011003017654,MLBL,25,10,500,271.00,"135,500.00"
2021-01-10,2021011003017653,MLBL,25,51,100,271.00,"27,100.00"
2021-01-10,2021011003017652,MLBL,25,8,100,270.00,"27,000.00"
2021-01-10,2021011003017651,MLBL,25,29,46,270.00,"12,420.00"
2021-01-10,2021011003017650,MLBL,25,14,200,270.00,"54,000.00"
2021-01-10,2021011003017315,MLBL,25,35,90,268.00,"24,120.00"
2021-01-10,2021011003017314,MLBL,25,54,"2,270",268.00,"608,360.00"
2021-01-10,2021011003017303,MLBL,45,5,300,267.00,"80,100.00"
2021-01-10,2021011003017319,MLBL,25,33,500,268.00,"134,000.00"
2021-01-10,2021011003017318,MLBL,25,52,150,268.00,"40,200.00"
2021-01-10,2021011003017317,MLBL,25,45,50,268.00,"13,400.00"
2021-01-10,2021011003017316,MLBL,25,13,200,268.00,"53,600.00"
2021-01-10,2021011003017555,MLBL,35,26,300,269.00,"80,700.00"
2021-01-10,2021011003017407,MLBL,21,26,100,269.00,"26,900.00"
2021-01-10,2021011003017400,MLBL,50,26,100,269.00,"26,900.00"
2021-01-10,2021011003017600,MLBL,3,58,150,269.00,"40,350.00"
2021-01-10,2021011003017599,MLBL,3,50,50,269.00,"13,450.00"
2021-01-10,2021011003017598,MLBL,3,34,500,269.00,"134,500.00"
2021-01-10,2021011003017597,MLBL,3,25,200,269.00,"53,800.00"
2021-01-10,2021011003017574,MLBL,33,25,200,269.00,"53,800.00"
2021-01-10,2021011003017649,MLBL,25,57,500,270.00,"135,000.00"
2021-01-10,2021011003017648,MLBL,25,6,250,270.00,"67,500.00"
2021-01-10,2021011003017647,MLBL,25,59,500,270.00,"135,000.00"
2021-01-10,2021011003017646,MLBL,25,6,200,270.00,"54,000.00"
2021-01-10,2021011003017645,MLBL,25,58,150,269.00,"40,350.00"
2021-01-10,2021011003017644,MLBL,25,59,500,269.00,"134,500.00"
2021-01-10,2021011003017677,MMFDB,20,14,273,"1,290.00","352,170.00"
2021-01-10,2021011003017676,MMFDB,20,1,50,"1,289.00","64,450.00"
2021-01-10,2021011003017675,MMFDB,20,25,20,"1,288.00","25,760.00"
2021-01-10,2021011003017674,MMFDB,20,59,51,"1,287.00","65,637.00"
2021-01-10,2021011003017673,MMFDB,20,42,250,"1,285.00","321,250.00"
2021-01-10,2021011003017672,MMFDB,20,49,13,"1,285.00","16,705.00"
2021-01-10,2021011003017279,MMFDB,20,33,"1,360","1,260.00","1,713,600.00"
2021-01-10,2021011003017278,MMFDB,20,33,440,"1,260.00","554,400.00"
2021-01-10,2021011003017277,MMFDB,20,57,100,"1,259.00","125,900.00"
2021-01-10,2021011003017559,MMFDB,20,56,250,"1,268.00","317,000.00"
2021-01-10,2021011003017558,MMFDB,20,22,100,"1,265.00","126,500.00"
2021-01-10,2021011003017557,MMFDB,20,33,500,"1,265.00","632,500.00"
2021-01-10,2021011003017556,MMFDB,20,45,20,"1,265.00","25,300.00"
2021-01-10,2021011003017281,MMFDB,20,45,50,"1,265.00","63,250.00"
2021-01-10,2021011003017280,MMFDB,20,52,50,"1,265.00","63,250.00"
2021-01-10,2021011003017659,MMFDB,20,25,72,"1,270.00","91,440.00"
2021-01-10,2021011003017658,MMFDB,20,42,22,"1,270.00","27,940.00"
2021-01-10,2021011003017657,MMFDB,20,26,124,"1,270.00","157,480.00"
2021-01-10,2021011003017562,MMFDB,20,26,580,"1,270.00","736,600.00"
2021-01-10,2021011003017561,MMFDB,20,56,300,"1,269.00","380,700.00"
2021-01-10,2021011003017560,MMFDB,20,56,250,"1,269.00","317,250.00"
2021-01-10,2021011003017665,MMFDB,20,26,100,"1,280.00","128,000.00"
2021-01-10,2021011003017664,MMFDB,20,22,25,"1,280.00","32,000.00"
2021-01-10,2021011003017663,MMFDB,20,22,18,"1,275.00","22,950.00"
2021-01-10,2021011003017662,MMFDB,20,29,100,"1,272.00","127,200.00"
2021-01-10,2021011003017661,MMFDB,20,16,142,"1,270.00","180,340.00"
2021-01-10,2021011003017660,MMFDB,20,33,86,"1,270.00","109,220.00"
2021-01-10,2021011003017671,MMFDB,20,55,248,"1,285.00","318,680.00"
2021-01-10,2021011003017670,MMFDB,20,11,50,"1,285.00","64,250.00"
2021-01-10,2021011003017669,MMFDB,20,14,30,"1,282.00","38,460.00"
2021-01-10,2021011003017668,MMFDB,20,49,200,"1,281.00","256,200.00"
2021-01-10,2021011003017667,MMFDB,20,3,45,"1,280.00","57,600.00"
2021-01-10,2021011003017666,MMFDB,20,45,81,"1,280.00","103,680.00"
2021-01-10,2021011003017685,MNBBL,57,53,500,363.00,"181,500.00"
2021-01-10,2021011003017220,MNBBL,45,6,200,363.00,"72,600.00"
2021-01-10,2021011003017214,MNBBL,45,46,88,362.00,"31,856.00"
2021-01-10,2021011003017213,MNBBL,7,46,500,362.00,"181,000.00"
2021-01-10,2021011003017256,MNBBL,7,53,300,363.00,"108,900.00"
2021-01-10,2021011003017255,MNBBL,7,4,200,363.00,"72,600.00"
2021-01-10,2021011003017245,MNBBL,45,22,200,363.00,"72,600.00"
2021-01-10,2021011003017223,MNBBL,45,1,200,363.00,"72,600.00"
2021-01-10,2021011003017222,MNBBL,45,28,100,363.00,"36,300.00"
2021-01-10,2021011003017221,MNBBL,45,39,500,363.00,"181,500.00"
2021-01-10,2021011003017577,MNBBL,22,53,30,363.00,"10,890.00"
2021-01-10,2021011003017272,MPFL,46,45,190,159.00,"30,210.00"
2021-01-10,2021011003017271,MPFL,49,45,100,159.00,"15,900.00"
2021-01-10,2021011003017270,MPFL,57,45,200,159.00,"31,800.00"
2021-01-10,2021011003017269,MPFL,48,45,50,160.00,"8,000.00"
2021-01-10,2021011003017519,MSMBS,58,39,123,945.00,"116,235.00"
2021-01-10,2021011003017518,MSMBS,45,39,200,946.00,"189,200.00"
2021-01-10,2021011003017517,MSMBS,38,39,49,948.00,"46,452.00"
2021-01-10,2021011003017621,NEF,17,38,713,10.35,"7,379.55"
2021-01-10,2021011003017446,NEF,17,45,"17,502",10.35,"181,145.70"
2021-01-10,2021011003017445,NEF,17,25,"2,414",10.35,"24,984.90"
2021-01-10,2021011003017444,NEF,17,37,"2,414",10.35,"24,984.90"
2021-01-10,2021011003017443,NEF,17,53,"2,000",10.35,"20,700.00"
2021-01-10,2021011003017442,NEF,17,57,"3,127",10.35,"32,364.45"
2021-01-10,2021011003017435,NEF,17,55,"2,414",10.22,"24,671.08"
2021-01-10,2021011003017434,NEF,17,42,"2,816",10.22,"28,779.52"
2021-01-10,2021011003017433,NEF,17,40,"1,127",10.17,"11,461.59"
2021-01-10,2021011003017441,NEF,17,43,"2,414",10.35,"24,984.90"
2021-01-10,2021011003017440,NEF,17,45,"1,127",10.30,"11,608.10"
2021-01-10,2021011003017439,NEF,17,38,"2,414",10.28,"24,815.92"
2021-01-10,2021011003017438,NEF,17,22,"2,414",10.25,"24,743.50"
2021-01-10,2021011003017437,NEF,17,41,"2,414",10.25,"24,743.50"
2021-01-10,2021011003017436,NEF,17,55,"1,448",10.25,"14,842.00"
2021-01-10,2021011003017588,NFS,22,14,10,250.00,"2,500.00"
2021-01-10,2021011003017587,NFS,22,49,90,250.00,"22,500.00"
2021-01-10,2021011003017233,NFS,53,32,90,248.00,"22,320.00"
2021-01-10,2021011003017232,NFS,53,32,40,249.00,"9,960.00"
2021-01-10,2021011003017689,NIBSF1,7,35,"2,500",11.65,"29,125.00"
2021-01-10,2021011003017707,NLBBL,57,43,15,"1,138.00","17,070.00"
2021-01-10,2021011003017706,NLBBL,57,21,66,"1,138.00","75,108.00"
2021-01-10,2021011003017705,NLBBL,57,28,19,"1,138.00","21,622.00"
2021-01-10,2021011003017410,NLBBL,21,59,30,"1,137.00","34,110.00"
2021-01-10,2021011003017334,NLBBL,50,28,11,"1,138.00","12,518.00"
2021-01-10,2021011003017690,NLIC,20,17,20,"2,373.00","47,460.00"
2021-01-10,2021011003017684,NLIC,20,14,40,"2,373.00","94,920.00"
2021-01-10,2021011003017656,NLIC,20,29,300,"2,373.00","711,900.00"
2021-01-10,2021011003017554,NLIC,52,57,20,"2,372.00","47,440.00"
2021-01-10,2021011003017553,NLIC,52,36,130,"2,372.00","308,360.00"
2021-01-10,2021011003017544,NLIC,53,36,20,"2,372.00","47,440.00"
2021-01-10,2021011003017257,NLIC,53,29,50,"2,372.00","118,600.00"
2021-01-10,2021011003017244,NLIC,58,29,38,"2,372.00","90,136.00"
2021-01-10,2021011003017243,NLIC,58,29,50,"2,372.00","118,600.00"
2021-01-10,2021011003017242,NLIC,4,29,44,"2,373.00","104,412.00"
2021-01-10,2021011003017226,NLIC,4,55,20,"2,373.00","47,460.00"
2021-01-10,2021011003017447,NLIC,17,36,150,"2,372.00","355,800.00"
2021-01-10,2021011003017411,NLIC,50,58,20,"2,371.00","47,420.00"
2021-01-10,2021011003017313,NLIC,50,38,148,"2,374.00","351,352.00"
2021-01-10,2021011003017312,NLIC,50,29,18,"2,372.00","42,696.00"
2021-01-10,2021011003017300,NLIC,19,29,50,"2,372.00","118,600.00"
2021-01-10,2021011003017258,NLIC,36,29,50,"2,372.00","118,600.00"
2021-01-10,2021011003017627,NLICL,50,55,10,"1,117.00","11,170.00"
2021-01-10,2021011003017548,NLICL,34,55,100,"1,117.00","111,700.00"
2021-01-10,2021011003017398,NLICL,22,55,10,"1,117.00","11,170.00"
2021-01-10,2021011003017276,NLICL,57,55,150,"1,117.00","167,550.00"
2021-01-10,2021011003017225,NLICL,50,1,170,"1,117.00","189,890.00"
2021-01-10,2021011003017615,NMBMF,16,32,484,"1,038.00","502,392.00"
2021-01-10,2021011003017614,NMBMF,16,57,16,"1,037.00","16,592.00"
2021-01-10,2021011003017700,NRIC,48,36,40,"1,552.00","62,080.00"
2021-01-10,2021011003017573,NRIC,48,38,350,"1,553.00","543,550.00"
2021-01-10,2021011003017543,NRIC,21,38,100,"1,553.00","155,300.00"
2021-01-10,2021011003017536,NRIC,45,58,40,"1,550.00","62,000.00"
2021-01-10,2021011003017413,NRIC,48,25,25,"1,552.00","38,800.00"
2021-01-10,2021011003017384,NRIC,35,25,20,"1,552.00","31,040.00"
2021-01-10,2021011003017351,NRIC,4,3,48,"1,551.00","74,448.00"
2021-01-10,2021011003017342,NRIC,1,25,50,"1,552.00","77,600.00"
2021-01-10,2021011003017326,NRIC,48,38,12,"1,553.00","18,636.00"
2021-01-10,2021011003017302,NRIC,4,50,90,"1,551.00","139,590.00"
2021-01-10,2021011003017301,NRIC,28,50,10,"1,552.00","15,520.00"
2021-01-10,2021011003017357,NRIC,37,3,83,"1,550.00","128,650.00"
2021-01-10,2021011003017356,NRIC,52,3,85,"1,551.00","131,835.00"
2021-01-10,2021011003017355,NRIC,19,3,50,"1,551.00","77,550.00"
2021-01-10,2021011003017354,NRIC,58,3,18,"1,551.00","27,918.00"
2021-01-10,2021011003017353,NRIC,1,3,100,"1,551.00","155,100.00"
2021-01-10,2021011003017352,NRIC,53,3,70,"1,551.00","108,570.00"
2021-01-10,2021011003017363,NRIC,35,3,20,"1,550.00","31,000.00"
2021-01-10,2021011003017362,NRIC,32,3,300,"1,550.00","465,000.00"
2021-01-10,2021011003017361,NRIC,38,3,20,"1,550.00","31,000.00"
2021-01-10,2021011003017360,NRIC,37,3,200,"1,550.00","310,000.00"
2021-01-10,2021011003017359,NRIC,8,3,60,"1,550.00","93,000.00"
2021-01-10,2021011003017358,NRIC,37,3,200,"1,550.00","310,000.00"
2021-01-10,2021011003017369,NRIC,45,3,56,"1,550.00","86,800.00"
2021-01-10,2021011003017368,NRIC,38,3,50,"1,550.00","77,500.00"
2021-01-10,2021011003017367,NRIC,13,3,10,"1,550.00","15,500.00"
2021-01-10,2021011003017366,NRIC,46,3,50,"1,550.00","77,500.00"
2021-01-10,2021011003017365,NRIC,37,3,40,"1,550.00","62,000.00"
2021-01-10,2021011003017364,NRIC,52,3,40,"1,550.00","62,000.00"
2021-01-10,2021011003017528,NRN,45,40,10,360.00,"3,600.00"
2021-01-10,2021011003017231,NRN,19,1,10,359.00,"3,590.00"
2021-01-10,2021011003017585,NTC,34,20,900,"1,260.00","1,134,000.00"
2021-01-10,2021011003017584,NTC,34,41,20,"1,260.00","25,200.00"
2021-01-10,2021011003017583,NTC,34,25,100,"1,259.00","125,900.00"
2021-01-10,2021011003017526,NTC,34,38,800,"1,259.00","1,007,200.00"
2021-01-10,2021011003017525,NTC,34,25,363,"1,255.00","455,565.00"
2021-01-10,2021011003017396,NTC,34,25,137,"1,262.00","172,894.00"
2021-01-10,2021011003017282,NTC,34,37,425,"1,254.00","532,950.00"
2021-01-10,2021011003017229,NTC,34,37,620,"1,254.00","777,480.00"
2021-01-10,2021011003017228,NTC,34,58,380,"1,250.00","475,000.00"
2021-01-10,2021011003017212,NTC,34,37,155,"1,254.00","194,370.00"
2021-01-10,2021011003017211,NTC,34,47,330,"1,253.00","413,490.00"
2021-01-10,2021011003017210,NTC,34,58,150,"1,252.00","187,800.00"
2021-01-10,2021011003017309,NTC,34,49,50,"1,250.00","62,500.00"
2021-01-10,2021011003017287,NTC,34,44,95,"1,260.00","119,700.00"
2021-01-10,2021011003017286,NTC,34,18,50,"1,260.00","63,000.00"
2021-01-10,2021011003017285,NTC,34,28,10,"1,258.00","12,580.00"
2021-01-10,2021011003017284,NTC,34,53,100,"1,258.00","125,800.00"
2021-01-10,2021011003017283,NTC,34,58,320,"1,255.00","401,600.00"
2021-01-10,2021011003017381,NTC,46,49,10,"1,250.00","12,500.00"
2021-01-10,2021011003017345,NTC,34,54,45,"1,261.00","56,745.00"
2021-01-10,2021011003017344,NTC,34,3,500,"1,260.00","630,000.00"
2021-01-10,2021011003017343,NTC,34,44,455,"1,260.00","573,300.00"
2021-01-10,2021011003017311,NTC,34,44,450,"1,260.00","567,000.00"
2021-01-10,2021011003017310,NTC,34,22,500,"1,259.00","629,500.00"
2021-01-10,2021011003017390,NTC,34,58,110,"1,262.00","138,820.00"
2021-01-10,2021011003017389,NTC,34,41,20,"1,262.00","25,240.00"
2021-01-10,2021011003017388,NTC,34,42,80,"1,262.00","100,960.00"
2021-01-10,2021011003017387,NTC,34,22,137,"1,262.00","172,894.00"
2021-01-10,2021011003017386,NTC,34,38,61,"1,262.00","76,982.00"
2021-01-10,2021011003017385,NTC,34,54,455,"1,261.00","573,755.00"
2021-01-10,2021011003017611,NUBL,56,11,40,"1,310.00","52,400.00"
2021-01-10,2021011003017610,NUBL,58,11,10,"1,310.00","13,100.00"
2021-01-10,2021011003017325,NUBL,55,41,10,"1,309.00","13,090.00"
2021-01-10,2021011003017307,NUBL,34,58,43,"1,312.00","56,416.00"
2021-01-10,2021011003017306,NUBL,34,40,57,"1,310.00","74,670.00"
2021-01-10,2021011003017237,NUBL,55,34,90,"1,309.00","117,810.00"
2021-01-10,2021011003017414,PFL,58,49,10,187.00,"1,870.00"
2021-01-10,2021011003017240,PFL,59,57,42,186.00,"7,812.00"
2021-01-10,2021011003017432,PLIC,14,45,94,768.00,"72,192.00"
2021-01-10,2021011003017324,PLIC,57,45,200,768.00,"153,600.00"
2021-01-10,2021011003017421,PROFL,19,29,100,132.00,"13,200.00"
2021-01-10,2021011003017305,RLFL,22,58,498,173.00,"86,154.00"
2021-01-10,2021011003017236,RLFL,22,38,50,173.00,"8,650.00"
2021-01-10,2021011003017224,RLFL,22,52,200,173.00,"34,600.00"
2021-01-10,2021011003017693,RLI,57,47,130,619.00,"80,470.00"
2021-01-10,2021011003017692,RLI,51,47,200,619.00,"123,800.00"
2021-01-10,2021011003017691,RLI,51,47,170,619.00,"105,230.00"
2021-01-10,2021011003017594,RLI,51,48,10,619.00,"6,190.00"
2021-01-10,2021011003017520,RLI,51,45,10,619.00,"6,190.00"
2021-01-10,2021011003017513,RLI,51,36,10,619.00,"6,190.00"
2021-01-10,2021011003017329,RLI,55,44,10,619.00,"6,190.00"
2021-01-10,2021011003017328,RLI,55,38,10,619.00,"6,190.00"
2021-01-10,2021011003017254,RLI,6,48,10,620.00,"6,200.00"
2021-01-10,2021011003017241,RLI,55,53,10,619.00,"6,190.00"
2021-01-10,2021011003017219,RLI,55,16,10,619.00,"6,190.00"
2021-01-10,2021011003017374,RLI,11,1,10,619.00,"6,190.00"
2021-01-10,2021011003017338,RLI,11,38,30,619.00,"18,570.00"
2021-01-10,2021011003017337,RLI,4,38,20,619.00,"12,380.00"
2021-01-10,2021011003017336,RLI,58,38,90,619.00,"55,710.00"
2021-01-10,2021011003017335,RLI,55,38,20,619.00,"12,380.00"
2021-01-10,2021011003017332,RLI,55,43,10,619.00,"6,190.00"
2021-01-10,2021011003017512,RMDC,38,5,10,"1,184.00","11,840.00"
2021-01-10,2021011003017616,RSDC,34,33,100,621.00,"62,100.00"
2021-01-10,2021011003017567,RSDC,52,33,500,621.00,"310,500.00"
2021-01-10,2021011003017506,RSDC,41,33,67,621.00,"41,607.00"
2021-01-10,2021011003017505,RSDC,41,40,93,620.00,"57,660.00"
2021-01-10,2021011003017383,RSDC,34,40,100,620.00,"62,000.00"
2021-01-10,2021011003017632,SABSL,22,57,11,"1,100.00","12,100.00"
2021-01-10,2021011003017589,SABSL,59,16,30,"1,110.00","33,300.00"
2021-01-10,2021011003017702,SAPDBL,18,6,200,149.00,"29,800.00"
2021-01-10,2021011003017638,SAPDBL,18,6,300,149.00,"44,700.00"
2021-01-10,2021011003017630,SAPDBL,17,6,75,149.00,"11,175.00"
2021-01-10,2021011003017637,SDLBSL,6,40,10,"1,115.00","11,150.00"
2021-01-10,2021011003017636,SDLBSL,6,59,30,"1,114.00","33,420.00"
2021-01-10,2021011003017635,SDLBSL,6,38,10,"1,110.00","11,100.00"
2021-01-10,2021011003017524,SDLBSL,58,6,40,"1,114.00","44,560.00"
2021-01-10,2021011003017699,SHINE,4,33,279,248.00,"69,192.00"
2021-01-10,2021011003017563,SHINE,53,29,10,249.00,"2,490.00"
2021-01-10,2021011003017533,SHINE,4,38,"1,000",248.00,"248,000.00"
2021-01-10,2021011003017373,SHL,34,44,175,195.00,"34,125.00"
2021-01-10,2021011003017235,SINDU,40,10,500,155.00,"77,500.00"
2021-01-10,2021011003017340,SLBBL,41,34,430,"1,180.00","507,400.00"
2021-01-10,2021011003017247,SLBBL,49,48,60,"1,190.00","71,400.00"
2021-01-10,2021011003017246,SLBBL,49,32,20,"1,190.00","23,800.00"
2021-01-10,2021011003017628,SLICL,41,39,500,700.00,"350,000.00"
2021-01-10,2021011003017252,SLICL,38,1,100,699.00,"69,900.00"
2021-01-10,2021011003017571,SMFBS,57,34,277,"1,501.00","415,777.00"
2021-01-10,2021011003017570,SMFBS,49,34,24,"1,501.00","36,024.00"
2021-01-10,2021011003017569,SMFBS,34,34,100,"1,502.00","150,200.00"
2021-01-10,2021011003017568,SMFBS,6,34,100,"1,503.00","150,300.00"
2021-01-10,2021011003017406,SMFDB,41,57,70,"1,045.00","73,150.00"
2021-01-10,2021011003017405,SMFDB,41,44,90,"1,043.00","93,870.00"
2021-01-10,2021011003017404,SMFDB,41,28,300,"1,043.00","312,900.00"
2021-01-10,2021011003017403,SMFDB,41,59,283,"1,042.00","294,886.00"
2021-01-10,2021011003017402,SMFDB,41,25,100,"1,041.00","104,100.00"
2021-01-10,2021011003017401,SMFDB,41,28,100,"1,040.00","104,000.00"
2021-01-10,2021011003017617,SNLB,56,32,252,"1,070.00","269,640.00"
2021-01-10,2021011003017582,SNLB,56,34,500,"1,069.00","534,500.00"
2021-01-10,2021011003017581,SNLB,56,22,130,"1,068.00","138,840.00"
2021-01-10,2021011003017709,STC,38,6,10,"6,955.00","69,550.00"
2021-01-10,2021011003017408,STC,33,6,10,"6,956.00","69,560.00"
2021-01-10,2021011003017331,STC,49,7,10,"6,988.00","69,880.00"
2021-01-10,2021011003017330,STC,49,49,10,"6,965.00","69,650.00"
2021-01-10,2021011003017678,UFL,1,37,500,260.00,"130,000.00"
2021-01-10,2021011003017420,USLB,41,57,68,"1,400.00","95,200.00"
2021-01-10,2021011003017419,USLB,41,45,22,"1,399.00","30,778.00"
2021-01-10,2021011003017418,USLB,41,22,10,"1,397.00","13,970.00"
2021-01-10,2021011003017417,USLB,41,56,100,"1,397.00","139,700.00"
2021-01-10,2021011003017019,ACLBSL,26,49,20,811.00,"16,220.00"
2021-01-10,2021011003017168,ALBSL,45,36,11,"1,265.00","13,915.00"
2021-01-10,2021011003017080,ALBSL,5,57,50,"1,259.00","62,950.00"
2021-01-10,2021011003017079,ALBSL,17,57,50,"1,259.00","62,950.00"
2021-01-10,2021011003017078,ALBSL,34,57,10,"1,259.00","12,590.00"
2021-01-10,2021011003016904,ALBSL,22,57,44,"1,260.00","55,440.00"
2021-01-10,2021011003016861,ALBSL,34,57,156,"1,260.00","196,560.00"
2021-01-10,2021011003016852,ALBSL,22,6,10,"1,262.00","12,620.00"
2021-01-10,2021011003016851,ALBSL,22,1,92,"1,261.00","116,012.00"
2021-01-10,2021011003016769,ALBSL,34,20,100,"1,260.00","126,000.00"
2021-01-10,2021011003016909,ALICL,58,38,257,957.00,"245,949.00"
2021-01-10,2021011003016774,ALICL,11,38,300,957.00,"287,100.00"
2021-01-10,2021011003016768,ALICL,45,11,33,956.00,"31,548.00"
2021-01-10,2021011003016767,ALICL,48,11,115,956.00,"109,940.00"
2021-01-10,2021011003016952,CBBL,17,47,93,"1,230.00","114,390.00"
2021-01-10,2021011003016951,CBBL,16,47,10,"1,230.00","12,300.00"
2021-01-10,2021011003016950,CBBL,52,47,100,"1,230.00","123,000.00"
2021-01-10,2021011003016949,CBBL,17,47,927,"1,230.00","1,140,210.00"
2021-01-10,2021011003016948,CBBL,28,47,300,"1,231.00","369,300.00"
2021-01-10,2021011003016947,CBBL,16,47,20,"1,231.00","24,620.00"
2021-01-10,2021011003016726,CBBL,43,28,200,"1,234.00","246,800.00"
2021-01-10,2021011003016725,CBBL,43,49,70,"1,234.00","86,380.00"
2021-01-10,2021011003016946,CBBL,45,47,50,"1,232.00","61,600.00"
2021-01-10,2021011003016761,CBBL,43,50,100,"1,235.00","123,500.00"
2021-01-10,2021011003016760,CBBL,43,43,20,"1,235.00","24,700.00"
2021-01-10,2021011003016759,CBBL,43,38,10,"1,235.00","12,350.00"
2021-01-10,2021011003016758,CBBL,43,17,100,"1,235.00","123,500.00"
2021-01-10,2021011003016757,CBBL,43,6,150,"1,235.00","185,250.00"
2021-01-10,2021011003017027,CIT,58,51,10,"3,451.00","34,510.00"
2021-01-10,2021011003016750,CLBSL,58,17,50,938.00,"46,900.00"
2021-01-10,2021011003017095,CMF2,29,19,100,10.00,"1,000.00"
2021-01-10,2021011003017094,CMF2,29,58,100,10.00,"1,000.00"
2021-01-10,2021011003017093,CMF2,29,49,300,9.95,"2,985.00"
2021-01-10,2021011003017197,DDBL,22,32,760,"1,471.00","1,117,960.00"
2021-01-10,2021011003017148,DDBL,49,57,300,"1,471.00","441,300.00"
2021-01-10,2021011003016953,DDBL,49,57,100,"1,471.00","147,100.00"
2021-01-10,2021011003016895,DDBL,21,32,83,"1,470.00","122,010.00"
2021-01-10,2021011003016894,DDBL,20,32,67,"1,471.00","98,557.00"
2021-01-10,2021011003016843,DDBL,20,55,33,"1,471.00","48,543.00"
2021-01-10,2021011003017085,GBBL,34,35,50,323.00,"16,150.00"
2021-01-10,2021011003016882,GBBL,4,20,"1,183",321.00,"379,743.00"
2021-01-10,2021011003016881,GBBL,45,20,500,322.00,"161,000.00"
2021-01-10,2021011003016880,GBBL,14,20,500,322.00,"161,000.00"
2021-01-10,2021011003016879,GBBL,39,20,817,322.00,"263,074.00"
2021-01-10,2021011003016812,GBLBS,11,44,50,611.00,"30,550.00"
2021-01-10,2021011003016753,GFCL,38,35,50,200.00,"10,000.00"
2021-01-10,2021011003017058,GLICL,11,37,198,631.00,"124,938.00"
2021-01-10,2021011003017056,GLICL,11,45,66,631.00,"41,646.00"
2021-01-10,2021011003017008,GLICL,11,48,"1,666",631.00,"1,051,246.00"
2021-01-10,2021011003016905,GLICL,11,11,70,631.00,"44,170.00"
2021-01-10,2021011003016862,GLICL,53,11,95,631.00,"59,945.00"
2021-01-10,2021011003016731,GLICL,53,55,111,631.00,"70,041.00"
2021-01-10,2021011003017183,GMFBS,53,45,69,"1,170.00","80,730.00"
2021-01-10,2021011003017182,GMFBS,53,46,20,"1,170.00","23,400.00"
2021-01-10,2021011003017181,GMFBS,53,44,435,"1,170.00","508,950.00"
2021-01-10,2021011003017180,GMFBS,53,4,10,"1,169.00","11,690.00"
2021-01-10,2021011003017179,GMFBS,53,11,40,"1,169.00","46,760.00"
2021-01-10,2021011003017178,GMFBS,53,1,56,"1,168.00","65,408.00"
2021-01-10,2021011003016998,GMFBS,48,11,10,"1,145.00","11,450.00"
2021-01-10,2021011003017037,GMFBS,53,8,100,"1,160.00","116,000.00"
2021-01-10,2021011003017036,GMFBS,53,13,50,"1,160.00","58,000.00"
2021-01-10,2021011003017035,GMFBS,53,11,50,"1,159.00","57,950.00"
2021-01-10,2021011003017034,GMFBS,53,25,80,"1,159.00","92,720.00"
2021-01-10,2021011003017033,GMFBS,53,11,80,"1,158.00","92,640.00"
2021-01-10,2021011003016999,GMFBS,26,11,10,"1,145.00","11,450.00"
2021-01-10,2021011003017177,GMFBS,53,14,10,"1,167.00","11,670.00"
2021-01-10,2021011003017176,GMFBS,53,42,50,"1,165.00","58,250.00"
2021-01-10,2021011003017175,GMFBS,53,28,10,"1,165.00","11,650.00"
2021-01-10,2021011003017040,GMFBS,53,35,40,"1,163.00","46,520.00"
2021-01-10,2021011003017039,GMFBS,53,34,10,"1,162.00","11,620.00"
2021-01-10,2021011003017038,GMFBS,53,57,40,"1,162.00","46,480.00"
2021-01-10,2021011003016814,GMFIL,56,25,200,192.00,"38,400.00"
2021-01-10,2021011003016813,GMFIL,13,25,100,192.00,"19,200.00"
2021-01-10,2021011003016766,GRDBL,14,14,100,159.00,"15,900.00"
2021-01-10,2021011003016765,GRDBL,14,52,225,159.00,"35,775.00"
2021-01-10,2021011003017195,GUFL,49,41,490,239.00,"117,110.00"
2021-01-10,2021011003017194,GUFL,43,41,10,239.00,"2,390.00"
2021-01-10,2021011003017204,HIDCL,34,47,13,265.00,"3,445.00"
2021-01-10,2021011003017112,HIDCL,37,58,40,266.00,"10,640.00"
2021-01-10,2021011003017071,HIDCL,46,58,62,266.00,"16,492.00"
2021-01-10,2021011003017070,HIDCL,46,6,199,266.00,"52,934.00"
2021-01-10,2021011003017069,HIDCL,46,41,39,266.00,"10,374.00"
2021-01-10,2021011003016903,HIDCL,6,41,370,266.00,"98,420.00"
2021-01-10,2021011003016733,HIDCL,46,6,200,266.00,"53,200.00"
2021-01-10,2021011003016856,HIDCL,50,6,200,265.00,"53,000.00"
2021-01-10,2021011003016855,HIDCL,20,6,"1,000",265.00,"265,000.00"
2021-01-10,2021011003016854,HIDCL,50,6,63,265.00,"16,695.00"
2021-01-10,2021011003016853,HIDCL,37,6,500,265.00,"132,500.00"
2021-01-10,2021011003016752,HIDCL,50,5,13,265.00,"3,445.00"
2021-01-10,2021011003016751,HIDCL,22,5,18,265.00,"4,770.00"
2021-01-10,2021011003016900,HIDCL,52,41,300,266.00,"79,800.00"
2021-01-10,2021011003016869,HIDCL,34,22,13,265.00,"3,445.00"
2021-01-10,2021011003016860,HIDCL,34,6,107,265.00,"28,355.00"
2021-01-10,2021011003016859,HIDCL,34,6,"1,000",265.00,"265,000.00"
2021-01-10,2021011003016858,HIDCL,45,6,10,265.00,"2,650.00"
2021-01-10,2021011003016857,HIDCL,45,6,10,265.00,"2,650.00"
2021-01-10,2021011003017001,ICFC,22,34,100,264.00,"26,400.00"
2021-01-10,2021011003017120,ILBS,28,34,28,"1,180.00","33,040.00"
2021-01-10,2021011003017119,ILBS,28,37,100,"1,180.00","118,000.00"
2021-01-10,2021011003017118,ILBS,28,55,47,"1,180.00","55,460.00"
2021-01-10,2021011003017117,ILBS,28,1,11,"1,179.00","12,969.00"
2021-01-10,2021011003017116,ILBS,28,38,11,"1,175.00","12,925.00"
2021-01-10,2021011003017115,ILBS,28,17,15,"1,175.00","17,625.00"
2021-01-10,2021011003017114,ILBS,28,11,100,"1,174.00","117,400.00"
2021-01-10,2021011003017166,JBBL,1,38,500,238.00,"119,000.00"
2021-01-10,2021011003017092,JBBL,34,50,200,238.00,"47,600.00"
2021-01-10,2021011003017075,JBBL,52,50,299,238.00,"71,162.00"
2021-01-10,2021011003017074,JBBL,52,50,300,238.00,"71,400.00"
2021-01-10,2021011003017073,JBBL,52,44,113,238.00,"26,894.00"
2021-01-10,2021011003017072,JBBL,52,51,288,238.00,"68,544.00"
2021-01-10,2021011003016715,JBBL,45,26,200,238.00,"47,600.00"
2021-01-10,2021011003016714,JBBL,45,57,100,238.00,"23,800.00"
2021-01-10,2021011003016713,JBBL,45,17,111,238.00,"26,418.00"
2021-01-10,2021011003016712,JBBL,45,1,200,238.00,"47,600.00"
2021-01-10,2021011003016711,JBBL,45,7,425,238.00,"101,150.00"
2021-01-10,2021011003016710,JBBL,45,34,"1,000",238.00,"238,000.00"
2021-01-10,2021011003016721,JBBL,45,14,30,238.00,"7,140.00"
2021-01-10,2021011003016720,JBBL,45,35,10,238.00,"2,380.00"
2021-01-10,2021011003016719,JBBL,45,58,25,238.00,"5,950.00"
2021-01-10,2021011003016718,JBBL,45,50,10,238.00,"2,380.00"
2021-01-10,2021011003016717,JBBL,45,17,500,238.00,"119,000.00"
2021-01-10,2021011003016716,JBBL,45,11,300,238.00,"71,400.00"
2021-01-10,2021011003017044,JBBL,44,43,300,238.00,"71,400.00"
2021-01-10,2021011003017043,JBBL,44,29,700,238.00,"166,600.00"
2021-01-10,2021011003016816,JBBL,43,29,100,238.00,"23,800.00"
2021-01-10,2021011003016724,JBBL,45,29,616,238.00,"146,608.00"
2021-01-10,2021011003016723,JBBL,45,42,27,238.00,"6,426.00"
2021-01-10,2021011003016722,JBBL,45,45,100,238.00,"23,800.00"
2021-01-10,2021011003017052,JBBL,52,51,712,238.00,"169,456.00"
2021-01-10,2021011003017051,JBBL,52,17,"1,000",238.00,"238,000.00"
2021-01-10,2021011003017050,JBBL,52,29,50,238.00,"11,900.00"
2021-01-10,2021011003017049,JBBL,52,41,88,238.00,"20,944.00"
2021-01-10,2021011003017048,JBBL,52,50,500,238.00,"119,000.00"
2021-01-10,2021011003017047,JBBL,52,43,150,238.00,"35,700.00"
2021-01-10,2021011003016808,JFL,29,36,600,256.00,"153,600.00"
2021-01-10,2021011003017171,JSLBB,58,45,31,"2,170.00","67,270.00"
2021-01-10,2021011003017170,JSLBB,58,17,19,"2,162.00","41,078.00"
2021-01-10,2021011003016887,JSLBB,58,17,346,"2,162.00","748,052.00"
2021-01-10,2021011003016886,JSLBB,58,11,100,"2,161.00","216,100.00"
2021-01-10,2021011003016885,JSLBB,58,57,250,"2,160.00","540,000.00"
2021-01-10,2021011003016884,JSLBB,58,44,94,"2,160.00","203,040.00"
2021-01-10,2021011003016883,JSLBB,58,19,10,"2,159.00","21,590.00"
2021-01-10,2021011003017169,KMCDB,25,5,20,994.00,"19,880.00"
2021-01-10,2021011003017053,KMCDB,44,58,10,983.00,"9,830.00"
2021-01-10,2021011003017016,KMCDB,25,5,10,994.00,"9,940.00"
2021-01-10,2021011003016958,KMCDB,44,33,10,983.00,"9,830.00"
2021-01-10,2021011003017091,KRBL,11,34,250,141.00,"35,250.00"
2021-01-10,2021011003017090,KRBL,11,51,10,141.00,"1,410.00"
2021-01-10,2021011003017158,KSBBL,57,41,38,227.00,"8,626.00"
2021-01-10,2021011003017003,KSBBL,41,41,60,227.00,"13,620.00"
2021-01-10,2021011003017002,KSBBL,39,41,82,227.00,"18,614.00"
2021-01-10,2021011003016870,KSBBL,41,34,50,228.00,"11,400.00"
2021-01-10,2021011003016810,KSBBL,39,1,100,227.00,"22,700.00"
2021-01-10,2021011003016730,KSBBL,39,41,200,227.00,"45,400.00"
2021-01-10,2021011003016815,LBBL,55,10,200,223.00,"44,600.00"
2021-01-10,2021011003016864,LICN,57,49,100,"2,014.00","201,400.00"
2021-01-10,2021011003016744,LICN,7,53,200,"2,010.00","402,000.00"
2021-01-10,2021011003016743,LICN,7,38,100,"2,010.00","201,000.00"
2021-01-10,2021011003016892,MDB,16,55,50,337.00,"16,850.00"
2021-01-10,2021011003017013,MERO,57,57,50,"1,004.00","50,200.00"
2021-01-10,2021011003016849,MERO,44,58,30,"1,005.00","30,150.00"
2021-01-10,2021011003016848,MERO,45,58,135,"1,005.00","135,675.00"
2021-01-10,2021011003016847,MERO,50,58,200,"1,006.00","201,200.00"
2021-01-10,2021011003016846,MERO,34,58,"1,000","1,006.00","1,006,000.00"
2021-01-10,2021011003016845,MERO,34,58,176,"1,006.00","177,056.00"
2021-01-10,2021011003016844,MERO,16,58,407,"1,007.00","409,849.00"
2021-01-10,2021011003016868,MFIL,59,28,59,332.00,"19,588.00"
2021-01-10,2021011003016997,MLBBL,6,7,100,"1,305.00","130,500.00"
2021-01-10,2021011003016996,MLBBL,45,7,100,"1,305.00","130,500.00"
2021-01-10,2021011003016747,MLBBL,59,6,40,"1,311.00","52,440.00"
2021-01-10,2021011003017111,MLBL,45,38,500,267.00,"133,500.00"
2021-01-10,2021011003016791,MLBL,45,36,"1,050",265.00,"278,250.00"
2021-01-10,2021011003017089,MMFDB,45,33,60,"1,260.00","75,600.00"
2021-01-10,2021011003017088,MMFDB,45,39,40,"1,260.00","50,400.00"
2021-01-10,2021011003017143,MNBBL,51,59,30,362.00,"10,860.00"
2021-01-10,2021011003017142,MNBBL,51,59,100,362.00,"36,200.00"
2021-01-10,2021011003017141,MNBBL,51,16,100,362.00,"36,200.00"
2021-01-10,2021011003017140,MNBBL,51,49,972,362.00,"351,864.00"
2021-01-10,2021011003017139,MNBBL,51,37,500,362.00,"181,000.00"
2021-01-10,2021011003017138,MNBBL,51,26,200,362.00,"72,400.00"
2021-01-10,2021011003016945,MNBBL,51,20,50,362.00,"18,100.00"
2021-01-10,2021011003016944,MNBBL,51,17,100,362.00,"36,200.00"
2021-01-10,2021011003016896,MNBBL,29,26,300,362.00,"108,600.00"
2021-01-10,2021011003016762,MNBBL,25,11,13,361.00,"4,693.00"
2021-01-10,2021011003017125,MNBBL,51,34,100,362.00,"36,200.00"
2021-01-10,2021011003017124,MNBBL,51,22,110,362.00,"39,820.00"
2021-01-10,2021011003017123,MNBBL,51,25,50,362.00,"18,100.00"
2021-01-10,2021011003017122,MNBBL,51,53,300,362.00,"108,600.00"
2021-01-10,2021011003017113,MNBBL,25,50,50,361.00,"18,050.00"
2021-01-10,2021011003017004,MNBBL,4,1,200,362.00,"72,400.00"
2021-01-10,2021011003017131,MNBBL,51,1,143,362.00,"51,766.00"
2021-01-10,2021011003017130,MNBBL,51,26,100,362.00,"36,200.00"
2021-01-10,2021011003017129,MNBBL,51,22,200,362.00,"72,400.00"
2021-01-10,2021011003017128,MNBBL,51,58,280,362.00,"101,360.00"
2021-01-10,2021011003017127,MNBBL,51,49,175,362.00,"63,350.00"
2021-01-10,2021011003017126,MNBBL,51,11,13,362.00,"4,706.00"
2021-01-10,2021011003017137,MNBBL,51,3,100,362.00,"36,200.00"
2021-01-10,2021011003017136,MNBBL,51,34,20,362.00,"7,240.00"
2021-01-10,2021011003017135,MNBBL,51,45,200,362.00,"72,400.00"
2021-01-10,2021011003017134,MNBBL,51,32,90,362.00,"32,580.00"
2021-01-10,2021011003017133,MNBBL,51,11,13,362.00,"4,706.00"
2021-01-10,2021011003017132,MNBBL,51,4,200,362.00,"72,400.00"
2021-01-10,2021011003016933,NBF2,32,34,100,9.97,997.00
2021-01-10,2021011003017110,NEF,13,40,"1,127",10.17,"11,461.59"
2021-01-10,2021011003017081,NEF,13,40,"1,127",10.17,"11,461.59"
2021-01-10,2021011003017026,NEF,13,40,679,10.17,"6,905.43"
2021-01-10,2021011003017025,NEF,10,40,448,10.20,"4,569.60"
2021-01-10,2021011003017165,NFS,53,57,20,249.00,"4,980.00"
2021-01-10,2021011003017164,NFS,53,37,400,249.00,"99,600.00"
2021-01-10,2021011003017163,NFS,53,52,40,249.00,"9,960.00"
2021-01-10,2021011003017100,NFS,53,57,10,248.00,"2,480.00"
2021-01-10,2021011003017046,NFS,58,52,10,249.00,"2,490.00"
2021-01-10,2021011003016932,NIBLPF,21,57,"1,263",10.59,"13,375.17"
2021-01-10,2021011003017186,NICGF,41,50,"2,490",10.70,"26,643.00"
2021-01-10,2021011003017185,NICGF,41,1,"3,000",10.69,"32,070.00"
2021-01-10,2021011003017184,NICGF,41,56,"1,000",10.67,"10,670.00"
2021-01-10,2021011003017150,NLBBL,50,39,39,"1,138.00","44,382.00"
2021-01-10,2021011003017149,NLBBL,50,39,11,"1,138.00","12,518.00"
2021-01-10,2021011003017193,NLIC,4,16,100,"2,373.00","237,300.00"
2021-01-10,2021011003017192,NLIC,4,35,150,"2,373.00","355,950.00"
2021-01-10,2021011003017191,NLIC,4,19,200,"2,373.00","474,600.00"
2021-01-10,2021011003017190,NLIC,4,55,10,"2,373.00","23,730.00"
2021-01-10,2021011003017189,NLIC,4,51,200,"2,373.00","474,600.00"
2021-01-10,2021011003017188,NLIC,4,51,76,"2,373.00","180,348.00"
2021-01-10,2021011003016763,NLIC,20,38,266,"2,373.00","631,218.00"
2021-01-10,2021011003016728,NLIC,22,16,90,"2,372.00","213,480.00"
2021-01-10,2021011003016727,NLIC,22,57,100,"2,372.00","237,200.00"
2021-01-10,2021011003016955,NLIC,44,34,88,"2,372.00","208,736.00"
2021-01-10,2021011003016954,NLIC,22,34,10,"2,372.00","23,720.00"
2021-01-10,2021011003016878,NLIC,44,19,12,"2,372.00","28,464.00"
2021-01-10,2021011003016819,NLIC,50,51,34,"2,373.00","80,682.00"
2021-01-10,2021011003016818,NLIC,50,51,66,"2,373.00","156,618.00"
2021-01-10,2021011003016764,NLIC,20,51,134,"2,373.00","317,982.00"
2021-01-10,2021011003017054,NLIC,34,38,116,"2,372.00","275,152.00"
2021-01-10,2021011003017015,NLIC,34,51,84,"2,372.00","199,248.00"
2021-01-10,2021011003017014,NLIC,45,51,16,"2,372.00","37,952.00"
2021-01-10,2021011003017000,NLIC,6,51,20,"2,373.00","47,460.00"
2021-01-10,2021011003016957,NLIC,45,34,34,"2,372.00","80,648.00"
2021-01-10,2021011003016956,NLIC,6,34,18,"2,372.00","42,696.00"
2021-01-10,2021011003017167,NLIC,33,39,65,"2,372.00","154,180.00"
2021-01-10,2021011003017156,NLIC,53,51,60,"2,373.00","142,380.00"
2021-01-10,2021011003017146,NLIC,38,51,10,"2,373.00","23,730.00"
2021-01-10,2021011003017086,NLIC,33,57,30,"2,372.00","71,160.00"
2021-01-10,2021011003017057,NLIC,7,38,16,"2,372.00","37,952.00"
2021-01-10,2021011003017055,NLIC,7,38,34,"2,372.00","80,648.00"
2021-01-10,2021011003017161,NLICL,50,45,38,"1,114.00","42,332.00"
2021-01-10,2021011003017160,NLICL,32,45,562,"1,115.00","626,630.00"
2021-01-10,2021011003017084,NLICL,32,14,28,"1,115.00","31,220.00"
2021-01-10,2021011003017083,NLICL,50,58,474,"1,114.00","528,036.00"
2021-01-10,2021011003017082,NLICL,58,58,26,"1,114.00","28,964.00"
2021-01-10,2021011003017007,NLICL,16,14,172,"1,115.00","191,780.00"
2021-01-10,2021011003016994,NLICL,16,43,101,"1,115.00","112,615.00"
2021-01-10,2021011003016935,NLICL,16,45,27,"1,115.00","30,105.00"
2021-01-10,2021011003016934,NLICL,21,45,73,"1,115.00","81,395.00"
2021-01-10,2021011003016793,NLICL,59,1,100,"1,117.00","111,700.00"
2021-01-10,2021011003016784,NMB50,56,22,300,10.45,"3,135.00"
2021-01-10,2021011003016873,NMBHF1,39,38,"1,026",10.24,"10,506.24"
2021-01-10,2021011003016779,NMBHF1,39,58,748,10.20,"7,629.60"
2021-01-10,2021011003016778,NMBHF1,39,45,"4,161",10.20,"42,442.20"
2021-01-10,2021011003016777,NMBHF1,39,19,"2,496",10.20,"25,459.20"
2021-01-10,2021011003016776,NMBHF1,39,22,"22,000",10.20,"224,400.00"
2021-01-10,2021011003016775,NMBHF1,39,4,"4,161",10.20,"42,442.20"
2021-01-10,2021011003016746,NMBHF1,43,41,"2,913",10.16,"29,596.08"
2021-01-10,2021011003017203,NMFBS,33,42,13,"2,340.00","30,420.00"
2021-01-10,2021011003017202,NMFBS,33,5,10,"2,335.00","23,350.00"
2021-01-10,2021011003017201,NMFBS,33,49,30,"2,334.00","70,020.00"
2021-01-10,2021011003017200,NMFBS,33,58,11,"2,334.00","25,674.00"
2021-01-10,2021011003017199,NMFBS,33,10,50,"2,333.00","116,650.00"
2021-01-10,2021011003017198,NMFBS,33,47,16,"2,333.00","37,328.00"
2021-01-10,2021011003017062,NMFBS,33,45,26,"2,330.00","60,580.00"
2021-01-10,2021011003017061,NMFBS,33,49,26,"2,330.00","60,580.00"
2021-01-10,2021011003017060,NMFBS,33,22,216,"2,329.00","503,064.00"
2021-01-10,2021011003017059,NMFBS,33,43,20,"2,320.00","46,400.00"
2021-01-10,2021011003017068,NMFBS,33,47,24,"2,333.00","55,992.00"
2021-01-10,2021011003017067,NMFBS,33,22,22,"2,332.00","51,304.00"
2021-01-10,2021011003017066,NMFBS,33,51,62,"2,331.00","144,522.00"
2021-01-10,2021011003017065,NMFBS,33,42,44,"2,331.00","102,564.00"
2021-01-10,2021011003017064,NMFBS,33,19,50,"2,330.00","116,500.00"
2021-01-10,2021011003017063,NMFBS,33,26,10,"2,330.00","23,300.00"
2021-01-10,2021011003017147,NRIC,4,57,40,"1,551.00","62,040.00"
2021-01-10,2021011003017121,NRIC,39,25,50,"1,554.00","77,700.00"
2021-01-10,2021011003017108,NRIC,4,38,22,"1,551.00","34,122.00"
2021-01-10,2021011003017045,NRIC,39,25,20,"1,554.00","31,080.00"
2021-01-10,2021011003017042,NRIC,6,25,30,"1,555.00","46,650.00"
2021-01-10,2021011003017041,NRIC,6,58,20,"1,553.00","31,060.00"
2021-01-10,2021011003016771,NRIC,38,50,100,"1,553.00","155,300.00"
2021-01-10,2021011003016770,NRIC,55,50,10,"1,553.00","15,530.00"
2021-01-10,2021011003016748,NRIC,55,6,50,"1,553.00","77,650.00"
2021-01-10,2021011003016742,NRIC,14,3,10,"1,556.00","15,560.00"
2021-01-10,2021011003016741,NRIC,14,57,40,"1,556.00","62,240.00"
2021-01-10,2021011003016962,NRIC,41,25,50,"1,553.00","77,650.00"
2021-01-10,2021011003016961,NRIC,49,25,20,"1,553.00","31,060.00"
2021-01-10,2021011003016899,NRIC,35,51,10,"1,555.00","15,550.00"
2021-01-10,2021011003016865,NRIC,59,50,30,"1,553.00","46,590.00"
2021-01-10,2021011003016787,NRIC,59,58,20,"1,553.00","31,060.00"
2021-01-10,2021011003016786,NRIC,39,58,20,"1,554.00","31,080.00"
2021-01-10,2021011003016968,NRIC,28,25,30,"1,551.00","46,530.00"
2021-01-10,2021011003016967,NRIC,11,25,100,"1,552.00","155,200.00"
2021-01-10,2021011003016966,NRIC,22,25,32,"1,552.00","49,664.00"
2021-01-10,2021011003016965,NRIC,16,25,200,"1,552.00","310,400.00"
2021-01-10,2021011003016964,NRIC,8,25,131,"1,552.00","203,312.00"
2021-01-10,2021011003016963,NRIC,1,25,100,"1,553.00","155,300.00"
2021-01-10,2021011003016974,NRIC,57,25,500,"1,550.00","775,000.00"
2021-01-10,2021011003016973,NRIC,41,25,40,"1,550.00","62,000.00"
2021-01-10,2021011003016972,NRIC,19,25,50,"1,550.00","77,500.00"
2021-01-10,2021011003016971,NRIC,29,25,50,"1,551.00","77,550.00"
2021-01-10,2021011003016970,NRIC,28,25,200,"1,551.00","310,200.00"
2021-01-10,2021011003016969,NRIC,48,25,"2,000","1,551.00","3,102,000.00"
2021-01-10,2021011003016980,NRIC,25,25,150,"1,550.00","232,500.00"
2021-01-10,2021011003016979,NRIC,53,25,200,"1,550.00","310,000.00"
2021-01-10,2021011003016978,NRIC,13,25,20,"1,550.00","31,000.00"
2021-01-10,2021011003016977,NRIC,52,25,100,"1,550.00","155,000.00"
2021-01-10,2021011003016976,NRIC,6,25,150,"1,550.00","232,500.00"
2021-01-10,2021011003016975,NRIC,1,25,20,"1,550.00","31,000.00"
2021-01-10,2021011003016986,NRIC,37,25,217,"1,550.00","336,350.00"
2021-01-10,2021011003016985,NRIC,37,25,200,"1,550.00","310,000.00"
2021-01-10,2021011003016984,NRIC,37,25,300,"1,550.00","465,000.00"
2021-01-10,2021011003016983,NRIC,34,25,10,"1,550.00","15,500.00"
2021-01-10,2021011003016982,NRIC,28,25,30,"1,550.00","46,500.00"
2021-01-10,2021011003016981,NRIC,43,25,100,"1,550.00","155,000.00"
2021-01-10,2021011003017024,NRIC,57,38,30,"1,557.00","46,710.00"
2021-01-10,2021011003017023,NRIC,57,3,290,"1,556.00","451,240.00"
2021-01-10,2021011003017022,NRIC,57,19,40,"1,555.00","62,200.00"
2021-01-10,2021011003017021,NRIC,57,35,200,"1,555.00","311,000.00"
2021-01-10,2021011003017020,NRIC,57,22,40,"1,555.00","62,200.00"
2021-01-10,2021011003016987,NRIC,28,45,100,"1,552.00","155,200.00"
2021-01-10,2021011003017196,NRN,19,57,10,359.00,"3,590.00"
2021-01-10,2021011003017173,NRN,49,50,10,360.00,"3,600.00"
2021-01-10,2021011003017172,NRN,49,45,10,360.00,"3,600.00"
2021-01-10,2021011003017107,NRN,19,16,10,359.00,"3,590.00"
2021-01-10,2021011003016907,NRN,45,34,10,360.00,"3,600.00"
2021-01-10,2021011003016773,NRN,32,41,35,360.00,"12,600.00"
2021-01-10,2021011003016772,NRN,26,41,15,360.00,"5,400.00"
2021-01-10,2021011003016755,NRN,32,16,10,360.00,"3,600.00"
2021-01-10,2021011003016745,NRN,32,50,10,360.00,"3,600.00"
2021-01-10,2021011003017209,NTC,34,38,110,"1,252.00","137,720.00"
2021-01-10,2021011003017208,NTC,34,49,55,"1,250.00","68,750.00"
2021-01-10,2021011003017207,NTC,34,55,50,"1,250.00","62,500.00"
2021-01-10,2021011003017206,NTC,34,3,50,"1,247.00","62,350.00"
2021-01-10,2021011003017205,NTC,34,58,100,"1,247.00","124,700.00"
2021-01-10,2021011003017145,NTC,11,48,50,"1,244.00","62,200.00"
2021-01-10,2021011003016738,NTC,34,19,300,"1,249.00","374,700.00"
2021-01-10,2021011003016737,NTC,25,19,50,"1,249.00","62,450.00"
2021-01-10,2021011003016736,NTC,32,19,50,"1,249.00","62,450.00"
2021-01-10,2021011003016735,NTC,45,19,131,"1,250.00","163,750.00"
2021-01-10,2021011003016732,NTC,45,6,50,"1,250.00","62,500.00"
2021-01-10,2021011003016729,NTC,28,38,200,"1,252.00","250,400.00"
2021-01-10,2021011003016797,NTC,50,52,200,"1,248.00","249,600.00"
2021-01-10,2021011003016796,NTC,34,52,100,"1,248.00","124,800.00"
2021-01-10,2021011003016795,NTC,58,52,200,"1,248.00","249,600.00"
2021-01-10,2021011003016794,NTC,57,52,20,"1,249.00","24,980.00"
2021-01-10,2021011003016788,NTC,52,55,50,"1,250.00","62,500.00"
2021-01-10,2021011003016739,NTC,19,19,25,"1,249.00","31,225.00"
2021-01-10,2021011003016803,NTC,55,52,500,"1,247.00","623,500.00"
2021-01-10,2021011003016802,NTC,57,52,50,"1,247.00","62,350.00"
2021-01-10,2021011003016801,NTC,49,52,50,"1,247.00","62,350.00"
2021-01-10,2021011003016800,NTC,48,52,99,"1,247.00","123,453.00"
2021-01-10,2021011003016799,NTC,38,52,50,"1,248.00","62,400.00"
2021-01-10,2021011003016798,NTC,1,52,400,"1,248.00","499,200.00"
2021-01-10,2021011003016817,NTC,6,50,50,"1,247.00","62,350.00"
2021-01-10,2021011003016811,NTC,44,50,"4,969","1,247.00","6,196,343.00"
2021-01-10,2021011003016807,NTC,44,52,31,"1,247.00","38,657.00"
2021-01-10,2021011003016806,NTC,49,52,100,"1,247.00","124,700.00"
2021-01-10,2021011003016805,NTC,58,52,100,"1,247.00","124,700.00"
2021-01-10,2021011003016804,NTC,58,52,100,"1,247.00","124,700.00"
2021-01-10,2021011003016825,NTC,43,25,20,"1,246.00","24,920.00"
2021-01-10,2021011003016824,NTC,38,25,100,"1,246.00","124,600.00"
2021-01-10,2021011003016823,NTC,53,25,300,"1,246.00","373,800.00"
2021-01-10,2021011003016822,NTC,49,25,60,"1,246.00","74,760.00"
2021-01-10,2021011003016821,NTC,37,25,500,"1,246.00","623,000.00"
2021-01-10,2021011003016820,NTC,49,50,100,"1,247.00","124,700.00"
2021-01-10,2021011003016831,NTC,55,25,80,"1,245.00","99,600.00"
2021-01-10,2021011003016830,NTC,50,25,20,"1,245.00","24,900.00"
2021-01-10,2021011003016829,NTC,4,25,100,"1,245.00","124,500.00"
2021-01-10,2021011003016828,NTC,45,25,50,"1,245.00","62,250.00"
2021-01-10,2021011003016827,NTC,1,25,10,"1,245.00","12,450.00"
2021-01-10,2021011003016826,NTC,51,25,150,"1,245.00","186,750.00"
2021-01-10,2021011003016837,NTC,33,25,50,"1,245.00","62,250.00"
2021-01-10,2021011003016836,NTC,45,25,15,"1,245.00","18,675.00"
2021-01-10,2021011003016835,NTC,57,25,20,"1,245.00","24,900.00"
2021-01-10,2021011003016834,NTC,34,25,"3,000","1,245.00","3,735,000.00"
2021-01-10,2021011003016833,NTC,34,25,200,"1,245.00","249,000.00"
2021-01-10,2021011003016832,NTC,28,25,200,"1,245.00","249,000.00"
2021-01-10,2021011003016875,NTC,16,50,102,"1,247.00","127,194.00"
2021-01-10,2021011003016872,NTC,29,16,40,"1,244.00","49,760.00"
2021-01-10,2021011003016842,NTC,53,50,50,"1,247.00","62,350.00"
2021-01-10,2021011003016840,NTC,29,25,10,"1,244.00","12,440.00"
2021-01-10,2021011003016839,NTC,42,25,15,"1,244.00","18,660.00"
2021-01-10,2021011003016838,NTC,49,25,100,"1,245.00","124,500.00"
2021-01-10,2021011003016917,NTC,38,52,50,"1,243.00","62,150.00"
2021-01-10,2021011003016916,NTC,57,52,50,"1,243.00","62,150.00"
2021-01-10,2021011003016915,NTC,19,52,50,"1,243.00","62,150.00"
2021-01-10,2021011003016914,NTC,47,52,30,"1,243.00","37,290.00"
2021-01-10,2021011003016913,NTC,3,52,100,"1,244.00","124,400.00"
2021-01-10,2021011003016902,NTC,57,50,100,"1,247.00","124,700.00"
2021-01-10,2021011003016923,NTC,38,52,150,"1,240.00","186,000.00"
2021-01-10,2021011003016922,NTC,34,52,30,"1,240.00","37,200.00"
2021-01-10,2021011003016921,NTC,37,52,350,"1,240.00","434,000.00"
2021-01-10,2021011003016920,NTC,37,52,350,"1,240.00","434,000.00"
2021-01-10,2021011003016919,NTC,50,52,20,"1,241.00","24,820.00"
2021-01-10,2021011003016918,NTC,34,52,100,"1,242.00","124,200.00"
2021-01-10,2021011003016929,NTC,1,52,20,"1,240.00","24,800.00"
2021-01-10,2021011003016928,NTC,35,52,50,"1,240.00","62,000.00"
2021-01-10,2021011003016927,NTC,45,52,300,"1,240.00","372,000.00"
2021-01-10,2021011003016926,NTC,56,52,50,"1,240.00","62,000.00"
2021-01-10,2021011003016925,NTC,51,52,10,"1,240.00","12,400.00"
2021-01-10,2021011003016924,NTC,3,52,200,"1,240.00","248,000.00"
2021-01-10,2021011003017144,NTC,32,48,50,"1,244.00","62,200.00"
2021-01-10,2021011003017109,NTC,4,3,200,"1,242.00","248,400.00"
2021-01-10,2021011003017096,NTC,52,52,"5,000","1,239.00","6,195,000.00"
2021-01-10,2021011003017011,NTC,34,21,150,"1,240.00","186,000.00"
2021-01-10,2021011003016931,NTC,34,52,590,"1,240.00","731,600.00"
2021-01-10,2021011003016930,NTC,35,52,500,"1,240.00","620,000.00"
2021-01-10,2021011003017154,NUBL,49,40,57,"1,310.00","74,670.00"
2021-01-10,2021011003017153,NUBL,14,40,20,"1,310.00","26,200.00"
2021-01-10,2021011003017152,NUBL,32,40,30,"1,310.00","39,300.00"
2021-01-10,2021011003017151,NUBL,45,40,36,"1,310.00","47,160.00"
2021-01-10,2021011003017076,NUBL,36,52,380,"1,310.00","497,800.00"
2021-01-10,2021011003017030,NUBL,45,45,14,"1,310.00","18,340.00"
2021-01-10,2021011003016876,NUBL,44,14,275,"1,310.00","360,250.00"
2021-01-10,2021011003016874,NUBL,44,6,100,"1,310.00","131,000.00"
2021-01-10,2021011003016867,NUBL,49,35,200,"1,314.00","262,800.00"
2021-01-10,2021011003016866,NUBL,49,37,100,"1,313.00","131,300.00"
2021-01-10,2021011003016790,NUBL,44,7,50,"1,310.00","65,500.00"
2021-01-10,2021011003017029,NUBL,1,45,100,"1,310.00","131,000.00"
2021-01-10,2021011003017028,NUBL,35,45,66,"1,310.00","86,460.00"
2021-01-10,2021011003017018,NUBL,35,36,79,"1,310.00","103,490.00"
2021-01-10,2021011003017017,NUBL,34,36,91,"1,310.00","119,210.00"
2021-01-10,2021011003016960,NUBL,35,41,30,"1,310.00","39,300.00"
2021-01-10,2021011003016877,NUBL,35,14,125,"1,310.00","163,750.00"
2021-01-10,2021011003016789,PFL,51,49,200,187.00,"37,400.00"
2021-01-10,2021011003016754,PFL,59,19,24,186.00,"4,464.00"
2021-01-10,2021011003017010,PLIC,50,58,200,767.00,"153,400.00"
2021-01-10,2021011003017106,PROFL,19,22,907,132.00,"119,724.00"
2021-01-10,2021011003017105,PROFL,19,25,240,132.00,"31,680.00"
2021-01-10,2021011003017104,PROFL,19,34,500,132.00,"66,000.00"
2021-01-10,2021011003017103,PROFL,19,45,105,132.00,"13,860.00"
2021-01-10,2021011003017032,PROFL,19,45,595,132.00,"78,540.00"
2021-01-10,2021011003017031,PROFL,19,16,405,132.00,"53,460.00"
2021-01-10,2021011003017174,RLI,55,43,10,619.00,"6,190.00"
2021-01-10,2021011003017101,RLI,55,13,10,619.00,"6,190.00"
2021-01-10,2021011003017005,RLI,55,16,10,619.00,"6,190.00"
2021-01-10,2021011003016908,RLI,48,49,10,619.00,"6,190.00"
2021-01-10,2021011003016891,RLI,48,3,10,619.00,"6,190.00"
2021-01-10,2021011003016888,RLI,57,48,30,620.00,"18,600.00"
2021-01-10,2021011003016863,RLI,48,56,10,619.00,"6,190.00"
2021-01-10,2021011003016792,RLI,48,52,10,619.00,"6,190.00"
2021-01-10,2021011003016785,RLI,16,48,10,620.00,"6,200.00"
2021-01-10,2021011003016740,RLI,48,50,60,619.00,"37,140.00"
2021-01-10,2021011003016898,RMDC,49,19,100,"1,182.00","118,200.00"
2021-01-10,2021011003016897,RMDC,49,19,100,"1,184.00","118,400.00"
2021-01-10,2021011003017187,RSDC,34,33,200,621.00,"124,200.00"
2021-01-10,2021011003017012,RSDC,3,33,21,621.00,"13,041.00"
2021-01-10,2021011003016959,RSDC,34,3,21,620.00,"13,020.00"
2021-01-10,2021011003016943,RSDC,34,45,20,620.00,"12,400.00"
2021-01-10,2021011003016942,RSDC,34,19,100,620.00,"62,000.00"
2021-01-10,2021011003016941,RSDC,34,44,500,620.00,"310,000.00"
2021-01-10,2021011003016911,RSDC,55,41,10,619.00,"6,190.00"
2021-01-10,2021011003016910,RSDC,55,57,30,619.00,"18,570.00"
2021-01-10,2021011003016841,RSDC,34,36,100,619.00,"61,900.00"
2021-01-10,2021011003016940,RSDC,34,17,200,620.00,"124,000.00"
2021-01-10,2021011003016939,RSDC,34,53,30,620.00,"18,600.00"
2021-01-10,2021011003016938,RSDC,34,57,766,620.00,"474,920.00"
2021-01-10,2021011003016937,RSDC,34,39,"1,629",620.00,"1,009,980.00"
2021-01-10,2021011003016936,RSDC,34,57,57,619.00,"35,283.00"
2021-01-10,2021011003016912,RSDC,55,57,43,619.00,"26,617.00"
2021-01-10,2021011003017099,SABSL,54,57,11,"1,112.00","12,232.00"
2021-01-10,2021011003017098,SABSL,54,16,50,"1,112.00","55,600.00"
2021-01-10,2021011003016989,SABSL,54,47,11,"1,110.00","12,210.00"
2021-01-10,2021011003016988,SABSL,54,19,10,"1,110.00","11,100.00"
2021-01-10,2021011003016906,SABSL,22,58,11,"1,099.00","12,089.00"
2021-01-10,2021011003017009,SADBL,34,5,100,191.00,"19,100.00"
2021-01-10,2021011003016783,SADBL,32,5,250,191.00,"47,750.00"
2021-01-10,2021011003016782,SADBL,32,29,450,191.00,"85,950.00"
2021-01-10,2021011003017162,SAPDBL,10,6,15,149.00,"2,235.00"
2021-01-10,2021011003017155,SDLBSL,3,3,10,"1,114.00","11,140.00"
2021-01-10,2021011003016901,SDLBSL,51,16,10,"1,101.00","11,010.00"
2021-01-10,2021011003016893,SDLBSL,51,38,10,"1,101.00","11,010.00"
2021-01-10,2021011003016734,SDLBSL,58,6,60,"1,110.00","66,600.00"
2021-01-10,2021011003016995,SEF,17,1,"1,000",10.60,"10,600.00"
2021-01-10,2021011003017102,SFCL,57,6,500,133.00,"66,500.00"
2021-01-10,2021011003017087,SHINE,38,19,100,247.00,"24,700.00"
2021-01-10,2021011003016756,SHINE,53,45,100,248.00,"24,800.00"
2021-01-10,2021011003016749,SLBBL,56,32,80,"1,190.00","95,200.00"
2021-01-10,2021011003017077,SLBS,34,10,49,"1,340.00","65,660.00"
2021-01-10,2021011003016871,SLBS,46,14,30,"1,344.00","40,320.00"
2021-01-10,2021011003016993,SLICL,58,39,50,697.00,"34,850.00"
2021-01-10,2021011003016992,SLICL,56,39,500,697.00,"348,500.00"
2021-01-10,2021011003016991,SLICL,28,39,200,698.00,"139,600.00"
2021-01-10,2021011003016990,SLICL,11,39,50,699.00,"34,950.00"
2021-01-10,2021011003017006,SMFDB,41,44,"1,000","1,040.00","1,040,000.00"
2021-01-10,2021011003016809,SMFDB,56,45,100,"1,032.00","103,200.00"
2021-01-10,2021011003017159,STC,38,49,10,"6,965.00","69,650.00"
2021-01-10,2021011003017157,STC,28,49,30,"6,965.00","208,950.00"
2021-01-10,2021011003016781,STC,56,7,10,"6,988.00","69,880.00"
2021-01-10,2021011003016780,STC,56,53,10,"6,980.00","69,800.00"
2021-01-10,2021011003016890,UFL,16,14,100,262.00,"26,200.00"
2021-01-10,2021011003016889,UFL,16,52,100,262.00,"26,200.00"
2021-01-10,2021011003017097,USLB,44,13,22,"1,386.00","30,492.00"
2021-01-10,2021011003016850,VLBS,10,38,100,"1,118.00","111,800.00"
2021-01-10,2021011003016620,ACLBSL,26,49,10,811.00,"8,110.00"
2021-01-10,2021011003016334,ACLBSL,26,49,10,811.00,"8,110.00"
2021-01-10,2021011003016500,ALBSL,47,58,100,"1,261.00","126,100.00"
2021-01-10,2021011003016566,ALICL,5,38,50,957.00,"47,850.00"
2021-01-10,2021011003016415,ALICL,48,45,385,956.00,"368,060.00"
2021-01-10,2021011003016414,ALICL,57,45,100,956.00,"95,600.00"
2021-01-10,2021011003016413,ALICL,57,45,11,956.00,"10,516.00"
2021-01-10,2021011003016412,ALICL,41,45,100,956.00,"95,600.00"
2021-01-10,2021011003016411,ALICL,38,45,500,956.00,"478,000.00"
2021-01-10,2021011003016410,ALICL,19,45,100,958.00,"95,800.00"
2021-01-10,2021011003016409,ALICL,57,45,200,958.00,"191,600.00"
2021-01-10,2021011003016408,ALICL,45,45,10,959.00,"9,590.00"
2021-01-10,2021011003016407,ALICL,32,45,100,959.00,"95,900.00"
2021-01-10,2021011003016406,ALICL,1,45,88,959.00,"84,392.00"
2021-01-10,2021011003016278,ALICL,59,34,100,960.00,"96,000.00"
2021-01-10,2021011003016532,BBC,56,35,50,"2,790.00","139,500.00"
2021-01-10,2021011003016454,BFC,10,1,100,139.00,"13,900.00"
2021-01-10,2021011003016321,BFC,42,34,140,138.00,"19,320.00"
2021-01-10,2021011003016320,BFC,39,34,60,138.00,"8,280.00"
2021-01-10,2021011003016424,CBBL,17,39,18,"1,230.00","22,140.00"
2021-01-10,2021011003016598,CFCL,16,10,10,174.00,"1,740.00"
2021-01-10,2021011003016349,CFCL,16,22,449,174.00,"78,126.00"
2021-01-10,2021011003016599,CIT,6,44,30,"3,451.00","103,530.00"
2021-01-10,2021011003016529,CIT,41,55,88,"3,450.00","303,600.00"
2021-01-10,2021011003016528,CIT,33,55,10,"3,450.00","34,500.00"
2021-01-10,2021011003016527,CIT,38,55,10,"3,450.00","34,500.00"
2021-01-10,2021011003016526,CIT,37,55,10,"3,450.00","34,500.00"
2021-01-10,2021011003016525,CIT,17,55,10,"3,450.00","34,500.00"
2021-01-10,2021011003016214,CIT,42,33,11,"3,452.00","37,972.00"
2021-01-10,2021011003016524,CIT,6,55,100,"3,451.00","345,100.00"
2021-01-10,2021011003016523,CIT,7,55,100,"3,451.00","345,100.00"
2021-01-10,2021011003016522,CIT,42,55,62,"3,451.00","213,962.00"
2021-01-10,2021011003016521,CIT,1,55,10,"3,452.00","34,520.00"
2021-01-10,2021011003016520,CIT,55,55,50,"3,452.00","172,600.00"
2021-01-10,2021011003016519,CIT,21,55,50,"3,452.00","172,600.00"
2021-01-10,2021011003016689,CLBSL,5,17,100,938.00,"93,800.00"
2021-01-10,2021011003016677,CLBSL,41,1,20,931.00,"18,620.00"
2021-01-10,2021011003016211,CLBSL,6,44,23,930.00,"21,390.00"
2021-01-10,2021011003016358,CMF1,7,4,"29,600",10.06,"297,776.00"
2021-01-10,2021011003016367,CORBL,25,34,95,257.00,"24,415.00"
2021-01-10,2021011003016366,CORBL,25,34,205,257.00,"52,685.00"
2021-01-10,2021011003016653,DDBL,52,55,20,"1,471.00","29,420.00"
2021-01-10,2021011003016593,DDBL,45,7,101,"1,467.00","148,167.00"
2021-01-10,2021011003016592,DDBL,50,7,100,"1,468.00","146,800.00"
2021-01-10,2021011003016591,DDBL,11,7,50,"1,468.00","73,400.00"
2021-01-10,2021011003016590,DDBL,57,7,135,"1,470.00","198,450.00"
2021-01-10,2021011003016283,DDBL,28,54,3,"1,468.00","4,404.00"
2021-01-10,2021011003016282,DDBL,28,41,97,"1,468.00","142,396.00"
2021-01-10,2021011003016281,DDBL,49,41,17,"1,468.00","24,956.00"
2021-01-10,2021011003016280,DDBL,42,41,35,"1,468.00","51,380.00"
2021-01-10,2021011003016611,EDBL,39,59,18,362.00,"6,516.00"
2021-01-10,2021011003016610,EDBL,39,19,30,362.00,"10,860.00"
2021-01-10,2021011003016609,EDBL,39,4,52,362.00,"18,824.00"
2021-01-10,2021011003016541,EDBL,41,4,35,362.00,"12,670.00"
2021-01-10,2021011003016540,EDBL,41,25,15,362.00,"5,430.00"
2021-01-10,2021011003016539,EDBL,41,50,50,361.00,"18,050.00"
2021-01-10,2021011003016450,FMDBL,41,6,50,610.00,"30,500.00"
2021-01-10,2021011003016449,FMDBL,41,26,100,609.00,"60,900.00"
2021-01-10,2021011003016404,FMDBL,3,54,300,606.00,"181,800.00"
2021-01-10,2021011003016277,FMDBL,45,54,200,607.00,"121,400.00"
2021-01-10,2021011003016562,FOWAD,54,49,26,"2,310.00","60,060.00"
2021-01-10,2021011003016561,FOWAD,54,40,25,"2,310.00","57,750.00"
2021-01-10,2021011003016560,FOWAD,54,39,15,"2,308.00","34,620.00"
2021-01-10,2021011003016690,GBBL,32,35,100,323.00,"32,300.00"
2021-01-10,2021011003016597,GBBL,13,35,106,323.00,"34,238.00"
2021-01-10,2021011003016596,GBBL,13,34,194,323.00,"62,662.00"
2021-01-10,2021011003016676,GBLBS,26,50,15,609.00,"9,135.00"
2021-01-10,2021011003016615,GBLBS,58,51,5,610.00,"3,050.00"
