Date,Transact. No.,Symbol,Buyer,Seller,Quantity,Rate,Amount
2019-08-04,2019080401007737,ADBL,58,17,76,437.00,"33,212.00"
2019-08-04,2019080401007736,ADBL,58,54,24,437.00,"10,488.00"
2019-08-04,2019080401007553,ADBL,34,19,200,436.00,"87,200.00"
2019-08-04,2019080401007552,ADBL,34,56,12,436.00,"5,232.00"
2019-08-04,2019080401007551,ADBL,34,39,200,436.00,"87,200.00"
2019-08-04,2019080401007550,ADBL,34,5,512,436.00,"223,232.00"
2019-08-04,2019080401007507,ADBL,7,53,100,435.00,"43,500.00"
2019-08-04,2019080401007506,ADBL,45,53,100,435.00,"43,500.00"
2019-08-04,2019080401007450,ADBL,45,57,30,435.00,"13,050.00"
2019-08-04,2019080401007427,ADBL,58,5,100,436.00,"43,600.00"
2019-08-04,2019080401007332,ADBL,45,17,100,435.00,"43,500.00"
2019-08-04,2019080401007728,AKPL,5,58,13,171.00,"2,223.00"
2019-08-04,2019080401007760,ALBSL,19,25,70,496.00,"34,720.00"
2019-08-04,2019080401007759,ALBSL,58,25,30,496.00,"14,880.00"
2019-08-04,2019080401007741,ALBSL,52,57,10,500.00,"5,000.00"
2019-08-04,2019080401007735,ALBSL,25,57,10,500.00,"5,000.00"
2019-08-04,2019080401007726,ALBSL,58,16,10,496.00,"4,960.00"
2019-08-04,2019080401007312,ALBSL,47,51,240,496.00,"119,040.00"
2019-08-04,2019080401007311,ALBSL,46,51,10,497.00,"4,970.00"
2019-08-04,2019080401007303,ALBSL,25,41,20,500.00,"10,000.00"
2019-08-04,2019080401007281,ALBSL,46,40,10,497.00,"4,970.00"
2019-08-04,2019080401007372,ALBSL,14,37,100,493.00,"49,300.00"
2019-08-04,2019080401007371,ALBSL,25,37,200,494.00,"98,800.00"
2019-08-04,2019080401007370,ALBSL,40,37,150,494.00,"74,100.00"
2019-08-04,2019080401007369,ALBSL,25,37,60,495.00,"29,700.00"
2019-08-04,2019080401007368,ALBSL,45,37,20,495.00,"9,900.00"
2019-08-04,2019080401007313,ALBSL,41,51,45,496.00,"22,320.00"
2019-08-04,2019080401007500,ALBSL,53,48,10,496.00,"4,960.00"
2019-08-04,2019080401007456,ALBSL,21,48,20,496.00,"9,920.00"
2019-08-04,2019080401007446,ALBSL,7,37,100,496.00,"49,600.00"
2019-08-04,2019080401007375,ALBSL,25,37,320,491.00,"157,120.00"
2019-08-04,2019080401007374,ALBSL,43,37,100,491.00,"49,100.00"
2019-08-04,2019080401007373,ALBSL,39,37,50,492.00,"24,600.00"
2019-08-04,2019080401007712,ALBSL,58,21,10,496.00,"4,960.00"
2019-08-04,2019080401007711,ALBSL,53,21,130,496.00,"64,480.00"
2019-08-04,2019080401007672,ALBSL,1,57,20,500.00,"10,000.00"
2019-08-04,2019080401007671,ALBSL,1,41,80,500.00,"40,000.00"
2019-08-04,2019080401007624,ALBSL,48,57,10,499.00,"4,990.00"
2019-08-04,2019080401007545,ALBSL,53,34,10,496.00,"4,960.00"
2019-08-04,2019080401007326,API,34,25,370,135.00,"49,950.00"
2019-08-04,2019080401007340,API,25,1,11,137.00,"1,507.00"
2019-08-04,2019080401007329,API,46,25,130,135.00,"17,550.00"
2019-08-04,2019080401007328,API,22,25,"1,000",135.00,"135,000.00"
2019-08-04,2019080401007327,API,41,25,500,135.00,"67,500.00"
2019-08-04,2019080401007579,BARUN,1,34,10,89.00,890.00
2019-08-04,2019080401007410,BARUN,1,53,742,89.00,"66,038.00"
2019-08-04,2019080401007409,BARUN,56,53,90,89.00,"8,010.00"
2019-08-04,2019080401007637,BPCL,51,21,84,402.00,"33,768.00"
2019-08-04,2019080401007636,BPCL,44,21,39,402.00,"15,678.00"
2019-08-04,2019080401007635,BPCL,41,21,100,402.00,"40,200.00"
2019-08-04,2019080401007634,BPCL,26,21,179,402.00,"71,958.00"
2019-08-04,2019080401007589,BPCL,41,34,95,403.00,"38,285.00"
2019-08-04,2019080401007588,BPCL,41,49,13,403.00,"5,239.00"
2019-08-04,2019080401007279,BPCL,26,57,10,402.00,"4,020.00"
2019-08-04,2019080401007685,CBBL,46,38,26,"1,011.00","26,286.00"
2019-08-04,2019080401007582,CBBL,18,11,100,"1,012.00","101,200.00"
2019-08-04,2019080401007581,CBBL,18,45,76,"1,012.00","76,912.00"
2019-08-04,2019080401007505,CBBL,50,19,100,"1,010.00","101,000.00"
2019-08-04,2019080401007463,CBBL,4,45,324,"1,012.00","327,888.00"
2019-08-04,2019080401007294,CBBL,39,53,220,"1,009.00","221,980.00"
2019-08-04,2019080401007422,CBBL,50,51,370,"1,010.00","373,700.00"
2019-08-04,2019080401007392,CBBL,56,13,100,"1,009.00","100,900.00"
2019-08-04,2019080401007390,CBBL,4,34,150,"1,007.00","151,050.00"
2019-08-04,2019080401007365,CBBL,26,34,150,"1,007.00","151,050.00"
2019-08-04,2019080401007339,CBBL,56,51,50,"1,010.00","50,500.00"
2019-08-04,2019080401007338,CBBL,56,22,150,"1,010.00","151,500.00"
2019-08-04,2019080401007426,CBBL,50,21,15,"1,010.00","15,150.00"
2019-08-04,2019080401007425,CBBL,50,11,100,"1,010.00","101,000.00"
2019-08-04,2019080401007424,CBBL,50,41,100,"1,010.00","101,000.00"
2019-08-04,2019080401007423,CBBL,50,56,100,"1,010.00","101,000.00"
2019-08-04,2019080401007462,CBBL,4,13,45,"1,012.00","45,540.00"
2019-08-04,2019080401007461,CBBL,4,38,50,"1,012.00","50,600.00"
2019-08-04,2019080401007460,CBBL,4,53,50,"1,012.00","50,600.00"
2019-08-04,2019080401007459,CBBL,4,55,100,"1,012.00","101,200.00"
2019-08-04,2019080401007458,CBBL,4,44,50,"1,011.00","50,550.00"
2019-08-04,2019080401007758,CBL,35,22,200,152.00,"30,400.00"
2019-08-04,2019080401007734,CBL,35,13,200,152.00,"30,400.00"
2019-08-04,2019080401007546,CBL,59,28,40,153.00,"6,120.00"
2019-08-04,2019080401007567,CCBL,56,49,500,170.00,"85,000.00"
2019-08-04,2019080401007566,CCBL,51,49,100,170.00,"17,000.00"
2019-08-04,2019080401007565,CCBL,38,49,100,170.00,"17,000.00"
2019-08-04,2019080401007673,CHCL,6,58,185,510.00,"94,350.00"
2019-08-04,2019080401007740,CIT,33,45,49,"2,430.00","119,070.00"
2019-08-04,2019080401007655,CIT,33,10,80,"2,430.00","194,400.00"
2019-08-04,2019080401007549,CLBSL,52,54,50,561.00,"28,050.00"
2019-08-04,2019080401007537,CLBSL,52,6,28,561.00,"15,708.00"
2019-08-04,2019080401007536,CLBSL,52,58,50,560.00,"28,000.00"
2019-08-04,2019080401007487,CLBSL,6,58,10,560.00,"5,600.00"
2019-08-04,2019080401007267,CLBSL,46,48,11,551.00,"6,061.00"
2019-08-04,2019080401007632,DBBL,32,48,50,144.00,"7,200.00"
2019-08-04,2019080401007269,DDBL,58,53,10,794.00,"7,940.00"
2019-08-04,2019080401007316,EBL,28,39,60,660.00,"39,600.00"
2019-08-04,2019080401007315,EBL,28,26,55,660.00,"36,300.00"
2019-08-04,2019080401007654,EDBL,56,59,120,285.00,"34,200.00"
2019-08-04,2019080401007653,EDBL,11,59,50,286.00,"14,300.00"
2019-08-04,2019080401007652,EDBL,42,59,30,286.00,"8,580.00"
2019-08-04,2019080401007743,FMDBL,34,38,80,394.00,"31,520.00"
2019-08-04,2019080401007742,FMDBL,58,38,50,394.00,"19,700.00"
2019-08-04,2019080401007709,FMDBL,43,38,47,394.00,"18,518.00"
2019-08-04,2019080401007708,FMDBL,4,38,50,395.00,"19,750.00"
2019-08-04,2019080401007707,FMDBL,45,38,18,395.00,"7,110.00"
2019-08-04,2019080401007407,FMDBL,16,38,59,396.00,"23,364.00"
2019-08-04,2019080401007406,FMDBL,19,38,22,396.00,"8,712.00"
2019-08-04,2019080401007333,FMDBL,19,38,50,396.00,"19,800.00"
2019-08-04,2019080401007751,FOWAD,7,43,65,"1,425.00","92,625.00"
2019-08-04,2019080401007702,FOWAD,42,56,80,"1,420.00","113,600.00"
2019-08-04,2019080401007701,FOWAD,1,56,20,"1,420.00","28,400.00"
2019-08-04,2019080401007700,FOWAD,40,56,15,"1,420.00","21,300.00"
2019-08-04,2019080401007699,FOWAD,32,56,25,"1,421.00","35,525.00"
2019-08-04,2019080401007395,FOWAD,32,50,100,"1,421.00","142,100.00"
2019-08-04,2019080401007271,FOWAD,56,51,31,"1,421.00","44,051.00"
2019-08-04,2019080401007752,GBBL,21,33,"1,241",224.00,"277,984.00"
2019-08-04,2019080401007683,GBLBS,33,14,87,392.00,"34,104.00"
2019-08-04,2019080401007682,GBLBS,42,14,200,392.00,"78,400.00"
2019-08-04,2019080401007681,GBLBS,52,14,163,393.00,"64,059.00"
2019-08-04,2019080401007680,GBLBS,57,14,50,395.00,"19,750.00"
2019-08-04,2019080401007649,GBLBS,17,17,49,392.00,"19,208.00"
2019-08-04,2019080401007648,GBLBS,22,17,491,392.00,"192,472.00"
2019-08-04,2019080401007280,GBLBS,19,19,200,392.00,"78,400.00"
2019-08-04,2019080401007431,GBLBS,22,14,309,392.00,"121,128.00"
2019-08-04,2019080401007399,GBLBS,22,43,100,392.00,"39,200.00"
2019-08-04,2019080401007398,GBLBS,33,43,100,392.00,"39,200.00"
2019-08-04,2019080401007307,GBLBS,44,6,"1,185",391.00,"463,335.00"
2019-08-04,2019080401007292,GBLBS,44,42,500,391.00,"195,500.00"
2019-08-04,2019080401007291,GBLBS,19,19,250,392.00,"98,000.00"
2019-08-04,2019080401007647,GBLBS,57,17,30,393.00,"11,790.00"
2019-08-04,2019080401007646,GBLBS,44,17,40,396.00,"15,840.00"
2019-08-04,2019080401007521,GBLBS,52,49,35,397.00,"13,895.00"
2019-08-04,2019080401007520,GBLBS,52,34,125,397.00,"49,625.00"
2019-08-04,2019080401007519,GBLBS,52,43,40,396.00,"15,840.00"
2019-08-04,2019080401007442,GBLBS,22,48,100,392.00,"39,200.00"
2019-08-04,2019080401007703,GDBL,32,49,92,211.00,"19,412.00"
2019-08-04,2019080401007577,GDBL,32,33,691,211.00,"145,801.00"
2019-08-04,2019080401007576,GDBL,39,33,"1,279",211.00,"269,869.00"
2019-08-04,2019080401007575,GDBL,1,33,69,211.00,"14,559.00"
2019-08-04,2019080401007350,GILB,34,34,2,745.00,"1,490.00"
2019-08-04,2019080401007555,GLBSL,35,59,10,579.00,"5,790.00"
2019-08-04,2019080401007503,GLBSL,35,34,30,590.00,"17,700.00"
2019-08-04,2019080401007405,GLBSL,50,43,10,586.00,"5,860.00"
2019-08-04,2019080401007404,GLBSL,50,51,10,584.00,"5,840.00"
2019-08-04,2019080401007403,GLBSL,50,42,200,583.00,"116,600.00"
2019-08-04,2019080401007402,GLBSL,50,34,100,582.00,"58,200.00"
2019-08-04,2019080401007401,GLBSL,50,16,30,581.00,"17,430.00"
2019-08-04,2019080401007273,GLBSL,6,26,100,575.00,"57,500.00"
2019-08-04,2019080401007762,GLICL,33,35,100,461.00,"46,100.00"
2019-08-04,2019080401007761,GLICL,33,43,151,460.00,"69,460.00"
2019-08-04,2019080401007744,GMFBS,34,54,10,613.00,"6,130.00"
2019-08-04,2019080401007717,GMFBS,34,38,10,613.00,"6,130.00"
2019-08-04,2019080401007710,GMFBS,34,54,10,613.00,"6,130.00"
2019-08-04,2019080401007643,GMFBS,11,54,10,615.00,"6,150.00"
2019-08-04,2019080401007640,GMFBS,11,59,10,615.00,"6,150.00"
2019-08-04,2019080401007621,GMFBS,29,34,15,618.00,"9,270.00"
2019-08-04,2019080401007278,GMFBS,11,38,10,615.00,"6,150.00"
2019-08-04,2019080401007583,GMFBS,29,7,60,618.00,"37,080.00"
2019-08-04,2019080401007554,GMFBS,29,59,10,618.00,"6,180.00"
2019-08-04,2019080401007516,GMFBS,29,13,10,618.00,"6,180.00"
2019-08-04,2019080401007483,GMFBS,29,55,45,618.00,"27,810.00"
2019-08-04,2019080401007479,GMFBS,29,38,10,618.00,"6,180.00"
2019-08-04,2019080401007305,GMFBS,10,26,134,618.00,"82,812.00"
2019-08-04,2019080401007592,GRDBL,22,33,220,110.00,"24,200.00"
2019-08-04,2019080401007591,GRDBL,1,33,500,111.00,"55,500.00"
2019-08-04,2019080401007571,GRDBL,1,50,100,111.00,"11,100.00"
2019-08-04,2019080401007659,HDL,38,33,240,"1,575.00","378,000.00"
2019-08-04,2019080401007658,HDL,38,33,50,"1,575.00","78,750.00"
2019-08-04,2019080401007657,HDL,38,33,50,"1,575.00","78,750.00"
2019-08-04,2019080401007656,HDL,38,33,20,"1,575.00","31,500.00"
2019-08-04,2019080401007558,HDL,38,19,80,"1,575.00","126,000.00"
2019-08-04,2019080401007484,HDL,19,19,20,"1,580.00","31,600.00"
2019-08-04,2019080401007517,HIDCL,26,42,55,155.00,"8,525.00"
2019-08-04,2019080401007421,HURJA,48,55,20,136.00,"2,720.00"
2019-08-04,2019080401007420,HURJA,11,55,80,136.00,"10,880.00"
2019-08-04,2019080401007738,ILBS,52,41,60,507.00,"30,420.00"
2019-08-04,2019080401007468,ILBS,18,18,10,517.00,"5,170.00"
2019-08-04,2019080401007367,ILBS,39,57,10,510.00,"5,100.00"
2019-08-04,2019080401007366,ILBS,21,56,10,506.00,"5,060.00"
2019-08-04,2019080401007293,ILBS,57,38,10,503.00,"5,030.00"
2019-08-04,2019080401007692,JBBL,46,34,20,160.00,"3,200.00"
2019-08-04,2019080401007290,JFL,28,34,"1,001",192.00,"192,192.00"
2019-08-04,2019080401007289,JFL,28,38,60,192.00,"11,520.00"
2019-08-04,2019080401007288,JFL,28,59,80,192.00,"15,360.00"
2019-08-04,2019080401007287,JFL,28,34,183,191.00,"34,953.00"
2019-08-04,2019080401007275,JFL,28,28,100,190.00,"19,000.00"
2019-08-04,2019080401007274,JFL,28,45,33,189.00,"6,237.00"
2019-08-04,2019080401007578,JSLBB,13,32,50,"1,065.00","53,250.00"
2019-08-04,2019080401007530,JSLBB,13,32,10,"1,049.00","10,490.00"
2019-08-04,2019080401007529,JSLBB,13,34,60,"1,048.00","62,880.00"
2019-08-04,2019080401007504,JSLBB,13,51,50,"1,045.00","52,250.00"
2019-08-04,2019080401007436,JSLBB,13,51,20,"1,026.00","20,520.00"
2019-08-04,2019080401007435,JSLBB,13,48,10,"1,022.00","10,220.00"
2019-08-04,2019080401007729,KBL,7,7,182,215.00,"39,130.00"
2019-08-04,2019080401007642,KBL,6,58,500,214.00,"107,000.00"
2019-08-04,2019080401007457,KBL,11,7,10,215.00,"2,150.00"
2019-08-04,2019080401007397,KBL,6,42,55,214.00,"11,770.00"
2019-08-04,2019080401007360,KBL,6,52,900,214.00,"192,600.00"
2019-08-04,2019080401007362,KRBL,46,22,261,111.00,"28,971.00"
2019-08-04,2019080401007266,LBBL,8,14,257,208.00,"53,456.00"
2019-08-04,2019080401007301,LBBL,8,48,40,208.00,"8,320.00"
2019-08-04,2019080401007300,LBBL,8,14,743,208.00,"154,544.00"
2019-08-04,2019080401007295,LBBL,26,26,1,204.00,204.00
2019-08-04,2019080401007276,LBBL,26,26,1,204.00,204.00
2019-08-04,2019080401007445,LBBL,8,19,275,208.00,"57,200.00"
2019-08-04,2019080401007444,LBBL,8,58,"2,000",208.00,"416,000.00"
2019-08-04,2019080401007443,LBBL,8,55,62,207.00,"12,834.00"
2019-08-04,2019080401007314,LBBL,26,26,1,204.00,204.00
2019-08-04,2019080401007739,LBL,32,34,349,219.00,"76,431.00"
2019-08-04,2019080401007317,LBL,46,34,100,220.00,"22,000.00"
2019-08-04,2019080401007544,LBL,32,37,151,219.00,"33,069.00"
2019-08-04,2019080401007543,LBL,58,37,200,219.00,"43,800.00"
2019-08-04,2019080401007542,LBL,34,37,500,219.00,"109,500.00"
2019-08-04,2019080401007541,LBL,45,37,30,219.00,"6,570.00"
2019-08-04,2019080401007540,LBL,38,37,100,219.00,"21,900.00"
2019-08-04,2019080401007539,LBL,28,37,959,219.00,"210,021.00"
2019-08-04,2019080401007631,LGIL,37,34,310,427.00,"132,370.00"
2019-08-04,2019080401007569,LGIL,37,6,500,427.00,"213,500.00"
2019-08-04,2019080401007666,LICN,25,54,10,"1,160.00","11,600.00"
2019-08-04,2019080401007532,LLBS,18,49,50,780.00,"39,000.00"
2019-08-04,2019080401007535,MBL,38,49,684,263.00,"179,892.00"
2019-08-04,2019080401007534,MBL,14,49,687,263.00,"180,681.00"
2019-08-04,2019080401007334,MBL,58,49,50,264.00,"13,200.00"
2019-08-04,2019080401007599,MEGA,1,34,264,205.00,"54,120.00"
2019-08-04,2019080401007598,MEGA,48,34,300,205.00,"61,500.00"
2019-08-04,2019080401007597,MEGA,36,34,200,205.00,"41,000.00"
2019-08-04,2019080401007596,MEGA,49,34,50,205.00,"10,250.00"
2019-08-04,2019080401007595,MEGA,39,34,186,205.00,"38,130.00"
2019-08-04,2019080401007351,MEGA,58,45,100,206.00,"20,600.00"
2019-08-04,2019080401007587,MERO,45,29,100,539.00,"53,900.00"
2019-08-04,2019080401007474,MERO,6,59,32,540.00,"17,280.00"
2019-08-04,2019080401007473,MERO,54,59,50,542.00,"27,100.00"
2019-08-04,2019080401007472,MERO,45,59,20,542.00,"10,840.00"
2019-08-04,2019080401007471,MERO,52,59,13,542.00,"7,046.00"
2019-08-04,2019080401007470,MERO,4,59,25,543.00,"13,575.00"
2019-08-04,2019080401007663,MHNL,43,59,150,108.00,"16,200.00"
2019-08-04,2019080401007662,MHNL,39,59,855,108.00,"92,340.00"
2019-08-04,2019080401007413,MHNL,48,59,270,110.00,"29,700.00"
2019-08-04,2019080401007412,MHNL,48,51,40,109.00,"4,360.00"
2019-08-04,2019080401007411,MHNL,48,59,190,109.00,"20,710.00"
2019-08-04,2019080401007641,MLBBL,5,33,10,518.00,"5,180.00"
2019-08-04,2019080401007586,MLBBL,22,44,66,512.00,"33,792.00"
2019-08-04,2019080401007341,MLBBL,34,6,100,502.00,"50,200.00"
2019-08-04,2019080401007607,MNBBL,6,44,"2,000",375.00,"750,000.00"
2019-08-04,2019080401007606,MNBBL,28,44,500,375.00,"187,500.00"
2019-08-04,2019080401007605,MNBBL,28,44,431,375.00,"161,625.00"
2019-08-04,2019080401007604,MNBBL,28,44,500,375.00,"187,500.00"
2019-08-04,2019080401007603,MNBBL,6,44,100,375.00,"37,500.00"
2019-08-04,2019080401007602,MNBBL,17,44,13,375.00,"4,875.00"
2019-08-04,2019080401007308,MNBBL,1,35,99,378.00,"37,422.00"
2019-08-04,2019080401007272,MNBBL,1,51,136,377.00,"51,272.00"
2019-08-04,2019080401007452,MNBBL,44,44,"5,000",375.00,"1,875,000.00"
2019-08-04,2019080401007430,MNBBL,1,39,300,377.00,"113,100.00"
2019-08-04,2019080401007601,MNBBL,55,44,200,376.00,"75,200.00"
2019-08-04,2019080401007600,MNBBL,41,44,200,376.00,"75,200.00"
2019-08-04,2019080401007512,MNBBL,1,44,114,377.00,"42,978.00"
2019-08-04,2019080401007502,MNBBL,16,59,49,378.00,"18,522.00"
2019-08-04,2019080401007501,MNBBL,16,35,51,378.00,"19,278.00"
2019-08-04,2019080401007467,MNBBL,49,35,100,378.00,"37,800.00"
2019-08-04,2019080401007724,MPFL,48,45,100,114.00,"11,400.00"
2019-08-04,2019080401007485,MSMBS,33,33,25,550.00,"13,750.00"
2019-08-04,2019080401007358,MSMBS,52,48,22,543.00,"11,946.00"
2019-08-04,2019080401007349,MSMBS,52,34,19,543.00,"10,317.00"
2019-08-04,2019080401007670,NABIL,14,45,452,799.00,"361,148.00"
2019-08-04,2019080401007669,NABIL,22,45,14,800.00,"11,200.00"
2019-08-04,2019080401007497,NABIL,22,17,84,800.00,"67,200.00"
2019-08-04,2019080401007432,NABIL,22,45,38,802.00,"30,476.00"
2019-08-04,2019080401007713,NADEP,58,29,20,485.00,"9,700.00"
2019-08-04,2019080401007518,NADEP,58,17,20,485.00,"9,700.00"
2019-08-04,2019080401007434,NAGRO,6,38,10,867.00,"8,670.00"
2019-08-04,2019080401007748,NBL,32,5,720,335.00,"241,200.00"
2019-08-04,2019080401007747,NBL,32,4,80,335.00,"26,800.00"
2019-08-04,2019080401007617,NBL,38,4,220,335.00,"73,700.00"
2019-08-04,2019080401007616,NBL,38,10,380,335.00,"127,300.00"
2019-08-04,2019080401007614,NBL,25,39,10,334.00,"3,340.00"
2019-08-04,2019080401007613,NBL,34,39,100,334.00,"33,400.00"
2019-08-04,2019080401007478,NBL,57,4,60,334.00,"20,040.00"
2019-08-04,2019080401007477,NBL,45,4,500,334.00,"167,000.00"
2019-08-04,2019080401007476,NBL,45,4,240,334.00,"80,160.00"
2019-08-04,2019080401007400,NBL,53,10,300,335.00,"100,500.00"
2019-08-04,2019080401007612,NBL,57,39,150,334.00,"50,100.00"
2019-08-04,2019080401007611,NBL,44,39,100,334.00,"33,400.00"
2019-08-04,2019080401007610,NBL,57,39,140,334.00,"46,760.00"
2019-08-04,2019080401007594,NBL,38,10,300,335.00,"100,500.00"
2019-08-04,2019080401007580,NBL,38,10,150,335.00,"50,250.00"
2019-08-04,2019080401007559,NBL,38,10,150,335.00,"50,250.00"
2019-08-04,2019080401007668,NCCB,22,50,36,245.00,"8,820.00"
2019-08-04,2019080401007667,NCCB,57,50,20,245.00,"4,900.00"
2019-08-04,2019080401007364,NCCB,58,50,50,245.00,"12,250.00"
2019-08-04,2019080401007330,NCCB,22,50,500,245.00,"122,500.00"
2019-08-04,2019080401007568,NHPC,17,45,360,64.00,"23,040.00"
2019-08-04,2019080401007725,NIB,54,18,100,514.00,"51,400.00"
2019-08-04,2019080401007639,NIB,38,45,20,515.00,"10,300.00"
2019-08-04,2019080401007548,NIB,59,45,443,515.00,"228,145.00"
2019-08-04,2019080401007547,NIB,59,38,57,515.00,"29,355.00"
2019-08-04,2019080401007383,NIB,54,42,146,514.00,"75,044.00"
2019-08-04,2019080401007382,NIB,6,42,118,514.00,"60,652.00"
2019-08-04,2019080401007359,NIB,22,38,38,515.00,"19,570.00"
2019-08-04,2019080401007342,NIB,6,55,60,514.00,"30,840.00"
2019-08-04,2019080401007337,NIB,37,38,100,515.00,"51,500.00"
2019-08-04,2019080401007464,NICA,51,42,100,467.00,"46,700.00"
2019-08-04,2019080401007357,NICA,18,42,10,467.00,"4,670.00"
2019-08-04,2019080401007302,NICA,43,58,110,466.00,"51,260.00"
2019-08-04,2019080401007361,NICGF,50,57,500,10.02,"5,010.00"
2019-08-04,2019080401007608,NICL,54,25,10,352.00,"3,520.00"
2019-08-04,2019080401007438,NICL,35,13,10,352.00,"3,520.00"
2019-08-04,2019080401007437,NICL,14,13,110,352.00,"38,720.00"
2019-08-04,2019080401007439,NICL,28,13,80,351.00,"28,080.00"
2019-08-04,2019080401007574,NIL,28,39,181,482.00,"87,242.00"
2019-08-04,2019080401007573,NIL,18,39,100,482.00,"48,200.00"
2019-08-04,2019080401007572,NIL,42,39,19,483.00,"9,177.00"
2019-08-04,2019080401007716,NLBBL,33,1,70,570.00,"39,900.00"
2019-08-04,2019080401007453,NLBBL,22,26,50,566.00,"28,300.00"
2019-08-04,2019080401007389,NLBBL,22,48,38,566.00,"21,508.00"
2019-08-04,2019080401007388,NLBBL,33,48,62,566.00,"35,092.00"
2019-08-04,2019080401007309,NLBBL,25,42,34,567.00,"19,278.00"
2019-08-04,2019080401007745,NLIC,33,1,63,876.00,"55,188.00"
2019-08-04,2019080401007490,NLIC,44,53,32,875.00,"28,000.00"
2019-08-04,2019080401007489,NLIC,44,53,16,875.00,"14,000.00"
2019-08-04,2019080401007363,NLIC,51,1,100,876.00,"87,600.00"
2019-08-04,2019080401007348,NLIC,35,1,20,876.00,"17,520.00"
2019-08-04,2019080401007347,NLIC,16,1,28,876.00,"24,528.00"
2019-08-04,2019080401007346,NLIC,39,1,400,876.00,"350,400.00"
2019-08-04,2019080401007345,NLIC,41,1,50,876.00,"43,800.00"
2019-08-04,2019080401007344,NLIC,34,1,69,876.00,"60,444.00"
2019-08-04,2019080401007455,NLICL,25,28,15,580.00,"8,700.00"
2019-08-04,2019080401007454,NLICL,34,28,50,581.00,"29,050.00"
2019-08-04,2019080401007336,NLICL,55,43,10,585.00,"5,850.00"
2019-08-04,2019080401007335,NLICL,55,43,35,585.00,"20,475.00"
2019-08-04,2019080401007691,NMBHF1,45,41,"1,661",9.71,"16,128.31"
2019-08-04,2019080401007690,NMBHF1,22,41,500,9.71,"4,855.00"
2019-08-04,2019080401007689,NMBHF1,33,41,"2,000",9.77,"19,540.00"
2019-08-04,2019080401007286,NMBMF,34,34,8,"1,075.00","8,600.00"
2019-08-04,2019080401007754,NMBSF1,6,41,"1,331",11.01,"14,654.31"
2019-08-04,2019080401007651,NNLB,42,5,58,461.00,"26,738.00"
2019-08-04,2019080401007650,NNLB,34,5,17,461.00,"7,837.00"
2019-08-04,2019080401007623,NNLB,34,38,183,461.00,"84,363.00"
2019-08-04,2019080401007622,NNLB,41,38,17,462.00,"7,854.00"
2019-08-04,2019080401007570,NNLB,41,5,100,462.00,"46,200.00"
2019-08-04,2019080401007538,NNLB,41,58,33,462.00,"15,246.00"
2019-08-04,2019080401007556,NSEWA,11,57,10,494.00,"4,940.00"
2019-08-04,2019080401007394,NTC,17,26,463,695.00,"321,785.00"
2019-08-04,2019080401007393,NTC,17,45,37,695.00,"25,715.00"
2019-08-04,2019080401007299,NTC,17,45,73,695.00,"50,735.00"
2019-08-04,2019080401007298,NTC,17,17,80,695.00,"55,600.00"
2019-08-04,2019080401007270,NTC,17,34,70,694.00,"48,580.00"
2019-08-04,2019080401007638,NUBL,4,53,155,904.00,"140,120.00"
2019-08-04,2019080401007590,NUBL,4,36,250,904.00,"226,000.00"
2019-08-04,2019080401007491,NUBL,59,36,42,906.00,"38,052.00"
2019-08-04,2019080401007304,NUBL,59,10,100,906.00,"90,600.00"
2019-08-04,2019080401007531,PIC,4,32,100,478.00,"47,800.00"
2019-08-04,2019080401007469,PIC,11,35,10,479.00,"4,790.00"
2019-08-04,2019080401007325,PIC,11,35,10,479.00,"4,790.00"
2019-08-04,2019080401007718,PPCL,56,57,10,131.00,"1,310.00"
2019-08-04,2019080401007698,PPCL,6,45,20,133.00,"2,660.00"
2019-08-04,2019080401007697,PPCL,6,53,20,133.00,"2,660.00"
2019-08-04,2019080401007696,PPCL,6,28,30,133.00,"3,990.00"
2019-08-04,2019080401007695,PPCL,6,41,10,133.00,"1,330.00"
2019-08-04,2019080401007694,PPCL,6,39,30,133.00,"3,990.00"
2019-08-04,2019080401007693,PPCL,6,41,10,133.00,"1,330.00"
2019-08-04,2019080401007684,PRIN,19,54,60,372.00,"22,320.00"
2019-08-04,2019080401007509,PRIN,34,51,50,372.00,"18,600.00"
2019-08-04,2019080401007508,PRVU,57,41,30,274.00,"8,220.00"
2019-08-04,2019080401007475,PRVU,33,33,"10,000",274.00,"2,740,000.00"
2019-08-04,2019080401007310,PRVU,58,54,42,275.00,"11,550.00"
2019-08-04,2019080401007619,RBCL,35,11,10,"9,300.00","93,000.00"
2019-08-04,2019080401007488,RLFL,58,45,100,120.00,"12,000.00"
2019-08-04,2019080401007441,RLFL,44,45,"1,900",121.00,"229,900.00"
2019-08-04,2019080401007757,RMDC,51,1,15,689.00,"10,335.00"
2019-08-04,2019080401007756,RMDC,51,58,37,686.00,"25,382.00"
2019-08-04,2019080401007416,RMDC,51,28,500,685.00,"342,500.00"
2019-08-04,2019080401007415,RMDC,51,14,17,685.00,"11,645.00"
2019-08-04,2019080401007414,RMDC,51,34,101,684.00,"69,084.00"
2019-08-04,2019080401007492,RSDC,1,45,10,383.00,"3,830.00"
2019-08-04,2019080401007482,RSDC,32,47,50,381.00,"19,050.00"
2019-08-04,2019080401007481,RSDC,53,47,500,381.00,"190,500.00"
2019-08-04,2019080401007480,RSDC,36,47,100,381.00,"38,100.00"
2019-08-04,2019080401007493,SANIMA,49,49,"13,000",354.00,"4,602,000.00"
2019-08-04,2019080401007753,SBI,47,59,400,464.00,"185,600.00"
2019-08-04,2019080401007664,SBI,47,1,100,464.00,"46,400.00"
2019-08-04,2019080401007495,SBI,5,28,200,465.00,"93,000.00"
2019-08-04,2019080401007633,SBL,1,37,50,323.00,"16,150.00"
2019-08-04,2019080401007630,SBL,44,34,562,321.00,"180,402.00"
2019-08-04,2019080401007629,SBL,19,34,200,321.00,"64,200.00"
2019-08-04,2019080401007628,SBL,21,34,150,321.00,"48,150.00"
2019-08-04,2019080401007627,SBL,40,34,"1,000",321.00,"321,000.00"
2019-08-04,2019080401007626,SBL,53,34,50,322.00,"16,100.00"
2019-08-04,2019080401007625,SBL,13,34,38,322.00,"12,236.00"
2019-08-04,2019080401007528,SBL,13,5,462,322.00,"148,764.00"
2019-08-04,2019080401007527,SBL,26,5,19,322.00,"6,118.00"
2019-08-04,2019080401007387,SBL,58,5,19,323.00,"6,137.00"
2019-08-04,2019080401007386,SBL,58,29,31,323.00,"10,013.00"
2019-08-04,2019080401007615,SCB,1,41,50,662.00,"33,100.00"
2019-08-04,2019080401007496,SCB,1,43,200,662.00,"132,400.00"
2019-08-04,2019080401007494,SCB,1,42,20,662.00,"13,240.00"
2019-08-04,2019080401007318,SCB,22,1,100,663.00,"66,300.00"
2019-08-04,2019080401007381,SCB,1,1,15,662.00,"9,930.00"
2019-08-04,2019080401007380,SCB,34,1,10,662.00,"6,620.00"
2019-08-04,2019080401007379,SCB,45,1,20,662.00,"13,240.00"
2019-08-04,2019080401007378,SCB,22,1,75,662.00,"49,650.00"
2019-08-04,2019080401007377,SCB,48,1,50,662.00,"33,100.00"
2019-08-04,2019080401007376,SCB,58,1,20,662.00,"13,240.00"
2019-08-04,2019080401007645,SDESI,10,18,40,632.00,"25,280.00"
2019-08-04,2019080401007449,SDESI,16,38,11,630.00,"6,930.00"
2019-08-04,2019080401007408,SDESI,4,57,48,632.00,"30,336.00"
2019-08-04,2019080401007385,SDESI,43,38,23,631.00,"14,513.00"
2019-08-04,2019080401007343,SDESI,43,38,27,631.00,"17,037.00"
2019-08-04,2019080401007283,SDESI,44,57,200,632.00,"126,400.00"
2019-08-04,2019080401007282,SDESI,1,57,29,632.00,"18,328.00"
2019-08-04,2019080401007277,SDESI,1,18,23,632.00,"14,536.00"
2019-08-04,2019080401007733,SHIVM,44,1,50,590.00,"29,500.00"
2019-08-04,2019080401007732,SHIVM,5,1,50,590.00,"29,500.00"
2019-08-04,2019080401007731,SHIVM,34,1,100,590.00,"59,000.00"
2019-08-04,2019080401007730,SHIVM,35,1,56,590.00,"33,040.00"
2019-08-04,2019080401007723,SHIVM,35,22,44,590.00,"25,960.00"
2019-08-04,2019080401007722,SHIVM,48,22,50,590.00,"29,500.00"
2019-08-04,2019080401007320,SHIVM,32,1,50,590.00,"29,500.00"
2019-08-04,2019080401007319,SHIVM,38,1,36,590.00,"21,240.00"
2019-08-04,2019080401007433,SHIVM,38,53,100,590.00,"59,000.00"
2019-08-04,2019080401007324,SHIVM,38,1,214,590.00,"126,260.00"
2019-08-04,2019080401007323,SHIVM,45,1,20,590.00,"11,800.00"
2019-08-04,2019080401007322,SHIVM,14,1,50,590.00,"29,500.00"
2019-08-04,2019080401007321,SHIVM,44,1,50,590.00,"29,500.00"
2019-08-04,2019080401007721,SHIVM,38,22,186,590.00,"109,740.00"
2019-08-04,2019080401007720,SHIVM,58,22,100,591.00,"59,100.00"
2019-08-04,2019080401007719,SHIVM,39,22,20,591.00,"11,820.00"
2019-08-04,2019080401007429,SHL,26,21,368,232.00,"85,376.00"
2019-08-04,2019080401007526,SHPC,41,28,100,243.00,"24,300.00"
2019-08-04,2019080401007525,SHPC,43,28,"2,000",243.00,"486,000.00"
2019-08-04,2019080401007524,SHPC,26,28,300,243.00,"72,900.00"
2019-08-04,2019080401007523,SHPC,16,28,500,243.00,"121,500.00"
2019-08-04,2019080401007522,SHPC,47,28,200,244.00,"48,800.00"
2019-08-04,2019080401007665,SIC,4,19,490,606.00,"296,940.00"
2019-08-04,2019080401007391,SIC,11,19,10,610.00,"6,100.00"
2019-08-04,2019080401007755,SICL,39,14,545,791.00,"431,095.00"
2019-08-04,2019080401007727,SIFC,29,46,300,156.00,"46,800.00"
2019-08-04,2019080401007750,SKBBL,44,17,29,997.00,"28,913.00"
2019-08-04,2019080401007749,SKBBL,44,10,120,996.00,"119,520.00"
2019-08-04,2019080401007765,SLBSL,38,47,10,702.00,"7,020.00"
2019-08-04,2019080401007764,SLBSL,38,38,130,701.00,"91,130.00"
2019-08-04,2019080401007620,SLBSL,38,28,100,698.00,"69,800.00"
2019-08-04,2019080401007564,SLBSL,38,46,100,698.00,"69,800.00"
2019-08-04,2019080401007563,SLBSL,38,39,100,695.00,"69,500.00"
2019-08-04,2019080401007562,SLBSL,38,18,90,694.00,"62,460.00"
2019-08-04,2019080401007268,SLBSL,28,42,10,685.00,"6,850.00"
2019-08-04,2019080401007561,SLBSL,38,51,100,693.00,"69,300.00"
2019-08-04,2019080401007560,SLBSL,38,40,10,690.00,"6,900.00"
2019-08-04,2019080401007715,SMFDB,34,38,15,590.00,"8,850.00"
2019-08-04,2019080401007714,SPARS,34,42,10,726.00,"7,260.00"
2019-08-04,2019080401007688,SPARS,34,32,90,720.00,"64,800.00"
2019-08-04,2019080401007687,SPARS,1,32,50,720.00,"36,000.00"
2019-08-04,2019080401007686,SPARS,34,32,10,720.00,"7,200.00"
2019-08-04,2019080401007557,SPARS,34,28,10,716.00,"7,160.00"
2019-08-04,2019080401007533,SPARS,34,28,10,716.00,"7,160.00"
2019-08-04,2019080401007296,SPARS,3,38,10,726.00,"7,260.00"
2019-08-04,2019080401007448,SPARS,58,59,10,726.00,"7,260.00"
2019-08-04,2019080401007447,SPARS,58,26,10,725.00,"7,250.00"
2019-08-04,2019080401007440,SPARS,45,29,10,716.00,"7,160.00"
2019-08-04,2019080401007417,SPARS,45,28,10,716.00,"7,160.00"
2019-08-04,2019080401007396,SPARS,45,17,10,716.00,"7,160.00"
2019-08-04,2019080401007297,SPARS,3,17,10,726.00,"7,260.00"
2019-08-04,2019080401007511,SPARS,34,29,10,716.00,"7,160.00"
2019-08-04,2019080401007499,SPARS,49,41,10,726.00,"7,260.00"
2019-08-04,2019080401007498,SPARS,49,17,100,726.00,"72,600.00"
2019-08-04,2019080401007486,SPARS,34,29,10,716.00,"7,160.00"
2019-08-04,2019080401007466,SPARS,34,29,10,716.00,"7,160.00"
2019-08-04,2019080401007451,SPARS,34,26,10,716.00,"7,160.00"
2019-08-04,2019080401007428,SRBL,36,55,195,248.00,"48,360.00"
2019-08-04,2019080401007306,SRBL,34,34,1,247.00,247.00
2019-08-04,2019080401007660,SWBBL,34,7,90,944.00,"84,960.00"
2019-08-04,2019080401007331,SWBBL,34,34,4,940.00,"3,760.00"
2019-08-04,2019080401007285,SWBBL,45,7,20,945.00,"18,900.00"
2019-08-04,2019080401007284,SWBBL,17,7,90,945.00,"85,050.00"
2019-08-04,2019080401007593,TRH,34,33,50,310.00,"15,500.00"
2019-08-04,2019080401007746,UFL,39,22,50,183.00,"9,150.00"
2019-08-04,2019080401007384,UFL,39,28,900,181.00,"162,900.00"
2019-08-04,2019080401007763,UIC,19,34,100,339.00,"33,900.00"
2019-08-04,2019080401007618,UPCL,34,34,100,86.00,"8,600.00"
2019-08-04,2019080401007609,UPCL,43,51,117,87.00,"10,179.00"
2019-08-04,2019080401007706,UPPER,59,3,34,268.00,"9,112.00"
2019-08-04,2019080401007705,UPPER,52,3,100,268.00,"26,800.00"
2019-08-04,2019080401007704,UPPER,6,3,66,268.00,"17,688.00"
2019-08-04,2019080401007679,UPPER,6,35,34,268.00,"9,112.00"
2019-08-04,2019080401007678,UPPER,46,35,500,268.00,"134,000.00"
2019-08-04,2019080401007677,UPPER,26,35,30,268.00,"8,040.00"
2019-08-04,2019080401007354,UPPER,22,51,30,269.00,"8,070.00"
2019-08-04,2019080401007353,UPPER,22,22,750,269.00,"201,750.00"
2019-08-04,2019080401007352,UPPER,52,22,180,269.00,"48,420.00"
2019-08-04,2019080401007514,UPPER,52,39,40,268.00,"10,720.00"
2019-08-04,2019080401007513,UPPER,5,39,356,268.00,"95,408.00"
2019-08-04,2019080401007419,UPPER,5,35,144,268.00,"38,592.00"
2019-08-04,2019080401007418,UPPER,55,35,56,268.00,"15,008.00"
2019-08-04,2019080401007356,UPPER,22,43,120,269.00,"32,280.00"
2019-08-04,2019080401007355,UPPER,22,51,20,269.00,"5,380.00"
2019-08-04,2019080401007676,UPPER,35,35,30,268.00,"8,040.00"
2019-08-04,2019080401007675,UPPER,37,35,50,268.00,"13,400.00"
2019-08-04,2019080401007674,UPPER,48,35,456,268.00,"122,208.00"
2019-08-04,2019080401007661,UPPER,48,34,40,268.00,"10,720.00"
2019-08-04,2019080401007644,UPPER,48,41,50,268.00,"13,400.00"
2019-08-04,2019080401007515,UPPER,48,39,604,268.00,"161,872.00"
2019-08-04,2019080401007465,VLBS,55,51,78,610.00,"47,580.00"
2019-08-04,2019080401007585,VLBS,1,45,30,615.00,"18,450.00"
2019-08-04,2019080401007584,VLBS,1,21,10,613.00,"6,130.00"
2019-08-04,2019080401007510,VLBS,36,58,20,614.00,"12,280.00"
2019-08-04,2019080401007241,ADBL,45,11,770,435.00,"334,950.00"
2019-08-04,2019080401007240,ADBL,49,11,150,435.00,"65,250.00"
2019-08-04,2019080401007239,ADBL,58,11,10,435.00,"4,350.00"
2019-08-04,2019080401007233,ADBL,58,22,150,435.00,"65,250.00"
2019-08-04,2019080401007182,ADBL,18,18,6,435.00,"2,610.00"
2019-08-04,2019080401007138,ADBL,58,49,40,435.00,"17,400.00"
2019-08-04,2019080401006943,ADBL,58,29,300,435.00,"130,500.00"
2019-08-04,2019080401006792,ADBL,39,22,371,436.00,"161,756.00"
2019-08-04,2019080401006791,ADBL,39,42,908,436.00,"395,888.00"
2019-08-04,2019080401006772,ADBL,58,40,631,435.00,"274,485.00"
2019-08-04,2019080401007137,ADBL,58,49,60,435.00,"26,100.00"
2019-08-04,2019080401007067,ADBL,58,51,30,435.00,"13,050.00"
2019-08-04,2019080401006962,ADBL,58,38,10,435.00,"4,350.00"
2019-08-04,2019080401006947,ADBL,13,5,198,436.00,"86,328.00"
2019-08-04,2019080401006946,ADBL,13,57,250,436.00,"109,000.00"
2019-08-04,2019080401006945,ADBL,13,29,52,436.00,"22,672.00"
2019-08-04,2019080401007259,ALBSL,46,41,10,497.00,"4,970.00"
2019-08-04,2019080401007256,ALBSL,46,40,10,497.00,"4,970.00"
2019-08-04,2019080401007214,ALBSL,46,42,10,497.00,"4,970.00"
2019-08-04,2019080401007210,ALBSL,47,47,10,496.00,"4,960.00"
2019-08-04,2019080401007189,ALBSL,25,42,10,500.00,"5,000.00"
2019-08-04,2019080401007188,ALBSL,25,54,10,499.00,"4,990.00"
2019-08-04,2019080401007031,ALBSL,57,56,40,498.00,"19,920.00"
2019-08-04,2019080401007006,ALBSL,57,54,10,498.00,"4,980.00"
2019-08-04,2019080401007000,ALBSL,57,59,10,498.00,"4,980.00"
2019-08-04,2019080401006854,ALBSL,57,50,100,498.00,"49,800.00"
2019-08-04,2019080401006828,ALBSL,57,38,10,498.00,"4,980.00"
2019-08-04,2019080401007078,ALBSL,47,56,10,496.00,"4,960.00"
2019-08-04,2019080401007074,ALBSL,47,41,30,496.00,"14,880.00"
2019-08-04,2019080401007073,ALBSL,21,41,70,496.00,"34,720.00"
2019-08-04,2019080401007044,ALBSL,21,48,30,496.00,"14,880.00"
2019-08-04,2019080401007043,ALBSL,40,48,40,497.00,"19,880.00"
2019-08-04,2019080401007032,ALBSL,40,56,60,497.00,"29,820.00"
2019-08-04,2019080401007187,ALBSL,25,54,10,499.00,"4,990.00"
2019-08-04,2019080401007186,ALBSL,25,54,10,499.00,"4,990.00"
2019-08-04,2019080401007185,ALBSL,25,54,10,499.00,"4,990.00"
2019-08-04,2019080401007184,ALBSL,25,38,100,498.00,"49,800.00"
2019-08-04,2019080401007112,ALBSL,47,48,200,496.00,"99,200.00"
2019-08-04,2019080401007101,ALBSL,47,56,10,496.00,"4,960.00"
2019-08-04,2019080401007250,API,34,42,130,135.00,"17,550.00"
2019-08-04,2019080401007249,API,14,42,50,135.00,"6,750.00"
2019-08-04,2019080401007248,API,44,42,200,135.00,"27,000.00"
2019-08-04,2019080401007247,API,33,42,300,135.00,"40,500.00"
2019-08-04,2019080401007246,API,34,42,500,135.00,"67,500.00"
2019-08-04,2019080401007245,API,43,42,100,135.00,"13,500.00"
2019-08-04,2019080401007045,API,35,25,100,136.00,"13,600.00"
2019-08-04,2019080401007244,API,11,42,70,135.00,"9,450.00"
2019-08-04,2019080401007243,API,14,42,50,136.00,"6,800.00"
2019-08-04,2019080401007242,API,42,42,100,136.00,"13,600.00"
2019-08-04,2019080401007046,API,42,25,400,136.00,"54,400.00"
2019-08-04,2019080401007114,BARUN,56,53,68,90.00,"6,120.00"
2019-08-04,2019080401006849,BARUN,41,53,200,90.00,"18,000.00"
2019-08-04,2019080401006889,BOKL,19,57,79,264.00,"20,856.00"
2019-08-04,2019080401007060,CBBL,32,53,80,"1,009.00","80,720.00"
2019-08-04,2019080401007059,CBBL,32,22,100,"1,009.00","100,900.00"
2019-08-04,2019080401007058,CBBL,32,11,20,"1,009.00","20,180.00"
2019-08-04,2019080401007050,CBBL,26,41,50,"1,008.00","50,400.00"
2019-08-04,2019080401006911,CBBL,44,38,194,"1,006.00","195,164.00"
2019-08-04,2019080401006910,CBBL,44,34,100,"1,006.00","100,600.00"
2019-08-04,2019080401006834,CBBL,34,48,50,"1,006.00","50,300.00"
2019-08-04,2019080401006822,CBBL,6,48,100,"1,006.00","100,600.00"
2019-08-04,2019080401007085,CBL,57,28,142,153.00,"21,726.00"
2019-08-04,2019080401007084,CBL,57,22,200,153.00,"30,600.00"
2019-08-04,2019080401007003,CBL,35,48,718,152.00,"109,136.00"
2019-08-04,2019080401006876,CBL,34,48,"1,000",153.00,"153,000.00"
2019-08-04,2019080401006835,CBL,35,34,55,152.00,"8,360.00"
2019-08-04,2019080401007033,CCBL,39,38,10,171.00,"1,710.00"
2019-08-04,2019080401006940,CCBL,34,34,5,170.00,850.00
2019-08-04,2019080401007145,CHCL,6,59,500,510.00,"255,000.00"
2019-08-04,2019080401006941,CHCL,6,6,117,510.00,"59,670.00"
2019-08-04,2019080401006865,CHCL,6,48,49,510.00,"24,990.00"
2019-08-04,2019080401006914,CIT,26,10,10,"2,440.00","24,400.00"
2019-08-04,2019080401006920,CLBSL,52,38,11,550.00,"6,050.00"
2019-08-04,2019080401006851,CLBSL,52,26,10,550.00,"5,500.00"
2019-08-04,2019080401006790,CMF1,43,1,500,10.00,"5,000.00"
2019-08-04,2019080401007131,DBBL,48,21,33,142.00,"4,686.00"
2019-08-04,2019080401007130,DBBL,26,21,127,142.00,"18,034.00"
2019-08-04,2019080401007015,DDBL,52,48,200,783.00,"156,600.00"
2019-08-04,2019080401006987,DDBL,32,53,17,790.00,"13,430.00"
2019-08-04,2019080401006983,DDBL,32,58,183,790.00,"144,570.00"
2019-08-04,2019080401006982,DDBL,32,58,10,791.00,"7,910.00"
2019-08-04,2019080401006948,DDBL,32,53,200,791.00,"158,200.00"
2019-08-04,2019080401006913,DDBL,32,39,90,791.00,"71,190.00"
2019-08-04,2019080401006912,DDBL,42,39,10,791.00,"7,910.00"
2019-08-04,2019080401006801,DDBL,39,53,56,795.00,"44,520.00"
2019-08-04,2019080401006788,DDBL,45,53,44,795.00,"34,980.00"
2019-08-04,2019080401007263,EBL,59,55,41,658.00,"26,978.00"
2019-08-04,2019080401007262,EBL,45,55,20,658.00,"13,160.00"
2019-08-04,2019080401007215,EBL,58,14,45,659.00,"29,655.00"
2019-08-04,2019080401006924,EBL,45,34,10,658.00,"6,580.00"
2019-08-04,2019080401006859,EBL,44,25,40,656.00,"26,240.00"
2019-08-04,2019080401007129,EIC,46,17,32,352.00,"11,264.00"
2019-08-04,2019080401007128,EIC,6,17,20,352.00,"7,040.00"
2019-08-04,2019080401007199,FMDBL,19,38,149,396.00,"59,004.00"
2019-08-04,2019080401007158,FMDBL,19,38,29,396.00,"11,484.00"
2019-08-04,2019080401006767,FMDBL,45,59,32,395.00,"12,640.00"
2019-08-04,2019080401006766,FMDBL,17,59,280,395.00,"110,600.00"
2019-08-04,2019080401007205,FOWAD,56,38,19,"1,421.00","26,999.00"
2019-08-04,2019080401007212,GBBL,11,33,100,224.00,"22,400.00"
2019-08-04,2019080401006785,GBBL,28,33,150,224.00,"33,600.00"
2019-08-04,2019080401006784,GBBL,36,33,58,224.00,"12,992.00"
2019-08-04,2019080401007209,GBLBS,44,3,270,391.00,"105,570.00"
2019-08-04,2019080401007208,GBLBS,35,3,100,393.00,"39,300.00"
2019-08-04,2019080401007207,GBLBS,17,3,100,394.00,"39,400.00"
2019-08-04,2019080401007206,GBLBS,57,3,30,394.00,"11,820.00"
2019-08-04,2019080401007100,GBLBS,6,41,100,394.00,"39,400.00"
2019-08-04,2019080401007037,GBLBS,38,34,75,397.00,"29,775.00"
2019-08-04,2019080401006862,GBLBS,34,45,180,398.00,"71,640.00"
2019-08-04,2019080401006909,GBLBS,38,48,125,397.00,"49,625.00"
2019-08-04,2019080401006908,GBLBS,33,48,10,397.00,"3,970.00"
2019-08-04,2019080401006869,GBLBS,33,36,290,397.00,"115,130.00"
2019-08-04,2019080401006868,GBLBS,14,36,100,398.00,"39,800.00"
2019-08-04,2019080401006867,GBLBS,57,36,500,398.00,"199,000.00"
2019-08-04,2019080401006866,GBLBS,34,36,810,398.00,"322,380.00"
2019-08-04,2019080401007088,GDBL,43,33,500,212.00,"106,000.00"
2019-08-04,2019080401007087,GDBL,14,33,397,212.00,"84,164.00"
2019-08-04,2019080401007086,GDBL,5,33,64,212.00,"13,568.00"
2019-08-04,2019080401007034,GDBL,43,38,500,213.00,"106,500.00"
2019-08-04,2019080401007228,GHL,56,42,30,83.00,"2,490.00"
2019-08-04,2019080401006872,GHL,52,41,30,82.00,"2,460.00"
2019-08-04,2019080401006919,GILB,32,39,13,745.00,"9,685.00"
2019-08-04,2019080401007261,GLBSL,29,36,10,572.00,"5,720.00"
2019-08-04,2019080401007227,GLBSL,29,36,10,572.00,"5,720.00"
2019-08-04,2019080401007203,GLBSL,6,36,10,571.00,"5,710.00"
2019-08-04,2019080401007200,GLBSL,6,48,90,571.00,"51,390.00"
2019-08-04,2019080401007173,GLBSL,43,48,150,571.00,"85,650.00"
2019-08-04,2019080401007172,GLBSL,43,48,100,571.00,"57,100.00"
2019-08-04,2019080401006850,GLBSL,16,34,10,575.00,"5,750.00"
2019-08-04,2019080401006832,GLBSL,16,34,105,575.00,"60,375.00"
2019-08-04,2019080401006831,GLBSL,58,34,25,575.00,"14,375.00"
2019-08-04,2019080401006821,GLBSL,7,56,10,576.00,"5,760.00"
2019-08-04,2019080401006813,GLBSL,7,56,10,576.00,"5,760.00"
2019-08-04,2019080401006769,GLBSL,7,41,20,576.00,"11,520.00"
2019-08-04,2019080401006942,GLBSL,14,17,10,575.00,"5,750.00"
2019-08-04,2019080401006936,GLBSL,14,41,120,575.00,"69,000.00"
2019-08-04,2019080401006921,GLBSL,16,19,50,575.00,"28,750.00"
2019-08-04,2019080401006915,GLBSL,16,8,10,575.00,"5,750.00"
2019-08-04,2019080401006886,GLBSL,16,39,10,575.00,"5,750.00"
2019-08-04,2019080401006861,GLBSL,16,26,10,575.00,"5,750.00"
2019-08-04,2019080401006989,GLBSL,43,43,10,578.00,"5,780.00"
2019-08-04,2019080401006988,GLBSL,43,29,10,578.00,"5,780.00"
2019-08-04,2019080401006961,GLBSL,14,39,70,575.00,"40,250.00"
2019-08-04,2019080401006960,GLBSL,40,39,30,576.00,"17,280.00"
2019-08-04,2019080401006949,GLBSL,40,57,20,576.00,"11,520.00"
2019-08-04,2019080401006944,GLBSL,14,6,30,575.00,"17,250.00"
2019-08-04,2019080401007002,GLBSL,47,38,50,575.00,"28,750.00"
2019-08-04,2019080401007001,GLBSL,14,38,70,575.00,"40,250.00"
2019-08-04,2019080401006993,GLBSL,43,45,10,580.00,"5,800.00"
2019-08-04,2019080401006992,GLBSL,43,45,10,580.00,"5,800.00"
2019-08-04,2019080401006991,GLBSL,43,22,10,580.00,"5,800.00"
2019-08-04,2019080401006990,GLBSL,43,55,30,579.00,"17,370.00"
2019-08-04,2019080401007171,GLBSL,7,48,110,572.00,"62,920.00"
2019-08-04,2019080401007170,GLBSL,40,48,50,573.00,"28,650.00"
2019-08-04,2019080401007105,GLBSL,40,38,30,575.00,"17,250.00"
2019-08-04,2019080401007072,GLBSL,40,45,250,573.00,"143,250.00"
2019-08-04,2019080401007071,GLBSL,52,45,100,574.00,"57,400.00"
2019-08-04,2019080401007070,GLBSL,43,45,20,574.00,"11,480.00"
2019-08-04,2019080401007063,GLICL,13,49,38,452.00,"17,176.00"
2019-08-04,2019080401007062,GLICL,36,49,32,452.00,"14,464.00"
2019-08-04,2019080401007143,GMFBS,7,26,66,618.00,"40,788.00"
2019-08-04,2019080401007005,GMFBS,7,21,134,618.00,"82,812.00"
2019-08-04,2019080401006998,GMFBS,14,38,10,618.00,"6,180.00"
2019-08-04,2019080401006929,GMFBS,14,39,40,618.00,"24,720.00"
2019-08-04,2019080401006928,GMFBS,17,39,10,618.00,"6,180.00"
2019-08-04,2019080401006927,GMFBS,21,39,10,619.00,"6,190.00"
2019-08-04,2019080401006779,GMFBS,1,51,30,620.00,"18,600.00"
2019-08-04,2019080401006898,GMFBS,21,33,10,619.00,"6,190.00"
2019-08-04,2019080401006817,GMFBS,17,58,10,618.00,"6,180.00"
2019-08-04,2019080401006783,GMFBS,17,51,180,618.00,"111,240.00"
2019-08-04,2019080401006782,GMFBS,7,51,100,619.00,"61,900.00"
2019-08-04,2019080401006781,GMFBS,14,51,50,619.00,"30,950.00"
2019-08-04,2019080401006780,GMFBS,7,51,40,619.00,"24,760.00"
2019-08-04,2019080401007124,HBL,6,17,27,548.00,"14,796.00"
2019-08-04,2019080401007038,HDL,19,57,10,"1,598.00","15,980.00"
2019-08-04,2019080401007194,HIDCL,16,52,50,154.00,"7,700.00"
2019-08-04,2019080401007193,HIDCL,35,52,100,154.00,"15,400.00"
2019-08-04,2019080401007192,HIDCL,34,52,500,154.00,"77,000.00"
2019-08-04,2019080401007191,HIDCL,25,52,300,154.00,"46,200.00"
2019-08-04,2019080401007151,HIDCL,16,43,95,155.00,"14,725.00"
2019-08-04,2019080401007150,HIDCL,7,43,300,155.00,"46,500.00"
2019-08-04,2019080401007149,HIDCL,41,43,645,155.00,"99,975.00"
2019-08-04,2019080401006906,HPPL,16,21,20,169.00,"3,380.00"
2019-08-04,2019080401007025,HURJA,11,42,10,136.00,"1,360.00"
2019-08-04,2019080401007252,ILBS,57,42,10,503.00,"5,030.00"
2019-08-04,2019080401007222,ILBS,18,41,10,510.00,"5,100.00"
2019-08-04,2019080401007204,ILBS,10,39,100,505.00,"50,500.00"
2019-08-04,2019080401007169,ILBS,18,52,100,504.00,"50,400.00"
2019-08-04,2019080401007146,ILBS,41,41,70,502.00,"35,140.00"
2019-08-04,2019080401007090,ILBS,10,38,10,493.00,"4,930.00"
2019-08-04,2019080401006794,ILBS,18,6,10,495.00,"4,950.00"
2019-08-04,2019080401006793,ILBS,22,6,100,495.00,"49,500.00"
2019-08-04,2019080401006997,ILBS,42,42,10,495.00,"4,950.00"
2019-08-04,2019080401006981,ILBS,42,42,10,495.00,"4,950.00"
2019-08-04,2019080401006939,ILBS,35,57,10,492.00,"4,920.00"
2019-08-04,2019080401006896,ILBS,45,26,10,491.00,"4,910.00"
2019-08-04,2019080401006848,ILBS,39,34,10,500.00,"5,000.00"
2019-08-04,2019080401006800,ILBS,16,6,50,495.00,"24,750.00"
2019-08-04,2019080401006899,JBBL,46,35,50,158.00,"7,900.00"
2019-08-04,2019080401007140,KBL,18,7,19,215.00,"4,085.00"
2019-08-04,2019080401006858,KBL,6,52,462,214.00,"98,868.00"
2019-08-04,2019080401006853,KBL,51,7,69,215.00,"14,835.00"
2019-08-04,2019080401006852,KBL,51,17,31,215.00,"6,665.00"
2019-08-04,2019080401007117,KSBBL,21,57,10,154.00,"1,540.00"
2019-08-04,2019080401007265,LBBL,8,17,243,208.00,"50,544.00"
2019-08-04,2019080401007134,LBBL,8,17,757,208.00,"157,456.00"
2019-08-04,2019080401007107,LBBL,8,38,938,207.00,"194,166.00"
2019-08-04,2019080401006904,LBBL,36,38,51,207.00,"10,557.00"
2019-08-04,2019080401006976,LBL,28,39,41,219.00,"8,979.00"
2019-08-04,2019080401006975,LBL,25,39,500,219.00,"109,500.00"
2019-08-04,2019080401006974,LBL,25,39,200,219.00,"43,800.00"
2019-08-04,2019080401006973,LBL,47,39,10,219.00,"2,190.00"
2019-08-04,2019080401006972,LBL,51,39,20,219.00,"4,380.00"
2019-08-04,2019080401006971,LBL,38,39,100,219.00,"21,900.00"
2019-08-04,2019080401006970,LBL,32,39,100,219.00,"21,900.00"
2019-08-04,2019080401006969,LBL,40,39,593,219.00,"129,867.00"
2019-08-04,2019080401007023,LGIL,37,50,190,426.00,"80,940.00"
2019-08-04,2019080401007022,LGIL,14,50,200,426.00,"85,200.00"
2019-08-04,2019080401007021,LGIL,53,50,100,426.00,"42,600.00"
2019-08-04,2019080401007020,LGIL,37,50,10,427.00,"4,270.00"
2019-08-04,2019080401006789,LGIL,34,43,150,428.00,"64,200.00"
2019-08-04,2019080401007029,LICN,16,29,10,"1,141.00","11,410.00"
2019-08-04,2019080401006833,LICN,5,29,15,"1,140.00","17,100.00"
2019-08-04,2019080401006815,LICN,44,29,34,"1,141.00","38,794.00"
2019-08-04,2019080401006883,LLBS,18,49,215,775.00,"166,625.00"
2019-08-04,2019080401006882,LLBS,37,49,100,776.00,"77,600.00"
2019-08-04,2019080401006881,LLBS,6,49,100,777.00,"77,700.00"
2019-08-04,2019080401006880,LLBS,11,49,45,780.00,"35,100.00"
2019-08-04,2019080401006879,LLBS,7,49,50,784.00,"39,200.00"
2019-08-04,2019080401006857,LLBS,16,38,60,789.00,"47,340.00"
2019-08-04,2019080401006846,LLBS,11,52,55,780.00,"42,900.00"
2019-08-04,2019080401006830,LLBS,26,52,45,785.00,"35,325.00"
2019-08-04,2019080401007251,LVF1,56,58,600,10.90,"6,540.00"
2019-08-04,2019080401007081,MBL,43,49,579,264.00,"152,856.00"
2019-08-04,2019080401007080,MBL,43,42,300,264.00,"79,200.00"
2019-08-04,2019080401007079,MBL,43,6,121,264.00,"31,944.00"
2019-08-04,2019080401006931,MBL,32,6,150,264.00,"39,600.00"
2019-08-04,2019080401006864,MBL,14,11,189,263.00,"49,707.00"
2019-08-04,2019080401006773,MBL,14,38,200,263.00,"52,600.00"
2019-08-04,2019080401006926,MEGA,36,45,50,206.00,"10,300.00"
2019-08-04,2019080401006802,MHNL,42,59,10,109.00,"1,090.00"
2019-08-04,2019080401007042,MLBL,28,22,227,201.00,"45,627.00"
2019-08-04,2019080401007041,MLBL,1,22,200,201.00,"40,200.00"
2019-08-04,2019080401007040,MLBL,28,22,75,202.00,"15,150.00"
2019-08-04,2019080401007147,MNBBL,1,49,150,377.00,"56,550.00"
2019-08-04,2019080401007144,MNBBL,1,48,"1,000",377.00,"377,000.00"
2019-08-04,2019080401006891,MNBBL,41,39,25,376.00,"9,400.00"
2019-08-04,2019080401006890,MNBBL,41,54,48,376.00,"18,048.00"
2019-08-04,2019080401006878,MNBBL,56,54,200,376.00,"75,200.00"
2019-08-04,2019080401006841,MPFL,48,48,30,114.00,"3,420.00"
2019-08-04,2019080401007016,MSMBS,49,34,90,545.00,"49,050.00"
2019-08-04,2019080401006894,MSMBS,49,34,10,545.00,"5,450.00"
2019-08-04,2019080401006893,MSMBS,17,34,50,546.00,"27,300.00"
2019-08-04,2019080401006892,MSMBS,35,34,40,547.00,"21,880.00"
2019-08-04,2019080401007255,NABIL,22,6,102,800.00,"81,600.00"
2019-08-04,2019080401007254,NABIL,39,6,26,800.00,"20,800.00"
2019-08-04,2019080401007253,NABIL,14,6,272,801.00,"217,872.00"
2019-08-04,2019080401007190,NABIL,58,45,50,802.00,"40,100.00"
2019-08-04,2019080401007141,NABIL,14,19,220,801.00,"176,220.00"
2019-08-04,2019080401007139,NABIL,38,45,200,802.00,"160,400.00"
2019-08-04,2019080401007122,NABIL,14,49,12,801.00,"9,612.00"
2019-08-04,2019080401007106,NABIL,22,19,200,802.00,"160,400.00"
2019-08-04,2019080401006999,NABIL,41,45,15,802.00,"12,030.00"
2019-08-04,2019080401006935,NABIL,14,38,400,801.00,"320,400.00"
2019-08-04,2019080401006778,NABIL,14,48,46,801.00,"36,846.00"
2019-08-04,2019080401006777,NABIL,14,59,50,801.00,"40,050.00"
2019-08-04,2019080401007258,NADEP,59,25,200,485.00,"97,000.00"
2019-08-04,2019080401007257,NADEP,59,50,70,484.00,"33,880.00"
2019-08-04,2019080401007231,NADEP,51,50,30,484.00,"14,520.00"
2019-08-04,2019080401007216,NADEP,35,43,170,480.00,"81,600.00"
2019-08-04,2019080401006977,NADEP,59,50,10,481.00,"4,810.00"
2019-08-04,2019080401006918,NADEP,59,25,190,481.00,"91,390.00"
2019-08-04,2019080401006917,NADEP,49,25,10,481.00,"4,810.00"
2019-08-04,2019080401006980,NADEP,34,50,175,480.00,"84,000.00"
2019-08-04,2019080401006979,NADEP,47,50,55,480.00,"26,400.00"
2019-08-04,2019080401006978,NADEP,39,50,60,481.00,"28,860.00"
2019-08-04,2019080401007102,NADEP,35,38,20,480.00,"9,600.00"
2019-08-04,2019080401007077,NADEP,47,40,45,480.00,"21,600.00"
2019-08-04,2019080401007076,NADEP,34,40,105,480.00,"50,400.00"
2019-08-04,2019080401007051,NADEP,34,38,20,480.00,"9,600.00"
2019-08-04,2019080401007174,NBB,40,6,100,220.00,"22,000.00"
2019-08-04,2019080401007148,NBB,49,6,200,220.00,"44,000.00"
2019-08-04,2019080401007019,NBB,25,35,229,220.00,"50,380.00"
2019-08-04,2019080401007018,NBB,25,57,"1,049",220.00,"230,780.00"
2019-08-04,2019080401007017,NBB,25,51,22,220.00,"4,840.00"
2019-08-04,2019080401007218,NBL,45,43,260,334.00,"86,840.00"
2019-08-04,2019080401007217,NBL,49,43,240,334.00,"80,160.00"
2019-08-04,2019080401007195,NBL,38,10,200,335.00,"67,000.00"
2019-08-04,2019080401007177,NBL,4,4,"4,000",334.00,"1,336,000.00"
2019-08-04,2019080401007053,NBL,49,22,200,334.00,"66,800.00"
2019-08-04,2019080401006814,NBL,49,37,"1,000",334.00,"334,000.00"
2019-08-04,2019080401007213,NCCB,44,50,10,245.00,"2,450.00"
2019-08-04,2019080401007089,NCCB,33,25,50,244.00,"12,200.00"
2019-08-04,2019080401006916,NCCB,32,50,150,245.00,"36,750.00"
2019-08-04,2019080401006820,NCCB,22,50,30,245.00,"7,350.00"
2019-08-04,2019080401006807,NCCB,33,58,100,244.00,"24,400.00"
2019-08-04,2019080401006845,NGPL,25,45,63,115.00,"7,245.00"
2019-08-04,2019080401006934,NHPC,57,45,100,64.00,"6,400.00"
2019-08-04,2019080401006933,NHPC,56,45,200,64.00,"12,800.00"
2019-08-04,2019080401006932,NHPC,26,45,200,64.00,"12,800.00"
2019-08-04,2019080401006811,NIB,6,37,10,514.00,"5,140.00"
2019-08-04,2019080401006799,NIBSF1,32,41,"3,000",9.70,"29,100.00"
2019-08-04,2019080401006798,NIBSF1,32,14,"5,000",9.68,"48,400.00"
2019-08-04,2019080401006797,NIBSF1,32,43,"4,741",9.68,"45,892.88"
2019-08-04,2019080401007229,NICA,58,42,50,467.00,"23,350.00"
2019-08-04,2019080401007166,NICA,43,21,200,466.00,"93,200.00"
2019-08-04,2019080401006903,NICA,58,22,500,466.00,"233,000.00"
2019-08-04,2019080401006902,NICA,58,59,132,466.00,"61,512.00"
2019-08-04,2019080401006875,NICA,22,33,100,465.00,"46,500.00"
2019-08-04,2019080401006870,NICA,22,25,40,465.00,"18,600.00"
2019-08-04,2019080401006856,NICA,22,33,27,465.00,"12,555.00"
2019-08-04,2019080401006855,NICA,14,33,73,465.00,"33,945.00"
2019-08-04,2019080401006808,NICL,14,25,390,352.00,"137,280.00"
2019-08-04,2019080401007152,NIL,28,57,50,484.00,"24,200.00"
2019-08-04,2019080401007167,NLBBL,25,38,64,567.00,"36,288.00"
2019-08-04,2019080401007126,NLBBL,33,6,100,572.00,"57,200.00"
2019-08-04,2019080401007125,NLBBL,33,59,150,572.00,"85,800.00"
2019-08-04,2019080401007111,NLBBL,33,25,38,566.00,"21,508.00"
2019-08-04,2019080401007110,NLBBL,25,25,199,567.00,"112,833.00"
2019-08-04,2019080401007109,NLBBL,19,25,200,567.00,"113,400.00"
2019-08-04,2019080401006829,NLBBL,22,59,32,568.00,"18,176.00"
2019-08-04,2019080401006823,NLBBL,21,59,68,569.00,"38,692.00"
2019-08-04,2019080401006776,NLBBL,21,33,132,569.00,"75,108.00"
2019-08-04,2019080401006775,NLBBL,43,33,68,570.00,"38,760.00"
2019-08-04,2019080401007108,NLBBL,21,25,413,567.00,"234,171.00"
2019-08-04,2019080401007094,NLBBL,21,41,87,567.00,"49,329.00"
2019-08-04,2019080401007093,NLBBL,33,41,59,567.00,"33,453.00"
2019-08-04,2019080401007092,NLBBL,22,41,54,568.00,"30,672.00"
2019-08-04,2019080401006874,NLBBL,25,25,200,571.00,"114,200.00"
2019-08-04,2019080401006871,NLBBL,22,34,10,568.00,"5,680.00"
2019-08-04,2019080401007230,NLG,6,5,11,713.00,"7,843.00"
2019-08-04,2019080401006806,NLG,57,46,50,700.00,"35,000.00"
2019-08-04,2019080401006805,NLG,29,46,20,700.00,"14,000.00"
2019-08-04,2019080401006804,NLG,22,46,10,701.00,"7,010.00"
2019-08-04,2019080401006803,NLG,4,46,10,710.00,"7,100.00"
2019-08-04,2019080401006887,NLIC,34,41,31,876.00,"27,156.00"
2019-08-04,2019080401006963,NMBMF,34,34,8,"1,075.00","8,600.00"
2019-08-04,2019080401006877,NMBMF,14,14,4,"1,070.00","4,280.00"
2019-08-04,2019080401006816,NMBMF,14,14,3,"1,070.00","3,210.00"
2019-08-04,2019080401007047,NMFBS,39,49,50,"1,545.00","77,250.00"
2019-08-04,2019080401006826,NNLB,34,58,200,466.00,"93,200.00"
2019-08-04,2019080401006825,NNLB,36,58,20,467.00,"9,340.00"
2019-08-04,2019080401006824,NNLB,6,58,25,467.00,"11,675.00"
2019-08-04,2019080401007224,NTC,38,47,50,693.00,"34,650.00"
2019-08-04,2019080401007175,NUBL,59,17,52,905.00,"47,060.00"
2019-08-04,2019080401007030,NUBL,4,45,200,904.00,"180,800.00"
2019-08-04,2019080401007024,NUBL,4,48,350,904.00,"316,400.00"
2019-08-04,2019080401007133,PCBL,19,29,110,281.00,"30,910.00"
2019-08-04,2019080401007132,PCBL,45,29,113,281.00,"31,753.00"
2019-08-04,2019080401007104,PCBL,45,57,100,281.00,"28,100.00"
2019-08-04,2019080401007075,PCBL,45,25,10,281.00,"2,810.00"
2019-08-04,2019080401007236,PIC,57,35,40,479.00,"19,160.00"
2019-08-04,2019080401007232,PIC,57,40,40,479.00,"19,160.00"
2019-08-04,2019080401007226,PIC,57,16,736,479.00,"352,544.00"
2019-08-04,2019080401007225,PIC,57,33,120,479.00,"57,480.00"
2019-08-04,2019080401007201,PIC,26,26,2,470.00,940.00
2019-08-04,2019080401007113,PIC,37,33,30,479.00,"14,370.00"
2019-08-04,2019080401007035,PIC,49,33,150,479.00,"71,850.00"
2019-08-04,2019080401007142,PICL,13,43,36,540.00,"19,440.00"
2019-08-04,2019080401007068,PPCL,56,57,30,131.00,"3,930.00"
2019-08-04,2019080401006901,PPCL,56,38,20,131.00,"2,620.00"
2019-08-04,2019080401006900,PPCL,36,38,10,131.00,"1,310.00"
2019-08-04,2019080401007123,PRIN,10,34,275,370.00,"101,750.00"
2019-08-04,2019080401007083,PRIN,10,48,16,370.00,"5,920.00"
2019-08-04,2019080401007082,PRIN,44,48,94,371.00,"34,874.00"
2019-08-04,2019080401006996,PRIN,44,56,190,371.00,"70,490.00"
2019-08-04,2019080401006937,PRIN,44,56,200,371.00,"74,200.00"
2019-08-04,2019080401007235,PRVU,57,21,497,274.00,"136,178.00"
2019-08-04,2019080401007162,PRVU,35,54,160,275.00,"44,000.00"
2019-08-04,2019080401007161,PRVU,35,35,453,275.00,"124,575.00"
2019-08-04,2019080401007160,PRVU,35,52,200,275.00,"55,000.00"
2019-08-04,2019080401007159,PRVU,35,10,187,275.00,"51,425.00"
2019-08-04,2019080401007155,PRVU,57,38,737,274.00,"201,938.00"
2019-08-04,2019080401006922,PRVU,14,26,492,274.00,"134,808.00"
2019-08-04,2019080401006895,PRVU,14,5,291,274.00,"79,734.00"
2019-08-04,2019080401006885,PRVU,14,38,"1,000",274.00,"274,000.00"
2019-08-04,2019080401007064,PRVU,45,10,20,275.00,"5,500.00"
2019-08-04,2019080401006923,PRVU,57,26,"1,008",274.00,"276,192.00"
2019-08-04,2019080401006819,RADHI,54,57,11,146.00,"1,606.00"
2019-08-04,2019080401006771,RADHI,54,57,11,146.00,"1,606.00"
2019-08-04,2019080401007234,RSDC,45,45,120,383.00,"45,960.00"
2019-08-04,2019080401007163,RSDC,4,45,20,383.00,"7,660.00"
2019-08-04,2019080401007057,RSDC,4,38,30,383.00,"11,490.00"
2019-08-04,2019080401007056,RSDC,18,38,30,383.00,"11,490.00"
2019-08-04,2019080401006925,RSDC,18,38,60,383.00,"22,980.00"
2019-08-04,2019080401007202,SANIMA,17,14,700,356.00,"249,200.00"
2019-08-04,2019080401006905,SANIMA,17,34,30,356.00,"10,680.00"
2019-08-04,2019080401006840,SANIMA,48,35,150,357.00,"53,550.00"
2019-08-04,2019080401006839,SANIMA,48,14,50,357.00,"17,850.00"
2019-08-04,2019080401006836,SANIMA,17,25,40,356.00,"14,240.00"
2019-08-04,2019080401007264,SDESI,1,38,21,632.00,"13,272.00"
2019-08-04,2019080401007223,SDESI,1,38,27,632.00,"17,064.00"
2019-08-04,2019080401007183,SDESI,14,38,18,635.00,"11,430.00"
2019-08-04,2019080401007121,SDESI,35,38,330,635.00,"209,550.00"
2019-08-04,2019080401007120,SDESI,57,38,200,636.00,"127,200.00"
2019-08-04,2019080401007119,SDESI,35,38,200,639.00,"127,800.00"
2019-08-04,2019080401007118,SDESI,6,38,31,641.00,"19,871.00"
2019-08-04,2019080401007260,SHINE,21,14,190,254.00,"48,260.00"
2019-08-04,2019080401006812,SHINE,21,28,20,254.00,"5,080.00"
2019-08-04,2019080401007198,SHIVM,38,25,14,590.00,"8,260.00"
2019-08-04,2019080401007197,SHIVM,38,25,60,590.00,"35,400.00"
2019-08-04,2019080401007196,SHIVM,49,25,26,590.00,"15,340.00"
2019-08-04,2019080401007164,SHIVM,49,3,10,590.00,"5,900.00"
2019-08-04,2019080401006770,SHIVM,16,1,100,591.00,"59,100.00"
2019-08-04,2019080401006873,SHIVM,45,1,50,591.00,"29,550.00"
2019-08-04,2019080401006844,SHIVM,51,1,30,591.00,"17,730.00"
2019-08-04,2019080401006843,SHIVM,51,16,70,591.00,"41,370.00"
2019-08-04,2019080401006842,SHIVM,51,1,100,591.00,"59,100.00"
2019-08-04,2019080401006838,SHIVM,49,43,114,590.00,"67,260.00"
2019-08-04,2019080401006837,SHIVM,41,43,486,590.00,"286,740.00"
2019-08-04,2019080401007049,SHIVM,49,57,100,590.00,"59,000.00"
2019-08-04,2019080401006897,SHIVM,49,38,250,590.00,"147,500.00"
2019-08-04,2019080401007048,SHL,26,43,100,232.00,"23,200.00"
2019-08-04,2019080401007069,SHPC,47,6,322,244.00,"78,568.00"
2019-08-04,2019080401006958,SHPC,36,6,50,244.00,"12,200.00"
2019-08-04,2019080401006957,SHPC,25,6,500,244.00,"122,000.00"
2019-08-04,2019080401006956,SHPC,25,6,"1,000",244.00,"244,000.00"
2019-08-04,2019080401006955,SHPC,44,6,145,244.00,"35,380.00"
2019-08-04,2019080401006938,SHPC,43,34,58,245.00,"14,210.00"
2019-08-04,2019080401006787,SINDU,32,37,702,134.00,"94,068.00"
2019-08-04,2019080401006786,SINDU,34,37,298,134.00,"39,932.00"
2019-08-04,2019080401007028,SKBBL,42,38,65,992.00,"64,480.00"
2019-08-04,2019080401006863,SLBSL,38,59,50,694.00,"34,700.00"
2019-08-04,2019080401006774,SLBSL,38,29,10,694.00,"6,940.00"
2019-08-04,2019080401006768,SLBSL,38,29,10,694.00,"6,940.00"
2019-08-04,2019080401006967,SLBSL,49,49,100,685.00,"68,500.00"
2019-08-04,2019080401006966,SLBSL,28,49,100,686.00,"68,600.00"
2019-08-04,2019080401006965,SLBSL,18,49,70,686.00,"48,020.00"
2019-08-04,2019080401006964,SLBSL,33,49,60,693.00,"41,580.00"
2019-08-04,2019080401006954,SLBSL,33,34,10,693.00,"6,930.00"
2019-08-04,2019080401006888,SLBSL,38,25,50,694.00,"34,700.00"
2019-08-04,2019080401007027,SLBSL,34,34,10,684.00,"6,840.00"
2019-08-04,2019080401007007,SLBSL,18,49,70,685.00,"47,950.00"
2019-08-04,2019080401007004,SLBSL,34,34,10,684.00,"6,840.00"
2019-08-04,2019080401006984,SLBSL,34,34,10,684.00,"6,840.00"
2019-08-04,2019080401006968,SLBSL,14,49,100,685.00,"68,500.00"
2019-08-04,2019080401007127,SLBSL,34,19,10,684.00,"6,840.00"
2019-08-04,2019080401007052,SLBSL,57,18,10,694.00,"6,940.00"
2019-08-04,2019080401007039,SLICL,44,48,25,451.00,"11,275.00"
2019-08-04,2019080401006953,SLICL,16,14,10,454.00,"4,540.00"
2019-08-04,2019080401006860,SMFBS,22,38,10,793.00,"7,930.00"
2019-08-04,2019080401007181,SMFDB,55,37,88,580.00,"51,040.00"
2019-08-04,2019080401007180,SMFDB,17,37,50,580.00,"29,000.00"
2019-08-04,2019080401006994,SMFDB,3,45,10,593.00,"5,930.00"
2019-08-04,2019080401006986,SMFDB,10,57,385,595.00,"229,075.00"
2019-08-04,2019080401006985,SMFDB,10,58,65,595.00,"38,675.00"
2019-08-04,2019080401007036,SMFDB,58,58,50,591.00,"29,550.00"
2019-08-04,2019080401006995,SMFDB,45,45,20,592.00,"11,840.00"
2019-08-04,2019080401007179,SMFDB,17,37,100,580.00,"58,000.00"
2019-08-04,2019080401007178,SMFDB,45,37,150,585.00,"87,750.00"
2019-08-04,2019080401007157,SMFDB,45,58,50,585.00,"29,250.00"
2019-08-04,2019080401007156,SMFDB,19,58,100,586.00,"58,600.00"
2019-08-04,2019080401007136,SMFDB,19,14,100,586.00,"58,600.00"
2019-08-04,2019080401007135,SMFDB,37,14,50,586.00,"29,300.00"
2019-08-04,2019080401007165,SPARS,45,28,10,717.00,"7,170.00"
2019-08-04,2019080401007154,SPARS,35,6,25,715.00,"17,875.00"
2019-08-04,2019080401007153,SPARS,35,49,10,714.00,"7,140.00"
2019-08-04,2019080401007099,SPARS,43,44,10,715.00,"7,150.00"
2019-08-04,2019080401007098,SPARS,43,6,25,715.00,"17,875.00"
2019-08-04,2019080401007097,SPARS,43,52,10,714.00,"7,140.00"
2019-08-04,2019080401006930,SPARS,34,17,10,703.00,"7,030.00"
2019-08-04,2019080401006827,SPARS,34,58,10,700.00,"7,000.00"
2019-08-04,2019080401006796,SPARS,34,26,40,705.00,"28,200.00"
2019-08-04,2019080401006795,SPARS,34,41,10,705.00,"7,050.00"
2019-08-04,2019080401007012,SPARS,3,41,10,710.00,"7,100.00"
2019-08-04,2019080401007011,SPARS,3,45,50,708.00,"35,400.00"
2019-08-04,2019080401007010,SPARS,3,41,10,708.00,"7,080.00"
2019-08-04,2019080401007009,SPARS,3,48,10,707.00,"7,070.00"
2019-08-04,2019080401007008,SPARS,3,59,10,706.00,"7,060.00"
2019-08-04,2019080401006959,SPARS,34,33,10,703.00,"7,030.00"
2019-08-04,2019080401007096,SPARS,43,11,60,714.00,"42,840.00"
2019-08-04,2019080401007095,SPARS,43,22,10,712.00,"7,120.00"
2019-08-04,2019080401007055,SPARS,3,38,30,714.00,"21,420.00"
2019-08-04,2019080401007054,SPARS,3,53,10,714.00,"7,140.00"
2019-08-04,2019080401007014,SPARS,3,22,10,712.00,"7,120.00"
2019-08-04,2019080401007013,SPARS,3,38,80,710.00,"56,800.00"
2019-08-04,2019080401006952,SRBL,39,43,"1,679",247.00,"414,713.00"
2019-08-04,2019080401006951,SRBL,28,43,500,247.00,"123,500.00"
2019-08-04,2019080401006950,SRBL,28,43,221,247.00,"54,587.00"
2019-08-04,2019080401007238,SWBBL,17,57,10,945.00,"9,450.00"
2019-08-04,2019080401007237,SWBBL,17,25,100,945.00,"94,500.00"
2019-08-04,2019080401007220,SWBBL,17,7,50,944.00,"47,200.00"
2019-08-04,2019080401007219,SWBBL,17,7,250,945.00,"236,250.00"
2019-08-04,2019080401007176,SWBBL,4,14,200,941.00,"188,200.00"
2019-08-04,2019080401006810,SWBBL,4,7,200,944.00,"188,800.00"
2019-08-04,2019080401006809,SWBBL,4,19,100,944.00,"94,400.00"
2019-08-04,2019080401007221,UFL,39,28,50,181.00,"9,050.00"
2019-08-04,2019080401007168,UFL,39,28,50,181.00,"9,050.00"
2019-08-04,2019080401007026,UPCL,34,57,150,86.00,"12,900.00"
2019-08-04,2019080401007211,UPPER,55,45,293,268.00,"78,524.00"
2019-08-04,2019080401007103,UPPER,55,43,120,268.00,"32,160.00"
2019-08-04,2019080401007091,UPPER,52,22,50,269.00,"13,450.00"
2019-08-04,2019080401007061,UPPER,55,34,40,268.00,"10,720.00"
2019-08-04,2019080401006847,UPPER,55,26,10,268.00,"2,680.00"
2019-08-04,2019080401007116,VLBS,33,41,60,605.00,"36,300.00"
2019-08-04,2019080401007115,VLBS,22,41,50,606.00,"30,300.00"
2019-08-04,2019080401006818,VLBS,33,34,50,609.00,"30,450.00"
2019-08-04,2019080401007066,VLBS,33,57,100,610.00,"61,000.00"
2019-08-04,2019080401007065,VLBS,33,36,158,609.00,"96,222.00"
2019-08-04,2019080401006907,VLBS,7,38,300,608.00,"182,400.00"
2019-08-04,2019080401006884,VLBS,33,34,50,608.00,"30,400.00"
2019-08-04,2019080401006763,ADBL,58,48,61,435.00,"26,535.00"
2019-08-04,2019080401006762,ADBL,39,48,45,435.00,"19,575.00"
2019-08-04,2019080401006647,ADBL,39,22,130,435.00,"56,550.00"
2019-08-04,2019080401006643,ADBL,39,45,825,435.00,"358,875.00"
2019-08-04,2019080401006642,ADBL,58,45,175,435.00,"76,125.00"
2019-08-04,2019080401006581,ADBL,58,45,825,435.00,"358,875.00"
2019-08-04,2019080401006281,ADBL,58,43,"1,000",436.00,"436,000.00"
2019-08-04,2019080401006475,ADBL,39,22,62,435.00,"26,970.00"
2019-08-04,2019080401006437,ADBL,39,20,30,435.00,"13,050.00"
2019-08-04,2019080401006416,ADBL,39,49,190,435.00,"82,650.00"
2019-08-04,2019080401006393,ADBL,39,17,73,435.00,"31,755.00"
2019-08-04,2019080401006377,ADBL,39,57,150,435.00,"65,250.00"
2019-08-04,2019080401006293,ADBL,49,45,80,436.00,"34,880.00"
2019-08-04,2019080401006580,ADBL,38,45,175,435.00,"76,125.00"
2019-08-04,2019080401006507,ADBL,7,42,80,436.00,"34,880.00"
2019-08-04,2019080401006499,ADBL,7,40,500,436.00,"218,000.00"
2019-08-04,2019080401006498,ADBL,7,45,420,436.00,"183,120.00"
2019-08-04,2019080401006480,ADBL,38,22,52,435.00,"22,620.00"
2019-08-04,2019080401006476,ADBL,38,22,773,435.00,"336,255.00"
2019-08-04,2019080401006510,AKJCL,25,41,20,70.00,"1,400.00"
2019-08-04,2019080401006509,AKJCL,25,44,20,70.00,"1,400.00"
2019-08-04,2019080401006508,AKJCL,25,38,10,70.00,700.00
2019-08-04,2019080401006758,ALBSL,40,40,200,500.00,"100,000.00"
2019-08-04,2019080401006641,ALBSL,57,14,10,498.00,"4,980.00"
2019-08-04,2019080401006530,ALBSL,57,57,10,501.00,"5,010.00"
2019-08-04,2019080401006494,ALBSL,25,39,10,509.00,"5,090.00"
2019-08-04,2019080401006493,ALBSL,25,25,20,508.00,"10,160.00"
2019-08-04,2019080401006492,ALBSL,25,57,10,507.00,"5,070.00"
2019-08-04,2019080401006448,ALBSL,57,58,10,501.00,"5,010.00"
2019-08-04,2019080401006426,ALBSL,21,25,200,500.00,"100,000.00"
2019-08-04,2019080401006363,ALBSL,57,58,10,501.00,"5,010.00"
2019-08-04,2019080401006339,ALBSL,57,34,10,501.00,"5,010.00"
2019-08-04,2019080401006634,ALICL,37,38,47,364.00,"17,108.00"
2019-08-04,2019080401006633,ALICL,43,38,188,364.00,"68,432.00"
2019-08-04,2019080401006632,ALICL,45,38,20,365.00,"7,300.00"
2019-08-04,2019080401006315,API,37,25,100,136.00,"13,600.00"
2019-08-04,2019080401006314,API,44,25,100,136.00,"13,600.00"
2019-08-04,2019080401006313,API,14,25,50,136.00,"6,800.00"
2019-08-04,2019080401006312,API,53,25,50,136.00,"6,800.00"
2019-08-04,2019080401006620,BOKL,6,57,100,264.00,"26,400.00"
2019-08-04,2019080401006683,BPCL,26,38,54,402.00,"21,708.00"
2019-08-04,2019080401006731,CBBL,34,11,40,"1,009.00","40,360.00"
2019-08-04,2019080401006730,CBBL,34,55,200,"1,009.00","201,800.00"
2019-08-04,2019080401006729,CBBL,34,39,10,"1,009.00","10,090.00"
2019-08-04,2019080401006728,CBBL,34,54,250,"1,008.00","252,000.00"
2019-08-04,2019080401006703,CBBL,54,54,300,"1,008.00","302,400.00"
2019-08-04,2019080401006702,CBBL,54,56,100,"1,007.00","100,700.00"
2019-08-04,2019080401006666,CBBL,21,54,450,"1,006.00","452,700.00"
2019-08-04,2019080401006524,CBBL,38,41,14,"1,008.00","14,112.00"
2019-08-04,2019080401006523,CBBL,38,38,100,"1,008.00","100,800.00"
2019-08-04,2019080401006522,CBBL,38,54,100,"1,008.00","100,800.00"
2019-08-04,2019080401006445,CBBL,59,49,100,"1,006.00","100,600.00"
2019-08-04,2019080401006308,CBBL,59,21,40,"1,006.00","40,240.00"
2019-08-04,2019080401006698,CBL,57,48,100,153.00,"15,300.00"
2019-08-04,2019080401006676,CBL,35,48,100,152.00,"15,200.00"
2019-08-04,2019080401006424,CHCL,6,33,362,510.00,"184,620.00"
2019-08-04,2019080401006423,CHCL,55,33,37,510.00,"18,870.00"
2019-08-04,2019080401006422,CHCL,52,33,101,510.00,"51,510.00"
2019-08-04,2019080401006328,CHCL,43,26,500,511.00,"255,500.00"
2019-08-04,2019080401006707,CIT,41,32,20,"2,442.00","48,840.00"
2019-08-04,2019080401006582,CZBIL,17,32,10,223.00,"2,230.00"
2019-08-04,2019080401006764,DDBL,38,44,100,791.00,"79,100.00"
2019-08-04,2019080401006739,DDBL,45,58,56,790.00,"44,240.00"
2019-08-04,2019080401006735,DDBL,44,58,44,790.00,"34,760.00"
2019-08-04,2019080401006734,DDBL,44,53,99,790.00,"78,210.00"
2019-08-04,2019080401006733,DDBL,44,4,357,790.00,"282,030.00"
2019-08-04,2019080401006720,DDBL,45,6,100,785.00,"78,500.00"
2019-08-04,2019080401006551,DDBL,52,35,20,779.00,"15,580.00"
2019-08-04,2019080401006550,DDBL,52,49,50,779.00,"38,950.00"
2019-08-04,2019080401006549,DDBL,52,6,89,779.00,"69,331.00"
2019-08-04,2019080401006548,DDBL,52,35,99,779.00,"77,121.00"
2019-08-04,2019080401006431,DDBL,47,38,10,779.00,"7,790.00"
2019-08-04,2019080401006348,DDBL,47,42,180,779.00,"140,220.00"
2019-08-04,2019080401006628,DDBL,52,32,100,785.00,"78,500.00"
2019-08-04,2019080401006627,DDBL,52,13,100,784.00,"78,400.00"
2019-08-04,2019080401006626,DDBL,52,45,10,784.00,"7,840.00"
2019-08-04,2019080401006625,DDBL,52,53,50,784.00,"39,200.00"
2019-08-04,2019080401006569,DDBL,16,34,32,781.00,"24,992.00"
2019-08-04,2019080401006552,DDBL,52,49,416,780.00,"324,480.00"
2019-08-04,2019080401006682,DDBL,52,6,100,785.00,"78,500.00"
2019-08-04,2019080401006672,DDBL,52,4,43,790.00,"33,970.00"
2019-08-04,2019080401006671,DDBL,52,1,57,790.00,"45,030.00"
2019-08-04,2019080401006670,DDBL,52,7,100,790.00,"79,000.00"
2019-08-04,2019080401006660,DDBL,16,51,100,785.00,"78,500.00"
2019-08-04,2019080401006629,DDBL,52,25,138,785.00,"108,330.00"
2019-08-04,2019080401006708,EBL,44,5,312,656.00,"204,672.00"
2019-08-04,2019080401006696,EBL,44,1,250,658.00,"164,500.00"
2019-08-04,2019080401006622,EBL,26,1,100,658.00,"65,800.00"
2019-08-04,2019080401006483,EBL,45,1,50,658.00,"32,900.00"
2019-08-04,2019080401006482,EBL,45,55,50,658.00,"32,900.00"
2019-08-04,2019080401006415,EBL,14,14,45,659.00,"29,655.00"
2019-08-04,2019080401006305,EBL,17,26,100,660.00,"66,000.00"
2019-08-04,2019080401006304,EBL,48,26,500,660.00,"330,000.00"
2019-08-04,2019080401006303,EBL,35,26,100,660.00,"66,000.00"
2019-08-04,2019080401006302,EBL,7,26,29,660.00,"19,140.00"
2019-08-04,2019080401006278,EIC,45,17,200,355.00,"71,000.00"
2019-08-04,2019080401006277,EIC,54,17,78,355.00,"27,690.00"
2019-08-04,2019080401006276,EIC,41,17,140,356.00,"49,840.00"
2019-08-04,2019080401006275,EIC,38,17,30,356.00,"10,680.00"
2019-08-04,2019080401006765,FMDBL,48,59,68,395.00,"26,860.00"
2019-08-04,2019080401006718,FMDBL,48,36,32,395.00,"12,640.00"
2019-08-04,2019080401006717,FMDBL,45,36,89,396.00,"35,244.00"
2019-08-04,2019080401006503,FMDBL,45,42,11,396.00,"4,356.00"
2019-08-04,2019080401006601,FOWAD,40,37,35,"1,420.00","49,700.00"
2019-08-04,2019080401006600,FOWAD,1,37,20,"1,421.00","28,420.00"
2019-08-04,2019080401006474,FOWAD,58,56,50,"1,426.00","71,300.00"
2019-08-04,2019080401006473,FOWAD,56,56,50,"1,427.00","71,350.00"
2019-08-04,2019080401006472,FOWAD,55,56,25,"1,428.00","35,700.00"
2019-08-04,2019080401006420,FOWAD,58,37,300,"1,428.00","428,400.00"
2019-08-04,2019080401006419,FOWAD,17,37,10,"1,429.00","14,290.00"
2019-08-04,2019080401006418,FOWAD,17,37,38,"1,430.00","54,340.00"
2019-08-04,2019080401006364,FOWAD,17,6,50,"1,430.00","71,500.00"
2019-08-04,2019080401006358,FOWAD,17,33,112,"1,430.00","160,160.00"
2019-08-04,2019080401006357,FOWAD,32,33,20,"1,430.00","28,600.00"
2019-08-04,2019080401006356,FOWAD,58,33,93,"1,430.00","132,990.00"
2019-08-04,2019080401006760,GBLBS,39,22,10,400.00,"4,000.00"
2019-08-04,2019080401006688,GBLBS,39,57,10,400.00,"4,000.00"
2019-08-04,2019080401006589,GBLBS,52,37,100,400.00,"40,000.00"
2019-08-04,2019080401006588,GBLBS,52,59,237,400.00,"94,800.00"
2019-08-04,2019080401006573,GBLBS,33,59,163,400.00,"65,200.00"
2019-08-04,2019080401006511,GBLBS,44,55,10,403.00,"4,030.00"
2019-08-04,2019080401006455,GBLBS,52,49,100,401.00,"40,100.00"
2019-08-04,2019080401006454,GBLBS,17,49,50,402.00,"20,100.00"
2019-08-04,2019080401006287,GBLBS,52,50,160,401.00,"64,160.00"
2019-08-04,2019080401006286,GBLBS,37,50,50,401.00,"20,050.00"
2019-08-04,2019080401006285,GBLBS,17,50,40,401.00,"16,040.00"
2019-08-04,2019080401006284,GBLBS,17,50,50,402.00,"20,100.00"
2019-08-04,2019080401006505,GBLBS,34,18,10,398.00,"3,980.00"
2019-08-04,2019080401006488,GBLBS,49,14,"1,000",400.00,"400,000.00"
2019-08-04,2019080401006487,GBLBS,51,14,30,400.00,"12,000.00"
2019-08-04,2019080401006486,GBLBS,19,14,60,401.00,"24,060.00"
2019-08-04,2019080401006485,GBLBS,52,14,101,401.00,"40,501.00"
2019-08-04,2019080401006465,GBLBS,52,40,139,401.00,"55,739.00"
2019-08-04,2019080401006639,GDBL,5,59,80,212.00,"16,960.00"
2019-08-04,2019080401006738,GLBSL,7,44,10,576.00,"5,760.00"
2019-08-04,2019080401006295,GLBSL,7,26,10,576.00,"5,760.00"
2019-08-04,2019080401006604,GLICL,33,35,400,453.00,"181,200.00"
2019-08-04,2019080401006679,GMFBS,1,14,10,620.00,"6,200.00"
2019-08-04,2019080401006654,GMFBS,1,44,10,620.00,"6,200.00"
2019-08-04,2019080401006640,GMFBS,55,39,10,620.00,"6,200.00"
2019-08-04,2019080401006612,GMFBS,16,33,100,621.00,"62,100.00"
2019-08-04,2019080401006611,GMFBS,44,33,200,622.00,"124,400.00"
2019-08-04,2019080401006560,GMFBS,44,57,10,622.00,"6,220.00"
2019-08-04,2019080401006519,GMFBS,44,1,10,622.00,"6,220.00"
2019-08-04,2019080401006456,GMFBS,44,36,60,622.00,"37,320.00"
2019-08-04,2019080401006453,GMFBS,44,55,70,622.00,"43,540.00"
2019-08-04,2019080401006372,GMFBS,44,55,100,622.00,"62,200.00"
2019-08-04,2019080401006355,GMFBS,16,37,90,625.00,"56,250.00"
2019-08-04,2019080401006354,GMFBS,16,26,10,625.00,"6,250.00"
2019-08-04,2019080401006531,GRDBL,7,49,50,109.00,"5,450.00"
2019-08-04,2019080401006404,HBL,11,58,12,545.00,"6,540.00"
2019-08-04,2019080401006307,HDL,45,19,100,"1,576.00","157,600.00"
2019-08-04,2019080401006406,HGI,45,6,10,343.00,"3,430.00"
2019-08-04,2019080401006463,HIDCL,41,56,355,155.00,"55,025.00"
2019-08-04,2019080401006462,HIDCL,57,56,50,155.00,"7,750.00"
2019-08-04,2019080401006461,HIDCL,8,56,80,155.00,"12,400.00"
2019-08-04,2019080401006460,HIDCL,8,56,500,155.00,"77,500.00"
2019-08-04,2019080401006459,HIDCL,50,56,50,155.00,"7,750.00"
2019-08-04,2019080401006458,HIDCL,50,56,100,155.00,"15,500.00"
2019-08-04,2019080401006457,HIDCL,52,56,365,155.00,"56,575.00"
2019-08-04,2019080401006518,HPPL,16,49,10,169.00,"1,690.00"
2019-08-04,2019080401006757,HURJA,11,21,10,136.00,"1,360.00"
2019-08-04,2019080401006637,HURJA,11,57,20,136.00,"2,720.00"
2019-08-04,2019080401006759,ILBS,36,26,10,505.00,"5,050.00"
2019-08-04,2019080401006750,ILBS,36,14,10,505.00,"5,050.00"
2019-08-04,2019080401006737,ILBS,7,6,10,508.00,"5,080.00"
2019-08-04,2019080401006736,ILBS,22,6,260,508.00,"132,080.00"
2019-08-04,2019080401006723,ILBS,22,38,240,508.00,"121,920.00"
2019-08-04,2019080401006722,ILBS,14,38,70,508.00,"35,560.00"
2019-08-04,2019080401006374,ILBS,14,6,70,520.00,"36,400.00"
2019-08-04,2019080401006373,ILBS,57,6,190,521.00,"98,990.00"
2019-08-04,2019080401006342,ILBS,57,29,10,521.00,"5,210.00"
2019-08-04,2019080401006428,ILBS,21,6,40,520.00,"20,800.00"
2019-08-04,2019080401006427,ILBS,21,28,10,520.00,"5,200.00"
2019-08-04,2019080401006409,ILBS,21,37,10,520.00,"5,200.00"
2019-08-04,2019080401006396,ILBS,21,37,10,520.00,"5,200.00"
2019-08-04,2019080401006376,ILBS,21,6,130,520.00,"67,600.00"
2019-08-04,2019080401006375,ILBS,52,6,10,520.00,"5,200.00"
2019-08-04,2019080401006449,ILBS,39,44,80,519.00,"41,520.00"
2019-08-04,2019080401006443,ILBS,39,18,20,519.00,"10,380.00"
2019-08-04,2019080401006442,ILBS,52,18,10,519.00,"5,190.00"
2019-08-04,2019080401006441,ILBS,49,18,20,519.00,"10,380.00"
2019-08-04,2019080401006432,ILBS,49,18,10,519.00,"5,190.00"
2019-08-04,2019080401006429,ILBS,48,6,10,520.00,"5,200.00"
2019-08-04,2019080401006504,ILBS,32,49,10,516.00,"5,160.00"
2019-08-04,2019080401006468,ILBS,7,7,200,517.00,"103,400.00"
2019-08-04,2019080401006467,ILBS,56,7,90,517.00,"46,530.00"
2019-08-04,2019080401006452,ILBS,21,44,200,518.00,"103,600.00"
2019-08-04,2019080401006451,ILBS,45,44,60,518.00,"31,080.00"
2019-08-04,2019080401006450,ILBS,34,44,100,519.00,"51,900.00"
2019-08-04,2019080401006558,ILBS,6,19,280,514.00,"143,920.00"
2019-08-04,2019080401006557,ILBS,36,6,20,515.00,"10,300.00"
2019-08-04,2019080401006556,ILBS,6,6,30,515.00,"15,450.00"
2019-08-04,2019080401006555,ILBS,32,6,20,515.00,"10,300.00"
2019-08-04,2019080401006554,ILBS,25,6,10,516.00,"5,160.00"
2019-08-04,2019080401006553,ILBS,32,6,40,516.00,"20,640.00"
2019-08-04,2019080401006721,ILBS,14,6,430,508.00,"218,440.00"
2019-08-04,2019080401006714,ILBS,52,6,50,510.00,"25,500.00"
2019-08-04,2019080401006701,ILBS,44,14,10,512.00,"5,120.00"
2019-08-04,2019080401006697,ILBS,44,6,40,512.00,"20,480.00"
2019-08-04,2019080401006564,ILBS,45,19,180,512.00,"92,160.00"
2019-08-04,2019080401006559,ILBS,38,19,200,513.00,"102,600.00"
2019-08-04,2019080401006392,JBBL,38,35,500,155.00,"77,500.00"
2019-08-04,2019080401006391,JBBL,1,35,500,155.00,"77,500.00"
2019-08-04,2019080401006390,JBBL,32,35,500,155.00,"77,500.00"
2019-08-04,2019080401006389,JBBL,1,35,500,155.00,"77,500.00"
2019-08-04,2019080401006388,JBBL,42,35,"1,000",155.00,"155,000.00"
2019-08-04,2019080401006387,JBBL,25,35,200,155.00,"31,000.00"
2019-08-04,2019080401006380,JBBL,46,35,500,156.00,"78,000.00"
2019-08-04,2019080401006379,JBBL,49,35,"1,000",157.00,"157,000.00"
2019-08-04,2019080401006378,JBBL,46,35,115,157.00,"18,055.00"
2019-08-04,2019080401006386,JBBL,44,35,325,155.00,"50,375.00"
2019-08-04,2019080401006385,JBBL,14,35,500,155.00,"77,500.00"
2019-08-04,2019080401006384,JBBL,54,35,200,156.00,"31,200.00"
2019-08-04,2019080401006383,JBBL,14,35,"1,000",156.00,"156,000.00"
2019-08-04,2019080401006382,JBBL,1,35,500,156.00,"78,000.00"
2019-08-04,2019080401006381,JBBL,34,35,500,156.00,"78,000.00"
2019-08-04,2019080401006755,JOSHI,7,57,20,74.00,"1,480.00"
2019-08-04,2019080401006699,JOSHI,7,57,20,74.00,"1,480.00"
2019-08-04,2019080401006673,JOSHI,7,57,20,74.00,"1,480.00"
2019-08-04,2019080401006616,JOSHI,7,57,20,74.00,"1,480.00"
2019-08-04,2019080401006568,KBL,6,39,"1,000",214.00,"214,000.00"
2019-08-04,2019080401006562,KBL,6,5,42,214.00,"8,988.00"
2019-08-04,2019080401006761,KPCL,33,57,10,89.00,890.00
2019-08-04,2019080401006704,KPCL,33,57,10,89.00,890.00
2019-08-04,2019080401006623,KPCL,33,57,10,89.00,890.00
2019-08-04,2019080401006602,KPCL,33,58,10,89.00,890.00
2019-08-04,2019080401006446,KRBL,5,22,400,111.00,"44,400.00"
2019-08-04,2019080401006421,KRBL,33,22,300,111.00,"33,300.00"
2019-08-04,2019080401006349,KSBBL,21,49,50,154.00,"7,700.00"
2019-08-04,2019080401006746,LBBL,8,45,"1,260",208.00,"262,080.00"
2019-08-04,2019080401006745,LBBL,8,16,18,208.00,"3,744.00"
2019-08-04,2019080401006744,LBBL,8,32,100,208.00,"20,800.00"
2019-08-04,2019080401006743,LBBL,8,11,53,208.00,"11,024.00"
2019-08-04,2019080401006742,LBBL,8,11,53,208.00,"11,024.00"
2019-08-04,2019080401006408,LBBL,42,42,518,207.00,"107,226.00"
2019-08-04,2019080401006411,LBL,41,38,500,220.00,"110,000.00"
2019-08-04,2019080401006282,LGIL,37,34,384,427.00,"163,968.00"
2019-08-04,2019080401006740,LICN,44,59,10,"1,141.00","11,410.00"
2019-08-04,2019080401006678,LICN,56,57,60,"1,147.00","68,820.00"
2019-08-04,2019080401006645,LICN,26,57,30,"1,147.00","34,410.00"
2019-08-04,2019080401006596,MBL,29,6,139,264.00,"36,696.00"
2019-08-04,2019080401006595,MBL,29,41,61,264.00,"16,104.00"
2019-08-04,2019080401006471,MBL,14,4,100,263.00,"26,300.00"
2019-08-04,2019080401006283,MBL,14,57,"1,000",263.00,"263,000.00"
2019-08-04,2019080401006659,MEGA,19,45,600,206.00,"123,600.00"
2019-08-04,2019080401006636,MEGA,19,45,160,206.00,"32,960.00"
2019-08-04,2019080401006618,MEGA,19,45,"1,000",206.00,"206,000.00"
2019-08-04,2019080401006599,MEGA,19,45,130,206.00,"26,780.00"
2019-08-04,2019080401006598,MEGA,19,52,"1,000",206.00,"206,000.00"
2019-08-04,2019080401006597,MEGA,19,35,470,206.00,"96,820.00"
2019-08-04,2019080401006516,MEGA,39,42,19,205.00,"3,895.00"
2019-08-04,2019080401006515,MEGA,1,42,26,205.00,"5,330.00"
2019-08-04,2019080401006624,MERO,52,58,33,542.00,"17,886.00"
2019-08-04,2019080401006526,MERO,18,22,82,546.00,"44,772.00"
2019-08-04,2019080401006478,MHNL,39,22,40,108.00,"4,320.00"
2019-08-04,2019080401006484,MLBBL,22,49,115,508.00,"58,420.00"
2019-08-04,2019080401006338,MLBBL,55,14,56,518.00,"29,008.00"
2019-08-04,2019080401006638,MNBBL,47,54,35,376.00,"13,160.00"
2019-08-04,2019080401006521,MNBBL,17,42,28,375.00,"10,500.00"
2019-08-04,2019080401006444,MNBBL,42,54,100,376.00,"37,600.00"
2019-08-04,2019080401006689,MSLB,17,17,26,990.00,"25,740.00"
2019-08-04,2019080401006514,MSMBS,28,11,28,553.00,"15,484.00"
2019-08-04,2019080401006513,MSMBS,28,1,81,553.00,"44,793.00"
2019-08-04,2019080401006512,MSMBS,28,49,22,552.00,"12,144.00"
2019-08-04,2019080401006398,MSMBS,22,1,488,553.00,"269,864.00"
2019-08-04,2019080401006397,MSMBS,22,13,12,552.00,"6,624.00"
2019-08-04,2019080401006318,MSMBS,33,11,10,552.00,"5,520.00"
2019-08-04,2019080401006590,NABIL,5,16,49,800.00,"39,200.00"
2019-08-04,2019080401006567,NABIL,5,34,30,800.00,"24,000.00"
2019-08-04,2019080401006410,NABIL,28,49,92,802.00,"73,784.00"
2019-08-04,2019080401006403,NABIL,28,32,40,802.00,"32,080.00"
2019-08-04,2019080401006402,NABIL,28,5,20,802.00,"16,040.00"
2019-08-04,2019080401006316,NABIL,5,7,50,800.00,"40,000.00"
2019-08-04,2019080401006272,NABIL,5,1,71,800.00,"56,800.00"
2019-08-04,2019080401006271,NABIL,22,1,300,800.00,"240,000.00"
2019-08-04,2019080401006270,NABIL,48,1,176,800.00,"140,800.00"
2019-08-04,2019080401006269,NABIL,34,1,75,800.00,"60,000.00"
2019-08-04,2019080401006691,NADEP,49,40,10,481.00,"4,810.00"
2019-08-04,2019080401006690,NADEP,50,40,290,482.00,"139,780.00"
2019-08-04,2019080401006469,NADEP,29,6,20,485.00,"9,700.00"
2019-08-04,2019080401006367,NADEP,29,34,20,485.00,"9,700.00"
2019-08-04,2019080401006306,NADEP,6,43,80,490.00,"39,200.00"
2019-08-04,2019080401006517,NAGRO,6,6,10,867.00,"8,670.00"
2019-08-04,2019080401006412,NBB,36,51,50,220.00,"11,000.00"
2019-08-04,2019080401006756,NBL,49,37,50,334.00,"16,700.00"
2019-08-04,2019080401006727,NBL,6,50,280,334.00,"93,520.00"
2019-08-04,2019080401006700,NBL,6,4,214,334.00,"71,476.00"
2019-08-04,2019080401006675,NBL,43,4,500,334.00,"167,000.00"
2019-08-04,2019080401006674,NBL,22,4,286,334.00,"95,524.00"
2019-08-04,2019080401006646,NBL,22,46,192,334.00,"64,128.00"
2019-08-04,2019080401006399,NBL,40,4,798,334.00,"266,532.00"
2019-08-04,2019080401006352,NBL,40,4,15,334.00,"5,010.00"
2019-08-04,2019080401006289,NBL,40,1,187,334.00,"62,458.00"
2019-08-04,2019080401006288,NBL,36,1,"1,113",334.00,"371,742.00"
2019-08-04,2019080401006495,NBL,39,19,100,334.00,"33,400.00"
2019-08-04,2019080401006439,NBL,39,43,522,334.00,"174,348.00"
2019-08-04,2019080401006438,NBL,39,43,178,334.00,"59,452.00"
2019-08-04,2019080401006425,NBL,39,10,220,334.00,"73,480.00"
2019-08-04,2019080401006401,NBL,39,4,102,334.00,"34,068.00"
2019-08-04,2019080401006400,NBL,43,4,100,334.00,"33,400.00"
2019-08-04,2019080401006576,NBL,34,7,500,334.00,"167,000.00"
2019-08-04,2019080401006575,NBL,57,7,578,334.00,"193,052.00"
2019-08-04,2019080401006563,NBL,57,19,"1,000",334.00,"334,000.00"
2019-08-04,2019080401006529,NBL,57,19,422,334.00,"140,948.00"
2019-08-04,2019080401006528,NBL,41,19,200,334.00,"66,800.00"
2019-08-04,2019080401006527,NBL,39,19,378,334.00,"126,252.00"
2019-08-04,2019080401006635,NBL,47,10,100,335.00,"33,500.00"
2019-08-04,2019080401006615,NBL,22,38,122,334.00,"40,748.00"
2019-08-04,2019080401006614,NBL,14,38,378,334.00,"126,252.00"
2019-08-04,2019080401006606,NBL,14,49,122,334.00,"40,748.00"
2019-08-04,2019080401006605,NBL,38,49,78,334.00,"26,052.00"
2019-08-04,2019080401006577,NBL,38,7,922,334.00,"307,948.00"
2019-08-04,2019080401006655,NCCB,6,50,100,245.00,"24,500.00"
2019-08-04,2019080401006579,NCCB,55,50,104,245.00,"25,480.00"
2019-08-04,2019080401006578,NCCB,55,50,196,245.00,"48,020.00"
2019-08-04,2019080401006430,NCCB,32,50,300,245.00,"73,500.00"
2019-08-04,2019080401006333,NCCB,33,22,615,244.00,"150,060.00"
2019-08-04,2019080401006332,NCCB,32,22,200,244.00,"48,800.00"
2019-08-04,2019080401006331,NCCB,7,22,200,244.00,"48,800.00"
2019-08-04,2019080401006330,NCCB,33,22,"1,986",244.00,"484,584.00"
2019-08-04,2019080401006719,NHDL,41,57,10,120.00,"1,200.00"
2019-08-04,2019080401006754,NIB,6,7,44,514.00,"22,616.00"
2019-08-04,2019080401006685,NIB,6,34,250,514.00,"128,500.00"
2019-08-04,2019080401006684,NIB,6,1,18,514.00,"9,252.00"
2019-08-04,2019080401006657,NIB,59,59,17,513.00,"8,721.00"
2019-08-04,2019080401006656,NIB,22,59,30,513.00,"15,390.00"
2019-08-04,2019080401006631,NIB,22,34,50,513.00,"25,650.00"
2019-08-04,2019080401006299,NIB,40,1,100,514.00,"51,400.00"
2019-08-04,2019080401006298,NIB,26,1,40,514.00,"20,560.00"
2019-08-04,2019080401006297,NIB,26,1,10,514.00,"5,140.00"
2019-08-04,2019080401006296,NIB,52,1,32,514.00,"16,448.00"
2019-08-04,2019080401006694,NIBPO,17,4,900,467.00,"420,300.00"
2019-08-04,2019080401006693,NIBPO,25,4,50,468.00,"23,400.00"
2019-08-04,2019080401006692,NIBPO,1,4,50,468.00,"23,400.00"
2019-08-04,2019080401006343,NIBSF1,39,43,"1,000",9.68,"9,680.00"
2019-08-04,2019080401006662,NICA,39,59,55,466.00,"25,630.00"
2019-08-04,2019080401006395,NICA,57,42,70,467.00,"32,690.00"
2019-08-04,2019080401006394,NICA,57,39,30,467.00,"14,010.00"
2019-08-04,2019080401006336,NICA,39,11,145,466.00,"67,570.00"
2019-08-04,2019080401006335,NICA,25,11,355,466.00,"165,430.00"
2019-08-04,2019080401006317,NICA,25,22,20,466.00,"9,320.00"
2019-08-04,2019080401006371,NIL,18,36,100,484.00,"48,400.00"
2019-08-04,2019080401006362,NIL,42,14,81,483.00,"39,123.00"
2019-08-04,2019080401006361,NIL,55,14,19,483.00,"9,177.00"
2019-08-04,2019080401006677,NLBBL,22,4,100,568.00,"56,800.00"
2019-08-04,2019080401006584,NLBBL,22,32,304,568.00,"172,672.00"
2019-08-04,2019080401006583,NLBBL,50,32,146,568.00,"82,928.00"
2019-08-04,2019080401006566,NLBBL,25,25,50,570.00,"28,500.00"
2019-08-04,2019080401006565,NLBBL,25,35,30,569.00,"17,070.00"
2019-08-04,2019080401006546,NLBBL,50,39,54,568.00,"30,672.00"
2019-08-04,2019080401006370,NLBBL,37,56,50,569.00,"28,450.00"
2019-08-04,2019080401006350,NLBBL,57,51,200,570.00,"114,000.00"
2019-08-04,2019080401006545,NLBBL,34,39,446,568.00,"253,328.00"
2019-08-04,2019080401006497,NLBBL,33,25,100,570.00,"57,000.00"
2019-08-04,2019080401006496,NLBBL,33,51,350,570.00,"199,500.00"
2019-08-04,2019080401006479,NLBBL,22,25,404,569.00,"229,876.00"
2019-08-04,2019080401006436,NLBBL,22,17,90,569.00,"51,210.00"
2019-08-04,2019080401006435,NLBBL,37,17,10,569.00,"5,690.00"
2019-08-04,2019080401006327,NLG,4,16,20,710.00,"14,200.00"
2019-08-04,2019080401006644,NLIC,22,1,50,877.00,"43,850.00"
2019-08-04,2019080401006366,NLIC,38,1,200,877.00,"175,400.00"
2019-08-04,2019080401006365,NLIC,58,1,20,877.00,"17,540.00"
2019-08-04,2019080401006324,NLIC,6,4,91,880.00,"80,080.00"
2019-08-04,2019080401006311,NLIC,6,37,50,880.00,"44,000.00"
2019-08-04,2019080401006310,NLIC,6,55,59,880.00,"51,920.00"
2019-08-04,2019080401006724,NLICL,55,43,200,585.00,"117,000.00"
2019-08-04,2019080401006570,NLICL,55,38,50,585.00,"29,250.00"
2019-08-04,2019080401006532,NLICL,34,34,1,588.00,588.00
2019-08-04,2019080401006300,NMBMF,41,4,89,"1,075.00","95,675.00"
2019-08-04,2019080401006520,NMFBS,48,44,15,"1,565.00","23,475.00"
2019-08-04,2019080401006500,NMFBS,18,44,15,"1,564.00","23,460.00"
2019-08-04,2019080401006464,NMFBS,33,28,10,"1,550.00","15,500.00"
2019-08-04,2019080401006280,NMFBS,39,42,100,"1,560.00","156,000.00"
2019-08-04,2019080401006279,NMFBS,39,16,15,"1,560.00","23,400.00"
2019-08-04,2019080401006572,NNLB,6,57,75,467.00,"35,025.00"
2019-08-04,2019080401006571,NNLB,45,57,100,467.00,"46,700.00"
2019-08-04,2019080401006322,NNLB,34,5,25,472.00,"11,800.00"
2019-08-04,2019080401006321,NNLB,34,22,75,472.00,"35,400.00"
2019-08-04,2019080401006652,NSEWA,11,58,20,494.00,"9,880.00"
2019-08-04,2019080401006274,NSEWA,11,26,10,494.00,"4,940.00"
2019-08-04,2019080401006680,NTC,17,59,260,692.00,"179,920.00"
2019-08-04,2019080401006669,NTC,17,32,100,692.00,"69,200.00"
2019-08-04,2019080401006544,NTC,17,38,"1,390",692.00,"961,880.00"
2019-08-04,2019080401006661,NUBL,4,57,45,904.00,"40,680.00"
2019-08-04,2019080401006594,PCBL,45,35,277,281.00,"77,837.00"
2019-08-04,2019080401006593,PCBL,37,35,350,281.00,"98,350.00"
2019-08-04,2019080401006592,PCBL,43,35,100,281.00,"28,100.00"
2019-08-04,2019080401006591,PCBL,10,35,73,281.00,"20,513.00"
2019-08-04,2019080401006341,PCBL,10,50,500,281.00,"140,500.00"
2019-08-04,2019080401006290,PCBL,35,42,10,282.00,"2,820.00"
2019-08-04,2019080401006294,PFL,57,49,39,140.00,"5,460.00"
2019-08-04,2019080401006741,PIC,49,49,147,479.00,"70,413.00"
2019-08-04,2019080401006502,PIC,57,32,64,478.00,"30,592.00"
2019-08-04,2019080401006613,PLIC,18,21,31,425.00,"13,175.00"
2019-08-04,2019080401006607,PLIC,18,59,136,425.00,"57,800.00"
2019-08-04,2019080401006353,PLIC,52,59,50,425.00,"21,250.00"
2019-08-04,2019080401006360,PMHPL,56,29,10,103.00,"1,030.00"
2019-08-04,2019080401006653,PRIN,44,57,957,371.00,"355,047.00"
2019-08-04,2019080401006547,PRIN,44,42,59,371.00,"21,889.00"
2019-08-04,2019080401006477,PRIN,44,20,500,371.00,"185,500.00"
2019-08-04,2019080401006658,PRVU,14,29,51,274.00,"13,974.00"
2019-08-04,2019080401006610,PRVU,14,52,82,274.00,"22,468.00"
2019-08-04,2019080401006609,PRVU,14,1,84,274.00,"23,016.00"
2019-08-04,2019080401006405,PRVU,57,1,500,274.00,"137,000.00"
2019-08-04,2019080401006351,PRVUPO,40,58,"2,444",165.00,"403,260.00"
2019-08-04,2019080401006334,PRVUPO,40,58,"3,000",165.00,"495,000.00"
2019-08-04,2019080401006329,PRVUPO,40,58,"3,000",165.00,"495,000.00"
2019-08-04,2019080401006320,PRVUPO,40,58,"3,000",165.00,"495,000.00"
2019-08-04,2019080401006466,RSDC,35,40,100,382.00,"38,200.00"
2019-08-04,2019080401006732,SAEF,43,35,"3,000",9.71,"29,130.00"
2019-08-04,2019080401006323,SAEF,43,49,"1,000",9.71,"9,710.00"
2019-08-04,2019080401006665,SANIMA,17,45,100,356.00,"35,600.00"
2019-08-04,2019080401006617,SANIMA,14,49,"2,000",357.00,"714,000.00"
2019-08-04,2019080401006440,SANIMA,14,49,"1,765",357.00,"630,105.00"
2019-08-04,2019080401006337,SANIMA,17,49,281,356.00,"100,036.00"
2019-08-04,2019080401006726,SBL,26,59,31,322.00,"9,982.00"
2019-08-04,2019080401006725,SBL,25,59,84,322.00,"27,048.00"
2019-08-04,2019080401006712,SBL,25,10,416,322.00,"133,952.00"
2019-08-04,2019080401006711,SBL,36,10,100,322.00,"32,200.00"
2019-08-04,2019080401006710,SBL,13,10,500,322.00,"161,000.00"
2019-08-04,2019080401006709,SBL,59,10,75,322.00,"24,150.00"
2019-08-04,2019080401006695,SBL,26,29,100,323.00,"32,300.00"
2019-08-04,2019080401006268,SBL,59,34,925,322.00,"297,850.00"
2019-08-04,2019080401006267,SBL,59,34,200,322.00,"64,400.00"
2019-08-04,2019080401006266,SBL,29,34,500,322.00,"161,000.00"
2019-08-04,2019080401006369,SCB,58,10,30,662.00,"19,860.00"
2019-08-04,2019080401006368,SCB,1,10,70,662.00,"46,340.00"
2019-08-04,2019080401006326,SCB,45,1,10,663.00,"6,630.00"
2019-08-04,2019080401006687,SHIVM,41,41,14,590.00,"8,260.00"
2019-08-04,2019080401006686,SHIVM,44,41,656,590.00,"387,040.00"
2019-08-04,2019080401006619,SHIVM,44,25,100,590.00,"59,000.00"
2019-08-04,2019080401006359,SHIVM,52,46,90,591.00,"53,190.00"
2019-08-04,2019080401006506,SHIVM,44,43,50,590.00,"29,500.00"
2019-08-04,2019080401006501,SHIVM,45,1,100,591.00,"59,100.00"
2019-08-04,2019080401006470,SHIVM,22,1,300,591.00,"177,300.00"
2019-08-04,2019080401006434,SHIVM,44,19,194,590.00,"114,460.00"
2019-08-04,2019080401006433,SHIVM,20,19,106,590.00,"62,540.00"
2019-08-04,2019080401006407,SHIVM,52,1,400,591.00,"236,400.00"
2019-08-04,2019080401006490,SICL,39,17,500,791.00,"395,500.00"
2019-08-04,2019080401006417,SIFC,29,38,710,156.00,"110,760.00"
2019-08-04,2019080401006603,SIL,25,5,20,460.00,"9,200.00"
2019-08-04,2019080401006491,SKBBL,16,17,10,997.00,"9,970.00"
2019-08-04,2019080401006345,SKBBL,44,19,100,997.00,"99,700.00"
2019-08-04,2019080401006344,SKBBL,44,14,10,996.00,"9,960.00"
2019-08-04,2019080401006525,SLBBL,58,43,282,572.00,"161,304.00"
2019-08-04,2019080401006664,SLBSL,38,14,10,694.00,"6,940.00"
2019-08-04,2019080401006574,SLBSL,38,1,10,694.00,"6,940.00"
2019-08-04,2019080401006561,SLBSL,38,32,10,694.00,"6,940.00"
2019-08-04,2019080401006481,SLBSL,33,6,10,693.00,"6,930.00"
2019-08-04,2019080401006301,SLICL,44,4,500,451.00,"225,500.00"
2019-08-04,2019080401006489,SMB,34,6,10,575.00,"5,750.00"
2019-08-04,2019080401006681,SMFDB,3,22,40,593.00,"23,720.00"
2019-08-04,2019080401006749,SPARS,17,33,"1,000",703.00,"703,000.00"
2019-08-04,2019080401006748,SPARS,17,1,10,702.00,"7,020.00"
2019-08-04,2019080401006747,SPARS,17,14,10,702.00,"7,020.00"
2019-08-04,2019080401006713,SPARS,34,6,10,700.00,"7,000.00"
2019-08-04,2019080401006668,SPARS,34,34,10,700.00,"7,000.00"
2019-08-04,2019080401006667,SPARS,34,21,10,700.00,"7,000.00"
2019-08-04,2019080401006414,SPARS,10,34,20,700.00,"14,000.00"
2019-08-04,2019080401006413,SPARS,10,57,10,700.00,"7,000.00"
2019-08-04,2019080401006347,SPARS,34,34,50,699.00,"34,950.00"
2019-08-04,2019080401006346,SPARS,34,57,10,698.00,"6,980.00"
2019-08-04,2019080401006537,SPARS,34,49,60,700.00,"42,000.00"
2019-08-04,2019080401006536,SPARS,34,39,10,700.00,"7,000.00"
2019-08-04,2019080401006535,SPARS,34,53,10,700.00,"7,000.00"
2019-08-04,2019080401006534,SPARS,34,45,10,700.00,"7,000.00"
2019-08-04,2019080401006533,SPARS,34,42,10,698.00,"6,980.00"
2019-08-04,2019080401006447,SPARS,20,49,10,691.00,"6,910.00"
2019-08-04,2019080401006543,SPARS,34,1,10,700.00,"7,000.00"
2019-08-04,2019080401006542,SPARS,34,43,10,700.00,"7,000.00"
2019-08-04,2019080401006541,SPARS,34,11,10,700.00,"7,000.00"
2019-08-04,2019080401006540,SPARS,34,50,200,700.00,"140,000.00"
2019-08-04,2019080401006539,SPARS,34,39,50,700.00,"35,000.00"
2019-08-04,2019080401006538,SPARS,34,34,10,700.00,"7,000.00"
2019-08-04,2019080401006651,SPDL,7,58,13,87.00,"1,131.00"
2019-08-04,2019080401006716,SRBL,25,43,600,248.00,"148,800.00"
2019-08-04,2019080401006325,SRBL,57,41,150,249.00,"37,350.00"
2019-08-04,2019080401006753,SWBBL,34,7,300,943.00,"282,900.00"
2019-08-04,2019080401006752,SWBBL,34,59,45,943.00,"42,435.00"
2019-08-04,2019080401006751,SWBBL,34,17,50,943.00,"47,150.00"
2019-08-04,2019080401006319,SWBBL,59,7,50,942.00,"47,100.00"
2019-08-04,2019080401006309,SWBBL,59,56,150,942.00,"141,300.00"
2019-08-04,2019080401006715,TRH,49,59,"1,000",310.00,"310,000.00"
2019-08-04,2019080401006621,UIC,58,22,10,336.00,"3,360.00"
2019-08-04,2019080401006663,UMHL,56,58,14,107.00,"1,498.00"
2019-08-04,2019080401006650,UMHL,56,45,93,107.00,"9,951.00"
2019-08-04,2019080401006649,UMHL,55,45,97,107.00,"10,379.00"
2019-08-04,2019080401006648,UPPER,55,5,99,268.00,"26,532.00"
2019-08-04,2019080401006608,UPPER,55,57,50,268.00,"13,400.00"
2019-08-04,2019080401006273,UPPER,47,41,500,269.00,"134,500.00"
2019-08-04,2019080401006587,UPPER,22,22,210,269.00,"56,490.00"
2019-08-04,2019080401006586,UPPER,22,42,40,269.00,"10,760.00"
2019-08-04,2019080401006585,UPPER,22,34,250,269.00,"67,250.00"
2019-08-04,2019080401006292,UPPER,55,52,72,268.00,"19,296.00"
2019-08-04,2019080401006291,UPPER,55,45,20,268.00,"5,360.00"
2019-08-04,2019080401006706,VLBS,33,43,200,609.00,"121,800.00"
2019-08-04,2019080401006705,VLBS,55,43,100,610.00,"61,000.00"
2019-08-04,2019080401006630,VLBS,57,58,30,610.00,"18,300.00"
2019-08-04,2019080401006340,VLBS,34,58,21,611.00,"12,831.00"
2019-08-04,2019080401006091,ADBL,39,42,190,435.00,"82,650.00"
2019-08-04,2019080401006080,ADBL,33,40,500,436.00,"218,000.00"
2019-08-04,2019080401006079,ADBL,3,40,200,436.00,"87,200.00"
2019-08-04,2019080401006078,ADBL,38,40,700,436.00,"305,200.00"
2019-08-04,2019080401006077,ADBL,3,40,500,436.00,"218,000.00"
2019-08-04,2019080401006076,ADBL,38,40,500,436.00,"218,000.00"
2019-08-04,2019080401005925,ADBL,45,6,37,437.00,"16,169.00"
2019-08-04,2019080401005862,ADBL,45,17,86,437.00,"37,582.00"
2019-08-04,2019080401005837,ADBL,45,50,18,437.00,"7,866.00"
2019-08-04,2019080401005780,ADBL,45,45,782,437.00,"341,734.00"
2019-08-04,2019080401005779,ADBL,45,45,218,437.00,"95,266.00"
2019-08-04,2019080401005995,ADBL,33,54,16,437.00,"6,992.00"
2019-08-04,2019080401005974,ADBL,33,45,200,437.00,"87,400.00"
2019-08-04,2019080401005970,ADBL,33,4,50,437.00,"21,850.00"
2019-08-04,2019080401005946,ADBL,33,53,150,437.00,"65,550.00"
2019-08-04,2019080401005944,ADBL,45,34,50,437.00,"21,850.00"
2019-08-04,2019080401005940,ADBL,45,45,20,437.00,"8,740.00"
2019-08-04,2019080401006191,AKJCL,38,16,10,69.00,690.00
2019-08-04,2019080401006250,ALBSL,21,25,200,502.00,"100,400.00"
2019-08-04,2019080401006249,ALBSL,25,25,30,503.00,"15,090.00"
2019-08-04,2019080401006248,ALBSL,14,25,30,504.00,"15,120.00"
2019-08-04,2019080401006247,ALBSL,45,25,20,505.00,"10,100.00"
2019-08-04,2019080401005977,ALBSL,14,39,10,504.00,"5,040.00"
2019-08-04,2019080401005953,ALBSL,14,45,10,504.00,"5,040.00"
2019-08-04,2019080401005909,ALBSL,25,39,10,510.00,"5,100.00"
2019-08-04,2019080401006218,ALICL,43,16,12,364.00,"4,368.00"
2019-08-04,2019080401006207,ALICL,43,59,140,367.00,"51,380.00"
2019-08-04,2019080401006190,ALICL,43,59,50,367.00,"18,350.00"
2019-08-04,2019080401006138,ALICL,32,28,"1,000",366.00,"366,000.00"
2019-08-04,2019080401006137,ALICL,17,28,200,366.00,"73,200.00"
2019-08-04,2019080401005988,ALICL,34,59,100,367.00,"36,700.00"
2019-08-04,2019080401005987,ALICL,43,59,150,367.00,"55,050.00"
2019-08-04,2019080401005986,ALICL,57,59,50,367.00,"18,350.00"
2019-08-04,2019080401006234,BOKL,40,1,223,263.00,"58,649.00"
2019-08-04,2019080401006233,BOKL,13,1,686,263.00,"180,418.00"
2019-08-04,2019080401006232,BOKL,41,1,100,264.00,"26,400.00"
2019-08-04,2019080401006085,BPCL,17,38,200,403.00,"80,600.00"
2019-08-04,2019080401006050,BPCL,26,59,757,402.00,"304,314.00"
2019-08-04,2019080401006049,BPCL,51,59,125,402.00,"50,250.00"
2019-08-04,2019080401006048,BPCL,59,59,118,402.00,"47,436.00"
2019-08-04,2019080401006043,BPCL,39,38,200,403.00,"80,600.00"
2019-08-04,2019080401005855,BPCL,6,4,11,405.00,"4,455.00"
2019-08-04,2019080401006129,CBBL,59,45,300,"1,006.00","301,800.00"
2019-08-04,2019080401006086,CBBL,4,21,111,"1,005.00","111,555.00"
2019-08-04,2019080401006052,CBBL,6,22,50,"1,007.00","50,350.00"
2019-08-04,2019080401006231,CBL,5,5,1,150.00,150.00
2019-08-04,2019080401006164,CBL,35,56,826,152.00,"125,552.00"
2019-08-04,2019080401006163,CBL,59,56,"1,000",152.00,"152,000.00"
2019-08-04,2019080401006162,CBL,52,56,174,152.00,"26,448.00"
2019-08-04,2019080401005999,CBL,52,5,11,152.00,"1,672.00"
2019-08-04,2019080401005901,CBL,10,1,102,153.00,"15,606.00"
2019-08-04,2019080401005900,CBL,10,45,655,153.00,"100,215.00"
2019-08-04,2019080401005809,CBL,40,11,66,153.00,"10,098.00"
2019-08-04,2019080401006149,CCBL,6,47,52,169.00,"8,788.00"
2019-08-04,2019080401006039,CCBL,6,38,212,169.00,"35,828.00"
2019-08-04,2019080401005921,CCBL,17,32,217,170.00,"36,890.00"
2019-08-04,2019080401005776,CCBL,29,42,"1,500",170.00,"255,000.00"
2019-08-04,2019080401005775,CCBL,29,7,120,170.00,"20,400.00"
2019-08-04,2019080401006159,CFCL,49,4,100,119.00,"11,900.00"
2019-08-04,2019080401006158,CFCL,22,4,146,119.00,"17,374.00"
2019-08-04,2019080401006027,CFCL,22,45,"1,854",119.00,"220,626.00"
2019-08-04,2019080401006026,CFCL,53,45,126,119.00,"14,994.00"
2019-08-04,2019080401005853,CHCL,6,44,796,511.00,"406,756.00"
2019-08-04,2019080401005852,CHCL,45,44,50,511.00,"25,550.00"
2019-08-04,2019080401005851,CHCL,32,44,75,511.00,"38,325.00"
2019-08-04,2019080401005850,CHCL,6,44,130,511.00,"66,430.00"
2019-08-04,2019080401006065,CLBSL,52,44,221,560.00,"123,760.00"
2019-08-04,2019080401005911,CZBIL,17,57,605,223.00,"134,915.00"
2019-08-04,2019080401005910,CZBIL,10,57,596,223.00,"132,908.00"
2019-08-04,2019080401005778,CZBIL,10,8,107,223.00,"23,861.00"
2019-08-04,2019080401006189,DBBL,26,59,73,142.00,"10,366.00"
2019-08-04,2019080401006188,DBBL,55,59,33,142.00,"4,686.00"
2019-08-04,2019080401006130,DBBL,55,44,14,142.00,"1,988.00"
2019-08-04,2019080401006262,DDBL,58,29,11,777.00,"8,547.00"
2019-08-04,2019080401006205,DDBL,58,26,248,777.00,"192,696.00"
2019-08-04,2019080401006204,DDBL,58,39,10,777.00,"7,770.00"
2019-08-04,2019080401006203,DDBL,58,44,121,777.00,"94,017.00"
2019-08-04,2019080401006202,DDBL,58,29,30,776.00,"23,280.00"
2019-08-04,2019080401006201,DDBL,58,44,38,776.00,"29,488.00"
2019-08-04,2019080401006165,DDBL,58,35,50,775.00,"38,750.00"
2019-08-04,2019080401006104,DDBL,16,22,200,775.00,"155,000.00"
2019-08-04,2019080401006103,DDBL,16,36,100,775.00,"77,500.00"
2019-08-04,2019080401005821,DDBL,58,26,20,773.00,"15,460.00"
2019-08-04,2019080401006195,DDBL,37,44,27,776.00,"20,952.00"
2019-08-04,2019080401006194,DDBL,37,50,73,776.00,"56,648.00"
2019-08-04,2019080401006187,DDBL,37,50,50,776.00,"38,800.00"
2019-08-04,2019080401006186,DDBL,37,25,50,775.00,"38,750.00"
2019-08-04,2019080401006167,DDBL,58,50,35,776.00,"27,160.00"
2019-08-04,2019080401006166,DDBL,58,39,15,776.00,"11,640.00"
2019-08-04,2019080401006151,EBL,7,29,441,660.00,"291,060.00"
2019-08-04,2019080401006150,EBL,33,29,59,660.00,"38,940.00"
2019-08-04,2019080401006067,EBL,49,49,296,661.00,"195,656.00"
2019-08-04,2019080401006032,EBL,49,49,500,661.00,"330,500.00"
2019-08-04,2019080401006006,EBL,49,49,700,661.00,"462,700.00"
2019-08-04,2019080401005933,EBL,49,32,266,661.00,"175,826.00"
2019-08-04,2019080401005932,EBL,49,32,750,661.00,"495,750.00"
2019-08-04,2019080401005931,EBL,11,32,100,661.00,"66,100.00"
2019-08-04,2019080401005930,EBL,28,32,810,661.00,"535,410.00"
2019-08-04,2019080401005929,EBL,39,32,10,663.00,"6,630.00"
2019-08-04,2019080401005796,EBL,39,39,2,664.00,"1,328.00"
2019-08-04,2019080401005959,EBL,45,49,20,661.00,"13,220.00"
2019-08-04,2019080401005958,EBL,49,49,600,661.00,"396,600.00"
2019-08-04,2019080401005957,EBL,49,49,700,661.00,"462,700.00"
2019-08-04,2019080401005956,EBL,49,49,700,661.00,"462,700.00"
2019-08-04,2019080401005955,EBL,49,49,700,661.00,"462,700.00"
2019-08-04,2019080401005954,EBL,49,49,484,661.00,"319,924.00"
2019-08-04,2019080401005858,EDBL,56,11,166,285.00,"47,310.00"
2019-08-04,2019080401005857,EDBL,56,11,500,287.00,"143,500.00"
2019-08-04,2019080401005856,EDBL,56,11,18,290.00,"5,220.00"
2019-08-04,2019080401005945,EIC,38,22,20,356.00,"7,120.00"
2019-08-04,2019080401006092,FMDBL,45,21,58,401.00,"23,258.00"
2019-08-04,2019080401006246,FOWAD,58,11,50,"1,430.00","71,500.00"
2019-08-04,2019080401006242,FOWAD,58,17,19,"1,430.00","27,170.00"
2019-08-04,2019080401006176,FOWAD,58,35,105,"1,430.00","150,150.00"
2019-08-04,2019080401005989,FOWAD,1,41,17,"1,431.00","24,327.00"
2019-08-04,2019080401005774,FOWAD,1,49,19,"1,431.00","27,189.00"
2019-08-04,2019080401006064,GBBL,36,50,42,224.00,"9,408.00"
2019-08-04,2019080401005928,GBBL,6,50,28,224.00,"6,272.00"
2019-08-04,2019080401005803,GBBL,39,8,101,222.00,"22,422.00"
