Date,Transact. No.,Symbol,Buyer,Seller,Quantity,Rate,Amount
2019-05-30,2019053001016245,ADBL,49,44,124,428.00,"53,072.00"
2019-05-30,2019053001016244,ADBL,49,34,876,428.00,"374,928.00"
2019-05-30,2019053001016122,ADBL,28,45,380,427.00,"162,260.00"
2019-05-30,2019053001016073,ADBL,49,45,174,426.00,"74,124.00"
2019-05-30,2019053001016072,ADBL,51,45,100,426.00,"42,600.00"
2019-05-30,2019053001016071,ADBL,47,45,20,426.00,"8,520.00"
2019-05-30,2019053001015963,ADBL,36,45,100,427.00,"42,700.00"
2019-05-30,2019053001015962,ADBL,56,45,20,427.00,"8,540.00"
2019-05-30,2019053001015895,ADBL,42,34,500,428.00,"214,000.00"
2019-05-30,2019053001016074,AHPC,52,49,10,113.00,"1,130.00"
2019-05-30,2019053001016144,AKPL,8,58,"1,930",192.00,"370,560.00"
2019-05-30,2019053001016143,AKPL,6,58,70,192.00,"13,440.00"
2019-05-30,2019053001015866,AKPL,6,19,10,192.00,"1,920.00"
2019-05-30,2019053001016246,ALBSL,57,35,10,444.00,"4,440.00"
2019-05-30,2019053001016089,ALBSL,42,38,10,446.00,"4,460.00"
2019-05-30,2019053001016088,ALBSL,42,11,10,446.00,"4,460.00"
2019-05-30,2019053001016087,ALBSL,42,11,10,446.00,"4,460.00"
2019-05-30,2019053001016086,ALBSL,42,11,10,446.00,"4,460.00"
2019-05-30,2019053001015960,ALICL,8,38,182,416.00,"75,712.00"
2019-05-30,2019053001015959,ALICL,51,38,50,416.00,"20,800.00"
2019-05-30,2019053001015958,ALICL,54,38,48,416.00,"19,968.00"
2019-05-30,2019053001015969,AMFI,58,58,10,540.00,"5,400.00"
2019-05-30,2019053001015839,AMFI,45,45,10,547.00,"5,470.00"
2019-05-30,2019053001015818,API,39,11,50,157.00,"7,850.00"
2019-05-30,2019053001016206,BOKL,52,33,23,277.00,"6,371.00"
2019-05-30,2019053001016299,BPCL,42,37,800,425.00,"340,000.00"
2019-05-30,2019053001016014,BPCL,42,53,860,425.00,"365,500.00"
2019-05-30,2019053001016268,CBBL,50,56,500,953.00,"476,500.00"
2019-05-30,2019053001016267,CBBL,47,56,20,954.00,"19,080.00"
2019-05-30,2019053001016239,CBBL,47,6,180,954.00,"171,720.00"
2019-05-30,2019053001016238,CBBL,53,6,200,954.00,"190,800.00"
2019-05-30,2019053001016237,CBBL,45,6,25,955.00,"23,875.00"
2019-05-30,2019053001016236,CBBL,13,6,45,955.00,"42,975.00"
2019-05-30,2019053001016235,CBBL,17,6,50,956.00,"47,800.00"
2019-05-30,2019053001015921,CBBL,17,16,50,956.00,"47,800.00"
2019-05-30,2019053001016228,CBL,36,6,559,149.00,"83,291.00"
2019-05-30,2019053001016227,CBL,8,6,441,149.00,"65,709.00"
2019-05-30,2019053001016116,CBL,8,22,129,149.00,"19,221.00"
2019-05-30,2019053001015915,CBL,34,56,200,150.00,"30,000.00"
2019-05-30,2019053001015904,CBL,8,34,430,149.00,"64,070.00"
2019-05-30,2019053001015903,CBL,19,34,"1,570",149.00,"233,930.00"
2019-05-30,2019053001015885,CBL,34,56,500,150.00,"75,000.00"
2019-05-30,2019053001016000,CCBL,53,35,600,169.00,"101,400.00"
2019-05-30,2019053001015913,CCBL,53,39,749,169.00,"126,581.00"
2019-05-30,2019053001015925,CFCL,58,42,90,118.00,"10,620.00"
2019-05-30,2019053001015924,CFCL,38,42,30,118.00,"3,540.00"
2019-05-30,2019053001015923,CFCL,17,42,200,118.00,"23,600.00"
2019-05-30,2019053001015922,CFCL,51,42,178,118.00,"21,004.00"
2019-05-30,2019053001015994,CHCL,49,20,331,532.00,"176,092.00"
2019-05-30,2019053001015993,CHCL,49,20,500,532.00,"266,000.00"
2019-05-30,2019053001015992,CHCL,11,20,100,532.00,"53,200.00"
2019-05-30,2019053001015991,CHCL,14,20,500,533.00,"266,500.00"
2019-05-30,2019053001015990,CHCL,45,20,460,533.00,"245,180.00"
2019-05-30,2019053001015989,CHCL,40,20,109,534.00,"58,206.00"
2019-05-30,2019053001015985,CHCL,40,59,50,534.00,"26,700.00"
2019-05-30,2019053001016205,CIT,49,10,10,"2,608.00","26,080.00"
2019-05-30,2019053001016140,CIT,38,56,11,"2,600.00","28,600.00"
2019-05-30,2019053001016139,CIT,43,56,39,"2,600.00","101,400.00"
2019-05-30,2019053001016173,CZBIL,50,50,39,227.00,"8,853.00"
2019-05-30,2019053001016172,CZBIL,16,50,161,227.00,"36,547.00"
2019-05-30,2019053001016115,DBBL,55,26,160,149.00,"23,840.00"
2019-05-30,2019053001016112,EIC,55,34,10,416.00,"4,160.00"
2019-05-30,2019053001015979,GBBL,59,35,29,228.00,"6,612.00"
2019-05-30,2019053001016145,GBIME,28,1,290,309.00,"89,610.00"
2019-05-30,2019053001016039,GBIME,57,1,210,309.00,"64,890.00"
2019-05-30,2019053001015944,GBIME,57,26,40,309.00,"12,360.00"
2019-05-30,2019053001015808,GBIME,45,45,40,310.00,"12,400.00"
2019-05-30,2019053001016160,GBLBS,29,48,520,381.00,"198,120.00"
2019-05-30,2019053001016159,GBLBS,40,48,500,381.00,"190,500.00"
2019-05-30,2019053001016158,GBLBS,43,48,30,381.00,"11,430.00"
2019-05-30,2019053001016134,GBLBS,13,6,10,384.00,"3,840.00"
2019-05-30,2019053001016018,GBLBS,43,7,10,381.00,"3,810.00"
2019-05-30,2019053001016040,GILB,38,56,21,"1,309.00","27,489.00"
2019-05-30,2019053001016289,GUFL,45,42,470,118.00,"55,460.00"
2019-05-30,2019053001016288,GUFL,59,42,500,118.00,"59,000.00"
2019-05-30,2019053001016241,GUFL,59,41,200,120.00,"24,000.00"
2019-05-30,2019053001016224,GUFL,59,5,500,120.00,"60,000.00"
2019-05-30,2019053001016114,GUFL,45,11,30,118.00,"3,540.00"
2019-05-30,2019053001015819,HBL,34,6,31,586.00,"18,166.00"
2019-05-30,2019053001016208,HDL,56,58,100,"1,720.00","172,000.00"
2019-05-30,2019053001016070,HDL,21,58,19,"1,710.00","32,490.00"
2019-05-30,2019053001016069,HDL,21,56,20,"1,709.00","34,180.00"
2019-05-30,2019053001016132,HIDCL,34,34,10,168.00,"1,680.00"
2019-05-30,2019053001016038,HIDCL,1,22,100,165.00,"16,500.00"
2019-05-30,2019053001016037,HIDCL,21,22,350,165.00,"57,750.00"
2019-05-30,2019053001016036,HIDCL,29,22,"1,000",166.00,"166,000.00"
2019-05-30,2019053001015900,HIDCL,21,43,150,165.00,"24,750.00"
2019-05-30,2019053001015899,HIDCL,32,43,350,165.00,"57,750.00"
2019-05-30,2019053001016285,HPPL,49,4,20,189.00,"3,780.00"
2019-05-30,2019053001016287,HURJA,26,43,20,160.00,"3,200.00"
2019-05-30,2019053001016255,HURJA,26,43,20,160.00,"3,200.00"
2019-05-30,2019053001016226,HURJA,26,43,20,160.00,"3,200.00"
2019-05-30,2019053001016192,HURJA,26,43,20,160.00,"3,200.00"
2019-05-30,2019053001015842,IGI,55,55,"1,000",402.00,"402,000.00"
2019-05-30,2019053001015841,IGI,34,55,100,403.00,"40,300.00"
2019-05-30,2019053001016247,JBBL,34,26,53,154.00,"8,162.00"
2019-05-30,2019053001016194,JBBL,50,48,33,155.00,"5,115.00"
2019-05-30,2019053001016193,JBBL,50,49,994,155.00,"154,070.00"
2019-05-30,2019053001016170,JBBL,34,58,170,154.00,"26,180.00"
2019-05-30,2019053001016169,JBBL,29,58,30,154.00,"4,620.00"
2019-05-30,2019053001016207,JBNL,55,4,102,212.00,"21,624.00"
2019-05-30,2019053001016137,JBNL,55,28,148,212.00,"31,376.00"
2019-05-30,2019053001016094,JBNL,55,28,100,212.00,"21,200.00"
2019-05-30,2019053001016080,JBNL,18,28,32,212.00,"6,784.00"
2019-05-30,2019053001016027,JBNL,18,4,468,212.00,"99,216.00"
2019-05-30,2019053001016026,JBNL,34,4,500,212.00,"106,000.00"
2019-05-30,2019053001015814,JBNL,16,43,200,212.00,"42,400.00"
2019-05-30,2019053001016025,JBNL,57,4,32,212.00,"6,784.00"
2019-05-30,2019053001015898,JBNL,57,19,968,212.00,"205,216.00"
2019-05-30,2019053001015897,JBNL,45,19,32,212.00,"6,784.00"
2019-05-30,2019053001015881,JBNL,45,45,468,212.00,"99,216.00"
2019-05-30,2019053001015880,JBNL,34,45,100,212.00,"21,200.00"
2019-05-30,2019053001015879,JBNL,16,45,432,212.00,"91,584.00"
2019-05-30,2019053001015908,JBNLPO,57,49,"18,383",100.00,"1,838,300.00"
2019-05-30,2019053001016131,KBL,32,50,500,219.00,"109,500.00"
2019-05-30,2019053001016130,KBL,53,50,200,220.00,"44,000.00"
2019-05-30,2019053001016129,KBL,14,50,100,220.00,"22,000.00"
2019-05-30,2019053001016128,KBL,13,50,200,220.00,"44,000.00"
2019-05-30,2019053001016254,KNBL,58,45,250,162.00,"40,500.00"
2019-05-30,2019053001016168,KNBL,58,45,50,162.00,"8,100.00"
2019-05-30,2019053001016167,KNBL,39,45,200,162.00,"32,400.00"
2019-05-30,2019053001015826,KPCL,46,45,60,101.00,"6,060.00"
2019-05-30,2019053001016053,KPCL,59,28,510,99.00,"50,490.00"
2019-05-30,2019053001016127,KSBBL,29,38,355,164.00,"58,220.00"
2019-05-30,2019053001015980,KSBBL,44,22,"2,000",164.00,"328,000.00"
2019-05-30,2019053001015824,LBBL,44,46,184,202.00,"37,168.00"
2019-05-30,2019053001015823,LBBL,39,46,216,202.00,"43,632.00"
2019-05-30,2019053001015928,LBL,55,45,800,225.00,"180,000.00"
2019-05-30,2019053001015927,LBL,5,45,200,225.00,"45,000.00"
2019-05-30,2019053001015996,LGIL,57,22,100,497.00,"49,700.00"
2019-05-30,2019053001016062,LICN,48,36,10,"1,805.00","18,050.00"
2019-05-30,2019053001016015,LICN,28,28,100,"1,800.00","180,000.00"
2019-05-30,2019053001015835,LVF1,21,32,"3,000",10.27,"30,810.00"
2019-05-30,2019053001015834,LVF1,40,32,"10,000",10.28,"102,800.00"
2019-05-30,2019053001016261,MBL,22,32,10,278.00,"2,780.00"
2019-05-30,2019053001016291,MDB,1,4,424,255.00,"108,120.00"
2019-05-30,2019053001016295,MEGA,44,3,84,207.00,"17,388.00"
2019-05-30,2019053001016294,MEGA,58,3,16,207.00,"3,312.00"
2019-05-30,2019053001016252,MEGA,45,50,500,208.00,"104,000.00"
2019-05-30,2019053001016184,MEGA,58,26,518,207.00,"107,226.00"
2019-05-30,2019053001016171,MEGA,43,50,10,208.00,"2,080.00"
2019-05-30,2019053001016126,MEGA,13,50,"1,900",207.00,"393,300.00"
2019-05-30,2019053001015829,MEGA,57,17,500,207.00,"103,500.00"
2019-05-30,2019053001015828,MEGA,53,17,100,207.00,"20,700.00"
2019-05-30,2019053001015827,MEGA,34,17,35,207.00,"7,245.00"
2019-05-30,2019053001015930,MEGA,58,35,500,207.00,"103,500.00"
2019-05-30,2019053001015887,MEGA,58,50,466,207.00,"96,462.00"
2019-05-30,2019053001015886,MEGA,34,50,535,207.00,"110,745.00"
2019-05-30,2019053001015876,MEGA,25,42,649,208.00,"134,992.00"
2019-05-30,2019053001015875,MEGA,25,47,351,208.00,"73,008.00"
2019-05-30,2019053001015830,MEGA,34,17,365,207.00,"75,555.00"
2019-05-30,2019053001016044,MEGA,53,50,168,208.00,"34,944.00"
2019-05-30,2019053001016043,MEGA,53,52,138,208.00,"28,704.00"
2019-05-30,2019053001016042,MEGA,53,57,194,208.00,"40,352.00"
2019-05-30,2019053001015987,MEGA,25,57,149,208.00,"30,992.00"
2019-05-30,2019053001015986,MEGA,25,42,351,208.00,"73,008.00"
2019-05-30,2019053001015978,MEGA,58,45,500,207.00,"103,500.00"
2019-05-30,2019053001016263,MERO,1,50,21,602.00,"12,642.00"
2019-05-30,2019053001016262,MERO,14,50,19,602.00,"11,438.00"
2019-05-30,2019053001015816,MERO,18,25,11,604.00,"6,644.00"
2019-05-30,2019053001015838,MERO,18,25,11,604.00,"6,644.00"
2019-05-30,2019053001016233,MLBL,33,6,20,198.00,"3,960.00"
2019-05-30,2019053001016232,MLBL,33,46,480,198.00,"95,040.00"
2019-05-30,2019053001015967,MNBBL,51,19,30,379.00,"11,370.00"
2019-05-30,2019053001015966,MNBBL,45,19,20,380.00,"7,600.00"
2019-05-30,2019053001015965,MNBBL,1,19,50,380.00,"19,000.00"
2019-05-30,2019053001015947,NABIL,28,58,10,847.00,"8,470.00"
2019-05-30,2019053001016095,NABILP,3,25,50,828.00,"41,400.00"
2019-05-30,2019053001016218,NADEP,32,17,50,473.00,"23,650.00"
2019-05-30,2019053001016217,NADEP,32,59,10,473.00,"4,730.00"
2019-05-30,2019053001016216,NADEP,32,59,10,473.00,"4,730.00"
2019-05-30,2019053001016209,NADEP,32,17,10,470.00,"4,700.00"
2019-05-30,2019053001016215,NADEP,32,59,10,473.00,"4,730.00"
2019-05-30,2019053001016214,NADEP,32,59,10,473.00,"4,730.00"
2019-05-30,2019053001016213,NADEP,32,59,10,473.00,"4,730.00"
2019-05-30,2019053001016212,NADEP,32,59,10,473.00,"4,730.00"
2019-05-30,2019053001016211,NADEP,32,59,10,473.00,"4,730.00"
2019-05-30,2019053001016210,NADEP,32,59,10,473.00,"4,730.00"
2019-05-30,2019053001016099,NBB,45,50,179,227.00,"40,633.00"
2019-05-30,2019053001016098,NBB,34,50,100,227.00,"22,700.00"
2019-05-30,2019053001016097,NBB,26,50,221,227.00,"50,167.00"
2019-05-30,2019053001016024,NBB,26,32,99,227.00,"22,473.00"
2019-05-30,2019053001016023,NBB,51,32,101,227.00,"22,927.00"
2019-05-30,2019053001015972,NBB,56,50,100,228.00,"22,800.00"
2019-05-30,2019053001016292,NBL,33,45,100,339.00,"33,900.00"
2019-05-30,2019053001016270,NBL,34,45,100,339.00,"33,900.00"
2019-05-30,2019053001016253,NBL,10,21,500,338.00,"169,000.00"
2019-05-30,2019053001016162,NBL,10,45,489,338.00,"165,282.00"
2019-05-30,2019053001016161,NBL,59,45,11,338.00,"3,718.00"
2019-05-30,2019053001016091,NBL,59,21,369,338.00,"124,722.00"
2019-05-30,2019053001016090,NBL,59,58,120,338.00,"40,560.00"
2019-05-30,2019053001016035,NBL,29,58,880,338.00,"297,440.00"
2019-05-30,2019053001016034,NBL,29,35,100,338.00,"33,800.00"
2019-05-30,2019053001016033,NBL,29,45,20,338.00,"6,760.00"
2019-05-30,2019053001016032,NBL,10,45,500,338.00,"169,000.00"
2019-05-30,2019053001015812,NBL,59,45,60,338.00,"20,280.00"
2019-05-30,2019053001016300,NCCB,58,44,10,265.00,"2,650.00"
2019-05-30,2019053001016298,NCCB,34,44,449,265.00,"118,985.00"
2019-05-30,2019053001016249,NCCB,34,50,500,265.00,"132,500.00"
2019-05-30,2019053001016242,NCCB,34,36,500,265.00,"132,500.00"
2019-05-30,2019053001016200,NCCB,34,33,10,266.00,"2,660.00"
2019-05-30,2019053001016141,NCCB,34,55,"1,567",265.00,"415,255.00"
2019-05-30,2019053001015832,NCCB,57,28,439,266.00,"116,774.00"
2019-05-30,2019053001015831,NCCB,57,28,500,266.00,"133,000.00"
2019-05-30,2019053001016118,NCCB,34,1,"1,000",264.00,"264,000.00"
2019-05-30,2019053001016093,NCCB,58,55,50,265.00,"13,250.00"
2019-05-30,2019053001016092,NCCB,53,55,383,265.00,"101,495.00"
2019-05-30,2019053001015844,NCCB,53,50,117,265.00,"31,005.00"
2019-05-30,2019053001015843,NCCB,33,50,83,265.00,"21,995.00"
2019-05-30,2019053001015833,NCCB,57,33,61,266.00,"16,226.00"
2019-05-30,2019053001015878,NEF,17,22,"2,403",8.60,"20,665.80"
2019-05-30,2019053001016286,NIB,57,16,53,543.00,"28,779.00"
2019-05-30,2019053001016197,NIB,42,16,200,543.00,"108,600.00"
2019-05-30,2019053001016165,NIB,57,56,23,542.00,"12,466.00"
2019-05-30,2019053001016164,NIB,50,56,150,542.00,"81,300.00"
2019-05-30,2019053001016063,NIB,50,36,50,542.00,"27,100.00"
2019-05-30,2019053001015973,NIB,14,36,10,542.00,"5,420.00"
2019-05-30,2019053001016046,NICA,44,42,"3,940",485.00,"1,910,900.00"
2019-05-30,2019053001016029,NICA,57,17,100,486.00,"48,600.00"
2019-05-30,2019053001015948,NICA,44,20,400,485.00,"194,000.00"
2019-05-30,2019053001016199,NICL,33,6,54,386.00,"20,844.00"
2019-05-30,2019053001015936,NICL,19,6,20,390.00,"7,800.00"
2019-05-30,2019053001016174,NIL,7,42,100,511.00,"51,100.00"
2019-05-30,2019053001016151,NIL,7,52,99,511.00,"50,589.00"
2019-05-30,2019053001016150,NIL,35,52,40,511.00,"20,440.00"
2019-05-30,2019053001016149,NIL,57,52,500,511.00,"255,500.00"
2019-05-30,2019053001016148,NIL,45,52,10,511.00,"5,110.00"
2019-05-30,2019053001016147,NIL,39,52,50,511.00,"25,550.00"
2019-05-30,2019053001016146,NIL,45,52,79,511.00,"40,369.00"
2019-05-30,2019053001015912,NIL,45,35,21,511.00,"10,731.00"
2019-05-30,2019053001015911,NIL,51,35,179,511.00,"91,469.00"
2019-05-30,2019053001015846,NIL,7,34,200,512.00,"102,400.00"
2019-05-30,2019053001015891,NLBBL,6,48,19,520.00,"9,880.00"
2019-05-30,2019053001015890,NLBBL,36,48,42,520.00,"21,840.00"
2019-05-30,2019053001015889,NLBBL,51,48,200,521.00,"104,200.00"
2019-05-30,2019053001015888,NLBBL,40,48,10,521.00,"5,210.00"
2019-05-30,2019053001015855,NLBBL,56,48,19,525.00,"9,975.00"
2019-05-30,2019053001015854,NLBBL,21,48,10,530.00,"5,300.00"
2019-05-30,2019053001016182,NLG,29,32,18,808.00,"14,544.00"
2019-05-30,2019053001016181,NLG,53,32,40,808.00,"32,320.00"
2019-05-30,2019053001016180,NLG,29,32,100,812.00,"81,200.00"
2019-05-30,2019053001016185,NLIC,50,59,69,935.00,"64,515.00"
2019-05-30,2019053001016138,NLIC,6,59,50,939.00,"46,950.00"
2019-05-30,2019053001016050,NLIC,51,59,71,940.00,"66,740.00"
2019-05-30,2019053001015863,NLIC,39,59,10,940.00,"9,400.00"
2019-05-30,2019053001015935,NLICL,48,17,200,650.00,"130,000.00"
2019-05-30,2019053001015825,NLICL,22,17,100,650.00,"65,000.00"
2019-05-30,2019053001016178,NMFBS,33,45,200,"1,540.00","308,000.00"
2019-05-30,2019053001016177,NMFBS,57,45,10,"1,540.00","15,400.00"
2019-05-30,2019053001016176,NMFBS,42,45,20,"1,541.00","30,820.00"
2019-05-30,2019053001016103,NMFBS,41,45,10,"1,550.00","15,500.00"
2019-05-30,2019053001015873,NTC,44,38,500,731.00,"365,500.00"
2019-05-30,2019053001015872,NTC,44,25,140,730.00,"102,200.00"
2019-05-30,2019053001016058,OHL,45,45,104,654.00,"68,016.00"
2019-05-30,2019053001016021,OHL,45,45,720,654.00,"470,880.00"
2019-05-30,2019053001016020,OHL,45,34,100,653.00,"65,300.00"
2019-05-30,2019053001016019,OHL,45,55,76,652.00,"49,552.00"
2019-05-30,2019053001016125,PCBL,25,53,399,310.00,"123,690.00"
2019-05-30,2019053001016124,PCBL,34,53,200,310.00,"62,000.00"
2019-05-30,2019053001016123,PCBL,55,53,101,310.00,"31,310.00"
2019-05-30,2019053001016111,PCBL,55,53,"1,000",310.00,"310,000.00"
2019-05-30,2019053001016051,PCBL,55,41,"3,043",310.00,"943,330.00"
2019-05-30,2019053001015968,PCBL,55,40,400,310.00,"124,000.00"
2019-05-30,2019053001015919,PCBL,55,34,22,310.00,"6,820.00"
2019-05-30,2019053001015918,PCBL,38,34,50,311.00,"15,550.00"
2019-05-30,2019053001015869,PCBL,57,53,500,312.00,"156,000.00"
2019-05-30,2019053001015858,PCBL,57,53,200,312.00,"62,400.00"
2019-05-30,2019053001015857,PCBL,57,45,300,312.00,"93,600.00"
2019-05-30,2019053001016282,PIC,38,17,19,"1,190.00","22,610.00"
2019-05-30,2019053001016281,PIC,38,40,11,"1,190.00","13,090.00"
2019-05-30,2019053001016280,PIC,38,45,200,"1,185.00","237,000.00"
2019-05-30,2019053001016223,PIC,1,14,39,"1,175.00","45,825.00"
2019-05-30,2019053001016190,PIC,58,14,11,"1,176.00","12,936.00"
2019-05-30,2019053001016189,PIC,58,39,489,"1,176.00","575,064.00"
2019-05-30,2019053001016188,PIC,35,39,11,"1,176.00","12,936.00"
2019-05-30,2019053001016110,PIC,48,37,40,"1,178.00","47,120.00"
2019-05-30,2019053001016060,PIC,55,37,10,"1,178.00","11,780.00"
2019-05-30,2019053001016008,PIC,34,56,41,"1,176.00","48,216.00"
2019-05-30,2019053001016007,PIC,35,56,25,"1,177.00","29,425.00"
2019-05-30,2019053001015975,PIC,57,37,50,"1,178.00","58,900.00"
2019-05-30,2019053001016133,PICL,34,40,10,698.00,"6,980.00"
2019-05-30,2019053001016013,PICL,34,34,100,685.00,"68,500.00"
2019-05-30,2019053001016296,PLIC,48,5,10,478.00,"4,780.00"
2019-05-30,2019053001016109,PLIC,41,41,327,472.00,"154,344.00"
2019-05-30,2019053001016108,PLIC,54,41,31,472.00,"14,632.00"
2019-05-30,2019053001015811,PLIC,29,6,50,473.00,"23,650.00"
2019-05-30,2019053001015849,PRIN,41,34,75,405.00,"30,375.00"
2019-05-30,2019053001015848,PRIN,50,34,221,405.00,"89,505.00"
2019-05-30,2019053001015847,PRIN,25,34,150,406.00,"60,900.00"
2019-05-30,2019053001016297,PRVU,57,33,200,284.00,"56,800.00"
2019-05-30,2019053001016279,PRVU,54,34,823,285.00,"234,555.00"
2019-05-30,2019053001016278,PRVU,54,32,756,285.00,"215,460.00"
2019-05-30,2019053001016277,PRVU,54,33,"1,000",284.00,"284,000.00"
2019-05-30,2019053001016276,PRVU,54,33,"1,000",284.00,"284,000.00"
2019-05-30,2019053001016275,PRVU,54,33,421,284.00,"119,564.00"
2019-05-30,2019053001015995,PRVU,49,45,500,283.00,"141,500.00"
2019-05-30,2019053001015836,PRVU,49,43,500,283.00,"141,500.00"
2019-05-30,2019053001015822,PRVU,16,33,500,284.00,"142,000.00"
2019-05-30,2019053001015815,PRVU,19,33,"1,000",284.00,"284,000.00"
2019-05-30,2019053001016076,PRVU,49,33,"1,000",284.00,"284,000.00"
2019-05-30,2019053001016075,PRVU,49,33,500,284.00,"142,000.00"
2019-05-30,2019053001016204,PRVU,49,33,579,284.00,"164,436.00"
2019-05-30,2019053001016203,PRVU,49,42,421,284.00,"119,564.00"
2019-05-30,2019053001016107,PRVU,22,42,79,284.00,"22,436.00"
2019-05-30,2019053001016100,PRVU,22,33,921,284.00,"261,564.00"
2019-05-30,2019053001016078,PRVU,49,33,79,284.00,"22,436.00"
2019-05-30,2019053001016077,PRVU,49,50,121,284.00,"34,364.00"
2019-05-30,2019053001016065,RADHI,47,38,10,167.00,"1,670.00"
2019-05-30,2019053001016290,RBCL,19,57,10,"10,780.00","107,800.00"
2019-05-30,2019053001016067,RBCLPO,11,21,20,"9,970.00","199,400.00"
2019-05-30,2019053001016230,RMDC,6,52,50,660.00,"33,000.00"
2019-05-30,2019053001016198,RMDC,34,37,10,663.00,"6,630.00"
2019-05-30,2019053001016179,RSDC,57,26,26,386.00,"10,036.00"
2019-05-30,2019053001016102,RSDC,38,21,39,385.00,"15,015.00"
2019-05-30,2019053001015850,SADBL,26,16,323,153.00,"49,419.00"
2019-05-30,2019053001015821,SADBL,26,16,677,153.00,"103,581.00"
2019-05-30,2019053001016251,SANIMA,56,50,10,359.00,"3,590.00"
2019-05-30,2019053001016250,SANIMA,47,50,814,359.00,"292,226.00"
2019-05-30,2019053001016240,SANIMA,34,50,20,360.00,"7,200.00"
2019-05-30,2019053001016187,SANIMA,47,38,25,359.00,"8,975.00"
2019-05-30,2019053001016104,SANIMA,57,50,140,360.00,"50,400.00"
2019-05-30,2019053001016022,SANIMA,58,22,20,361.00,"7,220.00"
2019-05-30,2019053001016001,SANIMA,57,32,300,360.00,"108,000.00"
2019-05-30,2019053001015997,SBI,52,48,10,488.00,"4,880.00"
2019-05-30,2019053001016047,SBL,50,32,52,340.00,"17,680.00"
2019-05-30,2019053001015870,SBL,50,43,300,340.00,"102,000.00"
2019-05-30,2019053001016266,SCB,41,50,28,703.00,"19,684.00"
2019-05-30,2019053001016265,SCB,41,3,310,703.00,"217,930.00"
2019-05-30,2019053001016264,SCB,41,38,70,703.00,"49,210.00"
2019-05-30,2019053001015892,SCB,45,7,190,700.00,"133,000.00"
2019-05-30,2019053001015853,SCB,45,59,10,700.00,"7,000.00"
2019-05-30,2019053001015941,SCB,41,50,196,703.00,"137,788.00"
2019-05-30,2019053001015940,SCB,41,6,100,702.00,"70,200.00"
2019-05-30,2019053001015939,SCB,41,34,200,700.00,"140,000.00"
2019-05-30,2019053001015905,SCB,41,25,50,697.00,"34,850.00"
2019-05-30,2019053001015894,SCB,41,7,230,697.00,"160,310.00"
2019-05-30,2019053001015893,SCB,41,7,296,698.00,"206,608.00"
2019-05-30,2019053001016121,SCB,41,57,100,697.00,"69,700.00"
2019-05-30,2019053001015945,SCB,41,45,300,703.00,"210,900.00"
2019-05-30,2019053001015943,SCB,41,49,160,703.00,"112,480.00"
2019-05-30,2019053001015942,SCB,41,35,100,703.00,"70,300.00"
2019-05-30,2019053001015907,SFFIL,38,6,40,220.00,"8,800.00"
2019-05-30,2019053001015884,SFFIL,38,6,60,220.00,"13,200.00"
2019-05-30,2019053001015883,SFFIL,55,6,20,221.00,"4,420.00"
2019-05-30,2019053001015882,SFFIL,22,6,100,222.00,"22,200.00"
2019-05-30,2019053001016293,SHIVM,25,7,50,661.00,"33,050.00"
2019-05-30,2019053001016284,SHIVM,50,48,200,660.00,"132,000.00"
2019-05-30,2019053001016283,SHIVM,5,48,200,660.00,"132,000.00"
2019-05-30,2019053001016274,SHIVM,5,7,100,661.00,"66,100.00"
2019-05-30,2019053001016273,SHIVM,5,45,50,660.00,"33,000.00"
2019-05-30,2019053001016272,SHIVM,5,25,400,659.00,"263,600.00"
2019-05-30,2019053001015856,SHIVM,58,58,100,657.00,"65,700.00"
2019-05-30,2019053001015845,SHIVM,7,59,25,655.00,"16,375.00"
2019-05-30,2019053001015871,SHIVM,45,4,100,657.00,"65,700.00"
2019-05-30,2019053001015868,SHIVM,45,58,"2,330",657.00,"1,530,810.00"
2019-05-30,2019053001015862,SHIVM,35,26,75,654.00,"49,050.00"
2019-05-30,2019053001015861,SHIVM,40,26,200,654.00,"130,800.00"
2019-05-30,2019053001015860,SHIVM,22,26,200,655.00,"131,000.00"
2019-05-30,2019053001015859,SHIVM,7,26,25,655.00,"16,375.00"
2019-05-30,2019053001015929,SHIVM,5,58,350,657.00,"229,950.00"
2019-05-30,2019053001015917,SHIVM,25,52,500,656.00,"328,000.00"
2019-05-30,2019053001015916,SHIVM,22,58,100,657.00,"65,700.00"
2019-05-30,2019053001015914,SHIVM,5,58,500,657.00,"328,500.00"
2019-05-30,2019053001015906,SHIVM,14,58,50,657.00,"32,850.00"
2019-05-30,2019053001015877,SHIVM,42,22,500,658.00,"329,000.00"
2019-05-30,2019053001015954,SHIVM,45,57,"1,325",660.00,"874,500.00"
2019-05-30,2019053001015953,SHIVM,45,43,50,659.00,"32,950.00"
2019-05-30,2019053001015952,SHIVM,45,38,200,659.00,"131,800.00"
2019-05-30,2019053001015951,SHIVM,45,59,500,659.00,"329,500.00"
2019-05-30,2019053001015950,SHIVM,45,22,280,658.00,"184,240.00"
2019-05-30,2019053001015949,SHIVM,5,22,500,658.00,"329,000.00"
2019-05-30,2019053001015982,SHIVM,5,44,105,660.00,"69,300.00"
2019-05-30,2019053001015981,SHIVM,5,41,50,658.00,"32,900.00"
2019-05-30,2019053001015974,SHIVM,5,44,500,660.00,"330,000.00"
2019-05-30,2019053001015957,SHIVM,45,44,395,660.00,"260,700.00"
2019-05-30,2019053001015956,SHIVM,45,41,200,660.00,"132,000.00"
2019-05-30,2019053001015955,SHIVM,45,57,50,660.00,"33,000.00"
2019-05-30,2019053001016016,SHIVM,38,58,20,660.00,"13,200.00"
2019-05-30,2019053001016012,SHIVM,5,6,255,660.00,"168,300.00"
2019-05-30,2019053001016010,SHIVM,1,44,60,656.00,"39,360.00"
2019-05-30,2019053001016009,SHIVM,41,44,10,656.00,"6,560.00"
2019-05-30,2019053001015984,SHIVM,5,6,245,660.00,"161,700.00"
2019-05-30,2019053001015983,SHIVM,5,46,100,660.00,"66,000.00"
2019-05-30,2019053001016061,SHIVM,22,58,200,660.00,"132,000.00"
2019-05-30,2019053001016049,SHIVM,25,58,30,660.00,"19,800.00"
2019-05-30,2019053001016048,SHIVM,35,58,200,660.00,"132,000.00"
2019-05-30,2019053001016041,SHIVM,50,58,200,660.00,"132,000.00"
2019-05-30,2019053001016030,SHIVM,14,58,200,660.00,"132,000.00"
2019-05-30,2019053001016028,SHIVM,48,58,100,660.00,"66,000.00"
2019-05-30,2019053001016106,SHIVM,7,25,133,660.00,"87,780.00"
2019-05-30,2019053001016101,SHIVM,50,45,133,660.00,"87,780.00"
2019-05-30,2019053001016083,SHIVM,10,45,367,660.00,"242,220.00"
2019-05-30,2019053001016082,SHIVM,10,39,33,660.00,"21,780.00"
2019-05-30,2019053001016081,SHIVM,10,58,100,660.00,"66,000.00"
2019-05-30,2019053001016079,SHIVM,33,34,200,657.00,"131,400.00"
2019-05-30,2019053001016195,SHIVM,29,17,300,660.00,"198,000.00"
2019-05-30,2019053001016186,SHIVM,34,17,50,660.00,"33,000.00"
2019-05-30,2019053001016175,SHIVM,50,17,200,660.00,"132,000.00"
2019-05-30,2019053001016136,SHIVM,7,25,67,660.00,"44,220.00"
2019-05-30,2019053001016120,SHIVM,50,25,100,660.00,"66,000.00"
2019-05-30,2019053001016119,SHIVM,28,25,200,660.00,"132,000.00"
2019-05-30,2019053001016269,SHIVM,16,19,100,658.00,"65,800.00"
2019-05-30,2019053001016256,SHIVM,45,45,100,660.00,"66,000.00"
2019-05-30,2019053001016248,SHIVM,45,17,400,660.00,"264,000.00"
2019-05-30,2019053001016234,SHIVM,16,17,600,660.00,"396,000.00"
2019-05-30,2019053001016231,SHIVM,5,17,250,660.00,"165,000.00"
2019-05-30,2019053001016219,SHIVM,5,17,200,660.00,"132,000.00"
2019-05-30,2019053001015938,SHL,14,19,100,240.00,"24,000.00"
2019-05-30,2019053001015937,SHL,43,19,100,240.00,"24,000.00"
2019-05-30,2019053001015999,SHPC,33,28,"1,000",269.00,"269,000.00"
2019-05-30,2019053001015998,SHPC,39,28,500,269.00,"134,500.00"
2019-05-30,2019053001016157,SICL,45,6,40,850.00,"34,000.00"
2019-05-30,2019053001016156,SICL,47,6,100,850.00,"85,000.00"
2019-05-30,2019053001016155,SICL,44,6,50,850.00,"42,500.00"
2019-05-30,2019053001016154,SICL,35,6,20,850.00,"17,000.00"
2019-05-30,2019053001016153,SICL,32,6,10,851.00,"8,510.00"
2019-05-30,2019053001016152,SICL,42,6,30,851.00,"25,530.00"
2019-05-30,2019053001015820,SICL,49,51,11,855.00,"9,405.00"
2019-05-30,2019053001016055,SIL,48,36,16,580.00,"9,280.00"
2019-05-30,2019053001016054,SIL,48,36,50,585.00,"29,250.00"
2019-05-30,2019053001016163,SKBBL,57,47,10,"1,000.00","10,000.00"
2019-05-30,2019053001015964,SKBBL,45,17,230,995.00,"228,850.00"
2019-05-30,2019053001016057,SLBBL,19,18,21,476.00,"9,996.00"
2019-05-30,2019053001016183,SLBSL,45,25,30,601.00,"18,030.00"
2019-05-30,2019053001015946,SLBSL,52,35,100,605.00,"60,500.00"
2019-05-30,2019053001015864,SLBSL,52,34,20,605.00,"12,100.00"
2019-05-30,2019053001015910,SLICL,34,56,100,587.00,"58,700.00"
2019-05-30,2019053001015810,SLICL,34,22,216,587.00,"126,792.00"
2019-05-30,2019053001015809,SLICL,48,22,10,588.00,"5,880.00"
2019-05-30,2019053001016117,SMFDB,28,45,100,578.00,"57,800.00"
2019-05-30,2019053001016196,SPARS,42,45,10,575.00,"5,750.00"
2019-05-30,2019053001016191,SPARS,25,44,10,586.00,"5,860.00"
2019-05-30,2019053001016113,SPARS,42,20,10,575.00,"5,750.00"
2019-05-30,2019053001016066,SPARS,42,20,10,575.00,"5,750.00"
2019-05-30,2019053001016056,SPARS,42,58,10,575.00,"5,750.00"
2019-05-30,2019053001016045,SPARS,42,58,10,575.00,"5,750.00"
2019-05-30,2019053001015817,SPARS,34,38,10,581.00,"5,810.00"
2019-05-30,2019053001015813,SPARS,34,28,10,581.00,"5,810.00"
2019-05-30,2019053001015909,SPARS,42,38,10,575.00,"5,750.00"
2019-05-30,2019053001015896,SPARS,42,38,10,575.00,"5,750.00"
2019-05-30,2019053001015852,SPARS,6,38,10,580.00,"5,800.00"
2019-05-30,2019053001015851,SPARS,6,45,10,580.00,"5,800.00"
2019-05-30,2019053001015840,SPARS,42,7,10,580.00,"5,800.00"
2019-05-30,2019053001016006,SPARS,42,59,10,585.00,"5,850.00"
2019-05-30,2019053001016005,SPARS,42,17,10,585.00,"5,850.00"
2019-05-30,2019053001016004,SPARS,42,17,10,582.00,"5,820.00"
2019-05-30,2019053001016003,SPARS,42,44,10,581.00,"5,810.00"
2019-05-30,2019053001016002,SPARS,42,20,10,580.00,"5,800.00"
2019-05-30,2019053001015926,SPARS,42,38,10,575.00,"5,750.00"
2019-05-30,2019053001016135,SRBL,44,22,100,261.00,"26,100.00"
2019-05-30,2019053001016064,SRBL,44,34,500,262.00,"131,000.00"
2019-05-30,2019053001016017,SRBL,21,34,350,262.00,"91,700.00"
2019-05-30,2019053001016011,SRBL,44,56,337,261.00,"87,957.00"
2019-05-30,2019053001015977,SRBL,17,34,100,262.00,"26,200.00"
2019-05-30,2019053001015970,SRBL,44,34,50,262.00,"13,100.00"
2019-05-30,2019053001015902,SRBL,44,28,500,262.00,"131,000.00"
2019-05-30,2019053001015901,SRBL,44,56,500,262.00,"131,000.00"
2019-05-30,2019053001015874,SRBL,44,56,"1,500",262.00,"393,000.00"
2019-05-30,2019053001015865,SRBL,44,6,250,262.00,"65,500.00"
2019-05-30,2019053001016303,UIC,58,22,10,"1,035.00","10,350.00"
2019-05-30,2019053001016302,UIC,58,7,100,"1,030.00","103,000.00"
2019-05-30,2019053001016301,UIC,58,34,90,"1,029.00","92,610.00"
2019-05-30,2019053001016257,UIC,56,34,10,"1,029.00","10,290.00"
2019-05-30,2019053001016202,UIC,56,7,100,"1,022.00","102,200.00"
2019-05-30,2019053001016201,UIC,56,7,100,"1,023.00","102,300.00"
2019-05-30,2019053001015920,UNL,3,40,10,"20,000.00","200,000.00"
2019-05-30,2019053001016271,UPCL,58,29,10,95.00,950.00
2019-05-30,2019053001016222,UPCL,29,58,895,94.00,"84,130.00"
2019-05-30,2019053001016221,UPCL,54,58,405,94.00,"38,070.00"
2019-05-30,2019053001016260,UPPER,49,34,12,293.00,"3,516.00"
2019-05-30,2019053001016259,UPPER,38,34,263,293.00,"77,059.00"
2019-05-30,2019053001016258,UPPER,44,34,50,294.00,"14,700.00"
2019-05-30,2019053001016243,UPPER,57,6,500,295.00,"147,500.00"
2019-05-30,2019053001016229,UPPER,51,6,100,295.00,"29,500.00"
2019-05-30,2019053001016225,UPPER,57,6,500,295.00,"147,500.00"
2019-05-30,2019053001015837,UPPER,59,43,320,293.00,"93,760.00"
2019-05-30,2019053001015807,UPPER,50,43,355,292.00,"103,660.00"
2019-05-30,2019053001015806,UPPER,19,43,500,292.00,"146,000.00"
2019-05-30,2019053001015805,UPPER,54,43,"2,000",292.00,"584,000.00"
2019-05-30,2019053001015804,UPPER,42,43,150,292.00,"43,800.00"
2019-05-30,2019053001015933,UPPER,48,45,150,292.00,"43,800.00"
2019-05-30,2019053001015932,UPPER,50,45,145,292.00,"42,340.00"
2019-05-30,2019053001015931,UPPER,59,45,97,293.00,"28,421.00"
2019-05-30,2019053001015867,UPPER,59,43,83,293.00,"24,319.00"
2019-05-30,2019053001016031,UPPER,50,58,20,294.00,"5,880.00"
2019-05-30,2019053001015988,UPPER,50,17,10,294.00,"2,940.00"
2019-05-30,2019053001015976,UPPER,50,59,495,294.00,"145,530.00"
2019-05-30,2019053001015971,UPPER,59,59,30,294.00,"8,820.00"
2019-05-30,2019053001015961,UPPER,22,59,160,294.00,"47,040.00"
2019-05-30,2019053001015934,UPPER,20,45,208,292.00,"60,736.00"
2019-05-30,2019053001016084,UPPER,40,58,120,294.00,"35,280.00"
2019-05-30,2019053001016068,UPPER,38,56,97,293.00,"28,421.00"
2019-05-30,2019053001016059,UPPER,38,58,100,294.00,"29,400.00"
2019-05-30,2019053001016052,UPPER,20,38,40,292.00,"11,680.00"
2019-05-30,2019053001016220,UPPER,38,17,100,293.00,"29,300.00"
2019-05-30,2019053001016166,UPPER,1,38,"1,270",294.00,"373,380.00"
2019-05-30,2019053001016142,UPPER,38,44,40,293.00,"11,720.00"
2019-05-30,2019053001016105,UPPER,50,38,200,294.00,"58,800.00"
2019-05-30,2019053001016096,UPPER,42,38,200,294.00,"58,800.00"
2019-05-30,2019053001016085,UPPER,40,38,80,294.00,"23,520.00"
2019-05-30,2019053001015481,AHPC,45,42,100,111.00,"11,100.00"
2019-05-30,2019053001015701,API,41,40,400,154.00,"61,600.00"
2019-05-30,2019053001015700,API,22,40,10,154.00,"1,540.00"
2019-05-30,2019053001015699,API,22,40,10,154.00,"1,540.00"
2019-05-30,2019053001015698,API,35,40,382,154.00,"58,828.00"
2019-05-30,2019053001015697,API,22,40,"1,000",155.00,"155,000.00"
2019-05-30,2019053001015621,API,35,4,400,154.00,"61,600.00"
2019-05-30,2019053001015343,API,38,4,"1,000",156.00,"156,000.00"
2019-05-30,2019053001015395,API,37,25,500,155.00,"77,500.00"
2019-05-30,2019053001015394,API,37,25,"2,000",155.00,"310,000.00"
2019-05-30,2019053001015393,API,52,25,200,156.00,"31,200.00"
2019-05-30,2019053001015392,API,38,25,"1,000",156.00,"156,000.00"
2019-05-30,2019053001015391,API,38,25,200,156.00,"31,200.00"
2019-05-30,2019053001015390,API,38,25,100,156.00,"15,600.00"
2019-05-30,2019053001015611,API,35,4,218,154.00,"33,572.00"
2019-05-30,2019053001015589,API,42,11,100,157.00,"15,700.00"
2019-05-30,2019053001015396,API,22,25,"1,000",155.00,"155,000.00"
2019-05-30,2019053001015445,BARUN,6,17,10,99.00,990.00
2019-05-30,2019053001015607,BPCL,43,53,16,428.00,"6,848.00"
2019-05-30,2019053001015604,BPCL,42,50,"1,065",425.00,"452,625.00"
2019-05-30,2019053001015603,BPCL,42,50,"3,243",425.00,"1,378,275.00"
2019-05-30,2019053001015583,BPCL,42,59,500,425.00,"212,500.00"
2019-05-30,2019053001015581,BPCL,42,1,200,425.00,"85,000.00"
2019-05-30,2019053001015370,BPCL,42,43,22,425.00,"9,350.00"
2019-05-30,2019053001015707,CBL,19,34,430,149.00,"64,070.00"
2019-05-30,2019053001015706,CBL,46,34,100,149.00,"14,900.00"
2019-05-30,2019053001015705,CBL,37,34,870,149.00,"129,630.00"
2019-05-30,2019053001015655,CBL,49,56,15,150.00,"2,250.00"
2019-05-30,2019053001015654,CBL,49,25,465,150.00,"69,750.00"
2019-05-30,2019053001015653,CBL,49,28,520,150.00,"78,000.00"
2019-05-30,2019053001015588,CBL,37,34,"1,130",149.00,"168,370.00"
2019-05-30,2019053001015587,CBL,7,34,870,149.00,"129,630.00"
2019-05-30,2019053001015620,CCBL,53,7,258,169.00,"43,602.00"
2019-05-30,2019053001015350,CCBL,32,39,50,170.00,"8,500.00"
2019-05-30,2019053001015318,CCBL,32,25,155,170.00,"26,350.00"
2019-05-30,2019053001015689,CEFL,44,4,420,102.00,"42,840.00"
2019-05-30,2019053001015688,CEFL,21,4,50,102.00,"5,100.00"
2019-05-30,2019053001015687,CEFL,38,4,30,103.00,"3,090.00"
2019-05-30,2019053001015733,CHCL,36,59,50,536.00,"26,800.00"
2019-05-30,2019053001015667,CHCL,40,51,44,534.00,"23,496.00"
2019-05-30,2019053001015666,CHCL,22,51,56,535.00,"29,960.00"
2019-05-30,2019053001015595,CHCL,22,7,44,535.00,"23,540.00"
2019-05-30,2019053001015594,CHCL,21,7,154,535.00,"82,390.00"
2019-05-30,2019053001015508,CHCL,34,59,400,536.00,"214,400.00"
2019-05-30,2019053001015512,CHLBS,50,35,10,456.00,"4,560.00"
2019-05-30,2019053001015720,CZBIL,16,16,39,227.00,"8,853.00"
2019-05-30,2019053001015719,CZBIL,57,16,70,227.00,"15,890.00"
2019-05-30,2019053001015660,DBBL,34,51,50,150.00,"7,500.00"
2019-05-30,2019053001015564,DBBL,55,21,368,149.00,"54,832.00"
2019-05-30,2019053001015785,DDBL,38,17,55,730.00,"40,150.00"
2019-05-30,2019053001015784,DDBL,49,17,100,731.00,"73,100.00"
2019-05-30,2019053001015783,DDBL,59,17,50,732.00,"36,600.00"
2019-05-30,2019053001015782,DDBL,47,17,200,733.00,"146,600.00"
2019-05-30,2019053001015730,EBL,45,59,165,677.00,"111,705.00"
2019-05-30,2019053001015729,EBL,47,59,10,677.00,"6,770.00"
2019-05-30,2019053001015728,EBL,16,59,285,677.00,"192,945.00"
2019-05-30,2019053001015727,EBL,47,59,10,678.00,"6,780.00"
2019-05-30,2019053001015726,EBL,28,59,20,679.00,"13,580.00"
2019-05-30,2019053001015725,EBL,50,59,200,679.00,"135,800.00"
2019-05-30,2019053001015724,EBL,47,59,10,679.00,"6,790.00"
2019-05-30,2019053001015745,FOWAD,44,42,65,"1,485.00","96,525.00"
2019-05-30,2019053001015744,FOWAD,49,42,80,"1,486.00","118,880.00"
2019-05-30,2019053001015743,FOWAD,34,42,20,"1,490.00","29,800.00"
2019-05-30,2019053001015742,FOWAD,55,42,50,"1,493.00","74,650.00"
2019-05-30,2019053001015741,FOWAD,17,42,50,"1,495.00","74,750.00"
2019-05-30,2019053001015761,GBBL,59,21,71,228.00,"16,188.00"
2019-05-30,2019053001015760,GBBL,50,21,100,228.00,"22,800.00"
2019-05-30,2019053001015759,GBBL,39,21,25,228.00,"5,700.00"
2019-05-30,2019053001015552,GBBL,39,21,75,228.00,"17,100.00"
2019-05-30,2019053001015551,GBBL,32,21,500,228.00,"114,000.00"
2019-05-30,2019053001015550,GBBL,5,21,225,228.00,"51,300.00"
2019-05-30,2019053001015398,GDBL,44,58,155,215.00,"33,325.00"
2019-05-30,2019053001015487,GHL,29,48,30,94.00,"2,820.00"
2019-05-30,2019053001015736,GLICL,57,58,378,550.00,"207,900.00"
2019-05-30,2019053001015735,GLICL,50,58,10,553.00,"5,530.00"
2019-05-30,2019053001015734,GLICL,17,58,200,553.00,"110,600.00"
2019-05-30,2019053001015597,GUFL,45,17,250,119.00,"29,750.00"
2019-05-30,2019053001015546,GUFL,59,17,500,119.00,"59,500.00"
2019-05-30,2019053001015511,GUFL,59,22,500,119.00,"59,500.00"
2019-05-30,2019053001015746,HBL,34,18,150,586.00,"87,900.00"
2019-05-30,2019053001015702,HIDCL,32,6,11,165.00,"1,815.00"
2019-05-30,2019053001015367,HIDCL,32,17,15,165.00,"2,475.00"
2019-05-30,2019053001015574,HURJA,26,14,10,160.00,"1,600.00"
2019-05-30,2019053001015464,HURJA,26,19,20,160.00,"3,200.00"
2019-05-30,2019053001015451,HURJA,26,49,10,160.00,"1,600.00"
2019-05-30,2019053001015415,HURJA,26,3,20,160.00,"3,200.00"
2019-05-30,2019053001015402,HURJA,26,36,20,160.00,"3,200.00"
2019-05-30,2019053001015767,JBBL,39,58,30,156.00,"4,680.00"
2019-05-30,2019053001015677,JBBL,34,58,50,156.00,"7,800.00"
2019-05-30,2019053001015366,JBBL,29,58,970,154.00,"149,380.00"
2019-05-30,2019053001015365,JBBL,34,58,30,155.00,"4,650.00"
2019-05-30,2019053001015793,JBNL,5,58,941,213.00,"200,433.00"
2019-05-30,2019053001015778,JBNL,5,46,59,213.00,"12,567.00"
2019-05-30,2019053001015777,JBNL,18,46,441,213.00,"93,933.00"
2019-05-30,2019053001015732,JBNL,29,58,100,214.00,"21,400.00"
2019-05-30,2019053001015676,JBNL,29,1,100,214.00,"21,400.00"
2019-05-30,2019053001015634,JBNL,18,21,500,213.00,"106,500.00"
2019-05-30,2019053001015346,JBNL,46,32,500,212.00,"106,000.00"
2019-05-30,2019053001015345,JBNL,6,32,600,212.00,"127,200.00"
2019-05-30,2019053001015344,JBNL,48,32,189,212.00,"40,068.00"
2019-05-30,2019053001015509,JBNL,42,19,"2,000",212.00,"424,000.00"
2019-05-30,2019053001015475,JBNL,42,26,577,212.00,"122,324.00"
2019-05-30,2019053001015474,JBNL,53,26,23,212.00,"4,876.00"
2019-05-30,2019053001015371,JBNL,53,19,500,212.00,"106,000.00"
2019-05-30,2019053001015352,JBNL,53,58,250,212.00,"53,000.00"
2019-05-30,2019053001015347,JBNL,53,32,"1,227",212.00,"260,124.00"
2019-05-30,2019053001015617,JBNL,18,38,59,213.00,"12,567.00"
2019-05-30,2019053001015544,JBNL,16,5,368,212.00,"78,016.00"
2019-05-30,2019053001015543,JBNL,25,5,423,212.00,"89,676.00"
2019-05-30,2019053001015528,JBNL,25,19,"1,000",212.00,"212,000.00"
2019-05-30,2019053001015527,JBNL,25,5,577,212.00,"122,324.00"
2019-05-30,2019053001015526,JBNL,42,5,423,212.00,"89,676.00"
2019-05-30,2019053001015772,JOSHI,45,48,10,94.00,940.00
2019-05-30,2019053001015675,JOSHI,45,48,20,94.00,"1,880.00"
2019-05-30,2019053001015467,JOSHI,45,48,20,94.00,"1,880.00"
2019-05-30,2019053001015628,KBBL,49,47,752,230.00,"172,960.00"
2019-05-30,2019053001015627,KBBL,42,47,500,230.00,"115,000.00"
2019-05-30,2019053001015626,KBBL,33,47,100,230.00,"23,000.00"
2019-05-30,2019053001015625,KBBL,34,47,"2,000",231.00,"462,000.00"
2019-05-30,2019053001015624,KBBL,45,47,376,231.00,"86,856.00"
2019-05-30,2019053001015562,KBBL,45,47,124,231.00,"28,644.00"
2019-05-30,2019053001015561,KBBL,49,47,500,232.00,"116,000.00"
2019-05-30,2019053001015560,KBBL,34,47,376,232.00,"87,232.00"
2019-05-30,2019053001015762,KBL,13,42,100,220.00,"22,000.00"
2019-05-30,2019053001015376,KPCL,46,25,10,101.00,"1,010.00"
2019-05-30,2019053001015357,KPCL,46,40,10,101.00,"1,010.00"
2019-05-30,2019053001015378,KPCL,46,11,10,101.00,"1,010.00"
2019-05-30,2019053001015399,KRBL,20,33,100,116.00,"11,600.00"
2019-05-30,2019053001015406,KSBBL,44,33,119,162.00,"19,278.00"
2019-05-30,2019053001015405,KSBBL,14,33,"1,244",162.00,"201,528.00"
2019-05-30,2019053001015404,KSBBL,25,33,500,163.00,"81,500.00"
2019-05-30,2019053001015579,LBBL,39,21,284,202.00,"57,368.00"
2019-05-30,2019053001015578,LBBL,57,21,500,202.00,"101,000.00"
2019-05-30,2019053001015577,LBBL,45,21,216,202.00,"43,632.00"
2019-05-30,2019053001015410,LBBL,45,25,500,202.00,"101,000.00"
2019-05-30,2019053001015377,LBBL,45,44,220,202.00,"44,440.00"
2019-05-30,2019053001015468,LBL,34,49,100,225.00,"22,500.00"
2019-05-30,2019053001015349,LBL,41,16,100,225.00,"22,500.00"
2019-05-30,2019053001015694,LGIL,48,35,60,498.00,"29,880.00"
2019-05-30,2019053001015693,LGIL,56,35,500,498.00,"249,000.00"
2019-05-30,2019053001015649,MBL,18,40,139,274.00,"38,086.00"
2019-05-30,2019053001015648,MBL,42,40,60,274.00,"16,440.00"
2019-05-30,2019053001015647,MBL,38,40,50,274.00,"13,700.00"
2019-05-30,2019053001015646,MBL,38,40,100,274.00,"27,400.00"
2019-05-30,2019053001015645,MBL,7,40,51,274.00,"13,974.00"
2019-05-30,2019053001015629,MBL,7,40,149,274.00,"40,826.00"
2019-05-30,2019053001015567,MBL,1,19,900,274.00,"246,600.00"
2019-05-30,2019053001015566,MBL,38,19,100,274.00,"27,400.00"
2019-05-30,2019053001015459,MBL,56,38,22,275.00,"6,050.00"
2019-05-30,2019053001015458,MBL,56,58,250,275.00,"68,750.00"
2019-05-30,2019053001015622,MDB,20,34,100,259.00,"25,900.00"
2019-05-30,2019053001015781,MEGA,57,47,500,208.00,"104,000.00"
2019-05-30,2019053001015780,MEGA,57,47,150,208.00,"31,200.00"
2019-05-30,2019053001015779,MEGA,57,56,350,208.00,"72,800.00"
2019-05-30,2019053001015692,MEGA,29,56,150,208.00,"31,200.00"
2019-05-30,2019053001015691,MEGA,29,45,50,208.00,"10,400.00"
2019-05-30,2019053001015665,MEGA,34,21,500,207.00,"103,500.00"
2019-05-30,2019053001015651,MEGA,34,13,113,207.00,"23,391.00"
2019-05-30,2019053001015584,MEGA,34,41,166,207.00,"34,362.00"
2019-05-30,2019053001015556,MERO,18,38,40,604.00,"24,160.00"
2019-05-30,2019053001015555,MERO,18,38,50,605.00,"30,250.00"
2019-05-30,2019053001015554,MERO,28,38,10,606.00,"6,060.00"
2019-05-30,2019053001015356,MHNL,22,11,30,104.00,"3,120.00"
2019-05-30,2019053001015638,MLBL,57,48,126,197.00,"24,822.00"
2019-05-30,2019053001015495,MNBBL,1,38,100,380.00,"38,000.00"
2019-05-30,2019053001015326,MNBBL,1,19,50,380.00,"19,000.00"
2019-05-30,2019053001015325,MNBBL,59,19,50,380.00,"19,000.00"
2019-05-30,2019053001015609,MPFL,11,46,35,230.00,"8,050.00"
2019-05-30,2019053001015608,MPFL,11,46,50,228.00,"11,400.00"
2019-05-30,2019053001015765,NABIL,28,7,90,847.00,"76,230.00"
2019-05-30,2019053001015485,NABIL,55,1,10,848.00,"8,480.00"
2019-05-30,2019053001015506,NABILP,34,6,500,824.00,"412,000.00"
2019-05-30,2019053001015505,NABILP,34,6,465,824.00,"383,160.00"
2019-05-30,2019053001015504,NABILP,49,6,35,825.00,"28,875.00"
2019-05-30,2019053001015447,NABILP,49,59,200,825.00,"165,000.00"
2019-05-30,2019053001015573,NABILP,34,6,500,824.00,"412,000.00"
2019-05-30,2019053001015542,NABILP,34,59,200,824.00,"164,800.00"
2019-05-30,2019053001015523,NABILP,34,49,50,824.00,"41,200.00"
2019-05-30,2019053001015737,NBB,45,51,200,229.00,"45,800.00"
2019-05-30,2019053001015623,NBB,50,16,100,228.00,"22,800.00"
2019-05-30,2019053001015794,NBL,33,45,420,338.00,"141,960.00"
2019-05-30,2019053001015711,NBL,33,28,80,338.00,"27,040.00"
2019-05-30,2019053001015680,NBL,41,28,100,338.00,"33,800.00"
2019-05-30,2019053001015661,NBL,29,28,200,338.00,"67,600.00"
2019-05-30,2019053001015652,NBL,33,28,140,338.00,"47,320.00"
2019-05-30,2019053001015650,NBL,40,52,100,337.00,"33,700.00"
2019-05-30,2019053001015427,NBL,45,28,500,337.00,"168,500.00"
2019-05-30,2019053001015426,NBL,44,28,187,337.00,"63,019.00"
2019-05-30,2019053001015389,NBL,56,28,100,338.00,"33,800.00"
2019-05-30,2019053001015369,NBL,59,28,100,338.00,"33,800.00"
2019-05-30,2019053001015309,NBL,50,28,500,338.00,"169,000.00"
2019-05-30,2019053001015449,NBL,28,28,600,338.00,"202,800.00"
2019-05-30,2019053001015437,NBL,28,16,100,338.00,"33,800.00"
2019-05-30,2019053001015436,NBL,28,28,300,338.00,"101,400.00"
2019-05-30,2019053001015430,NBL,19,28,203,337.00,"68,411.00"
2019-05-30,2019053001015429,NBL,34,28,10,337.00,"3,370.00"
2019-05-30,2019053001015428,NBL,36,28,100,337.00,"33,700.00"
2019-05-30,2019053001015491,NBL,47,21,220,338.00,"74,360.00"
2019-05-30,2019053001015490,NBL,47,28,280,338.00,"94,640.00"
2019-05-30,2019053001015489,NBL,40,34,200,337.00,"67,400.00"
2019-05-30,2019053001015488,NBL,19,34,797,337.00,"268,589.00"
2019-05-30,2019053001015486,NBL,19,28,50,338.00,"16,900.00"
2019-05-30,2019053001015466,NBL,17,28,70,338.00,"23,660.00"
2019-05-30,2019053001015592,NBL,37,28,500,338.00,"169,000.00"
2019-05-30,2019053001015565,NBL,34,28,120,338.00,"40,560.00"
2019-05-30,2019053001015545,NBL,34,34,380,338.00,"128,440.00"
2019-05-30,2019053001015541,NBL,41,34,120,338.00,"40,560.00"
2019-05-30,2019053001015540,NBL,41,21,280,338.00,"94,640.00"
2019-05-30,2019053001015539,NBL,40,29,50,337.00,"16,850.00"
2019-05-30,2019053001015775,NCCB,7,28,50,266.00,"13,300.00"
2019-05-30,2019053001015643,NCCB,33,39,400,265.00,"106,000.00"
2019-05-30,2019053001015642,NCCB,33,37,"1,017",265.00,"269,505.00"
2019-05-30,2019053001015633,NCCB,34,32,984,264.00,"259,776.00"
2019-05-30,2019053001015632,NCCB,17,32,616,264.00,"162,624.00"
2019-05-30,2019053001015598,NCCB,28,37,500,265.00,"132,500.00"
2019-05-30,2019053001015373,NCCB,13,46,350,265.00,"92,750.00"
2019-05-30,2019053001015499,NCCB,34,22,200,265.00,"53,000.00"
2019-05-30,2019053001015498,NCCB,34,5,150,265.00,"39,750.00"
2019-05-30,2019053001015457,NCCB,17,58,100,264.00,"26,400.00"
2019-05-30,2019053001015423,NCCB,36,5,500,265.00,"132,500.00"
2019-05-30,2019053001015383,NCCB,13,5,200,265.00,"53,000.00"
2019-05-30,2019053001015374,NCCB,13,5,150,265.00,"39,750.00"
2019-05-30,2019053001015776,NIB,57,19,17,541.00,"9,197.00"
2019-05-30,2019053001015685,NIB,57,5,330,541.00,"178,530.00"
2019-05-30,2019053001015681,NIB,57,42,100,541.00,"54,100.00"
2019-05-30,2019053001015639,NIB,29,22,140,540.00,"75,600.00"
2019-05-30,2019053001015572,NIB,29,6,68,540.00,"36,720.00"
2019-05-30,2019053001015571,NIB,8,6,403,540.00,"217,620.00"
2019-05-30,2019053001015570,NIB,41,6,29,540.00,"15,660.00"
2019-05-30,2019053001015472,NIB,20,25,30,541.00,"16,230.00"
2019-05-30,2019053001015471,NIB,22,25,100,541.00,"54,100.00"
2019-05-30,2019053001015470,NIB,1,25,100,541.00,"54,100.00"
2019-05-30,2019053001015469,NIB,11,25,82,541.00,"44,362.00"
2019-05-30,2019053001015659,NIBPO,10,18,920,511.00,"470,120.00"
2019-05-30,2019053001015658,NIBPO,42,18,30,511.00,"15,330.00"
2019-05-30,2019053001015657,NIBPO,44,18,50,513.00,"25,650.00"
2019-05-30,2019053001015480,NIBPO,17,19,34,514.00,"17,476.00"
2019-05-30,2019053001015454,NIBPO,44,19,50,515.00,"25,750.00"
2019-05-30,2019053001015591,NIBSF1,47,7,"11,000",9.50,"104,500.00"
2019-05-30,2019053001015704,NICA,44,47,638,485.00,"309,430.00"
2019-05-30,2019053001015703,NICA,44,19,22,485.00,"10,670.00"
2019-05-30,2019053001015618,NICA,57,59,400,484.00,"193,600.00"
2019-05-30,2019053001015616,NICA,57,59,500,484.00,"242,000.00"
2019-05-30,2019053001015582,NICA,53,59,100,484.00,"48,400.00"
2019-05-30,2019053001015510,NICA,48,22,50,483.00,"24,150.00"
2019-05-30,2019053001015593,NIL,35,25,200,512.00,"102,400.00"
2019-05-30,2019053001015576,NLG,53,38,45,808.00,"36,360.00"
2019-05-30,2019053001015790,NLIC,39,42,40,940.00,"37,600.00"
2019-05-30,2019053001015789,NLIC,35,42,10,940.00,"9,400.00"
2019-05-30,2019053001015364,NLIC,49,34,46,940.00,"43,240.00"
2019-05-30,2019053001015363,NLIC,43,34,40,940.00,"37,600.00"
2019-05-30,2019053001015362,NLIC,45,34,34,940.00,"31,960.00"
2019-05-30,2019053001015339,NLIC,45,38,66,940.00,"62,040.00"
2019-05-30,2019053001015338,NLIC,26,38,200,940.00,"188,000.00"
2019-05-30,2019053001015337,NLIC,54,38,10,941.00,"9,410.00"
2019-05-30,2019053001015336,NLIC,38,38,24,941.00,"22,584.00"
2019-05-30,2019053001015788,NLICL,49,34,100,650.00,"65,000.00"
2019-05-30,2019053001015787,NLICL,25,34,100,650.00,"65,000.00"
2019-05-30,2019053001015786,NLICL,25,34,120,650.00,"78,000.00"
2019-05-30,2019053001015324,NLICL,49,34,200,654.00,"130,800.00"
2019-05-30,2019053001015412,NMBHF1,34,40,"4,329",9.72,"42,077.88"
2019-05-30,2019053001015411,NMBHF1,43,40,"3,671",9.73,"35,718.83"
2019-05-30,2019053001015764,NNLB,44,46,24,410.00,"9,840.00"
2019-05-30,2019053001015462,NNLB,22,42,50,405.00,"20,250.00"
2019-05-30,2019053001015461,NNLB,14,42,30,408.00,"12,240.00"
2019-05-30,2019053001015460,NNLB,35,42,16,408.00,"6,528.00"
2019-05-30,2019053001015456,NTC,34,25,10,730.00,"7,300.00"
2019-05-30,2019053001015422,NTC,44,52,25,725.00,"18,125.00"
2019-05-30,2019053001015421,NTC,42,52,100,725.00,"72,500.00"
2019-05-30,2019053001015420,NTC,42,52,100,725.00,"72,500.00"
2019-05-30,2019053001015419,NTC,56,52,100,725.00,"72,500.00"
2019-05-30,2019053001015418,NTC,42,52,100,726.00,"72,600.00"
2019-05-30,2019053001015417,NTC,35,52,20,727.00,"14,540.00"
2019-05-30,2019053001015416,NTC,57,52,55,727.00,"39,985.00"
2019-05-30,2019053001015354,NTC,57,52,145,727.00,"105,415.00"
2019-05-30,2019053001015353,NTC,52,52,355,727.00,"258,085.00"
2019-05-30,2019053001015440,NUBL,51,19,50,856.00,"42,800.00"
2019-05-30,2019053001015549,PIC,34,26,31,"1,176.00","36,456.00"
2019-05-30,2019053001015409,PIC,34,26,30,"1,176.00","35,280.00"
2019-05-30,2019053001015323,PICL,35,40,20,685.00,"13,700.00"
2019-05-30,2019053001015322,PICL,58,40,200,685.00,"137,000.00"
2019-05-30,2019053001015321,PICL,58,40,50,686.00,"34,300.00"
2019-05-30,2019053001015683,PLIC,29,42,150,473.00,"70,950.00"
2019-05-30,2019053001015682,PLIC,50,42,100,475.00,"47,500.00"
2019-05-30,2019053001015514,PMHPL,44,40,10,109.00,"1,090.00"
2019-05-30,2019053001015368,PMHPL,45,33,10,110.00,"1,100.00"
2019-05-30,2019053001015308,PRIN,50,36,279,405.00,"112,995.00"
2019-05-30,2019053001015307,PRIN,42,36,100,405.00,"40,500.00"
2019-05-30,2019053001015306,PRIN,29,36,136,405.00,"55,080.00"
2019-05-30,2019053001015305,PRIN,32,36,50,406.00,"20,300.00"
2019-05-30,2019053001015304,PRIN,14,36,50,406.00,"20,300.00"
2019-05-30,2019053001015770,PRVU,44,33,"1,000",284.00,"284,000.00"
2019-05-30,2019053001015769,PRVU,44,50,500,284.00,"142,000.00"
2019-05-30,2019053001015768,PRVU,44,33,868,284.00,"246,512.00"
2019-05-30,2019053001015731,PRVU,49,42,100,283.00,"28,300.00"
2019-05-30,2019053001015679,PRVU,49,53,21,283.00,"5,943.00"
2019-05-30,2019053001015678,PRVU,49,34,100,283.00,"28,300.00"
2019-05-30,2019053001015568,PRVU,16,44,300,283.00,"84,900.00"
2019-05-30,2019053001015513,PRVU,49,44,"1,700",283.00,"481,100.00"
2019-05-30,2019053001015484,PRVU,40,44,200,283.00,"56,600.00"
2019-05-30,2019053001015483,PRVU,33,44,"1,000",283.00,"283,000.00"
2019-05-30,2019053001015482,PRVU,13,44,300,283.00,"84,900.00"
2019-05-30,2019053001015401,PRVU,45,33,"1,000",284.00,"284,000.00"
2019-05-30,2019053001015637,PRVU,49,34,"1,700",283.00,"481,100.00"
2019-05-30,2019053001015636,PRVU,57,34,400,283.00,"113,200.00"
2019-05-30,2019053001015635,PRVU,57,16,100,283.00,"28,300.00"
2019-05-30,2019053001015631,PRVU,51,33,132,284.00,"37,488.00"
2019-05-30,2019053001015630,PRVU,51,38,68,284.00,"19,312.00"
2019-05-30,2019053001015580,PRVU,57,44,500,283.00,"141,500.00"
2019-05-30,2019053001015740,RHPC,17,40,500,94.00,"47,000.00"
2019-05-30,2019053001015739,RHPC,55,40,50,94.00,"4,700.00"
2019-05-30,2019053001015738,RHPC,47,40,200,94.00,"18,800.00"
2019-05-30,2019053001015615,RMDC,6,16,10,660.00,"6,600.00"
2019-05-30,2019053001015548,RRHP,22,37,140,104.00,"14,560.00"
2019-05-30,2019053001015547,RRHP,22,37,20,104.00,"2,080.00"
2019-05-30,2019053001015478,RRHP,22,40,10,104.00,"1,040.00"
2019-05-30,2019053001015586,SADBL,44,36,"3,423",154.00,"527,142.00"
2019-05-30,2019053001015441,SADBL,26,16,100,155.00,"15,500.00"
2019-05-30,2019053001015722,SANIMA,57,28,60,360.00,"21,600.00"
2019-05-30,2019053001015721,SANIMA,57,28,500,360.00,"180,000.00"
2019-05-30,2019053001015614,SANIMA,42,28,50,360.00,"18,000.00"
2019-05-30,2019053001015524,SANIMA,47,38,18,359.00,"6,462.00"
2019-05-30,2019053001015503,SANIMA,47,44,143,359.00,"51,337.00"
2019-05-30,2019053001015502,SANIMA,34,44,107,359.00,"38,413.00"
2019-05-30,2019053001015492,SBBLJ,25,33,500,198.00,"99,000.00"
2019-05-30,2019053001015714,SBI,46,34,51,482.00,"24,582.00"
2019-05-30,2019053001015713,SBI,36,34,10,485.00,"4,850.00"
2019-05-30,2019053001015712,SBI,25,34,100,485.00,"48,500.00"
2019-05-30,2019053001015590,SBL,50,6,500,340.00,"170,000.00"
2019-05-30,2019053001015434,SBL,50,59,178,340.00,"60,520.00"
2019-05-30,2019053001015387,SBL,51,59,100,341.00,"34,100.00"
2019-05-30,2019053001015386,SBL,45,59,50,341.00,"17,050.00"
2019-05-30,2019053001015385,SBL,50,59,172,342.00,"58,824.00"
2019-05-30,2019053001015317,SBL,50,36,63,342.00,"21,546.00"
2019-05-30,2019053001015316,SBL,58,36,30,342.00,"10,260.00"
2019-05-30,2019053001015315,SBL,35,36,248,342.00,"84,816.00"
2019-05-30,2019053001015664,SCB,45,49,130,700.00,"91,000.00"
2019-05-30,2019053001015613,SCB,45,14,70,700.00,"49,000.00"
2019-05-30,2019053001015612,SCB,48,14,30,700.00,"21,000.00"
2019-05-30,2019053001015559,SCB,48,42,50,700.00,"35,000.00"
2019-05-30,2019053001015558,SCB,48,38,20,700.00,"14,000.00"
2019-05-30,2019053001015494,SEOS,21,36,"3,950",10.78,"42,581.00"
2019-05-30,2019053001015493,SEOS,21,51,"1,050",10.71,"11,245.50"
2019-05-30,2019053001015433,SEOS,7,51,350,10.71,"3,748.50"
2019-05-30,2019053001015384,SEOS,7,46,200,10.71,"2,142.00"
2019-05-30,2019053001015379,SHINE,17,58,11,260.00,"2,860.00"
2019-05-30,2019053001015606,SHINE,5,21,344,257.00,"88,408.00"
2019-05-30,2019053001015605,SHINE,26,21,156,257.00,"40,092.00"
2019-05-30,2019053001015792,SHIVM,3,22,100,658.00,"65,800.00"
2019-05-30,2019053001015758,SHIVM,33,38,240,652.00,"156,480.00"
2019-05-30,2019053001015757,SHIVM,3,38,100,652.00,"65,200.00"
2019-05-30,2019053001015756,SHIVM,56,38,50,652.00,"32,600.00"
2019-05-30,2019053001015755,SHIVM,53,38,500,652.00,"326,000.00"
2019-05-30,2019053001015754,SHIVM,22,38,100,652.00,"65,200.00"
2019-05-30,2019053001015340,SHIVM,42,52,500,645.00,"322,500.00"
2019-05-30,2019053001015320,SHIVM,36,58,200,642.00,"128,400.00"
2019-05-30,2019053001015397,SHIVM,21,18,200,645.00,"129,000.00"
2019-05-30,2019053001015388,SHIVM,14,55,50,645.00,"32,250.00"
2019-05-30,2019053001015359,SHIVM,48,19,200,644.00,"128,800.00"
2019-05-30,2019053001015351,SHIVM,14,19,200,644.00,"128,800.00"
2019-05-30,2019053001015342,SHIVM,42,57,"1,300",647.00,"841,100.00"
2019-05-30,2019053001015341,SHIVM,42,29,800,646.00,"516,800.00"
2019-05-30,2019053001015452,SHIVM,42,34,436,650.00,"283,400.00"
2019-05-30,2019053001015450,SHIVM,39,34,200,650.00,"130,000.00"
2019-05-30,2019053001015448,SHIVM,26,34,200,650.00,"130,000.00"
2019-05-30,2019053001015446,SHIVM,38,34,500,650.00,"325,000.00"
2019-05-30,2019053001015403,SHIVM,5,42,120,648.00,"77,760.00"
2019-05-30,2019053001015400,SHIVM,39,42,30,648.00,"19,440.00"
2019-05-30,2019053001015497,SHIVM,55,57,272,652.00,"177,344.00"
2019-05-30,2019053001015496,SHIVM,55,51,28,652.00,"18,256.00"
2019-05-30,2019053001015477,SHIVM,5,51,20,652.00,"13,040.00"
2019-05-30,2019053001015476,SHIVM,5,33,30,652.00,"19,560.00"
2019-05-30,2019053001015465,SHIVM,45,33,50,652.00,"32,600.00"
2019-05-30,2019053001015453,SHIVM,42,1,"1,000",650.00,"650,000.00"
2019-05-30,2019053001015521,SHIVM,3,11,50,651.00,"32,550.00"
2019-05-30,2019053001015520,SHIVM,38,50,50,652.00,"32,600.00"
2019-05-30,2019053001015515,SHIVM,50,57,"1,978",652.00,"1,289,656.00"
2019-05-30,2019053001015507,SHIVM,50,57,100,652.00,"65,200.00"
2019-05-30,2019053001015501,SHIVM,44,57,50,652.00,"32,600.00"
2019-05-30,2019053001015500,SHIVM,38,57,100,652.00,"65,200.00"
2019-05-30,2019053001015600,SHIVM,47,22,500,658.00,"329,000.00"
2019-05-30,2019053001015596,SHIVM,34,22,"1,000",658.00,"658,000.00"
2019-05-30,2019053001015585,SHIVM,25,22,20,658.00,"13,160.00"
2019-05-30,2019053001015569,SHIVM,38,22,100,658.00,"65,800.00"
2019-05-30,2019053001015563,SHIVM,5,1,100,656.00,"65,600.00"
2019-05-30,2019053001015522,SHIVM,3,11,10,651.00,"6,510.00"
2019-05-30,2019053001015747,SHIVM,44,38,30,654.00,"19,620.00"
2019-05-30,2019053001015695,SHIVM,14,19,300,657.00,"197,100.00"
2019-05-30,2019053001015686,SHIVM,44,1,20,654.00,"13,080.00"
2019-05-30,2019053001015610,SHIVM,50,42,50,653.00,"32,650.00"
2019-05-30,2019053001015602,SHIVM,14,52,100,653.00,"65,300.00"
2019-05-30,2019053001015601,SHIVM,3,52,50,654.00,"32,700.00"
2019-05-30,2019053001015753,SHIVM,59,38,30,652.00,"19,560.00"
2019-05-30,2019053001015752,SHIVM,47,38,500,653.00,"326,500.00"
2019-05-30,2019053001015751,SHIVM,45,38,300,653.00,"195,900.00"
2019-05-30,2019053001015750,SHIVM,19,38,50,653.00,"32,650.00"
2019-05-30,2019053001015749,SHIVM,38,38,50,653.00,"32,650.00"
2019-05-30,2019053001015748,SHIVM,19,38,50,653.00,"32,650.00"
2019-05-30,2019053001015442,SHPC,46,33,300,268.00,"80,400.00"
2019-05-30,2019053001015372,SHPC,52,16,500,270.00,"135,000.00"
2019-05-30,2019053001015355,SHPC,52,10,500,269.00,"134,500.00"
2019-05-30,2019053001015538,SIC,6,20,80,"1,387.00","110,960.00"
2019-05-30,2019053001015361,SIC,42,20,100,"1,387.00","138,700.00"
2019-05-30,2019053001015358,SIC,20,42,500,"1,386.00","693,000.00"
2019-05-30,2019053001015335,SIC,41,20,100,"1,387.00","138,700.00"
2019-05-30,2019053001015334,SIC,35,20,30,"1,387.00","41,610.00"
2019-05-30,2019053001015333,SIC,55,20,200,"1,387.00","277,400.00"
2019-05-30,2019053001015332,SIC,43,20,30,"1,387.00","41,610.00"
2019-05-30,2019053001015331,SIC,57,20,20,"1,388.00","27,760.00"
2019-05-30,2019053001015330,SIC,52,20,10,"1,388.00","13,880.00"
2019-05-30,2019053001015329,SIC,41,20,100,"1,389.00","138,900.00"
2019-05-30,2019053001015328,SIC,45,20,20,"1,390.00","27,800.00"
2019-05-30,2019053001015327,SIC,20,20,10,"1,390.00","13,900.00"
2019-05-30,2019053001015674,SIL,42,36,50,588.00,"29,400.00"
2019-05-30,2019053001015673,SIL,42,36,50,588.00,"29,400.00"
2019-05-30,2019053001015672,SIL,49,36,100,589.00,"58,900.00"
2019-05-30,2019053001015671,SIL,42,36,100,590.00,"59,000.00"
2019-05-30,2019053001015670,SIL,49,36,10,591.00,"5,910.00"
2019-05-30,2019053001015669,SIL,19,36,24,591.00,"14,184.00"
2019-05-30,2019053001015668,SIL,45,36,100,592.00,"59,200.00"
2019-05-30,2019053001015696,SINDU,34,29,20,144.00,"2,880.00"
2019-05-30,2019053001015656,SKBBL,58,16,20,987.00,"19,740.00"
2019-05-30,2019053001015518,SLBSL,52,52,10,605.00,"6,050.00"
2019-05-30,2019053001015517,SLBSL,52,58,10,605.00,"6,050.00"
2019-05-30,2019053001015516,SLBSL,52,8,10,604.00,"6,040.00"
2019-05-30,2019053001015424,SLICL,34,10,100,587.00,"58,700.00"
2019-05-30,2019053001015662,SMATA,57,47,1,"1,325.00","1,325.00"
2019-05-30,2019053001015408,SMB,38,7,10,500.00,"5,000.00"
2019-05-30,2019053001015435,SMFDB,55,48,79,567.00,"44,793.00"
2019-05-30,2019053001015791,SPARS,34,38,10,581.00,"5,810.00"
2019-05-30,2019053001015684,SPARS,34,18,10,581.00,"5,810.00"
2019-05-30,2019053001015663,SPARS,34,6,10,581.00,"5,810.00"
2019-05-30,2019053001015537,SPARS,42,56,10,580.00,"5,800.00"
2019-05-30,2019053001015536,SPARS,42,57,10,580.00,"5,800.00"
2019-05-30,2019053001015535,SPARS,42,44,10,579.00,"5,790.00"
2019-05-30,2019053001015312,SPARS,42,56,10,580.00,"5,800.00"
2019-05-30,2019053001015311,SPARS,42,44,10,578.00,"5,780.00"
2019-05-30,2019053001015310,SPARS,42,57,10,578.00,"5,780.00"
2019-05-30,2019053001015455,SPARS,56,39,10,570.00,"5,700.00"
2019-05-30,2019053001015439,SPARS,56,39,10,570.00,"5,700.00"
2019-05-30,2019053001015438,SPARS,56,49,10,570.00,"5,700.00"
2019-05-30,2019053001015380,SPARS,56,39,10,570.00,"5,700.00"
2019-05-30,2019053001015314,SPARS,42,56,10,580.00,"5,800.00"
2019-05-30,2019053001015313,SPARS,42,57,10,580.00,"5,800.00"
2019-05-30,2019053001015534,SPARS,42,44,10,579.00,"5,790.00"
2019-05-30,2019053001015533,SPARS,42,44,10,579.00,"5,790.00"
2019-05-30,2019053001015532,SPARS,42,44,10,578.00,"5,780.00"
2019-05-30,2019053001015531,SPARS,42,44,10,578.00,"5,780.00"
2019-05-30,2019053001015530,SPARS,42,44,10,578.00,"5,780.00"
2019-05-30,2019053001015529,SPARS,42,34,10,578.00,"5,780.00"
2019-05-30,2019053001015718,SPDL,7,39,15,94.00,"1,410.00"
2019-05-30,2019053001015717,SPDL,7,34,10,94.00,940.00
2019-05-30,2019053001015716,SPDL,7,34,10,94.00,940.00
2019-05-30,2019053001015715,SPDL,7,34,10,94.00,940.00
2019-05-30,2019053001015774,SRBL,51,56,163,263.00,"42,869.00"
2019-05-30,2019053001015773,SRBL,51,52,137,263.00,"36,031.00"
2019-05-30,2019053001015766,SRBL,44,34,"2,000",262.00,"524,000.00"
2019-05-30,2019053001015599,SRBL,44,7,200,262.00,"52,400.00"
2019-05-30,2019053001015348,SRBL,44,48,500,261.00,"130,500.00"
2019-05-30,2019053001015319,SRBL,44,22,100,261.00,"26,100.00"
2019-05-30,2019053001015382,SWBBL,44,14,25,912.00,"22,800.00"
2019-05-30,2019053001015557,UIC,56,50,20,"1,039.00","20,780.00"
2019-05-30,2019053001015381,UIC,58,7,80,"1,023.00","81,840.00"
2019-05-30,2019053001015360,UIC,21,7,90,"1,023.00","92,070.00"
2019-05-30,2019053001015803,UPPER,32,43,130,292.00,"37,960.00"
2019-05-30,2019053001015802,UPPER,34,43,500,293.00,"146,500.00"
2019-05-30,2019053001015801,UPPER,53,43,500,293.00,"146,500.00"
2019-05-30,2019053001015800,UPPER,52,43,500,293.00,"146,500.00"
2019-05-30,2019053001015799,UPPER,39,43,200,293.00,"58,600.00"
2019-05-30,2019053001015798,UPPER,1,43,400,293.00,"117,200.00"
2019-05-30,2019053001015375,UPPER,1,17,300,293.00,"87,900.00"
2019-05-30,2019053001015431,UPPER,25,17,200,293.00,"58,600.00"
2019-05-30,2019053001015425,UPPER,57,17,500,293.00,"146,500.00"
2019-05-30,2019053001015414,UPPER,32,6,170,292.00,"49,640.00"
2019-05-30,2019053001015413,UPPER,45,6,430,292.00,"125,560.00"
2019-05-30,2019053001015407,UPPER,45,6,570,292.00,"166,440.00"
2019-05-30,2019053001015479,UPPER,50,39,"1,360",294.00,"399,840.00"
2019-05-30,2019053001015473,UPPER,45,39,500,294.00,"147,000.00"
2019-05-30,2019053001015463,UPPER,55,39,200,294.00,"58,800.00"
2019-05-30,2019053001015444,UPPER,57,56,140,293.00,"41,020.00"
2019-05-30,2019053001015443,UPPER,34,56,100,293.00,"29,300.00"
2019-05-30,2019053001015432,UPPER,25,39,"1,100",294.00,"323,400.00"
2019-05-30,2019053001015640,UPPER,35,6,55,296.00,"16,280.00"
2019-05-30,2019053001015619,UPPER,6,11,40,295.00,"11,800.00"
2019-05-30,2019053001015575,UPPER,6,34,400,295.00,"118,000.00"
2019-05-30,2019053001015553,UPPER,25,6,45,296.00,"13,320.00"
2019-05-30,2019053001015525,UPPER,6,43,120,295.00,"35,400.00"
2019-05-30,2019053001015519,UPPER,7,43,100,295.00,"29,500.00"
2019-05-30,2019053001015710,UPPER,6,7,470,295.00,"138,650.00"
2019-05-30,2019053001015709,UPPER,6,7,30,295.00,"8,850.00"
2019-05-30,2019053001015708,UPPER,44,17,200,296.00,"59,200.00"
2019-05-30,2019053001015690,UPPER,6,51,30,295.00,"8,850.00"
2019-05-30,2019053001015644,UPPER,1,17,"1,000",296.00,"296,000.00"
2019-05-30,2019053001015641,UPPER,35,17,145,296.00,"42,920.00"
2019-05-30,2019053001015797,UPPER,57,43,360,293.00,"105,480.00"
2019-05-30,2019053001015796,UPPER,7,43,100,294.00,"29,400.00"
2019-05-30,2019053001015795,UPPER,6,43,100,294.00,"29,400.00"
2019-05-30,2019053001015771,UPPER,49,6,100,295.00,"29,500.00"
2019-05-30,2019053001015763,UPPER,51,6,300,295.00,"88,500.00"
2019-05-30,2019053001015723,UPPER,6,6,530,295.00,"156,350.00"
2019-05-30,2019053001014987,ADBL,39,34,100,428.00,"42,800.00"
2019-05-30,2019053001014865,ALICL,54,52,30,416.00,"12,480.00"
2019-05-30,2019053001014931,API,41,4,100,158.00,"15,800.00"
2019-05-30,2019053001014849,API,5,38,492,157.00,"77,244.00"
2019-05-30,2019053001015222,BOKL,52,55,158,277.00,"43,766.00"
2019-05-30,2019053001015221,BOKL,57,55,500,277.00,"138,500.00"
2019-05-30,2019053001015220,BOKL,57,55,356,277.00,"98,612.00"
2019-05-30,2019053001015013,BOKL,38,19,10,278.00,"2,780.00"
2019-05-30,2019053001014864,BPCL,42,22,"1,035",425.00,"439,875.00"
2019-05-30,2019053001014863,BPCL,41,22,20,425.00,"8,500.00"
2019-05-30,2019053001014862,BPCL,41,22,10,425.00,"4,250.00"
2019-05-30,2019053001014861,BPCL,43,22,372,426.00,"158,472.00"
2019-05-30,2019053001014860,BPCL,26,22,435,426.00,"185,310.00"
2019-05-30,2019053001014859,BPCL,38,22,50,426.00,"21,300.00"
2019-05-30,2019053001014858,BPCL,59,22,500,426.00,"213,000.00"
2019-05-30,2019053001014857,BPCL,36,22,"1,000",426.00,"426,000.00"
2019-05-30,2019053001014856,BPCL,46,22,"1,000",426.00,"426,000.00"
2019-05-30,2019053001014855,BPCL,17,22,50,427.00,"21,350.00"
2019-05-30,2019053001014854,BPCL,44,22,28,427.00,"11,956.00"
2019-05-30,2019053001015298,CCBL,32,25,295,170.00,"50,150.00"
2019-05-30,2019053001015297,CCBL,35,25,100,170.00,"17,000.00"
2019-05-30,2019053001015296,CCBL,22,25,350,170.00,"59,500.00"
2019-05-30,2019053001015295,CCBL,11,25,200,170.00,"34,000.00"
2019-05-30,2019053001015294,CCBL,32,25,458,170.00,"77,860.00"
2019-05-30,2019053001015293,CCBL,22,25,100,170.00,"17,000.00"
2019-05-30,2019053001015156,CCBL,48,25,723,170.00,"122,910.00"
2019-05-30,2019053001015109,CCBL,48,25,277,170.00,"47,090.00"
2019-05-30,2019053001015108,CCBL,35,25,500,170.00,"85,000.00"
2019-05-30,2019053001015107,CCBL,48,25,223,170.00,"37,910.00"
2019-05-30,2019053001014930,CCBL,48,22,21,170.00,"3,570.00"
2019-05-30,2019053001015244,CCBL,38,16,73,170.00,"12,410.00"
2019-05-30,2019053001015175,CCBL,38,50,500,170.00,"85,000.00"
2019-05-30,2019053001015169,CCBL,38,55,427,170.00,"72,590.00"
2019-05-30,2019053001015168,CCBL,13,55,200,170.00,"34,000.00"
2019-05-30,2019053001015167,CCBL,49,55,723,170.00,"122,910.00"
2019-05-30,2019053001015157,CCBL,49,25,277,170.00,"47,090.00"
2019-05-30,2019053001015292,CCBL,43,25,"1,000",170.00,"170,000.00"
2019-05-30,2019053001015291,CCBL,11,25,300,170.00,"51,000.00"
2019-05-30,2019053001015290,CCBL,37,25,197,170.00,"33,490.00"
2019-05-30,2019053001015251,CCBL,37,25,500,170.00,"85,000.00"
2019-05-30,2019053001015246,CCBL,37,16,303,170.00,"51,510.00"
2019-05-30,2019053001015245,CCBL,29,16,100,170.00,"17,000.00"
2019-05-30,2019053001014834,CHCL,21,25,11,535.00,"5,885.00"
2019-05-30,2019053001014843,CHLBS,50,11,10,456.00,"4,560.00"
2019-05-30,2019053001015155,CIT,43,10,11,"2,600.00","28,600.00"
2019-05-30,2019053001015154,CIT,41,10,150,"2,600.00","390,000.00"
2019-05-30,2019053001015153,CIT,45,10,15,"2,600.00","39,000.00"
2019-05-30,2019053001015152,CIT,25,10,24,"2,606.00","62,544.00"
2019-05-30,2019053001015003,CIT,42,47,30,"2,611.00","78,330.00"
2019-05-30,2019053001014996,CIT,42,10,20,"2,611.00","52,220.00"
2019-05-30,2019053001014912,CIT,34,35,88,"2,612.00","229,856.00"
2019-05-30,2019053001015260,CLBSL,22,17,50,551.00,"27,550.00"
2019-05-30,2019053001015259,CLBSL,56,17,29,552.00,"16,008.00"
2019-05-30,2019053001015258,CLBSL,57,17,14,553.00,"7,742.00"
2019-05-30,2019053001015018,CZBIL,57,34,430,227.00,"97,610.00"
2019-05-30,2019053001015017,CZBIL,57,34,500,227.00,"113,500.00"
2019-05-30,2019053001015016,CZBIL,34,34,70,227.00,"15,890.00"
2019-05-30,2019053001015015,CZBIL,51,34,"1,000",228.00,"228,000.00"
2019-05-30,2019053001015014,CZBIL,50,34,500,228.00,"114,000.00"
2019-05-30,2019053001014993,DDBL,38,38,10,734.00,"7,340.00"
2019-05-30,2019053001014824,DDBL,43,49,10,735.00,"7,350.00"
2019-05-30,2019053001015068,FOWAD,38,39,200,"1,500.00","300,000.00"
2019-05-30,2019053001015067,FOWAD,28,39,50,"1,501.00","75,050.00"
2019-05-30,2019053001015066,FOWAD,28,39,16,"1,505.00","24,080.00"
2019-05-30,2019053001015198,GBIME,57,34,250,309.00,"77,250.00"
2019-05-30,2019053001015197,GBIME,57,34,500,309.00,"154,500.00"
2019-05-30,2019053001015196,GBIME,29,34,100,309.00,"30,900.00"
2019-05-30,2019053001015195,GBIME,13,34,50,309.00,"15,450.00"
2019-05-30,2019053001015194,GBIME,55,34,"3,000",309.00,"927,000.00"
2019-05-30,2019053001015193,GBIME,48,34,"5,000",309.00,"1,545,000.00"
2019-05-30,2019053001014925,GBIME,26,45,96,310.00,"29,760.00"
2019-05-30,2019053001014847,GBIME,26,22,79,310.00,"24,490.00"
2019-05-30,2019053001014833,GBIME,26,35,25,310.00,"7,750.00"
2019-05-30,2019053001014832,GBIME,34,35,475,310.00,"147,250.00"
2019-05-30,2019053001014819,GBIME,34,22,25,310.00,"7,750.00"
2019-05-30,2019053001014818,GBIME,25,22,15,310.00,"4,650.00"
2019-05-30,2019053001015192,GBIME,35,34,"1,000",309.00,"309,000.00"
2019-05-30,2019053001015191,GBIME,56,34,100,309.00,"30,900.00"
2019-05-30,2019053001015065,GBIME,38,45,100,310.00,"31,000.00"
2019-05-30,2019053001014928,GBIME,38,45,100,310.00,"31,000.00"
2019-05-30,2019053001014927,GBIME,59,45,200,310.00,"62,000.00"
2019-05-30,2019053001014926,GBIME,29,45,100,310.00,"31,000.00"
2019-05-30,2019053001015026,GBLBS,13,6,50,384.00,"19,200.00"
2019-05-30,2019053001014977,GBLBS,13,6,50,384.00,"19,200.00"
2019-05-30,2019053001014829,GLICL,57,6,20,553.00,"11,060.00"
2019-05-30,2019053001014828,GLICL,42,6,50,553.00,"27,650.00"
2019-05-30,2019053001015225,HBL,26,18,100,587.00,"58,700.00"
2019-05-30,2019053001015134,HIDCL,32,19,100,165.00,"16,500.00"
2019-05-30,2019053001015133,HIDCL,22,19,500,166.00,"83,000.00"
2019-05-30,2019053001014831,HIDCL,32,36,24,165.00,"3,960.00"
2019-05-30,2019053001014830,HIDCL,5,36,36,165.00,"5,940.00"
2019-05-30,2019053001015255,HURJA,26,43,500,160.00,"80,000.00"
2019-05-30,2019053001015172,ICFC,16,37,102,166.00,"16,932.00"
2019-05-30,2019053001014999,JBBL,34,21,170,155.00,"26,350.00"
2019-05-30,2019053001015257,JBNL,48,19,311,212.00,"65,932.00"
2019-05-30,2019053001015256,JBNL,53,19,689,212.00,"146,068.00"
2019-05-30,2019053001015120,JBNL,53,55,311,212.00,"65,932.00"
2019-05-30,2019053001015114,JBNL,53,50,"1,000",212.00,"212,000.00"
2019-05-30,2019053001014910,JBNL,52,45,200,213.00,"42,600.00"
2019-05-30,2019053001014909,JBNL,35,45,550,213.00,"117,150.00"
2019-05-30,2019053001014896,JBNL,52,45,"1,000",213.00,"213,000.00"
2019-05-30,2019053001014902,JBNL,29,45,"5,000",213.00,"1,065,000.00"
2019-05-30,2019053001014901,JBNL,57,45,"1,000",213.00,"213,000.00"
2019-05-30,2019053001014900,JBNL,36,45,150,213.00,"31,950.00"
2019-05-30,2019053001014899,JBNL,34,45,"2,000",213.00,"426,000.00"
2019-05-30,2019053001014898,JBNL,49,45,"1,000",213.00,"213,000.00"
2019-05-30,2019053001014897,JBNL,32,45,"1,000",213.00,"213,000.00"
2019-05-30,2019053001014908,JBNL,37,45,200,213.00,"42,600.00"
2019-05-30,2019053001014907,JBNL,26,45,25,213.00,"5,325.00"
2019-05-30,2019053001014906,JBNL,26,45,500,213.00,"106,500.00"
2019-05-30,2019053001014905,JBNL,25,45,"5,000",213.00,"1,065,000.00"
2019-05-30,2019053001014904,JBNL,25,45,500,213.00,"106,500.00"
2019-05-30,2019053001014903,JBNL,28,45,"2,000",213.00,"426,000.00"
2019-05-30,2019053001015173,JOSHI,45,6,20,94.00,"1,880.00"
2019-05-30,2019053001014978,KBBL,34,22,24,232.00,"5,568.00"
2019-05-30,2019053001015289,KBL,13,6,200,220.00,"44,000.00"
2019-05-30,2019053001015288,KBL,54,6,200,220.00,"44,000.00"
2019-05-30,2019053001015287,KBL,42,6,50,220.00,"11,000.00"
2019-05-30,2019053001015253,KBL,29,6,"1,000",221.00,"221,000.00"
2019-05-30,2019053001015252,KBL,7,6,50,221.00,"11,050.00"
2019-05-30,2019053001015119,KBL,7,58,50,221.00,"11,050.00"
2019-05-30,2019053001015118,KBL,47,58,50,221.00,"11,050.00"
2019-05-30,2019053001015117,KBL,32,58,500,221.00,"110,500.00"
2019-05-30,2019053001015116,KBL,45,58,200,221.00,"44,200.00"
2019-05-30,2019053001015115,KBL,1,58,500,221.00,"110,500.00"
2019-05-30,2019053001015130,KNBL,38,33,500,163.00,"81,500.00"
2019-05-30,2019053001015280,KPCL,46,57,10,101.00,"1,010.00"
2019-05-30,2019053001015279,KPCL,46,43,10,101.00,"1,010.00"
2019-05-30,2019053001015278,KPCL,46,26,10,101.00,"1,010.00"
2019-05-30,2019053001015277,KPCL,46,34,10,101.00,"1,010.00"
2019-05-30,2019053001015276,KPCL,46,34,10,101.00,"1,010.00"
2019-05-30,2019053001015275,KPCL,46,38,10,101.00,"1,010.00"
2019-05-30,2019053001015268,KPCL,46,26,10,101.00,"1,010.00"
2019-05-30,2019053001015267,KPCL,46,42,10,101.00,"1,010.00"
2019-05-30,2019053001015274,KPCL,46,38,10,101.00,"1,010.00"
2019-05-30,2019053001015273,KPCL,46,38,10,101.00,"1,010.00"
2019-05-30,2019053001015272,KPCL,46,38,10,101.00,"1,010.00"
2019-05-30,2019053001015271,KPCL,46,38,10,101.00,"1,010.00"
2019-05-30,2019053001015270,KPCL,46,43,10,101.00,"1,010.00"
2019-05-30,2019053001015269,KPCL,46,42,10,101.00,"1,010.00"
2019-05-30,2019053001014846,LBBL,45,54,100,202.00,"20,200.00"
2019-05-30,2019053001014919,LBL,38,54,50,224.00,"11,200.00"
2019-05-30,2019053001014848,LBL,32,22,50,225.00,"11,250.00"
2019-05-30,2019053001015121,LICN,14,6,200,"1,793.00","358,600.00"
2019-05-30,2019053001014825,MBL,51,58,400,275.00,"110,000.00"
2019-05-30,2019053001015189,MEGA,34,56,186,207.00,"38,502.00"
2019-05-30,2019053001015188,MEGA,33,56,24,207.00,"4,968.00"
2019-05-30,2019053001015178,MEGA,33,38,943,207.00,"195,201.00"
2019-05-30,2019053001015170,MEGA,33,58,93,207.00,"19,251.00"
2019-05-30,2019053001015036,MEGA,33,57,540,207.00,"111,780.00"
2019-05-30,2019053001015035,MEGA,54,57,50,207.00,"10,350.00"
2019-05-30,2019053001014936,MEGA,38,26,50,208.00,"10,400.00"
2019-05-30,2019053001015034,MEGA,56,57,150,207.00,"31,050.00"
2019-05-30,2019053001015033,MEGA,49,57,43,207.00,"8,901.00"
2019-05-30,2019053001015008,MEGA,25,38,"1,000",208.00,"208,000.00"
2019-05-30,2019053001014974,MEGA,48,38,257,208.00,"53,456.00"
2019-05-30,2019053001014973,MEGA,42,38,100,208.00,"20,800.00"
2019-05-30,2019053001014969,MEGA,48,4,43,208.00,"8,944.00"
2019-05-30,2019053001014827,NABILP,17,59,50,830.00,"41,500.00"
2019-05-30,2019053001015138,NBB,51,45,399,227.00,"90,573.00"
2019-05-30,2019053001015137,NBB,40,45,101,227.00,"22,927.00"
2019-05-30,2019053001015102,NBB,40,49,99,227.00,"22,473.00"
2019-05-30,2019053001015022,NBB,28,49,200,229.00,"45,800.00"
2019-05-30,2019053001014935,NBB,28,25,66,229.00,"15,114.00"
2019-05-30,2019053001014934,NBB,48,25,100,229.00,"22,900.00"
2019-05-30,2019053001014933,NBB,25,25,"1,428",229.00,"327,012.00"
2019-05-30,2019053001015054,NBB,33,26,246,228.00,"56,088.00"
2019-05-30,2019053001015053,NBB,47,26,200,228.00,"45,600.00"
2019-05-30,2019053001015052,NBB,29,26,100,228.00,"22,800.00"
2019-05-30,2019053001015051,NBB,32,26,200,228.00,"45,600.00"
2019-05-30,2019053001015050,NBB,28,26,500,229.00,"114,500.00"
2019-05-30,2019053001015049,NBB,28,26,734,229.00,"168,086.00"
2019-05-30,2019053001015085,NBB,41,49,50,228.00,"11,400.00"
2019-05-30,2019053001015084,NBB,57,49,500,228.00,"114,000.00"
2019-05-30,2019053001015083,NBB,57,49,500,228.00,"114,000.00"
2019-05-30,2019053001015082,NBB,25,49,500,228.00,"114,000.00"
2019-05-30,2019053001015081,NBB,33,49,592,228.00,"134,976.00"
2019-05-30,2019053001015069,NBB,33,55,"2,662",228.00,"606,936.00"
2019-05-30,2019053001015183,NBL,44,33,813,337.00,"273,981.00"
2019-05-30,2019053001015136,NBL,44,33,462,338.00,"156,156.00"
2019-05-30,2019053001015023,NBL,44,45,"2,000",338.00,"676,000.00"
2019-05-30,2019053001014923,NBL,44,6,538,338.00,"181,844.00"
2019-05-30,2019053001014922,NBL,37,6,62,338.00,"20,956.00"
2019-05-30,2019053001014869,NBL,3,33,65,339.00,"22,035.00"
2019-05-30,2019053001014808,NBL,57,34,"1,000",338.00,"338,000.00"
2019-05-30,2019053001014807,NBL,54,34,500,338.00,"169,000.00"
2019-05-30,2019053001014806,NBL,33,34,500,338.00,"169,000.00"
2019-05-30,2019053001014805,NBL,45,34,12,338.00,"4,056.00"
2019-05-30,2019053001014814,NBL,37,34,438,338.00,"148,044.00"
2019-05-30,2019053001014813,NBL,39,34,200,338.00,"67,600.00"
2019-05-30,2019053001014812,NBL,16,34,200,338.00,"67,600.00"
2019-05-30,2019053001014811,NBL,57,34,500,338.00,"169,000.00"
2019-05-30,2019053001014810,NBL,57,34,500,338.00,"169,000.00"
2019-05-30,2019053001014809,NBL,26,34,150,338.00,"50,700.00"
2019-05-30,2019053001015263,NCCB,36,46,100,265.00,"26,500.00"
2019-05-30,2019053001015131,NCCB,26,46,"1,000",265.00,"265,000.00"
2019-05-30,2019053001014968,NCCB,41,28,11,266.00,"2,926.00"
2019-05-30,2019053001014967,NCCB,41,21,89,266.00,"23,674.00"
2019-05-30,2019053001014966,NCCB,34,36,50,265.00,"13,250.00"
2019-05-30,2019053001014965,NCCB,34,36,"2,000",265.00,"530,000.00"
2019-05-30,2019053001014952,NCCB,44,36,200,265.00,"53,000.00"
2019-05-30,2019053001014951,NCCB,1,36,200,265.00,"53,000.00"
2019-05-30,2019053001014950,NCCB,34,36,380,265.00,"100,700.00"
2019-05-30,2019053001014958,NCCB,54,36,100,265.00,"26,500.00"
2019-05-30,2019053001014957,NCCB,38,36,"1,000",265.00,"265,000.00"
2019-05-30,2019053001014956,NCCB,53,36,500,265.00,"132,500.00"
2019-05-30,2019053001014955,NCCB,20,36,100,265.00,"26,500.00"
2019-05-30,2019053001014954,NCCB,34,36,500,265.00,"132,500.00"
2019-05-30,2019053001014953,NCCB,52,36,"1,000",265.00,"265,000.00"
2019-05-30,2019053001014964,NCCB,17,36,50,265.00,"13,250.00"
2019-05-30,2019053001014963,NCCB,41,36,500,265.00,"132,500.00"
2019-05-30,2019053001014962,NCCB,28,36,"3,000",265.00,"795,000.00"
2019-05-30,2019053001014961,NCCB,41,36,50,265.00,"13,250.00"
2019-05-30,2019053001014960,NCCB,49,36,500,265.00,"132,500.00"
2019-05-30,2019053001014959,NCCB,49,36,500,265.00,"132,500.00"
2019-05-30,2019053001015266,NIB,35,36,14,542.00,"7,588.00"
2019-05-30,2019053001015213,NIB,11,38,37,541.00,"20,017.00"
2019-05-30,2019053001015147,NIB,11,14,81,541.00,"43,821.00"
2019-05-30,2019053001015146,NIB,59,14,150,542.00,"81,300.00"
2019-05-30,2019053001015229,NIBPO,42,19,100,516.00,"51,600.00"
2019-05-30,2019053001014916,NICL,42,6,26,393.00,"10,218.00"
2019-05-30,2019053001014915,NICL,42,17,24,390.00,"9,360.00"
2019-05-30,2019053001015079,NIL,51,36,21,511.00,"10,731.00"
2019-05-30,2019053001015078,NIL,21,36,100,512.00,"51,200.00"
2019-05-30,2019053001015077,NIL,34,36,44,512.00,"22,528.00"
2019-05-30,2019053001015007,NIL,34,53,456,512.00,"233,472.00"
2019-05-30,2019053001015006,NIL,55,53,44,513.00,"22,572.00"
2019-05-30,2019053001014971,NIL,55,34,400,513.00,"205,200.00"
2019-05-30,2019053001015182,NLIC,38,22,17,941.00,"15,997.00"
2019-05-30,2019053001015057,NLIC,38,34,39,941.00,"36,699.00"
2019-05-30,2019053001015056,NLIC,54,34,100,941.00,"94,100.00"
2019-05-30,2019053001015055,NLIC,41,34,11,942.00,"10,362.00"
2019-05-30,2019053001014942,NLIC,45,28,200,943.00,"188,600.00"
2019-05-30,2019053001014941,NLIC,54,28,76,943.00,"71,668.00"
2019-05-30,2019053001014940,NLIC,17,28,50,944.00,"47,200.00"
2019-05-30,2019053001015236,NLICL,25,34,880,650.00,"572,000.00"
2019-05-30,2019053001015235,NLICL,43,34,100,650.00,"65,000.00"
2019-05-30,2019053001015234,NLICL,54,34,"1,000",650.00,"650,000.00"
2019-05-30,2019053001015233,NLICL,45,34,200,650.00,"130,000.00"
2019-05-30,2019053001015232,NLICL,10,34,500,651.00,"325,500.00"
2019-05-30,2019053001015231,NLICL,37,34,320,652.00,"208,640.00"
2019-05-30,2019053001015139,NLICL,19,59,100,654.00,"65,400.00"
2019-05-30,2019053001015145,NLICL,37,59,180,652.00,"117,360.00"
2019-05-30,2019053001015144,NLICL,44,59,60,652.00,"39,120.00"
2019-05-30,2019053001015143,NLICL,8,59,400,653.00,"261,200.00"
2019-05-30,2019053001015142,NLICL,8,59,241,653.00,"157,373.00"
2019-05-30,2019053001015141,NLICL,22,59,100,653.00,"65,300.00"
2019-05-30,2019053001015140,NLICL,55,59,500,654.00,"327,000.00"
2019-05-30,2019053001015060,NMBHF1,43,40,"1,329",9.73,"12,931.17"
2019-05-30,2019053001015059,NMBHF1,21,40,"2,000",9.75,"19,500.00"
2019-05-30,2019053001015058,NMBHF1,43,40,"1,671",9.76,"16,308.96"
2019-05-30,2019053001015099,NMFBS,33,45,100,"1,545.00","154,500.00"
2019-05-30,2019053001015098,NMFBS,41,45,150,"1,546.00","231,900.00"
2019-05-30,2019053001015097,NMFBS,58,45,30,"1,550.00","46,500.00"
2019-05-30,2019053001015096,NMFBS,56,45,100,"1,550.00","155,000.00"
2019-05-30,2019053001015095,NMFBS,18,45,30,"1,551.00","46,530.00"
2019-05-30,2019053001015094,NMFBS,45,45,20,"1,552.00","31,040.00"
2019-05-30,2019053001015238,NNLB,44,34,10,409.00,"4,090.00"
2019-05-30,2019053001015237,NNLB,41,34,100,409.00,"40,900.00"
2019-05-30,2019053001015286,NTC,52,34,"1,000",727.00,"727,000.00"
2019-05-30,2019053001015250,NTC,52,49,470,727.00,"341,690.00"
2019-05-30,2019053001015249,NTC,42,49,30,728.00,"21,840.00"
2019-05-30,2019053001015129,NUBL,40,47,100,860.00,"86,000.00"
2019-05-30,2019053001015128,NUBL,37,47,10,860.00,"8,600.00"
2019-05-30,2019053001015086,OHL,42,45,280,654.00,"183,120.00"
2019-05-30,2019053001015135,PCBL,55,16,200,310.00,"62,000.00"
2019-05-30,2019053001015061,PCBL,48,48,"1,034",311.00,"321,574.00"
2019-05-30,2019053001014984,PCBL,55,55,234,310.00,"72,540.00"
2019-05-30,2019053001014983,PCBL,6,55,50,310.00,"15,500.00"
2019-05-30,2019053001014982,PCBL,6,55,200,310.00,"62,000.00"
2019-05-30,2019053001014981,PCBL,47,55,10,310.00,"3,100.00"
2019-05-30,2019053001014980,PCBL,34,55,200,310.00,"62,000.00"
2019-05-30,2019053001014979,PCBL,53,55,900,310.00,"279,000.00"
2019-05-30,2019053001014815,PCBL,4,53,500,311.00,"155,500.00"
2019-05-30,2019053001015174,PFL,38,26,10,142.00,"1,420.00"
2019-05-30,2019053001015283,PIC,57,20,115,"1,180.00","135,700.00"
2019-05-30,2019053001015243,PIC,42,20,20,"1,180.00","23,600.00"
2019-05-30,2019053001015210,PIC,34,58,90,"1,176.00","105,840.00"
2019-05-30,2019053001015209,PIC,38,58,10,"1,177.00","11,770.00"
2019-05-30,2019053001015181,PIC,44,20,45,"1,180.00","53,100.00"
2019-05-30,2019053001015180,PIC,46,20,120,"1,180.00","141,600.00"
2019-05-30,2019053001014991,PIC,49,20,56,"1,180.00","66,080.00"
2019-05-30,2019053001014990,PIC,58,20,329,"1,181.00","388,549.00"
2019-05-30,2019053001014989,PIC,52,20,25,"1,182.00","29,550.00"
2019-05-30,2019053001014988,PIC,38,20,90,"1,182.00","106,380.00"
2019-05-30,2019053001015179,PIC,47,20,200,"1,180.00","236,000.00"
2019-05-30,2019053001015089,PIC,35,6,11,"1,180.00","12,980.00"
2019-05-30,2019053001015088,PIC,49,6,74,"1,180.00","87,320.00"
2019-05-30,2019053001015087,PIC,38,6,10,"1,181.00","11,810.00"
2019-05-30,2019053001015047,PIC,49,45,70,"1,180.00","82,600.00"
2019-05-30,2019053001015046,PIC,56,45,30,"1,181.00","35,430.00"
2019-05-30,2019053001015214,PICL,58,17,100,686.00,"68,600.00"
2019-05-30,2019053001015285,PMHPL,45,40,10,110.00,"1,100.00"
2019-05-30,2019053001015303,PRIN,40,36,25,407.00,"10,175.00"
2019-05-30,2019053001015302,PRIN,40,36,30,407.00,"12,210.00"
2019-05-30,2019053001015301,PRIN,40,36,30,407.00,"12,210.00"
2019-05-30,2019053001015151,PRVU,50,33,"5,000",284.00,"1,420,000.00"
2019-05-30,2019053001015150,PRVU,50,58,300,284.00,"85,200.00"
2019-05-30,2019053001015149,PRVU,50,49,"3,000",284.00,"852,000.00"
2019-05-30,2019053001015148,PRVU,50,41,200,283.00,"56,600.00"
2019-05-30,2019053001015104,PRVU,22,58,500,284.00,"142,000.00"
2019-05-30,2019053001014838,PRVU,25,34,400,283.00,"113,200.00"
2019-05-30,2019053001014837,PRVU,41,34,"1,000",283.00,"283,000.00"
2019-05-30,2019053001014836,PRVU,14,34,245,283.00,"69,335.00"
2019-05-30,2019053001014835,PRVU,14,17,200,283.00,"56,600.00"
2019-05-30,2019053001014998,PRVU,50,34,435,283.00,"123,105.00"
2019-05-30,2019053001014911,PRVU,34,34,20,283.00,"5,660.00"
2019-05-30,2019053001014842,PRVU,21,34,400,283.00,"113,200.00"
2019-05-30,2019053001014841,PRVU,59,34,"1,000",283.00,"283,000.00"
2019-05-30,2019053001014840,PRVU,25,34,"1,000",283.00,"283,000.00"
2019-05-30,2019053001014839,PRVU,44,34,500,283.00,"141,500.00"
2019-05-30,2019053001015160,RLFL,53,22,395,131.00,"51,745.00"
2019-05-30,2019053001015159,RLFL,1,22,100,131.00,"13,100.00"
2019-05-30,2019053001015158,RLFL,1,22,75,131.00,"9,825.00"
2019-05-30,2019053001015091,RLFL,1,22,50,131.00,"6,550.00"
2019-05-30,2019053001015048,RLFL,1,39,59,131.00,"7,729.00"
2019-05-30,2019053001014997,RRHP,22,6,10,104.00,"1,040.00"
2019-05-30,2019053001014972,RRHP,22,6,10,104.00,"1,040.00"
2019-05-30,2019053001014875,RSDC,16,8,63,379.00,"23,877.00"
2019-05-30,2019053001015300,SANIMA,34,28,290,360.00,"104,400.00"
2019-05-30,2019053001015284,SANIMA,34,21,14,360.00,"5,040.00"
2019-05-30,2019053001015204,SANIMA,34,50,696,360.00,"250,560.00"
2019-05-30,2019053001015203,SANIMA,29,50,"1,000",360.00,"360,000.00"
2019-05-30,2019053001015202,SANIMA,20,50,100,360.00,"36,000.00"
2019-05-30,2019053001015201,SANIMA,57,50,100,360.00,"36,000.00"
2019-05-30,2019053001015200,SANIMA,21,50,500,360.00,"180,000.00"
2019-05-30,2019053001015199,SANIMA,14,50,104,360.00,"37,440.00"
2019-05-30,2019053001015254,SBI,48,48,750,487.00,"365,250.00"
2019-05-30,2019053001015224,SBI,48,48,750,487.00,"365,250.00"
2019-05-30,2019053001014995,SBI,25,45,100,485.00,"48,500.00"
2019-05-30,2019053001014994,SBI,16,45,200,485.00,"97,000.00"
2019-05-30,2019053001015113,SBL,35,36,700,342.00,"239,400.00"
2019-05-30,2019053001015112,SBL,51,36,200,342.00,"68,400.00"
2019-05-30,2019053001015111,SBL,43,36,100,342.00,"34,200.00"
2019-05-30,2019053001015110,SBL,16,36,500,342.00,"171,000.00"
2019-05-30,2019053001015262,SCB,41,55,154,698.00,"107,492.00"
2019-05-30,2019053001014992,SCB,41,52,21,700.00,"14,700.00"
2019-05-30,2019053001015005,SHINE,17,13,39,260.00,"10,140.00"
2019-05-30,2019053001015227,SHIVM,58,41,490,641.00,"314,090.00"
2019-05-30,2019053001015226,SHIVM,35,41,10,645.00,"6,450.00"
2019-05-30,2019053001015215,SHIVM,8,57,200,647.00,"129,400.00"
2019-05-30,2019053001015208,SHIVM,11,44,20,640.00,"12,800.00"
2019-05-30,2019053001015207,SHIVM,32,44,200,640.00,"128,000.00"
2019-05-30,2019053001015206,SHIVM,43,44,500,640.00,"320,000.00"
2019-05-30,2019053001014868,SHIVM,5,33,20,652.00,"13,040.00"
2019-05-30,2019053001014853,SHIVM,55,51,90,651.00,"58,590.00"
2019-05-30,2019053001014852,SHIVM,56,51,100,651.00,"65,100.00"
2019-05-30,2019053001014851,SHIVM,50,51,10,651.00,"6,510.00"
2019-05-30,2019053001014844,SHIVM,50,29,50,651.00,"32,550.00"
2019-05-30,2019053001014804,SHIVM,50,51,40,651.00,"26,040.00"
2019-05-30,2019053001014878,SHIVM,56,49,100,650.00,"65,000.00"
2019-05-30,2019053001014877,SHIVM,34,49,200,650.00,"130,000.00"
2019-05-30,2019053001014876,SHIVM,8,49,710,650.00,"461,500.00"
2019-05-30,2019053001014874,SHIVM,8,41,290,650.00,"188,500.00"
2019-05-30,2019053001014873,SHIVM,22,41,200,651.00,"130,200.00"
2019-05-30,2019053001014872,SHIVM,55,41,10,651.00,"6,510.00"
2019-05-30,2019053001014884,SHIVM,7,49,100,650.00,"65,000.00"
2019-05-30,2019053001014883,SHIVM,21,49,15,650.00,"9,750.00"
2019-05-30,2019053001014882,SHIVM,21,49,20,650.00,"13,000.00"
2019-05-30,2019053001014881,SHIVM,56,49,100,650.00,"65,000.00"
2019-05-30,2019053001014880,SHIVM,19,49,100,650.00,"65,000.00"
2019-05-30,2019053001014879,SHIVM,36,49,500,650.00,"325,000.00"
2019-05-30,2019053001014890,SHIVM,36,49,30,650.00,"19,500.00"
2019-05-30,2019053001014889,SHIVM,3,49,100,650.00,"65,000.00"
2019-05-30,2019053001014888,SHIVM,3,49,100,650.00,"65,000.00"
2019-05-30,2019053001014887,SHIVM,3,49,100,650.00,"65,000.00"
2019-05-30,2019053001014886,SHIVM,16,49,50,650.00,"32,500.00"
2019-05-30,2019053001014885,SHIVM,43,49,500,650.00,"325,000.00"
2019-05-30,2019053001014913,SHIVM,22,49,100,650.00,"65,000.00"
2019-05-30,2019053001014895,SHIVM,17,49,200,650.00,"130,000.00"
2019-05-30,2019053001014894,SHIVM,57,49,100,650.00,"65,000.00"
2019-05-30,2019053001014893,SHIVM,50,49,100,650.00,"65,000.00"
2019-05-30,2019053001014892,SHIVM,34,49,200,650.00,"130,000.00"
2019-05-30,2019053001014891,SHIVM,50,49,100,650.00,"65,000.00"
2019-05-30,2019053001014976,SHIVM,48,58,250,649.00,"162,250.00"
2019-05-30,2019053001014975,SHIVM,48,46,100,649.00,"64,900.00"
2019-05-30,2019053001014929,SHIVM,19,46,100,649.00,"64,900.00"
2019-05-30,2019053001014921,SHIVM,51,49,100,650.00,"65,000.00"
2019-05-30,2019053001014918,SHIVM,19,58,400,649.00,"259,600.00"
2019-05-30,2019053001014917,SHIVM,56,58,100,649.00,"64,900.00"
2019-05-30,2019053001015004,SHIVM,34,49,30,650.00,"19,500.00"
2019-05-30,2019053001015002,SHIVM,40,49,50,650.00,"32,500.00"
2019-05-30,2019053001015001,SHIVM,22,57,200,648.00,"129,600.00"
2019-05-30,2019053001015000,SHIVM,25,57,100,649.00,"64,900.00"
2019-05-30,2019053001014986,SHIVM,45,34,10,648.00,"6,480.00"
2019-05-30,2019053001014985,SHIVM,34,34,100,648.00,"64,800.00"
2019-05-30,2019053001015020,SHIVM,17,44,100,647.00,"64,700.00"
2019-05-30,2019053001015019,SHIVM,21,44,825,647.00,"533,775.00"
2019-05-30,2019053001015012,SHIVM,21,44,175,647.00,"113,225.00"
2019-05-30,2019053001015011,SHIVM,22,44,500,647.00,"323,500.00"
2019-05-30,2019053001015010,SHIVM,46,44,25,648.00,"16,200.00"
2019-05-30,2019053001015009,SHIVM,22,44,300,648.00,"194,400.00"
2019-05-30,2019053001015029,SHIVM,14,46,300,645.00,"193,500.00"
2019-05-30,2019053001015028,SHIVM,14,46,300,645.00,"193,500.00"
2019-05-30,2019053001015027,SHIVM,56,46,429,646.00,"277,134.00"
2019-05-30,2019053001015025,SHIVM,56,58,71,646.00,"45,866.00"
2019-05-30,2019053001015024,SHIVM,32,58,200,646.00,"129,200.00"
2019-05-30,2019053001015021,SHIVM,35,44,50,647.00,"32,350.00"
2019-05-30,2019053001015041,SHIVM,32,49,500,645.00,"322,500.00"
2019-05-30,2019053001015040,SHIVM,22,49,734,645.00,"473,430.00"
2019-05-30,2019053001015039,SHIVM,22,44,266,645.00,"171,570.00"
2019-05-30,2019053001015038,SHIVM,14,44,200,645.00,"129,000.00"
2019-05-30,2019053001015037,SHIVM,10,44,559,645.00,"360,555.00"
2019-05-30,2019053001015030,SHIVM,10,46,"1,441",645.00,"929,445.00"
2019-05-30,2019053001015071,SHIVM,56,44,200,644.00,"128,800.00"
2019-05-30,2019053001015070,SHIVM,21,44,10,644.00,"6,440.00"
2019-05-30,2019053001015045,SHIVM,26,49,200,645.00,"129,000.00"
2019-05-30,2019053001015044,SHIVM,20,49,500,645.00,"322,500.00"
2019-05-30,2019053001015043,SHIVM,34,49,100,645.00,"64,500.00"
2019-05-30,2019053001015042,SHIVM,22,49,100,645.00,"64,500.00"
2019-05-30,2019053001015080,SHIVM,10,44,200,644.00,"128,800.00"
2019-05-30,2019053001015076,SHIVM,3,44,50,644.00,"32,200.00"
2019-05-30,2019053001015075,SHIVM,3,44,100,644.00,"64,400.00"
2019-05-30,2019053001015074,SHIVM,56,44,100,644.00,"64,400.00"
2019-05-30,2019053001015073,SHIVM,38,44,200,644.00,"128,800.00"
2019-05-30,2019053001015072,SHIVM,8,44,20,644.00,"12,880.00"
2019-05-30,2019053001015162,SHIVM,34,46,300,642.00,"192,600.00"
2019-05-30,2019053001015161,SHIVM,5,46,30,644.00,"19,320.00"
2019-05-30,2019053001015105,SHIVM,34,48,500,642.00,"321,000.00"
2019-05-30,2019053001015103,SHIVM,25,44,20,644.00,"12,880.00"
2019-05-30,2019053001015093,SHIVM,34,8,200,642.00,"128,400.00"
2019-05-30,2019053001015090,SHIVM,29,44,100,644.00,"64,400.00"
2019-05-30,2019053001015205,SHIVM,36,44,280,640.00,"179,200.00"
2019-05-30,2019053001015171,SHIVM,45,49,300,645.00,"193,500.00"
2019-05-30,2019053001015166,SHIVM,36,46,220,640.00,"140,800.00"
2019-05-30,2019053001015165,SHIVM,29,46,250,642.00,"160,500.00"
2019-05-30,2019053001015164,SHIVM,32,46,50,642.00,"32,100.00"
2019-05-30,2019053001015163,SHIVM,22,46,150,642.00,"96,300.00"
2019-05-30,2019053001015261,SHPC,56,10,500,269.00,"134,500.00"
2019-05-30,2019053001015187,SHPC,36,50,500,269.00,"134,500.00"
2019-05-30,2019053001015186,SHPC,8,50,100,269.00,"26,900.00"
2019-05-30,2019053001015185,SHPC,48,50,200,269.00,"53,800.00"
2019-05-30,2019053001015184,SHPC,39,50,200,269.00,"53,800.00"
2019-05-30,2019053001014850,SICL,33,39,100,853.00,"85,300.00"
2019-05-30,2019053001014970,SINDU,22,14,987,142.00,"140,154.00"
2019-05-30,2019053001014817,SINDU,22,55,363,142.00,"51,546.00"
2019-05-30,2019053001014816,SINDU,22,55,137,142.00,"19,454.00"
2019-05-30,2019053001015248,SKBBL,58,50,170,987.00,"167,790.00"
2019-05-30,2019053001015247,SKBBL,54,50,100,990.00,"99,000.00"
2019-05-30,2019053001014943,SLBS,5,5,8,816.00,"6,528.00"
2019-05-30,2019053001015106,SLICL,34,26,17,587.00,"9,979.00"
2019-05-30,2019053001015101,SLICL,20,26,92,588.00,"54,096.00"
2019-05-30,2019053001015282,SMB,38,17,10,500.00,"5,000.00"
2019-05-30,2019053001015265,SMB,8,52,10,500.00,"5,000.00"
2019-05-30,2019053001015264,SMB,45,52,90,500.00,"45,000.00"
2019-05-30,2019053001015176,SMB,45,51,10,500.00,"5,000.00"
2019-05-30,2019053001014914,SMB,45,7,10,500.00,"5,000.00"
2019-05-30,2019053001014871,SMB,45,16,90,500.00,"45,000.00"
2019-05-30,2019053001014870,SMB,44,16,10,500.00,"5,000.00"
2019-05-30,2019053001015299,SPARS,56,49,10,570.00,"5,700.00"
2019-05-30,2019053001015281,SPARS,56,34,10,570.00,"5,700.00"
2019-05-30,2019053001015239,SPARS,56,49,10,570.00,"5,700.00"
2019-05-30,2019053001015230,SPARS,56,26,10,570.00,"5,700.00"
2019-05-30,2019053001015223,SPARS,42,26,10,579.00,"5,790.00"
2019-05-30,2019053001015212,SPARS,42,44,10,579.00,"5,790.00"
2019-05-30,2019053001014946,SPARS,57,45,10,569.00,"5,690.00"
2019-05-30,2019053001014924,SPARS,49,14,10,569.00,"5,690.00"
2019-05-30,2019053001014820,SPARS,49,14,10,569.00,"5,690.00"
2019-05-30,2019053001015123,SPARS,42,21,10,578.00,"5,780.00"
2019-05-30,2019053001015122,SPARS,42,42,10,575.00,"5,750.00"
2019-05-30,2019053001015092,SPARS,56,14,10,570.00,"5,700.00"
2019-05-30,2019053001014949,SPARS,53,45,60,568.00,"34,080.00"
2019-05-30,2019053001014948,SPARS,42,45,20,568.00,"11,360.00"
2019-05-30,2019053001014947,SPARS,57,45,10,569.00,"5,690.00"
2019-05-30,2019053001015211,SPARS,42,54,10,579.00,"5,790.00"
2019-05-30,2019053001015190,SPARS,42,26,10,579.00,"5,790.00"
2019-05-30,2019053001015127,SPARS,42,29,10,579.00,"5,790.00"
2019-05-30,2019053001015126,SPARS,42,29,10,579.00,"5,790.00"
2019-05-30,2019053001015125,SPARS,42,29,10,579.00,"5,790.00"
2019-05-30,2019053001015124,SPARS,42,32,10,579.00,"5,790.00"
2019-05-30,2019053001015228,SRBL,44,36,200,261.00,"52,200.00"
2019-05-30,2019053001015218,SWBBL,44,11,126,912.00,"114,912.00"
2019-05-30,2019053001015217,SWBBL,49,11,100,913.00,"91,300.00"
2019-05-30,2019053001015216,SWBBL,49,11,24,913.00,"21,912.00"
2019-05-30,2019053001015100,SWBBL,49,47,75,913.00,"68,475.00"
2019-05-30,2019053001015242,UIC,21,7,10,"1,023.00","10,230.00"
2019-05-30,2019053001015241,UIC,44,7,50,"1,024.00","51,200.00"
2019-05-30,2019053001015240,UIC,26,7,20,"1,024.00","20,480.00"
2019-05-30,2019053001015064,UIC,58,16,100,"1,025.00","102,500.00"
2019-05-30,2019053001015063,UIC,56,16,50,"1,026.00","51,300.00"
2019-05-30,2019053001014826,UPPER,59,49,40,293.00,"11,720.00"
2019-05-30,2019053001014823,UPPER,59,45,650,293.00,"190,450.00"
2019-05-30,2019053001014822,UPPER,44,45,150,293.00,"43,950.00"
2019-05-30,2019053001014821,UPPER,35,45,200,293.00,"58,600.00"
2019-05-30,2019053001014937,UPPER,45,49,50,292.00,"14,600.00"
2019-05-30,2019053001014932,UPPER,45,17,50,292.00,"14,600.00"
2019-05-30,2019053001014920,UPPER,45,49,40,292.00,"11,680.00"
2019-05-30,2019053001014867,UPPER,59,49,30,291.00,"8,730.00"
2019-05-30,2019053001014866,UPPER,59,49,10,293.00,"2,930.00"
2019-05-30,2019053001014845,UPPER,50,44,133,294.00,"39,102.00"
2019-05-30,2019053001015032,UPPER,56,38,690,292.00,"201,480.00"
2019-05-30,2019053001015031,UPPER,45,38,310,292.00,"90,520.00"
2019-05-30,2019053001014945,UPPER,42,39,300,294.00,"88,200.00"
2019-05-30,2019053001014944,UPPER,45,33,50,292.00,"14,600.00"
2019-05-30,2019053001014939,UPPER,54,39,50,295.00,"14,750.00"
2019-05-30,2019053001014938,UPPER,54,50,100,295.00,"29,500.00"
2019-05-30,2019053001015219,UPPER,56,56,190,292.00,"55,480.00"
2019-05-30,2019053001015177,UPPER,56,22,40,292.00,"11,680.00"
2019-05-30,2019053001015132,UPPER,56,50,80,292.00,"23,360.00"
2019-05-30,2019053001015062,UPPER,42,39,50,294.00,"14,700.00"
2019-05-30,2019053001014669,ADBL,18,48,106,427.00,"45,262.00"
2019-05-30,2019053001014579,ADBL,18,45,210,427.00,"89,670.00"
2019-05-30,2019053001014578,ADBL,10,45,290,427.00,"123,830.00"
2019-05-30,2019053001014502,ADBL,10,5,210,427.00,"89,670.00"
2019-05-30,2019053001014501,ADBL,55,5,330,427.00,"140,910.00"
2019-05-30,2019053001014305,ADBL,40,34,"2,000",428.00,"856,000.00"
2019-05-30,2019053001014304,ADBL,40,34,300,428.00,"128,400.00"
2019-05-30,2019053001014695,AHPC,45,38,114,111.00,"12,654.00"
2019-05-30,2019053001014694,AHPC,57,38,"1,000",111.00,"111,000.00"
2019-05-30,2019053001014693,AHPC,45,38,490,111.00,"54,390.00"
2019-05-30,2019053001014797,ALBSL,38,59,10,455.00,"4,550.00"
2019-05-30,2019053001014796,ALBSL,38,34,10,454.00,"4,540.00"
2019-05-30,2019053001014795,ALBSL,38,34,10,454.00,"4,540.00"
2019-05-30,2019053001014794,ALBSL,38,34,10,454.00,"4,540.00"
2019-05-30,2019053001014793,ALBSL,38,34,10,454.00,"4,540.00"
2019-05-30,2019053001014792,ALBSL,38,34,10,454.00,"4,540.00"
2019-05-30,2019053001014791,ALBSL,38,36,10,454.00,"4,540.00"
2019-05-30,2019053001014556,ALBSL,19,21,10,453.00,"4,530.00"
2019-05-30,2019053001014529,ALBSL,19,4,10,446.00,"4,460.00"
2019-05-30,2019053001014325,ALICL,54,17,122,416.00,"50,752.00"
2019-05-30,2019053001014324,ALICL,33,17,200,416.00,"83,200.00"
2019-05-30,2019053001014323,ALICL,42,17,100,416.00,"41,600.00"
2019-05-30,2019053001014322,ALICL,38,17,100,416.00,"41,600.00"
2019-05-30,2019053001014321,ALICL,38,17,40,416.00,"16,640.00"
2019-05-30,2019053001014404,API,46,4,100,158.00,"15,800.00"
2019-05-30,2019053001014636,BOKL,57,18,144,277.00,"39,888.00"
2019-05-30,2019053001014635,BOKL,52,18,500,277.00,"138,500.00"
2019-05-30,2019053001014634,BOKL,6,18,"1,000",277.00,"277,000.00"
2019-05-30,2019053001014633,BOKL,50,18,244,278.00,"67,832.00"
2019-05-30,2019053001014632,BOKL,11,18,112,278.00,"31,136.00"
2019-05-30,2019053001014605,BOKL,11,22,200,278.00,"55,600.00"
2019-05-30,2019053001014572,BOKL,11,54,70,278.00,"19,460.00"
2019-05-30,2019053001014506,BOKL,1,59,200,279.00,"55,800.00"
2019-05-30,2019053001014728,BPCL,50,37,200,429.00,"85,800.00"
2019-05-30,2019053001014542,BPCL,44,4,22,427.00,"9,394.00"
2019-05-30,2019053001014503,BPCL,46,4,20,429.00,"8,580.00"
2019-05-30,2019053001014421,CBBL,45,56,50,957.00,"47,850.00"
2019-05-30,2019053001014420,CBBL,36,56,131,957.00,"125,367.00"
2019-05-30,2019053001014395,CBBL,45,56,140,958.00,"134,120.00"
2019-05-30,2019053001014393,CBBL,45,34,60,958.00,"57,480.00"
2019-05-30,2019053001014783,CBL,7,58,130,149.00,"19,370.00"
2019-05-30,2019053001014782,CBL,11,58,500,149.00,"74,500.00"
2019-05-30,2019053001014781,CBL,56,58,50,149.00,"7,450.00"
2019-05-30,2019053001014747,CBL,6,28,30,150.00,"4,500.00"
2019-05-30,2019053001014594,CBL,56,28,"1,000",150.00,"150,000.00"
2019-05-30,2019053001014566,CBL,58,28,450,150.00,"67,500.00"
2019-05-30,2019053001014552,CBL,58,34,250,150.00,"37,500.00"
2019-05-30,2019053001014551,CBL,45,34,750,150.00,"112,500.00"
2019-05-30,2019053001014437,CBL,45,59,300,150.00,"45,000.00"
2019-05-30,2019053001014424,CBL,45,35,"1,450",150.00,"217,500.00"
2019-05-30,2019053001014423,CBL,35,35,50,150.00,"7,500.00"
2019-05-30,2019053001014790,CCBL,18,40,"1,605",171.00,"274,455.00"
2019-05-30,2019053001014746,CCBL,18,26,395,171.00,"67,545.00"
2019-05-30,2019053001014612,CCBL,17,40,50,171.00,"8,550.00"
2019-05-30,2019053001014611,CCBL,44,40,"1,752",171.00,"299,592.00"
2019-05-30,2019053001014554,CCBL,44,4,91,171.00,"15,561.00"
2019-05-30,2019053001014535,CCBL,44,57,500,171.00,"85,500.00"
2019-05-30,2019053001014523,CCBL,44,1,101,171.00,"17,271.00"
2019-05-30,2019053001014671,CHCL,57,57,136,536.00,"72,896.00"
2019-05-30,2019053001014595,CHCL,21,54,10,535.00,"5,350.00"
2019-05-30,2019053001014460,CHCL,21,48,225,535.00,"120,375.00"
2019-05-30,2019053001014459,CHCL,56,48,75,535.00,"40,125.00"
2019-05-30,2019053001014458,CHCL,38,48,500,535.00,"267,500.00"
2019-05-30,2019053001014762,CHLBS,50,11,10,456.00,"4,560.00"
2019-05-30,2019053001014517,CHLBS,13,39,100,460.00,"46,000.00"
2019-05-30,2019053001014516,CHLBS,13,13,10,460.00,"4,600.00"
2019-05-30,2019053001014688,CIT,34,49,10,"2,612.00","26,120.00"
2019-05-30,2019053001014630,CIT,49,49,"1,000","2,588.00","2,588,000.00"
2019-05-30,2019053001014562,CIT,34,34,70,"2,612.00","182,840.00"
2019-05-30,2019053001014370,CIT,34,39,32,"2,612.00","83,584.00"
2019-05-30,2019053001014333,CIT,45,44,50,"2,617.00","130,850.00"
2019-05-30,2019053001014306,CIT,45,34,150,"2,617.00","392,550.00"
2019-05-30,2019053001014777,CLBSL,57,55,86,553.00,"47,558.00"
2019-05-30,2019053001014776,CLBSL,40,55,14,553.00,"7,742.00"
2019-05-30,2019053001014745,CORBL,38,43,30,128.00,"3,840.00"
2019-05-30,2019053001014744,CORBL,46,43,185,128.00,"23,680.00"
2019-05-30,2019053001014593,CZBIL,34,58,30,227.00,"6,810.00"
2019-05-30,2019053001014565,CZBIL,1,40,200,228.00,"45,600.00"
2019-05-30,2019053001014411,CZBIL,56,40,500,228.00,"114,000.00"
2019-05-30,2019053001014315,DHPL,17,20,500,68.00,"34,000.00"
2019-05-30,2019053001014387,EBL,45,6,500,680.00,"340,000.00"
2019-05-30,2019053001014433,EBL,47,6,30,680.00,"20,400.00"
2019-05-30,2019053001014432,EBL,42,6,85,680.00,"57,800.00"
2019-05-30,2019053001014431,EBL,58,6,40,680.00,"27,200.00"
2019-05-30,2019053001014430,EBL,45,6,162,680.00,"110,160.00"
2019-05-30,2019053001014403,EBL,45,58,"1,000",680.00,"680,000.00"
2019-05-30,2019053001014618,EIC,56,54,100,408.00,"40,800.00"
2019-05-30,2019053001014697,GBBL,5,22,75,228.00,"17,100.00"
2019-05-30,2019053001014696,GBBL,19,22,425,228.00,"96,900.00"
2019-05-30,2019053001014367,GBBL,19,48,75,228.00,"17,100.00"
2019-05-30,2019053001014366,GBBL,59,48,200,228.00,"45,600.00"
2019-05-30,2019053001014800,GBIME,46,52,50,311.00,"15,550.00"
2019-05-30,2019053001014772,GBIME,25,42,39,310.00,"12,090.00"
2019-05-30,2019053001014631,GBIME,25,54,32,310.00,"9,920.00"
2019-05-30,2019053001014563,GBIME,1,52,100,311.00,"31,100.00"
2019-05-30,2019053001014511,GBIME,25,52,214,310.00,"66,340.00"
2019-05-30,2019053001014510,GBIME,25,52,100,310.00,"31,000.00"
2019-05-30,2019053001014509,GBIME,26,52,50,310.00,"15,500.00"
2019-05-30,2019053001014508,GBIME,44,52,636,310.00,"197,160.00"
2019-05-30,2019053001014434,GBIME,44,28,"1,000",310.00,"310,000.00"
2019-05-30,2019053001014410,GBIME,44,45,64,310.00,"19,840.00"
2019-05-30,2019053001014576,GBLBS,19,6,200,382.00,"76,400.00"
2019-05-30,2019053001014575,GBLBS,43,6,100,382.00,"38,200.00"
2019-05-30,2019053001014515,GBLBS,40,6,80,384.00,"30,720.00"
2019-05-30,2019053001014484,GBLBS,40,43,20,384.00,"7,680.00"
2019-05-30,2019053001014483,GBLBS,59,43,80,384.00,"30,720.00"
2019-05-30,2019053001014422,GHL,29,38,10,95.00,950.00
