Date,Transact. No.,Symbol,Buyer,Seller,Quantity,Rate,Amount
2019-04-29,2019042901012559,ADBL,50,39,200,389.00,"77,800.00"
2019-04-29,2019042901012464,ADBL,48,39,250,389.00,"97,250.00"
2019-04-29,2019042901012462,ADBL,58,39,50,389.00,"19,450.00"
2019-04-29,2019042901012282,ADBL,49,6,500,386.00,"193,000.00"
2019-04-29,2019042901012280,ADBL,49,29,150,386.00,"57,900.00"
2019-04-29,2019042901012230,ADBL,49,6,"1,180",386.00,"455,480.00"
2019-04-29,2019042901012229,ADBL,38,6,150,387.00,"58,050.00"
2019-04-29,2019042901012156,ADBL,54,6,"1,000",387.00,"387,000.00"
2019-04-29,2019042901012541,ALICL,34,48,10,464.00,"4,640.00"
2019-04-29,2019042901012452,ALICL,1,8,567,460.00,"260,820.00"
2019-04-29,2019042901012371,ALICL,1,51,300,460.00,"138,000.00"
2019-04-29,2019042901012370,ALICL,1,1,33,459.00,"15,147.00"
2019-04-29,2019042901012224,ALICL,17,1,167,459.00,"76,653.00"
2019-04-29,2019042901012223,ALICL,17,28,12,459.00,"5,508.00"
2019-04-29,2019042901012222,ALICL,17,51,321,459.00,"147,339.00"
2019-04-29,2019042901012385,API,25,50,19,137.00,"2,603.00"
2019-04-29,2019042901012378,API,25,22,200,136.00,"27,200.00"
2019-04-29,2019042901012347,API,6,25,"2,514",134.00,"336,876.00"
2019-04-29,2019042901012346,API,46,25,100,134.00,"13,400.00"
2019-04-29,2019042901012345,API,45,25,386,134.00,"51,724.00"
2019-04-29,2019042901012190,API,47,10,50,136.00,"6,800.00"
2019-04-29,2019042901012316,BFC,45,48,664,95.00,"63,080.00"
2019-04-29,2019042901012303,BFC,45,14,70,94.00,"6,580.00"
2019-04-29,2019042901012302,BFC,45,14,10,93.00,930.00
2019-04-29,2019042901012351,BOKL,42,5,"2,200",288.00,"633,600.00"
2019-04-29,2019042901012350,BOKL,42,57,600,288.00,"172,800.00"
2019-04-29,2019042901012180,BOKL,5,57,400,288.00,"115,200.00"
2019-04-29,2019042901012157,BOKL,5,1,100,288.00,"28,800.00"
2019-04-29,2019042901012134,BOKL,5,33,"1,000",288.00,"288,000.00"
2019-04-29,2019042901012434,BPCL,40,38,194,381.00,"73,914.00"
2019-04-29,2019042901012395,BPCL,40,38,194,381.00,"73,914.00"
2019-04-29,2019042901012379,BPCL,40,38,100,381.00,"38,100.00"
2019-04-29,2019042901012355,BPCL,40,38,500,381.00,"190,500.00"
2019-04-29,2019042901012579,CBBL,49,38,10,952.00,"9,520.00"
2019-04-29,2019042901012478,CBBL,26,49,100,943.00,"94,300.00"
2019-04-29,2019042901012453,CBBL,38,58,22,940.00,"20,680.00"
2019-04-29,2019042901012442,CBBL,19,58,28,940.00,"26,320.00"
2019-04-29,2019042901012104,CBBL,50,10,37,940.00,"34,780.00"
2019-04-29,2019042901012103,CBBL,50,10,100,942.00,"94,200.00"
2019-04-29,2019042901012102,CBBL,11,10,100,942.00,"94,200.00"
2019-04-29,2019042901012101,CBBL,5,10,300,943.00,"282,900.00"
2019-04-29,2019042901012358,CBBL,19,6,22,940.00,"20,680.00"
2019-04-29,2019042901012357,CBBL,57,6,50,940.00,"47,000.00"
2019-04-29,2019042901012356,CBBL,32,6,28,940.00,"26,320.00"
2019-04-29,2019042901012133,CBBL,32,49,22,940.00,"20,680.00"
2019-04-29,2019042901012132,CBBL,54,49,78,940.00,"73,320.00"
2019-04-29,2019042901012105,CBBL,54,10,22,940.00,"20,680.00"
2019-04-29,2019042901012515,CBL,42,55,685,157.00,"107,545.00"
2019-04-29,2019042901012254,CBL,29,1,117,158.00,"18,486.00"
2019-04-29,2019042901012217,CBL,29,53,383,158.00,"60,514.00"
2019-04-29,2019042901012216,CBL,16,53,117,158.00,"18,486.00"
2019-04-29,2019042901012177,CBL,16,8,83,158.00,"13,114.00"
2019-04-29,2019042901012176,CBL,16,8,130,158.00,"20,540.00"
2019-04-29,2019042901012139,CBL,16,38,120,158.00,"18,960.00"
2019-04-29,2019042901012369,CCBL,34,35,377,177.00,"66,729.00"
2019-04-29,2019042901012368,CCBL,34,56,500,177.00,"88,500.00"
2019-04-29,2019042901012367,CCBL,34,40,123,177.00,"21,771.00"
2019-04-29,2019042901012327,CCBL,56,50,300,176.00,"52,800.00"
2019-04-29,2019042901012227,CCBL,47,40,114,177.00,"20,178.00"
2019-04-29,2019042901012213,CCBL,56,1,115,176.00,"20,240.00"
2019-04-29,2019042901012094,CCBL,56,48,119,176.00,"20,944.00"
2019-04-29,2019042901012164,CFCL,14,14,747,112.00,"83,664.00"
2019-04-29,2019042901012125,CFCL,14,48,253,112.00,"28,336.00"
2019-04-29,2019042901012172,CHCL,32,38,100,549.00,"54,900.00"
2019-04-29,2019042901012142,CHL,45,48,26,96.00,"2,496.00"
2019-04-29,2019042901012212,CHLBS,34,47,90,499.00,"44,910.00"
2019-04-29,2019042901012211,CHLBS,34,22,10,498.00,"4,980.00"
2019-04-29,2019042901012449,CIT,34,48,19,"2,547.00","48,393.00"
2019-04-29,2019042901012304,CIT,16,34,500,"2,515.00","1,257,500.00"
2019-04-29,2019042901012197,CIT,16,34,103,"2,505.00","258,015.00"
2019-04-29,2019042901012196,CIT,39,34,27,"2,505.00","67,635.00"
2019-04-29,2019042901012195,CIT,19,34,50,"2,506.00","125,300.00"
2019-04-29,2019042901012194,CIT,19,34,100,"2,508.00","250,800.00"
2019-04-29,2019042901012193,CIT,22,34,20,"2,509.00","50,180.00"
2019-04-29,2019042901012192,CIT,29,34,100,"2,510.00","251,000.00"
2019-04-29,2019042901012170,CLBSL,44,48,10,568.00,"5,680.00"
2019-04-29,2019042901012484,CZBIL,48,13,69,229.00,"15,801.00"
2019-04-29,2019042901012335,CZBIL,33,13,763,229.00,"174,727.00"
2019-04-29,2019042901012186,DBBL,29,48,51,135.00,"6,885.00"
2019-04-29,2019042901012547,DDBL,39,44,100,743.00,"74,300.00"
2019-04-29,2019042901012399,DDBL,36,6,100,736.00,"73,600.00"
2019-04-29,2019042901012166,DDBL,42,32,253,735.00,"185,955.00"
2019-04-29,2019042901012165,DDBL,20,32,97,735.00,"71,295.00"
2019-04-29,2019042901012420,EBL,6,58,29,666.00,"19,314.00"
2019-04-29,2019042901012419,EBL,57,58,71,667.00,"47,357.00"
2019-04-29,2019042901012262,EBL,57,13,100,667.00,"66,700.00"
2019-04-29,2019042901012108,EBL,57,19,70,667.00,"46,690.00"
2019-04-29,2019042901012416,EDBL,45,25,"1,000",317.00,"317,000.00"
2019-04-29,2019042901012415,EDBL,45,25,210,318.00,"66,780.00"
2019-04-29,2019042901012380,EDBL,45,56,290,318.00,"92,220.00"
2019-04-29,2019042901012565,EIC,35,7,37,486.00,"17,982.00"
2019-04-29,2019042901012564,EIC,26,7,74,486.00,"35,964.00"
2019-04-29,2019042901012548,EIC,26,42,26,486.00,"12,636.00"
2019-04-29,2019042901012557,FMDBL,56,36,30,435.00,"13,050.00"
2019-04-29,2019042901012529,FMDBL,56,34,247,435.00,"107,445.00"
2019-04-29,2019042901012528,FMDBL,56,34,253,443.00,"112,079.00"
2019-04-29,2019042901012523,FMDBL,56,32,59,443.00,"26,137.00"
2019-04-29,2019042901012522,FMDBL,56,53,200,441.00,"88,200.00"
2019-04-29,2019042901012521,FMDBL,56,29,100,440.00,"44,000.00"
2019-04-29,2019042901012300,FMDBL,42,6,26,435.00,"11,310.00"
2019-04-29,2019042901012520,FMDBL,56,50,200,440.00,"88,000.00"
2019-04-29,2019042901012519,FMDBL,56,56,180,440.00,"79,200.00"
2019-04-29,2019042901012518,FMDBL,56,26,498,439.00,"218,622.00"
2019-04-29,2019042901012517,FMDBL,56,26,500,438.00,"219,000.00"
2019-04-29,2019042901012516,FMDBL,56,35,10,438.00,"4,380.00"
2019-04-29,2019042901012393,FMDBL,56,6,60,435.00,"26,100.00"
2019-04-29,2019042901012206,FOWAD,26,48,39,"1,590.00","62,010.00"
2019-04-29,2019042901012324,GBBL,38,1,500,215.00,"107,500.00"
2019-04-29,2019042901012512,GBIME,35,22,975,313.00,"305,175.00"
2019-04-29,2019042901012511,GBIME,59,22,500,313.00,"156,500.00"
2019-04-29,2019042901012510,GBIME,14,22,25,314.00,"7,850.00"
2019-04-29,2019042901012407,GBLBS,35,50,50,368.00,"18,400.00"
2019-04-29,2019042901012406,GBLBS,14,50,20,368.00,"7,360.00"
2019-04-29,2019042901012405,GBLBS,40,50,30,368.00,"11,040.00"
2019-04-29,2019042901012360,GBLBS,40,48,10,368.00,"3,680.00"
2019-04-29,2019042901012580,GDBL,25,34,40,214.00,"8,560.00"
2019-04-29,2019042901012318,GDBL,25,34,60,214.00,"12,840.00"
2019-04-29,2019042901012353,GILB,50,57,20,"1,243.00","24,860.00"
2019-04-29,2019042901012107,GLICL,43,49,340,583.00,"198,220.00"
2019-04-29,2019042901012389,GRDBL,32,48,55,107.00,"5,885.00"
2019-04-29,2019042901012388,GRDBL,32,48,50,109.00,"5,450.00"
2019-04-29,2019042901012098,GUFL,11,32,720,113.00,"81,360.00"
2019-04-29,2019042901012578,HBL,16,6,10,584.00,"5,840.00"
2019-04-29,2019042901012530,HBL,19,6,200,575.00,"115,000.00"
2019-04-29,2019042901012472,HBL,16,36,35,585.00,"20,475.00"
2019-04-29,2019042901012471,HBL,16,52,130,583.00,"75,790.00"
2019-04-29,2019042901012470,HBL,16,7,10,580.00,"5,800.00"
2019-04-29,2019042901012469,HBL,16,42,75,580.00,"43,500.00"
2019-04-29,2019042901012468,HBL,16,21,100,579.00,"57,900.00"
2019-04-29,2019042901012331,HBL,33,42,17,580.00,"9,860.00"
2019-04-29,2019042901012561,HGI,4,39,138,415.00,"57,270.00"
2019-04-29,2019042901012560,HGI,45,39,62,415.00,"25,730.00"
2019-04-29,2019042901012556,HGI,45,51,38,415.00,"15,770.00"
2019-04-29,2019042901012372,HGI,47,34,500,416.00,"208,000.00"
2019-04-29,2019042901012445,HIDCL,5,1,10,144.00,"1,440.00"
2019-04-29,2019042901012418,HIDCL,5,48,16,142.00,"2,272.00"
2019-04-29,2019042901012198,HIDCL,5,8,44,142.00,"6,248.00"
2019-04-29,2019042901012430,IGI,7,13,10,440.00,"4,400.00"
2019-04-29,2019042901012436,JBBL,38,58,17,145.00,"2,465.00"
2019-04-29,2019042901012435,JBBL,38,29,33,144.00,"4,752.00"
2019-04-29,2019042901012414,JBNL,52,44,261,202.00,"52,722.00"
2019-04-29,2019042901012413,JBNL,52,52,89,201.00,"17,889.00"
2019-04-29,2019042901012292,JBNL,17,1,20,200.00,"4,000.00"
2019-04-29,2019042901012291,JBNL,54,1,500,200.00,"100,000.00"
2019-04-29,2019042901012290,JBNL,48,1,680,200.00,"136,000.00"
2019-04-29,2019042901012253,JBNL,42,52,300,201.00,"60,300.00"
2019-04-29,2019042901012251,JBNL,48,52,111,201.00,"22,311.00"
2019-04-29,2019042901012207,JBNL,19,52,500,201.00,"100,500.00"
2019-04-29,2019042901012189,JBNL,48,38,50,200.00,"10,000.00"
2019-04-29,2019042901012274,KADBL,59,25,90,178.00,"16,020.00"
2019-04-29,2019042901012479,KBL,10,39,400,229.00,"91,600.00"
2019-04-29,2019042901012161,KBL,1,53,200,229.00,"45,800.00"
2019-04-29,2019042901012160,KBL,17,53,50,229.00,"11,450.00"
2019-04-29,2019042901012440,KKHC,32,48,13,74.00,962.00
2019-04-29,2019042901012391,KMCDB,43,18,30,757.00,"22,710.00"
2019-04-29,2019042901012099,KMFL,40,49,76,859.00,"65,284.00"
2019-04-29,2019042901012093,KMFL,40,6,124,859.00,"106,516.00"
2019-04-29,2019042901012214,KNBL,1,45,277,126.00,"34,902.00"
2019-04-29,2019042901012552,KPCL,59,45,10,91.00,910.00
2019-04-29,2019042901012424,KPCL,59,45,10,91.00,910.00
2019-04-29,2019042901012191,KSBBL,51,48,100,152.00,"15,200.00"
2019-04-29,2019042901012526,LBBL,52,28,700,198.00,"138,600.00"
2019-04-29,2019042901012525,LBBL,52,25,300,198.00,"59,400.00"
2019-04-29,2019042901012427,LBBL,44,33,40,197.00,"7,880.00"
2019-04-29,2019042901012309,LBBL,44,32,100,197.00,"19,700.00"
2019-04-29,2019042901012219,LBBL,44,50,102,197.00,"20,094.00"
2019-04-29,2019042901012218,LBBL,49,50,430,197.00,"84,710.00"
2019-04-29,2019042901012390,LBL,11,32,300,230.00,"69,000.00"
2019-04-29,2019042901012124,LEMF,55,26,"5,000",8.60,"43,000.00"
2019-04-29,2019042901012524,LGIL,7,48,200,538.00,"107,600.00"
2019-04-29,2019042901012421,LGIL,25,48,200,538.00,"107,600.00"
2019-04-29,2019042901012289,LGIL,48,45,500,537.00,"268,500.00"
2019-04-29,2019042901012281,LICN,14,5,130,"1,887.00","245,310.00"
2019-04-29,2019042901012384,MBL,6,1,266,266.00,"70,756.00"
2019-04-29,2019042901012215,MBL,57,50,100,265.00,"26,500.00"
2019-04-29,2019042901012205,MBL,57,53,200,265.00,"53,000.00"
2019-04-29,2019042901012204,MBL,36,53,500,265.00,"132,500.00"
2019-04-29,2019042901012203,MBL,26,53,400,265.00,"106,000.00"
2019-04-29,2019042901012123,MBL,52,14,45,267.00,"12,015.00"
2019-04-29,2019042901012122,MBL,52,56,100,266.00,"26,600.00"
2019-04-29,2019042901012146,MDB,17,16,62,274.00,"16,988.00"
2019-04-29,2019042901012535,MEGA,16,17,500,189.00,"94,500.00"
2019-04-29,2019042901012277,MERO,43,1,10,685.00,"6,850.00"
2019-04-29,2019042901012276,MERO,29,1,83,685.00,"56,855.00"
2019-04-29,2019042901012429,MFIL,42,44,100,114.00,"11,400.00"
2019-04-29,2019042901012344,MMFDB,22,34,20,968.00,"19,360.00"
2019-04-29,2019042901012546,MNBBL,49,51,10,397.00,"3,970.00"
2019-04-29,2019042901012465,MNBBL,47,14,400,395.00,"158,000.00"
2019-04-29,2019042901012417,MNBBL,47,37,21,395.00,"8,295.00"
2019-04-29,2019042901012329,MNBBL,47,37,21,395.00,"8,295.00"
2019-04-29,2019042901012259,MNBBL,1,14,500,395.00,"197,500.00"
2019-04-29,2019042901012531,MPFL,58,55,10,148.00,"1,480.00"
2019-04-29,2019042901012348,MSLB,47,47,1,"1,254.00","1,254.00"
2019-04-29,2019042901012261,MSMBS,17,48,13,535.00,"6,955.00"
2019-04-29,2019042901012426,NABIL,32,42,21,868.00,"18,228.00"
2019-04-29,2019042901012425,NABIL,49,42,29,869.00,"25,201.00"
2019-04-29,2019042901012334,NABIL,49,41,71,869.00,"61,699.00"
2019-04-29,2019042901012333,NABIL,6,41,100,870.00,"87,000.00"
2019-04-29,2019042901012332,NABIL,11,41,50,870.00,"43,500.00"
2019-04-29,2019042901012397,NBB,50,41,550,230.00,"126,500.00"
2019-04-29,2019042901012382,NBB,50,41,100,230.00,"23,000.00"
2019-04-29,2019042901012315,NBB,5,41,100,230.00,"23,000.00"
2019-04-29,2019042901012314,NBB,17,41,250,230.00,"57,500.00"
2019-04-29,2019042901012260,NBB,57,45,500,230.00,"115,000.00"
2019-04-29,2019042901012097,NBB,8,34,525,234.00,"122,850.00"
2019-04-29,2019042901012473,NBBL,52,56,50,638.00,"31,900.00"
2019-04-29,2019042901012589,NBL,33,38,100,321.00,"32,100.00"
2019-04-29,2019042901012499,NBL,57,21,500,319.00,"159,500.00"
2019-04-29,2019042901012482,NBL,13,44,"1,257",320.00,"402,240.00"
2019-04-29,2019042901012461,NBL,45,44,"1,000",320.00,"320,000.00"
2019-04-29,2019042901012460,NBL,4,44,168,320.00,"53,760.00"
2019-04-29,2019042901012459,NBL,48,44,300,320.00,"96,000.00"
2019-04-29,2019042901012147,NBL,14,47,120,321.00,"38,520.00"
2019-04-29,2019042901012136,NBL,38,47,230,321.00,"73,830.00"
2019-04-29,2019042901012135,NBL,38,43,270,321.00,"86,670.00"
2019-04-29,2019042901012120,NBL,49,43,"1,500",321.00,"481,500.00"
2019-04-29,2019042901012110,NBL,47,43,20,321.00,"6,420.00"
2019-04-29,2019042901012238,NBL,49,14,"1,040",320.00,"332,800.00"
2019-04-29,2019042901012237,NBL,49,14,960,320.00,"307,200.00"
2019-04-29,2019042901012220,NBL,28,38,380,321.00,"121,980.00"
2019-04-29,2019042901012210,NBL,28,58,620,321.00,"199,020.00"
2019-04-29,2019042901012209,NBL,4,58,"9,000",321.00,"2,889,000.00"
2019-04-29,2019042901012208,NBL,14,58,380,321.00,"121,980.00"
2019-04-29,2019042901012441,NBL,34,47,100,322.00,"32,200.00"
2019-04-29,2019042901012375,NBL,49,25,40,320.00,"12,800.00"
2019-04-29,2019042901012374,NBL,32,25,500,320.00,"160,000.00"
2019-04-29,2019042901012373,NBL,49,25,460,320.00,"147,200.00"
2019-04-29,2019042901012278,NBL,13,38,720,321.00,"231,120.00"
2019-04-29,2019042901012252,NBL,19,38,100,321.00,"32,100.00"
2019-04-29,2019042901012458,NBL,34,44,300,320.00,"96,000.00"
2019-04-29,2019042901012457,NBL,42,44,500,320.00,"160,000.00"
2019-04-29,2019042901012456,NBL,41,44,15,320.00,"4,800.00"
2019-04-29,2019042901012455,NBL,49,44,"1,500",320.00,"480,000.00"
2019-04-29,2019042901012454,NBL,49,44,960,320.00,"307,200.00"
2019-04-29,2019042901012444,NBL,49,37,500,320.00,"160,000.00"
2019-04-29,2019042901012537,NCCB,36,42,220,238.00,"52,360.00"
2019-04-29,2019042901012401,NCCB,36,29,280,238.00,"66,640.00"
2019-04-29,2019042901012328,NCCB,46,32,100,237.00,"23,700.00"
2019-04-29,2019042901012325,NCCB,28,29,100,238.00,"23,800.00"
2019-04-29,2019042901012301,NCCB,1,29,350,238.00,"83,300.00"
2019-04-29,2019042901012295,NCCB,1,42,150,238.00,"35,700.00"
2019-04-29,2019042901012294,NCCB,19,42,350,238.00,"83,300.00"
2019-04-29,2019042901012287,NCCB,19,33,650,238.00,"154,700.00"
2019-04-29,2019042901012286,NCCB,7,33,500,238.00,"119,000.00"
2019-04-29,2019042901012111,NCCB,38,28,595,238.00,"141,610.00"
2019-04-29,2019042901012296,NCDB,58,4,"2,000",136.00,"272,000.00"
2019-04-29,2019042901012299,NEF,54,38,145,8.84,"1,281.80"
2019-04-29,2019042901012257,NEF,54,16,"1,462",8.84,"12,924.08"
2019-04-29,2019042901012256,NEF,49,16,"3,000",8.88,"26,640.00"
2019-04-29,2019042901012145,NGPL,13,48,13,120.00,"1,560.00"
2019-04-29,2019042901012377,NIB,26,43,62,575.00,"35,650.00"
2019-04-29,2019042901012376,NIB,48,43,919,576.00,"529,344.00"
2019-04-29,2019042901012341,NIB,48,43,81,576.00,"46,656.00"
2019-04-29,2019042901012187,NIB,26,48,39,575.00,"22,425.00"
2019-04-29,2019042901012096,NIB,11,43,50,576.00,"28,800.00"
2019-04-29,2019042901012201,NIBSF1,55,28,"2,378",9.89,"23,518.42"
2019-04-29,2019042901012200,NIBSF1,55,47,"4,000",9.89,"39,560.00"
2019-04-29,2019042901012514,NICA,39,50,200,496.00,"99,200.00"
2019-04-29,2019042901012513,NICA,55,50,"1,000",496.00,"496,000.00"
2019-04-29,2019042901012396,NICA,48,50,400,497.00,"198,800.00"
2019-04-29,2019042901012330,NICA,59,50,300,497.00,"149,100.00"
2019-04-29,2019042901012275,NICA,49,52,"1,000",496.00,"496,000.00"
2019-04-29,2019042901012267,NICA,38,50,10,497.00,"4,970.00"
2019-04-29,2019042901012240,NICA,49,34,"2,000",496.00,"992,000.00"
2019-04-29,2019042901012159,NICA,29,50,"1,000",497.00,"497,000.00"
2019-04-29,2019042901012158,NICA,55,50,"1,665",497.00,"827,505.00"
2019-04-29,2019042901012553,NICL,44,52,100,419.00,"41,900.00"
2019-04-29,2019042901012533,NICL,50,52,100,419.00,"41,900.00"
2019-04-29,2019042901012539,NIL,38,34,10,548.00,"5,480.00"
2019-04-29,2019042901012538,NIL,49,34,10,548.00,"5,480.00"
2019-04-29,2019042901012536,NIL,14,53,200,540.00,"108,000.00"
2019-04-29,2019042901012527,NIL,14,51,190,540.00,"102,600.00"
2019-04-29,2019042901012501,NIL,10,51,10,540.00,"5,400.00"
2019-04-29,2019042901012448,NIL,10,48,490,540.00,"264,600.00"
2019-04-29,2019042901012162,NIL,17,45,300,549.00,"164,700.00"
2019-04-29,2019042901012447,NIL,14,48,200,541.00,"108,200.00"
2019-04-29,2019042901012446,NIL,50,48,10,542.00,"5,420.00"
2019-04-29,2019042901012366,NIL,18,48,80,539.00,"43,120.00"
2019-04-29,2019042901012365,NIL,43,48,50,539.00,"26,950.00"
2019-04-29,2019042901012364,NIL,14,48,50,540.00,"27,000.00"
2019-04-29,2019042901012363,NIL,40,48,30,540.00,"16,200.00"
2019-04-29,2019042901012463,NLBBL,5,34,100,498.00,"49,800.00"
2019-04-29,2019042901012244,NLBBL,25,10,200,498.00,"99,600.00"
2019-04-29,2019042901012352,NLG,21,53,100,880.00,"88,000.00"
2019-04-29,2019042901012284,NLG,21,49,85,880.00,"74,800.00"
2019-04-29,2019042901012283,NLG,37,49,85,881.00,"74,885.00"
2019-04-29,2019042901012174,NLG,54,49,230,882.00,"202,860.00"
2019-04-29,2019042901012476,NLIC,50,34,709,"1,316.00","933,044.00"
2019-04-29,2019042901012475,NLIC,26,48,50,"1,315.00","65,750.00"
2019-04-29,2019042901012474,NLIC,26,7,20,"1,315.00","26,300.00"
2019-04-29,2019042901012438,NLIC,50,43,60,"1,314.00","78,840.00"
2019-04-29,2019042901012437,NLIC,50,5,47,"1,314.00","61,758.00"
2019-04-29,2019042901012433,NLIC,58,5,133,"1,314.00","174,762.00"
2019-04-29,2019042901012258,NLIC,58,38,460,"1,310.00","602,600.00"
2019-04-29,2019042901012232,NLIC,55,5,20,"1,314.00","26,280.00"
2019-04-29,2019042901012225,NLIC,16,40,100,"1,311.00","131,100.00"
2019-04-29,2019042901012095,NLIC,16,51,20,"1,311.00","26,220.00"
2019-04-29,2019042901012312,NLIC,59,49,188,"1,310.00","246,280.00"
2019-04-29,2019042901012311,NLIC,58,49,23,"1,310.00","30,130.00"
2019-04-29,2019042901012310,NLIC,58,49,500,"1,311.00","655,500.00"
2019-04-29,2019042901012279,NLIC,58,51,33,"1,312.00","43,296.00"
2019-04-29,2019042901012273,NLIC,58,39,50,"1,312.00","65,600.00"
2019-04-29,2019042901012263,NLIC,58,42,17,"1,312.00","22,304.00"
2019-04-29,2019042901012432,NLIC,58,42,17,"1,313.00","22,321.00"
2019-04-29,2019042901012431,NLIC,58,42,350,"1,313.00","459,550.00"
2019-04-29,2019042901012411,NLIC,51,43,31,"1,312.00","40,672.00"
2019-04-29,2019042901012402,NLIC,51,26,17,"1,312.00","22,304.00"
2019-04-29,2019042901012392,NLIC,51,42,17,"1,312.00","22,304.00"
2019-04-29,2019042901012362,NLIC,51,51,109,"1,312.00","143,008.00"
2019-04-29,2019042901012540,NLICL,37,16,500,694.00,"347,000.00"
2019-04-29,2019042901012508,NLICL,50,16,410,695.00,"284,950.00"
2019-04-29,2019042901012507,NLICL,50,36,90,695.00,"62,550.00"
2019-04-29,2019042901012506,NLICL,28,36,100,696.00,"69,600.00"
2019-04-29,2019042901012505,NLICL,58,36,300,697.00,"209,100.00"
2019-04-29,2019042901012504,NLICL,45,36,10,697.00,"6,970.00"
2019-04-29,2019042901012503,NLICL,34,14,100,701.00,"70,100.00"
2019-04-29,2019042901012502,NLICL,34,38,100,700.00,"70,000.00"
2019-04-29,2019042901012428,NLICL,45,8,40,697.00,"27,880.00"
2019-04-29,2019042901012106,NLICL,43,7,100,700.00,"70,000.00"
2019-04-29,2019042901012466,NMB,41,54,100,386.00,"38,600.00"
2019-04-29,2019042901012451,NMB,40,8,300,387.00,"116,100.00"
2019-04-29,2019042901012381,NMB,41,28,100,386.00,"38,600.00"
2019-04-29,2019042901012249,NMB,41,50,677,386.00,"261,322.00"
2019-04-29,2019042901012248,NMB,8,50,51,386.00,"19,686.00"
2019-04-29,2019042901012202,NMB,8,40,100,386.00,"38,600.00"
2019-04-29,2019042901012126,NMB,17,50,100,388.00,"38,800.00"
2019-04-29,2019042901012100,NMB,46,53,200,387.00,"77,400.00"
2019-04-29,2019042901012185,NMB,8,50,200,386.00,"77,200.00"
2019-04-29,2019042901012179,NMB,50,34,466,387.00,"180,342.00"
2019-04-29,2019042901012138,NMB,50,34,500,387.00,"193,500.00"
2019-04-29,2019042901012137,NMB,59,34,34,387.00,"13,158.00"
2019-04-29,2019042901012131,NMB,59,22,266,387.00,"102,942.00"
2019-04-29,2019042901012130,NMB,46,22,234,387.00,"90,558.00"
2019-04-29,2019042901012239,NMFBS,49,48,15,"1,740.00","26,100.00"
2019-04-29,2019042901012563,NUBL,21,14,50,904.00,"45,200.00"
2019-04-29,2019042901012562,NUBL,21,39,50,903.00,"45,150.00"
2019-04-29,2019042901012394,OHL,42,45,10,524.00,"5,240.00"
2019-04-29,2019042901012321,PCBL,39,48,100,358.00,"35,800.00"
2019-04-29,2019042901012320,PCBL,39,33,950,358.00,"340,100.00"
2019-04-29,2019042901012173,PCBL,11,33,50,358.00,"17,900.00"
2019-04-29,2019042901012558,PIC,49,7,10,"1,100.00","11,000.00"
2019-04-29,2019042901012534,PIC,51,42,200,"1,091.00","218,200.00"
2019-04-29,2019042901012349,PIC,42,6,100,"1,092.00","109,200.00"
2019-04-29,2019042901012323,PIC,40,7,89,"1,100.00","97,900.00"
2019-04-29,2019042901012322,PIC,40,14,11,"1,100.00","12,100.00"
2019-04-29,2019042901012171,PIC,51,5,12,"1,091.00","13,092.00"
2019-04-29,2019042901012509,PICL,1,53,100,748.00,"74,800.00"
2019-04-29,2019042901012588,PLIC,48,51,50,513.00,"25,650.00"
2019-04-29,2019042901012587,PLIC,48,14,500,510.00,"255,000.00"
2019-04-29,2019042901012586,PLIC,48,25,950,510.00,"484,500.00"
2019-04-29,2019042901012555,PLIC,38,28,120,508.00,"60,960.00"
2019-04-29,2019042901012554,PLIC,49,28,200,508.00,"101,600.00"
2019-04-29,2019042901012400,PLIC,28,25,50,510.00,"25,500.00"
2019-04-29,2019042901012091,PLIC,1,25,285,509.00,"145,065.00"
2019-04-29,2019042901012354,PLIC,6,55,50,507.00,"25,350.00"
2019-04-29,2019042901012317,PLIC,48,25,500,507.00,"253,500.00"
2019-04-29,2019042901012298,PLIC,25,14,100,508.00,"50,800.00"
2019-04-29,2019042901012155,PLIC,25,35,900,508.00,"457,200.00"
2019-04-29,2019042901012154,PLIC,32,35,100,508.00,"50,800.00"
2019-04-29,2019042901012092,PLIC,51,25,100,509.00,"50,900.00"
2019-04-29,2019042901012532,PMHPL,59,4,10,108.00,"1,080.00"
2019-04-29,2019042901012268,PMHPL,59,38,10,108.00,"1,080.00"
2019-04-29,2019042901012423,PRIN,14,34,19,445.00,"8,455.00"
2019-04-29,2019042901012422,PRIN,49,34,200,446.00,"89,200.00"
2019-04-29,2019042901012169,PRIN,14,41,69,445.00,"30,705.00"
2019-04-29,2019042901012168,PRIN,25,41,20,446.00,"8,920.00"
2019-04-29,2019042901012167,PRIN,49,41,61,447.00,"27,267.00"
2019-04-29,2019042901012551,PRVU,25,39,100,290.00,"29,000.00"
2019-04-29,2019042901012550,PRVU,25,58,200,290.00,"58,000.00"
2019-04-29,2019042901012549,PRVU,25,52,376,290.00,"109,040.00"
2019-04-29,2019042901012483,PRVU,37,52,525,290.00,"152,250.00"
2019-04-29,2019042901012481,PRVU,4,50,420,289.00,"121,380.00"
2019-04-29,2019042901012234,PRVU,25,43,"1,000",290.00,"290,000.00"
2019-04-29,2019042901012233,PRVU,35,43,500,290.00,"145,000.00"
2019-04-29,2019042901012228,PRVU,42,43,200,292.00,"58,400.00"
2019-04-29,2019042901012163,PRVU,36,43,21,292.00,"6,132.00"
2019-04-29,2019042901012141,PRVU,17,33,500,290.00,"145,000.00"
2019-04-29,2019042901012480,PRVU,49,50,580,289.00,"167,620.00"
2019-04-29,2019042901012443,PRVU,34,52,99,290.00,"28,710.00"
2019-04-29,2019042901012386,PRVU,34,42,150,290.00,"43,500.00"
2019-04-29,2019042901012293,PRVU,34,56,120,290.00,"34,800.00"
2019-04-29,2019042901012272,RBCLPO,13,14,10,"8,887.00","88,870.00"
2019-04-29,2019042901012271,RBCLPO,17,14,10,"8,900.00","89,000.00"
2019-04-29,2019042901012270,RBCLPO,56,14,10,"8,910.00","89,100.00"
2019-04-29,2019042901012269,RBCLPO,25,14,10,"8,918.00","89,180.00"
2019-04-29,2019042901012410,RMDC,25,59,41,650.00,"26,650.00"
2019-04-29,2019042901012409,RMDC,19,59,19,650.00,"12,350.00"
2019-04-29,2019042901012408,RMDC,52,59,10,650.00,"6,500.00"
2019-04-29,2019042901012148,RMDC,52,34,190,650.00,"123,500.00"
2019-04-29,2019042901012121,RMDC,5,44,56,650.00,"36,400.00"
2019-04-29,2019042901012336,RSDC,34,35,10,419.00,"4,190.00"
2019-04-29,2019042901012266,RSDC,26,26,100,418.00,"41,800.00"
2019-04-29,2019042901012265,RSDC,58,26,100,418.00,"41,800.00"
2019-04-29,2019042901012109,SADBL,59,34,50,153.00,"7,650.00"
2019-04-29,2019042901012582,SANIMA,19,14,900,362.00,"325,800.00"
2019-04-29,2019042901012581,SANIMA,19,48,100,362.00,"36,200.00"
2019-04-29,2019042901012313,SANIMA,11,52,50,360.00,"18,000.00"
2019-04-29,2019042901012308,SANIMA,11,6,500,360.00,"180,000.00"
2019-04-29,2019042901012307,SANIMA,14,6,100,360.00,"36,000.00"
2019-04-29,2019042901012306,SANIMA,14,6,200,360.00,"72,000.00"
2019-04-29,2019042901012305,SANIMA,57,6,200,360.00,"72,000.00"
2019-04-29,2019042901012184,SANIMA,14,14,500,361.00,"180,500.00"
2019-04-29,2019042901012343,SBI,52,17,150,496.00,"74,400.00"
2019-04-29,2019042901012264,SBL,19,6,150,347.00,"52,050.00"
2019-04-29,2019042901012577,SCB,5,43,10,720.00,"7,200.00"
2019-04-29,2019042901012576,SCB,5,42,279,720.00,"200,880.00"
2019-04-29,2019042901012575,SCB,5,25,760,719.00,"546,440.00"
2019-04-29,2019042901012477,SCB,5,40,300,712.00,"213,600.00"
2019-04-29,2019042901012572,SDESI,59,17,50,675.00,"33,750.00"
2019-04-29,2019042901012571,SDESI,59,39,100,674.00,"67,400.00"
2019-04-29,2019042901012570,SDESI,59,20,53,673.00,"35,669.00"
2019-04-29,2019042901012569,SDESI,59,57,171,672.00,"114,912.00"
2019-04-29,2019042901012568,SDESI,59,20,63,657.00,"41,391.00"
2019-04-29,2019042901012567,SDESI,59,37,10,657.00,"6,570.00"
2019-04-29,2019042901012566,SDESI,59,48,27,657.00,"17,739.00"
2019-04-29,2019042901012183,SEF,26,40,"4,300",9.71,"41,753.00"
2019-04-29,2019042901012182,SEF,43,40,"12,300",9.72,"119,556.00"
2019-04-29,2019042901012181,SEF,1,40,"5,000",9.75,"48,750.00"
2019-04-29,2019042901012175,SEOS,42,45,"2,000",10.55,"21,100.00"
2019-04-29,2019042901012188,SHIVM,51,36,100,320.00,"32,000.00"
2019-04-29,2019042901012178,SHIVM,34,8,50,318.00,"15,900.00"
2019-04-29,2019042901012285,SHL,36,28,"1,300",233.00,"302,900.00"
2019-04-29,2019042901012090,SHL,10,4,200,231.00,"46,200.00"
2019-04-29,2019042901012398,SHPC,38,45,320,251.00,"80,320.00"
2019-04-29,2019042901012467,SIL,44,44,10,645.00,"6,450.00"
2019-04-29,2019042901012144,SIL,43,5,30,634.00,"19,020.00"
2019-04-29,2019042901012143,SIL,43,5,30,634.00,"19,020.00"
2019-04-29,2019042901012326,SKBBL,5,33,10,"1,041.00","10,410.00"
2019-04-29,2019042901012221,SKBBL,16,14,20,"1,030.00","20,600.00"
2019-04-29,2019042901012129,SKBBL,37,42,90,"1,026.00","92,340.00"
2019-04-29,2019042901012128,SKBBL,33,42,200,"1,028.00","205,600.00"
2019-04-29,2019042901012127,SKBBL,14,42,10,"1,029.00","10,290.00"
2019-04-29,2019042901012404,SLBBL,57,35,278,529.00,"147,062.00"
2019-04-29,2019042901012403,SLBBL,57,34,122,528.00,"64,416.00"
2019-04-29,2019042901012359,SLBS,57,16,23,"1,010.00","23,230.00"
2019-04-29,2019042901012450,SLBSL,45,17,10,660.00,"6,600.00"
2019-04-29,2019042901012412,SLBSL,45,38,10,652.00,"6,520.00"
2019-04-29,2019042901012361,SLBSL,45,38,10,652.00,"6,520.00"
2019-04-29,2019042901012297,SLBSL,34,46,10,645.00,"6,450.00"
2019-04-29,2019042901012545,SLICL,56,16,126,581.00,"73,206.00"
2019-04-29,2019042901012544,SLICL,43,16,150,581.00,"87,150.00"
2019-04-29,2019042901012543,SLICL,38,16,12,582.00,"6,984.00"
2019-04-29,2019042901012542,SLICL,6,16,12,583.00,"6,996.00"
2019-04-29,2019042901012288,SLICL,17,51,500,590.00,"295,000.00"
2019-04-29,2019042901012255,SLICL,41,56,200,585.00,"117,000.00"
2019-04-29,2019042901012231,SLICL,41,33,300,585.00,"175,500.00"
2019-04-29,2019042901012226,SLICL,42,16,161,586.00,"94,346.00"
2019-04-29,2019042901012500,SMFDB,55,44,200,670.00,"134,000.00"
2019-04-29,2019042901012383,SRBL,40,57,100,258.00,"25,800.00"
2019-04-29,2019042901012250,SRBL,40,25,200,258.00,"51,600.00"
2019-04-29,2019042901012199,SRBL,40,43,125,258.00,"32,250.00"
2019-04-29,2019042901012119,SRBL,56,43,500,258.00,"129,000.00"
2019-04-29,2019042901012118,SRBL,43,43,618,258.00,"159,444.00"
2019-04-29,2019042901012117,SRBL,38,43,100,258.00,"25,800.00"
2019-04-29,2019042901012116,SRBL,34,43,"1,000",258.00,"258,000.00"
2019-04-29,2019042901012115,SRBL,38,43,"1,000",258.00,"258,000.00"
2019-04-29,2019042901012114,SRBL,26,43,100,259.00,"25,900.00"
2019-04-29,2019042901012113,SRBL,44,43,"1,557",259.00,"403,263.00"
2019-04-29,2019042901012585,UIC,46,39,250,980.00,"245,000.00"
2019-04-29,2019042901012584,UIC,7,39,50,980.00,"49,000.00"
2019-04-29,2019042901012583,UIC,40,39,100,980.00,"98,000.00"
2019-04-29,2019042901012439,UIC,42,51,40,993.00,"39,720.00"
2019-04-29,2019042901012236,UIC,7,32,200,984.00,"196,800.00"
2019-04-29,2019042901012235,UIC,7,34,100,984.00,"98,400.00"
2019-04-29,2019042901012153,UIC,47,41,100,980.00,"98,000.00"
2019-04-29,2019042901012152,UIC,22,41,50,980.00,"49,000.00"
2019-04-29,2019042901012151,UIC,41,41,20,980.00,"19,600.00"
2019-04-29,2019042901012150,UIC,57,41,150,980.00,"147,000.00"
2019-04-29,2019042901012149,UIC,6,41,30,980.00,"29,400.00"
2019-04-29,2019042901012140,UIC,49,57,100,981.00,"98,100.00"
2019-04-29,2019042901012387,UNL,3,55,10,"21,117.00","211,170.00"
2019-04-29,2019042901012498,UPCL,5,6,100,100.00,"10,000.00"
2019-04-29,2019042901012497,UPCL,5,54,50,100.00,"5,000.00"
2019-04-29,2019042901012496,UPCL,5,54,50,99.00,"4,950.00"
2019-04-29,2019042901012495,UPCL,5,54,50,98.00,"4,900.00"
2019-04-29,2019042901012494,UPCL,5,54,50,97.00,"4,850.00"
2019-04-29,2019042901012493,UPCL,5,54,40,96.00,"3,840.00"
2019-04-29,2019042901012242,UPCL,49,35,100,91.00,"9,100.00"
2019-04-29,2019042901012241,UPCL,41,35,50,91.00,"4,550.00"
2019-04-29,2019042901012486,UPCL,5,49,50,93.00,"4,650.00"
2019-04-29,2019042901012485,UPCL,5,22,200,92.00,"18,400.00"
2019-04-29,2019042901012247,UPCL,41,48,450,91.00,"40,950.00"
2019-04-29,2019042901012246,UPCL,45,48,400,91.00,"36,400.00"
2019-04-29,2019042901012245,UPCL,38,48,150,91.00,"13,650.00"
2019-04-29,2019042901012243,UPCL,38,35,150,91.00,"13,650.00"
2019-04-29,2019042901012492,UPCL,5,54,30,95.00,"2,850.00"
2019-04-29,2019042901012491,UPCL,5,29,100,94.00,"9,400.00"
2019-04-29,2019042901012490,UPCL,5,54,20,94.00,"1,880.00"
2019-04-29,2019042901012489,UPCL,5,45,50,93.00,"4,650.00"
2019-04-29,2019042901012488,UPCL,5,29,100,93.00,"9,300.00"
2019-04-29,2019042901012487,UPCL,5,29,130,93.00,"12,090.00"
2019-04-29,2019042901012574,UPPER,21,52,450,238.00,"107,100.00"
2019-04-29,2019042901012573,UPPER,21,20,50,238.00,"11,900.00"
2019-04-29,2019042901012112,UPPER,57,39,40,235.00,"9,400.00"
2019-04-29,2019042901012340,UPPER,42,36,14,234.00,"3,276.00"
2019-04-29,2019042901012339,UPPER,42,36,250,234.00,"58,500.00"
2019-04-29,2019042901012338,UPPER,42,36,16,234.00,"3,744.00"
2019-04-29,2019042901012337,UPPER,57,36,10,235.00,"2,350.00"
2019-04-29,2019042901012319,UPPER,57,48,50,235.00,"11,750.00"
2019-04-29,2019042901011907,ALBSL,34,32,10,472.00,"4,720.00"
2019-04-29,2019042901011605,ALICL,38,33,100,456.00,"45,600.00"
2019-04-29,2019042901011604,ALICL,37,33,100,456.00,"45,600.00"
2019-04-29,2019042901011603,ALICL,57,33,300,457.00,"137,100.00"
2019-04-29,2019042901012039,CBBL,48,58,50,944.00,"47,200.00"
2019-04-29,2019042901012026,CBBL,47,58,100,944.00,"94,400.00"
2019-04-29,2019042901012025,CBBL,14,58,50,944.00,"47,200.00"
2019-04-29,2019042901012024,CBBL,38,58,50,944.00,"47,200.00"
2019-04-29,2019042901011781,CBL,49,1,50,158.00,"7,900.00"
2019-04-29,2019042901011630,CBL,41,1,200,158.00,"31,600.00"
2019-04-29,2019042901011625,CBL,50,1,100,158.00,"15,800.00"
2019-04-29,2019042901011624,CBL,45,1,150,158.00,"23,700.00"
2019-04-29,2019042901011987,CCBL,56,38,100,176.00,"17,600.00"
2019-04-29,2019042901011634,CCBL,56,3,71,176.00,"12,496.00"
2019-04-29,2019042901011980,CHCL,45,21,120,556.00,"66,720.00"
2019-04-29,2019042901011979,CHCL,45,45,385,556.00,"214,060.00"
2019-04-29,2019042901011917,CHCL,45,54,500,550.00,"275,000.00"
2019-04-29,2019042901011916,CHCL,45,54,125,550.00,"68,750.00"
2019-04-29,2019042901011709,CHCL,32,54,25,550.00,"13,750.00"
2019-04-29,2019042901011686,CHCL,28,54,100,550.00,"55,000.00"
2019-04-29,2019042901011685,CHCL,45,54,250,550.00,"137,500.00"
2019-04-29,2019042901011664,CHL,20,45,10,96.00,960.00
2019-04-29,2019042901012053,CIT,25,34,300,"2,520.00","756,000.00"
2019-04-29,2019042901011701,CIT,14,39,165,"2,519.00","415,635.00"
2019-04-29,2019042901011700,CIT,14,53,40,"2,518.00","100,720.00"
2019-04-29,2019042901011990,CZBIL,33,34,237,229.00,"54,273.00"
2019-04-29,2019042901011742,CZBIL,7,37,300,230.00,"69,000.00"
2019-04-29,2019042901011706,DBBL,25,46,400,136.00,"54,400.00"
2019-04-29,2019042901011705,DBBL,39,46,100,137.00,"13,700.00"
2019-04-29,2019042901012066,DDBL,20,16,153,735.00,"112,455.00"
2019-04-29,2019042901012009,DDBL,17,17,200,740.00,"148,000.00"
2019-04-29,2019042901011899,DDBL,20,38,50,735.00,"36,750.00"
2019-04-29,2019042901012040,EBL,57,14,380,667.00,"253,460.00"
2019-04-29,2019042901011935,EBL,11,14,50,667.00,"33,350.00"
2019-04-29,2019042901011674,EBL,13,14,70,667.00,"46,690.00"
2019-04-29,2019042901011729,EIC,19,5,163,495.00,"80,685.00"
2019-04-29,2019042901011728,EIC,39,5,50,498.00,"24,900.00"
2019-04-29,2019042901011727,EIC,21,5,87,499.00,"43,413.00"
2019-04-29,2019042901012011,FMDBL,42,35,140,438.00,"61,320.00"
2019-04-29,2019042901012010,FMDBL,42,34,60,437.00,"26,220.00"
2019-04-29,2019042901011897,FMDBL,42,36,474,435.00,"206,190.00"
2019-04-29,2019042901011896,FMDBL,41,36,75,435.00,"32,625.00"
2019-04-29,2019042901011895,FMDBL,56,36,100,436.00,"43,600.00"
2019-04-29,2019042901011884,FMDBL,6,6,20,438.00,"8,760.00"
2019-04-29,2019042901011801,FMDBL,6,46,20,438.00,"8,760.00"
2019-04-29,2019042901011651,FMDBL,57,56,20,440.00,"8,800.00"
2019-04-29,2019042901011832,GBBL,38,32,970,217.00,"210,490.00"
2019-04-29,2019042901011831,GBBL,38,32,230,217.00,"49,910.00"
2019-04-29,2019042901012052,GBIME,33,33,200,315.00,"63,000.00"
2019-04-29,2019042901012051,GBIME,33,6,"2,000",315.00,"630,000.00"
2019-04-29,2019042901012050,GBIME,33,35,300,315.00,"94,500.00"
2019-04-29,2019042901012041,GBIME,44,35,200,315.00,"63,000.00"
2019-04-29,2019042901012028,GBIME,14,49,336,314.00,"105,504.00"
2019-04-29,2019042901012001,GBIME,14,38,20,314.00,"6,280.00"
2019-04-29,2019042901011984,GBIME,14,38,100,314.00,"31,400.00"
2019-04-29,2019042901011955,GBIME,14,33,300,314.00,"94,200.00"
2019-04-29,2019042901011732,GBIME,14,28,116,314.00,"36,424.00"
2019-04-29,2019042901011731,GBIME,45,28,50,315.00,"15,750.00"
2019-04-29,2019042901012012,GBLBS,32,16,240,370.00,"88,800.00"
2019-04-29,2019042901012005,GBLBS,32,13,260,370.00,"96,200.00"
2019-04-29,2019042901012004,GBLBS,52,13,140,370.00,"51,800.00"
2019-04-29,2019042901012003,GBLBS,32,13,100,371.00,"37,100.00"
2019-04-29,2019042901011826,GBLBS,52,33,860,370.00,"318,200.00"
2019-04-29,2019042901011825,GBLBS,26,33,40,370.00,"14,800.00"
2019-04-29,2019042901011824,GBLBS,40,33,100,371.00,"37,100.00"
2019-04-29,2019042901012042,GDBL,17,50,500,211.00,"105,500.00"
2019-04-29,2019042901011862,GLICL,43,33,50,583.00,"29,150.00"
2019-04-29,2019042901011861,GLICL,11,33,100,584.00,"58,400.00"
2019-04-29,2019042901011736,GLICL,41,21,100,585.00,"58,500.00"
2019-04-29,2019042901011679,GLICL,46,22,31,588.00,"18,228.00"
2019-04-29,2019042901011662,GLICL,46,35,50,588.00,"29,400.00"
2019-04-29,2019042901011606,GLICL,46,47,190,588.00,"111,720.00"
2019-04-29,2019042901011600,GLICL,46,44,29,588.00,"17,052.00"
2019-04-29,2019042901012064,HBL,43,42,218,580.00,"126,440.00"
2019-04-29,2019042901012063,HBL,58,42,190,581.00,"110,390.00"
2019-04-29,2019042901011981,HBL,58,11,90,581.00,"52,290.00"
2019-04-29,2019042901011974,HBL,58,22,100,581.00,"58,100.00"
2019-04-29,2019042901011947,HBL,43,11,10,582.00,"5,820.00"
2019-04-29,2019042901011945,HBL,43,16,200,582.00,"116,400.00"
2019-04-29,2019042901011906,HBL,43,51,150,582.00,"87,300.00"
2019-04-29,2019042901011869,HBL,43,52,100,582.00,"58,200.00"
2019-04-29,2019042901011794,HBL,43,52,40,582.00,"23,280.00"
2019-04-29,2019042901011711,HBL,58,11,120,581.00,"69,720.00"
2019-04-29,2019042901011593,HBL,58,3,"2,000",583.00,"1,166,000.00"
2019-04-29,2019042901011592,HBL,53,3,500,584.00,"292,000.00"
2019-04-29,2019042901011986,HGI,4,38,371,415.00,"153,965.00"
2019-04-29,2019042901011977,HGI,4,52,125,415.00,"51,875.00"
2019-04-29,2019042901011976,HGI,6,52,75,415.00,"31,125.00"
2019-04-29,2019042901011599,HGI,28,38,200,418.00,"83,600.00"
2019-04-29,2019042901011923,HIDCL,5,1,112,144.00,"16,128.00"
2019-04-29,2019042901011922,HIDCL,5,10,57,143.00,"8,151.00"
2019-04-29,2019042901011918,HPPL,59,1,290,181.00,"52,490.00"
2019-04-29,2019042901011882,HPPL,59,1,200,181.00,"36,200.00"
2019-04-29,2019042901011863,HPPL,59,18,50,181.00,"9,050.00"
2019-04-29,2019042901011823,HPPL,59,18,450,181.00,"81,450.00"
2019-04-29,2019042901011806,HPPL,57,18,100,182.00,"18,200.00"
2019-04-29,2019042901012075,IGI,49,5,200,432.00,"86,400.00"
2019-04-29,2019042901012074,IGI,17,5,200,432.00,"86,400.00"
2019-04-29,2019042901011772,IGI,13,49,200,433.00,"86,600.00"
2019-04-29,2019042901011752,IGI,39,49,100,436.00,"43,600.00"
2019-04-29,2019042901012073,IGI,50,5,10,435.00,"4,350.00"
2019-04-29,2019042901012072,IGI,50,5,10,435.00,"4,350.00"
2019-04-29,2019042901011854,JBBL,42,58,"1,600",144.00,"230,400.00"
2019-04-29,2019042901011853,JBBL,39,58,20,145.00,"2,900.00"
2019-04-29,2019042901011852,JBBL,39,58,20,145.00,"2,900.00"
2019-04-29,2019042901011851,JBBL,56,58,86,145.00,"12,470.00"
2019-04-29,2019042901012056,JBNL,48,7,270,200.00,"54,000.00"
2019-04-29,2019042901012055,JBNL,26,7,430,200.00,"86,000.00"
2019-04-29,2019042901012054,JBNL,28,7,300,201.00,"60,300.00"
2019-04-29,2019042901012030,JBNL,28,41,290,201.00,"58,290.00"
2019-04-29,2019042901012029,JBNL,28,41,300,201.00,"60,300.00"
2019-04-29,2019042901011921,JBNL,34,14,"1,000",201.00,"201,000.00"
2019-04-29,2019042901011594,JBNL,48,56,150,201.00,"30,150.00"
2019-04-29,2019042901012071,KBL,44,22,65,230.00,"14,950.00"
2019-04-29,2019042901012070,KBL,44,47,135,230.00,"31,050.00"
2019-04-29,2019042901011951,KBL,43,5,220,228.00,"50,160.00"
2019-04-29,2019042901011950,KBL,38,5,"1,000",228.00,"228,000.00"
2019-04-29,2019042901011949,KBL,54,5,50,228.00,"11,400.00"
2019-04-29,2019042901011948,KBL,41,5,730,228.00,"166,440.00"
2019-04-29,2019042901011694,KBL,4,43,"1,000",229.00,"229,000.00"
2019-04-29,2019042901011693,KBL,34,43,500,229.00,"114,500.00"
2019-04-29,2019042901011692,KBL,19,43,30,230.00,"6,900.00"
2019-04-29,2019042901011682,KBL,56,52,800,230.00,"184,000.00"
2019-04-29,2019042901011776,KBL,41,52,200,228.00,"45,600.00"
2019-04-29,2019042901011699,KBL,41,43,70,228.00,"15,960.00"
2019-04-29,2019042901011698,KBL,43,43,"1,000",228.00,"228,000.00"
2019-04-29,2019042901011697,KBL,51,43,"2,000",228.00,"456,000.00"
2019-04-29,2019042901011696,KBL,41,43,300,229.00,"68,700.00"
2019-04-29,2019042901011695,KBL,41,43,100,229.00,"22,900.00"
2019-04-29,2019042901012038,KMCDB,11,16,45,757.00,"34,065.00"
2019-04-29,2019042901012037,KMCDB,42,16,55,758.00,"41,690.00"
2019-04-29,2019042901012036,KMCDB,35,16,100,760.00,"76,000.00"
2019-04-29,2019042901011680,KPCL,59,19,10,91.00,910.00
2019-04-29,2019042901012065,KSBBL,17,21,500,150.00,"75,000.00"
2019-04-29,2019042901011938,KSBBL,36,26,500,151.00,"75,500.00"
2019-04-29,2019042901011804,KSBBL,17,36,386,150.00,"57,900.00"
2019-04-29,2019042901011803,KSBBL,40,36,300,150.00,"45,000.00"
2019-04-29,2019042901011802,KSBBL,17,36,914,151.00,"138,014.00"
2019-04-29,2019042901011892,LBBL,38,50,999,198.00,"197,802.00"
2019-04-29,2019042901011891,LBBL,39,50,500,198.00,"99,000.00"
2019-04-29,2019042901011890,LBBL,38,50,300,198.00,"59,400.00"
2019-04-29,2019042901011889,LBBL,42,50,"2,000",198.00,"396,000.00"
2019-04-29,2019042901011888,LBBL,29,50,200,198.00,"39,600.00"
2019-04-29,2019042901011887,LBBL,26,50,166,198.00,"32,868.00"
2019-04-29,2019042901011639,LBBL,37,57,184,200.00,"36,800.00"
2019-04-29,2019042901011886,LBBL,25,25,200,199.00,"39,800.00"
2019-04-29,2019042901011850,LBBL,25,52,800,199.00,"159,200.00"
2019-04-29,2019042901011849,LBBL,26,52,200,199.00,"39,800.00"
2019-04-29,2019042901011730,LBBL,42,57,120,200.00,"24,000.00"
2019-04-29,2019042901011791,LBL,59,5,200,231.00,"46,200.00"
2019-04-29,2019042901011790,LBL,1,5,200,231.00,"46,200.00"
2019-04-29,2019042901011789,LBL,26,5,200,231.00,"46,200.00"
2019-04-29,2019042901011758,LBL,42,28,955,233.00,"222,515.00"
2019-04-29,2019042901011757,LBL,42,56,250,232.00,"58,000.00"
2019-04-29,2019042901011638,LBL,26,56,150,232.00,"34,800.00"
2019-04-29,2019042901012089,LGIL,7,48,611,538.00,"328,718.00"
2019-04-29,2019042901012088,LGIL,7,38,89,538.00,"47,882.00"
2019-04-29,2019042901012087,LGIL,35,38,300,538.00,"161,400.00"
2019-04-29,2019042901012086,LGIL,25,38,11,538.00,"5,918.00"
2019-04-29,2019042901012019,LGIL,7,52,33,540.00,"17,820.00"
2019-04-29,2019042901012061,MBL,44,1,200,266.00,"53,200.00"
2019-04-29,2019042901011978,MDB,17,52,100,274.00,"27,400.00"
2019-04-29,2019042901011848,MEGA,26,35,200,190.00,"38,000.00"
2019-04-29,2019042901011822,MEGA,26,35,400,190.00,"76,000.00"
2019-04-29,2019042901011750,MEGA,10,25,100,189.00,"18,900.00"
2019-04-29,2019042901011654,MEGA,10,32,596,189.00,"112,644.00"
2019-04-29,2019042901011767,MERO,29,47,100,685.00,"68,500.00"
2019-04-29,2019042901011768,MFIL,44,43,100,115.00,"11,500.00"
2019-04-29,2019042901011684,MNBBL,21,4,50,395.00,"19,750.00"
2019-04-29,2019042901011652,MNBBL,21,32,200,395.00,"79,000.00"
2019-04-29,2019042901011870,MNBBL,21,45,25,395.00,"9,875.00"
2019-04-29,2019042901011796,MNBBL,21,37,200,395.00,"79,000.00"
2019-04-29,2019042901011983,MSMBS,37,34,10,545.00,"5,450.00"
2019-04-29,2019042901011939,MSMBS,37,45,10,535.00,"5,350.00"
2019-04-29,2019042901011810,MSMBS,57,57,100,526.00,"52,600.00"
2019-04-29,2019042901011809,MSMBS,35,57,36,526.00,"18,936.00"
2019-04-29,2019042901011635,NABIL,59,26,15,874.00,"13,110.00"
2019-04-29,2019042901011743,NABILP,25,38,100,838.00,"83,800.00"
2019-04-29,2019042901011691,NABILP,16,35,500,840.00,"420,000.00"
2019-04-29,2019042901012045,NBB,51,34,500,234.00,"117,000.00"
2019-04-29,2019042901011982,NBB,50,37,219,230.00,"50,370.00"
2019-04-29,2019042901011954,NBB,51,37,200,230.00,"46,000.00"
2019-04-29,2019042901011793,NBB,34,37,100,230.00,"23,000.00"
2019-04-29,2019042901011774,NBB,50,37,183,230.00,"42,090.00"
2019-04-29,2019042901011771,NBB,50,43,17,230.00,"3,910.00"
2019-04-29,2019042901011632,NBB,57,39,35,234.00,"8,190.00"
2019-04-29,2019042901011716,NBB,50,43,500,230.00,"115,000.00"
2019-04-29,2019042901011669,NBB,43,43,"1,000",230.00,"230,000.00"
2019-04-29,2019042901011668,NBB,43,43,"1,000",231.00,"231,000.00"
2019-04-29,2019042901011667,NBB,57,43,200,231.00,"46,200.00"
2019-04-29,2019042901011666,NBB,21,43,200,232.00,"46,400.00"
2019-04-29,2019042901011653,NBB,57,43,83,234.00,"19,422.00"
2019-04-29,2019042901011928,NBBL,34,48,10,628.00,"6,280.00"
2019-04-29,2019042901011927,NBBL,17,48,10,630.00,"6,300.00"
2019-04-29,2019042901011926,NBBL,34,48,100,630.00,"63,000.00"
2019-04-29,2019042901011925,NBBL,16,48,80,631.00,"50,480.00"
2019-04-29,2019042901011924,NBBL,43,48,50,632.00,"31,600.00"
2019-04-29,2019042901012085,NBL,38,43,210,321.00,"67,410.00"
2019-04-29,2019042901012084,NBL,38,33,790,321.00,"253,590.00"
2019-04-29,2019042901011934,NBL,49,33,10,321.00,"3,210.00"
2019-04-29,2019042901011933,NBL,49,7,"1,000",321.00,"321,000.00"
2019-04-29,2019042901011932,NBL,49,43,490,321.00,"157,290.00"
2019-04-29,2019042901011821,NBL,49,34,540,320.00,"172,800.00"
2019-04-29,2019042901011657,NBL,49,44,680,321.00,"218,280.00"
2019-04-29,2019042901011610,NBL,49,46,500,321.00,"160,500.00"
2019-04-29,2019042901011702,NBL,17,44,100,321.00,"32,100.00"
2019-04-29,2019042901011663,NBL,32,44,20,321.00,"6,420.00"
2019-04-29,2019042901011661,NBL,49,44,"1,500",321.00,"481,500.00"
2019-04-29,2019042901011660,NBL,4,44,"1,760",321.00,"564,960.00"
2019-04-29,2019042901011659,NBL,41,44,150,321.00,"48,150.00"
2019-04-29,2019042901011658,NBL,1,44,300,321.00,"96,300.00"
2019-04-29,2019042901011820,NBL,28,34,500,320.00,"160,000.00"
2019-04-29,2019042901011819,NBL,45,34,60,320.00,"19,200.00"
2019-04-29,2019042901011818,NBL,4,34,500,320.00,"160,000.00"
2019-04-29,2019042901011817,NBL,7,34,"1,400",320.00,"448,000.00"
2019-04-29,2019042901011778,NBL,41,43,510,321.00,"163,710.00"
2019-04-29,2019042901011777,NBL,41,44,490,321.00,"157,290.00"
2019-04-29,2019042901011878,NCCB,38,46,405,238.00,"96,390.00"
2019-04-29,2019042901011877,NCCB,28,46,100,238.00,"23,800.00"
2019-04-29,2019042901011876,NCCB,32,46,"1,000",238.00,"238,000.00"
2019-04-29,2019042901011875,NCCB,50,46,100,238.00,"23,800.00"
2019-04-29,2019042901011874,NCCB,28,46,"1,000",238.00,"238,000.00"
2019-04-29,2019042901011873,NCCB,59,46,100,238.00,"23,800.00"
2019-04-29,2019042901011763,NCCB,39,46,20,240.00,"4,800.00"
2019-04-29,2019042901011872,NCCB,55,46,70,238.00,"16,660.00"
2019-04-29,2019042901011871,NCCB,55,46,225,238.00,"53,550.00"
2019-04-29,2019042901011779,NCCB,46,58,130,239.00,"31,070.00"
2019-04-29,2019042901011766,NCCB,46,46,870,239.00,"207,930.00"
2019-04-29,2019042901011765,NCCB,44,46,"2,000",239.00,"478,000.00"
2019-04-29,2019042901011764,NCCB,1,46,110,239.00,"26,290.00"
2019-04-29,2019042901011960,NCDB,40,4,200,137.00,"27,400.00"
2019-04-29,2019042901011959,NCDB,49,4,100,137.00,"13,700.00"
2019-04-29,2019042901011676,NCDB,49,4,400,137.00,"54,800.00"
2019-04-29,2019042901011675,NCDB,25,4,300,137.00,"41,100.00"
2019-04-29,2019042901012020,NHPC,56,51,"2,162",69.00,"149,178.00"
2019-04-29,2019042901011994,NHPC,47,51,600,70.00,"42,000.00"
2019-04-29,2019042901011993,NHPC,33,51,"3,000",70.00,"210,000.00"
2019-04-29,2019042901011992,NHPC,41,51,290,70.00,"20,300.00"
2019-04-29,2019042901011991,NHPC,33,51,"1,210",71.00,"85,910.00"
2019-04-29,2019042901011626,NHPC,33,42,300,71.00,"21,300.00"
2019-04-29,2019042901011973,NIB,26,43,129,575.00,"74,175.00"
2019-04-29,2019042901011972,NIB,48,43,100,575.00,"57,500.00"
2019-04-29,2019042901011971,NIB,33,43,200,575.00,"115,000.00"
2019-04-29,2019042901011970,NIB,28,43,100,575.00,"57,500.00"
2019-04-29,2019042901011969,NIB,11,43,106,575.00,"60,950.00"
2019-04-29,2019042901011968,NIB,33,43,200,575.00,"115,000.00"
2019-04-29,2019042901011617,NIB,42,43,100,577.00,"57,700.00"
2019-04-29,2019042901011616,NIB,51,43,463,577.00,"267,151.00"
2019-04-29,2019042901011615,NIB,34,43,72,578.00,"41,616.00"
2019-04-29,2019042901011614,NIB,52,43,114,579.00,"66,006.00"
2019-04-29,2019042901011623,NIB,38,43,500,576.00,"288,000.00"
2019-04-29,2019042901011622,NIB,38,43,500,576.00,"288,000.00"
2019-04-29,2019042901011621,NIB,22,43,70,576.00,"40,320.00"
2019-04-29,2019042901011620,NIB,14,43,500,577.00,"288,500.00"
2019-04-29,2019042901011619,NIB,50,43,100,577.00,"57,700.00"
2019-04-29,2019042901011618,NIB,45,43,200,577.00,"115,400.00"
2019-04-29,2019042901011967,NIB,21,43,100,575.00,"57,500.00"
2019-04-29,2019042901011966,NIB,28,43,500,575.00,"287,500.00"
2019-04-29,2019042901011965,NIB,51,43,500,575.00,"287,500.00"
2019-04-29,2019042901011964,NIB,17,43,50,575.00,"28,750.00"
2019-04-29,2019042901011963,NIB,41,43,15,575.00,"8,625.00"
2019-04-29,2019042901011773,NIB,33,43,250,576.00,"144,000.00"
2019-04-29,2019042901011858,NICA,50,51,100,498.00,"49,800.00"
2019-04-29,2019042901011751,NICA,59,50,490,498.00,"244,020.00"
2019-04-29,2019042901011717,NICA,55,35,300,497.00,"149,100.00"
2019-04-29,2019042901011601,NICA,55,38,35,497.00,"17,395.00"
2019-04-29,2019042901012034,NICL,34,42,90,415.00,"37,350.00"
2019-04-29,2019042901012000,NICL,33,42,200,416.00,"83,200.00"
2019-04-29,2019042901011999,NICL,51,42,100,417.00,"41,700.00"
2019-04-29,2019042901011998,NICL,28,42,200,417.00,"83,400.00"
2019-04-29,2019042901011997,NICL,36,42,300,418.00,"125,400.00"
2019-04-29,2019042901011996,NICL,45,42,110,418.00,"45,980.00"
2019-04-29,2019042901011713,NICL,29,42,"2,000",419.00,"838,000.00"
2019-04-29,2019042901011712,NICL,40,42,50,419.00,"20,950.00"
2019-04-29,2019042901012076,NIL,58,58,670,549.00,"367,830.00"
2019-04-29,2019042901012017,NIL,40,46,170,540.00,"91,800.00"
2019-04-29,2019042901012016,NIL,51,46,350,540.00,"189,000.00"
2019-04-29,2019042901012008,NIL,58,42,40,545.00,"21,800.00"
2019-04-29,2019042901011941,NIL,14,42,10,545.00,"5,450.00"
2019-04-29,2019042901011868,NLBBL,21,41,200,500.00,"100,000.00"
2019-04-29,2019042901011867,NLBBL,19,41,134,500.00,"67,000.00"
2019-04-29,2019042901011866,NLBBL,41,41,500,501.00,"250,500.00"
2019-04-29,2019042901011865,NLBBL,21,41,500,501.00,"250,500.00"
2019-04-29,2019042901011864,NLBBL,43,41,229,501.00,"114,729.00"
2019-04-29,2019042901011860,NLBBL,43,57,71,501.00,"35,571.00"
2019-04-29,2019042901011859,NLBBL,26,57,29,502.00,"14,558.00"
2019-04-29,2019042901011688,NLBBL,26,52,126,502.00,"63,252.00"
2019-04-29,2019042901011687,NLBBL,41,52,24,503.00,"12,072.00"
2019-04-29,2019042901011783,NLG,37,52,15,881.00,"13,215.00"
2019-04-29,2019042901011782,NLG,44,52,20,881.00,"17,620.00"
2019-04-29,2019042901012082,NLIC,58,39,17,"1,310.00","22,270.00"
2019-04-29,2019042901012048,NLIC,43,38,220,"1,310.00","288,200.00"
2019-04-29,2019042901012047,NLIC,21,38,150,"1,311.00","196,650.00"
2019-04-29,2019042901012046,NLIC,10,38,100,"1,312.00","131,200.00"
2019-04-29,2019042901012043,NLIC,41,49,100,"1,312.00","131,200.00"
2019-04-29,2019042901012035,NLIC,16,38,128,"1,315.00","168,320.00"
2019-04-29,2019042901011689,NLIC,58,49,165,"1,314.00","216,810.00"
2019-04-29,2019042901011681,NLIC,58,39,17,"1,314.00","22,338.00"
2019-04-29,2019042901011677,NLIC,58,35,100,"1,314.00","131,400.00"
2019-04-29,2019042901011641,NLIC,50,34,10,"1,316.00","13,160.00"
2019-04-29,2019042901011633,NLIC,53,34,83,"1,316.00","109,228.00"
2019-04-29,2019042901011734,NLIC,54,34,100,"1,315.00","131,500.00"
2019-04-29,2019042901011733,NLIC,38,39,17,"1,314.00","22,338.00"
2019-04-29,2019042901011724,NLIC,38,14,50,"1,314.00","65,700.00"
2019-04-29,2019042901011715,NLIC,43,34,50,"1,315.00","65,750.00"
2019-04-29,2019042901011708,NLIC,38,39,17,"1,314.00","22,338.00"
2019-04-29,2019042901011690,NLIC,38,49,235,"1,314.00","308,790.00"
2019-04-29,2019042901011834,NLIC,44,42,50,"1,312.00","65,600.00"
2019-04-29,2019042901011833,NLIC,38,42,40,"1,314.00","52,560.00"
2019-04-29,2019042901011816,NLIC,17,34,15,"1,315.00","19,725.00"
2019-04-29,2019042901011815,NLIC,42,34,100,"1,315.00","131,500.00"
2019-04-29,2019042901011807,NLIC,58,34,100,"1,315.00","131,500.00"
2019-04-29,2019042901011753,NLIC,38,36,141,"1,314.00","185,274.00"
2019-04-29,2019042901011840,NLIC,26,42,50,"1,310.00","65,500.00"
2019-04-29,2019042901011839,NLIC,38,42,500,"1,311.00","655,500.00"
2019-04-29,2019042901011838,NLIC,56,42,120,"1,311.00","157,320.00"
2019-04-29,2019042901011837,NLIC,57,42,100,"1,311.00","131,100.00"
2019-04-29,2019042901011836,NLIC,29,42,50,"1,311.00","65,550.00"
2019-04-29,2019042901011835,NLIC,38,42,99,"1,312.00","129,888.00"
2019-04-29,2019042901011846,NLIC,41,42,100,"1,310.00","131,000.00"
2019-04-29,2019042901011845,NLIC,57,42,200,"1,310.00","262,000.00"
2019-04-29,2019042901011844,NLIC,42,42,100,"1,310.00","131,000.00"
2019-04-29,2019042901011843,NLIC,7,42,100,"1,310.00","131,000.00"
2019-04-29,2019042901011842,NLIC,16,42,250,"1,310.00","327,500.00"
2019-04-29,2019042901011841,NLIC,39,42,179,"1,310.00","234,490.00"
2019-04-29,2019042901012002,NLIC,16,34,50,"1,315.00","65,750.00"
2019-04-29,2019042901011988,NLIC,16,34,72,"1,315.00","94,680.00"
2019-04-29,2019042901011919,NLIC,43,38,80,"1,310.00","104,800.00"
2019-04-29,2019042901011903,NLIC,39,8,40,"1,308.00","52,320.00"
2019-04-29,2019042901011885,NLIC,39,44,17,"1,308.00","22,236.00"
2019-04-29,2019042901011856,NLIC,39,34,100,"1,315.00","131,500.00"
2019-04-29,2019042901011739,NLICL,29,18,180,697.00,"125,460.00"
2019-04-29,2019042901011738,NLICL,42,18,20,697.00,"13,940.00"
2019-04-29,2019042901011737,NLICL,38,18,100,698.00,"69,800.00"
2019-04-29,2019042901011673,NLICL,6,16,400,699.00,"279,600.00"
2019-04-29,2019042901012083,NMB,46,16,301,387.00,"116,487.00"
2019-04-29,2019042901012060,NMB,46,28,265,387.00,"102,555.00"
2019-04-29,2019042901012059,NMB,56,28,735,387.00,"284,445.00"
2019-04-29,2019042901012027,NMB,33,50,100,388.00,"38,800.00"
2019-04-29,2019042901012015,NMB,56,41,65,387.00,"25,155.00"
2019-04-29,2019042901012014,NMB,54,41,300,387.00,"116,100.00"
2019-04-29,2019042901012013,NMB,6,41,135,387.00,"52,245.00"
2019-04-29,2019042901011952,NMB,6,46,165,387.00,"63,855.00"
2019-04-29,2019042901011929,NMB,41,50,100,388.00,"38,800.00"
2019-04-29,2019042901011813,NMBMF,56,49,20,"1,016.00","20,320.00"
2019-04-29,2019042901011812,NMBMF,40,49,100,"1,018.00","101,800.00"
2019-04-29,2019042901011811,NMBMF,57,49,40,"1,020.00","40,800.00"
2019-04-29,2019042901011953,NUBL,57,38,50,900.00,"45,000.00"
2019-04-29,2019042901011799,PCBL,49,25,500,356.00,"178,000.00"
2019-04-29,2019042901011795,PCBL,6,3,599,357.00,"213,843.00"
2019-04-29,2019042901011762,PCBL,32,3,100,357.00,"35,700.00"
2019-04-29,2019042901011761,PCBL,49,3,400,357.00,"142,800.00"
2019-04-29,2019042901011760,PCBL,49,3,508,357.00,"181,356.00"
2019-04-29,2019042901011759,PCBL,45,3,350,358.00,"125,300.00"
2019-04-29,2019042901011670,PCBL,6,53,"1,000",358.00,"358,000.00"
2019-04-29,2019042901011627,PCBL,6,43,250,359.00,"89,750.00"
2019-04-29,2019042901011596,PCBL,6,43,31,359.00,"11,129.00"
2019-04-29,2019042901011595,PCBL,6,10,969,359.00,"347,871.00"
2019-04-29,2019042901011905,PIC,19,34,50,"1,093.00","54,650.00"
2019-04-29,2019042901011857,PIC,51,33,100,"1,091.00","109,100.00"
2019-04-29,2019042901011788,PIC,51,33,97,"1,091.00","105,827.00"
2019-04-29,2019042901011787,PIC,52,33,50,"1,091.00","54,550.00"
2019-04-29,2019042901011786,PIC,19,33,200,"1,092.00","218,400.00"
2019-04-29,2019042901011785,PIC,29,33,10,"1,093.00","10,930.00"
2019-04-29,2019042901011683,PIC,59,26,190,"1,093.00","207,670.00"
2019-04-29,2019042901011598,PIC,59,16,10,"1,093.00","10,930.00"
2019-04-29,2019042901012057,PICL,49,53,150,749.00,"112,350.00"
2019-04-29,2019042901011901,PICL,49,16,50,749.00,"37,450.00"
2019-04-29,2019042901011900,PICL,49,16,50,750.00,"37,500.00"
2019-04-29,2019042901011591,PICL,49,49,255,762.00,"194,310.00"
2019-04-29,2019042901011590,PICL,49,33,400,761.00,"304,400.00"
2019-04-29,2019042901012033,PLIC,1,36,715,509.00,"363,935.00"
2019-04-29,2019042901012032,PLIC,38,36,"1,000",509.00,"509,000.00"
2019-04-29,2019042901012031,PLIC,48,36,335,509.00,"170,515.00"
2019-04-29,2019042901011898,PLIC,48,38,165,509.00,"83,985.00"
2019-04-29,2019042901011855,PLIC,41,52,37,510.00,"18,870.00"
2019-04-29,2019042901011792,PLIC,41,7,100,510.00,"51,000.00"
2019-04-29,2019042901011613,PLIC,13,10,42,512.00,"21,504.00"
2019-04-29,2019042901011612,PLIC,48,10,200,512.00,"102,400.00"
2019-04-29,2019042901011611,PLIC,14,10,50,513.00,"25,650.00"
2019-04-29,2019042901011647,PLIC,22,48,200,510.00,"102,000.00"
2019-04-29,2019042901011646,PLIC,48,48,500,510.00,"255,000.00"
2019-04-29,2019042901011645,PLIC,40,48,30,510.00,"15,300.00"
2019-04-29,2019042901011644,PLIC,22,48,500,511.00,"255,500.00"
2019-04-29,2019042901011643,PLIC,34,48,800,511.00,"408,800.00"
2019-04-29,2019042901011642,PLIC,50,48,100,511.00,"51,100.00"
2019-04-29,2019042901011719,PLIC,41,51,63,510.00,"32,130.00"
2019-04-29,2019042901011718,PLIC,22,51,92,510.00,"46,920.00"
2019-04-29,2019042901011665,PLIC,22,51,88,510.00,"44,880.00"
2019-04-29,2019042901011650,PLIC,22,48,320,510.00,"163,200.00"
2019-04-29,2019042901011649,PLIC,1,48,500,510.00,"255,000.00"
2019-04-29,2019042901011648,PLIC,49,48,50,510.00,"25,500.00"
2019-04-29,2019042901011707,PMHPL,59,19,10,108.00,"1,080.00"
2019-04-29,2019042901011678,PMHPL,59,45,10,108.00,"1,080.00"
2019-04-29,2019042901011704,PRIN,46,38,150,448.00,"67,200.00"
2019-04-29,2019042901011703,PRIN,59,38,25,448.00,"11,200.00"
2019-04-29,2019042901011672,PRIN,59,32,25,448.00,"11,200.00"
2019-04-29,2019042901011636,PRIN,45,41,50,450.00,"22,500.00"
2019-04-29,2019042901012007,PRVU,42,8,232,290.00,"67,280.00"
2019-04-29,2019042901011975,PRVU,42,42,268,290.00,"77,720.00"
2019-04-29,2019042901011943,PRVU,49,50,420,289.00,"121,380.00"
2019-04-29,2019042901011942,PRVU,33,50,80,289.00,"23,120.00"
2019-04-29,2019042901011931,PRVU,33,52,920,289.00,"265,880.00"
2019-04-29,2019042901011930,PRVU,36,52,50,289.00,"14,450.00"
2019-04-29,2019042901011908,PRVU,17,42,212,290.00,"61,480.00"
2019-04-29,2019042901011830,PRVU,58,43,200,292.00,"58,400.00"
2019-04-29,2019042901011829,PRVU,58,14,800,291.00,"232,800.00"
2019-04-29,2019042901011741,PRVU,17,14,288,290.00,"83,520.00"
2019-04-29,2019042901011740,PRVU,42,14,212,290.00,"61,480.00"
2019-04-29,2019042901011940,RBCLPO,58,35,10,"9,000.00","90,000.00"
2019-04-29,2019042901011944,RMDC,5,34,150,650.00,"97,500.00"
2019-04-29,2019042901011937,RMDC,5,38,30,650.00,"19,500.00"
2019-04-29,2019042901011735,RMDC,5,52,64,650.00,"41,600.00"
2019-04-29,2019042901011946,RSDC,52,35,90,419.00,"37,710.00"
2019-04-29,2019042901011828,SADBL,50,50,660,152.00,"100,320.00"
2019-04-29,2019042901011985,SAEF,47,50,"2,000",9.86,"19,720.00"
2019-04-29,2019042901012069,SANIMA,14,14,200,361.00,"72,200.00"
2019-04-29,2019042901012068,SANIMA,58,14,500,361.00,"180,500.00"
2019-04-29,2019042901012067,SANIMA,14,14,309,361.00,"111,549.00"
2019-04-29,2019042901011989,SANIMA,14,47,100,361.00,"36,100.00"
2019-04-29,2019042901011800,SANIMA,14,10,300,361.00,"108,300.00"
2019-04-29,2019042901011756,SANIMA,14,52,100,361.00,"36,100.00"
2019-04-29,2019042901011754,SANIMA,14,8,191,361.00,"68,951.00"
2019-04-29,2019042901011631,SANIMA,14,14,922,361.00,"332,842.00"
2019-04-29,2019042901011609,SANIMA,48,14,124,363.00,"45,012.00"
2019-04-29,2019042901011608,SANIMA,48,47,60,363.00,"21,780.00"
2019-04-29,2019042901011607,SANIMA,48,45,116,363.00,"42,108.00"
2019-04-29,2019042901012049,SBI,42,49,530,490.00,"259,700.00"
2019-04-29,2019042901012023,SBI,42,43,110,490.00,"53,900.00"
2019-04-29,2019042901012058,SBL,4,47,440,348.00,"153,120.00"
2019-04-29,2019042901011995,SBL,4,42,"1,500",348.00,"522,000.00"
2019-04-29,2019042901011920,SBL,4,44,"1,632",348.00,"567,936.00"
2019-04-29,2019042901011902,SBL,4,49,150,348.00,"52,200.00"
2019-04-29,2019042901011784,SBL,19,26,550,347.00,"190,850.00"
2019-04-29,2019042901011710,SBL,19,1,300,347.00,"104,100.00"
2019-04-29,2019042901012062,SCB,49,28,50,711.00,"35,550.00"
2019-04-29,2019042901011958,SCB,5,1,800,712.00,"569,600.00"
2019-04-29,2019042901011957,SCB,11,1,50,713.00,"35,650.00"
2019-04-29,2019042901011808,SCB,34,25,40,719.00,"28,760.00"
2019-04-29,2019042901011780,SDESI,59,11,20,670.00,"13,400.00"
2019-04-29,2019042901011749,SDESI,59,19,10,666.00,"6,660.00"
2019-04-29,2019042901011748,SDESI,59,6,50,665.00,"33,250.00"
2019-04-29,2019042901011747,SDESI,59,11,50,665.00,"33,250.00"
2019-04-29,2019042901011746,SDESI,59,44,250,664.00,"166,000.00"
2019-04-29,2019042901011745,SDESI,59,21,200,663.00,"132,600.00"
2019-04-29,2019042901011744,SDESI,59,1,392,662.00,"259,504.00"
2019-04-29,2019042901012022,SFFIL,19,59,197,223.00,"43,931.00"
2019-04-29,2019042901012021,SFFIL,19,59,33,223.00,"7,359.00"
2019-04-29,2019042901011915,SHINE,40,34,108,251.00,"27,108.00"
2019-04-29,2019042901011914,SHINE,17,34,"1,000",251.00,"251,000.00"
2019-04-29,2019042901011913,SHINE,42,34,202,251.00,"50,702.00"
2019-04-29,2019042901011912,SHINE,19,34,490,251.00,"122,990.00"
2019-04-29,2019042901011911,SHINE,8,34,500,252.00,"126,000.00"
2019-04-29,2019042901011910,SHINE,10,34,200,253.00,"50,600.00"
2019-04-29,2019042901011909,SHINE,17,34,500,253.00,"126,500.00"
2019-04-29,2019042901011725,SHINE,54,16,50,255.00,"12,750.00"
2019-04-29,2019042901011827,SHIVM,41,36,46,320.00,"14,720.00"
2019-04-29,2019042901011798,SHIVM,41,47,934,320.00,"298,880.00"
2019-04-29,2019042901011797,SHIVM,41,17,20,320.00,"6,400.00"
2019-04-29,2019042901011723,SHIVM,34,43,850,318.00,"270,300.00"
2019-04-29,2019042901011722,SHIVM,39,43,150,319.00,"47,850.00"
2019-04-29,2019042901011962,SHPC,40,45,500,253.00,"126,500.00"
2019-04-29,2019042901012044,SICL,34,51,20,930.00,"18,600.00"
2019-04-29,2019042901011721,SICL,38,32,199,930.00,"185,070.00"
2019-04-29,2019042901011720,SICL,58,32,59,930.00,"54,870.00"
2019-04-29,2019042901011671,SICL,58,6,161,930.00,"149,730.00"
2019-04-29,2019042901011629,SICL,58,35,280,930.00,"260,400.00"
2019-04-29,2019042901011628,SICL,45,35,10,930.00,"9,300.00"
2019-04-29,2019042901011847,SIL,44,22,75,640.00,"48,000.00"
2019-04-29,2019042901011656,SIL,44,51,330,640.00,"211,200.00"
2019-04-29,2019042901011637,SIL,44,38,406,640.00,"259,840.00"
2019-04-29,2019042901011602,SIL,14,22,50,641.00,"32,050.00"
2019-04-29,2019042901011805,SKBBL,33,14,50,"1,030.00","51,500.00"
2019-04-29,2019042901011640,SLICL,58,58,5,584.00,"2,920.00"
2019-04-29,2019042901011936,SRBL,44,32,43,259.00,"11,137.00"
2019-04-29,2019042901011726,SRBL,28,43,300,260.00,"78,000.00"
2019-04-29,2019042901011714,SRBL,44,37,400,259.00,"103,600.00"
2019-04-29,2019042901012018,SWBBL,37,22,100,947.00,"94,700.00"
2019-04-29,2019042901011883,SWBBL,44,22,50,947.00,"47,350.00"
2019-04-29,2019042901011655,SWBBL,48,47,20,941.00,"18,820.00"
2019-04-29,2019042901012081,UIC,41,34,50,984.00,"49,200.00"
2019-04-29,2019042901011904,UIC,40,41,200,985.00,"197,000.00"
2019-04-29,2019042901011894,UIC,28,41,200,985.00,"197,000.00"
2019-04-29,2019042901011893,UIC,49,41,"1,000",986.00,"986,000.00"
2019-04-29,2019042901011775,UIC,49,40,500,986.00,"493,000.00"
2019-04-29,2019042901011597,UIC,17,41,10,998.00,"9,980.00"
2019-04-29,2019042901012080,UPPER,28,36,260,236.00,"61,360.00"
2019-04-29,2019042901012079,UPPER,28,21,40,236.00,"9,440.00"
2019-04-29,2019042901012078,UPPER,43,21,800,236.00,"188,800.00"
2019-04-29,2019042901012077,UPPER,45,21,160,237.00,"37,920.00"
2019-04-29,2019042901011770,UPPER,45,48,200,237.00,"47,400.00"
2019-04-29,2019042901011769,UPPER,45,48,100,237.00,"23,700.00"
2019-04-29,2019042901011755,UPPER,45,22,40,238.00,"9,520.00"
2019-04-29,2019042901012006,UPPER,45,32,90,237.00,"21,330.00"
2019-04-29,2019042901011961,UPPER,45,34,"1,000",237.00,"237,000.00"
2019-04-29,2019042901011956,UPPER,45,32,50,237.00,"11,850.00"
2019-04-29,2019042901011814,UPPER,45,48,500,237.00,"118,500.00"
2019-04-29,2019042901011881,VLBS,33,57,24,622.00,"14,928.00"
2019-04-29,2019042901011880,VLBS,32,57,16,623.00,"9,968.00"
2019-04-29,2019042901011879,VLBS,22,57,10,630.00,"6,300.00"
2019-04-29,2019042901011505,ADBL,49,42,57,386.00,"22,002.00"
2019-04-29,2019042901011504,ADBL,49,42,100,386.00,"38,600.00"
2019-04-29,2019042901011503,ADBL,56,42,81,386.00,"31,266.00"
2019-04-29,2019042901011162,ADBL,43,49,269,390.00,"104,910.00"
2019-04-29,2019042901011116,ADBL,43,52,36,390.00,"14,040.00"
2019-04-29,2019042901011173,AKJCL,55,6,60,80.00,"4,800.00"
2019-04-29,2019042901011576,ALICL,29,51,179,459.00,"82,161.00"
2019-04-29,2019042901011547,ALICL,57,51,50,460.00,"23,000.00"
2019-04-29,2019042901011499,ALICL,57,52,100,460.00,"46,000.00"
2019-04-29,2019042901011406,ALICL,32,17,100,465.00,"46,500.00"
2019-04-29,2019042901011397,ALICL,57,34,50,460.00,"23,000.00"
2019-04-29,2019042901011396,ALICL,13,34,100,460.00,"46,000.00"
2019-04-29,2019042901011204,ALICL,29,36,221,459.00,"101,439.00"
2019-04-29,2019042901011203,ALICL,17,36,30,465.00,"13,950.00"
2019-04-29,2019042901011198,ALICL,17,42,70,465.00,"32,550.00"
2019-04-29,2019042901011149,ALICL,54,42,30,465.00,"13,950.00"
2019-04-29,2019042901011418,API,25,10,50,136.00,"6,800.00"
2019-04-29,2019042901011210,API,45,25,114,134.00,"15,276.00"
2019-04-29,2019042901011509,BOKL,25,52,70,289.00,"20,230.00"
2019-04-29,2019042901011358,BOKL,25,6,330,289.00,"95,370.00"
2019-04-29,2019042901011441,BPCL,39,55,100,384.00,"38,400.00"
2019-04-29,2019042901011437,BPCL,17,53,13,385.00,"5,005.00"
2019-04-29,2019042901011343,BPCL,39,45,100,384.00,"38,400.00"
2019-04-29,2019042901011566,CBBL,32,53,10,955.00,"9,550.00"
2019-04-29,2019042901011113,CBBL,26,6,218,950.00,"207,100.00"
2019-04-29,2019042901011206,CBBL,26,21,10,955.00,"9,550.00"
2019-04-29,2019042901011290,CBL,45,54,100,158.00,"15,800.00"
2019-04-29,2019042901011514,CCBL,56,38,300,176.00,"52,800.00"
2019-04-29,2019042901011402,CCBL,19,40,71,177.00,"12,567.00"
2019-04-29,2019042901011401,CCBL,50,40,192,177.00,"33,984.00"
2019-04-29,2019042901011340,CCBL,50,50,300,177.00,"53,100.00"
2019-04-29,2019042901011257,CCBL,56,33,809,178.00,"144,002.00"
2019-04-29,2019042901011220,CCBL,50,1,400,177.00,"70,800.00"
2019-04-29,2019042901011538,CFCL,47,47,1,112.00,112.00
2019-04-29,2019042901011586,CHCL,22,45,115,556.00,"63,940.00"
2019-04-29,2019042901011579,CHCL,22,37,85,556.00,"47,260.00"
2019-04-29,2019042901011578,CHCL,50,37,165,556.00,"91,740.00"
2019-04-29,2019042901011482,CHCL,4,48,311,558.00,"173,538.00"
2019-04-29,2019042901011475,CHCL,4,38,100,558.00,"55,800.00"
2019-04-29,2019042901011463,CHCL,4,50,100,558.00,"55,800.00"
2019-04-29,2019042901011450,CHCL,4,35,40,558.00,"22,320.00"
2019-04-29,2019042901011447,CHCL,4,50,100,558.00,"55,800.00"
2019-04-29,2019042901011439,CHCL,4,51,293,558.00,"163,494.00"
2019-04-29,2019042901011438,CHCL,6,51,207,558.00,"115,506.00"
2019-04-29,2019042901011336,CHCL,32,7,10,560.00,"5,600.00"
2019-04-29,2019042901011527,CHL,20,45,10,96.00,960.00
2019-04-29,2019042901011469,CIT,45,39,10,"2,519.00","25,190.00"
2019-04-29,2019042901011548,CLBSL,46,29,11,578.00,"6,358.00"
2019-04-29,2019042901011399,CZBIL,48,14,10,230.00,"2,300.00"
2019-04-29,2019042901011476,DBBL,39,48,900,138.00,"124,200.00"
2019-04-29,2019042901011103,DBBL,57,48,100,138.00,"13,800.00"
2019-04-29,2019042901011214,EDBL,43,58,50,320.00,"16,000.00"
2019-04-29,2019042901011526,EIC,21,34,13,499.00,"6,487.00"
2019-04-29,2019042901011525,EIC,41,34,20,499.00,"9,980.00"
2019-04-29,2019042901011341,EIC,42,34,50,506.00,"25,300.00"
2019-04-29,2019042901011465,FMDBL,19,35,50,442.00,"22,100.00"
2019-04-29,2019042901011325,FMDBL,55,17,200,441.00,"88,200.00"
2019-04-29,2019042901011166,FMDBL,28,34,200,440.00,"88,000.00"
2019-04-29,2019042901011136,FMDBL,28,48,500,440.00,"220,000.00"
2019-04-29,2019042901011135,FMDBL,19,48,500,441.00,"220,500.00"
2019-04-29,2019042901011229,GBBL,38,32,10,217.00,"2,170.00"
2019-04-29,2019042901011228,GBBL,38,57,10,217.00,"2,170.00"
2019-04-29,2019042901011489,GBIME,1,28,10,317.00,"3,170.00"
2019-04-29,2019042901011381,GBIME,14,49,103,314.00,"32,342.00"
2019-04-29,2019042901011380,GBIME,40,49,147,314.00,"46,158.00"
2019-04-29,2019042901011274,GBIME,40,28,153,314.00,"48,042.00"
2019-04-29,2019042901011273,GBIME,46,28,144,315.00,"45,360.00"
2019-04-29,2019042901011355,GBLBS,42,17,50,375.00,"18,750.00"
2019-04-29,2019042901011205,GBLBS,57,13,530,373.00,"197,690.00"
2019-04-29,2019042901011152,GDBL,40,58,400,213.00,"85,200.00"
2019-04-29,2019042901011262,GDBL,17,58,"1,000",212.00,"212,000.00"
2019-04-29,2019042901011261,GDBL,1,58,500,212.00,"106,000.00"
2019-04-29,2019042901011240,GDBL,38,34,20,213.00,"4,260.00"
2019-04-29,2019042901011374,GDBL,17,50,200,215.00,"43,000.00"
2019-04-29,2019042901011373,GDBL,17,52,200,215.00,"43,000.00"
2019-04-29,2019042901011372,GDBL,17,58,600,214.00,"128,400.00"
2019-04-29,2019042901011371,GDBL,17,34,270,213.00,"57,510.00"
2019-04-29,2019042901011569,GLICL,5,44,71,589.00,"41,819.00"
2019-04-29,2019042901011160,GLICL,5,42,29,589.00,"17,081.00"
2019-04-29,2019042901011159,GLICL,44,42,20,590.00,"11,800.00"
2019-04-29,2019042901011443,GUFL,41,14,22,112.00,"2,464.00"
2019-04-29,2019042901011464,HGI,50,58,100,420.00,"42,000.00"
2019-04-29,2019042901011457,HGI,36,25,500,420.00,"210,000.00"
2019-04-29,2019042901011391,HGI,36,16,200,420.00,"84,000.00"
2019-04-29,2019042901011390,HGI,10,16,300,420.00,"126,000.00"
2019-04-29,2019042901011382,HPPL,35,18,50,185.00,"9,250.00"
2019-04-29,2019042901011338,IGI,42,5,125,442.00,"55,250.00"
2019-04-29,2019042901011337,IGI,42,5,85,442.00,"37,570.00"
2019-04-29,2019042901011498,JBBL,39,35,17,146.00,"2,482.00"
2019-04-29,2019042901011322,JBBL,29,58,900,146.00,"131,400.00"
2019-04-29,2019042901011534,JBNL,48,56,350,201.00,"70,350.00"
2019-04-29,2019042901011515,JBNL,48,48,"1,150",201.00,"231,150.00"
2019-04-29,2019042901011491,JBNL,48,48,500,201.00,"100,500.00"
2019-04-29,2019042901011490,JBNL,19,48,500,201.00,"100,500.00"
2019-04-29,2019042901011223,JBNL,48,4,184,201.00,"36,984.00"
2019-04-29,2019042901011215,JBNL,19,4,600,201.00,"120,600.00"
2019-04-29,2019042901011168,JBNL,59,4,100,201.00,"20,100.00"
2019-04-29,2019042901011167,JBNL,33,4,100,201.00,"20,100.00"
2019-04-29,2019042901011194,KBL,45,43,100,231.00,"23,100.00"
2019-04-29,2019042901011193,KBL,34,43,"1,536",231.00,"354,816.00"
2019-04-29,2019042901011155,KPCL,59,42,10,91.00,910.00
2019-04-29,2019042901011269,KRBL,57,28,500,98.00,"49,000.00"
2019-04-29,2019042901011268,KRBL,1,28,864,98.00,"84,672.00"
2019-04-29,2019042901011267,KRBL,6,28,200,99.00,"19,800.00"
2019-04-29,2019042901011266,KRBL,57,28,237,99.00,"23,463.00"
2019-04-29,2019042901011271,KRBL,59,28,107,98.00,"10,486.00"
2019-04-29,2019042901011270,KRBL,42,28,300,98.00,"29,400.00"
2019-04-29,2019042901011573,KSBBL,32,48,298,153.00,"45,594.00"
2019-04-29,2019042901011572,KSBBL,32,1,101,153.00,"15,453.00"
2019-04-29,2019042901011571,KSBBL,32,1,101,153.00,"15,453.00"
2019-04-29,2019042901011235,LBBL,37,25,100,200.00,"20,000.00"
2019-04-29,2019042901011234,LBBL,37,1,16,200.00,"3,200.00"
2019-04-29,2019042901011497,LBL,45,56,100,232.00,"23,200.00"
2019-04-29,2019042901011126,LBL,43,4,100,232.00,"23,200.00"
2019-04-29,2019042901011125,LBL,43,34,900,232.00,"208,800.00"
2019-04-29,2019042901011124,LBL,43,14,200,231.00,"46,200.00"
2019-04-29,2019042901011097,LBL,45,14,300,231.00,"69,300.00"
2019-04-29,2019042901011096,LBL,45,34,700,231.00,"161,700.00"
2019-04-29,2019042901011564,LGIL,7,16,467,540.00,"252,180.00"
2019-04-29,2019042901011563,LGIL,1,16,100,540.00,"54,000.00"
2019-04-29,2019042901011562,LGIL,40,16,200,541.00,"108,200.00"
2019-04-29,2019042901011561,LGIL,37,16,233,542.00,"126,286.00"
2019-04-29,2019042901011481,LGIL,37,16,50,542.00,"27,100.00"
2019-04-29,2019042901011419,LGIL,37,6,17,542.00,"9,214.00"
2019-04-29,2019042901011404,LGIL,10,18,200,543.00,"108,600.00"
2019-04-29,2019042901011254,LGIL,26,36,200,545.00,"109,000.00"
2019-04-29,2019042901011440,LICN,53,44,30,"1,887.00","56,610.00"
2019-04-29,2019042901011388,MBL,26,26,100,265.00,"26,500.00"
2019-04-29,2019042901011127,MBL,25,14,50,267.00,"13,350.00"
2019-04-29,2019042901011532,MDB,17,25,38,274.00,"10,412.00"
2019-04-29,2019042901011276,MDB,51,56,119,273.00,"32,487.00"
2019-04-29,2019042901011575,MEGA,48,40,472,188.00,"88,736.00"
2019-04-29,2019042901011574,MEGA,38,40,28,188.00,"5,264.00"
2019-04-29,2019042901011524,MEGA,45,32,404,189.00,"76,356.00"
2019-04-29,2019042901011368,MEGA,28,35,300,190.00,"57,000.00"
2019-04-29,2019042901011115,MEGA,10,35,713,190.00,"135,470.00"
2019-04-29,2019042901011377,MLBL,33,32,100,192.00,"19,200.00"
2019-04-29,2019042901011445,MNBBL,21,45,24,395.00,"9,480.00"
2019-04-29,2019042901011283,MNBBL,1,51,25,395.00,"9,875.00"
2019-04-29,2019042901011256,MNBBL,1,51,975,395.00,"385,125.00"
2019-04-29,2019042901011255,MNBBL,47,51,25,395.00,"9,875.00"
2019-04-29,2019042901011252,MNBBL,47,51,"1,000",395.00,"395,000.00"
2019-04-29,2019042901011226,MNBBL,47,51,975,395.00,"385,125.00"
2019-04-29,2019042901011225,MNBBL,6,51,25,396.00,"9,900.00"
2019-04-29,2019042901011376,NABIL,49,57,100,869.00,"86,900.00"
2019-04-29,2019042901011158,NABIL,5,6,208,871.00,"181,168.00"
2019-04-29,2019042901011122,NABIL,29,6,30,871.00,"26,130.00"
2019-04-29,2019042901011121,NABIL,45,6,65,871.00,"56,615.00"
2019-04-29,2019042901011120,NABIL,32,6,150,871.00,"130,650.00"
2019-04-29,2019042901011119,NABIL,41,6,47,873.00,"41,031.00"
2019-04-29,2019042901011095,NABIL,41,21,18,873.00,"15,714.00"
2019-04-29,2019042901011446,NABILP,14,21,10,843.00,"8,430.00"
2019-04-29,2019042901011237,NABILP,26,35,500,845.00,"422,500.00"
2019-04-29,2019042901011442,NADEP,22,6,50,530.00,"26,500.00"
2019-04-29,2019042901011403,NBB,54,6,200,237.00,"47,400.00"
2019-04-29,2019042901011554,NBL,49,8,320,321.00,"102,720.00"
2019-04-29,2019042901011553,NBL,49,8,"1,500",321.00,"481,500.00"
2019-04-29,2019042901011552,NBL,16,8,500,321.00,"160,500.00"
2019-04-29,2019042901011551,NBL,19,8,200,321.00,"64,200.00"
2019-04-29,2019042901011550,NBL,28,8,180,321.00,"57,780.00"
2019-04-29,2019042901011528,NBL,28,13,320,321.00,"102,720.00"
2019-04-29,2019042901011263,NBL,49,43,350,322.00,"112,700.00"
2019-04-29,2019042901011165,NBL,49,43,"1,000",322.00,"322,000.00"
2019-04-29,2019042901011156,NBL,36,34,30,323.00,"9,690.00"
2019-04-29,2019042901011148,NBL,49,21,50,322.00,"16,100.00"
2019-04-29,2019042901011147,NBL,49,14,100,322.00,"32,200.00"
2019-04-29,2019042901011146,NBL,49,14,500,322.00,"161,000.00"
2019-04-29,2019042901011331,NBL,5,25,100,322.00,"32,200.00"
2019-04-29,2019042901011330,NBL,28,25,500,322.00,"161,000.00"
2019-04-29,2019042901011329,NBL,1,25,500,322.00,"161,000.00"
2019-04-29,2019042901011328,NBL,1,25,50,322.00,"16,100.00"
2019-04-29,2019042901011265,NBL,1,43,450,322.00,"144,900.00"
2019-04-29,2019042901011264,NBL,20,43,200,322.00,"64,400.00"
2019-04-29,2019042901011408,NBL,42,32,200,322.00,"64,400.00"
2019-04-29,2019042901011407,NBL,42,51,100,322.00,"32,200.00"
2019-04-29,2019042901011379,NBL,49,21,"1,000",322.00,"322,000.00"
2019-04-29,2019042901011378,NBL,49,14,"1,000",322.00,"322,000.00"
2019-04-29,2019042901011370,NBL,28,44,500,321.00,"160,500.00"
2019-04-29,2019042901011369,NBL,45,44,"1,500",321.00,"481,500.00"
2019-04-29,2019042901011485,NBL,16,47,"3,900",322.00,"1,255,800.00"
2019-04-29,2019042901011484,NBL,16,40,500,322.00,"161,000.00"
2019-04-29,2019042901011483,NBL,16,17,700,322.00,"225,400.00"
2019-04-29,2019042901011432,NBL,14,17,300,322.00,"96,600.00"
2019-04-29,2019042901011417,NBL,14,29,"1,000",322.00,"322,000.00"
2019-04-29,2019042901011416,NBL,14,32,800,322.00,"257,600.00"
2019-04-29,2019042901011560,NCCB,32,28,"1,000",240.00,"240,000.00"
2019-04-29,2019042901011559,NCCB,53,28,200,240.00,"48,000.00"
2019-04-29,2019042901011558,NCCB,52,28,686,240.00,"164,640.00"
2019-04-29,2019042901011557,NCCB,39,28,20,241.00,"4,820.00"
2019-04-29,2019042901011556,NCCB,39,28,20,241.00,"4,820.00"
2019-04-29,2019042901011555,NCCB,39,28,20,241.00,"4,820.00"
2019-04-29,2019042901011354,NCCB,46,39,"1,500",241.00,"361,500.00"
2019-04-29,2019042901011353,NCCB,46,58,"1,164",241.00,"280,524.00"
2019-04-29,2019042901011351,NCCB,52,14,314,240.00,"75,360.00"
2019-04-29,2019042901011350,NCCB,58,14,186,240.00,"44,640.00"
2019-04-29,2019042901011236,NCCB,44,58,"1,000",241.00,"241,000.00"
2019-04-29,2019042901011221,NCCB,58,34,100,240.00,"24,000.00"
2019-04-29,2019042901011531,NIB,54,53,100,580.00,"58,000.00"
2019-04-29,2019042901011456,NIB,52,53,286,579.00,"165,594.00"
2019-04-29,2019042901011421,NIB,8,53,64,579.00,"37,056.00"
2019-04-29,2019042901011348,NIB,34,28,28,578.00,"16,184.00"
2019-04-29,2019042901011347,NIB,52,28,155,578.00,"89,590.00"
2019-04-29,2019042901011346,NIB,59,53,500,579.00,"289,500.00"
2019-04-29,2019042901011285,NIB,41,53,100,579.00,"57,900.00"
2019-04-29,2019042901011284,NIB,50,53,50,579.00,"28,950.00"
2019-04-29,2019042901011150,NIB,50,11,50,579.00,"28,950.00"
2019-04-29,2019042901011134,NIB,14,11,130,579.00,"75,270.00"
2019-04-29,2019042901011118,NIB,19,50,500,579.00,"289,500.00"
2019-04-29,2019042901011137,NIBSF1,55,8,"3,000",9.80,"29,400.00"
2019-04-29,2019042901011577,NICA,59,50,10,498.00,"4,980.00"
2019-04-29,2019042901011539,NICA,53,49,300,498.00,"149,400.00"
2019-04-29,2019042901011436,NICA,39,49,200,498.00,"99,600.00"
2019-04-29,2019042901011386,NICA,19,22,100,499.00,"49,900.00"
2019-04-29,2019042901011212,NICA,59,42,50,498.00,"24,900.00"
2019-04-29,2019042901011211,NICA,10,42,50,498.00,"24,900.00"
2019-04-29,2019042901011176,NICA,39,47,50,499.00,"24,950.00"
2019-04-29,2019042901011154,NICA,38,47,100,499.00,"49,900.00"
2019-04-29,2019042901011153,NICA,38,56,200,499.00,"99,800.00"
2019-04-29,2019042901011289,NICL,45,16,40,418.00,"16,720.00"
2019-04-29,2019042901011288,NICL,35,16,170,418.00,"71,060.00"
2019-04-29,2019042901011287,NICL,56,16,230,419.00,"96,370.00"
2019-04-29,2019042901011260,NICL,56,25,270,419.00,"113,130.00"
2019-04-29,2019042901011259,NICL,16,25,200,419.00,"83,800.00"
2019-04-29,2019042901011242,NICL,40,25,50,426.00,"21,300.00"
2019-04-29,2019042901011241,NICL,35,25,100,426.00,"42,600.00"
2019-04-29,2019042901011239,NICL,35,44,100,426.00,"42,600.00"
2019-04-29,2019042901011238,NICL,33,44,200,427.00,"85,400.00"
2019-04-29,2019042901011138,NICL,36,44,700,428.00,"299,600.00"
2019-04-29,2019042901011258,NICL,6,25,460,419.00,"192,740.00"
2019-04-29,2019042901011247,NICL,48,25,500,420.00,"210,000.00"
2019-04-29,2019042901011246,NICL,35,25,100,421.00,"42,100.00"
2019-04-29,2019042901011245,NICL,41,25,100,421.00,"42,100.00"
2019-04-29,2019042901011244,NICL,56,25,100,422.00,"42,200.00"
2019-04-29,2019042901011243,NICL,41,25,120,422.00,"50,640.00"
2019-04-29,2019042901011567,NIL,43,22,50,539.00,"26,950.00"
2019-04-29,2019042901011536,NIL,18,7,100,541.00,"54,100.00"
2019-04-29,2019042901011470,NIL,41,16,13,540.00,"7,020.00"
2019-04-29,2019042901011427,NIL,41,16,200,540.00,"108,000.00"
2019-04-29,2019042901011426,NIL,55,16,42,540.00,"22,680.00"
2019-04-29,2019042901011425,NIL,45,16,"1,000",540.00,"540,000.00"
2019-04-29,2019042901011424,NIL,7,16,500,541.00,"270,500.00"
2019-04-29,2019042901011423,NIL,40,16,45,542.00,"24,390.00"
2019-04-29,2019042901011278,NIL,40,36,100,542.00,"54,200.00"
2019-04-29,2019042901011277,NIL,45,36,100,543.00,"54,300.00"
2019-04-29,2019042901011333,NLBBL,41,28,76,503.00,"38,228.00"
2019-04-29,2019042901011332,NLBBL,13,28,174,504.00,"87,696.00"
2019-04-29,2019042901011219,NLBBL,48,58,500,509.00,"254,500.00"
2019-04-29,2019042901011565,NLIC,42,34,83,"1,316.00","109,228.00"
2019-04-29,2019042901011549,NLIC,53,45,17,"1,315.00","22,355.00"
2019-04-29,2019042901011537,NLIC,56,34,115,"1,316.00","151,340.00"
2019-04-29,2019042901011530,NLIC,56,38,85,"1,316.00","111,860.00"
2019-04-29,2019042901011529,NLIC,56,38,65,"1,316.00","85,540.00"
2019-04-29,2019042901011511,NLIC,58,42,100,"1,318.00","131,800.00"
2019-04-29,2019042901011098,NLIC,42,34,20,"1,322.00","26,440.00"
2019-04-29,2019042901011093,NLIC,11,1,189,"1,324.00","250,236.00"
2019-04-29,2019042901011092,NLIC,11,43,94,"1,324.00","124,456.00"
2019-04-29,2019042901011175,NLIC,53,55,200,"1,322.00","264,400.00"
2019-04-29,2019042901011174,NLIC,53,55,100,"1,322.00","132,200.00"
2019-04-29,2019042901011161,NLIC,42,48,16,"1,322.00","21,152.00"
2019-04-29,2019042901011145,NLIC,53,56,139,"1,324.00","184,036.00"
2019-04-29,2019042901011144,NLIC,53,1,61,"1,324.00","80,764.00"
2019-04-29,2019042901011123,NLIC,42,5,60,"1,322.00","79,320.00"
2019-04-29,2019042901011209,NLIC,45,41,17,"1,321.00","22,457.00"
2019-04-29,2019042901011208,NLIC,21,10,3,"1,322.00","3,966.00"
2019-04-29,2019042901011200,NLIC,45,48,16,"1,321.00","21,136.00"
2019-04-29,2019042901011199,NLIC,21,10,3,"1,322.00","3,966.00"
2019-04-29,2019042901011192,NLIC,45,42,57,"1,321.00","75,297.00"
2019-04-29,2019042901011183,NLIC,28,41,17,"1,320.00","22,440.00"
2019-04-29,2019042901011232,NLIC,48,56,57,"1,324.00","75,468.00"
2019-04-29,2019042901011231,NLIC,48,33,69,"1,323.00","91,287.00"
2019-04-29,2019042901011230,NLIC,48,55,74,"1,322.00","97,828.00"
2019-04-29,2019042901011224,NLIC,57,55,26,"1,322.00","34,372.00"
2019-04-29,2019042901011222,NLIC,38,55,100,"1,322.00","132,200.00"
2019-04-29,2019042901011213,NLIC,21,10,3,"1,322.00","3,966.00"
2019-04-29,2019042901011366,NLIC,17,18,19,"1,320.00","25,080.00"
2019-04-29,2019042901011365,NLIC,28,18,22,"1,320.00","29,040.00"
2019-04-29,2019042901011364,NLIC,32,18,10,"1,321.00","13,210.00"
2019-04-29,2019042901011363,NLIC,45,18,10,"1,321.00","13,210.00"
2019-04-29,2019042901011362,NLIC,18,18,10,"1,323.00","13,230.00"
2019-04-29,2019042901011324,NLIC,42,36,50,"1,324.00","66,200.00"
2019-04-29,2019042901011429,NLIC,50,25,50,"1,323.00","66,150.00"
2019-04-29,2019042901011428,NLIC,17,45,17,"1,320.00","22,440.00"
2019-04-29,2019042901011410,NLIC,39,42,150,"1,323.00","198,450.00"
2019-04-29,2019042901011409,NLIC,39,33,200,"1,323.00","264,600.00"
2019-04-29,2019042901011405,NLIC,43,33,200,"1,321.00","264,200.00"
2019-04-29,2019042901011367,NLIC,17,41,17,"1,320.00","22,440.00"
2019-04-29,2019042901011488,NLIC,50,10,500,"1,318.00","659,000.00"
2019-04-29,2019042901011487,NLIC,57,10,20,"1,320.00","26,400.00"
2019-04-29,2019042901011486,NLIC,17,10,47,"1,320.00","62,040.00"
2019-04-29,2019042901011472,NLIC,17,38,150,"1,320.00","198,000.00"
2019-04-29,2019042901011471,NLIC,58,38,50,"1,321.00","66,050.00"
2019-04-29,2019042901011444,NLIC,56,25,150,"1,323.00","198,450.00"
2019-04-29,2019042901011510,NLIC,58,10,433,"1,318.00","570,694.00"
2019-04-29,2019042901011508,NLIC,56,38,35,"1,316.00","46,060.00"
2019-04-29,2019042901011507,NLIC,28,38,100,"1,316.00","131,600.00"
2019-04-29,2019042901011506,NLIC,58,38,165,"1,317.00","217,305.00"
2019-04-29,2019042901011501,NLIC,58,46,35,"1,317.00","46,095.00"
2019-04-29,2019042901011496,NLIC,7,10,500,"1,318.00","659,000.00"
2019-04-29,2019042901011588,NLICL,6,22,500,699.00,"349,500.00"
2019-04-29,2019042901011546,NLICL,6,11,100,699.00,"69,900.00"
2019-04-29,2019042901011467,NLICL,38,28,400,698.00,"279,200.00"
2019-04-29,2019042901011466,NLICL,17,28,100,699.00,"69,900.00"
2019-04-29,2019042901011392,NLICL,40,5,50,699.00,"34,950.00"
2019-04-29,2019042901011321,NLICL,26,16,70,705.00,"49,350.00"
2019-04-29,2019042901011279,NLICL,45,35,100,706.00,"70,600.00"
2019-04-29,2019042901011090,NLICL,32,42,100,710.00,"71,000.00"
2019-04-29,2019042901011535,NMB,39,50,10,388.00,"3,880.00"
2019-04-29,2019042901011435,NMB,49,50,500,388.00,"194,000.00"
2019-04-29,2019042901011434,NMB,40,50,200,388.00,"77,600.00"
2019-04-29,2019042901011433,NMB,39,50,167,388.00,"64,796.00"
2019-04-29,2019042901011189,NMB,14,55,480,390.00,"187,200.00"
2019-04-29,2019042901011188,NMB,14,49,110,390.00,"42,900.00"
2019-04-29,2019042901011187,NMB,14,50,"1,200",390.00,"468,000.00"
2019-04-29,2019042901011186,NMB,14,57,19,390.00,"7,410.00"
2019-04-29,2019042901011185,NMB,14,13,"1,013",389.00,"394,057.00"
2019-04-29,2019042901011184,NMB,14,22,80,389.00,"31,120.00"
2019-04-29,2019042901011177,NMB,32,22,20,389.00,"7,780.00"
2019-04-29,2019042901011543,NTC,42,47,10,707.00,"7,070.00"
2019-04-29,2019042901011542,NTC,42,49,10,706.00,"7,060.00"
2019-04-29,2019042901011541,NTC,42,35,70,706.00,"49,420.00"
2019-04-29,2019042901011540,NTC,42,4,90,705.00,"63,450.00"
2019-04-29,2019042901011459,NTC,59,4,10,705.00,"7,050.00"
2019-04-29,2019042901011415,NTC,45,55,40,700.00,"28,000.00"
2019-04-29,2019042901011218,NTC,55,34,80,705.00,"56,400.00"
2019-04-29,2019042901011217,NTC,55,34,100,705.00,"70,500.00"
2019-04-29,2019042901011216,NTC,55,25,20,705.00,"14,100.00"
2019-04-29,2019042901011100,NTC,36,25,50,705.00,"35,250.00"
2019-04-29,2019042901011352,NUBL,32,43,10,905.00,"9,050.00"
2019-04-29,2019042901011171,OHL,34,45,27,515.00,"13,905.00"
2019-04-29,2019042901011170,OHL,34,55,15,514.00,"7,710.00"
2019-04-29,2019042901011169,OHL,34,6,40,514.00,"20,560.00"
2019-04-29,2019042901011164,OHL,50,58,73,510.00,"37,230.00"
2019-04-29,2019042901011172,OHL,34,38,818,518.00,"423,724.00"
2019-04-29,2019042901011275,OHL,32,17,15,519.00,"7,785.00"
2019-04-29,2019042901011227,OHL,57,38,10,518.00,"5,180.00"
2019-04-29,2019042901011394,OHL,7,53,100,520.00,"52,000.00"
2019-04-29,2019042901011385,PCBL,39,10,10,359.00,"3,590.00"
2019-04-29,2019042901011157,PCBL,49,43,680,357.00,"242,760.00"
2019-04-29,2019042901011570,PIC,6,16,45,"1,095.00","49,275.00"
2019-04-29,2019042901011458,PIC,6,33,50,"1,100.00","55,000.00"
2019-04-29,2019042901011589,PICL,49,6,11,760.00,"8,360.00"
2019-04-29,2019042901011512,PLIC,14,57,50,514.00,"25,700.00"
2019-04-29,2019042901011349,PLIC,38,35,51,515.00,"26,265.00"
2019-04-29,2019042901011334,PLIC,38,35,49,513.00,"25,137.00"
2019-04-29,2019042901011250,PLIC,25,35,300,513.00,"153,900.00"
2019-04-29,2019042901011249,PLIC,53,35,51,513.00,"26,163.00"
2019-04-29,2019042901011248,PLIC,34,35,100,515.00,"51,500.00"
2019-04-29,2019042901011202,PLIC,53,42,50,513.00,"25,650.00"
2019-04-29,2019042901011117,PLIC,14,53,20,516.00,"10,320.00"
2019-04-29,2019042901011091,PLIC,14,53,30,516.00,"15,480.00"
2019-04-29,2019042901011477,PMHPL,59,14,10,108.00,"1,080.00"
2019-04-29,2019042901011387,PRIN,45,50,50,450.00,"22,500.00"
2019-04-29,2019042901011191,PRIN,35,47,196,450.00,"88,200.00"
2019-04-29,2019042901011190,PRIN,16,47,14,450.00,"6,300.00"
2019-04-29,2019042901011523,PRVU,42,43,288,290.00,"83,520.00"
2019-04-29,2019042901011522,PRVU,45,43,50,290.00,"14,500.00"
2019-04-29,2019042901011521,PRVU,40,43,500,290.00,"145,000.00"
2019-04-29,2019042901011520,PRVU,35,43,"1,000",290.00,"290,000.00"
2019-04-29,2019042901011519,PRVU,28,43,"1,500",290.00,"435,000.00"
2019-04-29,2019042901011518,PRVU,25,43,500,290.00,"145,000.00"
2019-04-29,2019042901011139,PRVU,26,56,500,293.00,"146,500.00"
2019-04-29,2019042901011182,PRVU,19,43,850,292.00,"248,200.00"
2019-04-29,2019042901011181,PRVU,43,43,200,292.00,"58,400.00"
2019-04-29,2019042901011180,PRVU,45,43,100,292.00,"29,200.00"
2019-04-29,2019042901011179,PRVU,48,43,300,292.00,"87,600.00"
2019-04-29,2019042901011178,PRVU,11,43,50,292.00,"14,600.00"
2019-04-29,2019042901011207,PRVU,14,56,10,293.00,"2,930.00"
2019-04-29,2019042901011395,PRVU,19,43,150,292.00,"43,800.00"
2019-04-29,2019042901011517,PRVU,5,43,112,290.00,"32,480.00"
2019-04-29,2019042901011516,PRVU,49,43,50,291.00,"14,550.00"
2019-04-29,2019042901011513,PRVU,49,49,150,291.00,"43,650.00"
2019-04-29,2019042901011431,PRVU,49,45,300,291.00,"87,300.00"
2019-04-29,2019042901011430,PRVU,40,45,200,291.00,"58,200.00"
2019-04-29,2019042901011398,PRVU,43,43,500,292.00,"146,000.00"
2019-04-29,2019042901011414,RMDC,45,38,20,657.00,"13,140.00"
2019-04-29,2019042901011375,RMDC,26,59,64,661.00,"42,304.00"
2019-04-29,2019042901011356,RMDC,26,48,21,661.00,"13,881.00"
2019-04-29,2019042901011323,RMDC,26,1,15,661.00,"9,915.00"
2019-04-29,2019042901011102,RMDC,45,42,30,657.00,"19,710.00"
2019-04-29,2019042901011101,RMDC,45,21,50,657.00,"32,850.00"
2019-04-29,2019042901011474,RSDC,52,25,100,419.00,"41,900.00"
2019-04-29,2019042901011449,SADBL,17,50,500,153.00,"76,500.00"
2019-04-29,2019042901011448,SADBL,48,50,180,153.00,"27,540.00"
2019-04-29,2019042901011327,SADBL,48,40,220,153.00,"33,660.00"
2019-04-29,2019042901011326,SADBL,6,40,100,153.00,"15,300.00"
2019-04-29,2019042901011094,SADBL,17,50,500,155.00,"77,500.00"
2019-04-29,2019042901011473,SANIMA,14,45,78,361.00,"28,158.00"
2019-04-29,2019042901011585,SBI,50,43,100,490.00,"49,000.00"
2019-04-29,2019042901011584,SBI,13,43,50,490.00,"24,500.00"
2019-04-29,2019042901011583,SBI,56,43,100,490.00,"49,000.00"
2019-04-29,2019042901011582,SBI,1,43,140,490.00,"68,600.00"
2019-04-29,2019042901011581,SBI,17,43,300,491.00,"147,300.00"
2019-04-29,2019042901011580,SBI,5,43,200,492.00,"98,400.00"
2019-04-29,2019042901011383,SBI,41,34,100,499.00,"49,900.00"
2019-04-29,2019042901011400,SBL,19,57,300,348.00,"104,400.00"
2019-04-29,2019042901011455,SCB,49,38,150,711.00,"106,650.00"
2019-04-29,2019042901011454,SCB,35,38,20,712.00,"14,240.00"
2019-04-29,2019042901011453,SCB,41,38,90,713.00,"64,170.00"
2019-04-29,2019042901011452,SCB,17,38,50,713.00,"35,650.00"
2019-04-29,2019042901011451,SCB,7,38,10,713.00,"7,130.00"
2019-04-29,2019042901011114,SCB,49,38,20,711.00,"14,220.00"
2019-04-29,2019042901011253,SFFIL,19,49,400,223.00,"89,200.00"
2019-04-29,2019042901011533,SHIVM,39,42,50,319.00,"15,950.00"
2019-04-29,2019042901011502,SHIVM,55,17,30,320.00,"9,600.00"
2019-04-29,2019042901011344,SHIVM,55,17,50,320.00,"16,000.00"
2019-04-29,2019042901011462,SHPC,17,6,500,255.00,"127,500.00"
2019-04-29,2019042901011461,SHPC,28,6,100,255.00,"25,500.00"
2019-04-29,2019042901011460,SHPC,47,6,60,256.00,"15,360.00"
2019-04-29,2019042901011422,SHPC,47,28,90,256.00,"23,040.00"
2019-04-29,2019042901011393,SHPC,19,6,200,257.00,"51,400.00"
2019-04-29,2019042901011384,SHPC,11,57,283,258.00,"73,014.00"
2019-04-29,2019042901011280,SHPC,11,1,40,258.00,"10,320.00"
2019-04-29,2019042901011106,SHPC,10,53,100,261.00,"26,100.00"
2019-04-29,2019042901011105,SHPC,10,37,40,261.00,"10,440.00"
2019-04-29,2019042901011104,SHPC,10,37,90,261.00,"23,490.00"
2019-04-29,2019042901011339,SICL,45,49,20,935.00,"18,700.00"
2019-04-29,2019042901011272,SICL,33,35,100,938.00,"93,800.00"
2019-04-29,2019042901011495,SIL,17,51,100,645.00,"64,500.00"
2019-04-29,2019042901011413,SIL,54,51,300,645.00,"193,500.00"
2019-04-29,2019042901011412,SIL,41,51,120,645.00,"77,400.00"
2019-04-29,2019042901011411,SIL,37,51,100,646.00,"64,600.00"
2019-04-29,2019042901011282,SIL,45,51,50,650.00,"32,500.00"
2019-04-29,2019042901011281,SIL,45,44,50,650.00,"32,500.00"
2019-04-29,2019042901011286,SKBBL,14,38,200,"1,043.00","208,600.00"
2019-04-29,2019042901011112,SKBBL,17,43,25,"1,040.00","26,000.00"
2019-04-29,2019042901011111,SKBBL,17,45,100,"1,040.00","104,000.00"
2019-04-29,2019042901011110,SKBBL,17,42,931,"1,040.00","968,240.00"
2019-04-29,2019042901011109,SKBBL,17,33,500,"1,039.00","519,500.00"
2019-04-29,2019042901011108,SKBBL,17,54,72,"1,038.00","74,736.00"
2019-04-29,2019042901011107,SKBBL,17,22,40,"1,035.00","41,400.00"
2019-04-29,2019042901011233,SLBBL,26,28,260,524.00,"136,240.00"
2019-04-29,2019042901011142,SLBS,14,47,18,"1,023.00","18,414.00"
2019-04-29,2019042901011141,SLBS,14,17,20,"1,020.00","20,400.00"
2019-04-29,2019042901011335,SLBSL,57,5,10,640.00,"6,400.00"
2019-04-29,2019042901011143,SLBSL,57,38,10,640.00,"6,400.00"
2019-04-29,2019042901011468,SLICL,6,6,18,583.00,"10,494.00"
2019-04-29,2019042901011420,SLICL,50,5,100,585.00,"58,500.00"
2019-04-29,2019042901011361,SLICL,26,16,500,590.00,"295,000.00"
2019-04-29,2019042901011360,SLICL,10,16,100,591.00,"59,100.00"
2019-04-29,2019042901011359,SLICL,37,16,300,592.00,"177,600.00"
2019-04-29,2019042901011342,SLICL,48,58,100,592.00,"59,200.00"
2019-04-29,2019042901011163,SMB,1,38,10,520.00,"5,200.00"
2019-04-29,2019042901011251,SMFDB,55,44,790,660.00,"521,400.00"
2019-04-29,2019042901011201,SMFDB,41,7,17,659.00,"11,203.00"
2019-04-29,2019042901011587,SRBL,57,43,500,260.00,"130,000.00"
2019-04-29,2019042901011480,SRBL,40,43,250,260.00,"65,000.00"
2019-04-29,2019042901011479,SRBL,43,43,"1,000",260.00,"260,000.00"
2019-04-29,2019042901011478,SRBL,58,43,217,261.00,"56,637.00"
2019-04-29,2019042901011291,SRBL,48,43,"1,000",263.00,"263,000.00"
2019-04-29,2019042901011195,SRBL,56,44,196,262.00,"51,352.00"
2019-04-29,2019042901011128,SRBL,19,43,45,261.00,"11,745.00"
2019-04-29,2019042901011151,SRBL,17,44,100,262.00,"26,200.00"
2019-04-29,2019042901011133,SRBL,58,43,783,261.00,"204,363.00"
2019-04-29,2019042901011132,SRBL,57,43,100,261.00,"26,100.00"
2019-04-29,2019042901011131,SRBL,35,43,300,261.00,"78,300.00"
2019-04-29,2019042901011130,SRBL,11,43,172,261.00,"44,892.00"
2019-04-29,2019042901011129,SRBL,40,43,100,261.00,"26,100.00"
2019-04-29,2019042901011500,UFL,39,57,10,190.00,"1,900.00"
2019-04-29,2019042901011568,UIC,17,41,25,998.00,"24,950.00"
2019-04-29,2019042901011545,UIC,19,5,200,987.00,"197,400.00"
2019-04-29,2019042901011544,UIC,55,5,200,987.00,"197,400.00"
2019-04-29,2019042901011494,UIC,44,41,300,988.00,"296,400.00"
2019-04-29,2019042901011493,UIC,7,41,50,988.00,"49,400.00"
2019-04-29,2019042901011492,UIC,7,41,50,988.00,"49,400.00"
2019-04-29,2019042901011197,UIC,7,5,100,998.00,"99,800.00"
2019-04-29,2019042901011196,UIC,17,5,50,"1,000.00","50,000.00"
2019-04-29,2019042901011357,UPCL,41,17,100,91.00,"9,100.00"
2019-04-29,2019042901011345,UPPER,45,51,20,240.00,"4,800.00"
2019-04-29,2019042901011320,UPPER,45,48,40,240.00,"9,600.00"
2019-04-29,2019042901011319,UPPER,45,43,50,240.00,"12,000.00"
2019-04-29,2019042901011318,UPPER,45,48,40,240.00,"9,600.00"
2019-04-29,2019042901011293,UPPER,45,57,50,237.00,"11,850.00"
2019-04-29,2019042901011292,UPPER,45,1,50,237.00,"11,850.00"
2019-04-29,2019042901011140,UPPER,43,57,50,236.00,"11,800.00"
2019-04-29,2019042901011099,UPPER,43,57,50,236.00,"11,800.00"
2019-04-29,2019042901011299,UPPER,45,48,50,240.00,"12,000.00"
2019-04-29,2019042901011298,UPPER,45,48,40,240.00,"9,600.00"
2019-04-29,2019042901011297,UPPER,45,35,50,240.00,"12,000.00"
2019-04-29,2019042901011296,UPPER,45,56,200,239.00,"47,800.00"
2019-04-29,2019042901011295,UPPER,45,42,500,238.00,"119,000.00"
2019-04-29,2019042901011294,UPPER,45,57,50,237.00,"11,850.00"
2019-04-29,2019042901011305,UPPER,45,48,40,240.00,"9,600.00"
2019-04-29,2019042901011304,UPPER,45,45,50,240.00,"12,000.00"
2019-04-29,2019042901011303,UPPER,45,17,40,240.00,"9,600.00"
2019-04-29,2019042901011302,UPPER,45,48,40,240.00,"9,600.00"
2019-04-29,2019042901011301,UPPER,45,34,50,240.00,"12,000.00"
2019-04-29,2019042901011300,UPPER,45,22,100,240.00,"24,000.00"
2019-04-29,2019042901011311,UPPER,45,48,50,240.00,"12,000.00"
2019-04-29,2019042901011310,UPPER,45,42,50,240.00,"12,000.00"
2019-04-29,2019042901011309,UPPER,45,48,40,240.00,"9,600.00"
2019-04-29,2019042901011308,UPPER,45,48,50,240.00,"12,000.00"
2019-04-29,2019042901011307,UPPER,45,48,40,240.00,"9,600.00"
2019-04-29,2019042901011306,UPPER,45,17,50,240.00,"12,000.00"
2019-04-29,2019042901011317,UPPER,45,48,50,240.00,"12,000.00"
2019-04-29,2019042901011316,UPPER,45,49,"1,000",240.00,"240,000.00"
2019-04-29,2019042901011315,UPPER,45,48,40,240.00,"9,600.00"
2019-04-29,2019042901011314,UPPER,45,48,40,240.00,"9,600.00"
2019-04-29,2019042901011313,UPPER,45,48,40,240.00,"9,600.00"
2019-04-29,2019042901011312,UPPER,45,48,40,240.00,"9,600.00"
2019-04-29,2019042901010992,ADBL,41,6,150,393.00,"58,950.00"
2019-04-29,2019042901010917,ADBL,48,6,20,393.00,"7,860.00"
2019-04-29,2019042901010916,ADBL,48,43,30,393.00,"11,790.00"
2019-04-29,2019042901010990,AHPC,26,58,40,103.00,"4,120.00"
2019-04-29,2019042901010989,AHPC,49,58,100,103.00,"10,300.00"
2019-04-29,2019042901010988,AHPC,8,58,485,103.00,"49,955.00"
2019-04-29,2019042901010909,AHPC,36,28,"2,000",104.00,"208,000.00"
2019-04-29,2019042901011009,ALBSL,17,39,10,475.00,"4,750.00"
2019-04-29,2019042901011008,ALBSL,17,42,439,475.00,"208,525.00"
2019-04-29,2019042901010957,ALBSL,17,42,30,475.00,"14,250.00"
2019-04-29,2019042901011074,ALICL,54,28,300,465.00,"139,500.00"
2019-04-29,2019042901011073,ALICL,54,7,50,465.00,"23,250.00"
2019-04-29,2019042901011072,ALICL,54,11,20,465.00,"9,300.00"
2019-04-29,2019042901011071,ALICL,54,42,100,464.00,"46,400.00"
2019-04-29,2019042901010879,AMFI,43,39,25,597.00,"14,925.00"
2019-04-29,2019042901010878,AMFI,43,34,10,596.00,"5,960.00"
2019-04-29,2019042901010965,BARUN,45,39,40,94.00,"3,760.00"
2019-04-29,2019042901010944,BOKL,25,49,120,289.00,"34,680.00"
2019-04-29,2019042901010927,BOKL,11,52,295,290.00,"85,550.00"
2019-04-29,2019042901010926,BOKL,11,42,100,290.00,"29,000.00"
2019-04-29,2019042901010925,BOKL,11,26,50,290.00,"14,500.00"
2019-04-29,2019042901010924,BOKL,11,5,100,290.00,"29,000.00"
2019-04-29,2019042901010923,BOKL,11,26,455,290.00,"131,950.00"
2019-04-29,2019042901010667,BOKL,25,19,980,289.00,"283,220.00"
2019-04-29,2019042901010915,BOKL,57,26,45,290.00,"13,050.00"
2019-04-29,2019042901010914,BOKL,57,43,55,290.00,"15,950.00"
2019-04-29,2019042901010903,BOKL,38,43,200,290.00,"58,000.00"
2019-04-29,2019042901010902,BOKL,38,17,200,290.00,"58,000.00"
2019-04-29,2019042901010901,BOKL,11,17,800,290.00,"232,000.00"
2019-04-29,2019042901010668,BOKL,25,19,500,289.00,"144,500.00"
2019-04-29,2019042901010649,BPCL,17,53,520,385.00,"200,200.00"
2019-04-29,2019042901010648,BPCL,17,51,11,383.00,"4,213.00"
2019-04-29,2019042901010635,BPCL,17,34,33,382.00,"12,606.00"
2019-04-29,2019042901010634,BPCL,17,46,15,382.00,"5,730.00"
2019-04-29,2019042901010641,BPCL,17,51,11,383.00,"4,213.00"
2019-04-29,2019042901010640,BPCL,17,51,11,383.00,"4,213.00"
2019-04-29,2019042901010639,BPCL,17,51,11,383.00,"4,213.00"
2019-04-29,2019042901010638,BPCL,17,51,11,383.00,"4,213.00"
2019-04-29,2019042901010637,BPCL,17,51,11,383.00,"4,213.00"
2019-04-29,2019042901010636,BPCL,17,38,500,383.00,"191,500.00"
2019-04-29,2019042901010647,BPCL,17,51,11,383.00,"4,213.00"
2019-04-29,2019042901010646,BPCL,17,51,11,383.00,"4,213.00"
2019-04-29,2019042901010645,BPCL,17,51,11,383.00,"4,213.00"
2019-04-29,2019042901010644,BPCL,17,51,11,383.00,"4,213.00"
2019-04-29,2019042901010643,BPCL,17,51,11,383.00,"4,213.00"
2019-04-29,2019042901010642,BPCL,17,51,11,383.00,"4,213.00"
2019-04-29,2019042901011086,CBBL,26,6,100,950.00,"95,000.00"
2019-04-29,2019042901011078,CBBL,34,6,20,950.00,"19,000.00"
2019-04-29,2019042901011077,CBBL,11,6,100,951.00,"95,100.00"
2019-04-29,2019042901011076,CBBL,18,6,50,952.00,"47,600.00"
2019-04-29,2019042901011075,CBBL,43,6,12,952.00,"11,424.00"
2019-04-29,2019042901011067,CBL,48,45,169,158.00,"26,702.00"
2019-04-29,2019042901011064,CBL,6,45,831,158.00,"131,298.00"
2019-04-29,2019042901011024,CBL,25,45,500,158.00,"79,000.00"
2019-04-29,2019042901010958,CBL,41,45,500,158.00,"79,000.00"
2019-04-29,2019042901010714,CBL,59,58,100,158.00,"15,800.00"
2019-04-29,2019042901010882,CCBL,57,33,191,178.00,"33,998.00"
2019-04-29,2019042901010689,CCBL,45,39,50,179.00,"8,950.00"
2019-04-29,2019042901010858,CHCL,58,17,37,567.00,"20,979.00"
2019-04-29,2019042901010857,CHCL,58,40,13,565.00,"7,345.00"
2019-04-29,2019042901010856,CHCL,29,40,37,565.00,"20,905.00"
2019-04-29,2019042901010832,CHCL,29,36,50,565.00,"28,250.00"
2019-04-29,2019042901010831,CHCL,29,4,13,560.00,"7,280.00"
2019-04-29,2019042901010783,CHCL,6,45,100,558.00,"55,800.00"
2019-04-29,2019042901010653,CHCL,45,4,35,560.00,"19,600.00"
2019-04-29,2019042901011084,CIT,16,42,365,"2,520.00","919,800.00"
2019-04-29,2019042901011083,CIT,8,42,100,"2,520.00","252,000.00"
2019-04-29,2019042901011059,CIT,33,42,35,"2,520.00","88,200.00"
2019-04-29,2019042901011058,CIT,33,34,65,"2,520.00","163,800.00"
2019-04-29,2019042901011010,CIT,34,34,230,"2,519.00","579,370.00"
2019-04-29,2019042901010920,CIT,25,34,10,"2,519.00","25,190.00"
2019-04-29,2019042901010893,CIT,34,34,250,"2,519.00","629,750.00"
2019-04-29,2019042901010720,CIT,41,34,10,"2,519.00","25,190.00"
2019-04-29,2019042901010941,CZBIL,48,37,934,230.00,"214,820.00"
2019-04-29,2019042901010940,CZBIL,48,6,"1,900",230.00,"437,000.00"
2019-04-29,2019042901010939,CZBIL,48,14,10,229.00,"2,290.00"
2019-04-29,2019042901010938,CZBIL,48,55,39,229.00,"8,931.00"
2019-04-29,2019042901010963,DBBL,29,54,"2,001",137.00,"274,137.00"
2019-04-29,2019042901010652,DBBL,49,54,539,137.00,"73,843.00"
2019-04-29,2019042901010651,DBBL,49,32,10,137.00,"1,370.00"
2019-04-29,2019042901010650,DBBL,49,22,"1,451",137.00,"198,787.00"
2019-04-29,2019042901011069,EBL,41,34,85,669.00,"56,865.00"
2019-04-29,2019042901010937,EBL,35,34,100,669.00,"66,900.00"
2019-04-29,2019042901010910,EBL,39,34,100,669.00,"66,900.00"
2019-04-29,2019042901010890,EBL,6,34,207,669.00,"138,483.00"
2019-04-29,2019042901010889,EBL,6,6,30,669.00,"20,070.00"
2019-04-29,2019042901010888,EBL,6,52,63,669.00,"42,147.00"
2019-04-29,2019042901010834,EIC,56,32,50,508.00,"25,400.00"
2019-04-29,2019042901010833,EIC,56,7,100,507.00,"50,700.00"
2019-04-29,2019042901011068,FMDBL,52,34,100,441.00,"44,100.00"
2019-04-29,2019042901010866,FMDBL,56,14,50,443.00,"22,150.00"
2019-04-29,2019042901010865,FMDBL,56,17,100,442.00,"44,200.00"
2019-04-29,2019042901010864,FMDBL,56,47,300,442.00,"132,600.00"
2019-04-29,2019042901010863,FMDBL,56,17,203,442.00,"89,726.00"
2019-04-29,2019042901010807,FMDBL,28,29,200,440.00,"88,000.00"
2019-04-29,2019042901010736,FMDBL,56,45,50,435.00,"21,750.00"
2019-04-29,2019042901010735,FMDBL,56,34,300,435.00,"130,500.00"
2019-04-29,2019042901010734,FMDBL,56,43,135,434.00,"58,590.00"
2019-04-29,2019042901010733,FMDBL,56,32,50,433.00,"21,650.00"
2019-04-29,2019042901010675,FMDBL,39,42,100,433.00,"43,300.00"
2019-04-29,2019042901010806,FMDBL,28,53,50,438.00,"21,900.00"
2019-04-29,2019042901010805,FMDBL,28,37,50,438.00,"21,900.00"
2019-04-29,2019042901010796,FMDBL,56,32,500,436.00,"218,000.00"
2019-04-29,2019042901010795,FMDBL,56,48,435,436.00,"189,660.00"
2019-04-29,2019042901010782,FMDBL,56,48,100,436.00,"43,600.00"
2019-04-29,2019042901010737,FMDBL,56,48,465,436.00,"202,740.00"
2019-04-29,2019042901011088,GBBL,38,1,"1,819",216.00,"392,904.00"
2019-04-29,2019042901011020,GBBL,38,1,170,216.00,"36,720.00"
2019-04-29,2019042901011019,GBBL,38,57,230,216.00,"49,680.00"
2019-04-29,2019042901010849,GBBL,47,57,200,216.00,"43,200.00"
