Date,Transact. No.,Symbol,Buyer,Seller,Quantity,Rate,Amount
2019-01-01,2019010101003540,ADBL,54,28,84,346.00,"29,064.00"
2019-01-01,2019010101003286,ADBL,41,59,65,347.00,"22,555.00"
2019-01-01,2019010101003418,ADBL,49,59,191,347.00,"66,277.00"
2019-01-01,2019010101003436,ALICL,42,49,27,616.00,"16,632.00"
2019-01-01,2019010101003296,ALICL,42,34,150,616.00,"92,400.00"
2019-01-01,2019010101003295,ALICL,36,34,70,617.00,"43,190.00"
2019-01-01,2019010101003290,ALICL,36,34,222,617.00,"136,974.00"
2019-01-01,2019010101003289,ALICL,36,34,20,618.00,"12,360.00"
2019-01-01,2019010101003343,API,25,45,50,153.00,"7,650.00"
2019-01-01,2019010101003342,API,25,28,400,152.00,"60,800.00"
2019-01-01,2019010101003596,BHBL,50,16,10,139.00,"1,390.00"
2019-01-01,2019010101003463,BPCL,11,37,156,375.00,"58,500.00"
2019-01-01,2019010101003462,BPCL,7,37,44,375.00,"16,500.00"
2019-01-01,2019010101003297,BPCL,44,44,10,376.00,"3,760.00"
2019-01-01,2019010101003206,BPCL,44,44,10,376.00,"3,760.00"
2019-01-01,2019010101003138,BPCL,7,37,106,375.00,"39,750.00"
2019-01-01,2019010101003137,BPCL,57,37,394,375.00,"147,750.00"
2019-01-01,2019010101003434,CBBL,50,33,150,843.00,"126,450.00"
2019-01-01,2019010101003423,CBBL,50,22,130,843.00,"109,590.00"
2019-01-01,2019010101003422,CBBL,42,22,50,844.00,"42,200.00"
2019-01-01,2019010101003421,CBBL,6,22,80,844.00,"67,520.00"
2019-01-01,2019010101003373,CBBL,6,22,50,844.00,"42,200.00"
2019-01-01,2019010101003590,CBL,42,28,420,162.00,"68,040.00"
2019-01-01,2019010101003525,CBL,45,37,150,163.00,"24,450.00"
2019-01-01,2019010101003208,CBL,33,16,416,163.00,"67,808.00"
2019-01-01,2019010101003161,CBL,44,1,"1,145",163.00,"186,635.00"
2019-01-01,2019010101003359,CCBL,26,44,100,172.00,"17,200.00"
2019-01-01,2019010101003273,CCBL,7,37,12,171.00,"2,052.00"
2019-01-01,2019010101003272,CCBL,21,37,158,171.00,"27,018.00"
2019-01-01,2019010101003470,CFCL,41,49,51,111.00,"5,661.00"
2019-01-01,2019010101003550,CHCL,26,26,147,685.00,"100,695.00"
2019-01-01,2019010101003549,CHCL,26,48,167,684.00,"114,228.00"
2019-01-01,2019010101003548,CHCL,26,17,261,684.00,"178,524.00"
2019-01-01,2019010101003547,CHCL,26,51,25,683.00,"17,075.00"
2019-01-01,2019010101003469,CHCL,35,51,25,683.00,"17,075.00"
2019-01-01,2019010101003275,CHCL,41,56,14,680.00,"9,520.00"
2019-01-01,2019010101003264,CHCL,41,45,378,680.00,"257,040.00"
2019-01-01,2019010101003263,CHCL,32,45,88,680.00,"59,840.00"
2019-01-01,2019010101003262,CHCL,45,45,50,681.00,"34,050.00"
2019-01-01,2019010101003204,CHCL,55,55,9,678.00,"6,102.00"
2019-01-01,2019010101003099,CHCL,59,59,41,683.00,"28,003.00"
2019-01-01,2019010101003098,CHCL,59,59,41,683.00,"28,003.00"
2019-01-01,2019010101003576,CIT,5,25,20,"2,150.00","43,000.00"
2019-01-01,2019010101003526,CIT,44,25,10,"2,150.00","21,500.00"
2019-01-01,2019010101003293,CIT,11,52,15,"2,140.00","32,100.00"
2019-01-01,2019010101003479,CLBSL,55,54,30,705.00,"21,150.00"
2019-01-01,2019010101003478,CLBSL,55,41,50,704.00,"35,200.00"
2019-01-01,2019010101003414,CLBSL,6,44,226,700.00,"158,200.00"
2019-01-01,2019010101003413,CLBSL,6,44,100,695.00,"69,500.00"
2019-01-01,2019010101003392,CLBSL,6,46,16,690.00,"11,040.00"
2019-01-01,2019010101003391,CLBSL,6,17,20,685.00,"13,700.00"
2019-01-01,2019010101003374,CLBSL,45,49,203,677.00,"137,431.00"
2019-01-01,2019010101003320,CLBSL,50,49,180,677.00,"121,860.00"
2019-01-01,2019010101003291,CLBSL,50,37,20,677.00,"13,540.00"
2019-01-01,2019010101003488,CZBIL,54,14,148,212.00,"31,376.00"
2019-01-01,2019010101003433,CZBIL,54,45,20,212.00,"4,240.00"
2019-01-01,2019010101003407,CZBIL,54,59,32,212.00,"6,784.00"
2019-01-01,2019010101003406,CZBIL,7,59,400,212.00,"84,800.00"
2019-01-01,2019010101003405,CZBIL,58,59,100,212.00,"21,200.00"
2019-01-01,2019010101003404,CZBIL,17,59,111,212.00,"23,532.00"
2019-01-01,2019010101003333,CZBIL,6,22,50,213.00,"10,650.00"
2019-01-01,2019010101003332,CZBIL,6,35,100,213.00,"21,300.00"
2019-01-01,2019010101003129,CZBIL,44,44,4,210.00,840.00
2019-01-01,2019010101003106,CZBIL,17,33,33,212.00,"6,996.00"
2019-01-01,2019010101003556,DBBL,44,52,14,125.00,"1,750.00"
2019-01-01,2019010101003536,DBBL,32,48,"1,000",126.00,"126,000.00"
2019-01-01,2019010101003416,DBBL,58,48,"1,000",126.00,"126,000.00"
2019-01-01,2019010101003370,DDBL,1,37,95,652.00,"61,940.00"
2019-01-01,2019010101003369,DDBL,1,16,90,651.00,"58,590.00"
2019-01-01,2019010101003368,DDBL,1,34,100,650.00,"65,000.00"
2019-01-01,2019010101003575,DHPL,35,52,11,98.00,"1,078.00"
2019-01-01,2019010101003544,EBL,1,37,37,538.00,"19,906.00"
2019-01-01,2019010101003543,EBL,58,37,30,539.00,"16,170.00"
2019-01-01,2019010101003542,EBL,11,37,13,539.00,"7,007.00"
2019-01-01,2019010101003541,EBL,58,37,10,539.00,"5,390.00"
2019-01-01,2019010101003419,EBL,55,52,10,540.00,"5,400.00"
2019-01-01,2019010101003173,EBL,17,48,20,540.00,"10,800.00"
2019-01-01,2019010101003335,EBL,35,22,250,540.00,"135,000.00"
2019-01-01,2019010101003334,EBL,35,48,480,540.00,"259,200.00"
2019-01-01,2019010101003184,FOWAD,55,17,20,"1,500.00","30,000.00"
2019-01-01,2019010101003420,GBBL,1,21,55,191.00,"10,505.00"
2019-01-01,2019010101003284,GBBL,45,45,253,192.00,"48,576.00"
2019-01-01,2019010101003283,GBBL,45,49,200,192.00,"38,400.00"
2019-01-01,2019010101003282,GBBL,45,35,300,192.00,"57,600.00"
2019-01-01,2019010101003255,GBBL,26,25,500,191.00,"95,500.00"
2019-01-01,2019010101003105,GBBL,58,49,100,190.00,"19,000.00"
2019-01-01,2019010101003514,GBIME,13,46,150,272.00,"40,800.00"
2019-01-01,2019010101003513,GBIME,34,46,200,272.00,"54,400.00"
2019-01-01,2019010101003512,GBIME,14,46,200,272.00,"54,400.00"
2019-01-01,2019010101003511,GBIME,55,46,500,272.00,"136,000.00"
2019-01-01,2019010101003510,GBIME,57,46,500,272.00,"136,000.00"
2019-01-01,2019010101003509,GBIME,13,46,100,272.00,"27,200.00"
2019-01-01,2019010101003508,GBIME,40,46,66,272.00,"17,952.00"
2019-01-01,2019010101003506,GBIME,40,16,104,272.00,"28,288.00"
2019-01-01,2019010101003253,GBIME,49,46,165,273.00,"45,045.00"
2019-01-01,2019010101003252,GBIME,49,46,165,273.00,"45,045.00"
2019-01-01,2019010101003197,GBLBS,34,17,80,441.00,"35,280.00"
2019-01-01,2019010101003180,GBLBS,34,6,370,441.00,"163,170.00"
2019-01-01,2019010101003179,GBLBS,1,6,30,441.00,"13,230.00"
2019-01-01,2019010101003178,GBLBS,57,6,100,442.00,"44,200.00"
2019-01-01,2019010101003177,GBLBS,48,6,100,442.00,"44,200.00"
2019-01-01,2019010101003176,GBLBS,39,6,100,443.00,"44,300.00"
2019-01-01,2019010101003107,GBLBS,53,17,100,445.00,"44,500.00"
2019-01-01,2019010101003453,GDBL,37,35,725,192.00,"139,200.00"
2019-01-01,2019010101003452,GDBL,1,35,171,192.00,"32,832.00"
2019-01-01,2019010101003451,GDBL,34,35,104,192.00,"19,968.00"
2019-01-01,2019010101003337,GDBL,34,1,296,192.00,"56,832.00"
2019-01-01,2019010101003411,GFCL,17,35,34,119.00,"4,046.00"
2019-01-01,2019010101003410,GFCL,11,35,66,120.00,"7,920.00"
2019-01-01,2019010101003457,GILB,34,49,77,"1,130.00","87,010.00"
2019-01-01,2019010101003360,GILB,43,49,11,"1,130.00","12,430.00"
2019-01-01,2019010101003175,GILB,22,49,40,"1,132.00","45,280.00"
2019-01-01,2019010101003394,GLICL,36,25,185,735.00,"135,975.00"
2019-01-01,2019010101003267,HBL,55,40,91,475.00,"43,225.00"
2019-01-01,2019010101003287,HGI,13,16,"1,200",410.00,"492,000.00"
2019-01-01,2019010101003279,HGI,34,6,460,408.00,"187,680.00"
2019-01-01,2019010101003278,HGI,53,6,200,409.00,"81,800.00"
2019-01-01,2019010101003145,HGI,13,25,500,410.00,"205,000.00"
2019-01-01,2019010101003144,HGI,13,59,400,410.00,"164,000.00"
2019-01-01,2019010101003533,HIDCL,1,1,500,152.00,"76,000.00"
2019-01-01,2019010101003532,HIDCL,1,14,500,152.00,"76,000.00"
2019-01-01,2019010101003516,HIDCL,6,52,182,151.00,"27,482.00"
2019-01-01,2019010101003435,HIDCL,6,37,391,151.00,"59,041.00"
2019-01-01,2019010101003395,HPPL,25,20,10,184.00,"1,840.00"
2019-01-01,2019010101003358,HPPL,25,20,10,184.00,"1,840.00"
2019-01-01,2019010101003274,HPPL,25,20,20,184.00,"3,680.00"
2019-01-01,2019010101003241,HPPL,25,20,20,184.00,"3,680.00"
2019-01-01,2019010101003209,HPPL,25,20,20,184.00,"3,680.00"
2019-01-01,2019010101003162,HPPL,5,20,20,185.00,"3,700.00"
2019-01-01,2019010101003104,HPPL,5,20,20,185.00,"3,700.00"
2019-01-01,2019010101003595,JBBL,35,25,40,134.00,"5,360.00"
2019-01-01,2019010101003594,JBBL,14,25,135,135.00,"18,225.00"
2019-01-01,2019010101003574,JBNL,4,28,"2,000",173.00,"346,000.00"
2019-01-01,2019010101003380,JBNL,44,44,1,170.00,170.00
2019-01-01,2019010101003102,JBNL,17,46,500,173.00,"86,500.00"
2019-01-01,2019010101003101,JBNL,17,3,300,173.00,"51,900.00"
2019-01-01,2019010101003100,JBNL,17,41,200,173.00,"34,600.00"
2019-01-01,2019010101003189,KBBL,40,10,268,214.00,"57,352.00"
2019-01-01,2019010101003557,KBL,5,50,500,246.00,"123,000.00"
2019-01-01,2019010101003489,KBL,5,37,51,246.00,"12,546.00"
2019-01-01,2019010101003331,KBL,49,10,100,247.00,"24,700.00"
2019-01-01,2019010101003239,KBL,5,38,45,246.00,"11,070.00"
2019-01-01,2019010101003238,KBL,1,38,100,246.00,"24,600.00"
2019-01-01,2019010101003237,KBL,6,38,26,246.00,"6,396.00"
2019-01-01,2019010101003118,KBL,6,34,889,246.00,"218,694.00"
2019-01-01,2019010101003597,KMCDB,58,56,20,"1,009.00","20,180.00"
2019-01-01,2019010101003571,KMCDB,17,5,50,"1,000.00","50,000.00"
2019-01-01,2019010101003518,KMCDB,58,5,50,"1,000.00","50,000.00"
2019-01-01,2019010101003477,KMCDB,48,25,100,"1,009.00","100,900.00"
2019-01-01,2019010101003476,KMCDB,48,6,100,"1,009.00","100,900.00"
2019-01-01,2019010101003191,KMCDB,48,40,10,955.00,"9,550.00"
2019-01-01,2019010101003303,KMCDB,58,1,18,987.00,"17,766.00"
2019-01-01,2019010101003302,KMCDB,58,6,30,987.00,"29,610.00"
2019-01-01,2019010101003301,KMCDB,58,45,72,985.00,"70,920.00"
2019-01-01,2019010101003300,KMCDB,58,5,51,979.00,"49,929.00"
2019-01-01,2019010101003299,KMCDB,58,19,63,975.00,"61,425.00"
2019-01-01,2019010101003292,KMCDB,58,56,22,970.00,"21,340.00"
2019-01-01,2019010101003314,KMCDB,58,11,20,993.00,"19,860.00"
2019-01-01,2019010101003313,KMCDB,58,48,100,992.00,"99,200.00"
2019-01-01,2019010101003312,KMCDB,58,41,10,992.00,"9,920.00"
2019-01-01,2019010101003311,KMCDB,58,40,10,992.00,"9,920.00"
2019-01-01,2019010101003305,KMCDB,58,48,100,988.00,"98,800.00"
2019-01-01,2019010101003304,KMCDB,58,57,50,987.00,"49,350.00"
2019-01-01,2019010101003475,KMCDB,48,48,100,"1,009.00","100,900.00"
2019-01-01,2019010101003474,KMCDB,48,48,100,"1,005.00","100,500.00"
2019-01-01,2019010101003473,KMCDB,48,29,20,"1,000.00","20,000.00"
2019-01-01,2019010101003415,KMCDB,45,48,100,"1,001.00","100,100.00"
2019-01-01,2019010101003315,KMCDB,58,48,100,993.00,"99,300.00"
2019-01-01,2019010101003212,KPCL,46,39,10,102.00,"1,020.00"
2019-01-01,2019010101003261,KSBBL,39,57,25,138.00,"3,450.00"
2019-01-01,2019010101003192,KSBBL,32,48,100,136.00,"13,600.00"
2019-01-01,2019010101003174,KSBBL,1,48,500,136.00,"68,000.00"
2019-01-01,2019010101003310,LBBL,32,48,81,171.00,"13,851.00"
2019-01-01,2019010101003207,LBBL,39,48,300,171.00,"51,300.00"
2019-01-01,2019010101003147,LBBL,32,48,500,171.00,"85,500.00"
2019-01-01,2019010101003135,LBBL,32,48,500,171.00,"85,500.00"
2019-01-01,2019010101003309,LBL,5,58,"2,380",224.00,"533,120.00"
2019-01-01,2019010101003308,LBL,5,1,136,223.00,"30,328.00"
2019-01-01,2019010101003307,LBL,5,49,163,223.00,"36,349.00"
2019-01-01,2019010101003247,LBL,54,1,100,222.00,"22,200.00"
2019-01-01,2019010101003246,LBL,5,49,120,223.00,"26,760.00"
2019-01-01,2019010101003240,LBL,26,49,500,223.00,"111,500.00"
2019-01-01,2019010101003196,LBL,54,53,207,222.00,"45,954.00"
2019-01-01,2019010101003195,LBL,37,53,200,222.00,"44,400.00"
2019-01-01,2019010101003194,LBL,25,53,300,222.00,"66,600.00"
2019-01-01,2019010101003193,LBL,6,53,185,222.00,"41,070.00"
2019-01-01,2019010101003329,LFC,46,34,490,135.00,"66,150.00"
2019-01-01,2019010101003521,LGIL,25,48,10,544.00,"5,440.00"
2019-01-01,2019010101003430,LGIL,48,48,10,544.00,"5,440.00"
2019-01-01,2019010101003270,LGIL,53,43,100,538.00,"53,800.00"
2019-01-01,2019010101003269,LGIL,21,43,100,538.00,"53,800.00"
2019-01-01,2019010101003182,LGIL,33,19,48,540.00,"25,920.00"
2019-01-01,2019010101003160,LLBS,37,49,50,800.00,"40,000.00"
2019-01-01,2019010101003159,LLBS,43,49,10,800.00,"8,000.00"
2019-01-01,2019010101003158,LLBS,34,49,10,801.00,"8,010.00"
2019-01-01,2019010101003459,MBL,38,50,200,207.00,"41,400.00"
2019-01-01,2019010101003458,MBL,50,50,79,207.00,"16,353.00"
2019-01-01,2019010101003221,MBL,50,36,21,207.00,"4,347.00"
2019-01-01,2019010101003220,MBL,7,36,400,207.00,"82,800.00"
2019-01-01,2019010101003219,MBL,39,36,100,207.00,"20,700.00"
2019-01-01,2019010101003553,MEGA,43,32,10,177.00,"1,770.00"
2019-01-01,2019010101003552,MEGA,43,54,867,176.00,"152,592.00"
2019-01-01,2019010101003425,MEGA,10,44,14,175.00,"2,450.00"
2019-01-01,2019010101003403,MEGA,44,54,14,176.00,"2,464.00"
2019-01-01,2019010101003338,MEGA,10,14,107,175.00,"18,725.00"
2019-01-01,2019010101003258,MEGA,51,54,119,176.00,"20,944.00"
2019-01-01,2019010101003257,MEGA,51,43,481,176.00,"84,656.00"
2019-01-01,2019010101003148,MEGA,10,22,200,175.00,"35,000.00"
2019-01-01,2019010101003103,MERO,25,46,16,"1,055.00","16,880.00"
2019-01-01,2019010101003183,MIDBL,45,29,20,155.00,"3,100.00"
2019-01-01,2019010101003146,MLBBL,28,45,50,930.00,"46,500.00"
2019-01-01,2019010101003134,MLBBL,28,44,10,920.00,"9,200.00"
2019-01-01,2019010101003223,MLBL,39,58,25,171.00,"4,275.00"
2019-01-01,2019010101003566,MNBBL,28,17,12,354.00,"4,248.00"
2019-01-01,2019010101003524,MNBBL,14,19,136,348.00,"47,328.00"
2019-01-01,2019010101003491,MNBBL,28,17,12,354.00,"4,248.00"
2019-01-01,2019010101003429,MNBBL,14,28,50,348.00,"17,400.00"
2019-01-01,2019010101003428,MNBBL,35,28,150,348.00,"52,200.00"
2019-01-01,2019010101003387,MNBBL,28,17,12,354.00,"4,248.00"
2019-01-01,2019010101003386,MNBBL,28,16,58,351.00,"20,358.00"
2019-01-01,2019010101003397,MSMBS,34,45,30,540.00,"16,200.00"
2019-01-01,2019010101003559,NABIL,28,29,22,851.00,"18,722.00"
2019-01-01,2019010101003558,NABIL,20,29,50,852.00,"42,600.00"
2019-01-01,2019010101003545,NABIL,5,29,30,855.00,"25,650.00"
2019-01-01,2019010101003445,NABIL,43,29,30,855.00,"25,650.00"
2019-01-01,2019010101003444,NABIL,1,29,300,855.00,"256,500.00"
2019-01-01,2019010101003443,NABIL,55,29,10,855.00,"8,550.00"
2019-01-01,2019010101003205,NABIL,14,38,15,859.00,"12,885.00"
2019-01-01,2019010101003188,NABIL,41,29,20,860.00,"17,200.00"
2019-01-01,2019010101003187,NABIL,41,40,20,860.00,"17,200.00"
2019-01-01,2019010101003442,NABIL,19,29,110,855.00,"94,050.00"
2019-01-01,2019010101003441,NABIL,45,29,40,856.00,"34,240.00"
2019-01-01,2019010101003440,NABIL,29,29,38,856.00,"32,528.00"
2019-01-01,2019010101003439,NABIL,49,29,10,857.00,"8,570.00"
2019-01-01,2019010101003438,NABIL,42,29,15,857.00,"12,855.00"
2019-01-01,2019010101003218,NABIL,41,38,40,859.00,"34,360.00"
2019-01-01,2019010101003133,NABILP,14,59,20,712.00,"14,240.00"
2019-01-01,2019010101003132,NABILP,13,59,30,713.00,"21,390.00"
2019-01-01,2019010101003131,NABILP,45,59,50,713.00,"35,650.00"
2019-01-01,2019010101003466,NADEP,28,5,10,782.00,"7,820.00"
2019-01-01,2019010101003127,NADEP,45,48,10,785.00,"7,850.00"
2019-01-01,2019010101003225,NADEP,19,47,20,785.00,"15,700.00"
2019-01-01,2019010101003224,NADEP,45,47,30,785.00,"23,550.00"
2019-01-01,2019010101003128,NADEP,45,34,10,785.00,"7,850.00"
2019-01-01,2019010101003490,NBB,17,52,534,194.00,"103,596.00"
2019-01-01,2019010101003393,NBB,55,45,500,195.00,"97,500.00"
2019-01-01,2019010101003306,NBB,17,25,200,194.00,"38,800.00"
2019-01-01,2019010101003426,NBL,42,45,20,306.00,"6,120.00"
2019-01-01,2019010101003341,NBL,50,52,100,307.00,"30,700.00"
2019-01-01,2019010101003340,NBL,50,34,900,307.00,"276,300.00"
2019-01-01,2019010101003328,NBL,42,52,255,306.00,"78,030.00"
2019-01-01,2019010101003327,NBL,34,52,50,306.00,"15,300.00"
2019-01-01,2019010101003326,NBL,33,52,300,306.00,"91,800.00"
2019-01-01,2019010101003216,NBL,38,48,200,306.00,"61,200.00"
2019-01-01,2019010101003215,NBL,38,48,570,306.00,"174,420.00"
2019-01-01,2019010101003325,NBL,54,52,25,306.00,"7,650.00"
2019-01-01,2019010101003324,NBL,41,52,100,306.00,"30,600.00"
2019-01-01,2019010101003323,NBL,33,52,500,306.00,"153,000.00"
2019-01-01,2019010101003322,NBL,19,52,770,306.00,"235,620.00"
2019-01-01,2019010101003288,NBL,38,34,100,307.00,"30,700.00"
2019-01-01,2019010101003217,NBL,19,48,230,306.00,"70,380.00"
2019-01-01,2019010101003539,NCCB,46,33,"1,978",213.00,"421,314.00"
2019-01-01,2019010101003538,NCCB,46,42,300,213.00,"63,900.00"
2019-01-01,2019010101003537,NCCB,46,1,622,213.00,"132,486.00"
2019-01-01,2019010101003401,NCCB,46,48,93,212.00,"19,716.00"
2019-01-01,2019010101003400,NCCB,46,38,"1,800",212.00,"381,600.00"
2019-01-01,2019010101003399,NCCB,46,1,100,212.00,"21,200.00"
2019-01-01,2019010101003398,NCCB,46,5,307,212.00,"65,084.00"
2019-01-01,2019010101003136,NCCB,57,47,32,211.00,"6,752.00"
2019-01-01,2019010101003109,NCCB,52,47,500,211.00,"105,500.00"
2019-01-01,2019010101003108,NCCB,54,47,468,211.00,"98,748.00"
2019-01-01,2019010101003515,NCDB,43,34,10,119.00,"1,190.00"
2019-01-01,2019010101003496,NCDB,34,26,312,121.00,"37,752.00"
2019-01-01,2019010101003495,NCDB,34,1,710,121.00,"85,910.00"
2019-01-01,2019010101003588,NIB,58,55,58,555.00,"32,190.00"
2019-01-01,2019010101003587,NIB,58,1,42,555.00,"23,310.00"
2019-01-01,2019010101003460,NIB,50,1,388,555.00,"215,340.00"
2019-01-01,2019010101003456,NIB,55,1,20,555.00,"11,100.00"
2019-01-01,2019010101003431,NIB,19,1,50,555.00,"27,750.00"
2019-01-01,2019010101003167,NIB,50,59,180,554.00,"99,720.00"
2019-01-01,2019010101003122,NIB,14,37,50,554.00,"27,700.00"
2019-01-01,2019010101003121,NIB,29,37,50,554.00,"27,700.00"
2019-01-01,2019010101003120,NIB,35,37,100,554.00,"55,400.00"
2019-01-01,2019010101003119,NIB,28,37,68,554.00,"37,672.00"
2019-01-01,2019010101003166,NIB,50,37,132,554.00,"73,128.00"
2019-01-01,2019010101003155,NIB,45,37,10,554.00,"5,540.00"
2019-01-01,2019010101003126,NIB,57,37,25,554.00,"13,850.00"
2019-01-01,2019010101003125,NIB,42,37,50,554.00,"27,700.00"
2019-01-01,2019010101003124,NIB,22,37,15,554.00,"8,310.00"
2019-01-01,2019010101003123,NIB,21,37,200,554.00,"110,800.00"
2019-01-01,2019010101003523,NICA,19,49,10,380.00,"3,800.00"
2019-01-01,2019010101003424,NICA,17,47,127,379.00,"48,133.00"
2019-01-01,2019010101003409,NICA,13,49,100,380.00,"38,000.00"
2019-01-01,2019010101003408,NICL,25,22,20,570.00,"11,400.00"
2019-01-01,2019010101003190,NICL,21,21,40,565.00,"22,600.00"
2019-01-01,2019010101003500,NIL,13,16,300,555.00,"166,500.00"
2019-01-01,2019010101003499,NIL,13,6,20,555.00,"11,100.00"
2019-01-01,2019010101003498,NIL,13,19,97,554.00,"53,738.00"
2019-01-01,2019010101003271,NIL,21,53,50,555.00,"27,750.00"
2019-01-01,2019010101003260,NIL,21,57,50,549.00,"27,450.00"
2019-01-01,2019010101003577,NLIC,56,48,33,"1,109.00","36,597.00"
2019-01-01,2019010101003355,NLIC,14,14,28,"1,105.00","30,940.00"
2019-01-01,2019010101003344,NLIC,49,46,17,"1,108.00","18,836.00"
2019-01-01,2019010101003281,NLIC,26,20,17,"1,104.00","18,768.00"
2019-01-01,2019010101003256,NLIC,26,20,17,"1,104.00","18,768.00"
2019-01-01,2019010101003232,NLIC,26,37,21,"1,104.00","23,184.00"
2019-01-01,2019010101003130,NLIC,53,20,17,"1,105.00","18,785.00"
2019-01-01,2019010101003231,NLIC,51,37,200,"1,104.00","220,800.00"
2019-01-01,2019010101003230,NLIC,35,37,10,"1,104.00","11,040.00"
2019-01-01,2019010101003229,NLIC,45,37,50,"1,104.00","55,200.00"
2019-01-01,2019010101003228,NLIC,53,37,19,"1,105.00","20,995.00"
2019-01-01,2019010101003226,NLIC,53,20,17,"1,105.00","18,785.00"
2019-01-01,2019010101003157,NLIC,53,56,14,"1,105.00","15,470.00"
2019-01-01,2019010101003582,NLICL,51,1,160,720.00,"115,200.00"
2019-01-01,2019010101003581,NLICL,53,1,40,720.00,"28,800.00"
2019-01-01,2019010101003390,NLICL,32,25,120,724.00,"86,880.00"
2019-01-01,2019010101003266,NLICL,7,41,266,721.00,"191,786.00"
2019-01-01,2019010101003265,NLICL,53,41,100,721.00,"72,100.00"
2019-01-01,2019010101003140,NLICL,53,33,50,721.00,"36,050.00"
2019-01-01,2019010101003139,NLICL,33,33,50,721.00,"36,050.00"
2019-01-01,2019010101003586,NMB,57,28,39,325.00,"12,675.00"
2019-01-01,2019010101003585,NMB,11,28,50,325.00,"16,250.00"
2019-01-01,2019010101003584,NMB,47,28,100,325.00,"32,500.00"
2019-01-01,2019010101003583,NMB,51,28,111,325.00,"36,075.00"
2019-01-01,2019010101003564,NMB,51,10,89,325.00,"28,925.00"
2019-01-01,2019010101003563,NMB,52,10,25,325.00,"8,125.00"
2019-01-01,2019010101003153,NMB,34,52,50,325.00,"16,250.00"
2019-01-01,2019010101003152,NMB,14,52,315,325.00,"102,375.00"
2019-01-01,2019010101003151,NMB,6,52,500,326.00,"163,000.00"
2019-01-01,2019010101003150,NMB,51,52,100,326.00,"32,600.00"
2019-01-01,2019010101003149,NMB,11,52,50,326.00,"16,300.00"
2019-01-01,2019010101003504,NMB,35,26,401,327.00,"131,127.00"
2019-01-01,2019010101003381,NMB,52,52,273,326.00,"88,998.00"
2019-01-01,2019010101003371,NMB,22,26,500,327.00,"163,500.00"
2019-01-01,2019010101003350,NMB,38,26,13,327.00,"4,251.00"
2019-01-01,2019010101003339,NMB,38,26,16,327.00,"5,232.00"
2019-01-01,2019010101003154,NMB,17,52,485,325.00,"157,625.00"
2019-01-01,2019010101003562,NMB,42,10,100,325.00,"32,500.00"
2019-01-01,2019010101003561,NMB,28,10,"1,000",325.00,"325,000.00"
2019-01-01,2019010101003560,NMB,17,10,292,325.00,"94,900.00"
2019-01-01,2019010101003520,NMB,17,10,223,325.00,"72,475.00"
2019-01-01,2019010101003519,NMB,52,10,277,326.00,"90,302.00"
2019-01-01,2019010101003505,NMB,35,33,299,327.00,"97,773.00"
2019-01-01,2019010101003235,NMBMF,10,17,50,"1,125.00","56,250.00"
2019-01-01,2019010101003579,NMFBS,5,46,2,"1,513.00","3,026.00"
2019-01-01,2019010101003522,NMFBS,33,28,16,"1,543.00","24,688.00"
2019-01-01,2019010101003348,NMFBS,5,46,10,"1,513.00","15,130.00"
2019-01-01,2019010101003254,NMFBS,33,28,10,"1,543.00","15,430.00"
2019-01-01,2019010101003427,NUBL,21,1,100,730.00,"73,000.00"
2019-01-01,2019010101003365,NUBL,47,1,200,730.00,"146,000.00"
2019-01-01,2019010101003364,NUBL,14,1,50,731.00,"36,550.00"
2019-01-01,2019010101003363,NUBL,42,1,70,731.00,"51,170.00"
2019-01-01,2019010101003362,NUBL,22,1,20,732.00,"14,640.00"
2019-01-01,2019010101003485,PCBL,48,10,516,334.00,"172,344.00"
2019-01-01,2019010101003484,PCBL,6,10,500,334.00,"167,000.00"
2019-01-01,2019010101003483,PCBL,33,10,100,334.00,"33,400.00"
2019-01-01,2019010101003482,PCBL,13,10,25,334.00,"8,350.00"
2019-01-01,2019010101003481,PCBL,13,10,500,335.00,"167,500.00"
2019-01-01,2019010101003480,PCBL,5,10,358,335.00,"119,930.00"
2019-01-01,2019010101003356,PCBL,33,13,221,335.00,"74,035.00"
2019-01-01,2019010101003461,PCBL,43,11,50,336.00,"16,800.00"
2019-01-01,2019010101003379,PCBL,5,7,142,335.00,"47,570.00"
2019-01-01,2019010101003378,PCBL,57,7,110,335.00,"36,850.00"
2019-01-01,2019010101003377,PCBL,21,7,135,335.00,"45,225.00"
2019-01-01,2019010101003376,PCBL,33,7,213,335.00,"71,355.00"
2019-01-01,2019010101003367,PCBL,33,38,66,335.00,"22,110.00"
2019-01-01,2019010101003503,PIC,45,49,13,"1,030.00","13,390.00"
2019-01-01,2019010101003233,PIC,45,28,50,"1,029.00","51,450.00"
2019-01-01,2019010101003251,PICL,50,41,10,700.00,"7,000.00"
2019-01-01,2019010101003250,PICL,14,41,100,700.00,"70,000.00"
2019-01-01,2019010101003249,PICL,10,41,100,701.00,"70,100.00"
2019-01-01,2019010101003248,PICL,52,41,40,702.00,"28,080.00"
2019-01-01,2019010101003375,PMHPL,36,46,10,114.00,"1,140.00"
2019-01-01,2019010101003372,PMHPL,36,34,10,114.00,"1,140.00"
2019-01-01,2019010101003203,PMHPL,46,20,10,115.00,"1,150.00"
2019-01-01,2019010101003202,PMHPL,46,20,10,115.00,"1,150.00"
2019-01-01,2019010101003201,PMHPL,46,20,10,115.00,"1,150.00"
2019-01-01,2019010101003200,PMHPL,46,20,10,115.00,"1,150.00"
2019-01-01,2019010101003199,PMHPL,46,20,10,115.00,"1,150.00"
2019-01-01,2019010101003385,PRIN,45,36,446,464.00,"206,944.00"
2019-01-01,2019010101003384,PRIN,57,36,269,465.00,"125,085.00"
2019-01-01,2019010101003383,PRIN,50,36,54,466.00,"25,164.00"
2019-01-01,2019010101003382,PRIN,36,36,440,466.00,"205,040.00"
2019-01-01,2019010101003354,PRIN,36,37,60,466.00,"27,960.00"
2019-01-01,2019010101003198,PRIN,57,21,50,465.00,"23,250.00"
2019-01-01,2019010101003578,PRVU,34,46,80,246.00,"19,680.00"
2019-01-01,2019010101003570,PRVU,34,46,237,246.00,"58,302.00"
2019-01-01,2019010101003569,PRVU,34,46,263,246.00,"64,698.00"
2019-01-01,2019010101003555,PRVU,34,46,100,248.00,"24,800.00"
2019-01-01,2019010101003554,PRVU,34,14,23,247.00,"5,681.00"
2019-01-01,2019010101003243,PRVU,37,46,"1,000",247.00,"247,000.00"
2019-01-01,2019010101003242,PRVU,35,46,26,247.00,"6,422.00"
2019-01-01,2019010101003143,PRVU,35,38,174,247.00,"42,978.00"
2019-01-01,2019010101003142,PRVU,38,38,400,247.00,"98,800.00"
2019-01-01,2019010101003141,PRVU,49,38,826,247.00,"204,022.00"
2019-01-01,2019010101003432,PRVU,25,46,474,247.00,"117,078.00"
2019-01-01,2019010101003357,PRVU,53,46,300,247.00,"74,100.00"
2019-01-01,2019010101003353,PRVU,19,46,100,247.00,"24,700.00"
2019-01-01,2019010101003277,RBCLPO,59,33,20,"8,750.00","175,000.00"
2019-01-01,2019010101003276,RBCLPO,7,33,30,"8,760.00","262,800.00"
2019-01-01,2019010101003531,RHPC,49,1,108,99.00,"10,692.00"
2019-01-01,2019010101003517,RHPC,43,20,17,98.00,"1,666.00"
2019-01-01,2019010101003502,RHPC,43,28,13,98.00,"1,274.00"
2019-01-01,2019010101003468,RHPC,43,52,16,98.00,"1,568.00"
2019-01-01,2019010101003467,RHPC,39,52,15,99.00,"1,485.00"
2019-01-01,2019010101003389,RMDC,17,46,123,544.00,"66,912.00"
2019-01-01,2019010101003366,RMDC,17,14,113,544.00,"61,472.00"
2019-01-01,2019010101003361,RMDC,19,14,10,544.00,"5,440.00"
2019-01-01,2019010101003396,RRHP,26,46,10,105.00,"1,050.00"
2019-01-01,2019010101003336,RRHP,26,34,10,105.00,"1,050.00"
2019-01-01,2019010101003115,SANIMA,38,10,50,308.00,"15,400.00"
2019-01-01,2019010101003114,SANIMA,57,10,500,308.00,"154,000.00"
2019-01-01,2019010101003113,SANIMA,48,10,30,308.00,"9,240.00"
2019-01-01,2019010101003112,SANIMA,49,10,"1,000",308.00,"308,000.00"
2019-01-01,2019010101003111,SANIMA,28,10,500,308.00,"154,000.00"
2019-01-01,2019010101003110,SANIMA,33,10,100,308.00,"30,800.00"
2019-01-01,2019010101003487,SBI,58,25,60,424.00,"25,440.00"
2019-01-01,2019010101003486,SBI,35,25,50,424.00,"21,200.00"
2019-01-01,2019010101003352,SBI,1,25,100,425.00,"42,500.00"
2019-01-01,2019010101003351,SBI,26,25,100,425.00,"42,500.00"
2019-01-01,2019010101003319,SBI,16,17,132,426.00,"56,232.00"
2019-01-01,2019010101003318,SBI,16,11,115,426.00,"48,990.00"
2019-01-01,2019010101003116,SBI,39,36,530,424.00,"224,720.00"
2019-01-01,2019010101003317,SBI,16,53,163,426.00,"69,438.00"
2019-01-01,2019010101003316,SBI,16,21,90,426.00,"38,340.00"
2019-01-01,2019010101003280,SBI,17,21,100,426.00,"42,600.00"
2019-01-01,2019010101003244,SBI,26,34,200,425.00,"85,000.00"
2019-01-01,2019010101003163,SBI,45,21,10,426.00,"4,260.00"
2019-01-01,2019010101003117,SBI,39,25,319,425.00,"135,575.00"
2019-01-01,2019010101003346,SCB,35,1,403,621.00,"250,263.00"
2019-01-01,2019010101003345,SCB,35,16,100,621.00,"62,100.00"
2019-01-01,2019010101003454,SDESI,49,46,13,657.00,"8,541.00"
2019-01-01,2019010101003285,SDESI,49,49,83,657.00,"54,531.00"
2019-01-01,2019010101003507,SFFIL,28,19,500,226.00,"113,000.00"
2019-01-01,2019010101003349,SFFIL,28,34,181,225.00,"40,725.00"
2019-01-01,2019010101003464,SHL,36,25,120,203.00,"24,360.00"
2019-01-01,2019010101003501,SHPC,49,53,100,234.00,"23,400.00"
2019-01-01,2019010101003234,SHPC,36,53,460,234.00,"107,640.00"
2019-01-01,2019010101003222,SIC,11,35,50,"1,330.00","66,500.00"
2019-01-01,2019010101003530,SKBBL,18,37,56,"1,050.00","58,800.00"
2019-01-01,2019010101003529,SKBBL,17,37,50,"1,050.00","52,500.00"
2019-01-01,2019010101003528,SKBBL,42,37,50,"1,050.00","52,500.00"
2019-01-01,2019010101003527,SKBBL,17,37,44,"1,050.00","46,200.00"
2019-01-01,2019010101003472,SKBBL,17,46,56,"1,050.00","58,800.00"
2019-01-01,2019010101003471,SKBBL,48,46,20,"1,051.00","21,020.00"
2019-01-01,2019010101003172,SKBBL,28,52,60,"1,051.00","63,060.00"
2019-01-01,2019010101003171,SKBBL,42,52,100,"1,055.00","105,500.00"
2019-01-01,2019010101003170,SKBBL,33,52,25,"1,055.00","26,375.00"
2019-01-01,2019010101003169,SKBBL,16,52,100,"1,056.00","105,600.00"
2019-01-01,2019010101003168,SKBBL,28,52,30,"1,057.00","31,710.00"
2019-01-01,2019010101003573,SLICL,43,51,10,570.00,"5,700.00"
2019-01-01,2019010101003534,SLICL,36,25,290,569.00,"165,010.00"
2019-01-01,2019010101003497,SLICL,43,25,10,569.00,"5,690.00"
2019-01-01,2019010101003494,SLICL,51,34,40,565.00,"22,600.00"
2019-01-01,2019010101003493,SLICL,21,34,50,565.00,"28,250.00"
2019-01-01,2019010101003492,SLICL,17,34,10,565.00,"5,650.00"
2019-01-01,2019010101003227,SLICL,17,55,100,565.00,"56,500.00"
2019-01-01,2019010101003245,SMATA,11,28,10,"1,100.00","11,000.00"
2019-01-01,2019010101003185,SMATA,34,28,10,"1,100.00","11,000.00"
2019-01-01,2019010101003580,SMB,4,20,10,650.00,"6,500.00"
2019-01-01,2019010101003321,SMB,4,20,10,650.00,"6,500.00"
2019-01-01,2019010101003211,SMB,34,46,10,658.00,"6,580.00"
2019-01-01,2019010101003210,SMB,34,52,10,658.00,"6,580.00"
2019-01-01,2019010101003181,SMB,4,20,10,650.00,"6,500.00"
2019-01-01,2019010101003589,SMFDB,22,48,10,744.00,"7,440.00"
2019-01-01,2019010101003572,SMFDB,22,57,20,740.00,"14,800.00"
2019-01-01,2019010101003551,SMFDB,22,17,10,729.00,"7,290.00"
2019-01-01,2019010101003268,SMFDB,10,48,100,720.00,"72,000.00"
2019-01-01,2019010101003165,SMFDB,41,55,10,715.00,"7,150.00"
2019-01-01,2019010101003156,SMFDB,45,55,10,728.00,"7,280.00"
2019-01-01,2019010101003417,SPDL,7,52,44,94.00,"4,136.00"
2019-01-01,2019010101003437,SRBL,28,1,203,217.00,"44,051.00"
2019-01-01,2019010101003412,SRBL,4,45,20,216.00,"4,320.00"
2019-01-01,2019010101003164,SRBL,4,21,100,216.00,"21,600.00"
2019-01-01,2019010101003298,TRH,33,5,10,245.00,"2,450.00"
2019-01-01,2019010101003565,UIC,37,40,265,751.00,"199,015.00"
2019-01-01,2019010101003450,UIC,37,16,48,751.00,"36,048.00"
2019-01-01,2019010101003449,UIC,37,16,100,752.00,"75,200.00"
2019-01-01,2019010101003448,UIC,28,16,100,752.00,"75,200.00"
2019-01-01,2019010101003447,UIC,40,16,200,755.00,"151,000.00"
2019-01-01,2019010101003446,UIC,34,16,100,756.00,"75,600.00"
2019-01-01,2019010101003567,UMHL,41,46,14,122.00,"1,708.00"
2019-01-01,2019010101003535,VLBS,10,46,12,677.00,"8,124.00"
2019-01-01,2019010101003402,VLBS,10,52,23,677.00,"15,571.00"
2019-01-01,2019010101003330,VLBS,7,49,90,680.00,"61,200.00"
2019-01-01,2019010101003294,VLBS,22,43,50,676.00,"33,800.00"
2019-01-01,2019010101003236,VLBS,22,37,40,676.00,"27,040.00"
2019-01-01,2019010101003214,VLBS,35,37,20,677.00,"13,540.00"
2019-01-01,2019010101003213,VLBS,1,37,25,677.00,"16,925.00"
2019-01-01,2019010101003186,VLBS,54,49,10,680.00,"6,800.00"
2019-01-01,2019010101002987,ADBL,44,44,3,345.00,"1,035.00"
2019-01-01,2019010101002633,ADBL,14,43,500,348.00,"174,000.00"
2019-01-01,2019010101002737,ADBL,14,43,300,349.00,"104,700.00"
2019-01-01,2019010101003054,AKJCL,22,49,20,97.00,"1,940.00"
2019-01-01,2019010101002948,AKJCL,22,39,20,97.00,"1,940.00"
2019-01-01,2019010101002947,AKJCL,22,39,20,97.00,"1,940.00"
2019-01-01,2019010101002946,AKJCL,22,39,20,97.00,"1,940.00"
2019-01-01,2019010101002945,AKJCL,22,39,20,97.00,"1,940.00"
2019-01-01,2019010101002944,AKJCL,22,39,20,97.00,"1,940.00"
2019-01-01,2019010101002912,AKJCL,37,17,20,96.00,"1,920.00"
2019-01-01,2019010101002616,AKJCL,37,55,20,96.00,"1,920.00"
2019-01-01,2019010101002991,ALICL,36,25,208,617.00,"128,336.00"
2019-01-01,2019010101002989,ALICL,14,13,500,622.00,"311,000.00"
2019-01-01,2019010101002665,ALICL,19,41,100,622.00,"62,200.00"
2019-01-01,2019010101002659,ALICL,19,7,100,620.00,"62,000.00"
2019-01-01,2019010101002768,AMFI,34,21,10,735.00,"7,350.00"
2019-01-01,2019010101002767,AMFI,34,57,20,733.00,"14,660.00"
2019-01-01,2019010101002766,AMFI,34,29,10,732.00,"7,320.00"
2019-01-01,2019010101002754,AMFI,34,34,10,730.00,"7,300.00"
2019-01-01,2019010101002922,API,38,45,50,153.00,"7,650.00"
2019-01-01,2019010101002917,API,56,32,431,151.00,"65,081.00"
2019-01-01,2019010101002832,API,10,32,500,151.00,"75,500.00"
2019-01-01,2019010101002826,API,10,32,100,151.00,"15,100.00"
2019-01-01,2019010101002711,API,19,32,100,151.00,"15,100.00"
2019-01-01,2019010101002669,API,45,32,360,151.00,"54,360.00"
2019-01-01,2019010101002648,API,19,46,19,149.00,"2,831.00"
2019-01-01,2019010101002647,API,10,46,10,150.00,"1,500.00"
2019-01-01,2019010101003082,BOKL,42,25,50,330.00,"16,500.00"
2019-01-01,2019010101003081,BOKL,6,25,450,330.00,"148,500.00"
2019-01-01,2019010101003080,BOKL,49,25,50,330.00,"16,500.00"
2019-01-01,2019010101003079,BOKL,13,25,792,330.00,"261,360.00"
2019-01-01,2019010101003070,BPCL,57,49,20,375.00,"7,500.00"
2019-01-01,2019010101003048,BPCL,51,44,10,376.00,"3,760.00"
2019-01-01,2019010101002995,BPCL,44,58,10,377.00,"3,770.00"
2019-01-01,2019010101002977,BPCL,51,58,20,376.00,"7,520.00"
2019-01-01,2019010101002710,BPCL,57,49,10,375.00,"3,750.00"
2019-01-01,2019010101002702,BPCL,57,49,10,375.00,"3,750.00"
2019-01-01,2019010101002688,BPCL,57,33,23,375.00,"8,625.00"
2019-01-01,2019010101002662,BPCL,57,33,23,375.00,"8,625.00"
2019-01-01,2019010101002650,BPCL,57,46,20,375.00,"7,500.00"
2019-01-01,2019010101002884,CBBL,6,5,170,844.00,"143,480.00"
2019-01-01,2019010101002883,CBBL,42,5,50,844.00,"42,200.00"
2019-01-01,2019010101002882,CBBL,34,5,20,844.00,"16,880.00"
2019-01-01,2019010101002881,CBBL,11,5,50,844.00,"42,200.00"
2019-01-01,2019010101002880,CBBL,42,5,50,845.00,"42,250.00"
2019-01-01,2019010101002879,CBBL,26,5,100,845.00,"84,500.00"
2019-01-01,2019010101002878,CBBL,28,5,50,846.00,"42,300.00"
2019-01-01,2019010101002877,CBBL,48,5,10,846.00,"8,460.00"
2019-01-01,2019010101002722,CBBL,34,33,50,848.00,"42,400.00"
2019-01-01,2019010101002943,CBL,53,1,394,163.00,"64,222.00"
2019-01-01,2019010101002902,CBL,53,1,14,163.00,"2,282.00"
2019-01-01,2019010101002775,CBL,53,43,500,163.00,"81,500.00"
2019-01-01,2019010101002772,CBL,35,52,50,164.00,"8,200.00"
2019-01-01,2019010101002771,CBL,35,54,50,164.00,"8,200.00"
2019-01-01,2019010101002599,CBL,53,43,92,163.00,"14,996.00"
2019-01-01,2019010101002598,CBL,58,43,408,163.00,"66,504.00"
2019-01-01,2019010101002889,CCBL,21,53,42,171.00,"7,182.00"
2019-01-01,2019010101002888,CCBL,58,53,84,171.00,"14,364.00"
2019-01-01,2019010101002680,CCBL,57,28,500,172.00,"86,000.00"
2019-01-01,2019010101002679,CCBL,57,6,64,172.00,"11,008.00"
2019-01-01,2019010101002678,CCBL,57,22,550,172.00,"94,600.00"
2019-01-01,2019010101002677,CCBL,57,6,72,172.00,"12,384.00"
2019-01-01,2019010101002674,CCBL,58,46,66,171.00,"11,286.00"
2019-01-01,2019010101002673,CCBL,58,46,53,171.00,"9,063.00"
2019-01-01,2019010101003066,CHCL,32,45,412,680.00,"280,160.00"
2019-01-01,2019010101003065,CHCL,22,45,50,680.00,"34,000.00"
2019-01-01,2019010101003064,CHCL,17,45,38,680.00,"25,840.00"
2019-01-01,2019010101002981,CHCL,17,19,12,680.00,"8,160.00"
2019-01-01,2019010101002928,CHCL,22,19,10,680.00,"6,800.00"
2019-01-01,2019010101002913,CHCL,42,19,30,680.00,"20,400.00"
2019-01-01,2019010101002787,CHCL,52,17,200,681.00,"136,200.00"
2019-01-01,2019010101002721,CHCL,47,45,500,682.00,"341,000.00"
2019-01-01,2019010101002713,CHCL,32,26,50,685.00,"34,250.00"
2019-01-01,2019010101002911,CHCL,21,19,198,680.00,"134,640.00"
2019-01-01,2019010101002890,CHCL,21,59,26,680.00,"17,680.00"
2019-01-01,2019010101002873,CHCL,21,59,26,680.00,"17,680.00"
2019-01-01,2019010101002848,CHCL,55,59,147,678.00,"99,666.00"
2019-01-01,2019010101002799,CHCL,26,59,300,680.00,"204,000.00"
2019-01-01,2019010101002798,CHCL,55,59,53,680.00,"36,040.00"
2019-01-01,2019010101002828,CLBSL,54,17,30,685.00,"20,550.00"
2019-01-01,2019010101002988,CZBIL,17,41,167,212.00,"35,404.00"
2019-01-01,2019010101002675,CZBIL,17,33,10,212.00,"2,120.00"
2019-01-01,2019010101002655,CZBIL,17,33,10,212.00,"2,120.00"
2019-01-01,2019010101002651,CZBIL,32,40,500,213.00,"106,500.00"
2019-01-01,2019010101002992,DBBL,19,48,500,126.00,"63,000.00"
2019-01-01,2019010101002857,DBBL,32,35,500,126.00,"63,000.00"
2019-01-01,2019010101002663,DBBL,49,48,100,127.00,"12,700.00"
2019-01-01,2019010101002791,DDBL,29,16,10,651.00,"6,510.00"
2019-01-01,2019010101002643,DDBL,5,34,332,650.00,"215,800.00"
2019-01-01,2019010101002642,DDBL,5,26,309,650.00,"200,850.00"
2019-01-01,2019010101002620,DDBL,42,4,100,647.00,"64,700.00"
2019-01-01,2019010101002619,DDBL,45,4,200,647.00,"129,400.00"
2019-01-01,2019010101002725,EBL,58,48,300,540.00,"162,000.00"
2019-01-01,2019010101002724,EBL,58,53,59,539.00,"31,801.00"
2019-01-01,2019010101002925,EIC,34,33,10,850.00,"8,500.00"
2019-01-01,2019010101002670,EIC,33,25,60,850.00,"51,000.00"
2019-01-01,2019010101002629,FOWAD,28,34,40,"1,504.00","60,160.00"
2019-01-01,2019010101002628,FOWAD,28,19,20,"1,500.00","30,000.00"
2019-01-01,2019010101002794,GBBL,45,32,"2,000",192.00,"384,000.00"
2019-01-01,2019010101002793,GBBL,45,14,500,192.00,"96,000.00"
2019-01-01,2019010101002785,GBBL,45,32,"2,000",191.00,"382,000.00"
2019-01-01,2019010101002784,GBBL,45,25,"1,000",191.00,"191,000.00"
2019-01-01,2019010101002783,GBBL,45,13,200,191.00,"38,200.00"
2019-01-01,2019010101002782,GBBL,45,25,163,191.00,"31,133.00"
2019-01-01,2019010101002781,GBBL,45,11,100,190.00,"19,000.00"
2019-01-01,2019010101002780,GBBL,45,10,"1,000",190.00,"190,000.00"
2019-01-01,2019010101002779,GBBL,45,29,25,190.00,"4,750.00"
2019-01-01,2019010101002738,GBBL,45,10,10,188.00,"1,880.00"
2019-01-01,2019010101003017,GBIME,40,41,330,272.00,"89,760.00"
2019-01-01,2019010101003016,GBIME,39,41,50,273.00,"13,650.00"
2019-01-01,2019010101003015,GBIME,38,41,20,273.00,"5,460.00"
2019-01-01,2019010101003014,GBIME,43,41,100,273.00,"27,300.00"
2019-01-01,2019010101002689,GBIME,55,46,341,273.00,"93,093.00"
2019-01-01,2019010101002858,GBLBS,41,17,20,445.00,"8,900.00"
2019-01-01,2019010101002865,GDBL,34,25,500,192.00,"96,000.00"
2019-01-01,2019010101002984,GDBL,34,6,600,192.00,"115,200.00"
2019-01-01,2019010101002657,GUFL,39,39,2,105.00,210.00
2019-01-01,2019010101002983,HATH,4,39,10,132.00,"1,320.00"
2019-01-01,2019010101002982,HATH,4,43,70,131.00,"9,170.00"
2019-01-01,2019010101003031,HBL,55,41,109,475.00,"51,775.00"
2019-01-01,2019010101003030,HBL,7,41,20,475.00,"9,500.00"
2019-01-01,2019010101002740,HBL,55,33,20,476.00,"9,520.00"
2019-01-01,2019010101002931,HIDCL,17,46,56,151.00,"8,456.00"
2019-01-01,2019010101002930,HIDCL,17,1,148,151.00,"22,348.00"
2019-01-01,2019010101002806,HIDCL,10,1,350,151.00,"52,850.00"
2019-01-01,2019010101003035,HPPL,5,20,10,185.00,"1,850.00"
2019-01-01,2019010101003013,HPPL,5,20,10,185.00,"1,850.00"
2019-01-01,2019010101003010,HPPL,10,16,8,185.00,"1,480.00"
2019-01-01,2019010101002978,HPPL,5,20,10,185.00,"1,850.00"
2019-01-01,2019010101002929,HPPL,5,20,10,185.00,"1,850.00"
2019-01-01,2019010101002904,HPPL,5,20,10,185.00,"1,850.00"
2019-01-01,2019010101002860,HPPL,5,20,10,185.00,"1,850.00"
2019-01-01,2019010101002840,HPPL,5,20,20,185.00,"3,700.00"
2019-01-01,2019010101002778,HPPL,5,20,10,185.00,"1,850.00"
2019-01-01,2019010101002729,HPPL,5,20,20,185.00,"3,700.00"
2019-01-01,2019010101002921,JBBL,14,46,65,135.00,"8,775.00"
2019-01-01,2019010101002920,JBBL,22,46,10,135.00,"1,350.00"
2019-01-01,2019010101002919,JBBL,17,46,300,135.00,"40,500.00"
2019-01-01,2019010101002918,JBBL,59,46,25,135.00,"3,375.00"
2019-01-01,2019010101003092,JBNL,33,33,14,172.00,"2,408.00"
2019-01-01,2019010101002876,JBNL,33,46,84,172.00,"14,448.00"
2019-01-01,2019010101002712,JBNL,4,33,"1,000",172.00,"172,000.00"
2019-01-01,2019010101002615,JEFL,39,40,300,110.00,"33,000.00"
2019-01-01,2019010101003042,KBBL,40,50,470,214.00,"100,580.00"
2019-01-01,2019010101002885,KBBL,6,10,182,215.00,"39,130.00"
2019-01-01,2019010101002802,KBBL,6,29,884,215.00,"190,060.00"
2019-01-01,2019010101002933,KEBL,46,19,50,218.00,"10,900.00"
2019-01-01,2019010101002763,KMCDB,48,37,80,974.00,"77,920.00"
2019-01-01,2019010101002762,KMCDB,48,34,100,974.00,"97,400.00"
2019-01-01,2019010101002761,KMCDB,48,48,100,971.00,"97,100.00"
2019-01-01,2019010101002760,KMCDB,48,57,50,970.00,"48,500.00"
2019-01-01,2019010101002759,KMCDB,48,57,41,970.00,"39,770.00"
2019-01-01,2019010101002672,KMCDB,45,40,200,952.00,"190,400.00"
2019-01-01,2019010101002671,KMCDB,45,19,100,950.00,"95,000.00"
2019-01-01,2019010101002727,KMCDB,53,38,70,955.00,"66,850.00"
2019-01-01,2019010101002708,KMCDB,48,38,80,955.00,"76,400.00"
2019-01-01,2019010101002707,KMCDB,48,16,20,955.00,"19,100.00"
2019-01-01,2019010101002683,KMCDB,58,16,80,955.00,"76,400.00"
2019-01-01,2019010101002682,KMCDB,58,40,200,954.00,"190,800.00"
2019-01-01,2019010101002681,KMCDB,58,37,20,953.00,"19,060.00"
2019-01-01,2019010101002758,KMCDB,48,40,200,969.00,"193,800.00"
2019-01-01,2019010101002734,KMCDB,58,13,50,960.00,"48,000.00"
2019-01-01,2019010101002733,KMCDB,58,48,80,960.00,"76,800.00"
2019-01-01,2019010101002732,KMCDB,58,40,100,959.00,"95,900.00"
2019-01-01,2019010101002728,KMCDB,53,49,39,958.00,"37,362.00"
2019-01-01,2019010101002685,KNBL,39,39,5,122.00,610.00
2019-01-01,2019010101002611,KNBL,35,1,20,123.00,"2,460.00"
2019-01-01,2019010101003049,KPCL,52,49,10,101.00,"1,010.00"
2019-01-01,2019010101002990,KPCL,52,46,10,101.00,"1,010.00"
2019-01-01,2019010101002638,KPCL,39,55,10,103.00,"1,030.00"
2019-01-01,2019010101002600,KPCL,39,37,10,103.00,"1,030.00"
2019-01-01,2019010101002684,KPCL,52,33,10,101.00,"1,010.00"
2019-01-01,2019010101002658,KPCL,39,6,10,103.00,"1,030.00"
2019-01-01,2019010101002656,KPCL,39,33,10,103.00,"1,030.00"
2019-01-01,2019010101002701,KRBL,40,10,186,100.00,"18,600.00"
2019-01-01,2019010101003062,KSBBL,33,48,100,136.00,"13,600.00"
2019-01-01,2019010101002844,KSBBL,55,48,300,136.00,"40,800.00"
2019-01-01,2019010101002843,KSBBL,17,48,476,136.00,"64,736.00"
2019-01-01,2019010101002726,KSBBL,48,48,300,137.00,"41,100.00"
2019-01-01,2019010101002687,KSBBL,17,10,24,136.00,"3,264.00"
2019-01-01,2019010101003038,LBBL,20,48,500,171.00,"85,500.00"
2019-01-01,2019010101002976,LBBL,26,38,100,170.00,"17,000.00"
2019-01-01,2019010101002975,LBBL,57,38,500,170.00,"85,000.00"
2019-01-01,2019010101002974,LBBL,21,38,500,170.00,"85,000.00"
2019-01-01,2019010101002973,LBBL,26,38,100,170.00,"17,000.00"
2019-01-01,2019010101002972,LBBL,46,38,"1,000",170.00,"170,000.00"
2019-01-01,2019010101002842,LBBL,38,48,500,172.00,"86,000.00"
2019-01-01,2019010101002636,LBBL,39,48,200,172.00,"34,400.00"
2019-01-01,2019010101002635,LBBL,57,48,200,172.00,"34,400.00"
2019-01-01,2019010101002634,LBBL,28,48,892,172.00,"153,424.00"
2019-01-01,2019010101002965,LBBL,33,38,"1,000",171.00,"171,000.00"
2019-01-01,2019010101002964,LBBL,57,38,200,171.00,"34,200.00"
2019-01-01,2019010101002963,LBBL,28,38,"1,000",171.00,"171,000.00"
2019-01-01,2019010101002962,LBBL,21,38,200,171.00,"34,200.00"
2019-01-01,2019010101002961,LBBL,38,38,"5,000",171.00,"855,000.00"
2019-01-01,2019010101002960,LBBL,57,38,"1,000",171.00,"171,000.00"
2019-01-01,2019010101002971,LBBL,45,38,150,170.00,"25,500.00"
2019-01-01,2019010101002970,LBBL,38,38,"5,000",170.00,"850,000.00"
2019-01-01,2019010101002969,LBBL,22,38,"1,000",170.00,"170,000.00"
2019-01-01,2019010101002968,LBBL,32,38,200,170.00,"34,000.00"
2019-01-01,2019010101002967,LBBL,53,38,500,170.00,"85,000.00"
2019-01-01,2019010101002966,LBBL,32,38,300,170.00,"51,000.00"
2019-01-01,2019010101003071,LBL,5,49,150,223.00,"33,450.00"
2019-01-01,2019010101003037,LBL,38,49,67,223.00,"14,941.00"
2019-01-01,2019010101003036,LBL,38,40,100,223.00,"22,300.00"
2019-01-01,2019010101003033,LBL,6,38,167,222.00,"37,074.00"
2019-01-01,2019010101003096,LGIL,14,19,100,539.00,"53,900.00"
2019-01-01,2019010101003024,LGIL,34,19,52,540.00,"28,080.00"
2019-01-01,2019010101002980,LGIL,34,53,38,540.00,"20,520.00"
2019-01-01,2019010101002751,LGIL,34,10,10,540.00,"5,400.00"
2019-01-01,2019010101002664,LGIL,1,45,100,545.00,"54,500.00"
2019-01-01,2019010101003059,LLBS,7,42,27,805.00,"21,735.00"
2019-01-01,2019010101003058,LLBS,7,14,100,804.00,"80,400.00"
2019-01-01,2019010101003057,LLBS,7,40,74,803.00,"59,422.00"
2019-01-01,2019010101003056,LLBS,7,43,99,802.00,"79,398.00"
2019-01-01,2019010101003063,MBL,52,50,20,208.00,"4,160.00"
2019-01-01,2019010101002774,MBL,39,5,100,207.00,"20,700.00"
2019-01-01,2019010101003083,MEGA,10,44,450,175.00,"78,750.00"
2019-01-01,2019010101003018,MEGA,10,46,119,175.00,"20,825.00"
2019-01-01,2019010101002994,MEGA,10,41,244,175.00,"42,700.00"
2019-01-01,2019010101002893,MEGA,10,38,264,175.00,"46,200.00"
2019-01-01,2019010101002892,MEGA,56,38,136,175.00,"23,800.00"
2019-01-01,2019010101002720,MEGA,56,39,300,175.00,"52,500.00"
2019-01-01,2019010101002811,MERO,16,6,27,"1,055.00","28,485.00"
2019-01-01,2019010101002810,MERO,16,16,172,"1,054.00","181,288.00"
2019-01-01,2019010101002809,MERO,16,11,16,"1,054.00","16,864.00"
2019-01-01,2019010101002808,MERO,16,50,23,"1,054.00","24,242.00"
2019-01-01,2019010101002776,MERO,53,19,16,"1,050.00","16,800.00"
2019-01-01,2019010101002932,MIDBL,4,29,50,155.00,"7,750.00"
2019-01-01,2019010101003084,MLBBL,37,44,10,920.00,"9,200.00"
2019-01-01,2019010101002813,MLBBL,28,57,37,912.00,"33,744.00"
2019-01-01,2019010101002792,MLBBL,52,45,103,912.00,"93,936.00"
2019-01-01,2019010101002770,MLBBL,45,45,75,912.00,"68,400.00"
2019-01-01,2019010101002769,MLBBL,45,20,25,912.00,"22,800.00"
2019-01-01,2019010101002867,MSLB,42,41,15,"1,270.00","19,050.00"
2019-01-01,2019010101002825,NABIL,49,40,10,860.00,"8,600.00"
2019-01-01,2019010101002777,NABIL,1,40,100,858.00,"85,800.00"
2019-01-01,2019010101002805,NABILP,14,22,14,712.00,"9,968.00"
2019-01-01,2019010101002804,NABILP,49,22,10,712.00,"7,120.00"
2019-01-01,2019010101002609,NADEP,39,39,10,788.00,"7,880.00"
2019-01-01,2019010101002608,NADEP,39,39,10,788.00,"7,880.00"
2019-01-01,2019010101002607,NADEP,39,39,10,788.00,"7,880.00"
2019-01-01,2019010101002606,NADEP,39,39,10,788.00,"7,880.00"
2019-01-01,2019010101002605,NADEP,39,39,10,788.00,"7,880.00"
2019-01-01,2019010101002604,NADEP,39,39,10,788.00,"7,880.00"
2019-01-01,2019010101002610,NADEP,39,39,10,788.00,"7,880.00"
2019-01-01,2019010101002719,NBB,7,45,200,195.00,"39,000.00"
2019-01-01,2019010101002714,NBB,7,50,200,195.00,"39,000.00"
2019-01-01,2019010101002660,NBBL,48,1,55,793.00,"43,615.00"
2019-01-01,2019010101003034,NBL,38,37,200,306.00,"61,200.00"
2019-01-01,2019010101002812,NBL,38,4,500,306.00,"153,000.00"
2019-01-01,2019010101003095,NCCB,54,47,32,211.00,"6,752.00"
2019-01-01,2019010101003094,NCCB,56,47,300,211.00,"63,300.00"
2019-01-01,2019010101003093,NCCB,38,47,668,211.00,"140,948.00"
2019-01-01,2019010101003088,NCCB,38,47,"1,332",211.00,"281,052.00"
2019-01-01,2019010101003087,NCCB,39,47,62,211.00,"13,082.00"
2019-01-01,2019010101003078,NCCB,39,47,238,211.00,"50,218.00"
2019-01-01,2019010101002854,NCCB,20,26,740,212.00,"156,880.00"
2019-01-01,2019010101002801,NCCB,20,14,60,212.00,"12,720.00"
2019-01-01,2019010101002800,NCCB,20,22,200,212.00,"42,400.00"
2019-01-01,2019010101002631,NCCB,33,45,400,212.00,"84,800.00"
2019-01-01,2019010101002957,NCCB,34,5,693,212.00,"146,916.00"
2019-01-01,2019010101002956,NCCB,34,37,185,212.00,"39,220.00"
2019-01-01,2019010101002955,NCCB,34,26,760,212.00,"161,120.00"
2019-01-01,2019010101002924,NCCB,37,26,100,212.00,"21,200.00"
2019-01-01,2019010101002886,NCCB,6,26,300,212.00,"63,600.00"
2019-01-01,2019010101002855,NCCB,41,26,100,212.00,"21,200.00"
2019-01-01,2019010101003077,NCCB,49,47,100,211.00,"21,100.00"
2019-01-01,2019010101003076,NCCB,32,47,500,211.00,"105,500.00"
2019-01-01,2019010101003075,NCCB,34,47,"1,000",211.00,"211,000.00"
2019-01-01,2019010101003074,NCCB,32,47,"1,000",211.00,"211,000.00"
2019-01-01,2019010101003073,NCCB,48,47,500,211.00,"105,500.00"
2019-01-01,2019010101003072,NCCB,44,47,"2,285",211.00,"482,135.00"
2019-01-01,2019010101003022,NCDB,21,6,58,120.00,"6,960.00"
2019-01-01,2019010101002820,NGPL,58,20,11,122.00,"1,342.00"
2019-01-01,2019010101003051,NHPC,52,39,100,69.00,"6,900.00"
2019-01-01,2019010101002835,NHPC,56,29,990,68.00,"67,320.00"
2019-01-01,2019010101002834,NHPC,56,29,"1,000",68.00,"68,000.00"
2019-01-01,2019010101003097,NIB,28,46,37,554.00,"20,498.00"
2019-01-01,2019010101003067,NIB,28,1,545,554.00,"301,930.00"
2019-01-01,2019010101003055,NIB,51,1,200,555.00,"111,000.00"
2019-01-01,2019010101003019,NIB,28,44,26,554.00,"14,404.00"
2019-01-01,2019010101002914,NIB,58,1,10,555.00,"5,550.00"
2019-01-01,2019010101002866,NIB,16,1,30,555.00,"16,650.00"
2019-01-01,2019010101002817,NIB,28,45,100,554.00,"55,400.00"
2019-01-01,2019010101002789,NIB,46,1,50,555.00,"27,750.00"
2019-01-01,2019010101002765,NIB,39,1,200,555.00,"111,000.00"
2019-01-01,2019010101002757,NIB,55,1,10,555.00,"5,550.00"
2019-01-01,2019010101002602,NIB,13,36,616,555.00,"341,880.00"
2019-01-01,2019010101002993,NIBPO,55,13,100,495.00,"49,500.00"
2019-01-01,2019010101002869,NICL,46,10,200,566.00,"113,200.00"
2019-01-01,2019010101002836,NICL,46,53,300,566.00,"169,800.00"
2019-01-01,2019010101002833,NICL,14,22,50,567.00,"28,350.00"
2019-01-01,2019010101003032,NIL,35,32,200,548.00,"109,600.00"
2019-01-01,2019010101002718,NLG,39,39,1,845.00,845.00
2019-01-01,2019010101002715,NLG,39,39,1,845.00,845.00
2019-01-01,2019010101003069,NLIC,57,20,17,"1,105.00","18,785.00"
2019-01-01,2019010101003023,NLIC,58,20,12,"1,105.00","13,260.00"
2019-01-01,2019010101002985,NLIC,58,20,17,"1,105.00","18,785.00"
2019-01-01,2019010101002979,NLIC,58,26,20,"1,105.00","22,100.00"
2019-01-01,2019010101002934,NLIC,58,20,17,"1,105.00","18,785.00"
2019-01-01,2019010101002910,NLIC,58,20,17,"1,105.00","18,785.00"
2019-01-01,2019010101002627,NLIC,16,48,500,"1,109.00","554,500.00"
2019-01-01,2019010101002626,NLIC,38,48,13,"1,109.00","14,417.00"
2019-01-01,2019010101002875,NLIC,58,20,17,"1,105.00","18,785.00"
2019-01-01,2019010101002831,NLIC,45,48,30,"1,109.00","33,270.00"
2019-01-01,2019010101002824,NLIC,16,25,83,"1,108.00","91,964.00"
2019-01-01,2019010101002790,NLIC,16,20,17,"1,108.00","18,836.00"
2019-01-01,2019010101002717,NLIC,16,33,200,"1,108.00","221,600.00"
2019-01-01,2019010101002630,NLIC,10,48,100,"1,109.00","110,900.00"
2019-01-01,2019010101003090,NLICL,33,37,50,721.00,"36,050.00"
2019-01-01,2019010101003068,NLICL,36,34,58,722.00,"41,876.00"
2019-01-01,2019010101003011,NLICL,38,38,80,724.00,"57,920.00"
2019-01-01,2019010101002788,NLICL,48,25,360,725.00,"261,000.00"
2019-01-01,2019010101002637,NLICL,16,35,100,726.00,"72,600.00"
2019-01-01,2019010101002618,NLICL,36,16,180,722.00,"129,960.00"
2019-01-01,2019010101003009,NMB,14,49,185,325.00,"60,125.00"
2019-01-01,2019010101003008,NMB,19,49,100,325.00,"32,500.00"
2019-01-01,2019010101003007,NMB,34,49,20,325.00,"6,500.00"
2019-01-01,2019010101003006,NMB,17,49,50,325.00,"16,250.00"
2019-01-01,2019010101003005,NMB,54,49,"1,000",326.00,"326,000.00"
2019-01-01,2019010101003004,NMB,22,49,500,326.00,"163,000.00"
2019-01-01,2019010101002612,NMB,41,51,10,328.00,"3,280.00"
2019-01-01,2019010101002694,NMB,57,35,40,327.00,"13,080.00"
2019-01-01,2019010101002693,NMB,38,35,300,327.00,"98,100.00"
2019-01-01,2019010101002692,NMB,55,35,70,327.00,"22,890.00"
2019-01-01,2019010101002676,NMB,16,5,45,328.00,"14,760.00"
2019-01-01,2019010101002649,NMB,16,44,130,328.00,"42,640.00"
2019-01-01,2019010101002644,NMB,16,51,25,328.00,"8,200.00"
2019-01-01,2019010101002839,NMB,42,53,500,327.00,"163,500.00"
2019-01-01,2019010101002700,NMB,42,35,280,327.00,"91,560.00"
2019-01-01,2019010101002698,NMB,52,35,10,327.00,"3,270.00"
2019-01-01,2019010101002697,NMB,29,35,100,327.00,"32,700.00"
2019-01-01,2019010101002696,NMB,57,35,300,327.00,"98,100.00"
2019-01-01,2019010101002695,NMB,28,35,"1,000",327.00,"327,000.00"
2019-01-01,2019010101002997,NMB,13,49,350,326.00,"114,100.00"
2019-01-01,2019010101002996,NMB,59,49,45,326.00,"14,670.00"
2019-01-01,2019010101002952,NMB,59,22,55,326.00,"17,930.00"
2019-01-01,2019010101002951,NMB,26,22,100,326.00,"32,600.00"
2019-01-01,2019010101002950,NMB,26,22,45,326.00,"14,670.00"
2019-01-01,2019010101002868,NMB,42,26,220,327.00,"71,940.00"
2019-01-01,2019010101003003,NMB,57,49,200,326.00,"65,200.00"
2019-01-01,2019010101003002,NMB,34,49,200,326.00,"65,200.00"
2019-01-01,2019010101003001,NMB,21,49,100,326.00,"32,600.00"
2019-01-01,2019010101003000,NMB,32,49,200,326.00,"65,200.00"
2019-01-01,2019010101002999,NMB,58,49,50,326.00,"16,300.00"
2019-01-01,2019010101002998,NMB,19,49,100,326.00,"32,600.00"
2019-01-01,2019010101002958,NMBMF,59,18,500,"1,120.00","560,000.00"
2019-01-01,2019010101002819,NMBMF,17,17,50,"1,125.00","56,250.00"
2019-01-01,2019010101002704,NMBMF,6,7,10,"1,140.00","11,400.00"
2019-01-01,2019010101002667,NMFBS,16,37,20,"1,513.00","30,260.00"
2019-01-01,2019010101002666,NMFBS,16,38,28,"1,510.00","42,280.00"
2019-01-01,2019010101002652,NSEWA,58,3,80,570.00,"45,600.00"
2019-01-01,2019010101002640,NSEWA,49,3,20,570.00,"11,400.00"
2019-01-01,2019010101003047,NUBL,42,40,15,731.00,"10,965.00"
2019-01-01,2019010101002838,NUBL,42,44,15,731.00,"10,965.00"
2019-01-01,2019010101002837,NUBL,17,44,35,732.00,"25,620.00"
2019-01-01,2019010101003041,OHL,59,4,307,435.00,"133,545.00"
2019-01-01,2019010101003040,OHL,13,4,25,435.00,"10,875.00"
2019-01-01,2019010101003039,OHL,55,4,13,436.00,"5,668.00"
2019-01-01,2019010101002949,PCBL,51,42,50,336.00,"16,800.00"
2019-01-01,2019010101002936,PCBL,50,42,44,336.00,"14,784.00"
2019-01-01,2019010101002935,PCBL,50,41,106,336.00,"35,616.00"
2019-01-01,2019010101002861,PCBL,22,41,200,336.00,"67,200.00"
2019-01-01,2019010101002661,PCBL,41,41,500,335.00,"167,500.00"
2019-01-01,2019010101002863,PIC,45,49,20,"1,030.00","20,600.00"
2019-01-01,2019010101002862,PIC,37,49,400,"1,030.00","412,000.00"
2019-01-01,2019010101002816,PIC,52,51,11,"1,031.00","11,341.00"
2019-01-01,2019010101002797,PIC,45,51,50,"1,031.00","51,550.00"
2019-01-01,2019010101002796,PIC,42,51,100,"1,031.00","103,100.00"
2019-01-01,2019010101002795,PIC,45,51,89,"1,032.00","91,848.00"
2019-01-01,2019010101002753,PIC,45,20,11,"1,032.00","11,352.00"
2019-01-01,2019010101002632,PIC,39,39,11,"1,033.00","11,363.00"
2019-01-01,2019010101002954,PLIC,42,7,250,500.00,"125,000.00"
2019-01-01,2019010101002739,PLIC,42,35,150,500.00,"75,000.00"
2019-01-01,2019010101002691,PLIC,35,45,50,500.00,"25,000.00"
2019-01-01,2019010101002690,PLIC,14,45,70,500.00,"35,000.00"
2019-01-01,2019010101002623,PLIC,14,25,130,500.00,"65,000.00"
2019-01-01,2019010101002622,PLIC,34,25,50,501.00,"25,050.00"
2019-01-01,2019010101002621,PLIC,42,25,100,502.00,"50,200.00"
2019-01-01,2019010101002601,PLIC,49,25,100,502.00,"50,200.00"
2019-01-01,2019010101003061,PMHPL,36,49,10,114.00,"1,140.00"
2019-01-01,2019010101002815,PMHPL,36,22,10,114.00,"1,140.00"
2019-01-01,2019010101002814,PMHPL,36,39,10,114.00,"1,140.00"
2019-01-01,2019010101002645,PMHPL,10,39,10,113.00,"1,130.00"
2019-01-01,2019010101002894,PRIN,57,29,151,465.00,"70,215.00"
2019-01-01,2019010101002864,PRIN,57,34,100,465.00,"46,500.00"
2019-01-01,2019010101002624,PRIN,57,22,400,465.00,"186,000.00"
2019-01-01,2019010101002617,PRIN,45,22,100,466.00,"46,600.00"
2019-01-01,2019010101003085,PRVU,33,46,100,248.00,"24,800.00"
2019-01-01,2019010101003029,PRVU,49,59,174,247.00,"42,978.00"
2019-01-01,2019010101003028,PRVU,35,59,50,247.00,"12,350.00"
2019-01-01,2019010101002859,PRVU,48,46,220,248.00,"54,560.00"
2019-01-01,2019010101002845,PRVU,52,40,14,247.00,"3,458.00"
2019-01-01,2019010101003027,PRVU,35,59,100,247.00,"24,700.00"
2019-01-01,2019010101003026,PRVU,34,59,500,247.00,"123,500.00"
2019-01-01,2019010101003025,PRVU,53,59,186,247.00,"45,942.00"
2019-01-01,2019010101003021,PRVU,53,50,814,247.00,"201,058.00"
2019-01-01,2019010101003020,PRVU,52,50,166,247.00,"41,002.00"
2019-01-01,2019010101002639,RADHI,45,39,11,164.00,"1,804.00"
2019-01-01,2019010101002895,RHPC,39,20,17,99.00,"1,683.00"
2019-01-01,2019010101002747,RHPC,39,20,18,99.00,"1,782.00"
2019-01-01,2019010101002898,RRHP,26,20,10,105.00,"1,050.00"
2019-01-01,2019010101002716,RRHP,43,49,10,104.00,"1,040.00"
2019-01-01,2019010101002603,RRHP,43,37,10,104.00,"1,040.00"
2019-01-01,2019010101002903,RSDC,39,39,1,402.00,402.00
2019-01-01,2019010101002900,RSDC,39,39,1,402.00,402.00
2019-01-01,2019010101002899,RSDC,39,39,1,402.00,402.00
2019-01-01,2019010101002896,RSDC,39,39,1,402.00,402.00
2019-01-01,2019010101002891,RSDC,39,39,1,402.00,402.00
2019-01-01,2019010101003091,SADBL,52,1,100,139.00,"13,900.00"
2019-01-01,2019010101003060,SBI,54,36,100,424.00,"42,400.00"
2019-01-01,2019010101003012,SBI,52,36,10,424.00,"4,240.00"
2019-01-01,2019010101002986,SBI,51,17,21,423.00,"8,883.00"
2019-01-01,2019010101002959,SBI,44,47,99,422.00,"41,778.00"
2019-01-01,2019010101002872,SBI,43,28,300,424.00,"127,200.00"
2019-01-01,2019010101002871,SBI,21,28,210,424.00,"89,040.00"
2019-01-01,2019010101002614,SBI,43,49,95,425.00,"40,375.00"
2019-01-01,2019010101002613,SBI,55,49,20,425.00,"8,500.00"
2019-01-01,2019010101002742,SBI,46,57,50,425.00,"21,250.00"
2019-01-01,2019010101002741,SBI,43,57,84,425.00,"35,700.00"
2019-01-01,2019010101002709,SBI,43,41,87,425.00,"36,975.00"
2019-01-01,2019010101002699,SBI,43,53,100,425.00,"42,500.00"
2019-01-01,2019010101002686,SBI,32,36,50,426.00,"21,300.00"
2019-01-01,2019010101002625,SBI,21,36,20,426.00,"8,520.00"
2019-01-01,2019010101002749,SBI,43,25,113,425.00,"48,025.00"
2019-01-01,2019010101002748,SBI,19,25,168,425.00,"71,400.00"
2019-01-01,2019010101002746,SBI,19,7,32,425.00,"13,600.00"
2019-01-01,2019010101002745,SBI,29,7,234,425.00,"99,450.00"
2019-01-01,2019010101002744,SBI,29,57,266,425.00,"113,050.00"
2019-01-01,2019010101002743,SBI,55,57,100,425.00,"42,500.00"
2019-01-01,2019010101002823,SBI,21,28,290,424.00,"122,960.00"
2019-01-01,2019010101002822,SBI,28,28,300,424.00,"127,200.00"
2019-01-01,2019010101002821,SBI,37,28,200,425.00,"85,000.00"
2019-01-01,2019010101002786,SBI,43,25,181,425.00,"76,925.00"
2019-01-01,2019010101002752,SBI,32,36,10,426.00,"4,260.00"
2019-01-01,2019010101002750,SBI,43,25,219,425.00,"93,075.00"
2019-01-01,2019010101002706,SBL,39,26,25,297.00,"7,425.00"
2019-01-01,2019010101002705,SBL,39,58,30,296.00,"8,880.00"
2019-01-01,2019010101002654,SBL,22,22,16,295.00,"4,720.00"
2019-01-01,2019010101002653,SBL,32,22,34,295.00,"10,030.00"
2019-01-01,2019010101002915,SCB,13,20,20,619.00,"12,380.00"
2019-01-01,2019010101002909,SCB,13,58,50,619.00,"30,950.00"
2019-01-01,2019010101002887,SCB,13,20,20,619.00,"12,380.00"
2019-01-01,2019010101002870,SCB,13,4,32,619.00,"19,808.00"
2019-01-01,2019010101002856,SCB,13,20,20,619.00,"12,380.00"
2019-01-01,2019010101002807,SCB,13,20,20,619.00,"12,380.00"
2019-01-01,2019010101002736,SCB,13,20,20,619.00,"12,380.00"
2019-01-01,2019010101002735,SCB,17,58,20,621.00,"12,420.00"
2019-01-01,2019010101003089,SDESI,49,49,100,657.00,"65,700.00"
2019-01-01,2019010101002641,SDESI,33,1,12,654.00,"7,848.00"
2019-01-01,2019010101002731,SHINE,28,57,400,251.00,"100,400.00"
2019-01-01,2019010101002730,SHINE,28,40,70,251.00,"17,570.00"
2019-01-01,2019010101002646,SHINE,21,17,50,250.00,"12,500.00"
2019-01-01,2019010101002756,SHL,17,14,800,202.00,"161,600.00"
2019-01-01,2019010101002755,SHL,22,14,300,203.00,"60,900.00"
2019-01-01,2019010101002830,SIC,16,35,50,"1,320.00","66,000.00"
2019-01-01,2019010101002927,SICL,58,21,380,910.00,"345,800.00"
2019-01-01,2019010101002926,SICL,35,21,20,912.00,"18,240.00"
2019-01-01,2019010101002773,SIFC,32,46,25,132.00,"3,300.00"
2019-01-01,2019010101002723,SIFC,44,10,44,133.00,"5,852.00"
2019-01-01,2019010101002916,SLBBL,32,57,230,540.00,"124,200.00"
2019-01-01,2019010101002908,SLBBL,32,57,270,540.00,"145,800.00"
2019-01-01,2019010101002907,SLBBL,17,57,80,541.00,"43,280.00"
2019-01-01,2019010101002906,SLBBL,14,57,100,541.00,"54,100.00"
2019-01-01,2019010101002905,SLBBL,33,57,150,543.00,"81,450.00"
2019-01-01,2019010101002847,SLBBL,58,57,350,545.00,"190,750.00"
2019-01-01,2019010101002846,SLBBL,42,57,50,545.00,"27,250.00"
2019-01-01,2019010101002923,SLBS,6,55,10,"1,017.00","10,170.00"
2019-01-01,2019010101002942,SLICL,34,53,20,570.00,"11,400.00"
2019-01-01,2019010101002941,SLICL,5,17,105,563.00,"59,115.00"
2019-01-01,2019010101002940,SLICL,7,17,50,563.00,"28,150.00"
2019-01-01,2019010101002939,SLICL,42,17,100,563.00,"56,300.00"
2019-01-01,2019010101002938,SLICL,35,17,20,564.00,"11,280.00"
2019-01-01,2019010101002937,SLICL,22,17,190,564.00,"107,160.00"
2019-01-01,2019010101002874,SLICL,22,38,10,564.00,"5,640.00"
2019-01-01,2019010101002668,SLICL,39,55,100,565.00,"56,500.00"
2019-01-01,2019010101003086,SMB,4,20,10,650.00,"6,500.00"
2019-01-01,2019010101003052,SMFDB,44,17,10,742.00,"7,420.00"
2019-01-01,2019010101002953,SMFDB,44,17,10,728.00,"7,280.00"
2019-01-01,2019010101002897,SMFDB,17,25,50,714.00,"35,700.00"
2019-01-01,2019010101002841,SPDL,54,17,488,93.00,"45,384.00"
2019-01-01,2019010101003053,SRBL,4,33,17,216.00,"3,672.00"
2019-01-01,2019010101002703,TRH,47,29,20,241.00,"4,820.00"
2019-01-01,2019010101002901,UIC,37,53,100,760.00,"76,000.00"
2019-01-01,2019010101002829,WOMI,39,39,1,945.00,945.00
2019-01-01,2019010101002827,WOMI,39,39,1,945.00,945.00
2019-01-01,2019010101002818,WOMI,39,39,1,945.00,945.00
2019-01-01,2019010101002803,WOMI,39,39,1,945.00,945.00
2019-01-01,2019010101002581,ADBL,38,34,25,350.00,"8,750.00"
2019-01-01,2019010101002569,ADBL,57,43,500,346.00,"173,000.00"
2019-01-01,2019010101002568,ADBL,37,43,100,346.00,"34,600.00"
2019-01-01,2019010101002460,ADBL,42,34,53,350.00,"18,550.00"
2019-01-01,2019010101002394,ADBL,14,42,53,345.00,"18,285.00"
2019-01-01,2019010101002354,ADBL,34,40,100,345.00,"34,500.00"
2019-01-01,2019010101002263,ADBL,38,43,500,345.00,"172,500.00"
2019-01-01,2019010101002262,ADBL,14,43,500,346.00,"173,000.00"
2019-01-01,2019010101002261,ADBL,1,43,100,347.00,"34,700.00"
2019-01-01,2019010101002235,ADBL,43,43,2,345.00,690.00
2019-01-01,2019010101002229,ADBL,43,43,2,345.00,690.00
2019-01-01,2019010101002269,ADBL,50,43,"2,000",345.00,"690,000.00"
2019-01-01,2019010101002268,ADBL,5,43,"1,000",345.00,"345,000.00"
2019-01-01,2019010101002267,ADBL,45,43,50,345.00,"17,250.00"
2019-01-01,2019010101002266,ADBL,45,43,50,345.00,"17,250.00"
2019-01-01,2019010101002265,ADBL,1,43,100,345.00,"34,500.00"
2019-01-01,2019010101002264,ADBL,7,43,300,345.00,"103,500.00"
2019-01-01,2019010101002589,AKJCL,37,37,10,96.00,960.00
2019-01-01,2019010101002321,AKJCL,37,59,10,96.00,960.00
2019-01-01,2019010101002320,AKJCL,42,59,10,96.00,960.00
2019-01-01,2019010101002302,AKJCL,42,59,10,97.00,970.00
2019-01-01,2019010101002298,AKJCL,42,59,10,97.00,970.00
2019-01-01,2019010101002527,ALICL,36,51,500,620.00,"310,000.00"
2019-01-01,2019010101002526,ALICL,36,50,200,618.00,"123,600.00"
2019-01-01,2019010101002525,ALICL,36,32,300,617.00,"185,100.00"
2019-01-01,2019010101002400,ALICL,58,50,180,618.00,"111,240.00"
2019-01-01,2019010101002137,ALICL,36,41,50,623.00,"31,150.00"
2019-01-01,2019010101002530,API,13,16,14,148.00,"2,072.00"
2019-01-01,2019010101002529,API,41,41,"3,000",149.00,"447,000.00"
2019-01-01,2019010101002510,API,41,41,"3,000",149.00,"447,000.00"
2019-01-01,2019010101002485,API,41,41,"3,000",149.00,"447,000.00"
2019-01-01,2019010101002470,API,56,32,"1,000",149.00,"149,000.00"
2019-01-01,2019010101002469,API,52,32,689,150.00,"103,350.00"
2019-01-01,2019010101002124,API,22,33,100,151.00,"15,100.00"
2019-01-01,2019010101002424,API,52,25,311,150.00,"46,650.00"
2019-01-01,2019010101002227,API,13,28,69,148.00,"10,212.00"
2019-01-01,2019010101002226,API,53,28,"1,500",148.00,"222,000.00"
2019-01-01,2019010101002225,API,34,28,100,148.00,"14,800.00"
2019-01-01,2019010101002224,API,54,28,500,148.00,"74,000.00"
2019-01-01,2019010101002159,API,42,33,100,151.00,"15,100.00"
2019-01-01,2019010101002509,BARUN,39,39,50,112.00,"5,600.00"
2019-01-01,2019010101002592,BOKL,13,17,208,330.00,"68,640.00"
2019-01-01,2019010101002591,BOKL,53,17,10,330.00,"3,300.00"
2019-01-01,2019010101002590,BOKL,47,17,362,330.00,"119,460.00"
2019-01-01,2019010101002459,BOKL,47,54,138,330.00,"45,540.00"
2019-01-01,2019010101002431,BOKL,51,54,100,330.00,"33,000.00"
2019-01-01,2019010101002333,BOKL,50,17,200,330.00,"66,000.00"
2019-01-01,2019010101002332,BOKL,59,17,120,330.00,"39,600.00"
2019-01-01,2019010101002331,BOKL,1,17,100,330.00,"33,000.00"
2019-01-01,2019010101002297,BPCL,13,58,50,376.00,"18,800.00"
2019-01-01,2019010101002296,BPCL,13,58,40,376.00,"15,040.00"
2019-01-01,2019010101002223,BPCL,42,58,10,376.00,"3,760.00"
2019-01-01,2019010101002548,CBBL,50,33,200,846.00,"169,200.00"
2019-01-01,2019010101002524,CBBL,1,1,100,850.00,"85,000.00"
2019-01-01,2019010101002454,CBBL,58,33,200,846.00,"169,200.00"
2019-01-01,2019010101002435,CBBL,57,33,200,847.00,"169,400.00"
2019-01-01,2019010101002308,CBBL,17,22,30,854.00,"25,620.00"
2019-01-01,2019010101002238,CBBL,17,33,100,850.00,"85,000.00"
2019-01-01,2019010101002556,CBL,58,52,221,163.00,"36,023.00"
2019-01-01,2019010101002549,CBL,58,52,221,163.00,"36,023.00"
2019-01-01,2019010101002392,CBL,58,43,150,163.00,"24,450.00"
2019-01-01,2019010101002379,CBL,34,43,350,163.00,"57,050.00"
2019-01-01,2019010101002378,CBL,34,28,650,163.00,"105,950.00"
2019-01-01,2019010101002377,CBL,22,28,350,163.00,"57,050.00"
2019-01-01,2019010101002517,CCBL,58,59,600,171.00,"102,600.00"
2019-01-01,2019010101002515,CCBL,58,59,628,171.00,"107,388.00"
2019-01-01,2019010101002500,CCBL,58,51,19,171.00,"3,249.00"
2019-01-01,2019010101002444,CCBL,58,32,500,171.00,"85,500.00"
2019-01-01,2019010101002310,CCBL,6,17,64,172.00,"11,008.00"
2019-01-01,2019010101002301,CCBL,6,17,72,172.00,"12,384.00"
2019-01-01,2019010101002284,CCBL,40,17,50,172.00,"8,600.00"
2019-01-01,2019010101002576,CHCL,55,45,247,680.00,"167,960.00"
2019-01-01,2019010101002575,CHCL,45,45,25,681.00,"17,025.00"
2019-01-01,2019010101002574,CHCL,35,45,100,681.00,"68,100.00"
2019-01-01,2019010101002573,CHCL,41,45,175,681.00,"119,175.00"
2019-01-01,2019010101002572,CHCL,55,45,300,682.00,"204,600.00"
2019-01-01,2019010101002571,CHCL,17,45,103,682.00,"70,246.00"
2019-01-01,2019010101002279,CHCL,46,45,50,685.00,"34,250.00"
2019-01-01,2019010101002278,CHCL,55,45,274,686.00,"187,964.00"
2019-01-01,2019010101002219,CHCL,55,7,10,688.00,"6,880.00"
2019-01-01,2019010101002218,CHCL,55,53,16,688.00,"11,008.00"
2019-01-01,2019010101002207,CHCL,37,32,200,687.00,"137,400.00"
2019-01-01,2019010101002206,CHCL,37,11,300,687.00,"206,100.00"
2019-01-01,2019010101002570,CHCL,50,45,50,682.00,"34,100.00"
2019-01-01,2019010101002523,CHCL,13,26,24,685.00,"16,440.00"
2019-01-01,2019010101002391,CHCL,35,59,20,686.00,"13,720.00"
2019-01-01,2019010101002390,CHCL,57,59,50,686.00,"34,300.00"
2019-01-01,2019010101002389,CHCL,41,59,70,686.00,"48,020.00"
2019-01-01,2019010101002280,CHCL,13,45,176,685.00,"120,560.00"
2019-01-01,2019010101002483,CHL,39,16,10,104.00,"1,040.00"
2019-01-01,2019010101002327,CIT,1,25,50,"2,150.00","107,500.00"
2019-01-01,2019010101002153,CLBSL,34,44,200,686.00,"137,200.00"
2019-01-01,2019010101002152,CLBSL,39,44,26,686.00,"17,836.00"
2019-01-01,2019010101002151,CLBSL,39,44,13,686.00,"8,918.00"
2019-01-01,2019010101002457,CMF1,51,19,500,9.06,"4,530.00"
2019-01-01,2019010101002399,CZBIL,17,45,48,212.00,"10,176.00"
2019-01-01,2019010101002393,CZBIL,17,45,70,212.00,"14,840.00"
2019-01-01,2019010101002387,CZBIL,17,39,200,212.00,"42,400.00"
2019-01-01,2019010101002122,CZBIL,17,17,671,212.00,"142,252.00"
2019-01-01,2019010101002204,DBBL,19,48,400,127.00,"50,800.00"
2019-01-01,2019010101002359,DDBL,44,14,300,649.00,"194,700.00"
2019-01-01,2019010101002358,DDBL,25,14,30,650.00,"19,500.00"
2019-01-01,2019010101002538,EBL,7,53,15,539.00,"8,085.00"
2019-01-01,2019010101002286,EBL,53,28,200,539.00,"107,800.00"
2019-01-01,2019010101002317,EIC,58,16,10,851.00,"8,510.00"
2019-01-01,2019010101002398,FMDBL,39,34,50,383.00,"19,150.00"
2019-01-01,2019010101002386,FMDBL,33,34,130,385.00,"50,050.00"
2019-01-01,2019010101002385,FMDBL,26,34,20,385.00,"7,700.00"
2019-01-01,2019010101002347,FMDBL,28,26,80,389.00,"31,120.00"
2019-01-01,2019010101002346,FMDBL,28,48,100,389.00,"38,900.00"
2019-01-01,2019010101002345,FMDBL,28,34,20,388.00,"7,760.00"
2019-01-01,2019010101002336,GBBL,45,13,115,188.00,"21,620.00"
2019-01-01,2019010101002541,GBIME,54,46,81,273.00,"22,113.00"
2019-01-01,2019010101002521,GBIME,54,46,919,273.00,"250,887.00"
2019-01-01,2019010101002520,GBIME,43,46,81,273.00,"22,113.00"
2019-01-01,2019010101002512,GBIME,43,55,19,273.00,"5,187.00"
2019-01-01,2019010101002511,GBIME,1,55,40,273.00,"10,920.00"
2019-01-01,2019010101002427,GBIME,42,46,30,274.00,"8,220.00"
2019-01-01,2019010101002158,GBIME,58,33,86,274.00,"23,564.00"
2019-01-01,2019010101002154,GBIME,58,50,89,273.00,"24,297.00"
2019-01-01,2019010101002132,GBIME,26,50,150,273.00,"40,950.00"
2019-01-01,2019010101002131,GBIME,6,50,40,273.00,"10,920.00"
2019-01-01,2019010101002130,GBIME,39,50,21,273.00,"5,733.00"
2019-01-01,2019010101002129,GBIME,33,50,200,273.00,"54,600.00"
2019-01-01,2019010101002449,GDBL,29,29,1,192.00,192.00
2019-01-01,2019010101002407,GDBL,34,45,500,192.00,"96,000.00"
2019-01-01,2019010101002518,GFCL,11,35,34,120.00,"4,080.00"
2019-01-01,2019010101002487,GFCL,1,35,119,121.00,"14,399.00"
2019-01-01,2019010101002448,GILB,22,17,10,"1,132.00","11,320.00"
2019-01-01,2019010101002562,GLICL,52,25,200,734.00,"146,800.00"
2019-01-01,2019010101002334,HATH,22,43,10,131.00,"1,310.00"
2019-01-01,2019010101002508,HBL,22,34,160,475.00,"76,000.00"
2019-01-01,2019010101002342,HBL,32,34,150,475.00,"71,250.00"
2019-01-01,2019010101002341,HBL,42,34,10,475.00,"4,750.00"
2019-01-01,2019010101002240,HGI,53,6,144,413.00,"59,472.00"
2019-01-01,2019010101002237,HGI,34,59,40,408.00,"16,320.00"
2019-01-01,2019010101002234,HGI,21,26,150,411.00,"61,650.00"
2019-01-01,2019010101002209,HGI,21,5,500,412.00,"206,000.00"
2019-01-01,2019010101002557,HIDCL,49,1,264,151.00,"39,864.00"
2019-01-01,2019010101002506,HIDCL,49,51,10,151.00,"1,510.00"
2019-01-01,2019010101002249,HIDCL,49,17,176,151.00,"26,576.00"
2019-01-01,2019010101002248,HIDCL,17,17,40,151.00,"6,040.00"
2019-01-01,2019010101002242,HIDCL,48,17,45,152.00,"6,840.00"
2019-01-01,2019010101002534,HPPL,10,16,12,188.00,"2,256.00"
2019-01-01,2019010101002125,JBBL,59,34,10,135.00,"1,350.00"
2019-01-01,2019010101002580,JBNL,10,33,450,172.00,"77,400.00"
2019-01-01,2019010101002514,JBNL,32,16,20,171.00,"3,420.00"
2019-01-01,2019010101002456,JBNL,54,33,500,172.00,"86,000.00"
2019-01-01,2019010101002447,JBNL,59,33,50,172.00,"8,600.00"
2019-01-01,2019010101002446,JBNL,59,54,50,172.00,"8,600.00"
2019-01-01,2019010101002445,JBNL,34,54,50,172.00,"8,600.00"
2019-01-01,2019010101002212,JBNL,4,40,200,173.00,"34,600.00"
2019-01-01,2019010101002533,JEFL,39,55,30,111.00,"3,330.00"
2019-01-01,2019010101002491,JEFL,39,49,543,111.00,"60,273.00"
2019-01-01,2019010101002486,JEFL,39,49,457,111.00,"50,727.00"
2019-01-01,2019010101002482,JEFL,39,52,393,111.00,"43,623.00"
2019-01-01,2019010101002504,KBBL,1,35,183,216.00,"39,528.00"
2019-01-01,2019010101002503,KBBL,1,1,111,216.00,"23,976.00"
2019-01-01,2019010101002384,KBBL,6,1,500,216.00,"108,000.00"
2019-01-01,2019010101002356,KBBL,6,1,400,216.00,"86,400.00"
2019-01-01,2019010101002355,KBBL,6,50,100,216.00,"21,600.00"
2019-01-01,2019010101002135,KBBL,6,48,934,215.00,"200,810.00"
2019-01-01,2019010101002103,KBBL,13,56,150,214.00,"32,100.00"
2019-01-01,2019010101002579,KBL,6,1,85,246.00,"20,910.00"
2019-01-01,2019010101002578,KBL,52,1,15,246.00,"3,690.00"
2019-01-01,2019010101002547,KBL,49,34,163,247.00,"40,261.00"
2019-01-01,2019010101002546,KBL,49,44,637,247.00,"157,339.00"
2019-01-01,2019010101002121,KBL,50,40,150,247.00,"37,050.00"
2019-01-01,2019010101002120,KBL,50,17,50,247.00,"12,350.00"
2019-01-01,2019010101002119,KBL,50,58,199,247.00,"49,153.00"
2019-01-01,2019010101002106,KBL,33,58,400,247.00,"98,800.00"
2019-01-01,2019010101002167,KEBL,1,7,10,217.00,"2,170.00"
2019-01-01,2019010101002166,KEBL,1,25,50,217.00,"10,850.00"
2019-01-01,2019010101002277,KEBL,1,21,40,217.00,"8,680.00"
2019-01-01,2019010101002197,KKHC,44,58,10,91.00,910.00
2019-01-01,2019010101002133,KKHC,44,17,16,91.00,"1,456.00"
2019-01-01,2019010101002171,KMCDB,39,33,50,955.00,"47,750.00"
2019-01-01,2019010101002255,KNBL,17,21,500,122.00,"61,000.00"
2019-01-01,2019010101002102,KNBL,35,16,38,121.00,"4,598.00"
2019-01-01,2019010101002380,KPCL,53,19,30,104.00,"3,120.00"
2019-01-01,2019010101002326,KPCL,39,44,10,103.00,"1,030.00"
2019-01-01,2019010101002322,KPCL,52,59,10,101.00,"1,010.00"
2019-01-01,2019010101002304,KPCL,52,59,10,101.00,"1,010.00"
2019-01-01,2019010101002300,KPCL,52,59,10,101.00,"1,010.00"
2019-01-01,2019010101002182,KPCL,52,34,10,101.00,"1,010.00"
2019-01-01,2019010101002118,KPCL,11,34,10,102.00,"1,020.00"
2019-01-01,2019010101002411,KRBL,29,29,1,101.00,101.00
2019-01-01,2019010101002136,KRBL,6,17,450,101.00,"45,450.00"
2019-01-01,2019010101002368,KSBBL,48,43,136,137.00,"18,632.00"
2019-01-01,2019010101002367,KSBBL,48,17,26,137.00,"3,562.00"
2019-01-01,2019010101002299,KSBBL,33,48,"1,000",136.00,"136,000.00"
2019-01-01,2019010101002597,LBBL,28,50,108,172.00,"18,576.00"
2019-01-01,2019010101002596,LBBL,50,50,"1,692",172.00,"291,024.00"
2019-01-01,2019010101002507,LBBL,50,16,18,172.00,"3,096.00"
2019-01-01,2019010101002335,LBBL,32,48,284,173.00,"49,132.00"
2019-01-01,2019010101002105,LBBL,50,28,290,172.00,"49,880.00"
2019-01-01,2019010101002273,LBBL,39,48,200,173.00,"34,600.00"
2019-01-01,2019010101002230,LBBL,1,48,16,173.00,"2,768.00"
2019-01-01,2019010101002217,LBBL,45,48,500,173.00,"86,500.00"
2019-01-01,2019010101002561,LBL,6,19,148,222.00,"32,856.00"
2019-01-01,2019010101002560,LBL,48,19,347,222.00,"77,034.00"
2019-01-01,2019010101002559,LBL,41,19,25,222.00,"5,550.00"
2019-01-01,2019010101002381,LBL,41,44,100,222.00,"22,200.00"
2019-01-01,2019010101002134,LBL,41,16,15,222.00,"3,330.00"
2019-01-01,2019010101002214,LGIL,16,25,"1,000",545.00,"545,000.00"
2019-01-01,2019010101002213,LGIL,16,52,225,544.00,"122,400.00"
2019-01-01,2019010101002484,LICN,59,17,40,"1,641.00","65,640.00"
2019-01-01,2019010101002481,LICN,59,25,25,"1,640.00","41,000.00"
2019-01-01,2019010101002478,LICN,16,17,50,"1,641.00","82,050.00"
2019-01-01,2019010101002477,LICN,16,25,50,"1,641.00","82,050.00"
2019-01-01,2019010101002434,LICN,16,17,100,"1,641.00","164,100.00"
2019-01-01,2019010101002433,LICN,28,17,100,"1,641.00","164,100.00"
2019-01-01,2019010101002532,LLBS,43,43,24,804.00,"19,296.00"
2019-01-01,2019010101002260,MBL,38,16,200,207.00,"41,400.00"
2019-01-01,2019010101002245,MBL,38,16,200,207.00,"41,400.00"
2019-01-01,2019010101002211,MBL,13,16,900,207.00,"186,300.00"
2019-01-01,2019010101002210,MBL,13,58,100,207.00,"20,700.00"
2019-01-01,2019010101002168,MBL,34,40,100,206.00,"20,600.00"
2019-01-01,2019010101002539,MEGA,10,38,500,176.00,"88,000.00"
2019-01-01,2019010101002472,MEGA,6,6,56,176.00,"9,856.00"
2019-01-01,2019010101002471,MEGA,6,6,56,176.00,"9,856.00"
2019-01-01,2019010101002453,MEGA,57,41,188,174.00,"32,712.00"
2019-01-01,2019010101002452,MEGA,48,41,500,174.00,"87,000.00"
2019-01-01,2019010101002437,MEGA,10,34,"3,338",176.00,"587,488.00"
2019-01-01,2019010101002416,MEGA,41,33,300,175.00,"52,500.00"
2019-01-01,2019010101002415,MEGA,34,33,100,175.00,"17,500.00"
2019-01-01,2019010101002414,MEGA,39,33,250,175.00,"43,750.00"
2019-01-01,2019010101002413,MEGA,35,33,176,175.00,"30,800.00"
2019-01-01,2019010101002357,MEGA,51,21,500,176.00,"88,000.00"
2019-01-01,2019010101002329,MEGA,39,44,50,177.00,"8,850.00"
2019-01-01,2019010101002422,MEGA,56,33,64,175.00,"11,200.00"
2019-01-01,2019010101002421,MEGA,57,33,200,175.00,"35,000.00"
2019-01-01,2019010101002420,MEGA,57,33,110,175.00,"19,250.00"
2019-01-01,2019010101002419,MEGA,38,33,250,175.00,"43,750.00"
2019-01-01,2019010101002418,MEGA,21,33,200,175.00,"35,000.00"
2019-01-01,2019010101002417,MEGA,17,33,350,175.00,"61,250.00"
2019-01-01,2019010101002353,MERO,6,58,16,"1,055.00","16,880.00"
2019-01-01,2019010101002252,MERO,6,52,28,"1,055.00","29,540.00"
2019-01-01,2019010101002233,MERO,13,52,66,"1,053.00","69,498.00"
2019-01-01,2019010101002388,MLBBL,10,55,50,895.00,"44,750.00"
2019-01-01,2019010101002374,MLBBL,16,10,10,882.00,"8,820.00"
2019-01-01,2019010101002369,MLBL,33,21,109,170.00,"18,530.00"
2019-01-01,2019010101002436,MNBBL,1,1,30,350.00,"10,500.00"
2019-01-01,2019010101002306,MNBBL,1,1,70,350.00,"24,500.00"
2019-01-01,2019010101002305,MNBBL,48,1,10,350.00,"3,500.00"
2019-01-01,2019010101002246,MNBBL,51,16,30,351.00,"10,530.00"
2019-01-01,2019010101002522,MSLB,5,33,35,"1,295.00","45,325.00"
2019-01-01,2019010101002455,MSLB,26,52,15,"1,290.00","19,350.00"
2019-01-01,2019010101002465,NABIL,39,3,500,861.00,"430,500.00"
2019-01-01,2019010101002464,NABIL,39,3,162,861.00,"139,482.00"
2019-01-01,2019010101002291,NABIL,57,3,138,861.00,"118,818.00"
2019-01-01,2019010101002290,NABIL,57,22,13,860.00,"11,180.00"
2019-01-01,2019010101002289,NABIL,57,49,99,860.00,"85,140.00"
2019-01-01,2019010101002272,NABIL,51,49,20,860.00,"17,200.00"
2019-01-01,2019010101002271,NABIL,51,1,20,860.00,"17,200.00"
2019-01-01,2019010101002203,NABIL,25,25,50,859.00,"42,950.00"
2019-01-01,2019010101002183,NABIL,6,1,40,860.00,"34,400.00"
2019-01-01,2019010101002126,NABIL,55,1,40,860.00,"34,400.00"
2019-01-01,2019010101002139,NBB,17,45,"1,000",195.00,"195,000.00"
2019-01-01,2019010101002138,NBB,17,37,"1,993",195.00,"388,635.00"
2019-01-01,2019010101002564,NBL,38,37,180,306.00,"55,080.00"
2019-01-01,2019010101002494,NBL,38,4,500,306.00,"153,000.00"
2019-01-01,2019010101002430,NBL,38,25,50,306.00,"15,300.00"
2019-01-01,2019010101002429,NBL,33,25,250,306.00,"76,500.00"
2019-01-01,2019010101002423,NBL,47,49,500,307.00,"153,500.00"
2019-01-01,2019010101002314,NBL,13,34,"1,000",307.00,"307,000.00"
2019-01-01,2019010101002185,NBL,14,4,450,307.00,"138,150.00"
2019-01-01,2019010101002172,NBL,32,4,50,307.00,"15,350.00"
2019-01-01,2019010101002155,NBL,33,25,150,306.00,"45,900.00"
2019-01-01,2019010101002150,NBL,5,4,500,307.00,"153,500.00"
2019-01-01,2019010101002194,NBL,58,13,100,307.00,"30,700.00"
2019-01-01,2019010101002193,NBL,58,26,619,307.00,"190,033.00"
2019-01-01,2019010101002192,NBL,58,41,200,307.00,"61,400.00"
2019-01-01,2019010101002191,NBL,58,41,50,307.00,"15,350.00"
2019-01-01,2019010101002190,NBL,58,58,450,307.00,"138,150.00"
2019-01-01,2019010101002186,NBL,14,58,550,307.00,"168,850.00"
2019-01-01,2019010101002542,NCCB,33,33,500,212.00,"106,000.00"
2019-01-01,2019010101002285,NCCB,32,7,150,212.00,"31,800.00"
2019-01-01,2019010101002247,NCCB,39,39,39,212.00,"8,268.00"
2019-01-01,2019010101002243,NCCB,34,39,200,212.00,"42,400.00"
2019-01-01,2019010101002200,NCCB,33,43,"1,000",212.00,"212,000.00"
2019-01-01,2019010101002199,NCCB,19,43,"1,000",212.00,"212,000.00"
2019-01-01,2019010101002198,NCCB,32,43,400,212.00,"84,800.00"
2019-01-01,2019010101002307,NGPL,58,5,11,122.00,"1,342.00"
2019-01-01,2019010101002330,NHPC,39,39,100,69.00,"6,900.00"
2019-01-01,2019010101002251,NHPC,1,39,300,69.00,"20,700.00"
2019-01-01,2019010101002588,NIB,38,36,25,555.00,"13,875.00"
2019-01-01,2019010101002493,NIB,28,25,14,554.00,"7,756.00"
2019-01-01,2019010101002376,NIB,48,36,398,555.00,"220,890.00"
2019-01-01,2019010101002375,NIB,48,55,202,555.00,"112,110.00"
2019-01-01,2019010101002370,NIB,1,55,100,555.00,"55,500.00"
2019-01-01,2019010101002143,NIB,28,14,80,554.00,"44,320.00"
2019-01-01,2019010101002108,NIB,28,40,20,554.00,"11,080.00"
2019-01-01,2019010101002319,NIB,28,1,10,554.00,"5,540.00"
2019-01-01,2019010101002316,NIB,28,26,100,554.00,"55,400.00"
2019-01-01,2019010101002292,NIB,40,55,18,555.00,"9,990.00"
2019-01-01,2019010101002208,NIB,58,55,10,555.00,"5,550.00"
2019-01-01,2019010101002187,NIB,1,55,100,555.00,"55,500.00"
2019-01-01,2019010101002165,NIB,37,55,70,555.00,"38,850.00"
2019-01-01,2019010101002274,NIBLPF,13,33,"2,525",7.40,"18,685.00"
2019-01-01,2019010101002583,NIBPO,26,21,50,494.00,"24,700.00"
2019-01-01,2019010101002325,NIBPO,55,21,10,495.00,"4,950.00"
2019-01-01,2019010101002406,NICA,20,17,"1,316",377.00,"496,132.00"
2019-01-01,2019010101002405,NICA,6,17,500,377.00,"188,500.00"
2019-01-01,2019010101002404,NICA,41,17,500,378.00,"189,000.00"
2019-01-01,2019010101002403,NICA,35,17,900,378.00,"340,200.00"
2019-01-01,2019010101002402,NICA,35,17,100,379.00,"37,900.00"
2019-01-01,2019010101002401,NICA,54,17,490,379.00,"185,710.00"
2019-01-01,2019010101002344,NICA,54,48,510,379.00,"193,290.00"
2019-01-01,2019010101002343,NICA,22,48,40,379.00,"15,160.00"
2019-01-01,2019010101002476,NICGF,51,19,500,9.05,"4,525.00"
2019-01-01,2019010101002480,NICL,58,51,387,567.00,"219,429.00"
2019-01-01,2019010101002479,NICL,32,51,200,568.00,"113,600.00"
2019-01-01,2019010101002461,NICL,53,38,67,570.00,"38,190.00"
2019-01-01,2019010101002412,NICL,53,34,20,570.00,"11,400.00"
2019-01-01,2019010101002303,NICL,53,49,113,570.00,"64,410.00"
2019-01-01,2019010101002283,NICL,58,5,200,571.00,"114,200.00"
2019-01-01,2019010101002468,NIL,35,34,246,546.00,"134,316.00"
2019-01-01,2019010101002458,NIL,21,34,937,546.00,"511,602.00"
2019-01-01,2019010101002426,NIL,21,29,63,546.00,"34,398.00"
2019-01-01,2019010101002425,NIL,25,29,100,547.00,"54,700.00"
2019-01-01,2019010101002364,NIL,13,34,100,550.00,"55,000.00"
2019-01-01,2019010101002363,NIL,35,34,283,550.00,"155,650.00"
2019-01-01,2019010101002362,NIL,50,34,199,550.00,"109,450.00"
2019-01-01,2019010101002361,NIL,19,34,100,551.00,"55,100.00"
2019-01-01,2019010101002360,NIL,26,34,35,552.00,"19,320.00"
2019-01-01,2019010101002276,NIL,57,57,"6,284",547.00,"3,437,348.00"
2019-01-01,2019010101002189,NIL,19,38,40,556.00,"22,240.00"
2019-01-01,2019010101002463,NLBBL,34,41,100,475.00,"47,500.00"
2019-01-01,2019010101002462,NLBBL,42,41,50,475.00,"23,750.00"
2019-01-01,2019010101002098,NLBBL,17,57,200,480.00,"96,000.00"
2019-01-01,2019010101002537,NLG,47,57,50,841.00,"42,050.00"
2019-01-01,2019010101002545,NLIC,38,1,17,"1,109.00","18,853.00"
2019-01-01,2019010101002540,NLIC,53,1,17,"1,110.00","18,870.00"
2019-01-01,2019010101002502,NLIC,53,42,83,"1,110.00","92,130.00"
2019-01-01,2019010101002489,NLIC,1,33,20,"1,112.00","22,240.00"
2019-01-01,2019010101002396,NLIC,41,55,51,"1,114.00","56,814.00"
2019-01-01,2019010101002170,NLIC,38,33,20,"1,116.00","22,320.00"
2019-01-01,2019010101002169,NLIC,38,41,17,"1,115.00","18,955.00"
2019-01-01,2019010101002350,NLICL,36,51,400,722.00,"288,800.00"
2019-01-01,2019010101002328,NLICL,58,51,100,722.00,"72,200.00"
2019-01-01,2019010101002595,NMB,55,21,30,327.00,"9,810.00"
2019-01-01,2019010101002582,NMB,38,51,25,328.00,"8,200.00"
2019-01-01,2019010101002550,NMB,13,51,40,328.00,"13,120.00"
2019-01-01,2019010101002488,NMB,32,50,50,329.00,"16,450.00"
2019-01-01,2019010101002205,NMB,21,21,83,327.00,"27,141.00"
2019-01-01,2019010101002116,NMB,17,48,500,328.00,"164,000.00"
2019-01-01,2019010101002115,NMB,17,33,245,328.00,"80,360.00"
2019-01-01,2019010101002492,NMBHF1,51,57,"1,000",9.10,"9,100.00"
2019-01-01,2019010101002371,NMBHF1,22,34,"4,161",9.20,"38,281.20"
2019-01-01,2019010101002558,NNLB,29,40,50,623.00,"31,150.00"
2019-01-01,2019010101002383,NTC,34,17,100,734.00,"73,400.00"
2019-01-01,2019010101002382,NTC,34,17,70,735.00,"51,450.00"
2019-01-01,2019010101002543,OHL,55,37,75,436.00,"32,700.00"
2019-01-01,2019010101002528,PCBL,17,41,250,336.00,"84,000.00"
2019-01-01,2019010101002443,PCBL,59,41,100,336.00,"33,600.00"
2019-01-01,2019010101002442,PCBL,49,41,20,336.00,"6,720.00"
2019-01-01,2019010101002441,PCBL,14,41,100,336.00,"33,600.00"
2019-01-01,2019010101002440,PCBL,34,41,74,336.00,"24,864.00"
2019-01-01,2019010101002439,PCBL,25,41,100,337.00,"33,700.00"
2019-01-01,2019010101002438,PCBL,34,41,50,337.00,"16,850.00"
2019-01-01,2019010101002140,PCBL,17,40,92,337.00,"31,004.00"
2019-01-01,2019010101002349,PIC,48,45,100,"1,035.00","103,500.00"
2019-01-01,2019010101002594,PICL,26,48,100,701.00,"70,100.00"
2019-01-01,2019010101002593,PICL,53,48,300,701.00,"210,300.00"
2019-01-01,2019010101002567,PICL,53,40,200,701.00,"140,200.00"
2019-01-01,2019010101002566,PICL,53,40,100,702.00,"70,200.00"
2019-01-01,2019010101002373,PICL,57,58,140,705.00,"98,700.00"
2019-01-01,2019010101002372,PICL,52,58,50,706.00,"35,300.00"
2019-01-01,2019010101002428,PLIC,34,34,40,501.00,"20,040.00"
2019-01-01,2019010101002311,PLIC,34,42,500,505.00,"252,500.00"
2019-01-01,2019010101002216,PLIC,34,36,10,501.00,"5,010.00"
2019-01-01,2019010101002215,PLIC,19,36,50,502.00,"25,100.00"
2019-01-01,2019010101002202,PLIC,19,37,200,502.00,"100,400.00"
2019-01-01,2019010101002505,PMHPL,10,38,10,113.00,"1,130.00"
2019-01-01,2019010101002501,PMHPL,10,38,10,113.00,"1,130.00"
2019-01-01,2019010101002323,PMHPL,10,59,10,113.00,"1,130.00"
2019-01-01,2019010101002184,PMHPL,10,34,10,113.00,"1,130.00"
2019-01-01,2019010101002107,PMHPL,10,34,10,113.00,"1,130.00"
2019-01-01,2019010101002577,PRIN,57,22,500,465.00,"232,500.00"
2019-01-01,2019010101002544,PRIN,57,48,30,465.00,"13,950.00"
2019-01-01,2019010101002513,PRIN,57,1,110,469.00,"51,590.00"
2019-01-01,2019010101002467,PRIN,28,1,400,469.00,"187,600.00"
2019-01-01,2019010101002259,PRIN,16,34,200,475.00,"95,000.00"
2019-01-01,2019010101002258,PRIN,16,7,466,475.00,"221,350.00"
2019-01-01,2019010101002257,PRIN,16,44,30,475.00,"14,250.00"
2019-01-01,2019010101002256,PRIN,16,42,50,475.00,"23,750.00"
2019-01-01,2019010101002254,PRIN,16,6,50,474.00,"23,700.00"
2019-01-01,2019010101002253,PRIN,16,57,200,474.00,"94,800.00"
2019-01-01,2019010101002157,PRIN,42,1,490,474.00,"232,260.00"
2019-01-01,2019010101002156,PRIN,42,42,10,474.00,"4,740.00"
2019-01-01,2019010101002282,PRVU,47,46,200,248.00,"49,600.00"
2019-01-01,2019010101002281,PRVU,7,46,600,248.00,"148,800.00"
2019-01-01,2019010101002181,PRVU,7,41,200,248.00,"49,600.00"
2019-01-01,2019010101002180,PRVU,7,40,200,248.00,"49,600.00"
2019-01-01,2019010101002145,PRVU,52,16,20,247.00,"4,940.00"
2019-01-01,2019010101002490,RADHI,45,34,11,164.00,"1,804.00"
2019-01-01,2019010101002239,RADHI,45,34,11,164.00,"1,804.00"
2019-01-01,2019010101002236,RADHI,34,34,11,165.00,"1,815.00"
2019-01-01,2019010101002432,RBCL,25,48,10,"9,504.00","95,040.00"
2019-01-01,2019010101002410,RBCL,37,48,10,"9,505.00","95,050.00"
2019-01-01,2019010101002409,RBCL,39,48,10,"9,505.00","95,050.00"
2019-01-01,2019010101002408,RBCL,44,48,10,"9,510.00","95,100.00"
2019-01-01,2019010101002565,RRHP,43,49,10,104.00,"1,040.00"
2019-01-01,2019010101002309,RRHP,43,59,10,104.00,"1,040.00"
2019-01-01,2019010101002232,RRHP,56,52,10,106.00,"1,060.00"
2019-01-01,2019010101002231,RRHP,56,58,20,105.00,"2,100.00"
2019-01-01,2019010101002112,RRHP,26,39,10,105.00,"1,050.00"
2019-01-01,2019010101002111,RRHP,26,39,10,105.00,"1,050.00"
2019-01-01,2019010101002110,RRHP,26,39,10,105.00,"1,050.00"
2019-01-01,2019010101002109,RRHP,26,48,10,105.00,"1,050.00"
2019-01-01,2019010101002188,RRHP,43,34,10,104.00,"1,040.00"
2019-01-01,2019010101002114,RRHP,26,39,10,105.00,"1,050.00"
2019-01-01,2019010101002113,RRHP,26,39,10,105.00,"1,050.00"
2019-01-01,2019010101002473,SADBL,32,45,200,140.00,"28,000.00"
2019-01-01,2019010101002318,SADBL,52,36,259,139.00,"36,001.00"
2019-01-01,2019010101002220,SANIMA,33,39,200,308.00,"61,600.00"
2019-01-01,2019010101002201,SANIMA,14,17,"1,888",310.00,"585,280.00"
2019-01-01,2019010101002164,SANIMA,17,17,"1,000",309.00,"309,000.00"
2019-01-01,2019010101002163,SANIMA,58,17,100,309.00,"30,900.00"
2019-01-01,2019010101002162,SANIMA,49,17,500,309.00,"154,500.00"
2019-01-01,2019010101002161,SANIMA,59,17,61,309.00,"18,849.00"
2019-01-01,2019010101002160,SANIMA,35,17,500,310.00,"155,000.00"
2019-01-01,2019010101002315,SBBLJ,28,53,300,206.00,"61,800.00"
2019-01-01,2019010101002587,SBI,21,36,25,426.00,"10,650.00"
2019-01-01,2019010101002586,SBI,22,36,20,426.00,"8,520.00"
2019-01-01,2019010101002585,SBI,32,36,100,426.00,"42,600.00"
2019-01-01,2019010101002584,SBI,37,36,100,426.00,"42,600.00"
2019-01-01,2019010101002531,SBI,26,28,10,427.00,"4,270.00"
2019-01-01,2019010101002475,SBI,28,36,216,428.00,"92,448.00"
2019-01-01,2019010101002141,SBI,49,1,60,428.00,"25,680.00"
2019-01-01,2019010101002123,SBI,26,14,16,429.00,"6,864.00"
2019-01-01,2019010101002117,SBI,43,14,50,429.00,"21,450.00"
2019-01-01,2019010101002177,SBI,41,17,50,426.00,"21,300.00"
2019-01-01,2019010101002176,SBI,35,17,217,426.00,"92,442.00"
2019-01-01,2019010101002175,SBI,26,17,100,427.00,"42,700.00"
2019-01-01,2019010101002174,SBI,13,17,141,427.00,"60,207.00"
2019-01-01,2019010101002173,SBI,28,17,100,427.00,"42,700.00"
2019-01-01,2019010101002144,SBI,6,45,50,428.00,"21,400.00"
2019-01-01,2019010101002474,SBI,45,36,19,428.00,"8,132.00"
2019-01-01,2019010101002466,SBI,28,25,133,428.00,"56,924.00"
2019-01-01,2019010101002397,SBI,45,17,11,428.00,"4,708.00"
2019-01-01,2019010101002228,SBI,21,47,112,427.00,"47,824.00"
2019-01-01,2019010101002179,SBI,28,17,151,426.00,"64,326.00"
2019-01-01,2019010101002178,SBI,29,17,100,426.00,"42,600.00"
2019-01-01,2019010101002142,SBL,32,21,16,295.00,"4,720.00"
2019-01-01,2019010101002366,SCB,16,52,300,621.00,"186,300.00"
2019-01-01,2019010101002365,SCB,16,52,26,621.00,"16,146.00"
2019-01-01,2019010101002324,SCB,25,14,98,620.00,"60,760.00"
2019-01-01,2019010101002313,SCB,25,32,35,620.00,"21,700.00"
2019-01-01,2019010101002312,SCB,25,34,67,620.00,"41,540.00"
2019-01-01,2019010101002288,SCB,38,34,133,620.00,"82,460.00"
2019-01-01,2019010101002101,SCB,13,22,20,620.00,"12,400.00"
2019-01-01,2019010101002100,SCB,13,52,20,620.00,"12,400.00"
2019-01-01,2019010101002099,SCB,13,50,170,620.00,"105,400.00"
2019-01-01,2019010101002287,SCB,38,17,67,620.00,"41,540.00"
2019-01-01,2019010101002275,SCB,1,17,50,620.00,"31,000.00"
2019-01-01,2019010101002270,SCB,1,17,80,620.00,"49,600.00"
2019-01-01,2019010101002250,SCB,13,17,109,620.00,"67,580.00"
2019-01-01,2019010101002244,SCB,13,17,94,620.00,"58,280.00"
2019-01-01,2019010101002127,SCB,13,40,100,620.00,"62,000.00"
2019-01-01,2019010101002519,SDESI,39,39,11,653.00,"7,183.00"
2019-01-01,2019010101002499,SDESI,39,39,11,653.00,"7,183.00"
2019-01-01,2019010101002498,SDESI,39,39,11,653.00,"7,183.00"
2019-01-01,2019010101002497,SDESI,39,39,11,653.00,"7,183.00"
2019-01-01,2019010101002496,SDESI,39,39,11,653.00,"7,183.00"
2019-01-01,2019010101002495,SDESI,39,39,11,653.00,"7,183.00"
2019-01-01,2019010101002352,SDESI,39,39,11,645.00,"7,095.00"
2019-01-01,2019010101002348,SDESI,39,39,11,645.00,"7,095.00"
2019-01-01,2019010101002196,SDESI,11,52,13,655.00,"8,515.00"
2019-01-01,2019010101002195,SDESI,11,52,11,654.00,"7,194.00"
2019-01-01,2019010101002337,SFFIL,4,21,17,222.00,"3,774.00"
2019-01-01,2019010101002222,SFFIL,56,21,50,222.00,"11,100.00"
2019-01-01,2019010101002221,SFFIL,14,21,25,223.00,"5,575.00"
2019-01-01,2019010101002395,SHINE,51,40,30,251.00,"7,530.00"
2019-01-01,2019010101002295,SICL,39,39,13,920.00,"11,960.00"
2019-01-01,2019010101002294,SICL,39,39,11,920.00,"10,120.00"
2019-01-01,2019010101002293,SICL,39,39,13,920.00,"11,960.00"
2019-01-01,2019010101002241,SICL,10,28,107,917.00,"98,119.00"
2019-01-01,2019010101002536,SKBBL,35,37,20,"1,060.00","21,200.00"
2019-01-01,2019010101002535,SKBBL,10,37,50,"1,060.00","53,000.00"
2019-01-01,2019010101002451,SLBBL,32,42,150,550.00,"82,500.00"
2019-01-01,2019010101002450,SLBBL,32,42,10,549.00,"5,490.00"
2019-01-01,2019010101002104,SLBBL,28,57,100,550.00,"55,000.00"
2019-01-01,2019010101002340,SLICL,42,46,300,563.00,"168,900.00"
2019-01-01,2019010101002339,SLICL,53,46,500,564.00,"282,000.00"
2019-01-01,2019010101002338,SLICL,58,46,200,566.00,"113,200.00"
2019-01-01,2019010101002128,SMB,39,39,10,641.00,"6,410.00"
2019-01-01,2019010101002563,SRBL,7,32,"2,355",216.00,"508,680.00"
2019-01-01,2019010101002553,SRBL,50,1,500,215.00,"107,500.00"
2019-01-01,2019010101002351,SRBL,50,17,"1,175",215.00,"252,625.00"
2019-01-01,2019010101002555,SWBBL,17,37,50,845.00,"42,250.00"
2019-01-01,2019010101002554,SWBBL,34,37,50,845.00,"42,250.00"
2019-01-01,2019010101002516,SWBBL,26,45,100,846.00,"84,600.00"
2019-01-01,2019010101002552,UMHL,41,39,100,123.00,"12,300.00"
2019-01-01,2019010101002551,UMHL,41,52,23,122.00,"2,806.00"
2019-01-01,2019010101002084,ADBL,33,43,448,348.00,"155,904.00"
2019-01-01,2019010101002083,ADBL,33,6,54,348.00,"18,792.00"
2019-01-01,2019010101002029,ADBL,44,44,3,345.00,"1,035.00"
2019-01-01,2019010101001973,ADBL,45,45,100,347.00,"34,700.00"
2019-01-01,2019010101001938,ADBL,50,6,10,348.00,"3,480.00"
2019-01-01,2019010101001764,ADBL,59,6,10,348.00,"3,480.00"
2019-01-01,2019010101001702,ADBL,38,38,586,347.00,"203,342.00"
2019-01-01,2019010101001643,ADBL,48,6,10,348.00,"3,480.00"
2019-01-01,2019010101002040,AKJCL,42,55,20,96.00,"1,920.00"
2019-01-01,2019010101001912,AKJCL,37,17,10,97.00,970.00
2019-01-01,2019010101001911,AKJCL,37,17,20,97.00,"1,940.00"
2019-01-01,2019010101001910,AKJCL,37,17,10,97.00,970.00
2019-01-01,2019010101001909,AKJCL,37,17,10,97.00,970.00
2019-01-01,2019010101001908,AKJCL,37,17,10,97.00,970.00
2019-01-01,2019010101001630,AKJCL,17,34,10,97.00,970.00
2019-01-01,2019010101001621,AKJCL,17,38,10,97.00,970.00
2019-01-01,2019010101001606,AKJCL,17,17,10,97.00,970.00
2019-01-01,2019010101001604,AKJCL,17,17,20,97.00,"1,940.00"
2019-01-01,2019010101001642,AKJCL,17,17,10,97.00,970.00
2019-01-01,2019010101001641,AKJCL,17,34,10,97.00,970.00
2019-01-01,2019010101001640,AKJCL,17,17,20,97.00,"1,940.00"
2019-01-01,2019010101001638,AKJCL,17,17,10,97.00,970.00
2019-01-01,2019010101001634,AKJCL,17,34,10,97.00,970.00
2019-01-01,2019010101001631,AKJCL,17,38,20,97.00,"1,940.00"
2019-01-01,2019010101002080,ALICL,50,4,169,622.00,"105,118.00"
2019-01-01,2019010101002032,ALICL,13,17,50,620.00,"31,000.00"
2019-01-01,2019010101002012,ALICL,50,52,100,615.00,"61,500.00"
2019-01-01,2019010101001997,ALICL,49,40,100,614.00,"61,400.00"
2019-01-01,2019010101001848,ALICL,48,41,98,610.00,"59,780.00"
2019-01-01,2019010101001738,ALICL,14,52,100,612.00,"61,200.00"
2019-01-01,2019010101002096,AMFI,39,39,10,716.00,"7,160.00"
2019-01-01,2019010101002077,AMFI,39,39,10,716.00,"7,160.00"
2019-01-01,2019010101002036,AMFI,39,39,10,716.00,"7,160.00"
2019-01-01,2019010101002055,API,25,28,80,154.00,"12,320.00"
2019-01-01,2019010101001842,API,47,28,20,154.00,"3,080.00"
2019-01-01,2019010101001806,API,25,54,30,155.00,"4,650.00"
2019-01-01,2019010101001796,API,25,47,100,155.00,"15,500.00"
2019-01-01,2019010101001793,API,34,53,27,153.00,"4,131.00"
2019-01-01,2019010101001778,API,34,53,973,153.00,"148,869.00"
2019-01-01,2019010101001771,API,34,43,10,150.00,"1,500.00"
2019-01-01,2019010101001770,API,34,52,29,150.00,"4,350.00"
2019-01-01,2019010101001777,API,34,52,"1,105",153.00,"169,065.00"
2019-01-01,2019010101001776,API,34,21,"1,000",152.00,"152,000.00"
2019-01-01,2019010101001775,API,34,11,18,152.00,"2,736.00"
2019-01-01,2019010101001774,API,34,11,18,152.00,"2,736.00"
2019-01-01,2019010101001773,API,34,11,18,152.00,"2,736.00"
2019-01-01,2019010101001772,API,34,52,29,151.00,"4,379.00"
2019-01-01,2019010101001913,BOKL,34,40,148,333.00,"49,284.00"
2019-01-01,2019010101001868,BOKL,34,1,140,332.00,"46,480.00"
2019-01-01,2019010101001867,BOKL,34,32,200,332.00,"66,400.00"
2019-01-01,2019010101001866,BOKL,34,17,412,332.00,"136,784.00"
2019-01-01,2019010101001865,BOKL,34,19,100,331.00,"33,100.00"
2019-01-01,2019010101001665,BPCL,57,1,41,375.00,"15,375.00"
2019-01-01,2019010101001664,BPCL,41,1,100,375.00,"37,500.00"
2019-01-01,2019010101001663,BPCL,54,1,159,375.00,"59,625.00"
2019-01-01,2019010101001662,BPCL,54,1,131,375.00,"49,125.00"
2019-01-01,2019010101001600,BPCL,50,1,369,376.00,"138,744.00"
2019-01-01,2019010101002050,CBBL,58,33,100,850.00,"85,000.00"
2019-01-01,2019010101002049,CBBL,58,37,40,850.00,"34,000.00"
2019-01-01,2019010101001933,CBL,22,40,150,163.00,"24,450.00"
2019-01-01,2019010101001735,CBL,38,38,32,163.00,"5,216.00"
2019-01-01,2019010101001708,CBL,44,43,409,163.00,"66,667.00"
2019-01-01,2019010101001707,CBL,44,1,"1,000",163.00,"163,000.00"
2019-01-01,2019010101001965,CCBL,57,41,119,172.00,"20,468.00"
2019-01-01,2019010101001949,CCBL,57,40,150,171.00,"25,650.00"
2019-01-01,2019010101001869,CCBL,13,33,311,171.00,"53,181.00"
2019-01-01,2019010101001814,CCBL,17,33,300,171.00,"51,300.00"
2019-01-01,2019010101001811,CCBL,37,33,25,171.00,"4,275.00"
2019-01-01,2019010101001711,CCBL,39,14,92,170.00,"15,640.00"
2019-01-01,2019010101001612,CCBL,21,39,300,170.00,"51,000.00"
2019-01-01,2019010101001611,CCBL,52,39,100,170.00,"17,000.00"
2019-01-01,2019010101001610,CCBL,39,39,300,170.00,"51,000.00"
2019-01-01,2019010101001609,CCBL,38,39,300,170.00,"51,000.00"
2019-01-01,2019010101001608,CCBL,56,39,100,170.00,"17,000.00"
2019-01-01,2019010101001607,CCBL,37,39,452,170.00,"76,840.00"
2019-01-01,2019010101001618,CCBL,21,39,860,169.00,"145,340.00"
2019-01-01,2019010101001617,CCBL,21,39,300,169.00,"50,700.00"
2019-01-01,2019010101001616,CCBL,33,39,200,169.00,"33,800.00"
2019-01-01,2019010101001615,CCBL,17,39,80,169.00,"13,520.00"
2019-01-01,2019010101001614,CCBL,45,39,28,170.00,"4,760.00"
2019-01-01,2019010101001613,CCBL,41,39,500,170.00,"85,000.00"
2019-01-01,2019010101001932,CHCL,19,22,100,685.00,"68,500.00"
2019-01-01,2019010101001931,CHCL,19,33,190,685.00,"130,150.00"
2019-01-01,2019010101001722,CHCL,19,33,"1,000",685.00,"685,000.00"
2019-01-01,2019010101001653,CHCL,48,33,10,685.00,"6,850.00"
2019-01-01,2019010101001816,CHL,29,50,25,103.00,"2,575.00"
2019-01-01,2019010101001988,CIT,45,57,50,"2,150.00","107,500.00"
2019-01-01,2019010101001987,CIT,45,39,30,"2,150.00","64,500.00"
2019-01-01,2019010101001986,CIT,45,34,236,"2,150.00","507,400.00"
2019-01-01,2019010101001801,CIT,34,34,50,"2,150.00","107,500.00"
2019-01-01,2019010101001800,CIT,17,34,10,"2,150.00","21,500.00"
2019-01-01,2019010101001900,CLBSL,42,52,10,699.00,"6,990.00"
2019-01-01,2019010101001927,CZBIL,17,40,100,212.00,"21,200.00"
2019-01-01,2019010101001786,CZBIL,17,45,580,212.00,"122,960.00"
2019-01-01,2019010101001840,DBBL,47,48,100,127.00,"12,700.00"
2019-01-01,2019010101001805,DBBL,19,49,39,127.00,"4,953.00"
2019-01-01,2019010101001754,DBBL,32,48,500,126.00,"63,000.00"
2019-01-01,2019010101001627,DBBL,32,48,50,126.00,"6,300.00"
2019-01-01,2019010101001626,DBBL,32,48,500,126.00,"63,000.00"
2019-01-01,2019010101002047,DDBL,1,29,116,653.00,"75,748.00"
2019-01-01,2019010101001956,DDBL,32,38,30,650.00,"19,500.00"
2019-01-01,2019010101001955,DDBL,32,14,100,650.00,"65,000.00"
2019-01-01,2019010101001892,EBL,17,48,100,540.00,"54,000.00"
2019-01-01,2019010101001889,EBL,17,48,200,540.00,"108,000.00"
2019-01-01,2019010101001768,EBL,46,26,200,539.00,"107,800.00"
2019-01-01,2019010101001667,EBL,28,26,200,539.00,"107,800.00"
2019-01-01,2019010101001603,EBL,37,46,56,537.00,"30,072.00"
2019-01-01,2019010101001602,EBL,34,46,50,539.00,"26,950.00"
2019-01-01,2019010101001881,EIC,34,48,100,855.00,"85,500.00"
2019-01-01,2019010101002010,FMDBL,28,39,150,389.00,"58,350.00"
2019-01-01,2019010101002028,GBBL,39,40,100,189.00,"18,900.00"
2019-01-01,2019010101001920,GBBL,44,44,1,186.00,186.00
2019-01-01,2019010101001852,GBBL,45,1,95,188.00,"17,860.00"
2019-01-01,2019010101001851,GBBL,17,1,10,188.00,"1,880.00"
2019-01-01,2019010101001783,GBIME,47,19,37,273.00,"10,101.00"
2019-01-01,2019010101001723,GBIME,33,33,40,274.00,"10,960.00"
2019-01-01,2019010101001632,GBIME,33,21,10,274.00,"2,740.00"
2019-01-01,2019010101001625,GBIME,59,21,20,274.00,"5,480.00"
2019-01-01,2019010101002042,GBLBS,37,42,50,447.00,"22,350.00"
2019-01-01,2019010101002041,GBLBS,37,52,10,447.00,"4,470.00"
2019-01-01,2019010101002071,GDBL,35,43,50,192.00,"9,600.00"
2019-01-01,2019010101002059,GILB,39,34,11,"1,145.00","12,595.00"
2019-01-01,2019010101002058,GILB,39,5,11,"1,140.00","12,540.00"
2019-01-01,2019010101001620,HBL,42,35,90,475.00,"42,750.00"
2019-01-01,2019010101001619,HBL,28,35,10,475.00,"4,750.00"
2019-01-01,2019010101001825,HIDCL,48,50,300,152.00,"45,600.00"
2019-01-01,2019010101001728,HIDCL,48,52,55,152.00,"8,360.00"
2019-01-01,2019010101001727,HIDCL,48,45,100,152.00,"15,200.00"
2019-01-01,2019010101001706,HIDCL,17,43,10,151.00,"1,510.00"
2019-01-01,2019010101001656,HIDCL,42,45,100,152.00,"15,200.00"
2019-01-01,2019010101001887,HPPL,42,52,10,186.00,"1,860.00"
2019-01-01,2019010101001886,HPPL,42,52,20,186.00,"3,720.00"
2019-01-01,2019010101001885,HPPL,42,19,10,186.00,"1,860.00"
2019-01-01,2019010101001779,HPPL,22,50,10,183.00,"1,830.00"
2019-01-01,2019010101002054,ICFC,37,59,449,152.00,"68,248.00"
2019-01-01,2019010101002053,ICFC,41,59,200,153.00,"30,600.00"
2019-01-01,2019010101001792,IGI,41,17,40,483.00,"19,320.00"
2019-01-01,2019010101002072,JBBL,49,43,10,136.00,"1,360.00"
2019-01-01,2019010101002034,JBBL,49,5,15,136.00,"2,040.00"
2019-01-01,2019010101002023,JBBL,49,49,1,133.00,133.00
2019-01-01,2019010101001794,JBBL,59,17,30,135.00,"4,050.00"
2019-01-01,2019010101001758,JBBL,22,49,82,135.00,"11,070.00"
2019-01-01,2019010101001859,JBNL,34,28,150,172.00,"25,800.00"
2019-01-01,2019010101001858,JBNL,58,28,50,172.00,"8,600.00"
2019-01-01,2019010101001928,JEFL,39,13,399,113.00,"45,087.00"
2019-01-01,2019010101001685,JEFL,39,52,100,114.00,"11,400.00"
2019-01-01,2019010101002008,KBBL,53,48,50,215.00,"10,750.00"
2019-01-01,2019010101001926,KBBL,6,48,17,215.00,"3,655.00"
2019-01-01,2019010101001925,KBBL,6,33,483,215.00,"103,845.00"
