Date,Transact. No.,Symbol,Buyer,Seller,Quantity,Rate,Amount
2020-03-16,2020031601016230,ADBL,59,51,48,382.00,"18,336.00"
2020-03-16,2020031601016199,ADBL,52,51,40,382.00,"15,280.00"
2020-03-16,2020031601016134,ADBL,36,28,134,381.00,"51,054.00"
2020-03-16,2020031601016133,ADBL,44,28,200,381.00,"76,200.00"
2020-03-16,2020031601016132,ADBL,44,28,46,381.00,"17,526.00"
2020-03-16,2020031601016119,ADBL,45,51,100,382.00,"38,200.00"
2020-03-16,2020031601015951,ADBL,52,28,20,382.00,"7,640.00"
2020-03-16,2020031601015942,ADBL,34,28,380,382.00,"145,160.00"
2020-03-16,2020031601015940,ADBL,47,28,100,382.00,"38,200.00"
2020-03-16,2020031601015804,ADBL,45,39,50,382.00,"19,100.00"
2020-03-16,2020031601016078,AHPC,58,21,10,95.00,950.00
2020-03-16,2020031601015845,AHPC,46,56,500,94.00,"47,000.00"
2020-03-16,2020031601016095,AKJCL,41,57,20,52.00,"1,040.00"
2020-03-16,2020031601015817,AKPL,58,22,20,117.00,"2,340.00"
2020-03-16,2020031601016213,ALICL,34,14,20,520.00,"10,400.00"
2020-03-16,2020031601016174,ALICL,38,38,100,515.00,"51,500.00"
2020-03-16,2020031601016173,ALICL,26,38,100,515.00,"51,500.00"
2020-03-16,2020031601016122,API,25,22,68,108.00,"7,344.00"
2020-03-16,2020031601015838,API,42,22,100,108.00,"10,800.00"
2020-03-16,2020031601015837,API,42,22,500,108.00,"54,000.00"
2020-03-16,2020031601015858,BARUN,1,22,10,87.00,870.00
2020-03-16,2020031601016225,BOKL,41,4,14,228.00,"3,192.00"
2020-03-16,2020031601016224,BOKL,34,4,100,228.00,"22,800.00"
2020-03-16,2020031601016223,BOKL,51,4,200,228.00,"45,600.00"
2020-03-16,2020031601016222,BOKL,41,4,50,228.00,"11,400.00"
2020-03-16,2020031601016221,BOKL,41,4,48,228.00,"10,944.00"
2020-03-16,2020031601016220,BOKL,36,4,25,228.00,"5,700.00"
2020-03-16,2020031601015922,BOKL,10,6,100,228.00,"22,800.00"
2020-03-16,2020031601015921,BOKL,45,6,250,228.00,"57,000.00"
2020-03-16,2020031601015920,BOKL,51,6,689,228.00,"157,092.00"
2020-03-16,2020031601015919,BOKL,16,6,200,229.00,"45,800.00"
2020-03-16,2020031601015918,BOKL,25,6,200,229.00,"45,800.00"
2020-03-16,2020031601015917,BOKL,46,6,363,229.00,"83,127.00"
2020-03-16,2020031601016219,BOKL,1,4,30,228.00,"6,840.00"
2020-03-16,2020031601016218,BOKL,56,4,144,228.00,"32,832.00"
2020-03-16,2020031601016217,BOKL,36,4,200,228.00,"45,600.00"
2020-03-16,2020031601016216,BOKL,36,4,92,228.00,"20,976.00"
2020-03-16,2020031601015924,BOKL,36,6,408,228.00,"93,024.00"
2020-03-16,2020031601015923,BOKL,36,6,50,228.00,"11,400.00"
2020-03-16,2020031601016116,BPCL,33,8,200,332.00,"66,400.00"
2020-03-16,2020031601016115,BPCL,43,8,150,332.00,"49,800.00"
2020-03-16,2020031601016114,BPCL,41,8,200,332.00,"66,400.00"
2020-03-16,2020031601016113,BPCL,50,8,50,332.00,"16,600.00"
2020-03-16,2020031601016112,BPCL,39,8,50,333.00,"16,650.00"
2020-03-16,2020031601016111,BPCL,41,8,50,333.00,"16,650.00"
2020-03-16,2020031601016052,CBL,56,8,13,141.00,"1,833.00"
2020-03-16,2020031601016051,CBL,56,21,10,140.00,"1,400.00"
2020-03-16,2020031601016050,CBL,56,48,27,140.00,"3,780.00"
2020-03-16,2020031601015871,CCBL,6,58,"1,000",165.00,"165,000.00"
2020-03-16,2020031601015870,CCBL,58,58,300,165.00,"49,500.00"
2020-03-16,2020031601015869,CCBL,42,58,300,165.00,"49,500.00"
2020-03-16,2020031601015868,CCBL,49,58,67,165.00,"11,055.00"
2020-03-16,2020031601015819,CCBL,49,39,50,165.00,"8,250.00"
2020-03-16,2020031601015752,CCBL,49,33,883,165.00,"145,695.00"
2020-03-16,2020031601015812,CIT,45,58,10,"2,531.00","25,310.00"
2020-03-16,2020031601015805,CIT,16,58,10,"2,535.00","25,350.00"
2020-03-16,2020031601015793,CIT,16,58,17,"2,535.00","43,095.00"
2020-03-16,2020031601016243,CLBSL,43,8,10,"1,068.00","10,680.00"
2020-03-16,2020031601016101,CLBSL,43,22,17,"1,048.00","17,816.00"
2020-03-16,2020031601016100,CZBIL,19,49,19,191.00,"3,629.00"
2020-03-16,2020031601016099,CZBIL,19,49,281,191.00,"53,671.00"
2020-03-16,2020031601016061,DDBL,35,6,50,800.00,"40,000.00"
2020-03-16,2020031601016060,DDBL,26,6,50,800.00,"40,000.00"
2020-03-16,2020031601016059,DDBL,1,6,100,800.00,"80,000.00"
2020-03-16,2020031601016058,DDBL,20,6,300,801.00,"240,300.00"
2020-03-16,2020031601016057,DDBL,35,6,300,803.00,"240,900.00"
2020-03-16,2020031601016056,DDBL,38,6,27,804.00,"21,708.00"
2020-03-16,2020031601015993,DDBL,57,6,100,805.00,"80,500.00"
2020-03-16,2020031601015992,DDBL,42,6,50,805.00,"40,250.00"
2020-03-16,2020031601015991,DDBL,29,6,100,805.00,"80,500.00"
2020-03-16,2020031601015990,DDBL,34,6,200,806.00,"161,200.00"
2020-03-16,2020031601015989,DDBL,22,6,50,806.00,"40,300.00"
2020-03-16,2020031601016091,EBL,14,29,119,656.00,"78,064.00"
2020-03-16,2020031601016048,EBL,34,29,100,656.00,"65,600.00"
2020-03-16,2020031601015784,EBL,45,29,100,656.00,"65,600.00"
2020-03-16,2020031601015783,EBL,48,29,377,657.00,"247,689.00"
2020-03-16,2020031601015852,EBL,49,38,50,655.00,"32,750.00"
2020-03-16,2020031601015851,EBL,33,38,50,655.00,"32,750.00"
2020-03-16,2020031601015800,EBL,14,29,50,656.00,"32,800.00"
2020-03-16,2020031601015799,EBL,26,29,47,656.00,"30,832.00"
2020-03-16,2020031601015786,EBL,26,29,13,656.00,"8,528.00"
2020-03-16,2020031601015785,EBL,29,29,10,656.00,"6,560.00"
2020-03-16,2020031601015963,EDBL,41,52,18,387.00,"6,966.00"
2020-03-16,2020031601015932,EDBL,41,57,330,387.00,"127,710.00"
2020-03-16,2020031601015931,EDBL,25,57,60,387.00,"23,220.00"
2020-03-16,2020031601016192,EIC,49,17,10,370.00,"3,700.00"
2020-03-16,2020031601016074,EIC,7,21,685,363.00,"248,655.00"
2020-03-16,2020031601016066,EIC,49,17,10,370.00,"3,700.00"
2020-03-16,2020031601016215,FMDBL,56,34,38,474.00,"18,012.00"
2020-03-16,2020031601015909,FOWAD,21,43,50,"1,412.00","70,600.00"
2020-03-16,2020031601015908,FOWAD,41,43,50,"1,413.00","70,650.00"
2020-03-16,2020031601015849,GBBL,21,39,87,232.00,"20,184.00"
2020-03-16,2020031601016233,GBIME,42,36,20,265.00,"5,300.00"
2020-03-16,2020031601016118,GBIME,59,36,50,265.00,"13,250.00"
2020-03-16,2020031601016062,GBIME,34,36,500,265.00,"132,500.00"
2020-03-16,2020031601016042,GBIME,40,14,156,264.00,"41,184.00"
2020-03-16,2020031601016041,GBIME,13,14,100,264.00,"26,400.00"
2020-03-16,2020031601016040,GBIME,57,14,100,264.00,"26,400.00"
2020-03-16,2020031601015856,GBIME,34,36,500,265.00,"132,500.00"
2020-03-16,2020031601015841,GBIME,32,36,100,265.00,"26,500.00"
2020-03-16,2020031601015823,GBIME,16,14,326,264.00,"86,064.00"
2020-03-16,2020031601015822,GBIME,14,14,50,264.00,"13,200.00"
2020-03-16,2020031601015821,GBIME,46,14,624,264.00,"164,736.00"
2020-03-16,2020031601016039,GBIME,16,14,144,264.00,"38,016.00"
2020-03-16,2020031601016024,GBIME,52,36,200,265.00,"53,000.00"
2020-03-16,2020031601016011,GBIME,34,36,300,265.00,"79,500.00"
2020-03-16,2020031601016007,GBIME,21,36,150,265.00,"39,750.00"
2020-03-16,2020031601015986,GBIME,21,36,100,265.00,"26,500.00"
2020-03-16,2020031601015959,GBIME,16,57,530,264.00,"139,920.00"
2020-03-16,2020031601015781,GBIMEP,4,58,"150,000",163.00,"24,450,000.00"
2020-03-16,2020031601016001,GBLBS,14,39,300,466.00,"139,800.00"
2020-03-16,2020031601016000,GBLBS,7,39,140,466.00,"65,240.00"
2020-03-16,2020031601016232,GLICL,5,29,20,422.00,"8,440.00"
2020-03-16,2020031601016023,GLICL,42,29,150,422.00,"63,300.00"
2020-03-16,2020031601015945,GLICL,41,29,20,422.00,"8,440.00"
2020-03-16,2020031601015850,GLICL,32,29,50,422.00,"21,100.00"
2020-03-16,2020031601015958,HBL,34,51,200,548.00,"109,600.00"
2020-03-16,2020031601016214,HDL,37,25,40,"1,418.00","56,720.00"
2020-03-16,2020031601016201,HDL,5,32,60,"1,442.00","86,520.00"
2020-03-16,2020031601016200,HDL,5,33,40,"1,441.00","57,640.00"
2020-03-16,2020031601016194,HDL,25,33,10,"1,441.00","14,410.00"
2020-03-16,2020031601016177,HDL,37,32,15,"1,418.00","21,270.00"
2020-03-16,2020031601016176,HDL,14,32,100,"1,418.00","141,800.00"
2020-03-16,2020031601015894,HDL,14,29,50,"1,418.00","70,900.00"
2020-03-16,2020031601015825,HDL,26,52,20,"1,418.00","28,360.00"
2020-03-16,2020031601015798,HDL,26,32,30,"1,418.00","42,540.00"
2020-03-16,2020031601015797,HDL,54,32,200,"1,418.00","283,600.00"
2020-03-16,2020031601015796,HDL,5,32,100,"1,418.00","141,800.00"
2020-03-16,2020031601015795,HDL,45,32,20,"1,419.00","28,380.00"
2020-03-16,2020031601016175,HDL,45,32,50,"1,418.00","70,900.00"
2020-03-16,2020031601016047,HDL,53,45,10,"1,441.00","14,410.00"
2020-03-16,2020031601015995,HDL,10,52,50,"1,418.00","70,900.00"
2020-03-16,2020031601015994,HDL,45,52,80,"1,418.00","113,440.00"
2020-03-16,2020031601015978,HDL,5,39,500,"1,425.00","712,500.00"
2020-03-16,2020031601015949,HDL,45,22,20,"1,425.00","28,500.00"
2020-03-16,2020031601016191,HIDCL,45,51,30,134.00,"4,020.00"
2020-03-16,2020031601015970,HIDCL,25,22,47,133.00,"6,251.00"
2020-03-16,2020031601015813,HIDCL,34,51,20,134.00,"2,680.00"
2020-03-16,2020031601015774,IGI,57,51,300,385.00,"115,500.00"
2020-03-16,2020031601015914,ILBS,57,48,10,724.00,"7,240.00"
2020-03-16,2020031601015913,ILBS,57,34,10,720.00,"7,200.00"
2020-03-16,2020031601016148,JFL,58,34,59,170.00,"10,030.00"
2020-03-16,2020031601016234,JSLBB,44,22,90,"1,510.00","135,900.00"
2020-03-16,2020031601016130,KBL,26,35,239,192.00,"45,888.00"
2020-03-16,2020031601016129,KBL,33,35,11,192.00,"2,112.00"
2020-03-16,2020031601016002,KKHC,45,22,16,52.00,832.00
2020-03-16,2020031601015782,KKHC,45,55,16,52.00,832.00
2020-03-16,2020031601016242,KPCL,25,49,10,110.00,"1,100.00"
2020-03-16,2020031601016241,KPCL,25,25,10,109.00,"1,090.00"
2020-03-16,2020031601016240,KPCL,25,55,200,108.00,"21,600.00"
2020-03-16,2020031601016239,KPCL,25,19,100,108.00,"10,800.00"
2020-03-16,2020031601015948,LBBL,43,38,465,185.00,"86,025.00"
2020-03-16,2020031601015855,LBBL,44,52,10,186.00,"1,860.00"
2020-03-16,2020031601015854,LBBL,44,48,40,186.00,"7,440.00"
2020-03-16,2020031601015988,LGIL,5,37,217,437.00,"94,829.00"
2020-03-16,2020031601015987,LGIL,7,37,20,438.00,"8,760.00"
2020-03-16,2020031601016025,LICN,18,17,100,"1,300.00","130,000.00"
2020-03-16,2020031601015955,LICN,52,17,20,"1,300.00","26,000.00"
2020-03-16,2020031601015916,LICN,52,39,80,"1,299.00","103,920.00"
2020-03-16,2020031601015915,LICN,52,7,50,"1,298.00","64,900.00"
2020-03-16,2020031601015788,LICN,42,39,10,"1,299.00","12,990.00"
2020-03-16,2020031601015801,LLBS,42,29,10,"1,020.00","10,200.00"
2020-03-16,2020031601015867,LVF1,28,19,"25,000",9.83,"245,750.00"
2020-03-16,2020031601016120,MBL,58,59,20,224.00,"4,480.00"
2020-03-16,2020031601015769,MBL,51,42,447,222.00,"99,234.00"
2020-03-16,2020031601015768,MBL,25,42,100,222.00,"22,200.00"
2020-03-16,2020031601015767,MBL,13,42,100,222.00,"22,200.00"
2020-03-16,2020031601015766,MBL,45,42,40,222.00,"8,880.00"
2020-03-16,2020031601015765,MBL,1,42,100,222.00,"22,200.00"
2020-03-16,2020031601015764,MBL,56,42,"1,000",222.00,"222,000.00"
2020-03-16,2020031601015763,MBL,54,42,613,222.00,"136,086.00"
2020-03-16,2020031601015762,MBL,56,42,150,223.00,"33,450.00"
2020-03-16,2020031601015761,MBL,1,42,450,223.00,"100,350.00"
2020-03-16,2020031601016244,MEGA,43,41,10,213.00,"2,130.00"
2020-03-16,2020031601016207,MEGA,28,51,200,212.00,"42,400.00"
2020-03-16,2020031601015952,MEGA,49,51,900,212.00,"190,800.00"
2020-03-16,2020031601016202,MEGA,47,41,"1,000",213.00,"213,000.00"
2020-03-16,2020031601016069,MEGA,58,41,20,213.00,"4,260.00"
2020-03-16,2020031601016030,MEGA,28,50,680,212.00,"144,160.00"
2020-03-16,2020031601015954,MEGA,28,51,100,212.00,"21,200.00"
2020-03-16,2020031601015953,MEGA,28,51,"1,000",212.00,"212,000.00"
2020-03-16,2020031601016096,MERO,34,56,200,598.00,"119,600.00"
2020-03-16,2020031601015982,MERO,34,34,400,590.00,"236,000.00"
2020-03-16,2020031601015981,MERO,44,34,100,590.00,"59,000.00"
2020-03-16,2020031601015980,MERO,55,34,10,590.00,"5,900.00"
2020-03-16,2020031601015979,MERO,53,34,90,590.00,"53,100.00"
2020-03-16,2020031601016097,MERO,34,6,10,600.00,"6,000.00"
2020-03-16,2020031601015985,MFIL,43,49,"1,900",283.00,"537,700.00"
2020-03-16,2020031601015971,MFIL,43,16,200,284.00,"56,800.00"
2020-03-16,2020031601015947,MFIL,43,16,10,284.00,"2,840.00"
2020-03-16,2020031601015907,MFIL,43,14,400,280.00,"112,000.00"
2020-03-16,2020031601015906,MFIL,43,35,500,280.00,"140,000.00"
2020-03-16,2020031601015905,MFIL,43,29,610,280.00,"170,800.00"
2020-03-16,2020031601015898,MFIL,43,14,500,279.00,"139,500.00"
2020-03-16,2020031601015897,MFIL,43,57,"1,000",278.00,"278,000.00"
2020-03-16,2020031601015896,MFIL,43,47,500,278.00,"139,000.00"
2020-03-16,2020031601015895,MFIL,43,51,314,275.00,"86,350.00"
2020-03-16,2020031601015757,MFIL,28,51,10,275.00,"2,750.00"
2020-03-16,2020031601015756,MFIL,28,51,190,274.00,"52,060.00"
2020-03-16,2020031601015904,MFIL,43,45,500,280.00,"140,000.00"
2020-03-16,2020031601015903,MFIL,43,14,500,280.00,"140,000.00"
2020-03-16,2020031601015902,MFIL,43,41,100,279.00,"27,900.00"
2020-03-16,2020031601015901,MFIL,43,34,200,279.00,"55,800.00"
2020-03-16,2020031601015900,MFIL,43,47,250,279.00,"69,750.00"
2020-03-16,2020031601015899,MFIL,43,47,250,279.00,"69,750.00"
2020-03-16,2020031601016055,MLBBL,43,7,28,662.00,"18,536.00"
2020-03-16,2020031601016103,MNBBL,1,29,29,314.00,"9,106.00"
2020-03-16,2020031601016102,MNBBL,53,29,500,314.00,"157,000.00"
2020-03-16,2020031601016064,MNBBL,21,55,72,317.00,"22,824.00"
2020-03-16,2020031601016063,MNBBL,21,13,28,315.00,"8,820.00"
2020-03-16,2020031601016045,MSMBS,41,22,11,751.00,"8,261.00"
2020-03-16,2020031601015882,MSMBS,29,58,100,752.00,"75,200.00"
2020-03-16,2020031601016208,NABIL,3,29,50,750.00,"37,500.00"
2020-03-16,2020031601016179,NABIL,58,29,10,750.00,"7,500.00"
2020-03-16,2020031601016117,NABIL,18,55,91,747.00,"67,977.00"
2020-03-16,2020031601015975,NABIL,32,55,10,747.00,"7,470.00"
2020-03-16,2020031601015969,NABIL,39,55,99,747.00,"73,953.00"
2020-03-16,2020031601015964,NABIL,34,29,10,750.00,"7,500.00"
2020-03-16,2020031601015807,NABIL,39,21,50,747.00,"37,350.00"
2020-03-16,2020031601015806,NABIL,26,21,50,748.00,"37,400.00"
2020-03-16,2020031601016147,NBB,35,4,100,206.00,"20,600.00"
2020-03-16,2020031601016146,NBB,49,4,100,206.00,"20,600.00"
2020-03-16,2020031601015865,NBB,38,57,100,206.00,"20,600.00"
2020-03-16,2020031601016231,NBL,10,55,50,266.00,"13,300.00"
2020-03-16,2020031601016211,NBL,43,58,10,267.00,"2,670.00"
2020-03-16,2020031601016093,NCCB,51,49,"1,500",184.00,"276,000.00"
2020-03-16,2020031601015857,NCCB,41,8,100,185.00,"18,500.00"
2020-03-16,2020031601016082,NGPL,49,22,51,112.00,"5,712.00"
2020-03-16,2020031601016171,NIB,56,45,100,387.00,"38,700.00"
2020-03-16,2020031601016054,NIB,47,45,50,389.00,"19,450.00"
2020-03-16,2020031601016026,NIB,47,45,100,387.00,"38,700.00"
2020-03-16,2020031601015983,NIB,55,45,200,389.00,"77,800.00"
2020-03-16,2020031601016151,NIBPO,58,35,100,342.00,"34,200.00"
2020-03-16,2020031601016105,NIBPO,58,13,"1,630",342.00,"557,460.00"
2020-03-16,2020031601016104,NIBPO,35,13,170,343.00,"58,310.00"
2020-03-16,2020031601015866,NIBPO,58,39,20,342.00,"6,840.00"
2020-03-16,2020031601016251,NICA,58,28,50,522.00,"26,100.00"
2020-03-16,2020031601015956,NICA,17,28,500,522.00,"261,000.00"
2020-03-16,2020031601015943,NICA,17,50,500,522.00,"261,000.00"
2020-03-16,2020031601015930,NICA,17,28,"1,000",522.00,"522,000.00"
2020-03-16,2020031601015848,NICA,44,42,41,521.00,"21,361.00"
2020-03-16,2020031601015847,NICA,48,42,10,522.00,"5,220.00"
2020-03-16,2020031601015846,NICA,41,42,19,522.00,"9,918.00"
2020-03-16,2020031601016210,NICL,5,44,231,416.00,"96,096.00"
2020-03-16,2020031601016149,NICL,35,49,50,417.00,"20,850.00"
2020-03-16,2020031601016087,NICL,4,17,"2,474",413.00,"1,021,762.00"
2020-03-16,2020031601016086,NICL,7,17,100,413.00,"41,300.00"
2020-03-16,2020031601016085,NICL,19,17,200,413.00,"82,600.00"
2020-03-16,2020031601016071,NICL,43,49,10,417.00,"4,170.00"
2020-03-16,2020031601015802,NICL,35,17,500,413.00,"206,500.00"
2020-03-16,2020031601015789,NICL,35,17,500,413.00,"206,500.00"
2020-03-16,2020031601015778,NICL,43,16,100,414.00,"41,400.00"
2020-03-16,2020031601015777,NICL,43,40,200,414.00,"82,800.00"
2020-03-16,2020031601015776,NICL,43,35,200,414.00,"82,800.00"
2020-03-16,2020031601015839,NICL,34,17,10,418.00,"4,180.00"
2020-03-16,2020031601015816,NICL,38,56,488,412.00,"201,056.00"
2020-03-16,2020031601015815,NICL,41,56,12,413.00,"4,956.00"
2020-03-16,2020031601015814,NICL,43,56,500,418.00,"209,000.00"
2020-03-16,2020031601015809,NICL,43,34,100,418.00,"41,800.00"
2020-03-16,2020031601015808,NICL,43,16,200,415.00,"83,000.00"
2020-03-16,2020031601016229,NIL,38,34,200,521.00,"104,200.00"
2020-03-16,2020031601016228,NIL,38,14,300,519.00,"155,700.00"
2020-03-16,2020031601016227,NIL,38,13,150,518.00,"77,700.00"
2020-03-16,2020031601016028,NIL,44,13,300,518.00,"155,400.00"
2020-03-16,2020031601015950,NIL,55,13,150,517.00,"77,550.00"
2020-03-16,2020031601015811,NIL,55,7,50,517.00,"25,850.00"
2020-03-16,2020031601015780,NIL,46,7,100,517.00,"51,700.00"
2020-03-16,2020031601015779,NIL,26,7,50,517.00,"25,850.00"
2020-03-16,2020031601015759,NIL,26,21,150,517.00,"77,550.00"
2020-03-16,2020031601016212,NLBBL,46,51,10,668.00,"6,680.00"
2020-03-16,2020031601015771,NLBBL,42,25,919,662.00,"608,378.00"
2020-03-16,2020031601015770,NLBBL,42,25,81,662.00,"53,622.00"
2020-03-16,2020031601016125,NLG,5,41,10,600.00,"6,000.00"
2020-03-16,2020031601016124,NLG,5,51,80,593.00,"47,440.00"
2020-03-16,2020031601016123,NLG,5,19,90,590.00,"53,100.00"
2020-03-16,2020031601016196,NLIC,5,36,58,"1,102.00","63,916.00"
2020-03-16,2020031601016195,NLIC,5,51,42,"1,101.00","46,242.00"
2020-03-16,2020031601016189,NLIC,34,51,20,"1,101.00","22,020.00"
2020-03-16,2020031601016188,NLIC,56,51,10,"1,101.00","11,010.00"
2020-03-16,2020031601016186,NLIC,38,58,214,"1,095.00","234,330.00"
2020-03-16,2020031601016185,NLIC,46,58,28,"1,095.00","30,660.00"
2020-03-16,2020031601015996,NLIC,8,58,25,"1,100.00","27,500.00"
2020-03-16,2020031601015957,NLIC,8,28,50,"1,100.00","55,000.00"
2020-03-16,2020031601015840,NLIC,50,50,1,"1,100.00","1,100.00"
2020-03-16,2020031601015791,NLIC,18,42,100,"1,101.00","110,100.00"
2020-03-16,2020031601015790,NLIC,48,42,50,"1,101.00","55,050.00"
2020-03-16,2020031601015775,NLIC,5,42,100,"1,100.00","110,000.00"
2020-03-16,2020031601016098,NLIC,21,11,22,"1,097.00","24,134.00"
2020-03-16,2020031601016094,NLIC,8,21,35,"1,100.00","38,500.00"
2020-03-16,2020031601016044,NLIC,54,58,72,"1,100.00","79,200.00"
2020-03-16,2020031601016043,NLIC,29,58,25,"1,100.00","27,500.00"
2020-03-16,2020031601015998,NLIC,29,58,75,"1,100.00","82,500.00"
2020-03-16,2020031601015997,NLIC,37,58,100,"1,100.00","110,000.00"
2020-03-16,2020031601016184,NLIC,25,58,"1,000","1,096.00","1,096,000.00"
2020-03-16,2020031601016183,NLIC,34,58,30,"1,096.00","32,880.00"
2020-03-16,2020031601016182,NLIC,36,58,50,"1,097.00","54,850.00"
2020-03-16,2020031601016181,NLIC,21,58,178,"1,097.00","195,266.00"
2020-03-16,2020031601016166,NLIC,18,21,20,"1,100.00","22,000.00"
2020-03-16,2020031601016143,NLIC,8,21,45,"1,100.00","49,500.00"
2020-03-16,2020031601016169,NLICL,43,35,10,625.00,"6,250.00"
2020-03-16,2020031601016110,NLICL,45,38,30,623.00,"18,690.00"
2020-03-16,2020031601016109,NLICL,34,38,100,623.00,"62,300.00"
2020-03-16,2020031601016108,NLICL,52,38,50,623.00,"31,150.00"
2020-03-16,2020031601016083,NLICL,34,38,20,624.00,"12,480.00"
2020-03-16,2020031601016073,NLICL,35,35,50,625.00,"31,250.00"
2020-03-16,2020031601016010,NLICL,34,8,180,624.00,"112,320.00"
2020-03-16,2020031601016009,NLICL,7,8,20,624.00,"12,480.00"
2020-03-16,2020031601015853,NLICL,21,35,100,625.00,"62,500.00"
2020-03-16,2020031601015842,NLICL,45,45,500,624.00,"312,000.00"
2020-03-16,2020031601016235,NMB,52,14,30,408.00,"12,240.00"
2020-03-16,2020031601016141,NMB,26,14,300,408.00,"122,400.00"
2020-03-16,2020031601016081,NMB,7,14,450,408.00,"183,600.00"
2020-03-16,2020031601016080,NMB,7,38,50,408.00,"20,400.00"
2020-03-16,2020031601016037,NMB,36,38,50,408.00,"20,400.00"
2020-03-16,2020031601016035,NMB,25,38,100,408.00,"40,800.00"
2020-03-16,2020031601015887,NMB,33,14,"3,756",407.00,"1,528,692.00"
2020-03-16,2020031601015881,NMB,48,16,500,408.00,"204,000.00"
2020-03-16,2020031601015832,NMB,52,14,200,408.00,"81,600.00"
2020-03-16,2020031601015831,NMB,17,14,50,408.00,"20,400.00"
2020-03-16,2020031601015830,NMB,33,14,100,408.00,"40,800.00"
2020-03-16,2020031601015820,NMB,41,32,20,409.00,"8,180.00"
2020-03-16,2020031601015893,NMB,34,14,100,407.00,"40,700.00"
2020-03-16,2020031601015892,NMB,32,14,50,407.00,"20,350.00"
2020-03-16,2020031601015891,NMB,42,14,100,407.00,"40,700.00"
2020-03-16,2020031601015890,NMB,14,14,10,407.00,"4,070.00"
2020-03-16,2020031601015889,NMB,42,14,100,407.00,"40,700.00"
2020-03-16,2020031601015888,NMB,54,14,100,407.00,"40,700.00"
2020-03-16,2020031601016034,NMB,25,52,200,408.00,"81,600.00"
2020-03-16,2020031601016033,NMB,58,52,300,408.00,"122,400.00"
2020-03-16,2020031601016032,NMB,38,52,250,408.00,"102,000.00"
2020-03-16,2020031601016031,NMB,33,52,350,408.00,"142,800.00"
2020-03-16,2020031601015926,NMB,33,57,500,408.00,"204,000.00"
2020-03-16,2020031601015925,NMB,33,14,150,408.00,"61,200.00"
2020-03-16,2020031601016190,NMBMF,45,45,10,793.00,"7,930.00"
2020-03-16,2020031601016067,NSEWA,51,36,10,671.00,"6,710.00"
2020-03-16,2020031601016145,NTC,34,57,50,620.00,"31,000.00"
2020-03-16,2020031601016090,NTC,43,42,50,615.00,"30,750.00"
2020-03-16,2020031601016089,NTC,47,42,100,616.00,"61,600.00"
2020-03-16,2020031601016088,NTC,6,42,100,616.00,"61,600.00"
2020-03-16,2020031601016077,OHL,13,22,78,367.00,"28,626.00"
2020-03-16,2020031601016076,OHL,13,22,22,367.00,"8,074.00"
2020-03-16,2020031601015834,OHL,42,42,50,375.00,"18,750.00"
2020-03-16,2020031601015836,OHL,13,42,178,367.00,"65,326.00"
2020-03-16,2020031601015835,OHL,34,42,265,368.00,"97,520.00"
2020-03-16,2020031601016029,PCBL,38,58,13,278.00,"3,614.00"
2020-03-16,2020031601015999,PCBL,25,58,225,278.00,"62,550.00"
2020-03-16,2020031601015984,PCBL,25,34,775,278.00,"215,450.00"
2020-03-16,2020031601015968,PCBL,57,34,225,278.00,"62,550.00"
2020-03-16,2020031601015967,PCBL,57,39,21,278.00,"5,838.00"
2020-03-16,2020031601015966,PCBL,57,52,277,278.00,"77,006.00"
2020-03-16,2020031601015824,PCBL,38,52,13,279.00,"3,627.00"
2020-03-16,2020031601015965,PCBL,57,49,477,278.00,"132,606.00"
2020-03-16,2020031601015833,PCBL,29,49,23,278.00,"6,394.00"
2020-03-16,2020031601015829,PCBL,29,49,77,278.00,"21,406.00"
2020-03-16,2020031601015828,PCBL,21,49,22,278.00,"6,116.00"
2020-03-16,2020031601015827,PCBL,45,49,50,278.00,"13,900.00"
2020-03-16,2020031601015826,PCBL,56,49,51,278.00,"14,178.00"
2020-03-16,2020031601016005,PFL,13,22,200,157.00,"31,400.00"
2020-03-16,2020031601016004,PFL,13,42,118,157.00,"18,526.00"
2020-03-16,2020031601016003,PFL,13,43,155,157.00,"24,335.00"
2020-03-16,2020031601016167,PIC,46,33,200,530.00,"106,000.00"
2020-03-16,2020031601016135,PIC,46,34,300,529.00,"158,700.00"
2020-03-16,2020031601015859,PIC,45,50,545,522.00,"284,490.00"
2020-03-16,2020031601016170,PICL,4,6,100,421.00,"42,100.00"
2020-03-16,2020031601016150,PLIC,51,50,192,540.00,"103,680.00"
2020-03-16,2020031601016138,PLIC,51,38,100,541.00,"54,100.00"
2020-03-16,2020031601016137,PLIC,51,13,500,541.00,"270,500.00"
2020-03-16,2020031601015864,PLIC,38,35,50,539.00,"26,950.00"
2020-03-16,2020031601016153,PPCL,37,22,10,110.00,"1,100.00"
2020-03-16,2020031601016128,PRIN,45,21,100,393.00,"39,300.00"
2020-03-16,2020031601016127,PRIN,32,21,50,393.00,"19,650.00"
2020-03-16,2020031601016126,PRIN,45,21,50,394.00,"19,700.00"
2020-03-16,2020031601016068,PRVU,35,22,"1,000",236.00,"236,000.00"
2020-03-16,2020031601016049,PRVU,35,53,"1,000",236.00,"236,000.00"
2020-03-16,2020031601015977,PRVU,35,45,100,236.00,"23,600.00"
2020-03-16,2020031601015962,PRVU,14,42,500,237.00,"118,500.00"
2020-03-16,2020031601015810,PRVU,35,48,"2,194",236.00,"517,784.00"
2020-03-16,2020031601015755,PRVU,35,48,"4,462",236.00,"1,053,032.00"
2020-03-16,2020031601015754,PRVU,35,29,500,236.00,"118,000.00"
2020-03-16,2020031601015753,PRVU,35,28,38,236.00,"8,968.00"
2020-03-16,2020031601015946,PRVU,35,39,74,236.00,"17,464.00"
2020-03-16,2020031601015873,PRVU,5,42,175,237.00,"41,475.00"
2020-03-16,2020031601015872,PRVU,5,41,25,237.00,"5,925.00"
2020-03-16,2020031601015860,PRVU,35,42,"1,700",236.00,"401,200.00"
2020-03-16,2020031601015884,RADHI,17,45,35,165.00,"5,775.00"
2020-03-16,2020031601016021,RBCL,21,18,20,"9,225.00","184,500.00"
2020-03-16,2020031601016131,RBCLPO,34,59,30,"7,994.00","239,820.00"
2020-03-16,2020031601015976,RBCLPO,59,59,10,"7,995.00","79,950.00"
2020-03-16,2020031601016193,RHPL,50,22,10,153.00,"1,530.00"
2020-03-16,2020031601016172,RSDC,58,21,398,466.00,"185,468.00"
2020-03-16,2020031601015787,SABSL,17,52,11,750.00,"8,250.00"
2020-03-16,2020031601015972,SADBL,29,39,200,155.00,"31,000.00"
2020-03-16,2020031601016249,SANIMA,58,57,50,335.00,"16,750.00"
2020-03-16,2020031601016248,SANIMA,56,57,50,335.00,"16,750.00"
2020-03-16,2020031601016247,SANIMA,59,57,"1,000",335.00,"335,000.00"
2020-03-16,2020031601016246,SANIMA,13,57,900,335.00,"301,500.00"
2020-03-16,2020031601016245,SANIMA,32,57,212,336.00,"71,232.00"
2020-03-16,2020031601016226,SANIMA,35,45,100,338.00,"33,800.00"
2020-03-16,2020031601015944,SANIMA,13,58,220,338.00,"74,360.00"
2020-03-16,2020031601015883,SANIMA,32,57,88,338.00,"29,744.00"
2020-03-16,2020031601016237,SAPDBL,10,22,56,129.00,"7,224.00"
2020-03-16,2020031601016236,SAPDBL,25,22,60,130.00,"7,800.00"
2020-03-16,2020031601016065,SBI,42,33,50,423.00,"21,150.00"
2020-03-16,2020031601015961,SBI,34,35,87,421.00,"36,627.00"
2020-03-16,2020031601015960,SBI,55,35,13,421.00,"5,473.00"
2020-03-16,2020031601015939,SBI,55,39,87,421.00,"36,627.00"
2020-03-16,2020031601015938,SBI,14,39,100,421.00,"42,100.00"
2020-03-16,2020031601015937,SBI,29,39,390,422.00,"164,580.00"
2020-03-16,2020031601015936,SBI,7,39,500,422.00,"211,000.00"
2020-03-16,2020031601015935,SBI,28,39,200,422.00,"84,400.00"
2020-03-16,2020031601015934,SBI,34,39,423,423.00,"178,929.00"
2020-03-16,2020031601015933,SBI,26,39,100,423.00,"42,300.00"
2020-03-16,2020031601016187,SBL,45,57,227,304.00,"69,008.00"
2020-03-16,2020031601016140,SBL,25,57,"1,500",304.00,"456,000.00"
2020-03-16,2020031601015758,SBL,13,39,73,303.00,"22,119.00"
2020-03-16,2020031601016008,SCB,46,32,50,628.00,"31,400.00"
2020-03-16,2020031601016180,SHINE,41,17,260,281.00,"73,060.00"
2020-03-16,2020031601016027,SHINE,41,17,540,281.00,"151,740.00"
2020-03-16,2020031601015974,SHINE,41,44,460,281.00,"129,260.00"
2020-03-16,2020031601015973,SHINE,41,44,29,281.00,"8,149.00"
2020-03-16,2020031601016154,SHIVM,49,41,50,549.00,"27,450.00"
2020-03-16,2020031601016152,SHIVM,52,45,600,547.00,"328,200.00"
2020-03-16,2020031601016121,SHIVM,52,10,300,547.00,"164,100.00"
2020-03-16,2020031601016075,SHIVM,49,57,200,546.00,"109,200.00"
2020-03-16,2020031601016072,SHIVM,46,10,100,547.00,"54,700.00"
2020-03-16,2020031601016070,SHIVM,49,58,250,546.00,"136,500.00"
2020-03-16,2020031601015760,SHIVM,45,45,500,545.00,"272,500.00"
2020-03-16,2020031601016017,SHL,22,51,285,164.00,"46,740.00"
2020-03-16,2020031601016016,SHL,45,51,100,164.00,"16,400.00"
2020-03-16,2020031601016015,SHL,51,51,100,164.00,"16,400.00"
2020-03-16,2020031601016014,SHL,35,51,200,164.00,"32,800.00"
2020-03-16,2020031601016013,SHL,7,51,115,164.00,"18,860.00"
2020-03-16,2020031601016012,SHL,13,51,200,164.00,"32,800.00"
2020-03-16,2020031601016139,SHPC,3,59,10,205.00,"2,050.00"
2020-03-16,2020031601016136,SHPC,56,59,20,205.00,"4,100.00"
2020-03-16,2020031601016165,SICL,6,39,250,875.00,"218,750.00"
2020-03-16,2020031601016164,SICL,33,39,100,875.00,"87,500.00"
2020-03-16,2020031601016163,SICL,48,39,100,875.00,"87,500.00"
2020-03-16,2020031601016162,SICL,48,39,50,876.00,"43,800.00"
2020-03-16,2020031601016161,SICL,44,39,20,876.00,"17,520.00"
2020-03-16,2020031601016160,SICL,34,39,500,876.00,"438,000.00"
2020-03-16,2020031601015941,SICL,18,17,150,877.00,"131,550.00"
2020-03-16,2020031601016159,SICL,45,39,80,876.00,"70,080.00"
2020-03-16,2020031601016158,SICL,18,39,200,877.00,"175,400.00"
2020-03-16,2020031601016157,SICL,18,39,150,877.00,"131,550.00"
2020-03-16,2020031601016156,SICL,32,39,50,880.00,"44,000.00"
2020-03-16,2020031601016144,SICL,46,45,10,887.00,"8,870.00"
2020-03-16,2020031601016038,SINDU,43,14,10,130.00,"1,300.00"
2020-03-16,2020031601016022,SINDU,43,40,10,129.00,"1,290.00"
2020-03-16,2020031601016006,SINDU,33,43,10,127.00,"1,270.00"
2020-03-16,2020031601016206,SJCL,5,48,20,149.00,"2,980.00"
2020-03-16,2020031601016205,SJCL,5,22,20,149.00,"2,980.00"
2020-03-16,2020031601016204,SJCL,5,22,20,149.00,"2,980.00"
2020-03-16,2020031601016203,SJCL,5,22,20,149.00,"2,980.00"
2020-03-16,2020031601015803,SJCL,6,55,20,145.00,"2,900.00"
2020-03-16,2020031601016092,SJCL,5,54,20,147.00,"2,940.00"
2020-03-16,2020031601015844,SKBBL,5,44,30,"1,065.00","31,950.00"
2020-03-16,2020031601016106,SLBBL,5,43,66,811.00,"53,526.00"
2020-03-16,2020031601015773,SLBBL,57,48,160,815.00,"130,400.00"
2020-03-16,2020031601015772,SLBBL,57,44,50,814.00,"40,700.00"
2020-03-16,2020031601016209,SLICL,38,50,90,408.00,"36,720.00"
2020-03-16,2020031601016198,SLICL,34,50,10,408.00,"4,080.00"
2020-03-16,2020031601016197,SLICL,34,21,15,404.00,"6,060.00"
2020-03-16,2020031601015912,SLICL,50,21,50,404.00,"20,200.00"
2020-03-16,2020031601015911,SLICL,51,21,35,404.00,"14,140.00"
2020-03-16,2020031601015910,SLICL,25,21,100,404.00,"40,400.00"
2020-03-16,2020031601015794,SLICL,38,25,200,404.00,"80,800.00"
2020-03-16,2020031601016084,SLICL,51,45,135,402.00,"54,270.00"
2020-03-16,2020031601016079,SLICL,51,45,10,402.00,"4,020.00"
2020-03-16,2020031601016053,SLICL,51,45,235,402.00,"94,470.00"
2020-03-16,2020031601016020,SLICL,51,42,265,402.00,"106,530.00"
2020-03-16,2020031601016019,SLICL,38,42,267,402.00,"107,334.00"
2020-03-16,2020031601016018,SLICL,16,42,118,402.00,"47,436.00"
2020-03-16,2020031601016178,SPARS,57,50,10,752.00,"7,520.00"
2020-03-16,2020031601015929,SRBL,37,59,27,239.00,"6,453.00"
2020-03-16,2020031601015928,SRBL,49,59,200,239.00,"47,800.00"
2020-03-16,2020031601015927,SRBL,51,59,773,239.00,"184,747.00"
2020-03-16,2020031601016107,STC,42,34,10,"2,498.00","24,980.00"
2020-03-16,2020031601016250,UIC,38,6,10,345.00,"3,450.00"
2020-03-16,2020031601016238,UIC,51,49,10,339.00,"3,390.00"
2020-03-16,2020031601016168,UIC,38,39,10,345.00,"3,450.00"
2020-03-16,2020031601016142,UIC,38,5,600,339.00,"203,400.00"
2020-03-16,2020031601015886,UIC,25,57,300,345.00,"103,500.00"
2020-03-16,2020031601015885,UIC,25,14,240,344.00,"82,560.00"
2020-03-16,2020031601015874,UIC,48,5,17,341.00,"5,797.00"
2020-03-16,2020031601015843,UIC,38,28,20,342.00,"6,840.00"
2020-03-16,2020031601015818,UIC,48,6,100,341.00,"34,100.00"
2020-03-16,2020031601015792,UIC,38,28,"1,077",342.00,"368,334.00"
2020-03-16,2020031601015880,UIC,38,5,50,340.00,"17,000.00"
2020-03-16,2020031601015879,UIC,38,5,100,340.00,"34,000.00"
2020-03-16,2020031601015878,UIC,59,5,100,340.00,"34,000.00"
2020-03-16,2020031601015877,UIC,22,5,10,340.00,"3,400.00"
2020-03-16,2020031601015876,UIC,22,5,20,340.00,"6,800.00"
2020-03-16,2020031601015875,UIC,39,5,100,341.00,"34,100.00"
2020-03-16,2020031601015863,UPCL,11,29,50,73.00,"3,650.00"
2020-03-16,2020031601015862,UPCL,11,28,100,73.00,"7,300.00"
2020-03-16,2020031601015861,UPCL,11,28,50,73.00,"3,650.00"
2020-03-16,2020031601016155,UPPER,50,49,930,228.00,"212,040.00"
2020-03-16,2020031601016036,UPPER,17,49,650,229.00,"148,850.00"
2020-03-16,2020031601016046,VLBS,34,13,52,950.00,"49,400.00"
2020-03-16,2020031601015623,ADBL,26,28,100,383.00,"38,300.00"
2020-03-16,2020031601015509,ADBL,33,39,50,382.00,"19,100.00"
2020-03-16,2020031601015346,ADBL,33,57,250,382.00,"95,500.00"
2020-03-16,2020031601015340,ADBL,39,14,10,384.00,"3,840.00"
2020-03-16,2020031601015287,ADBL,33,32,50,382.00,"19,100.00"
2020-03-16,2020031601015271,ADBL,44,38,50,382.00,"19,100.00"
2020-03-16,2020031601015270,ADBL,39,38,50,382.00,"19,100.00"
2020-03-16,2020031601015548,AHPC,56,21,10,95.00,950.00
2020-03-16,2020031601015547,AHPC,14,21,36,95.00,"3,420.00"
2020-03-16,2020031601015546,AHPC,14,21,412,95.00,"39,140.00"
2020-03-16,2020031601015311,AKPL,58,57,373,117.00,"43,641.00"
2020-03-16,2020031601015310,AKPL,41,57,827,117.00,"96,759.00"
2020-03-16,2020031601015312,ALBSL,17,25,148,660.00,"97,680.00"
2020-03-16,2020031601015265,ALBSL,17,25,30,660.00,"19,800.00"
2020-03-16,2020031601015264,ALBSL,11,25,39,661.00,"25,779.00"
2020-03-16,2020031601015263,ALBSL,56,25,10,663.00,"6,630.00"
2020-03-16,2020031601015696,ALICL,34,14,20,520.00,"10,400.00"
2020-03-16,2020031601015499,ALICL,45,38,500,515.00,"257,500.00"
2020-03-16,2020031601015350,ALICL,34,38,10,522.00,"5,220.00"
2020-03-16,2020031601015349,ALICL,34,32,17,515.00,"8,755.00"
2020-03-16,2020031601015306,ALICL,51,32,500,515.00,"257,500.00"
2020-03-16,2020031601015305,ALICL,45,32,864,515.00,"444,960.00"
2020-03-16,2020031601015304,ALICL,45,32,500,516.00,"258,000.00"
2020-03-16,2020031601015303,ALICL,41,32,39,516.00,"20,124.00"
2020-03-16,2020031601015302,ALICL,54,32,80,517.00,"41,360.00"
2020-03-16,2020031601015615,BOKL,42,35,50,230.00,"11,500.00"
2020-03-16,2020031601015421,BOKL,46,58,137,229.00,"31,373.00"
2020-03-16,2020031601015420,BOKL,46,58,113,229.00,"25,877.00"
2020-03-16,2020031601015322,BOKL,6,35,500,230.00,"115,000.00"
2020-03-16,2020031601015670,BPCL,42,8,400,334.00,"133,600.00"
2020-03-16,2020031601015665,BPCL,42,35,100,334.00,"33,400.00"
2020-03-16,2020031601015664,BPCL,39,35,100,334.00,"33,400.00"
2020-03-16,2020031601015518,BPCL,33,8,18,335.00,"6,030.00"
2020-03-16,2020031601015332,BPCL,33,48,10,335.00,"3,350.00"
2020-03-16,2020031601015262,CBBL,34,29,10,"1,010.00","10,100.00"
2020-03-16,2020031601015435,CBBL,44,1,50,"1,009.00","50,450.00"
2020-03-16,2020031601015567,CBL,41,48,50,140.00,"7,000.00"
2020-03-16,2020031601015566,CBL,41,22,50,140.00,"7,000.00"
2020-03-16,2020031601015751,CCBL,28,33,17,165.00,"2,805.00"
2020-03-16,2020031601015527,CCBL,28,39,100,165.00,"16,500.00"
2020-03-16,2020031601015462,CHCL,50,39,249,380.00,"94,620.00"
2020-03-16,2020031601015750,CIT,4,58,500,"2,535.00","1,267,500.00"
2020-03-16,2020031601015749,CIT,10,58,100,"2,536.00","253,600.00"
2020-03-16,2020031601015748,CIT,29,58,100,"2,541.00","254,100.00"
2020-03-16,2020031601015583,DDBL,26,16,100,807.00,"80,700.00"
2020-03-16,2020031601015260,DDBL,45,6,10,810.00,"8,100.00"
2020-03-16,2020031601015739,EBL,48,51,50,657.00,"32,850.00"
2020-03-16,2020031601015507,EBL,48,17,573,657.00,"376,461.00"
2020-03-16,2020031601015506,EBL,35,17,127,658.00,"83,566.00"
2020-03-16,2020031601015444,EBL,35,57,300,658.00,"197,400.00"
2020-03-16,2020031601015431,EBL,55,29,100,660.00,"66,000.00"
2020-03-16,2020031601015308,EBL,35,49,200,658.00,"131,600.00"
2020-03-16,2020031601015668,EIC,43,7,100,365.00,"36,500.00"
2020-03-16,2020031601015667,EIC,36,7,200,365.00,"73,000.00"
2020-03-16,2020031601015487,EIC,32,17,100,363.00,"36,300.00"
2020-03-16,2020031601015404,EIC,45,25,"1,046",365.00,"381,790.00"
2020-03-16,2020031601015285,EIC,34,40,190,362.00,"68,780.00"
2020-03-16,2020031601015284,EIC,36,40,10,362.00,"3,620.00"
2020-03-16,2020031601015510,FMDBL,45,33,24,472.00,"11,328.00"
2020-03-16,2020031601015391,FMDBL,21,33,126,472.00,"59,472.00"
2020-03-16,2020031601015390,FMDBL,21,38,24,472.00,"11,328.00"
2020-03-16,2020031601015389,FOWAD,21,36,45,"1,412.00","63,540.00"
2020-03-16,2020031601015542,GBBL,44,39,50,234.00,"11,700.00"
2020-03-16,2020031601015726,GBIME,47,36,100,265.00,"26,500.00"
2020-03-16,2020031601015717,GBIME,46,13,"1,000",264.00,"264,000.00"
2020-03-16,2020031601015710,GBIME,22,36,100,265.00,"26,500.00"
2020-03-16,2020031601015639,GBIME,41,36,200,265.00,"53,000.00"
2020-03-16,2020031601015599,GBIME,46,42,376,264.00,"99,264.00"
2020-03-16,2020031601015598,GBIME,17,42,100,264.00,"26,400.00"
2020-03-16,2020031601015470,GBIME,32,36,100,265.00,"26,500.00"
2020-03-16,2020031601015439,GBIME,28,36,25,265.00,"6,625.00"
2020-03-16,2020031601015436,GBIME,29,36,800,265.00,"212,000.00"
2020-03-16,2020031601015423,GBIME,39,36,500,265.00,"132,500.00"
2020-03-16,2020031601015381,GBIME,28,36,100,265.00,"26,500.00"
2020-03-16,2020031601015259,GBIME,34,36,600,265.00,"159,000.00"
2020-03-16,2020031601015597,GBIME,42,42,50,264.00,"13,200.00"
2020-03-16,2020031601015596,GBIME,45,42,40,264.00,"10,560.00"
2020-03-16,2020031601015595,GBIME,48,42,300,264.00,"79,200.00"
2020-03-16,2020031601015594,GBIME,42,42,60,264.00,"15,840.00"
2020-03-16,2020031601015486,GBIME,33,36,100,265.00,"26,500.00"
2020-03-16,2020031601015474,GBIME,29,36,100,265.00,"26,500.00"
2020-03-16,2020031601015660,GBLBS,7,39,15,466.00,"6,990.00"
2020-03-16,2020031601015504,GBLBS,45,33,100,470.00,"47,000.00"
2020-03-16,2020031601015475,GBLBS,45,56,80,467.00,"37,360.00"
2020-03-16,2020031601015417,GBLBS,7,26,250,466.00,"116,500.00"
2020-03-16,2020031601015416,GBLBS,7,37,490,466.00,"228,340.00"
2020-03-16,2020031601015415,GBLBS,7,22,105,465.00,"48,825.00"
2020-03-16,2020031601015479,GFCL,45,57,743,146.00,"108,478.00"
2020-03-16,2020031601015453,GFCL,45,49,19,146.00,"2,774.00"
2020-03-16,2020031601015652,GMFIL,32,43,733,132.00,"96,756.00"
2020-03-16,2020031601015601,HBL,26,54,50,545.00,"27,250.00"
2020-03-16,2020031601015600,HBL,26,49,26,544.00,"14,144.00"
2020-03-16,2020031601015732,HDL,25,38,50,"1,420.00","71,000.00"
2020-03-16,2020031601015700,HDL,57,38,50,"1,420.00","71,000.00"
2020-03-16,2020031601015634,HDL,57,32,50,"1,420.00","71,000.00"
2020-03-16,2020031601015633,HDL,42,32,10,"1,420.00","14,200.00"
2020-03-16,2020031601015632,HDL,36,32,50,"1,421.00","71,050.00"
2020-03-16,2020031601015454,HDL,17,52,20,"1,420.00","28,400.00"
2020-03-16,2020031601015315,HDL,58,7,100,"1,422.00","142,200.00"
2020-03-16,2020031601015314,HDL,26,7,10,"1,425.00","14,250.00"
2020-03-16,2020031601015321,HDL,45,39,10,"1,420.00","14,200.00"
2020-03-16,2020031601015320,HDL,49,7,50,"1,420.00","71,000.00"
2020-03-16,2020031601015319,HDL,26,7,200,"1,420.00","284,000.00"
2020-03-16,2020031601015318,HDL,26,7,50,"1,420.00","71,000.00"
2020-03-16,2020031601015317,HDL,11,7,50,"1,420.00","71,000.00"
2020-03-16,2020031601015316,HDL,41,7,50,"1,420.00","71,000.00"
2020-03-16,2020031601015653,HURJA,57,52,40,99.00,"3,960.00"
2020-03-16,2020031601015627,HURJA,57,52,20,99.00,"1,980.00"
2020-03-16,2020031601015720,IGI,37,51,40,380.00,"15,200.00"
2020-03-16,2020031601015559,IGI,32,51,50,380.00,"19,000.00"
2020-03-16,2020031601015469,IGI,38,51,10,380.00,"3,800.00"
2020-03-16,2020031601015733,JBBL,58,29,"1,000",178.00,"178,000.00"
2020-03-16,2020031601015669,JBBL,22,29,15,179.00,"2,685.00"
2020-03-16,2020031601015586,JBBL,34,21,39,182.00,"7,098.00"
2020-03-16,2020031601015585,JBBL,34,58,106,180.00,"19,080.00"
2020-03-16,2020031601015584,JBBL,34,6,55,180.00,"9,900.00"
2020-03-16,2020031601015578,JSLBB,58,22,10,"1,510.00","15,100.00"
2020-03-16,2020031601015560,JSLBB,7,37,134,"1,470.00","196,980.00"
2020-03-16,2020031601015261,JSLBB,17,16,100,"1,470.00","147,000.00"
2020-03-16,2020031601015695,KBL,33,45,250,192.00,"48,000.00"
2020-03-16,2020031601015352,KBL,50,32,200,193.00,"38,600.00"
2020-03-16,2020031601015351,KBL,47,32,24,193.00,"4,632.00"
2020-03-16,2020031601015258,KBL,47,3,76,193.00,"14,668.00"
2020-03-16,2020031601015257,KBL,50,3,250,193.00,"48,250.00"
2020-03-16,2020031601015256,KBL,17,3,300,193.00,"57,900.00"
2020-03-16,2020031601015255,KBL,20,3,500,193.00,"96,500.00"
2020-03-16,2020031601015254,KBL,49,3,500,193.00,"96,500.00"
2020-03-16,2020031601015253,KBL,51,3,100,193.00,"19,300.00"
2020-03-16,2020031601015252,KBL,57,3,"2,000",193.00,"386,000.00"
2020-03-16,2020031601015699,KMCDB,39,34,10,796.00,"7,960.00"
2020-03-16,2020031601015550,KMCDB,28,34,50,799.00,"39,950.00"
2020-03-16,2020031601015549,KMCDB,28,51,45,799.00,"35,955.00"
2020-03-16,2020031601015341,KMCDB,39,52,10,796.00,"7,960.00"
2020-03-16,2020031601015494,KPCL,51,52,10,100.00,"1,000.00"
2020-03-16,2020031601015459,KSBBL,33,40,242,157.00,"37,994.00"
2020-03-16,2020031601015458,KSBBL,45,40,58,157.00,"9,106.00"
2020-03-16,2020031601015394,KSBBL,25,38,"1,000",158.00,"158,000.00"
2020-03-16,2020031601015728,LBBL,43,38,50,185.00,"9,250.00"
2020-03-16,2020031601015727,LBBL,43,28,985,185.00,"182,225.00"
2020-03-16,2020031601015568,LBBL,32,28,100,185.00,"18,500.00"
2020-03-16,2020031601015635,LBL,26,45,75,214.00,"16,050.00"
2020-03-16,2020031601015647,LICN,52,39,10,"1,299.00","12,990.00"
2020-03-16,2020031601015716,MBL,42,59,20,224.00,"4,480.00"
2020-03-16,2020031601015348,MBL,42,49,100,224.00,"22,400.00"
2020-03-16,2020031601015718,MEGA,49,33,400,212.00,"84,800.00"
2020-03-16,2020031601015501,MEGA,34,32,10,214.00,"2,140.00"
2020-03-16,2020031601015500,MEGA,34,40,500,213.00,"106,500.00"
2020-03-16,2020031601015446,MEGA,49,17,200,212.00,"42,400.00"
2020-03-16,2020031601015445,MEGA,33,17,800,212.00,"169,600.00"
2020-03-16,2020031601015357,MEGA,33,35,200,212.00,"42,400.00"
2020-03-16,2020031601015540,MERO,45,49,10,602.00,"6,020.00"
2020-03-16,2020031601015730,MFIL,28,49,811,270.00,"218,970.00"
2020-03-16,2020031601015680,MFIL,45,49,"1,000",270.00,"270,000.00"
2020-03-16,2020031601015679,MFIL,32,49,"1,000",271.00,"271,000.00"
2020-03-16,2020031601015678,MFIL,28,49,189,272.00,"51,408.00"
2020-03-16,2020031601015649,MFIL,28,55,554,272.00,"150,688.00"
2020-03-16,2020031601015614,MFIL,28,45,257,272.00,"69,904.00"
2020-03-16,2020031601015613,MFIL,28,45,243,273.00,"66,339.00"
2020-03-16,2020031601015604,MFIL,42,14,100,274.00,"27,400.00"
2020-03-16,2020031601015579,MFIL,34,47,500,274.00,"137,000.00"
2020-03-16,2020031601015519,MFIL,34,14,500,274.00,"137,000.00"
2020-03-16,2020031601015286,MFIL,34,14,100,275.00,"27,500.00"
2020-03-16,2020031601015309,MLBBL,43,7,10,675.00,"6,750.00"
2020-03-16,2020031601015638,MLBL,1,42,33,203.00,"6,699.00"
2020-03-16,2020031601015612,MNBBL,32,13,50,315.00,"15,750.00"
2020-03-16,2020031601015508,MNBBL,33,13,100,315.00,"31,500.00"
2020-03-16,2020031601015401,MNBBL,58,13,50,315.00,"15,750.00"
2020-03-16,2020031601015400,MNBBL,26,13,500,315.00,"157,500.00"
2020-03-16,2020031601015399,MNBBL,14,13,100,315.00,"31,500.00"
2020-03-16,2020031601015398,MNBBL,3,13,12,315.00,"3,780.00"
2020-03-16,2020031601015378,MNBBL,3,42,38,315.00,"11,970.00"
2020-03-16,2020031601015377,MNBBL,51,42,462,315.00,"145,530.00"
2020-03-16,2020031601015276,MNBBL,51,16,500,315.00,"157,500.00"
2020-03-16,2020031601015429,MPFL,43,39,10,126.00,"1,260.00"
2020-03-16,2020031601015671,MSMBS,5,58,13,760.00,"9,880.00"
2020-03-16,2020031601015393,MSMBS,39,58,50,760.00,"38,000.00"
2020-03-16,2020031601015392,MSMBS,16,58,30,765.00,"22,950.00"
2020-03-16,2020031601015347,MSMBS,32,21,10,775.00,"7,750.00"
2020-03-16,2020031601015289,MSMBS,16,37,20,765.00,"15,300.00"
2020-03-16,2020031601015288,MSMBS,32,37,10,765.00,"7,650.00"
2020-03-16,2020031601015740,NABIL,39,13,342,747.00,"255,474.00"
2020-03-16,2020031601015715,NABIL,39,13,198,747.00,"147,906.00"
2020-03-16,2020031601015714,NABIL,22,13,20,748.00,"14,960.00"
2020-03-16,2020031601015409,NABIL,35,29,50,750.00,"37,500.00"
2020-03-16,2020031601015405,NABIL,55,29,100,750.00,"75,000.00"
2020-03-16,2020031601015268,NABIL,39,49,300,747.00,"224,100.00"
2020-03-16,2020031601015267,NABIL,1,49,100,748.00,"74,800.00"
2020-03-16,2020031601015266,NABIL,33,49,100,752.00,"75,200.00"
2020-03-16,2020031601015562,NADEP,18,43,10,596.00,"5,960.00"
2020-03-16,2020031601015531,NADEP,58,43,437,598.00,"261,326.00"
2020-03-16,2020031601015530,NADEP,44,43,50,599.00,"29,950.00"
2020-03-16,2020031601015529,NADEP,13,43,29,600.00,"17,400.00"
2020-03-16,2020031601015528,NADEP,39,43,27,608.00,"16,416.00"
2020-03-16,2020031601015300,NADEP,39,36,23,608.00,"13,984.00"
2020-03-16,2020031601015709,NBB,58,58,168,205.00,"34,440.00"
2020-03-16,2020031601015708,NBB,56,58,50,205.00,"10,250.00"
2020-03-16,2020031601015707,NBB,45,58,32,205.00,"6,560.00"
2020-03-16,2020031601015385,NBB,45,52,468,205.00,"95,940.00"
2020-03-16,2020031601015384,NBB,45,52,500,206.00,"103,000.00"
2020-03-16,2020031601015383,NBB,51,52,32,206.00,"6,592.00"
2020-03-16,2020031601015565,NBB,34,49,19,208.00,"3,952.00"
2020-03-16,2020031601015557,NBB,34,38,50,207.00,"10,350.00"
2020-03-16,2020031601015556,NBB,34,52,50,207.00,"10,350.00"
2020-03-16,2020031601015555,NBB,34,45,500,206.00,"103,000.00"
2020-03-16,2020031601015554,NBB,34,37,41,206.00,"8,446.00"
2020-03-16,2020031601015701,NBL,57,49,500,266.00,"133,000.00"
2020-03-16,2020031601015673,NBL,49,13,915,265.00,"242,475.00"
2020-03-16,2020031601015628,NBL,45,13,50,266.00,"13,300.00"
2020-03-16,2020031601015622,NBL,49,42,279,265.00,"73,935.00"
2020-03-16,2020031601015621,NBL,42,42,100,265.00,"26,500.00"
2020-03-16,2020031601015620,NBL,44,42,821,265.00,"217,565.00"
2020-03-16,2020031601015418,NBL,22,13,35,266.00,"9,310.00"
2020-03-16,2020031601015371,NBL,34,58,10,267.00,"2,670.00"
2020-03-16,2020031601015331,NBL,44,33,179,265.00,"47,435.00"
2020-03-16,2020031601015330,NBL,56,33,521,265.00,"138,065.00"
2020-03-16,2020031601015742,NCCB,51,57,200,184.00,"36,800.00"
2020-03-16,2020031601015544,NCCB,32,8,100,185.00,"18,500.00"
2020-03-16,2020031601015471,NCCB,51,35,275,184.00,"50,600.00"
2020-03-16,2020031601015432,NCCB,51,8,"1,000",184.00,"184,000.00"
2020-03-16,2020031601015339,NCCB,51,6,18,184.00,"3,312.00"
2020-03-16,2020031601015338,NCCB,11,6,100,184.00,"18,400.00"
2020-03-16,2020031601015293,NCCB,32,25,500,184.00,"92,000.00"
2020-03-16,2020031601015292,NCCB,53,25,"1,000",184.00,"184,000.00"
2020-03-16,2020031601015291,NCCB,49,25,32,184.00,"5,888.00"
2020-03-16,2020031601015337,NCCB,13,6,100,184.00,"18,400.00"
2020-03-16,2020031601015336,NCCB,52,6,400,184.00,"73,600.00"
2020-03-16,2020031601015335,NCCB,34,6,50,184.00,"9,200.00"
2020-03-16,2020031601015334,NCCB,36,6,300,184.00,"55,200.00"
2020-03-16,2020031601015333,NCCB,32,6,32,184.00,"5,888.00"
2020-03-16,2020031601015294,NCCB,32,25,468,184.00,"86,112.00"
2020-03-16,2020031601015630,NIB,39,38,950,389.00,"369,550.00"
2020-03-16,2020031601015629,NIB,39,45,50,387.00,"19,350.00"
2020-03-16,2020031601015545,NIB,33,44,50,386.00,"19,300.00"
2020-03-16,2020031601015388,NIB,48,45,200,386.00,"77,200.00"
2020-03-16,2020031601015387,NIB,8,45,400,386.00,"154,400.00"
2020-03-16,2020031601015551,NIBPO,58,39,20,342.00,"6,840.00"
2020-03-16,2020031601015307,NIBPO,58,51,130,342.00,"44,460.00"
2020-03-16,2020031601015725,NICA,32,28,500,523.00,"261,500.00"
2020-03-16,2020031601015648,NICA,1,28,50,523.00,"26,150.00"
2020-03-16,2020031601015636,NICA,34,28,20,523.00,"10,460.00"
2020-03-16,2020031601015524,NICA,41,57,51,522.00,"26,622.00"
2020-03-16,2020031601015523,NICA,14,57,29,522.00,"15,138.00"
2020-03-16,2020031601015503,NICA,18,28,50,523.00,"26,150.00"
2020-03-16,2020031601015329,NICA,49,25,771,522.00,"402,462.00"
2020-03-16,2020031601015328,NICA,22,25,229,522.00,"119,538.00"
2020-03-16,2020031601015325,NICA,22,51,249,522.00,"129,978.00"
2020-03-16,2020031601015324,NICA,5,51,201,522.00,"104,922.00"
2020-03-16,2020031601015323,NICA,5,38,200,522.00,"104,400.00"
2020-03-16,2020031601015269,NICA,5,49,99,522.00,"51,678.00"
2020-03-16,2020031601015502,NICA,18,29,250,523.00,"130,750.00"
2020-03-16,2020031601015364,NICA,14,28,171,522.00,"89,262.00"
2020-03-16,2020031601015363,NICA,32,28,"1,500",522.00,"783,000.00"
2020-03-16,2020031601015362,NICA,1,28,100,522.00,"52,200.00"
2020-03-16,2020031601015361,NICA,33,28,500,522.00,"261,000.00"
2020-03-16,2020031601015360,NICA,49,28,229,522.00,"119,538.00"
2020-03-16,2020031601015747,NICL,43,17,500,413.00,"206,500.00"
2020-03-16,2020031601015693,NICL,48,42,132,411.00,"54,252.00"
2020-03-16,2020031601015692,NICL,40,42,100,411.00,"41,100.00"
2020-03-16,2020031601015691,NICL,1,42,50,412.00,"20,600.00"
2020-03-16,2020031601015690,NICL,6,42,60,412.00,"24,720.00"
2020-03-16,2020031601015689,NICL,37,42,100,412.00,"41,200.00"
2020-03-16,2020031601015279,NICL,34,17,"1,000",414.00,"414,000.00"
2020-03-16,2020031601015278,NICL,53,17,150,415.00,"62,250.00"
2020-03-16,2020031601015277,NICL,29,17,30,415.00,"12,450.00"
2020-03-16,2020031601015688,NICL,19,42,58,412.00,"23,896.00"
2020-03-16,2020031601015532,NICL,35,17,97,413.00,"40,061.00"
2020-03-16,2020031601015457,NICL,35,17,203,413.00,"83,839.00"
2020-03-16,2020031601015456,NICL,35,34,50,413.00,"20,650.00"
2020-03-16,2020031601015455,NICL,35,37,47,413.00,"19,411.00"
2020-03-16,2020031601015422,NIL,47,48,112,515.00,"57,680.00"
2020-03-16,2020031601015376,NIL,47,40,35,515.00,"18,025.00"
2020-03-16,2020031601015375,NIL,5,40,100,516.00,"51,600.00"
2020-03-16,2020031601015374,NIL,29,40,500,516.00,"258,000.00"
2020-03-16,2020031601015373,NIL,42,40,300,517.00,"155,100.00"
2020-03-16,2020031601015372,NIL,49,40,65,517.00,"33,605.00"
2020-03-16,2020031601015326,NIL,49,34,300,517.00,"155,100.00"
2020-03-16,2020031601015282,NIL,45,25,500,519.00,"259,500.00"
2020-03-16,2020031601015743,NLBBL,42,25,250,662.00,"165,500.00"
2020-03-16,2020031601015729,NLBBL,33,51,10,668.00,"6,680.00"
2020-03-16,2020031601015631,NLG,25,19,15,590.00,"8,850.00"
2020-03-16,2020031601015746,NLIC,8,58,75,"1,100.00","82,500.00"
2020-03-16,2020031601015723,NLIC,57,10,20,"1,097.00","21,940.00"
2020-03-16,2020031601015722,NLIC,58,10,30,"1,098.00","32,940.00"
2020-03-16,2020031601015687,NLIC,49,58,10,"1,100.00","11,000.00"
2020-03-16,2020031601015686,NLIC,57,58,414,"1,100.00","455,400.00"
2020-03-16,2020031601015677,NLIC,57,22,86,"1,100.00","94,600.00"
2020-03-16,2020031601015442,NLIC,47,49,30,"1,100.00","33,000.00"
2020-03-16,2020031601015441,NLIC,1,49,77,"1,100.00","84,700.00"
2020-03-16,2020031601015440,NLIC,5,49,100,"1,101.00","110,100.00"
2020-03-16,2020031601015370,NLIC,1,53,100,"1,100.00","110,000.00"
2020-03-16,2020031601015353,NLIC,49,45,50,"1,103.00","55,150.00"
2020-03-16,2020031601015481,NLIC,17,58,35,"1,100.00","38,500.00"
2020-03-16,2020031601015480,NLIC,35,58,157,"1,100.00","172,700.00"
2020-03-16,2020031601015478,NLIC,5,42,150,"1,101.00","165,150.00"
2020-03-16,2020031601015472,NLIC,50,50,4,"1,100.00","4,400.00"
2020-03-16,2020031601015460,NLIC,5,45,50,"1,101.00","55,050.00"
2020-03-16,2020031601015443,NLIC,35,49,43,"1,100.00","47,300.00"
2020-03-16,2020031601015517,NLIC,52,58,100,"1,100.00","110,000.00"
2020-03-16,2020031601015497,NLIC,52,58,88,"1,100.00","96,800.00"
2020-03-16,2020031601015485,NLIC,19,58,100,"1,100.00","110,000.00"
2020-03-16,2020031601015484,NLIC,56,58,100,"1,100.00","110,000.00"
2020-03-16,2020031601015483,NLIC,52,58,10,"1,100.00","11,000.00"
2020-03-16,2020031601015482,NLIC,13,58,10,"1,100.00","11,000.00"
2020-03-16,2020031601015674,NLIC,17,38,100,"1,098.00","109,800.00"
2020-03-16,2020031601015619,NLIC,59,58,100,"1,099.00","109,900.00"
2020-03-16,2020031601015618,NLIC,28,58,350,"1,099.00","384,650.00"
2020-03-16,2020031601015582,NLIC,26,53,100,"1,100.00","110,000.00"
2020-03-16,2020031601015543,NLIC,57,39,10,"1,100.00","11,000.00"
2020-03-16,2020031601015526,NLIC,52,39,12,"1,100.00","13,200.00"
2020-03-16,2020031601015741,NLICL,42,35,10,625.00,"6,250.00"
2020-03-16,2020031601015705,NLICL,38,35,500,625.00,"312,500.00"
2020-03-16,2020031601015704,NLICL,26,35,344,625.00,"215,000.00"
2020-03-16,2020031601015703,NLICL,26,5,156,625.00,"97,500.00"
2020-03-16,2020031601015702,NLICL,26,5,30,626.00,"18,780.00"
2020-03-16,2020031601015602,NLICL,32,8,100,628.00,"62,800.00"
2020-03-16,2020031601015283,NLICL,32,8,100,628.00,"62,800.00"
2020-03-16,2020031601015713,NMB,26,14,100,408.00,"40,800.00"
2020-03-16,2020031601015706,NMB,42,32,15,409.00,"6,135.00"
2020-03-16,2020031601015611,NMB,33,6,"2,244",407.00,"913,308.00"
2020-03-16,2020031601015610,NMB,33,6,200,407.00,"81,400.00"
2020-03-16,2020031601015609,NMB,13,6,500,407.00,"203,500.00"
2020-03-16,2020031601015608,NMB,36,6,100,407.00,"40,700.00"
2020-03-16,2020031601015488,NMB,35,56,50,409.00,"20,450.00"
2020-03-16,2020031601015419,NMB,28,56,100,409.00,"40,900.00"
2020-03-16,2020031601015281,NMB,19,40,100,408.00,"40,800.00"
2020-03-16,2020031601015280,NMB,5,40,100,409.00,"40,900.00"
2020-03-16,2020031601015587,NMB,19,52,190,408.00,"77,520.00"
2020-03-16,2020031601015581,NMB,57,6,956,409.00,"391,004.00"
2020-03-16,2020031601015580,NMB,57,57,44,409.00,"17,996.00"
2020-03-16,2020031601015558,NMB,18,57,206,409.00,"84,254.00"
2020-03-16,2020031601015521,NMB,18,40,244,409.00,"99,796.00"
2020-03-16,2020031601015520,NMB,18,56,50,409.00,"20,450.00"
2020-03-16,2020031601015593,NMB,26,52,200,408.00,"81,600.00"
2020-03-16,2020031601015592,NMB,48,52,200,408.00,"81,600.00"
2020-03-16,2020031601015591,NMB,14,52,500,408.00,"204,000.00"
2020-03-16,2020031601015590,NMB,14,52,100,408.00,"40,800.00"
2020-03-16,2020031601015589,NMB,1,52,100,408.00,"40,800.00"
2020-03-16,2020031601015588,NMB,50,52,100,408.00,"40,800.00"
2020-03-16,2020031601015681,NMBMF,44,28,100,778.00,"77,800.00"
2020-03-16,2020031601015659,NMBMF,45,37,15,780.00,"11,700.00"
2020-03-16,2020031601015655,NMBMF,47,28,500,779.00,"389,500.00"
2020-03-16,2020031601015654,NMBMF,1,28,50,779.00,"38,950.00"
2020-03-16,2020031601015428,NMBMF,45,37,10,780.00,"7,800.00"
2020-03-16,2020031601015427,NMBMF,58,37,100,781.00,"78,100.00"
2020-03-16,2020031601015426,NMBMF,1,37,50,782.00,"39,100.00"
2020-03-16,2020031601015425,NMBMF,35,37,100,783.00,"78,300.00"
2020-03-16,2020031601015424,NMBMF,14,37,25,784.00,"19,600.00"
2020-03-16,2020031601015359,NMBMF,45,22,168,785.00,"131,880.00"
2020-03-16,2020031601015603,NTC,34,49,160,620.00,"99,200.00"
2020-03-16,2020031601015577,NTC,43,8,942,615.00,"579,330.00"
2020-03-16,2020031601015576,NTC,45,8,100,615.00,"61,500.00"
2020-03-16,2020031601015301,NTC,39,44,10,620.00,"6,200.00"
2020-03-16,2020031601015296,NTC,34,44,50,620.00,"31,000.00"
2020-03-16,2020031601015295,NTC,34,44,10,620.00,"6,200.00"
2020-03-16,2020031601015516,NTC,17,44,605,616.00,"372,680.00"
2020-03-16,2020031601015515,NTC,10,44,300,617.00,"185,100.00"
2020-03-16,2020031601015430,NTC,28,44,25,620.00,"15,500.00"
2020-03-16,2020031601015553,NTC,17,34,100,616.00,"61,600.00"
2020-03-16,2020031601015575,NTC,52,8,100,615.00,"61,500.00"
2020-03-16,2020031601015574,NTC,17,8,161,615.00,"99,015.00"
2020-03-16,2020031601015573,NTC,47,8,100,616.00,"61,600.00"
2020-03-16,2020031601015572,NTC,35,8,30,616.00,"18,480.00"
2020-03-16,2020031601015571,NTC,17,8,67,616.00,"41,272.00"
2020-03-16,2020031601015570,NTC,3,49,20,620.00,"12,400.00"
2020-03-16,2020031601015313,OHL,34,49,100,368.00,"36,800.00"
2020-03-16,2020031601015682,PCBL,56,39,53,278.00,"14,734.00"
2020-03-16,2020031601015637,PCBL,26,52,100,279.00,"27,900.00"
2020-03-16,2020031601015561,PCBL,56,39,66,278.00,"18,348.00"
2020-03-16,2020031601015468,PCBL,35,52,50,279.00,"13,950.00"
2020-03-16,2020031601015450,PCBL,56,29,130,278.00,"36,140.00"
2020-03-16,2020031601015449,PCBL,51,29,220,278.00,"61,160.00"
2020-03-16,2020031601015365,PCBL,51,40,500,278.00,"139,000.00"
2020-03-16,2020031601015327,PCBL,51,58,"1,000",278.00,"278,000.00"
2020-03-16,2020031601015694,PIC,45,21,100,522.00,"52,200.00"
2020-03-16,2020031601015569,PIC,45,39,50,522.00,"26,100.00"
2020-03-16,2020031601015493,PIC,45,38,118,522.00,"61,596.00"
2020-03-16,2020031601015492,PIC,38,38,382,523.00,"199,786.00"
2020-03-16,2020031601015452,PIC,38,37,26,523.00,"13,598.00"
2020-03-16,2020031601015625,PICL,4,22,200,425.00,"85,000.00"
2020-03-16,2020031601015697,PLIC,5,13,500,541.00,"270,500.00"
2020-03-16,2020031601015683,PLIC,38,43,300,539.00,"161,700.00"
2020-03-16,2020031601015676,PLIC,5,40,100,540.00,"54,000.00"
2020-03-16,2020031601015675,PLIC,5,57,11,540.00,"5,940.00"
2020-03-16,2020031601015672,PLIC,38,5,200,539.00,"107,800.00"
2020-03-16,2020031601015496,PLIC,39,43,400,538.00,"215,200.00"
2020-03-16,2020031601015495,PLIC,51,43,100,539.00,"53,900.00"
2020-03-16,2020031601015564,PRIN,49,49,73,392.00,"28,616.00"
2020-03-16,2020031601015410,PROFL,10,59,200,107.00,"21,400.00"
2020-03-16,2020031601015617,PRVU,44,28,50,236.00,"11,800.00"
2020-03-16,2020031601015616,PRVU,58,39,50,234.00,"11,700.00"
2020-03-16,2020031601015451,RBCL,45,49,10,"9,225.00","92,250.00"
2020-03-16,2020031601015724,RBCLPO,59,59,10,"8,000.00","80,000.00"
2020-03-16,2020031601015712,RBCLPO,59,44,10,"8,000.00","80,000.00"
2020-03-16,2020031601015711,RBCLPO,17,44,10,"8,000.00","80,000.00"
2020-03-16,2020031601015552,RBCLPO,33,42,20,"8,005.00","160,100.00"
2020-03-16,2020031601015342,RMDC,36,55,10,670.00,"6,700.00"
2020-03-16,2020031601015358,RSDC,58,45,200,466.00,"93,200.00"
2020-03-16,2020031601015719,SADBL,29,39,200,155.00,"31,000.00"
2020-03-16,2020031601015626,SADBL,47,39,100,155.00,"15,500.00"
2020-03-16,2020031601015744,SANIMA,13,39,100,335.00,"33,500.00"
2020-03-16,2020031601015685,SANIMA,32,45,200,337.00,"67,400.00"
2020-03-16,2020031601015684,SANIMA,32,57,"1,200",337.00,"404,400.00"
2020-03-16,2020031601015467,SANIMA,55,59,250,336.00,"84,000.00"
2020-03-16,2020031601015466,SANIMA,55,35,84,336.00,"28,224.00"
2020-03-16,2020031601015465,SANIMA,55,51,150,336.00,"50,400.00"
2020-03-16,2020031601015447,SANIMA,35,51,50,336.00,"16,800.00"
2020-03-16,2020031601015386,SBI,28,57,300,422.00,"126,600.00"
2020-03-16,2020031601015356,SBI,33,33,200,425.00,"85,000.00"
2020-03-16,2020031601015355,SBI,49,33,278,425.00,"118,150.00"
2020-03-16,2020031601015297,SBI,49,46,500,425.00,"212,500.00"
2020-03-16,2020031601015698,SBL,42,57,20,304.00,"6,080.00"
2020-03-16,2020031601015666,SBL,45,57,200,304.00,"60,800.00"
2020-03-16,2020031601015607,SBL,13,5,400,303.00,"121,200.00"
2020-03-16,2020031601015606,SBL,56,5,100,303.00,"30,300.00"
2020-03-16,2020031601015491,SBL,1,57,53,304.00,"16,112.00"
2020-03-16,2020031601015403,SBL,1,25,447,304.00,"135,888.00"
2020-03-16,2020031601015402,SBL,17,25,53,304.00,"16,112.00"
2020-03-16,2020031601015354,SBL,17,57,157,304.00,"47,728.00"
2020-03-16,2020031601015511,SCB,38,49,100,629.00,"62,900.00"
2020-03-16,2020031601015490,SDESI,4,36,59,840.00,"49,560.00"
2020-03-16,2020031601015489,SDESI,43,36,241,843.00,"203,163.00"
2020-03-16,2020031601015438,SDESI,43,46,259,843.00,"218,337.00"
2020-03-16,2020031601015437,SDESI,37,46,11,843.00,"9,273.00"
2020-03-16,2020031601015434,SDESI,43,49,250,850.00,"212,500.00"
2020-03-16,2020031601015433,SDESI,43,45,10,850.00,"8,500.00"
2020-03-16,2020031601015397,SHINE,41,48,200,281.00,"56,200.00"
2020-03-16,2020031601015396,SHINE,5,48,300,282.00,"84,600.00"
2020-03-16,2020031601015395,SHINE,5,48,500,282.00,"141,000.00"
2020-03-16,2020031601015731,SHIVM,45,38,250,545.00,"136,250.00"
2020-03-16,2020031601015299,SHIVM,10,35,300,547.00,"164,100.00"
2020-03-16,2020031601015290,SHL,55,45,248,165.00,"40,920.00"
2020-03-16,2020031601015646,SHPC,28,7,318,201.00,"63,918.00"
2020-03-16,2020031601015645,SHPC,32,7,50,201.00,"10,050.00"
2020-03-16,2020031601015644,SHPC,5,7,250,201.00,"50,250.00"
2020-03-16,2020031601015514,SHPC,38,7,200,204.00,"40,800.00"
2020-03-16,2020031601015513,SHPC,21,7,100,204.00,"20,400.00"
2020-03-16,2020031601015512,SHPC,49,7,208,204.00,"42,432.00"
2020-03-16,2020031601015538,SHPC,38,7,100,202.00,"20,200.00"
2020-03-16,2020031601015537,SHPC,58,7,150,202.00,"30,300.00"
2020-03-16,2020031601015536,SHPC,4,7,50,202.00,"10,100.00"
2020-03-16,2020031601015535,SHPC,10,7,200,202.00,"40,400.00"
2020-03-16,2020031601015534,SHPC,49,7,300,203.00,"60,900.00"
2020-03-16,2020031601015533,SHPC,4,7,50,203.00,"10,150.00"
2020-03-16,2020031601015643,SHPC,4,7,100,201.00,"20,100.00"
2020-03-16,2020031601015642,SHPC,10,7,200,201.00,"40,200.00"
2020-03-16,2020031601015641,SHPC,33,7,500,202.00,"101,000.00"
2020-03-16,2020031601015640,SHPC,35,7,50,202.00,"10,100.00"
2020-03-16,2020031601015539,SHPC,39,7,500,202.00,"101,000.00"
2020-03-16,2020031601015345,SIC,34,37,30,633.00,"18,990.00"
2020-03-16,2020031601015344,SIC,34,38,60,632.00,"37,920.00"
2020-03-16,2020031601015343,SIC,34,21,60,628.00,"37,680.00"
2020-03-16,2020031601015298,SIC,38,21,40,628.00,"25,120.00"
2020-03-16,2020031601015745,SICL,4,48,158,886.00,"139,988.00"
2020-03-16,2020031601015382,SIFC,10,25,800,157.00,"125,600.00"
2020-03-16,2020031601015414,SINDU,34,29,50,125.00,"6,250.00"
2020-03-16,2020031601015413,SINDU,57,29,200,125.00,"25,000.00"
2020-03-16,2020031601015412,SINDU,41,29,200,126.00,"25,200.00"
2020-03-16,2020031601015411,SINDU,46,29,500,126.00,"63,000.00"
2020-03-16,2020031601015563,SKBBL,45,45,475,"1,057.00","502,075.00"
2020-03-16,2020031601015525,SKBBL,10,45,25,"1,057.00","26,425.00"
2020-03-16,2020031601015473,SKBBL,10,37,23,"1,057.00","24,311.00"
2020-03-16,2020031601015273,SKBBL,10,48,52,"1,057.00","54,964.00"
2020-03-16,2020031601015272,SKBBL,43,48,10,"1,058.00","10,580.00"
2020-03-16,2020031601015605,SLBSL,43,59,50,794.00,"39,700.00"
2020-03-16,2020031601015738,SLICL,38,45,33,404.00,"13,332.00"
2020-03-16,2020031601015737,SLICL,25,45,200,405.00,"81,000.00"
2020-03-16,2020031601015736,SLICL,17,45,190,405.00,"76,950.00"
2020-03-16,2020031601015735,SLICL,46,45,75,405.00,"30,375.00"
2020-03-16,2020031601015734,SLICL,52,45,450,405.00,"182,250.00"
2020-03-16,2020031601015661,SLICL,38,37,100,406.00,"40,600.00"
2020-03-16,2020031601015275,SLICL,34,46,100,407.00,"40,700.00"
2020-03-16,2020031601015651,SLICL,52,56,50,405.00,"20,250.00"
2020-03-16,2020031601015650,SLICL,8,56,50,405.00,"20,250.00"
2020-03-16,2020031601015624,SLICL,39,57,300,406.00,"121,800.00"
2020-03-16,2020031601015406,SLICL,48,16,500,407.00,"203,500.00"
2020-03-16,2020031601015663,SRBL,51,29,"1,227",239.00,"293,253.00"
2020-03-16,2020031601015662,SRBL,44,29,473,239.00,"113,047.00"
2020-03-16,2020031601015380,SRBL,29,35,100,240.00,"24,000.00"
2020-03-16,2020031601015379,SRBL,29,40,14,240.00,"3,360.00"
2020-03-16,2020031601015658,STC,49,57,250,"2,450.00","612,500.00"
2020-03-16,2020031601015657,STC,5,57,100,"2,450.00","245,000.00"
2020-03-16,2020031601015656,STC,5,57,20,"2,451.00","49,020.00"
2020-03-16,2020031601015408,STC,10,5,150,"2,453.00","367,950.00"
2020-03-16,2020031601015407,STC,53,5,10,"2,455.00","24,550.00"
2020-03-16,2020031601015367,UFL,44,22,900,175.00,"157,500.00"
2020-03-16,2020031601015366,UFL,36,22,100,175.00,"17,500.00"
2020-03-16,2020031601015721,UIC,38,51,120,344.00,"41,280.00"
2020-03-16,2020031601015541,UIC,38,37,51,342.00,"17,442.00"
2020-03-16,2020031601015498,UIC,22,51,10,344.00,"3,440.00"
2020-03-16,2020031601015448,UIC,38,21,200,342.00,"68,400.00"
2020-03-16,2020031601015274,UIC,38,55,48,342.00,"16,416.00"
2020-03-16,2020031601015461,UNHPL,13,19,250,57.00,"14,250.00"
2020-03-16,2020031601015522,UPCL,25,28,50,73.00,"3,650.00"
2020-03-16,2020031601015505,UPCL,25,28,50,73.00,"3,650.00"
2020-03-16,2020031601015369,UPPER,25,49,20,230.00,"4,600.00"
2020-03-16,2020031601015368,UPPER,25,48,130,229.00,"29,770.00"
2020-03-16,2020031601015477,VLBS,46,46,121,936.00,"113,256.00"
2020-03-16,2020031601015476,VLBS,26,46,50,940.00,"47,000.00"
2020-03-16,2020031601015464,VLBS,26,46,100,946.00,"94,600.00"
2020-03-16,2020031601015463,VLBS,21,46,29,947.00,"27,463.00"
2020-03-16,2020031601015050,ADBL,26,14,20,383.00,"7,660.00"
2020-03-16,2020031601015049,ADBL,45,14,40,383.00,"15,320.00"
2020-03-16,2020031601015048,ADBL,44,14,150,383.00,"57,450.00"
2020-03-16,2020031601015047,ADBL,17,14,"1,199",383.00,"459,217.00"
2020-03-16,2020031601014849,ADBL,17,56,500,383.00,"191,500.00"
2020-03-16,2020031601014837,ADBL,17,58,66,383.00,"25,278.00"
2020-03-16,2020031601014930,ALBSL,29,29,11,669.00,"7,359.00"
2020-03-16,2020031601014883,ALBSL,17,37,12,670.00,"8,040.00"
2020-03-16,2020031601014996,ALICL,41,39,61,516.00,"31,476.00"
2020-03-16,2020031601014995,ALICL,39,39,100,516.00,"51,600.00"
2020-03-16,2020031601014994,ALICL,50,39,339,516.00,"174,924.00"
2020-03-16,2020031601014929,ALICL,34,25,60,521.00,"31,260.00"
2020-03-16,2020031601015188,API,25,45,100,109.00,"10,900.00"
2020-03-16,2020031601014897,API,25,45,50,109.00,"5,450.00"
2020-03-16,2020031601014836,API,42,1,500,108.00,"54,000.00"
2020-03-16,2020031601015041,BFC,29,49,247,97.00,"23,959.00"
2020-03-16,2020031601015040,BFC,40,49,"1,000",97.00,"97,000.00"
2020-03-16,2020031601014945,BFC,14,49,200,98.00,"19,600.00"
2020-03-16,2020031601014944,BFC,17,49,200,98.00,"19,600.00"
2020-03-16,2020031601014943,BFC,52,49,"1,000",98.00,"98,000.00"
2020-03-16,2020031601014942,BFC,45,49,225,98.00,"22,050.00"
2020-03-16,2020031601014941,BFC,26,49,450,98.00,"44,100.00"
2020-03-16,2020031601014940,BFC,38,49,100,99.00,"9,900.00"
2020-03-16,2020031601014939,BFC,52,49,877,99.00,"86,823.00"
2020-03-16,2020031601014938,BFC,59,49,80,100.00,"8,000.00"
2020-03-16,2020031601015247,BOKL,46,28,387,229.00,"88,623.00"
2020-03-16,2020031601015246,BOKL,8,28,113,229.00,"25,877.00"
2020-03-16,2020031601015155,BOKL,7,35,113,230.00,"25,990.00"
2020-03-16,2020031601015090,BOKL,56,35,74,230.00,"17,020.00"
2020-03-16,2020031601014770,BOKL,8,48,387,229.00,"88,623.00"
2020-03-16,2020031601014769,BOKL,34,48,200,229.00,"45,800.00"
2020-03-16,2020031601014762,BOKL,14,48,500,230.00,"115,000.00"
2020-03-16,2020031601014761,BOKL,6,48,500,230.00,"115,000.00"
2020-03-16,2020031601014760,BOKL,34,48,53,230.00,"12,190.00"
2020-03-16,2020031601014768,BOKL,13,48,"1,000",229.00,"229,000.00"
2020-03-16,2020031601014767,BOKL,55,48,500,229.00,"114,500.00"
2020-03-16,2020031601014766,BOKL,25,48,200,229.00,"45,800.00"
2020-03-16,2020031601014765,BOKL,16,48,300,229.00,"68,700.00"
2020-03-16,2020031601014764,BOKL,11,48,50,230.00,"11,500.00"
2020-03-16,2020031601014763,BOKL,10,48,100,230.00,"23,000.00"
2020-03-16,2020031601015062,CBBL,4,44,59,"1,000.00","59,000.00"
2020-03-16,2020031601014959,CBBL,14,6,200,"1,001.00","200,200.00"
2020-03-16,2020031601014958,CBBL,51,6,500,"1,001.00","500,500.00"
2020-03-16,2020031601015025,CBBL,4,44,50,"1,000.00","50,000.00"
2020-03-16,2020031601014997,CBBL,4,42,240,"1,000.00","240,000.00"
2020-03-16,2020031601014960,CBBL,4,6,651,"1,000.00","651,000.00"
2020-03-16,2020031601015174,CBL,28,49,57,139.00,"7,923.00"
2020-03-16,2020031601014823,CBL,45,51,218,140.00,"30,520.00"
2020-03-16,2020031601015173,CCBL,28,34,183,165.00,"30,195.00"
2020-03-16,2020031601015172,CCBL,47,34,200,165.00,"33,000.00"
2020-03-16,2020031601015171,CCBL,42,34,100,165.00,"16,500.00"
2020-03-16,2020031601015170,CCBL,49,34,417,165.00,"68,805.00"
2020-03-16,2020031601015152,CCBL,49,43,83,165.00,"13,695.00"
2020-03-16,2020031601015151,CCBL,10,43,500,165.00,"82,500.00"
2020-03-16,2020031601015150,CCBL,6,43,10,165.00,"1,650.00"
2020-03-16,2020031601015149,CCBL,59,43,"1,207",165.00,"199,155.00"
2020-03-16,2020031601015115,CCBL,59,34,793,165.00,"130,845.00"
2020-03-16,2020031601015114,CCBL,45,34,207,165.00,"34,155.00"
2020-03-16,2020031601015046,CCBL,7,22,90,166.00,"14,940.00"
2020-03-16,2020031601015045,CCBL,7,40,55,166.00,"9,130.00"
2020-03-16,2020031601014864,CHCL,50,39,654,380.00,"248,520.00"
2020-03-16,2020031601015236,CIT,19,8,100,"2,541.00","254,100.00"
2020-03-16,2020031601015235,CIT,50,8,10,"2,542.00","25,420.00"
2020-03-16,2020031601015234,CIT,45,8,140,"2,543.00","356,020.00"
2020-03-16,2020031601015233,CIT,46,8,100,"2,544.00","254,400.00"
2020-03-16,2020031601015232,CIT,25,8,40,"2,546.00","101,840.00"
2020-03-16,2020031601014822,CIT,28,7,60,"2,582.00","154,920.00"
2020-03-16,2020031601014821,CIT,28,7,100,"2,581.00","258,100.00"
2020-03-16,2020031601014820,CIT,28,51,50,"2,580.00","129,000.00"
2020-03-16,2020031601014819,CIT,28,7,100,"2,580.00","258,000.00"
2020-03-16,2020031601014818,CIT,28,58,290,"2,570.00","745,300.00"
2020-03-16,2020031601014817,CIT,28,5,100,"2,569.00","256,900.00"
2020-03-16,2020031601014927,CZBIL,32,25,70,190.00,"13,300.00"
2020-03-16,2020031601014926,CZBIL,22,25,40,190.00,"7,600.00"
2020-03-16,2020031601014925,CZBIL,14,25,40,190.00,"7,600.00"
2020-03-16,2020031601015018,DDBL,34,6,100,810.00,"81,000.00"
2020-03-16,2020031601015017,DDBL,17,6,200,810.00,"162,000.00"
2020-03-16,2020031601014880,DHPL,14,35,201,51.00,"10,251.00"
2020-03-16,2020031601015240,EBL,39,29,84,660.00,"55,440.00"
2020-03-16,2020031601015194,EBL,39,59,53,660.00,"34,980.00"
2020-03-16,2020031601015108,EBL,39,49,50,660.00,"33,000.00"
2020-03-16,2020031601015096,EBL,39,37,23,660.00,"15,180.00"
2020-03-16,2020031601014998,EBL,39,28,50,660.00,"33,000.00"
2020-03-16,2020031601014855,EBL,39,41,100,660.00,"66,000.00"
2020-03-16,2020031601014829,EBL,39,17,640,660.00,"422,400.00"
2020-03-16,2020031601015105,EIC,36,37,40,362.00,"14,480.00"
2020-03-16,2020031601015104,EIC,45,37,50,362.00,"18,100.00"
2020-03-16,2020031601014964,EIC,34,39,70,364.00,"25,480.00"
2020-03-16,2020031601014796,EIC,45,58,250,362.00,"90,500.00"
2020-03-16,2020031601015200,FMDBL,13,34,100,470.00,"47,000.00"
2020-03-16,2020031601015110,FMDBL,13,58,68,470.00,"31,960.00"
2020-03-16,2020031601015109,FMDBL,29,58,82,470.00,"38,540.00"
2020-03-16,2020031601015100,FMDBL,29,3,18,470.00,"8,460.00"
2020-03-16,2020031601015099,FMDBL,7,3,22,471.00,"10,362.00"
2020-03-16,2020031601014957,FMDBL,45,38,476,472.00,"224,672.00"
2020-03-16,2020031601014902,FMDBL,45,52,524,472.00,"247,328.00"
2020-03-16,2020031601014901,FMDBL,58,52,500,472.00,"236,000.00"
2020-03-16,2020031601014900,FMDBL,55,52,95,473.00,"44,935.00"
2020-03-16,2020031601014899,FMDBL,58,52,200,473.00,"94,600.00"
2020-03-16,2020031601014860,FMDBL,21,34,62,474.00,"29,388.00"
2020-03-16,2020031601015249,GBBL,42,13,162,236.00,"38,232.00"
2020-03-16,2020031601015087,GBBL,42,25,25,236.00,"5,900.00"
2020-03-16,2020031601014967,GBBL,42,45,133,236.00,"31,388.00"
2020-03-16,2020031601014961,GBBL,42,22,40,236.00,"9,440.00"
2020-03-16,2020031601015213,GBIME,39,36,88,265.00,"23,320.00"
2020-03-16,2020031601015177,GBIME,39,46,12,265.00,"3,180.00"
2020-03-16,2020031601015176,GBIME,28,46,288,265.00,"76,320.00"
2020-03-16,2020031601015159,GBIME,56,36,500,266.00,"133,000.00"
2020-03-16,2020031601015086,GBIME,7,36,100,266.00,"26,600.00"
2020-03-16,2020031601015202,GBLBS,34,37,10,466.00,"4,660.00"
2020-03-16,2020031601015201,GBLBS,34,52,20,465.00,"9,300.00"
2020-03-16,2020031601015120,GBLBS,33,46,50,462.00,"23,100.00"
2020-03-16,2020031601015119,GBLBS,34,46,250,462.00,"115,500.00"
2020-03-16,2020031601015118,GBLBS,51,46,200,463.00,"92,600.00"
2020-03-16,2020031601015081,GBLBS,33,58,114,462.00,"52,668.00"
2020-03-16,2020031601015080,GBLBS,21,58,86,463.00,"39,818.00"
2020-03-16,2020031601015183,GGBSL,29,29,10,780.00,"7,800.00"
2020-03-16,2020031601015162,GILB,36,38,300,"1,220.00","366,000.00"
2020-03-16,2020031601015052,GLBSL,58,41,15,656.00,"9,840.00"
2020-03-16,2020031601015051,GLBSL,58,32,10,656.00,"6,560.00"
2020-03-16,2020031601015148,GLICL,57,37,50,421.00,"21,050.00"
2020-03-16,2020031601015020,GLICL,57,39,230,421.00,"96,830.00"
2020-03-16,2020031601014898,GLICL,7,38,200,422.00,"84,400.00"
2020-03-16,2020031601015216,HDL,26,49,30,"1,425.00","42,750.00"
2020-03-16,2020031601015179,HDL,17,7,20,"1,430.00","28,600.00"
2020-03-16,2020031601015178,HDL,19,7,20,"1,430.00","28,600.00"
2020-03-16,2020031601014965,ILBS,29,29,10,718.00,"7,180.00"
2020-03-16,2020031601015189,JBBL,22,21,261,179.00,"46,719.00"
2020-03-16,2020031601015091,JBBL,22,55,24,179.00,"4,296.00"
2020-03-16,2020031601014934,JBBL,22,32,200,179.00,"35,800.00"
2020-03-16,2020031601014909,JOSHI,11,42,20,52.00,"1,040.00"
2020-03-16,2020031601015251,KBL,17,3,200,193.00,"38,600.00"
2020-03-16,2020031601015250,KBL,51,3,"1,474",193.00,"284,482.00"
2020-03-16,2020031601015089,KMCDB,45,34,100,797.00,"79,700.00"
2020-03-16,2020031601015088,KMCDB,45,34,30,798.00,"23,940.00"
2020-03-16,2020031601014843,KPCL,51,40,10,100.00,"1,000.00"
2020-03-16,2020031601015180,KRBL,20,22,62,104.00,"6,448.00"
2020-03-16,2020031601015145,KRBL,20,22,189,104.00,"19,656.00"
2020-03-16,2020031601015092,KRBL,20,22,89,104.00,"9,256.00"
2020-03-16,2020031601015044,KRBL,20,22,62,104.00,"6,448.00"
2020-03-16,2020031601015005,KRBL,20,22,62,104.00,"6,448.00"
2020-03-16,2020031601014966,KRBL,20,22,62,104.00,"6,448.00"
2020-03-16,2020031601015117,LBBL,32,28,100,185.00,"18,500.00"
2020-03-16,2020031601015102,LBL,17,45,163,214.00,"34,882.00"
2020-03-16,2020031601014828,LBL,14,49,401,215.00,"86,215.00"
2020-03-16,2020031601015161,LGIL,17,59,100,440.00,"44,000.00"
2020-03-16,2020031601015160,LGIL,8,59,10,440.00,"4,400.00"
2020-03-16,2020031601015154,MBL,42,35,"2,000",224.00,"448,000.00"
2020-03-16,2020031601015153,MBL,42,19,300,224.00,"67,200.00"
2020-03-16,2020031601015016,MBL,1,19,500,224.00,"112,000.00"
2020-03-16,2020031601014922,MBL,42,32,400,223.00,"89,200.00"
2020-03-16,2020031601014921,MBL,41,32,100,223.00,"22,300.00"
2020-03-16,2020031601015015,MDB,58,28,70,357.00,"24,990.00"
2020-03-16,2020031601015014,MDB,58,38,30,354.00,"10,620.00"
2020-03-16,2020031601014949,MDB,4,19,10,351.00,"3,510.00"
2020-03-16,2020031601014805,MDB,33,19,10,351.00,"3,510.00"
2020-03-16,2020031601014773,MDB,33,19,10,351.00,"3,510.00"
2020-03-16,2020031601015219,MEGA,37,33,300,213.00,"63,900.00"
2020-03-16,2020031601015218,MEGA,45,33,314,213.00,"66,882.00"
2020-03-16,2020031601015103,MEGA,7,32,100,214.00,"21,400.00"
2020-03-16,2020031601014891,MEGA,45,33,186,213.00,"39,618.00"
2020-03-16,2020031601014884,MEGA,34,33,149,213.00,"31,737.00"
2020-03-16,2020031601014867,MEGA,35,32,50,214.00,"10,700.00"
2020-03-16,2020031601014866,MEGA,34,32,271,214.00,"57,994.00"
2020-03-16,2020031601014890,MEGA,41,33,30,213.00,"6,390.00"
2020-03-16,2020031601014889,MEGA,21,33,50,213.00,"10,650.00"
2020-03-16,2020031601014888,MEGA,49,33,500,213.00,"106,500.00"
2020-03-16,2020031601014887,MEGA,32,33,50,213.00,"10,650.00"
2020-03-16,2020031601014886,MEGA,39,33,35,213.00,"7,455.00"
2020-03-16,2020031601014885,MEGA,58,33,"2,000",213.00,"426,000.00"
2020-03-16,2020031601015000,MHNL,34,52,30,81.00,"2,430.00"
2020-03-16,2020031601015248,MNBBL,20,13,88,316.00,"27,808.00"
2020-03-16,2020031601014933,MNBBL,42,13,114,316.00,"36,024.00"
2020-03-16,2020031601014816,MNBBL,42,58,36,316.00,"11,376.00"
2020-03-16,2020031601014954,MPFL,43,47,10,128.00,"1,280.00"
2020-03-16,2020031601014894,MSMBS,26,13,31,750.00,"23,250.00"
2020-03-16,2020031601014893,MSMBS,45,13,100,755.00,"75,500.00"
2020-03-16,2020031601014892,MSMBS,46,13,69,760.00,"52,440.00"
2020-03-16,2020031601015111,NABIL,39,16,11,747.00,"8,217.00"
2020-03-16,2020031601015043,NABIL,38,25,50,750.00,"37,500.00"
2020-03-16,2020031601015042,NABIL,6,25,20,750.00,"15,000.00"
2020-03-16,2020031601014932,NABIL,41,14,50,753.00,"37,650.00"
2020-03-16,2020031601015182,NBB,51,25,138,206.00,"28,428.00"
2020-03-16,2020031601015181,NBB,33,25,62,206.00,"12,772.00"
2020-03-16,2020031601015065,NBB,33,28,138,206.00,"28,428.00"
2020-03-16,2020031601015064,NBB,17,28,200,206.00,"41,200.00"
2020-03-16,2020031601015063,NBB,47,28,162,206.00,"33,372.00"
2020-03-16,2020031601014806,NBB,51,35,338,207.00,"69,966.00"
2020-03-16,2020031601014951,NBB,34,59,50,207.00,"10,350.00"
2020-03-16,2020031601014950,NBB,34,35,62,207.00,"12,834.00"
2020-03-16,2020031601014809,NBB,33,35,500,207.00,"103,500.00"
2020-03-16,2020031601014808,NBB,49,35,"1,000",207.00,"207,000.00"
2020-03-16,2020031601014807,NBB,46,35,600,207.00,"124,200.00"
2020-03-16,2020031601015142,NBL,56,20,479,265.00,"126,935.00"
2020-03-16,2020031601015141,NBL,22,20,100,265.00,"26,500.00"
2020-03-16,2020031601015140,NBL,22,20,50,265.00,"13,250.00"
2020-03-16,2020031601015139,NBL,33,20,100,265.00,"26,500.00"
2020-03-16,2020031601015138,NBL,11,20,300,265.00,"79,500.00"
2020-03-16,2020031601015137,NBL,40,20,100,265.00,"26,500.00"
2020-03-16,2020031601015124,NBL,50,20,"1,000",266.00,"266,000.00"
2020-03-16,2020031601015123,NBL,22,20,50,266.00,"13,300.00"
2020-03-16,2020031601015122,NBL,13,20,100,266.00,"26,600.00"
2020-03-16,2020031601015121,NBL,42,20,"1,755",266.00,"466,830.00"
2020-03-16,2020031601015130,NBL,21,20,500,266.00,"133,000.00"
2020-03-16,2020031601015129,NBL,26,20,76,266.00,"20,216.00"
2020-03-16,2020031601015128,NBL,42,20,10,266.00,"2,660.00"
2020-03-16,2020031601015127,NBL,46,20,50,266.00,"13,300.00"
2020-03-16,2020031601015126,NBL,52,20,20,266.00,"5,320.00"
2020-03-16,2020031601015125,NBL,38,20,30,266.00,"7,980.00"
2020-03-16,2020031601015136,NBL,40,20,100,265.00,"26,500.00"
2020-03-16,2020031601015135,NBL,6,20,"1,000",265.00,"265,000.00"
2020-03-16,2020031601015134,NBL,36,20,100,265.00,"26,500.00"
2020-03-16,2020031601015133,NBL,29,20,500,265.00,"132,500.00"
2020-03-16,2020031601015132,NBL,44,20,500,265.00,"132,500.00"
2020-03-16,2020031601015131,NBL,51,20,80,265.00,"21,200.00"
2020-03-16,2020031601015205,NCCB,49,34,68,184.00,"12,512.00"
2020-03-16,2020031601015204,NCCB,16,34,100,184.00,"18,400.00"
2020-03-16,2020031601015203,NCCB,37,34,332,184.00,"61,088.00"
2020-03-16,2020031601015101,NCCB,32,8,100,185.00,"18,500.00"
2020-03-16,2020031601014842,NGPL,34,41,280,111.00,"31,080.00"
2020-03-16,2020031601014841,NGPL,22,41,100,112.00,"11,200.00"
2020-03-16,2020031601014840,NGPL,19,41,170,112.00,"19,040.00"
2020-03-16,2020031601014839,NGPL,29,41,450,112.00,"50,400.00"
2020-03-16,2020031601015143,NHPC,39,45,500,55.00,"27,500.00"
2020-03-16,2020031601015245,NIB,56,45,500,386.00,"193,000.00"
2020-03-16,2020031601015244,NIB,45,45,30,386.00,"11,580.00"
2020-03-16,2020031601014924,NIBPO,14,35,500,343.00,"171,500.00"
2020-03-16,2020031601015241,NICA,58,6,364,523.00,"190,372.00"
2020-03-16,2020031601015199,NICA,58,25,500,523.00,"261,500.00"
2020-03-16,2020031601015167,NICA,58,28,41,523.00,"21,443.00"
2020-03-16,2020031601015166,NICA,41,28,30,523.00,"15,690.00"
2020-03-16,2020031601015165,NICA,28,28,100,523.00,"52,300.00"
2020-03-16,2020031601015164,NICA,1,28,100,524.00,"52,400.00"
2020-03-16,2020031601014895,NICA,38,32,200,524.00,"104,800.00"
2020-03-16,2020031601014832,NICA,48,58,"1,500",525.00,"787,500.00"
2020-03-16,2020031601014831,NICA,51,58,50,525.00,"26,250.00"
2020-03-16,2020031601014830,NICA,59,58,124,525.00,"65,100.00"
2020-03-16,2020031601015163,NICA,34,28,37,524.00,"19,388.00"
2020-03-16,2020031601015019,NICA,34,28,13,524.00,"6,812.00"
2020-03-16,2020031601015006,NICA,48,28,500,525.00,"262,500.00"
2020-03-16,2020031601014937,NICA,56,46,300,524.00,"157,200.00"
2020-03-16,2020031601014936,NICA,19,46,100,524.00,"52,400.00"
2020-03-16,2020031601014935,NICA,38,46,100,524.00,"52,400.00"
2020-03-16,2020031601015206,NICL,10,21,200,416.00,"83,200.00"
2020-03-16,2020031601015060,NICL,29,44,170,415.00,"70,550.00"
2020-03-16,2020031601015059,NICL,49,44,200,415.00,"83,000.00"
2020-03-16,2020031601015058,NICL,49,44,200,415.00,"83,000.00"
2020-03-16,2020031601015057,NICL,35,44,300,416.00,"124,800.00"
2020-03-16,2020031601014774,NICL,16,6,188,417.00,"78,396.00"
2020-03-16,2020031601014904,NICL,35,58,285,417.00,"118,845.00"
2020-03-16,2020031601014882,NICL,51,58,488,417.00,"203,496.00"
2020-03-16,2020031601014776,NICL,51,6,12,417.00,"5,004.00"
2020-03-16,2020031601014775,NICL,38,6,300,417.00,"125,100.00"
2020-03-16,2020031601015056,NICL,38,44,130,416.00,"54,080.00"
2020-03-16,2020031601014963,NICL,38,33,70,416.00,"29,120.00"
2020-03-16,2020031601014962,NICL,36,33,50,416.00,"20,800.00"
2020-03-16,2020031601015238,NIL,49,57,60,517.00,"31,020.00"
2020-03-16,2020031601015217,NIL,13,13,"10,000",518.00,"5,180,000.00"
2020-03-16,2020031601015212,NIL,49,46,75,517.00,"38,775.00"
2020-03-16,2020031601014852,NLBBL,42,34,669,662.00,"442,878.00"
2020-03-16,2020031601014851,NLBBL,25,34,11,662.00,"7,282.00"
2020-03-16,2020031601014850,NLBBL,55,34,100,663.00,"66,300.00"
2020-03-16,2020031601014834,NLBBL,14,34,200,664.00,"132,800.00"
2020-03-16,2020031601014833,NLBBL,39,34,20,664.00,"13,280.00"
2020-03-16,2020031601015243,NLIC,1,28,23,"1,100.00","25,300.00"
2020-03-16,2020031601015242,NLIC,16,28,633,"1,100.00","696,300.00"
2020-03-16,2020031601015221,NLIC,33,28,100,"1,105.00","110,500.00"
2020-03-16,2020031601015210,NLIC,49,28,194,"1,105.00","214,370.00"
2020-03-16,2020031601015209,NLIC,49,49,86,"1,104.00","94,944.00"
2020-03-16,2020031601015208,NLIC,49,42,20,"1,103.00","22,060.00"
2020-03-16,2020031601014779,NLIC,17,58,100,"1,108.00","110,800.00"
2020-03-16,2020031601014778,NLIC,45,58,10,"1,108.00","11,080.00"
2020-03-16,2020031601014777,NLIC,49,58,37,"1,108.00","40,996.00"
2020-03-16,2020031601014755,NLIC,38,58,200,"1,109.00","221,800.00"
2020-03-16,2020031601014754,NLIC,8,58,100,"1,110.00","111,000.00"
2020-03-16,2020031601014912,NLIC,56,28,200,"1,106.00","221,200.00"
2020-03-16,2020031601014874,NLIC,17,50,50,"1,106.00","55,300.00"
2020-03-16,2020031601014859,NLIC,42,58,20,"1,107.00","22,140.00"
2020-03-16,2020031601014858,NLIC,49,58,10,"1,107.00","11,070.00"
2020-03-16,2020031601014857,NLIC,38,58,200,"1,107.00","221,400.00"
2020-03-16,2020031601014780,NLIC,35,58,45,"1,108.00","49,860.00"
2020-03-16,2020031601014918,NLIC,39,28,230,"1,105.00","254,150.00"
2020-03-16,2020031601014917,NLIC,41,28,20,"1,105.00","22,100.00"
2020-03-16,2020031601014916,NLIC,36,28,50,"1,105.00","55,250.00"
2020-03-16,2020031601014915,NLIC,54,28,200,"1,105.00","221,000.00"
2020-03-16,2020031601014914,NLIC,13,28,200,"1,105.00","221,000.00"
2020-03-16,2020031601014913,NLIC,22,28,100,"1,105.00","110,500.00"
2020-03-16,2020031601014974,NLIC,58,58,100,"1,102.00","110,200.00"
2020-03-16,2020031601014973,NLIC,7,58,500,"1,102.00","551,000.00"
2020-03-16,2020031601014972,NLIC,59,58,10,"1,102.00","11,020.00"
2020-03-16,2020031601014971,NLIC,49,58,10,"1,103.00","11,030.00"
2020-03-16,2020031601014970,NLIC,39,58,770,"1,105.00","850,850.00"
2020-03-16,2020031601014955,NLIC,36,58,25,"1,108.00","27,700.00"
2020-03-16,2020031601014980,NLIC,17,58,55,"1,100.00","60,500.00"
2020-03-16,2020031601014979,NLIC,18,58,100,"1,100.00","110,000.00"
2020-03-16,2020031601014978,NLIC,29,58,20,"1,100.00","22,000.00"
2020-03-16,2020031601014977,NLIC,33,58,50,"1,100.00","55,000.00"
2020-03-16,2020031601014976,NLIC,57,58,100,"1,101.00","110,100.00"
2020-03-16,2020031601014975,NLIC,20,58,200,"1,101.00","220,200.00"
2020-03-16,2020031601014986,NLIC,43,58,200,"1,100.00","220,000.00"
2020-03-16,2020031601014985,NLIC,57,58,500,"1,100.00","550,000.00"
2020-03-16,2020031601014984,NLIC,58,58,100,"1,100.00","110,000.00"
2020-03-16,2020031601014983,NLIC,57,58,300,"1,100.00","330,000.00"
2020-03-16,2020031601014982,NLIC,20,58,100,"1,100.00","110,000.00"
2020-03-16,2020031601014981,NLIC,56,58,50,"1,100.00","55,000.00"
2020-03-16,2020031601014992,NLIC,26,58,50,"1,100.00","55,000.00"
2020-03-16,2020031601014991,NLIC,26,58,100,"1,100.00","110,000.00"
2020-03-16,2020031601014990,NLIC,10,58,50,"1,100.00","55,000.00"
2020-03-16,2020031601014989,NLIC,58,58,50,"1,100.00","55,000.00"
2020-03-16,2020031601014988,NLIC,25,58,30,"1,100.00","33,000.00"
2020-03-16,2020031601014987,NLIC,41,58,88,"1,100.00","96,800.00"
2020-03-16,2020031601015187,NLIC,16,40,367,"1,100.00","403,700.00"
2020-03-16,2020031601015186,NLIC,49,40,133,"1,100.00","146,300.00"
2020-03-16,2020031601015169,NLIC,47,42,80,"1,103.00","88,240.00"
2020-03-16,2020031601015147,NLIC,47,16,20,"1,103.00","22,060.00"
2020-03-16,2020031601015066,NLIC,57,28,50,"1,105.00","55,250.00"
2020-03-16,2020031601014993,NLIC,49,58,367,"1,100.00","403,700.00"
2020-03-16,2020031601015198,NLICL,45,35,200,628.00,"125,600.00"
2020-03-16,2020031601015013,NLICL,26,21,70,626.00,"43,820.00"
2020-03-16,2020031601015012,NLICL,52,21,100,626.00,"62,600.00"
2020-03-16,2020031601015011,NLICL,5,21,30,626.00,"18,780.00"
2020-03-16,2020031601015116,NMB,34,49,200,410.00,"82,000.00"
2020-03-16,2020031601015038,NMB,19,58,70,408.00,"28,560.00"
2020-03-16,2020031601015037,NMB,29,58,500,408.00,"204,000.00"
2020-03-16,2020031601015036,NMB,51,58,500,408.00,"204,000.00"
2020-03-16,2020031601015035,NMB,51,58,"5,000",408.00,"2,040,000.00"
2020-03-16,2020031601015034,NMB,45,58,100,408.00,"40,800.00"
2020-03-16,2020031601014802,NMB,38,32,20,411.00,"8,220.00"
2020-03-16,2020031601014873,NMB,59,46,430,410.00,"176,300.00"
2020-03-16,2020031601014872,NMB,35,46,50,410.00,"20,500.00"
2020-03-16,2020031601014871,NMB,22,46,200,410.00,"82,000.00"
2020-03-16,2020031601014870,NMB,16,46,20,410.00,"8,200.00"
2020-03-16,2020031601014861,NMB,16,59,170,411.00,"69,870.00"
2020-03-16,2020031601014803,NMB,16,32,30,411.00,"12,330.00"
2020-03-16,2020031601015027,NMB,45,58,130,410.00,"53,300.00"
2020-03-16,2020031601015007,NMB,45,52,240,410.00,"98,400.00"
2020-03-16,2020031601015004,NMB,45,58,130,410.00,"53,300.00"
2020-03-16,2020031601015003,NMB,56,58,200,410.00,"82,000.00"
2020-03-16,2020031601015002,NMB,52,58,100,410.00,"41,000.00"
2020-03-16,2020031601015001,NMB,59,58,"1,570",410.00,"643,700.00"
2020-03-16,2020031601015033,NMB,53,58,"1,000",408.00,"408,000.00"
2020-03-16,2020031601015032,NMB,34,58,100,408.00,"40,800.00"
2020-03-16,2020031601015031,NMB,6,58,"3,000",409.00,"1,227,000.00"
2020-03-16,2020031601015030,NMB,58,58,500,409.00,"204,500.00"
2020-03-16,2020031601015029,NMB,56,58,100,409.00,"40,900.00"
2020-03-16,2020031601015028,NMB,26,58,"1,000",409.00,"409,000.00"
2020-03-16,2020031601014869,NMBMF,45,28,50,785.00,"39,250.00"
2020-03-16,2020031601014868,NMBMF,7,28,500,785.00,"392,500.00"
2020-03-16,2020031601015184,NTC,10,14,200,617.00,"123,400.00"
2020-03-16,2020031601014875,NTC,34,22,20,622.00,"12,440.00"
2020-03-16,2020031601015191,PCBL,51,56,344,278.00,"95,632.00"
2020-03-16,2020031601014911,PCBL,51,51,122,278.00,"33,916.00"
2020-03-16,2020031601014905,PCBL,32,52,60,279.00,"16,740.00"
2020-03-16,2020031601014758,PFL,32,29,504,156.00,"78,624.00"
2020-03-16,2020031601015239,PIC,33,49,11,525.00,"5,775.00"
2020-03-16,2020031601015193,PLIC,51,50,300,539.00,"161,700.00"
2020-03-16,2020031601015144,PLIC,51,21,100,539.00,"53,900.00"
2020-03-16,2020031601015079,PLIC,51,25,500,539.00,"269,500.00"
2020-03-16,2020031601014999,PLIC,14,57,139,540.00,"75,060.00"
2020-03-16,2020031601014787,PLIC,14,25,151,540.00,"81,540.00"
2020-03-16,2020031601014786,PLIC,5,25,100,540.00,"54,000.00"
2020-03-16,2020031601014785,PLIC,53,25,180,540.00,"97,200.00"
2020-03-16,2020031601014784,PLIC,55,25,69,540.00,"37,260.00"
2020-03-16,2020031601014856,PMHPL,59,40,10,79.00,790.00
2020-03-16,2020031601015192,PRIN,49,13,165,392.00,"64,680.00"
2020-03-16,2020031601014953,PRIN,45,50,485,392.00,"190,120.00"
2020-03-16,2020031601014908,PRIN,25,50,40,392.00,"15,680.00"
2020-03-16,2020031601014907,PRIN,37,50,200,392.00,"78,400.00"
2020-03-16,2020031601014906,PRIN,57,50,125,392.00,"49,000.00"
2020-03-16,2020031601014847,PRIN,57,6,75,392.00,"29,400.00"
2020-03-16,2020031601014846,PRIN,48,6,25,392.00,"9,800.00"
2020-03-16,2020031601015026,PROFL,19,59,200,107.00,"21,400.00"
2020-03-16,2020031601015158,PRVU,16,40,974,235.00,"228,890.00"
2020-03-16,2020031601015196,RBCL,34,51,10,"9,225.00","92,250.00"
2020-03-16,2020031601015222,RBCLPO,33,11,10,"8,005.00","80,050.00"
2020-03-16,2020031601014848,RBCLPO,35,58,10,"8,010.00","80,100.00"
2020-03-16,2020031601014757,RBCLPO,4,58,50,"8,010.00","400,500.00"
2020-03-16,2020031601014756,RBCLPO,43,58,40,"8,020.00","320,800.00"
2020-03-16,2020031601014863,RHPC,33,16,782,83.00,"64,906.00"
2020-03-16,2020031601014862,RHPC,33,21,218,83.00,"18,094.00"
2020-03-16,2020031601014835,RHPC,52,57,19,82.00,"1,558.00"
2020-03-16,2020031601014804,RHPC,4,57,19,82.00,"1,558.00"
2020-03-16,2020031601015082,RHPL,29,29,10,155.00,"1,550.00"
2020-03-16,2020031601014931,RHPL,50,42,30,153.00,"4,590.00"
2020-03-16,2020031601014878,RHPL,39,59,85,156.00,"13,260.00"
2020-03-16,2020031601014877,RHPL,39,38,15,155.00,"2,325.00"
2020-03-16,2020031601014854,RHPL,39,59,60,156.00,"9,360.00"
2020-03-16,2020031601014853,RHPL,39,55,40,155.00,"6,200.00"
2020-03-16,2020031601014801,RRHP,25,29,10,93.00,930.00
2020-03-16,2020031601015095,RSDC,58,38,28,475.00,"13,300.00"
2020-03-16,2020031601015094,RSDC,58,1,15,474.00,"7,110.00"
2020-03-16,2020031601015093,RSDC,58,33,300,470.00,"141,000.00"
2020-03-16,2020031601014827,RSDC,58,25,402,466.00,"187,332.00"
2020-03-16,2020031601014826,RSDC,36,25,50,467.00,"23,350.00"
2020-03-16,2020031601014825,RSDC,22,25,48,468.00,"22,464.00"
2020-03-16,2020031601015195,SABSL,17,52,26,750.00,"19,500.00"
2020-03-16,2020031601014865,SABSL,17,19,100,750.00,"75,000.00"
2020-03-16,2020031601014928,SANIMA,16,51,100,336.00,"33,600.00"
2020-03-16,2020031601015215,SBI,49,13,300,425.00,"127,500.00"
2020-03-16,2020031601015214,SBI,49,49,200,425.00,"85,000.00"
2020-03-16,2020031601014956,SBI,49,46,250,425.00,"106,250.00"
2020-03-16,2020031601014946,SBI,14,51,284,426.00,"120,984.00"
2020-03-16,2020031601014910,SBI,14,38,20,426.00,"8,520.00"
2020-03-16,2020031601015146,SBL,17,28,231,304.00,"70,224.00"
2020-03-16,2020031601015061,SBL,17,52,50,304.00,"15,200.00"
2020-03-16,2020031601014838,SBL,17,32,200,304.00,"60,800.00"
2020-03-16,2020031601014800,SBL,17,38,309,304.00,"93,936.00"
2020-03-16,2020031601014799,SBL,52,38,20,304.00,"6,080.00"
2020-03-16,2020031601014798,SBL,22,38,171,304.00,"51,984.00"
2020-03-16,2020031601015156,SDESI,39,45,17,850.00,"14,450.00"
2020-03-16,2020031601014948,SFCL,13,39,76,98.00,"7,448.00"
2020-03-16,2020031601014947,SFCL,6,39,100,98.00,"9,800.00"
2020-03-16,2020031601015085,SHINE,41,20,771,281.00,"216,651.00"
2020-03-16,2020031601015084,SHINE,57,20,200,281.00,"56,200.00"
2020-03-16,2020031601015083,SHINE,14,20,500,282.00,"141,000.00"
2020-03-16,2020031601014844,SHINE,42,16,300,282.00,"84,600.00"
2020-03-16,2020031601015078,SHIVM,3,58,938,544.00,"510,272.00"
2020-03-16,2020031601015077,SHIVM,52,58,200,544.00,"108,800.00"
2020-03-16,2020031601015076,SHIVM,4,58,"1,000",544.00,"544,000.00"
2020-03-16,2020031601015075,SHIVM,36,58,15,544.00,"8,160.00"
2020-03-16,2020031601015074,SHIVM,42,58,50,545.00,"27,250.00"
2020-03-16,2020031601015073,SHIVM,38,58,200,545.00,"109,000.00"
2020-03-16,2020031601015072,SHIVM,16,58,500,545.00,"272,500.00"
2020-03-16,2020031601015071,SHIVM,16,58,500,545.00,"272,500.00"
2020-03-16,2020031601015070,SHIVM,36,58,150,545.00,"81,750.00"
2020-03-16,2020031601015069,SHIVM,25,58,500,546.00,"273,000.00"
2020-03-16,2020031601015068,SHIVM,45,58,500,546.00,"273,000.00"
2020-03-16,2020031601015067,SHIVM,50,58,47,546.00,"25,662.00"
2020-03-16,2020031601015175,SHL,45,52,233,164.00,"38,212.00"
2020-03-16,2020031601014920,SHL,45,45,100,165.00,"16,500.00"
2020-03-16,2020031601014919,SHL,14,45,652,165.00,"107,580.00"
2020-03-16,2020031601014881,SHL,14,40,348,165.00,"57,420.00"
2020-03-16,2020031601014782,SHL,50,40,200,165.00,"33,000.00"
2020-03-16,2020031601014781,SHL,17,40,"1,100",165.00,"181,500.00"
2020-03-16,2020031601015039,SIC,38,45,146,628.00,"91,688.00"
2020-03-16,2020031601014896,SIC,38,25,154,628.00,"96,712.00"
2020-03-16,2020031601014923,SICL,35,48,10,888.00,"8,880.00"
2020-03-16,2020031601014790,SINDU,57,40,200,127.00,"25,400.00"
2020-03-16,2020031601014789,SINDU,34,40,100,127.00,"12,700.00"
2020-03-16,2020031601014788,SINDU,59,40,100,128.00,"12,800.00"
2020-03-16,2020031601015107,SJCL,29,29,10,146.00,"1,460.00"
2020-03-16,2020031601014952,SJCL,6,42,20,145.00,"2,900.00"
2020-03-16,2020031601014791,SJCL,6,40,20,145.00,"2,900.00"
2020-03-16,2020031601015237,SKBBL,34,26,20,"1,070.00","21,400.00"
2020-03-16,2020031601015211,SKBBL,43,35,100,"1,058.00","105,800.00"
2020-03-16,2020031601015185,SKBBL,51,45,42,"1,059.00","44,478.00"
2020-03-16,2020031601015106,SKBBL,51,49,200,"1,059.00","211,800.00"
2020-03-16,2020031601014797,SKBBL,51,59,250,"1,059.00","264,750.00"
2020-03-16,2020031601015010,SLBBL,45,10,128,808.00,"103,424.00"
2020-03-16,2020031601015009,SLBBL,34,10,50,808.00,"40,400.00"
2020-03-16,2020031601015008,SLBBL,37,10,89,809.00,"72,001.00"
2020-03-16,2020031601014969,SLBBL,37,38,200,809.00,"161,800.00"
2020-03-16,2020031601014968,SLBBL,57,38,300,810.00,"243,000.00"
2020-03-16,2020031601014783,SLICL,50,39,50,410.00,"20,500.00"
2020-03-16,2020031601015157,SMATA,34,22,10,690.00,"6,900.00"
2020-03-16,2020031601015207,SMFBS,34,55,10,936.00,"9,360.00"
2020-03-16,2020031601015220,SRBL,7,40,486,240.00,"116,640.00"
2020-03-16,2020031601015197,SRBL,7,42,14,240.00,"3,360.00"
2020-03-16,2020031601015190,SRBL,7,42,186,240.00,"44,640.00"
2020-03-16,2020031601015168,SRBL,7,32,314,240.00,"75,360.00"
2020-03-16,2020031601015098,SRBL,19,32,100,240.00,"24,000.00"
2020-03-16,2020031601015097,SRBL,17,32,86,240.00,"20,640.00"
2020-03-16,2020031601014772,SRBL,17,6,214,240.00,"51,360.00"
2020-03-16,2020031601014771,SRBL,32,6,289,240.00,"69,360.00"
2020-03-16,2020031601014876,STC,49,57,322,"2,458.00","791,476.00"
2020-03-16,2020031601014795,STC,5,57,100,"2,461.00","246,100.00"
2020-03-16,2020031601014794,STC,5,57,100,"2,461.00","246,100.00"
2020-03-16,2020031601014793,STC,25,57,28,"2,462.00","68,936.00"
2020-03-16,2020031601014792,STC,19,57,50,"2,462.00","123,100.00"
2020-03-16,2020031601014815,TRH,38,40,70,230.00,"16,100.00"
2020-03-16,2020031601014814,TRH,45,40,100,230.00,"23,000.00"
2020-03-16,2020031601014813,TRH,47,40,60,230.00,"13,800.00"
2020-03-16,2020031601014812,TRH,50,40,200,231.00,"46,200.00"
2020-03-16,2020031601014811,TRH,44,40,20,231.00,"4,620.00"
2020-03-16,2020031601014810,TRH,38,40,100,231.00,"23,100.00"
2020-03-16,2020031601015113,UIC,38,6,200,343.00,"68,600.00"
2020-03-16,2020031601015112,UIC,38,48,500,343.00,"171,500.00"
2020-03-16,2020031601014903,UIC,7,48,500,343.00,"171,500.00"
2020-03-16,2020031601014879,UIC,7,48,500,343.00,"171,500.00"
2020-03-16,2020031601014824,UIC,38,55,24,342.00,"8,208.00"
2020-03-16,2020031601014759,UIC,38,40,100,342.00,"34,200.00"
2020-03-16,2020031601015055,UPCL,39,28,50,74.00,"3,700.00"
2020-03-16,2020031601015054,UPCL,39,28,500,74.00,"37,000.00"
2020-03-16,2020031601015053,UPCL,39,34,100,74.00,"7,400.00"
2020-03-16,2020031601014845,UPCL,39,55,50,73.00,"3,650.00"
2020-03-16,2020031601014753,UPCL,1,35,40,72.00,"2,880.00"
2020-03-16,2020031601014752,UPCL,36,35,50,73.00,"3,650.00"
2020-03-16,2020031601015231,UPPER,29,25,54,227.00,"12,258.00"
2020-03-16,2020031601015230,UPPER,50,25,40,227.00,"9,080.00"
2020-03-16,2020031601015229,UPPER,1,25,200,227.00,"45,400.00"
2020-03-16,2020031601015228,UPPER,45,25,100,227.00,"22,700.00"
2020-03-16,2020031601015227,UPPER,47,25,100,227.00,"22,700.00"
2020-03-16,2020031601015226,UPPER,11,25,500,227.00,"113,500.00"
2020-03-16,2020031601015021,UPPER,45,25,10,228.00,"2,280.00"
2020-03-16,2020031601015225,UPPER,51,25,246,227.00,"55,842.00"
2020-03-16,2020031601015224,UPPER,1,25,200,228.00,"45,600.00"
2020-03-16,2020031601015223,UPPER,41,25,60,228.00,"13,680.00"
2020-03-16,2020031601015024,UPPER,41,25,940,228.00,"214,320.00"
2020-03-16,2020031601015023,UPPER,56,25,50,228.00,"11,400.00"
2020-03-16,2020031601015022,UPPER,52,25,500,228.00,"114,000.00"
2020-03-16,2020031601014665,ADBL,17,58,24,383.00,"9,192.00"
2020-03-16,2020031601014645,ADBL,45,57,100,385.00,"38,500.00"
2020-03-16,2020031601014574,ADBL,57,35,100,384.00,"38,400.00"
2020-03-16,2020031601014573,ADBL,57,16,56,384.00,"21,504.00"
2020-03-16,2020031601014459,ADBL,17,25,33,383.00,"12,639.00"
2020-03-16,2020031601014434,ADBL,17,58,111,383.00,"42,513.00"
2020-03-16,2020031601014269,ADBL,39,16,100,384.00,"38,400.00"
2020-03-16,2020031601014514,AHPC,14,40,100,95.00,"9,500.00"
2020-03-16,2020031601014641,ALBSL,17,25,88,670.00,"58,960.00"
2020-03-16,2020031601014640,ALBSL,29,25,100,671.00,"67,100.00"
2020-03-16,2020031601014629,ALBSL,25,44,11,675.00,"7,425.00"
2020-03-16,2020031601014741,ALICL,50,35,61,516.00,"31,476.00"
2020-03-16,2020031601014717,ALICL,50,58,100,516.00,"51,600.00"
2020-03-16,2020031601014630,ALICL,38,38,500,518.00,"259,000.00"
2020-03-16,2020031601014311,ALICL,52,38,150,525.00,"78,750.00"
2020-03-16,2020031601014575,API,45,45,50,109.00,"5,450.00"
2020-03-16,2020031601014552,API,45,45,200,109.00,"21,800.00"
2020-03-16,2020031601014534,API,45,45,200,109.00,"21,800.00"
2020-03-16,2020031601014297,API,25,45,27,109.00,"2,943.00"
2020-03-16,2020031601014296,API,25,45,11,108.00,"1,188.00"
2020-03-16,2020031601014295,API,25,48,20,108.00,"2,160.00"
2020-03-16,2020031601014592,BFC,59,52,20,100.00,"2,000.00"
2020-03-16,2020031601014252,BFC,52,52,23,99.00,"2,277.00"
2020-03-16,2020031601014654,BOKL,34,58,147,230.00,"33,810.00"
2020-03-16,2020031601014653,BOKL,1,58,20,230.00,"4,600.00"
2020-03-16,2020031601014513,BOKL,58,6,100,232.00,"23,200.00"
2020-03-16,2020031601014448,BOKL,7,16,500,231.00,"115,500.00"
2020-03-16,2020031601014383,BPCL,33,35,172,335.00,"57,620.00"
2020-03-16,2020031601014382,BPCL,1,35,200,335.00,"67,000.00"
2020-03-16,2020031601014381,BPCL,52,35,200,335.00,"67,000.00"
2020-03-16,2020031601014735,CBL,22,51,800,140.00,"112,000.00"
2020-03-16,2020031601014734,CBL,49,51,332,140.00,"46,480.00"
2020-03-16,2020031601014727,CBL,45,8,200,141.00,"28,200.00"
2020-03-16,2020031601014603,CBL,49,8,168,140.00,"23,520.00"
2020-03-16,2020031601014602,CBL,25,8,50,140.00,"7,000.00"
2020-03-16,2020031601014601,CBL,57,8,"1,282",140.00,"179,480.00"
2020-03-16,2020031601014491,CBL,57,25,339,140.00,"47,460.00"
2020-03-16,2020031601014264,CBL,57,38,84,140.00,"11,760.00"
2020-03-16,2020031601014648,CCBL,37,40,45,166.00,"7,470.00"
2020-03-16,2020031601014639,CCBL,56,33,100,167.00,"16,700.00"
2020-03-16,2020031601014298,CCBL,37,54,200,166.00,"33,200.00"
2020-03-16,2020031601014507,CHCL,50,25,346,380.00,"131,480.00"
2020-03-16,2020031601014663,CIT,39,25,14,"2,560.00","35,840.00"
2020-03-16,2020031601014619,CIT,39,35,44,"2,560.00","112,640.00"
2020-03-16,2020031601014451,CIT,49,58,10,"2,570.00","25,700.00"
2020-03-16,2020031601014436,CZBIL,6,49,219,191.00,"41,829.00"
2020-03-16,2020031601014435,CZBIL,6,49,781,191.00,"149,171.00"
2020-03-16,2020031601014643,EBL,35,56,373,658.00,"245,434.00"
2020-03-16,2020031601014642,EBL,17,56,12,659.00,"7,908.00"
2020-03-16,2020031601014570,EBL,17,43,100,659.00,"65,900.00"
2020-03-16,2020031601014553,EBL,11,17,60,660.00,"39,600.00"
2020-03-16,2020031601014517,EBL,17,56,85,659.00,"56,015.00"
2020-03-16,2020031601014453,EBL,38,7,466,660.00,"307,560.00"
2020-03-16,2020031601014398,EBL,54,51,50,661.00,"33,050.00"
2020-03-16,2020031601014668,EDBL,26,34,"1,000",387.00,"387,000.00"
2020-03-16,2020031601014646,EIC,45,42,100,362.00,"36,200.00"
2020-03-16,2020031601014616,EIC,7,56,242,360.00,"87,120.00"
2020-03-16,2020031601014615,EIC,8,56,100,360.00,"36,000.00"
2020-03-16,2020031601014614,EIC,57,56,128,360.00,"46,080.00"
2020-03-16,2020031601014613,EIC,10,56,165,360.00,"59,400.00"
2020-03-16,2020031601014524,EIC,57,56,172,360.00,"61,920.00"
2020-03-16,2020031601014512,EIC,10,40,335,360.00,"120,600.00"
2020-03-16,2020031601014750,FMDBL,11,58,50,475.00,"23,750.00"
2020-03-16,2020031601014667,FOWAD,19,43,13,"1,412.00","18,356.00"
2020-03-16,2020031601014726,GBIME,34,36,20,266.00,"5,320.00"
2020-03-16,2020031601014690,GBIME,28,11,712,265.00,"188,680.00"
2020-03-16,2020031601014689,GBIME,43,11,50,265.00,"13,250.00"
2020-03-16,2020031601014688,GBIME,22,11,200,265.00,"53,000.00"
2020-03-16,2020031601014687,GBIME,35,11,300,265.00,"79,500.00"
2020-03-16,2020031601014686,GBIME,13,11,30,265.00,"7,950.00"
2020-03-16,2020031601014397,GBIME,47,13,12,266.00,"3,192.00"
2020-03-16,2020031601014396,GBIME,22,13,20,266.00,"5,320.00"
2020-03-16,2020031601014270,GBIME,34,48,20,267.00,"5,340.00"
2020-03-16,2020031601014546,GBIME,16,48,500,267.00,"133,500.00"
2020-03-16,2020031601014518,GBIME,34,48,20,267.00,"5,340.00"
2020-03-16,2020031601014509,GBIME,58,45,133,265.00,"35,245.00"
2020-03-16,2020031601014490,GBIME,47,51,80,266.00,"21,280.00"
2020-03-16,2020031601014489,GBIME,47,51,100,266.00,"26,600.00"
2020-03-16,2020031601014441,GBIME,17,48,50,267.00,"13,350.00"
2020-03-16,2020031601014673,GBIME,57,11,50,265.00,"13,250.00"
2020-03-16,2020031601014672,GBIME,21,11,200,265.00,"53,000.00"
2020-03-16,2020031601014671,GBIME,22,11,150,265.00,"39,750.00"
2020-03-16,2020031601014670,GBIME,22,11,100,265.00,"26,500.00"
2020-03-16,2020031601014669,GBIME,58,11,648,265.00,"171,720.00"
2020-03-16,2020031601014555,GBIME,34,48,"1,800",267.00,"480,600.00"
2020-03-16,2020031601014679,GBIME,26,11,50,265.00,"13,250.00"
2020-03-16,2020031601014678,GBIME,47,11,500,265.00,"132,500.00"
2020-03-16,2020031601014677,GBIME,38,11,200,265.00,"53,000.00"
2020-03-16,2020031601014676,GBIME,56,11,10,265.00,"2,650.00"
2020-03-16,2020031601014675,GBIME,52,11,50,265.00,"13,250.00"
2020-03-16,2020031601014674,GBIME,19,11,100,265.00,"26,500.00"
2020-03-16,2020031601014685,GBIME,6,11,100,265.00,"26,500.00"
2020-03-16,2020031601014684,GBIME,28,11,100,265.00,"26,500.00"
2020-03-16,2020031601014683,GBIME,44,11,150,265.00,"39,750.00"
2020-03-16,2020031601014682,GBIME,47,11,500,265.00,"132,500.00"
2020-03-16,2020031601014681,GBIME,36,11,300,265.00,"79,500.00"
2020-03-16,2020031601014680,GBIME,6,11,500,265.00,"132,500.00"
2020-03-16,2020031601014744,GBLBS,21,22,114,463.00,"52,782.00"
2020-03-16,2020031601014743,GBLBS,39,22,175,463.00,"81,025.00"
2020-03-16,2020031601014742,GBLBS,28,22,516,466.00,"240,456.00"
2020-03-16,2020031601014652,GBLBS,17,56,400,467.00,"186,800.00"
2020-03-16,2020031601014651,GBLBS,17,52,600,467.00,"280,200.00"
2020-03-16,2020031601014584,GBLBS,28,28,50,466.00,"23,300.00"
2020-03-16,2020031601014501,GBLBS,45,42,20,470.00,"9,400.00"
2020-03-16,2020031601014500,GBLBS,45,38,536,470.00,"251,920.00"
2020-03-16,2020031601014607,GILB,36,36,193,"1,200.00","231,600.00"
2020-03-16,2020031601014606,GILB,22,36,10,"1,200.00","12,000.00"
2020-03-16,2020031601014443,GILB,49,49,"3,000","1,200.00","3,600,000.00"
2020-03-16,2020031601014605,GLBSL,55,41,10,642.00,"6,420.00"
