Date,Transact. No.,Symbol,Buyer,Seller,Quantity,Rate,Amount
2019-11-07,2019110701004746,ADBL,39,58,801,415.00,"332,415.00"
2019-11-07,2019110701005024,AKBSL,43,17,30,418.00,"12,540.00"
2019-11-07,2019110701004999,AKBSL,43,57,10,415.00,"4,150.00"
2019-11-07,2019110701004998,AKBSL,43,17,10,415.00,"4,150.00"
2019-11-07,2019110701004930,AKBSL,43,50,10,414.00,"4,140.00"
2019-11-07,2019110701004733,ALICL,49,58,500,312.00,"156,000.00"
2019-11-07,2019110701004556,ALICL,49,32,214,312.00,"66,768.00"
2019-11-07,2019110701004668,API,57,29,"1,000",106.00,"106,000.00"
2019-11-07,2019110701004661,API,16,21,15,105.00,"1,575.00"
2019-11-07,2019110701004592,API,25,29,50,106.00,"5,300.00"
2019-11-07,2019110701004583,API,16,29,"1,796",105.00,"188,580.00"
2019-11-07,2019110701004582,API,57,29,"1,000",105.00,"105,000.00"
2019-11-07,2019110701004581,API,25,29,200,105.00,"21,000.00"
2019-11-07,2019110701004580,API,29,29,504,105.00,"52,920.00"
2019-11-07,2019110701005009,BOKL,42,6,10,227.00,"2,270.00"
2019-11-07,2019110701004997,BOKL,42,25,259,226.00,"58,534.00"
2019-11-07,2019110701004981,BOKL,39,5,24,222.00,"5,328.00"
2019-11-07,2019110701004980,BOKL,44,5,200,222.00,"44,400.00"
2019-11-07,2019110701004979,BOKL,28,5,200,222.00,"44,400.00"
2019-11-07,2019110701004674,BOKL,49,54,36,225.00,"8,100.00"
2019-11-07,2019110701004673,BOKL,28,54,64,225.00,"14,400.00"
2019-11-07,2019110701004742,BOKL,32,5,500,225.00,"112,500.00"
2019-11-07,2019110701004741,BOKL,46,5,27,225.00,"6,075.00"
2019-11-07,2019110701004740,BOKL,17,5,50,225.00,"11,250.00"
2019-11-07,2019110701004739,BOKL,51,5,50,225.00,"11,250.00"
2019-11-07,2019110701004738,BOKL,5,5,70,225.00,"15,750.00"
2019-11-07,2019110701004737,BOKL,49,5,164,225.00,"36,900.00"
2019-11-07,2019110701004966,BOKL,8,5,"1,000",224.00,"224,000.00"
2019-11-07,2019110701004965,BOKL,41,5,214,224.00,"47,936.00"
2019-11-07,2019110701004772,BOKL,41,42,500,224.00,"112,000.00"
2019-11-07,2019110701004748,BOKL,56,25,30,226.00,"6,780.00"
2019-11-07,2019110701004744,BOKL,8,5,"1,000",225.00,"225,000.00"
2019-11-07,2019110701004743,BOKL,35,5,30,225.00,"6,750.00"
2019-11-07,2019110701004972,BOKL,58,5,50,223.00,"11,150.00"
2019-11-07,2019110701004971,BOKL,59,5,200,224.00,"44,800.00"
2019-11-07,2019110701004970,BOKL,50,5,"1,000",224.00,"224,000.00"
2019-11-07,2019110701004969,BOKL,21,5,"1,000",224.00,"224,000.00"
2019-11-07,2019110701004968,BOKL,52,5,100,224.00,"22,400.00"
2019-11-07,2019110701004967,BOKL,21,5,300,224.00,"67,200.00"
2019-11-07,2019110701004978,BOKL,4,5,200,222.00,"44,400.00"
2019-11-07,2019110701004977,BOKL,38,5,200,223.00,"44,600.00"
2019-11-07,2019110701004976,BOKL,4,5,200,223.00,"44,600.00"
2019-11-07,2019110701004975,BOKL,42,5,200,223.00,"44,600.00"
2019-11-07,2019110701004974,BOKL,57,5,21,223.00,"4,683.00"
2019-11-07,2019110701004973,BOKL,6,5,"2,000",223.00,"446,000.00"
2019-11-07,2019110701004905,BPCL,33,47,10,368.00,"3,680.00"
2019-11-07,2019110701004904,BPCL,33,6,55,365.00,"20,075.00"
2019-11-07,2019110701004903,BPCL,33,6,100,364.00,"36,400.00"
2019-11-07,2019110701004963,CBBL,28,45,51,965.00,"49,215.00"
2019-11-07,2019110701004666,CBBL,44,45,125,968.00,"121,000.00"
2019-11-07,2019110701004557,CBBL,28,5,110,965.00,"106,150.00"
2019-11-07,2019110701004990,CBL,59,16,"1,746",140.00,"244,440.00"
2019-11-07,2019110701004989,CBL,59,16,"1,500",140.00,"210,000.00"
2019-11-07,2019110701004988,CBL,42,16,500,140.00,"70,000.00"
2019-11-07,2019110701004987,CBL,6,16,50,140.00,"7,000.00"
2019-11-07,2019110701004986,CBL,42,16,100,140.00,"14,000.00"
2019-11-07,2019110701004985,CBL,56,16,200,140.00,"28,000.00"
2019-11-07,2019110701004984,CBL,52,16,200,140.00,"28,000.00"
2019-11-07,2019110701004983,CBL,21,16,692,140.00,"96,880.00"
2019-11-07,2019110701004846,CBL,21,29,59,140.00,"8,260.00"
2019-11-07,2019110701004584,CBL,45,16,12,141.00,"1,692.00"
2019-11-07,2019110701005001,CCBL,49,45,100,155.00,"15,500.00"
2019-11-07,2019110701004808,CCBL,49,57,121,155.00,"18,755.00"
2019-11-07,2019110701004638,CCBL,11,16,50,156.00,"7,800.00"
2019-11-07,2019110701004587,CCBL,49,11,40,155.00,"6,200.00"
2019-11-07,2019110701004561,CCBL,49,14,250,155.00,"38,750.00"
2019-11-07,2019110701004876,CFCL,36,22,235,110.00,"25,850.00"
2019-11-07,2019110701004875,CFCL,36,17,265,109.00,"28,885.00"
2019-11-07,2019110701004913,CIT,21,44,10,"1,755.00","17,550.00"
2019-11-07,2019110701004912,CIT,56,44,112,"1,755.00","196,560.00"
2019-11-07,2019110701004911,CIT,25,44,100,"1,756.00","175,600.00"
2019-11-07,2019110701004910,CIT,34,44,100,"1,757.00","175,700.00"
2019-11-07,2019110701004909,CIT,57,44,50,"1,760.00","88,000.00"
2019-11-07,2019110701004908,CIT,51,44,18,"1,760.00","31,680.00"
2019-11-07,2019110701005045,CZBIL,6,14,300,190.00,"57,000.00"
2019-11-07,2019110701004759,CZBIL,6,42,10,189.00,"1,890.00"
2019-11-07,2019110701004735,CZBIL,7,14,22,190.00,"4,180.00"
2019-11-07,2019110701004734,CZBIL,7,34,678,190.00,"128,820.00"
2019-11-07,2019110701004727,DBBL,8,52,65,123.00,"7,995.00"
2019-11-07,2019110701004726,DBBL,48,52,40,123.00,"4,920.00"
2019-11-07,2019110701004725,DBBL,42,52,195,123.00,"23,985.00"
2019-11-07,2019110701004991,DDBL,41,13,112,737.00,"82,544.00"
2019-11-07,2019110701004831,EBL,56,56,1,558.00,558.00
2019-11-07,2019110701004779,EBL,48,28,57,557.00,"31,749.00"
2019-11-07,2019110701004778,EBL,41,28,200,557.00,"111,400.00"
2019-11-07,2019110701004777,EBL,47,28,100,557.00,"55,700.00"
2019-11-07,2019110701004776,EBL,45,28,50,557.00,"27,850.00"
2019-11-07,2019110701004775,EBL,11,28,45,557.00,"25,065.00"
2019-11-07,2019110701004774,EBL,29,28,328,558.00,"183,024.00"
2019-11-07,2019110701004553,EBL,29,38,112,558.00,"62,496.00"
2019-11-07,2019110701004552,EBL,42,38,58,558.00,"32,364.00"
2019-11-07,2019110701004780,EIC,56,34,40,220.00,"8,800.00"
2019-11-07,2019110701004729,EIC,1,34,200,220.00,"44,000.00"
2019-11-07,2019110701004870,FOWAD,7,19,50,"1,329.00","66,450.00"
2019-11-07,2019110701004579,FOWAD,6,53,167,"1,320.00","220,440.00"
2019-11-07,2019110701004578,FOWAD,37,53,33,"1,321.00","43,593.00"
2019-11-07,2019110701004916,GBLBS,26,3,150,305.00,"45,750.00"
2019-11-07,2019110701005023,GILB,52,28,121,855.00,"103,455.00"
2019-11-07,2019110701005022,GILB,52,19,100,855.00,"85,500.00"
2019-11-07,2019110701005021,GILB,52,57,279,853.00,"237,987.00"
2019-11-07,2019110701004849,GILB,5,57,10,853.00,"8,530.00"
2019-11-07,2019110701004801,GILB,6,34,50,852.00,"42,600.00"
2019-11-07,2019110701004749,GILB,48,13,350,851.00,"297,850.00"
2019-11-07,2019110701004810,GLBSL,25,34,20,423.00,"8,460.00"
2019-11-07,2019110701004809,GLBSL,17,34,80,423.00,"33,840.00"
2019-11-07,2019110701004785,GLBSL,17,34,20,423.00,"8,460.00"
2019-11-07,2019110701004784,GLBSL,21,34,80,424.00,"33,920.00"
2019-11-07,2019110701004929,GLICL,42,59,300,358.00,"107,400.00"
2019-11-07,2019110701004898,GLICL,42,17,251,358.00,"89,858.00"
2019-11-07,2019110701004558,GLICL,17,17,55,359.00,"19,745.00"
2019-11-07,2019110701004764,HBL,56,5,200,480.00,"96,000.00"
2019-11-07,2019110701004704,HBL,56,5,100,480.00,"48,000.00"
2019-11-07,2019110701004575,HBL,22,5,100,480.00,"48,000.00"
2019-11-07,2019110701004551,HBL,42,5,100,480.00,"48,000.00"
2019-11-07,2019110701005003,HDL,58,1,10,"1,519.00","15,190.00"
2019-11-07,2019110701004960,HIDCL,37,44,500,131.00,"65,500.00"
2019-11-07,2019110701004959,HIDCL,45,44,100,131.00,"13,100.00"
2019-11-07,2019110701004958,HIDCL,55,44,500,131.00,"65,500.00"
2019-11-07,2019110701004957,HIDCL,52,44,500,131.00,"65,500.00"
2019-11-07,2019110701004956,HIDCL,38,44,"1,000",131.00,"131,000.00"
2019-11-07,2019110701004955,HIDCL,50,44,"1,000",131.00,"131,000.00"
2019-11-07,2019110701004948,HIDCL,39,44,200,133.00,"26,600.00"
2019-11-07,2019110701004947,HIDCL,42,44,30,133.00,"3,990.00"
2019-11-07,2019110701004650,HIDCL,34,49,10,133.00,"1,330.00"
2019-11-07,2019110701004647,HIDCL,34,3,90,133.00,"11,970.00"
2019-11-07,2019110701004549,HIDCL,34,14,850,133.00,"113,050.00"
2019-11-07,2019110701004954,HIDCL,26,44,100,132.00,"13,200.00"
2019-11-07,2019110701004953,HIDCL,58,44,"1,000",132.00,"132,000.00"
2019-11-07,2019110701004952,HIDCL,38,44,100,132.00,"13,200.00"
2019-11-07,2019110701004951,HIDCL,56,44,500,132.00,"66,000.00"
2019-11-07,2019110701004950,HIDCL,45,44,100,132.00,"13,200.00"
2019-11-07,2019110701004949,HIDCL,39,44,500,132.00,"66,000.00"
2019-11-07,2019110701005039,HPPL,51,50,10,136.00,"1,360.00"
2019-11-07,2019110701004939,HURJA,42,50,100,101.00,"10,100.00"
2019-11-07,2019110701004821,HURJA,42,42,20,101.00,"2,020.00"
2019-11-07,2019110701004606,ICFC,8,25,189,158.00,"29,862.00"
2019-11-07,2019110701004605,ICFC,47,25,50,158.00,"7,900.00"
2019-11-07,2019110701004604,ICFC,41,25,100,158.00,"15,800.00"
2019-11-07,2019110701004603,ICFC,46,25,100,159.00,"15,900.00"
2019-11-07,2019110701004626,JBBL,40,56,329,155.00,"50,995.00"
2019-11-07,2019110701004707,JFL,7,3,100,192.00,"19,200.00"
2019-11-07,2019110701004696,JOSHI,11,50,20,60.00,"1,200.00"
2019-11-07,2019110701004695,JOSHI,11,28,20,60.00,"1,200.00"
2019-11-07,2019110701004694,JOSHI,11,42,10,60.00,600.00
2019-11-07,2019110701004805,JSLBB,17,18,30,"1,020.00","30,600.00"
2019-11-07,2019110701004676,JSLBB,57,18,20,"1,000.00","20,000.00"
2019-11-07,2019110701004675,JSLBB,6,18,20,"1,005.00","20,100.00"
2019-11-07,2019110701004942,KADBL,38,40,861,165.00,"142,065.00"
2019-11-07,2019110701004920,KADBL,42,40,20,166.00,"3,320.00"
2019-11-07,2019110701004919,KADBL,45,40,100,166.00,"16,600.00"
2019-11-07,2019110701004918,KADBL,45,40,10,166.00,"1,660.00"
2019-11-07,2019110701004917,KADBL,38,40,75,166.00,"12,450.00"
2019-11-07,2019110701004873,KBL,49,28,500,179.00,"89,500.00"
2019-11-07,2019110701004872,KBL,14,28,100,179.00,"17,900.00"
2019-11-07,2019110701004672,KBL,6,42,50,180.00,"9,000.00"
2019-11-07,2019110701004594,KBL,38,32,105,178.00,"18,690.00"
2019-11-07,2019110701004837,KRBL,37,34,100,100.00,"10,000.00"
2019-11-07,2019110701004864,LBBL,17,22,300,172.00,"51,600.00"
2019-11-07,2019110701004795,LBL,34,44,100,220.00,"22,000.00"
2019-11-07,2019110701004794,LBL,34,44,100,220.00,"22,000.00"
2019-11-07,2019110701004793,LBL,3,40,15,219.00,"3,285.00"
2019-11-07,2019110701004792,LBL,45,40,200,219.00,"43,800.00"
2019-11-07,2019110701004791,LBL,55,40,125,219.00,"27,375.00"
2019-11-07,2019110701004869,LGIL,49,42,10,315.00,"3,150.00"
2019-11-07,2019110701004962,MBL,35,38,85,225.00,"19,125.00"
2019-11-07,2019110701004934,MBL,35,38,90,225.00,"20,250.00"
2019-11-07,2019110701004925,MBL,35,38,90,225.00,"20,250.00"
2019-11-07,2019110701004900,MBL,49,38,110,225.00,"24,750.00"
2019-11-07,2019110701004894,MBL,49,38,125,225.00,"28,125.00"
2019-11-07,2019110701004883,MBL,49,38,125,225.00,"28,125.00"
2019-11-07,2019110701004796,MBL,49,42,54,225.00,"12,150.00"
2019-11-07,2019110701004720,MBL,49,19,16,225.00,"3,600.00"
2019-11-07,2019110701004719,MBL,49,38,60,225.00,"13,500.00"
2019-11-07,2019110701004863,MBL,49,38,145,225.00,"32,625.00"
2019-11-07,2019110701004847,MBL,49,38,150,225.00,"33,750.00"
2019-11-07,2019110701004844,MBL,49,38,155,225.00,"34,875.00"
2019-11-07,2019110701004839,MBL,49,38,175,225.00,"39,375.00"
2019-11-07,2019110701004818,MBL,49,38,190,225.00,"42,750.00"
2019-11-07,2019110701004814,MBL,49,38,190,225.00,"42,750.00"
2019-11-07,2019110701004933,MEGA,58,3,288,185.00,"53,280.00"
2019-11-07,2019110701004838,MEGA,58,19,"1,000",185.00,"185,000.00"
2019-11-07,2019110701004642,MEGA,6,52,781,185.00,"144,485.00"
2019-11-07,2019110701004625,MEGA,6,44,219,185.00,"40,515.00"
2019-11-07,2019110701004624,MEGA,59,44,50,185.00,"9,250.00"
2019-11-07,2019110701004623,MEGA,8,44,300,185.00,"55,500.00"
2019-11-07,2019110701004622,MEGA,51,44,100,185.00,"18,500.00"
2019-11-07,2019110701004646,MEGA,58,52,628,185.00,"116,180.00"
2019-11-07,2019110701004645,MEGA,14,52,500,185.00,"92,500.00"
2019-11-07,2019110701004644,MEGA,45,52,100,185.00,"18,500.00"
2019-11-07,2019110701004643,MEGA,1,52,500,185.00,"92,500.00"
2019-11-07,2019110701005029,MERO,32,32,40,437.00,"17,480.00"
2019-11-07,2019110701005028,MERO,36,32,10,439.00,"4,390.00"
2019-11-07,2019110701004660,MERO,36,25,190,439.00,"83,410.00"
2019-11-07,2019110701004659,MERO,38,25,10,439.00,"4,390.00"
2019-11-07,2019110701004928,MLBL,40,32,24,183.00,"4,392.00"
2019-11-07,2019110701004856,MLBL,45,32,100,184.00,"18,400.00"
2019-11-07,2019110701004651,MLBL,58,32,50,186.00,"9,300.00"
2019-11-07,2019110701004724,MLBL,45,45,60,184.00,"11,040.00"
2019-11-07,2019110701004723,MLBL,47,45,100,184.00,"18,400.00"
2019-11-07,2019110701004722,MLBL,46,45,30,184.00,"5,520.00"
2019-11-07,2019110701004881,MNBBL,20,53,20,318.00,"6,360.00"
2019-11-07,2019110701004678,MNBBL,10,53,16,318.00,"5,088.00"
2019-11-07,2019110701004664,MNBBL,49,48,414,317.00,"131,238.00"
2019-11-07,2019110701005040,MSLB,50,22,10,855.00,"8,550.00"
2019-11-07,2019110701004895,NABIL,4,58,20,755.00,"15,100.00"
2019-11-07,2019110701004874,NABIL,36,58,100,755.00,"75,500.00"
2019-11-07,2019110701004822,NABIL,22,58,100,755.00,"75,500.00"
2019-11-07,2019110701004813,NABIL,22,58,100,755.00,"75,500.00"
2019-11-07,2019110701004806,NABIL,22,58,100,755.00,"75,500.00"
2019-11-07,2019110701004790,NABIL,22,58,100,755.00,"75,500.00"
2019-11-07,2019110701004588,NABIL,28,47,100,757.00,"75,700.00"
2019-11-07,2019110701004667,NABIL,26,47,200,756.00,"151,200.00"
2019-11-07,2019110701004602,NABIL,19,58,780,755.00,"588,900.00"
2019-11-07,2019110701004601,NABIL,26,58,50,755.00,"37,750.00"
2019-11-07,2019110701004600,NABIL,19,58,50,755.00,"37,750.00"
2019-11-07,2019110701004599,NABIL,35,58,20,755.00,"15,100.00"
2019-11-07,2019110701004598,NABIL,42,58,100,755.00,"75,500.00"
2019-11-07,2019110701004770,NABIL,35,58,20,755.00,"15,100.00"
2019-11-07,2019110701004769,NABIL,14,58,20,755.00,"15,100.00"
2019-11-07,2019110701004768,NABIL,22,58,100,755.00,"75,500.00"
2019-11-07,2019110701004767,NABIL,54,58,20,755.00,"15,100.00"
2019-11-07,2019110701004766,NABIL,19,58,220,755.00,"166,100.00"
2019-11-07,2019110701004765,NABIL,10,58,100,760.00,"76,000.00"
2019-11-07,2019110701004889,NBB,38,38,435,206.00,"89,610.00"
2019-11-07,2019110701004888,NBB,28,38,100,206.00,"20,600.00"
2019-11-07,2019110701004887,NBB,32,38,20,206.00,"4,120.00"
2019-11-07,2019110701004886,NBB,35,38,70,206.00,"14,420.00"
2019-11-07,2019110701004885,NBB,35,38,50,206.00,"10,300.00"
2019-11-07,2019110701004884,NBB,42,38,333,206.00,"68,598.00"
2019-11-07,2019110701004591,NBB,42,32,167,206.00,"34,402.00"
2019-11-07,2019110701004590,NBB,44,32,50,206.00,"10,300.00"
2019-11-07,2019110701004589,NBB,55,32,283,206.00,"58,298.00"
2019-11-07,2019110701005042,NBL,33,42,20,312.00,"6,240.00"
2019-11-07,2019110701005038,NBL,34,4,50,309.00,"15,450.00"
2019-11-07,2019110701005031,NBL,34,47,90,309.00,"27,810.00"
2019-11-07,2019110701005030,NBL,49,47,100,310.00,"31,000.00"
2019-11-07,2019110701005018,NBL,10,38,350,311.00,"108,850.00"
2019-11-07,2019110701004982,NBL,10,4,"1,800",310.00,"558,000.00"
2019-11-07,2019110701004565,NBL,45,4,20,309.00,"6,180.00"
2019-11-07,2019110701004564,NBL,28,4,"1,000",309.00,"309,000.00"
2019-11-07,2019110701004563,NBL,25,4,410,309.00,"126,690.00"
2019-11-07,2019110701004571,NBL,44,4,960,309.00,"296,640.00"
2019-11-07,2019110701004570,NBL,16,4,100,309.00,"30,900.00"
2019-11-07,2019110701004569,NBL,35,4,60,309.00,"18,540.00"
2019-11-07,2019110701004568,NBL,49,4,200,309.00,"61,800.00"
2019-11-07,2019110701004567,NBL,35,4,50,309.00,"15,450.00"
2019-11-07,2019110701004566,NBL,25,4,200,309.00,"61,800.00"
2019-11-07,2019110701004657,NBL,57,4,100,309.00,"30,900.00"
2019-11-07,2019110701004656,NBL,41,4,100,309.00,"30,900.00"
2019-11-07,2019110701004655,NBL,25,4,50,309.00,"15,450.00"
2019-11-07,2019110701004654,NBL,42,4,250,309.00,"77,250.00"
2019-11-07,2019110701004653,NBL,50,4,100,309.00,"30,900.00"
2019-11-07,2019110701004652,NBL,44,4,40,309.00,"12,360.00"
2019-11-07,2019110701004816,NBL,7,42,50,310.00,"15,500.00"
2019-11-07,2019110701004747,NBL,7,4,300,310.00,"93,000.00"
2019-11-07,2019110701004745,NBL,53,4,100,310.00,"31,000.00"
2019-11-07,2019110701004705,NBL,25,22,500,310.00,"155,000.00"
2019-11-07,2019110701004691,NBL,53,52,100,310.00,"31,000.00"
2019-11-07,2019110701004658,NBL,34,4,360,309.00,"111,240.00"
2019-11-07,2019110701004927,NBL,25,4,200,310.00,"62,000.00"
2019-11-07,2019110701004893,NBL,35,52,100,310.00,"31,000.00"
2019-11-07,2019110701004830,NBL,35,45,350,310.00,"108,500.00"
2019-11-07,2019110701004829,NBL,10,45,100,310.00,"31,000.00"
2019-11-07,2019110701004828,NBL,7,45,850,310.00,"263,500.00"
2019-11-07,2019110701004817,NBL,7,22,300,310.00,"93,000.00"
2019-11-07,2019110701005047,NCCB,58,34,10,206.00,"2,060.00"
2019-11-07,2019110701004993,NCCB,33,34,10,206.00,"2,060.00"
2019-11-07,2019110701004992,NCCB,33,49,30,205.00,"6,150.00"
2019-11-07,2019110701004632,NCCB,58,45,180,204.00,"36,720.00"
2019-11-07,2019110701004597,NCCB,58,48,364,204.00,"74,256.00"
2019-11-07,2019110701004596,NCCB,8,48,10,204.00,"2,040.00"
2019-11-07,2019110701004882,NGPL,16,34,189,99.00,"18,711.00"
2019-11-07,2019110701004663,NHPC,39,32,25,55.00,"1,375.00"
2019-11-07,2019110701004865,NIB,40,13,50,445.00,"22,250.00"
2019-11-07,2019110701004861,NIB,43,19,16,443.00,"7,088.00"
2019-11-07,2019110701004860,NIB,59,19,100,443.00,"44,300.00"
2019-11-07,2019110701004859,NIB,39,19,200,444.00,"88,800.00"
2019-11-07,2019110701004858,NIB,39,19,100,444.00,"44,400.00"
2019-11-07,2019110701004857,NIB,40,19,11,444.00,"4,884.00"
2019-11-07,2019110701004753,NIB,56,19,50,445.00,"22,250.00"
2019-11-07,2019110701004576,NIB,28,50,44,444.00,"19,536.00"
2019-11-07,2019110701004555,NIB,40,48,39,444.00,"17,316.00"
2019-11-07,2019110701004554,NIB,32,48,61,444.00,"27,084.00"
2019-11-07,2019110701005032,NICA,38,28,100,399.00,"39,900.00"
2019-11-07,2019110701005017,NICA,38,28,100,399.00,"39,900.00"
2019-11-07,2019110701004800,NICL,25,13,22,265.00,"5,830.00"
2019-11-07,2019110701004799,NICL,25,42,152,260.00,"39,520.00"
2019-11-07,2019110701004798,NICL,25,35,300,260.00,"78,000.00"
2019-11-07,2019110701004797,NICL,25,11,26,260.00,"6,760.00"
2019-11-07,2019110701004757,NICL,25,11,200,260.00,"52,000.00"
2019-11-07,2019110701004750,NICL,25,11,10,260.00,"2,600.00"
2019-11-07,2019110701004682,NICL,25,22,106,258.00,"27,348.00"
2019-11-07,2019110701004736,NLBBL,46,51,16,502.00,"8,032.00"
2019-11-07,2019110701004637,NLBBL,25,34,10,510.00,"5,100.00"
2019-11-07,2019110701004762,NLG,51,6,50,537.00,"26,850.00"
2019-11-07,2019110701004819,NLIC,10,33,102,790.00,"80,580.00"
2019-11-07,2019110701004760,NLIC,40,55,242,788.00,"190,696.00"
2019-11-07,2019110701004721,NLIC,56,56,1,787.00,787.00
2019-11-07,2019110701004612,NLIC,26,41,200,788.00,"157,600.00"
2019-11-07,2019110701005019,NLICL,39,34,10,427.00,"4,270.00"
2019-11-07,2019110701004932,NLICL,48,56,52,423.00,"21,996.00"
2019-11-07,2019110701004931,NLICL,42,56,30,423.00,"12,690.00"
2019-11-07,2019110701004892,NLICL,57,56,100,424.00,"42,400.00"
2019-11-07,2019110701004891,NLICL,40,56,18,424.00,"7,632.00"
2019-11-07,2019110701004862,NLICL,25,34,10,427.00,"4,270.00"
2019-11-07,2019110701004841,NLICL,40,42,82,424.00,"34,768.00"
2019-11-07,2019110701004840,NLICL,50,42,50,424.00,"21,200.00"
2019-11-07,2019110701005037,NMB,34,43,50,347.00,"17,350.00"
2019-11-07,2019110701005020,NMB,49,41,200,346.00,"69,200.00"
2019-11-07,2019110701005012,NMB,25,43,"1,000",347.00,"347,000.00"
2019-11-07,2019110701005011,NMB,25,43,"1,000",347.00,"347,000.00"
2019-11-07,2019110701005010,NMB,25,5,30,347.00,"10,410.00"
2019-11-07,2019110701005008,NMB,49,53,517,346.00,"178,882.00"
2019-11-07,2019110701004573,NMB,25,43,200,347.00,"69,400.00"
2019-11-07,2019110701004572,NMB,6,43,751,347.00,"260,597.00"
2019-11-07,2019110701004560,NMB,6,10,500,348.00,"174,000.00"
2019-11-07,2019110701004611,NMB,28,45,14,347.00,"4,858.00"
2019-11-07,2019110701004610,NMB,51,45,192,347.00,"66,624.00"
2019-11-07,2019110701004609,NMB,51,38,300,347.00,"104,100.00"
2019-11-07,2019110701004607,NMB,51,29,"1,330",347.00,"461,510.00"
2019-11-07,2019110701004577,NMB,51,40,129,347.00,"44,763.00"
2019-11-07,2019110701004574,NMB,51,43,49,347.00,"17,003.00"
2019-11-07,2019110701004690,NMB,14,41,364,347.00,"126,308.00"
2019-11-07,2019110701004670,NMB,35,41,50,347.00,"17,350.00"
2019-11-07,2019110701004665,NMB,49,41,86,347.00,"29,842.00"
2019-11-07,2019110701004629,NMB,49,43,414,347.00,"143,658.00"
2019-11-07,2019110701004628,NMB,26,43,200,347.00,"69,400.00"
2019-11-07,2019110701004627,NMB,28,43,386,347.00,"133,942.00"
2019-11-07,2019110701004732,NMB,14,34,400,347.00,"138,800.00"
2019-11-07,2019110701004728,NMB,54,10,"2,000",348.00,"696,000.00"
2019-11-07,2019110701004718,NMB,14,43,402,347.00,"139,494.00"
2019-11-07,2019110701004717,NMB,14,43,598,347.00,"207,506.00"
2019-11-07,2019110701004713,NMB,49,10,"1,000",348.00,"348,000.00"
2019-11-07,2019110701004693,NMB,14,45,38,347.00,"13,186.00"
2019-11-07,2019110701004782,NMB,14,53,"1,000",347.00,"347,000.00"
2019-11-07,2019110701004781,NMB,14,53,60,347.00,"20,820.00"
2019-11-07,2019110701004758,NMB,32,10,51,348.00,"17,748.00"
2019-11-07,2019110701004756,NMB,14,41,12,347.00,"4,164.00"
2019-11-07,2019110701004755,NMB,52,10,200,348.00,"69,600.00"
2019-11-07,2019110701004754,NMB,14,20,126,347.00,"43,722.00"
2019-11-07,2019110701004842,NMB,57,10,13,347.00,"4,511.00"
2019-11-07,2019110701004824,NMB,57,43,37,347.00,"12,839.00"
2019-11-07,2019110701004815,NMB,14,43,700,347.00,"242,900.00"
2019-11-07,2019110701004812,NMB,42,43,100,347.00,"34,700.00"
2019-11-07,2019110701004811,NMB,14,43,163,347.00,"56,561.00"
2019-11-07,2019110701004783,NMB,14,53,837,347.00,"290,439.00"
2019-11-07,2019110701004907,NMB,14,43,496,347.00,"172,112.00"
2019-11-07,2019110701004906,NMB,14,43,504,347.00,"174,888.00"
2019-11-07,2019110701004897,NMB,36,43,50,347.00,"17,350.00"
2019-11-07,2019110701004878,NMB,32,43,100,347.00,"34,700.00"
2019-11-07,2019110701004848,NMB,10,43,346,347.00,"120,062.00"
2019-11-07,2019110701004843,NMB,49,10,25,346.00,"8,650.00"
2019-11-07,2019110701005007,NMB,49,53,875,346.00,"302,750.00"
2019-11-07,2019110701004946,NMB,17,5,400,347.00,"138,800.00"
2019-11-07,2019110701004941,NMB,28,5,70,347.00,"24,290.00"
2019-11-07,2019110701004940,NMB,28,43,130,347.00,"45,110.00"
2019-11-07,2019110701004924,NMB,32,43,274,347.00,"95,078.00"
2019-11-07,2019110701004921,NMB,25,43,100,347.00,"34,700.00"
2019-11-07,2019110701004902,NMFBS,21,6,10,"1,690.00","16,900.00"
2019-11-07,2019110701004877,NMFBS,49,6,15,"1,690.00","25,350.00"
2019-11-07,2019110701005041,NNLB,58,33,10,457.00,"4,570.00"
2019-11-07,2019110701004926,NNLB,1,18,22,451.00,"9,922.00"
2019-11-07,2019110701004835,NNLB,1,18,28,451.00,"12,628.00"
2019-11-07,2019110701004834,NNLB,1,42,22,451.00,"9,922.00"
2019-11-07,2019110701004716,NNLB,45,42,10,453.00,"4,530.00"
2019-11-07,2019110701004715,NNLB,21,42,18,453.00,"8,154.00"
2019-11-07,2019110701004855,NTC,34,17,10,615.00,"6,150.00"
2019-11-07,2019110701004854,NTC,17,17,30,615.00,"18,450.00"
2019-11-07,2019110701004853,NTC,19,17,100,616.00,"61,600.00"
2019-11-07,2019110701004852,NTC,33,17,80,616.00,"49,280.00"
2019-11-07,2019110701004851,NTC,11,17,20,616.00,"12,320.00"
2019-11-07,2019110701004850,NTC,32,17,10,616.00,"6,160.00"
2019-11-07,2019110701004634,OHL,25,18,141,448.00,"63,168.00"
2019-11-07,2019110701004633,OHL,59,18,100,449.00,"44,900.00"
2019-11-07,2019110701005027,PCBL,43,29,18,262.00,"4,716.00"
2019-11-07,2019110701004699,PCBL,43,34,205,262.00,"53,710.00"
2019-11-07,2019110701004698,PCBL,43,41,150,262.00,"39,300.00"
2019-11-07,2019110701004697,PCBL,43,44,259,262.00,"67,858.00"
2019-11-07,2019110701004689,PCBL,43,44,641,262.00,"167,942.00"
2019-11-07,2019110701004807,PIC,5,42,20,361.00,"7,220.00"
2019-11-07,2019110701004901,PLIC,6,40,450,313.00,"140,850.00"
2019-11-07,2019110701004803,PLIC,6,19,50,313.00,"15,650.00"
2019-11-07,2019110701004802,PLIC,43,19,50,313.00,"15,650.00"
2019-11-07,2019110701004896,PPCL,39,42,10,96.00,960.00
2019-11-07,2019110701004677,PPCL,39,50,10,96.00,960.00
2019-11-07,2019110701005014,PROFL,16,29,205,96.00,"19,680.00"
2019-11-07,2019110701005013,PROFL,55,29,20,96.00,"1,920.00"
2019-11-07,2019110701005015,PRVU,6,44,22,265.00,"5,830.00"
2019-11-07,2019110701004996,PRVU,34,44,10,265.00,"2,650.00"
2019-11-07,2019110701004945,PRVU,33,25,65,264.00,"17,160.00"
2019-11-07,2019110701004944,PRVU,41,25,100,264.00,"26,400.00"
2019-11-07,2019110701004943,PRVU,54,25,30,264.00,"7,920.00"
2019-11-07,2019110701004938,PRVU,54,39,"1,970",264.00,"520,080.00"
2019-11-07,2019110701004710,PRVU,13,42,100,264.00,"26,400.00"
2019-11-07,2019110701004709,PRVU,38,42,100,264.00,"26,400.00"
2019-11-07,2019110701004621,PRVU,22,44,127,265.00,"33,655.00"
2019-11-07,2019110701004937,PRVU,49,39,500,264.00,"132,000.00"
2019-11-07,2019110701004936,PRVU,29,39,500,264.00,"132,000.00"
2019-11-07,2019110701004935,PRVU,17,39,30,264.00,"7,920.00"
2019-11-07,2019110701004826,PRVU,17,19,170,264.00,"44,880.00"
2019-11-07,2019110701004712,PRVU,17,10,"1,000",264.00,"264,000.00"
2019-11-07,2019110701004711,PRVU,17,42,800,264.00,"211,200.00"
2019-11-07,2019110701005016,RBCL,44,6,20,"8,025.00","160,500.00"
2019-11-07,2019110701004586,RBCL,44,6,20,"8,020.00","160,400.00"
2019-11-07,2019110701004964,RHPL,19,28,20,171.00,"3,420.00"
2019-11-07,2019110701004827,RHPL,54,45,40,170.00,"6,800.00"
2019-11-07,2019110701004820,RHPL,54,45,700,170.00,"119,000.00"
2019-11-07,2019110701004771,RHPL,54,45,40,170.00,"6,800.00"
2019-11-07,2019110701004669,RHPL,54,16,40,170.00,"6,800.00"
2019-11-07,2019110701004641,RHPL,54,47,40,170.00,"6,800.00"
2019-11-07,2019110701004640,RHPL,54,47,40,170.00,"6,800.00"
2019-11-07,2019110701004639,RHPL,54,49,20,170.00,"3,400.00"
2019-11-07,2019110701004630,RHPL,41,16,40,169.00,"6,760.00"
2019-11-07,2019110701004994,RMDC,39,19,304,615.00,"186,960.00"
2019-11-07,2019110701004559,RMDC,39,33,300,615.00,"184,500.00"
2019-11-07,2019110701004833,RSDC,17,8,50,320.00,"16,000.00"
2019-11-07,2019110701004832,RSDC,34,8,50,320.00,"16,000.00"
2019-11-07,2019110701004880,SABSL,57,53,100,451.00,"45,100.00"
2019-11-07,2019110701004879,SABSL,17,53,60,451.00,"27,060.00"
2019-11-07,2019110701004703,SABSL,17,58,10,451.00,"4,510.00"
2019-11-07,2019110701005002,SANIMA,14,50,43,306.00,"13,158.00"
2019-11-07,2019110701004825,SANIMA,14,49,57,306.00,"17,442.00"
2019-11-07,2019110701004550,SBI,49,1,100,405.00,"40,500.00"
2019-11-07,2019110701004706,SBL,7,44,50,289.00,"14,450.00"
2019-11-07,2019110701004995,SHIVM,46,5,350,480.00,"168,000.00"
2019-11-07,2019110701004899,SHIVM,49,5,150,481.00,"72,150.00"
2019-11-07,2019110701004871,SHIVM,46,3,100,480.00,"48,000.00"
2019-11-07,2019110701004836,SHIVM,46,42,50,480.00,"24,000.00"
2019-11-07,2019110701004649,SHIVM,46,58,10,480.00,"4,800.00"
2019-11-07,2019110701004648,SHIVM,14,58,40,481.00,"19,240.00"
2019-11-07,2019110701004620,SHIVM,14,16,50,481.00,"24,050.00"
2019-11-07,2019110701004619,SHIVM,25,40,20,482.00,"9,640.00"
2019-11-07,2019110701004585,SHL,52,56,100,206.00,"20,600.00"
2019-11-07,2019110701004608,SIC,42,34,10,464.00,"4,640.00"
2019-11-07,2019110701004923,SICL,7,37,45,731.00,"32,895.00"
2019-11-07,2019110701004922,SICL,21,37,10,732.00,"7,320.00"
2019-11-07,2019110701004685,SICL,1,37,170,733.00,"124,610.00"
2019-11-07,2019110701004684,SICL,3,37,65,733.00,"47,645.00"
2019-11-07,2019110701004683,SICL,48,37,26,734.00,"19,084.00"
2019-11-07,2019110701004688,SICL,56,37,100,732.00,"73,200.00"
2019-11-07,2019110701004687,SICL,46,37,100,733.00,"73,300.00"
2019-11-07,2019110701004686,SICL,53,37,10,733.00,"7,330.00"
2019-11-07,2019110701005046,SJCL,38,16,20,165.00,"3,300.00"
2019-11-07,2019110701005000,SJCL,38,47,20,165.00,"3,300.00"
2019-11-07,2019110701004961,SJCL,38,47,20,165.00,"3,300.00"
2019-11-07,2019110701004914,SJCL,38,45,10,165.00,"1,650.00"
2019-11-07,2019110701004595,SJCL,38,38,250,165.00,"41,250.00"
2019-11-07,2019110701004593,SJCL,38,49,20,165.00,"3,300.00"
2019-11-07,2019110701004636,SJCL,38,16,10,165.00,"1,650.00"
2019-11-07,2019110701004804,SJCL,38,45,20,165.00,"3,300.00"
2019-11-07,2019110701004662,SJCL,38,16,20,165.00,"3,300.00"
2019-11-07,2019110701005048,SKBBL,44,54,20,950.00,"19,000.00"
2019-11-07,2019110701004868,SKBBL,44,8,100,945.00,"94,500.00"
2019-11-07,2019110701004867,SKBBL,44,17,50,943.00,"47,150.00"
2019-11-07,2019110701004866,SKBBL,44,55,20,940.00,"18,800.00"
2019-11-07,2019110701004751,SKBBL,44,44,"4,509",930.00,"4,193,370.00"
2019-11-07,2019110701004731,SLBBL,40,39,15,575.00,"8,625.00"
2019-11-07,2019110701004730,SLBBL,40,50,30,575.00,"17,250.00"
2019-11-07,2019110701004714,SLBBL,40,38,155,574.00,"88,970.00"
2019-11-07,2019110701004681,SLBSL,48,52,167,715.00,"119,405.00"
2019-11-07,2019110701004680,SLBSL,22,52,30,718.00,"21,540.00"
2019-11-07,2019110701004679,SLBSL,44,52,20,718.00,"14,360.00"
2019-11-07,2019110701004631,SLBSL,44,49,10,718.00,"7,180.00"
2019-11-07,2019110701004789,SLICL,47,4,257,256.00,"65,792.00"
2019-11-07,2019110701004788,SLICL,16,4,489,256.00,"125,184.00"
2019-11-07,2019110701004787,SLICL,29,4,200,257.00,"51,400.00"
2019-11-07,2019110701004786,SLICL,32,4,54,257.00,"13,878.00"
2019-11-07,2019110701004763,SMFDB,5,6,48,503.00,"24,144.00"
2019-11-07,2019110701004845,SPARS,6,58,20,529.00,"10,580.00"
2019-11-07,2019110701004702,SPARS,39,34,180,519.00,"93,420.00"
2019-11-07,2019110701004701,SPARS,49,34,180,520.00,"93,600.00"
2019-11-07,2019110701004700,SPARS,56,34,90,521.00,"46,890.00"
2019-11-07,2019110701005036,SRBL,54,18,15,204.00,"3,060.00"
2019-11-07,2019110701005035,SRBL,32,18,250,204.00,"51,000.00"
2019-11-07,2019110701005034,SRBL,32,18,250,204.00,"51,000.00"
2019-11-07,2019110701005033,SRBL,59,18,100,204.00,"20,400.00"
2019-11-07,2019110701005006,SRBL,14,51,100,205.00,"20,500.00"
2019-11-07,2019110701005005,SRBL,3,51,10,205.00,"2,050.00"
2019-11-07,2019110701004615,SRBL,58,59,50,205.00,"10,250.00"
2019-11-07,2019110701004614,SRBL,41,59,25,205.00,"5,125.00"
2019-11-07,2019110701004613,SRBL,41,59,41,205.00,"8,405.00"
2019-11-07,2019110701005004,SRBL,32,51,151,205.00,"30,955.00"
2019-11-07,2019110701004761,SRBL,32,19,115,205.00,"23,575.00"
2019-11-07,2019110701004692,SRBL,28,51,100,206.00,"20,600.00"
2019-11-07,2019110701004618,SRBL,32,59,234,205.00,"47,970.00"
2019-11-07,2019110701004617,SRBL,45,59,50,205.00,"10,250.00"
2019-11-07,2019110701004616,SRBL,59,59,100,205.00,"20,500.00"
2019-11-07,2019110701005044,SWBBL,40,26,150,930.00,"139,500.00"
2019-11-07,2019110701005043,SWBBL,40,29,50,930.00,"46,500.00"
2019-11-07,2019110701005026,SWBBL,33,19,150,925.00,"138,750.00"
2019-11-07,2019110701005025,SWBBL,1,19,50,926.00,"46,300.00"
2019-11-07,2019110701004890,SWBBL,39,26,12,930.00,"11,160.00"
2019-11-07,2019110701004915,TRH,56,16,40,281.00,"11,240.00"
2019-11-07,2019110701004773,UIC,32,42,84,239.00,"20,076.00"
2019-11-07,2019110701004752,UIC,42,42,40,240.00,"9,600.00"
2019-11-07,2019110701004562,UPCL,19,49,20,72.00,"1,440.00"
2019-11-07,2019110701004823,UPPER,13,48,100,234.00,"23,400.00"
2019-11-07,2019110701004635,UPPER,22,42,100,235.00,"23,500.00"
2019-11-07,2019110701004708,VLBS,42,51,200,560.00,"112,000.00"
2019-11-07,2019110701004671,VLBS,45,34,25,556.00,"13,900.00"
2019-11-07,2019110701004535,ADBL,39,52,335,415.00,"139,025.00"
2019-11-07,2019110701004408,ADBL,39,32,367,415.00,"152,305.00"
2019-11-07,2019110701004326,ADBL,39,18,133,415.00,"55,195.00"
2019-11-07,2019110701004325,ADBL,39,49,105,415.00,"43,575.00"
2019-11-07,2019110701004260,ADBL,45,49,20,415.00,"8,300.00"
2019-11-07,2019110701004076,ADBL,17,49,30,415.00,"12,450.00"
2019-11-07,2019110701004327,AHPC,28,43,500,94.00,"47,000.00"
2019-11-07,2019110701004415,ALBSL,42,49,10,383.00,"3,830.00"
2019-11-07,2019110701004248,ALBSL,51,6,30,382.00,"11,460.00"
2019-11-07,2019110701004142,ALBSL,55,6,40,383.00,"15,320.00"
2019-11-07,2019110701004529,ALICL,49,32,214,312.00,"66,768.00"
2019-11-07,2019110701004426,ALICL,49,19,300,312.00,"93,600.00"
2019-11-07,2019110701004149,ALICL,49,35,10,312.00,"3,120.00"
2019-11-07,2019110701004541,API,25,29,100,106.00,"10,600.00"
2019-11-07,2019110701004503,API,29,39,196,105.00,"20,580.00"
2019-11-07,2019110701004502,API,39,39,"1,000",105.00,"105,000.00"
2019-11-07,2019110701004501,API,29,39,200,105.00,"21,000.00"
2019-11-07,2019110701004500,API,16,39,445,105.00,"46,725.00"
2019-11-07,2019110701004485,API,25,29,50,106.00,"5,300.00"
2019-11-07,2019110701004418,API,16,39,500,105.00,"52,500.00"
2019-11-07,2019110701004383,API,25,29,50,106.00,"5,300.00"
2019-11-07,2019110701004207,API,14,29,50,106.00,"5,300.00"
2019-11-07,2019110701004200,API,25,38,50,107.00,"5,350.00"
2019-11-07,2019110701004090,BOKL,28,25,200,225.00,"45,000.00"
2019-11-07,2019110701004487,BPCL,59,6,10,364.00,"3,640.00"
2019-11-07,2019110701004478,BPCL,13,49,11,360.00,"3,960.00"
2019-11-07,2019110701004341,BPCL,35,51,10,359.00,"3,590.00"
2019-11-07,2019110701004240,BPCL,59,4,22,363.00,"7,986.00"
2019-11-07,2019110701004214,BPCL,1,39,22,359.00,"7,898.00"
2019-11-07,2019110701004106,BPCL,59,39,22,358.00,"7,876.00"
2019-11-07,2019110701004509,CBBL,28,6,70,965.00,"67,550.00"
2019-11-07,2019110701004363,CBBL,28,51,15,965.00,"14,475.00"
2019-11-07,2019110701004346,CBBL,47,6,100,968.00,"96,800.00"
2019-11-07,2019110701004110,CBBL,28,21,40,965.00,"38,600.00"
2019-11-07,2019110701004109,CBBL,51,21,20,965.00,"19,300.00"
2019-11-07,2019110701004068,CBL,56,1,100,142.00,"14,200.00"
2019-11-07,2019110701004067,CBL,45,51,108,141.00,"15,228.00"
2019-11-07,2019110701004522,CCBL,49,44,"4,296",156.00,"670,176.00"
2019-11-07,2019110701004404,CCBL,45,44,50,156.00,"7,800.00"
2019-11-07,2019110701004403,CCBL,45,44,125,156.00,"19,500.00"
2019-11-07,2019110701004402,CCBL,45,44,529,156.00,"82,524.00"
2019-11-07,2019110701004082,CCBL,56,14,100,157.00,"15,700.00"
2019-11-07,2019110701004217,CHCL,25,28,26,448.00,"11,648.00"
2019-11-07,2019110701004216,CHCL,25,42,100,447.00,"44,700.00"
2019-11-07,2019110701004215,CHCL,25,45,174,444.00,"77,256.00"
2019-11-07,2019110701004158,CHCL,25,45,26,445.00,"11,570.00"
2019-11-07,2019110701004307,CIT,16,6,37,"1,770.00","65,490.00"
2019-11-07,2019110701004425,CLBSL,7,14,135,460.00,"62,100.00"
2019-11-07,2019110701004387,CLBSL,32,14,400,460.00,"184,000.00"
2019-11-07,2019110701004386,CLBSL,32,6,100,459.00,"45,900.00"
2019-11-07,2019110701004373,CZBIL,54,34,50,189.00,"9,450.00"
2019-11-07,2019110701004206,CZBIL,54,42,250,189.00,"47,250.00"
2019-11-07,2019110701004205,CZBIL,54,42,100,189.00,"18,900.00"
2019-11-07,2019110701004204,CZBIL,51,42,50,189.00,"9,450.00"
2019-11-07,2019110701004203,CZBIL,4,42,500,189.00,"94,500.00"
2019-11-07,2019110701004202,CZBIL,54,42,100,189.00,"18,900.00"
2019-11-07,2019110701004355,DBBL,42,45,305,123.00,"37,515.00"
2019-11-07,2019110701004354,DBBL,38,45,43,123.00,"5,289.00"
2019-11-07,2019110701004353,DBBL,35,45,200,123.00,"24,600.00"
2019-11-07,2019110701004352,DBBL,47,45,100,123.00,"12,300.00"
2019-11-07,2019110701004351,DBBL,48,45,300,123.00,"36,900.00"
2019-11-07,2019110701004350,DBBL,46,45,252,123.00,"30,996.00"
2019-11-07,2019110701004304,DBBL,46,56,89,123.00,"10,947.00"
2019-11-07,2019110701004303,DBBL,45,56,50,123.00,"6,150.00"
2019-11-07,2019110701004302,DBBL,38,56,50,123.00,"6,150.00"
2019-11-07,2019110701004301,DBBL,39,56,111,123.00,"13,653.00"
2019-11-07,2019110701004279,DBBL,39,6,189,123.00,"23,247.00"
2019-11-07,2019110701004278,DBBL,21,6,311,123.00,"38,253.00"
2019-11-07,2019110701004486,DDBL,41,25,50,732.00,"36,600.00"
2019-11-07,2019110701004381,EBL,42,48,42,558.00,"23,436.00"
2019-11-07,2019110701004380,EBL,47,48,10,558.00,"5,580.00"
2019-11-07,2019110701004379,EBL,11,48,18,558.00,"10,044.00"
2019-11-07,2019110701004273,EBL,6,7,10,559.00,"5,590.00"
2019-11-07,2019110701004212,EBL,50,38,30,560.00,"16,800.00"
2019-11-07,2019110701004219,EDBL,36,42,245,260.00,"63,700.00"
2019-11-07,2019110701004268,EIC,51,25,50,220.00,"11,000.00"
2019-11-07,2019110701004533,FMDBL,57,8,25,310.00,"7,750.00"
2019-11-07,2019110701004370,FOWAD,37,40,247,"1,321.00","326,287.00"
2019-11-07,2019110701004096,FOWAD,37,19,19,"1,321.00","25,099.00"
2019-11-07,2019110701004074,FOWAD,37,19,19,"1,321.00","25,099.00"
2019-11-07,2019110701004435,GBBL,48,37,30,221.00,"6,630.00"
2019-11-07,2019110701004208,GBBL,25,37,200,221.00,"44,200.00"
2019-11-07,2019110701004108,GBBL,6,4,10,222.00,"2,220.00"
2019-11-07,2019110701004239,GFCL,28,11,239,131.00,"31,309.00"
2019-11-07,2019110701004310,GILB,38,38,3,846.00,"2,538.00"
2019-11-07,2019110701004119,GILB,47,42,15,845.00,"12,675.00"
2019-11-07,2019110701004252,GIMES1,19,26,100,8.00,800.00
2019-11-07,2019110701004409,GLBSL,21,46,10,424.00,"4,240.00"
2019-11-07,2019110701004490,GLICL,17,50,145,359.00,"52,055.00"
2019-11-07,2019110701004489,GLICL,34,50,55,359.00,"19,745.00"
2019-11-07,2019110701004436,GLICL,34,25,10,359.00,"3,590.00"
2019-11-07,2019110701004428,GLICL,34,25,10,359.00,"3,590.00"
2019-11-07,2019110701004330,GLICL,34,19,25,359.00,"8,975.00"
2019-11-07,2019110701004218,GLICL,54,57,91,360.00,"32,760.00"
2019-11-07,2019110701004309,GMFBS,32,47,10,451.00,"4,510.00"
2019-11-07,2019110701004413,GUFL,44,19,66,110.00,"7,260.00"
2019-11-07,2019110701004448,HBL,28,5,100,480.00,"48,000.00"
2019-11-07,2019110701004429,HBL,17,5,100,480.00,"48,000.00"
2019-11-07,2019110701004315,HBL,44,5,20,480.00,"9,600.00"
2019-11-07,2019110701004274,HBL,22,45,45,482.00,"21,690.00"
2019-11-07,2019110701004247,HBL,44,5,555,480.00,"266,400.00"
2019-11-07,2019110701004049,HBL,48,5,20,480.00,"9,600.00"
2019-11-07,2019110701004272,HDL,52,1,10,"1,508.00","15,080.00"
2019-11-07,2019110701004271,HDL,21,1,10,"1,508.00","15,080.00"
2019-11-07,2019110701004270,HDL,25,1,50,"1,508.00","75,400.00"
2019-11-07,2019110701004269,HDL,58,1,10,"1,508.00","15,080.00"
2019-11-07,2019110701004246,HDL,19,58,40,"1,510.00","60,400.00"
2019-11-07,2019110701004245,HDL,25,58,150,"1,510.00","226,500.00"
2019-11-07,2019110701004244,HDL,32,58,10,"1,510.00","15,100.00"
2019-11-07,2019110701004243,HDL,55,58,300,"1,515.00","454,500.00"
2019-11-07,2019110701004434,HGI,53,13,450,260.00,"117,000.00"
2019-11-07,2019110701004433,HGI,42,13,50,261.00,"13,050.00"
2019-11-07,2019110701004548,HIDCL,1,14,150,133.00,"19,950.00"
2019-11-07,2019110701004125,HURJA,42,47,20,101.00,"2,020.00"
2019-11-07,2019110701004107,HURJA,42,47,20,101.00,"2,020.00"
2019-11-07,2019110701004385,IGI,42,35,20,289.00,"5,780.00"
2019-11-07,2019110701004384,IGI,38,35,10,290.00,"2,900.00"
2019-11-07,2019110701004444,ILBS,11,38,10,451.00,"4,510.00"
2019-11-07,2019110701004443,ILBS,11,1,10,451.00,"4,510.00"
2019-11-07,2019110701004116,ILBS,58,39,10,446.00,"4,460.00"
2019-11-07,2019110701004058,ILBS,58,38,15,446.00,"6,690.00"
2019-11-07,2019110701004484,JBBL,57,56,100,155.00,"15,500.00"
2019-11-07,2019110701004483,JBBL,35,56,200,155.00,"31,000.00"
2019-11-07,2019110701004482,JBBL,38,56,200,155.00,"31,000.00"
2019-11-07,2019110701004481,JBBL,21,56,500,155.00,"77,500.00"
2019-11-07,2019110701004480,JBBL,13,56,436,155.00,"67,580.00"
2019-11-07,2019110701004070,JBBL,13,28,41,155.00,"6,355.00"
2019-11-07,2019110701004143,JSLBB,57,18,30,"1,012.00","30,360.00"
2019-11-07,2019110701004073,JSLBB,18,18,10,"1,032.00","10,320.00"
2019-11-07,2019110701004051,JSLBB,18,45,20,"1,012.00","20,240.00"
2019-11-07,2019110701004213,KADBL,42,40,40,169.00,"6,760.00"
2019-11-07,2019110701004542,KBL,20,36,187,179.00,"33,473.00"
2019-11-07,2019110701004540,KBL,38,32,25,178.00,"4,450.00"
2019-11-07,2019110701004539,KBL,44,32,80,178.00,"14,240.00"
2019-11-07,2019110701004440,KBL,47,36,100,179.00,"17,900.00"
2019-11-07,2019110701004407,KBL,1,36,500,179.00,"89,500.00"
2019-11-07,2019110701004406,KBL,5,36,213,179.00,"38,127.00"
2019-11-07,2019110701004348,KBL,5,46,87,179.00,"15,573.00"
2019-11-07,2019110701004262,KBL,22,42,38,180.00,"6,840.00"
2019-11-07,2019110701004261,KBL,22,44,412,180.00,"74,160.00"
2019-11-07,2019110701004133,KKHC,42,32,10,54.00,540.00
2019-11-07,2019110701004127,KKHC,42,32,10,54.00,540.00
2019-11-07,2019110701004103,KKHC,42,32,10,54.00,540.00
2019-11-07,2019110701004097,KKHC,42,32,10,54.00,540.00
2019-11-07,2019110701004441,LBL,34,44,100,220.00,"22,000.00"
2019-11-07,2019110701004320,LBL,34,44,200,220.00,"44,000.00"
2019-11-07,2019110701004296,LBL,22,44,42,220.00,"9,240.00"
2019-11-07,2019110701004497,MBL,37,57,306,224.00,"68,544.00"
2019-11-07,2019110701004412,MEGA,51,36,400,185.00,"74,000.00"
2019-11-07,2019110701004411,MEGA,32,36,600,185.00,"111,000.00"
2019-11-07,2019110701004312,MEGA,32,45,400,185.00,"74,000.00"
2019-11-07,2019110701004276,MEGA,32,57,500,185.00,"92,500.00"
2019-11-07,2019110701004118,MERO,32,1,35,437.00,"15,295.00"
2019-11-07,2019110701004280,MLBBL,39,55,41,425.00,"17,425.00"
2019-11-07,2019110701004438,MNBBL,48,48,150,317.00,"47,550.00"
2019-11-07,2019110701004344,MNBBL,49,19,170,316.00,"53,720.00"
2019-11-07,2019110701004321,MNBBL,49,48,50,317.00,"15,850.00"
2019-11-07,2019110701004300,MNBBL,13,48,386,317.00,"122,362.00"
2019-11-07,2019110701004086,MNBBL,13,43,200,317.00,"63,400.00"
2019-11-07,2019110701004498,MSMBS,40,57,25,455.00,"11,375.00"
2019-11-07,2019110701004477,MSMBS,26,57,100,455.00,"45,500.00"
2019-11-07,2019110701004476,MSMBS,1,57,18,456.00,"8,208.00"
2019-11-07,2019110701004055,MSMBS,55,22,34,456.00,"15,504.00"
2019-11-07,2019110701004334,NABIL,8,28,30,755.00,"22,650.00"
2019-11-07,2019110701004333,NABIL,41,28,30,755.00,"22,650.00"
2019-11-07,2019110701004332,NABIL,6,28,20,755.00,"15,100.00"
2019-11-07,2019110701004331,NABIL,47,28,11,755.00,"8,305.00"
2019-11-07,2019110701004189,NABIL,47,58,89,755.00,"67,195.00"
2019-11-07,2019110701004188,NABIL,22,58,100,755.00,"75,500.00"
2019-11-07,2019110701004163,NABIL,44,58,24,757.00,"18,168.00"
2019-11-07,2019110701004162,NABIL,38,58,130,758.00,"98,540.00"
2019-11-07,2019110701004161,NABIL,39,58,100,758.00,"75,800.00"
2019-11-07,2019110701004160,NABIL,33,58,500,758.00,"379,000.00"
2019-11-07,2019110701004169,NABIL,28,58,194,756.00,"146,664.00"
2019-11-07,2019110701004168,NABIL,26,58,100,757.00,"75,700.00"
2019-11-07,2019110701004167,NABIL,41,58,20,757.00,"15,140.00"
2019-11-07,2019110701004166,NABIL,33,58,500,757.00,"378,500.00"
2019-11-07,2019110701004165,NABIL,1,58,100,757.00,"75,700.00"
2019-11-07,2019110701004164,NABIL,44,58,100,757.00,"75,700.00"
2019-11-07,2019110701004175,NABIL,32,58,30,755.00,"22,650.00"
2019-11-07,2019110701004174,NABIL,39,58,50,755.00,"37,750.00"
2019-11-07,2019110701004173,NABIL,56,58,50,756.00,"37,800.00"
2019-11-07,2019110701004172,NABIL,39,58,100,756.00,"75,600.00"
2019-11-07,2019110701004171,NABIL,52,58,500,756.00,"378,000.00"
2019-11-07,2019110701004170,NABIL,3,58,26,756.00,"19,656.00"
2019-11-07,2019110701004181,NABIL,56,58,50,755.00,"37,750.00"
2019-11-07,2019110701004180,NABIL,44,58,200,755.00,"151,000.00"
2019-11-07,2019110701004179,NABIL,20,58,200,755.00,"151,000.00"
2019-11-07,2019110701004178,NABIL,3,58,50,755.00,"37,750.00"
2019-11-07,2019110701004177,NABIL,54,58,100,755.00,"75,500.00"
2019-11-07,2019110701004176,NABIL,35,58,20,755.00,"15,100.00"
2019-11-07,2019110701004187,NABIL,49,58,100,755.00,"75,500.00"
2019-11-07,2019110701004186,NABIL,56,58,467,755.00,"352,585.00"
2019-11-07,2019110701004185,NABIL,56,58,50,755.00,"37,750.00"
2019-11-07,2019110701004184,NABIL,1,58,500,755.00,"377,500.00"
2019-11-07,2019110701004183,NABIL,1,58,500,755.00,"377,500.00"
2019-11-07,2019110701004182,NABIL,45,58,50,755.00,"37,750.00"
2019-11-07,2019110701004372,NADEP,6,51,10,388.00,"3,880.00"
2019-11-07,2019110701004377,NBB,55,43,"1,000",206.00,"206,000.00"
2019-11-07,2019110701004210,NBB,58,40,20,207.00,"4,140.00"
2019-11-07,2019110701004531,NBL,18,22,"1,315",310.00,"407,650.00"
2019-11-07,2019110701004530,NBL,17,22,100,310.00,"31,000.00"
2019-11-07,2019110701004430,NBL,17,46,"1,900",310.00,"589,000.00"
2019-11-07,2019110701004401,NBL,25,4,590,309.00,"182,310.00"
2019-11-07,2019110701004400,NBL,35,4,10,309.00,"3,090.00"
2019-11-07,2019110701004399,NBL,41,4,100,309.00,"30,900.00"
2019-11-07,2019110701004194,NBL,26,46,300,310.00,"93,000.00"
2019-11-07,2019110701004193,NBL,35,46,100,310.00,"31,000.00"
2019-11-07,2019110701004192,NBL,49,46,350,310.00,"108,500.00"
2019-11-07,2019110701004284,NBL,43,4,50,309.00,"15,450.00"
2019-11-07,2019110701004263,NBL,44,46,100,310.00,"31,000.00"
2019-11-07,2019110701004198,NBL,7,46,100,310.00,"31,000.00"
2019-11-07,2019110701004197,NBL,59,46,100,310.00,"31,000.00"
2019-11-07,2019110701004196,NBL,49,46,100,310.00,"31,000.00"
2019-11-07,2019110701004195,NBL,5,46,200,310.00,"62,000.00"
2019-11-07,2019110701004290,NBL,51,4,300,309.00,"92,700.00"
2019-11-07,2019110701004289,NBL,32,4,200,309.00,"61,800.00"
2019-11-07,2019110701004288,NBL,14,4,150,309.00,"46,350.00"
2019-11-07,2019110701004287,NBL,45,4,100,309.00,"30,900.00"
2019-11-07,2019110701004286,NBL,28,4,"1,000",309.00,"309,000.00"
2019-11-07,2019110701004285,NBL,43,4,500,309.00,"154,500.00"
2019-11-07,2019110701004358,NBL,52,4,"1,000",309.00,"309,000.00"
2019-11-07,2019110701004357,NBL,25,4,100,309.00,"30,900.00"
2019-11-07,2019110701004356,NBL,25,4,"1,000",309.00,"309,000.00"
2019-11-07,2019110701004305,NBL,49,46,100,310.00,"31,000.00"
2019-11-07,2019110701004292,NBL,25,4,100,309.00,"30,900.00"
2019-11-07,2019110701004291,NBL,41,4,100,309.00,"30,900.00"
2019-11-07,2019110701004398,NBL,28,4,300,309.00,"92,700.00"
2019-11-07,2019110701004374,NBL,49,46,500,310.00,"155,000.00"
2019-11-07,2019110701004362,NBL,34,4,200,309.00,"61,800.00"
2019-11-07,2019110701004361,NBL,3,4,700,309.00,"216,300.00"
2019-11-07,2019110701004360,NBL,43,4,500,309.00,"154,500.00"
2019-11-07,2019110701004359,NBL,52,4,500,309.00,"154,500.00"
2019-11-07,2019110701004259,NCCB,8,8,266,204.00,"54,264.00"
2019-11-07,2019110701004258,NCCB,8,25,50,204.00,"10,200.00"
2019-11-07,2019110701004257,NCCB,38,25,10,204.00,"2,040.00"
2019-11-07,2019110701004251,NCCB,17,6,100,203.00,"20,300.00"
2019-11-07,2019110701004061,NCCB,48,45,297,204.00,"60,588.00"
2019-11-07,2019110701004343,NGPL,16,32,11,99.00,"1,089.00"
2019-11-07,2019110701004329,NGPL,1,32,96,99.00,"9,504.00"
2019-11-07,2019110701004328,NGPL,1,32,124,99.00,"12,276.00"
2019-11-07,2019110701004266,NIB,32,46,39,444.00,"17,316.00"
2019-11-07,2019110701004253,NIB,14,46,25,444.00,"11,100.00"
2019-11-07,2019110701004225,NIB,56,46,30,444.00,"13,320.00"
2019-11-07,2019110701004224,NIB,43,46,47,444.00,"20,868.00"
2019-11-07,2019110701004191,NIB,43,52,153,444.00,"67,932.00"
2019-11-07,2019110701004190,NIB,32,52,27,444.00,"11,988.00"
2019-11-07,2019110701004147,NIB,26,19,23,445.00,"10,235.00"
2019-11-07,2019110701004146,NIB,26,21,52,445.00,"23,140.00"
2019-11-07,2019110701004126,NIB,32,25,23,444.00,"10,212.00"
2019-11-07,2019110701004083,NIB,51,21,250,445.00,"111,250.00"
2019-11-07,2019110701004095,NICA,29,25,20,397.00,"7,940.00"
2019-11-07,2019110701004345,NICGF,22,22,500,9.25,"4,625.00"
2019-11-07,2019110701004267,NICGF,22,57,"1,000",9.07,"9,070.00"
2019-11-07,2019110701004249,NICGF,22,42,900,8.90,"8,010.00"
2019-11-07,2019110701004231,NICGF,22,42,100,8.90,890.00
2019-11-07,2019110701004241,NIL,49,52,198,377.00,"74,646.00"
2019-11-07,2019110701004075,NIL,49,5,500,377.00,"188,500.00"
2019-11-07,2019110701004222,NLBBL,46,52,20,502.00,"10,040.00"
2019-11-07,2019110701004532,NLIC,33,17,30,787.00,"23,610.00"
2019-11-07,2019110701004442,NLIC,29,17,200,787.00,"157,400.00"
2019-11-07,2019110701004376,NLIC,5,42,40,786.00,"31,440.00"
2019-11-07,2019110701004375,NLIC,33,42,10,786.00,"7,860.00"
2019-11-07,2019110701004223,NLIC,5,17,32,787.00,"25,184.00"
2019-11-07,2019110701004137,NLICL,14,21,13,423.00,"5,499.00"
2019-11-07,2019110701004136,NLICL,53,21,10,423.00,"4,230.00"
2019-11-07,2019110701004547,NMB,28,10,300,348.00,"104,400.00"
2019-11-07,2019110701004537,NMB,14,10,400,348.00,"139,200.00"
2019-11-07,2019110701004527,NMB,6,19,249,347.00,"86,403.00"
2019-11-07,2019110701004526,NMB,32,19,20,347.00,"6,940.00"
2019-11-07,2019110701004525,NMB,51,19,250,347.00,"86,750.00"
2019-11-07,2019110701004518,NMB,35,10,27,348.00,"9,396.00"
2019-11-07,2019110701004081,NMB,49,34,"1,640",349.00,"572,360.00"
2019-11-07,2019110701004080,NMB,49,34,569,349.00,"198,581.00"
2019-11-07,2019110701004079,NMB,49,21,291,349.00,"101,559.00"
2019-11-07,2019110701004078,NMB,49,16,500,349.00,"174,500.00"
2019-11-07,2019110701004062,NMB,14,14,253,348.00,"88,044.00"
2019-11-07,2019110701004120,NMB,44,34,500,349.00,"174,500.00"
2019-11-07,2019110701004111,NMB,55,34,200,349.00,"69,800.00"
2019-11-07,2019110701004101,NMB,49,34,300,349.00,"104,700.00"
2019-11-07,2019110701004100,NMB,26,34,300,349.00,"104,700.00"
2019-11-07,2019110701004093,NMB,5,34,395,349.00,"137,855.00"
2019-11-07,2019110701004092,NMB,5,34,105,349.00,"36,645.00"
2019-11-07,2019110701004293,NMB,51,32,"1,000",349.00,"349,000.00"
2019-11-07,2019110701004230,NMB,40,29,50,350.00,"17,500.00"
2019-11-07,2019110701004145,NMB,49,34,569,349.00,"198,581.00"
2019-11-07,2019110701004144,NMB,49,34,240,349.00,"83,760.00"
2019-11-07,2019110701004132,NMB,44,34,962,349.00,"335,738.00"
2019-11-07,2019110701004131,NMB,44,34,38,349.00,"13,262.00"
2019-11-07,2019110701004395,NMB,43,43,150,349.00,"52,350.00"
2019-11-07,2019110701004349,NMB,28,43,200,349.00,"69,800.00"
2019-11-07,2019110701004347,NMB,49,43,100,349.00,"34,900.00"
2019-11-07,2019110701004322,NMB,14,41,100,348.00,"34,800.00"
2019-11-07,2019110701004299,NMB,32,43,10,349.00,"3,490.00"
2019-11-07,2019110701004298,NMB,49,43,191,349.00,"66,659.00"
2019-11-07,2019110701004517,NMB,14,10,500,348.00,"174,000.00"
2019-11-07,2019110701004516,NMB,38,10,670,348.00,"233,160.00"
2019-11-07,2019110701004515,NMB,13,10,400,348.00,"139,200.00"
2019-11-07,2019110701004514,NMB,58,10,250,348.00,"87,000.00"
2019-11-07,2019110701004513,NMB,14,10,950,348.00,"330,600.00"
2019-11-07,2019110701004479,NMB,14,51,197,348.00,"68,556.00"
2019-11-07,2019110701004088,NMBMF,37,19,31,495.00,"15,345.00"
2019-11-07,2019110701004087,NMBMF,57,19,10,496.00,"4,960.00"
2019-11-07,2019110701004521,NMFBS,49,11,65,"1,690.00","109,850.00"
2019-11-07,2019110701004520,NMFBS,22,11,20,"1,692.00","33,840.00"
2019-11-07,2019110701004519,NMFBS,38,11,15,"1,692.00","25,380.00"
2019-11-07,2019110701004342,NMFBS,38,38,3,"1,693.00","5,079.00"
2019-11-07,2019110701004336,NMFBS,42,6,85,"1,693.00","143,905.00"
2019-11-07,2019110701004335,NMFBS,32,6,10,"1,694.00","16,940.00"
2019-11-07,2019110701004099,NMFBS,42,21,15,"1,693.00","25,395.00"
2019-11-07,2019110701004098,NMFBS,17,21,20,"1,693.00","33,860.00"
2019-11-07,2019110701004340,NNLB,14,29,40,454.00,"18,160.00"
2019-11-07,2019110701004339,NNLB,42,29,100,454.00,"45,400.00"
2019-11-07,2019110701004338,NNLB,19,29,373,455.00,"169,715.00"
2019-11-07,2019110701004238,NNLB,19,49,27,455.00,"12,285.00"
2019-11-07,2019110701004237,NNLB,21,49,15,455.00,"6,825.00"
2019-11-07,2019110701004236,NNLB,14,49,25,456.00,"11,400.00"
2019-11-07,2019110701004235,NNLB,1,49,33,456.00,"15,048.00"
2019-11-07,2019110701004382,NSEWA,42,46,10,372.00,"3,720.00"
2019-11-07,2019110701004130,NSEWA,32,14,50,374.00,"18,700.00"
2019-11-07,2019110701004546,NTC,43,17,100,617.00,"61,700.00"
2019-11-07,2019110701004545,NTC,8,17,160,617.00,"98,720.00"
2019-11-07,2019110701004544,NTC,35,17,20,617.00,"12,340.00"
2019-11-07,2019110701004543,NTC,41,17,20,617.00,"12,340.00"
2019-11-07,2019110701004121,OHL,57,18,110,451.00,"49,610.00"
2019-11-07,2019110701004491,PCBL,43,7,75,261.00,"19,575.00"
2019-11-07,2019110701004439,PCBL,43,32,10,261.00,"2,610.00"
2019-11-07,2019110701004536,PFL,7,49,13,133.00,"1,729.00"
2019-11-07,2019110701004378,PIC,5,51,10,361.00,"3,610.00"
2019-11-07,2019110701004117,PIC,53,42,300,360.00,"108,000.00"
2019-11-07,2019110701004508,PLIC,6,44,"3,118",313.00,"975,934.00"
2019-11-07,2019110701004507,PLIC,42,44,100,313.00,"31,300.00"
2019-11-07,2019110701004506,PLIC,48,44,200,314.00,"62,800.00"
2019-11-07,2019110701004505,PLIC,57,44,156,314.00,"48,984.00"
2019-11-07,2019110701004504,PLIC,7,44,50,315.00,"15,750.00"
2019-11-07,2019110701004211,PLIC,57,35,44,314.00,"13,816.00"
2019-11-07,2019110701004424,PPCL,39,51,50,96.00,"4,800.00"
2019-11-07,2019110701004423,PPCL,39,26,30,96.00,"2,880.00"
2019-11-07,2019110701004422,PPCL,39,36,200,96.00,"19,200.00"
2019-11-07,2019110701004421,PPCL,39,42,10,96.00,960.00
2019-11-07,2019110701004420,PPCL,39,51,20,96.00,"1,920.00"
2019-11-07,2019110701004389,PPCL,39,51,10,95.00,950.00
2019-11-07,2019110701004388,PPCL,45,51,20,95.00,"1,900.00"
2019-11-07,2019110701004129,PRIN,49,37,400,310.00,"124,000.00"
2019-11-07,2019110701004128,PRIN,26,37,100,311.00,"31,100.00"
2019-11-07,2019110701004538,PRVU,34,34,"99,000",264.00,"26,136,000.00"
2019-11-07,2019110701004528,PRVU,28,44,200,265.00,"53,000.00"
2019-11-07,2019110701004496,PRVU,34,34,"6,778",264.00,"1,789,392.00"
2019-11-07,2019110701004475,PRVU,49,34,500,264.00,"132,000.00"
2019-11-07,2019110701004474,PRVU,17,34,100,264.00,"26,400.00"
2019-11-07,2019110701004473,PRVU,52,34,"1,000",264.00,"264,000.00"
2019-11-07,2019110701004059,PRVU,46,37,30,264.00,"7,920.00"
2019-11-07,2019110701004054,PRVU,46,44,154,264.00,"40,656.00"
2019-11-07,2019110701004053,PRVU,39,44,200,264.00,"52,800.00"
2019-11-07,2019110701004052,PRVU,56,44,146,264.00,"38,544.00"
2019-11-07,2019110701004153,PRVU,32,37,350,264.00,"92,400.00"
2019-11-07,2019110701004152,PRVU,46,37,436,264.00,"115,104.00"
2019-11-07,2019110701004150,PRVU,1,34,50,265.00,"13,250.00"
2019-11-07,2019110701004104,PRVU,46,25,100,264.00,"26,400.00"
2019-11-07,2019110701004089,PRVU,59,34,500,265.00,"132,500.00"
2019-11-07,2019110701004371,PRVU,39,44,139,265.00,"36,835.00"
2019-11-07,2019110701004324,PRVU,48,44,144,265.00,"38,160.00"
2019-11-07,2019110701004323,PRVU,48,34,56,265.00,"14,840.00"
2019-11-07,2019110701004277,PRVU,13,34,50,265.00,"13,250.00"
2019-11-07,2019110701004209,PRVU,1,34,20,265.00,"5,300.00"
2019-11-07,2019110701004157,PRVU,1,34,20,265.00,"5,300.00"
2019-11-07,2019110701004454,PRVU,45,34,100,264.00,"26,400.00"
2019-11-07,2019110701004453,PRVU,57,34,200,264.00,"52,800.00"
2019-11-07,2019110701004452,PRVU,58,34,900,264.00,"237,600.00"
2019-11-07,2019110701004451,PRVU,21,34,100,264.00,"26,400.00"
2019-11-07,2019110701004450,PRVU,25,34,500,264.00,"132,000.00"
2019-11-07,2019110701004449,PRVU,32,34,250,264.00,"66,000.00"
2019-11-07,2019110701004460,PRVU,14,34,200,264.00,"52,800.00"
2019-11-07,2019110701004459,PRVU,50,34,100,264.00,"26,400.00"
2019-11-07,2019110701004458,PRVU,57,34,50,264.00,"13,200.00"
2019-11-07,2019110701004457,PRVU,34,34,200,264.00,"52,800.00"
2019-11-07,2019110701004456,PRVU,6,34,"1,500",264.00,"396,000.00"
2019-11-07,2019110701004455,PRVU,45,34,40,264.00,"10,560.00"
2019-11-07,2019110701004466,PRVU,56,34,100,264.00,"26,400.00"
2019-11-07,2019110701004465,PRVU,57,34,250,264.00,"66,000.00"
2019-11-07,2019110701004464,PRVU,42,34,"1,000",264.00,"264,000.00"
2019-11-07,2019110701004463,PRVU,19,34,500,264.00,"132,000.00"
2019-11-07,2019110701004462,PRVU,3,34,200,264.00,"52,800.00"
2019-11-07,2019110701004461,PRVU,34,34,100,264.00,"26,400.00"
2019-11-07,2019110701004472,PRVU,47,34,200,264.00,"52,800.00"
2019-11-07,2019110701004471,PRVU,38,34,20,264.00,"5,280.00"
2019-11-07,2019110701004470,PRVU,57,34,250,264.00,"66,000.00"
2019-11-07,2019110701004469,PRVU,53,34,120,264.00,"31,680.00"
2019-11-07,2019110701004468,PRVU,33,34,"1,000",264.00,"264,000.00"
2019-11-07,2019110701004467,PRVU,42,34,100,264.00,"26,400.00"
2019-11-07,2019110701004250,RHPC,47,45,79,73.00,"5,767.00"
2019-11-07,2019110701004499,RHPL,1,49,20,170.00,"3,400.00"
2019-11-07,2019110701004488,RHPL,13,16,40,170.00,"6,800.00"
2019-11-07,2019110701004417,RHPL,13,46,40,170.00,"6,800.00"
2019-11-07,2019110701004414,RHPL,13,11,40,170.00,"6,800.00"
2019-11-07,2019110701004397,RHPL,13,51,10,170.00,"1,700.00"
2019-11-07,2019110701004275,RHPL,13,13,100,170.00,"17,000.00"
2019-11-07,2019110701004066,RHPL,41,39,40,169.00,"6,760.00"
2019-11-07,2019110701004256,RHPL,13,49,50,170.00,"8,500.00"
2019-11-07,2019110701004234,RHPL,13,58,150,170.00,"25,500.00"
2019-11-07,2019110701004233,RHPL,13,34,40,170.00,"6,800.00"
2019-11-07,2019110701004232,RHPL,13,26,30,170.00,"5,100.00"
2019-11-07,2019110701004148,RHPL,41,39,40,169.00,"6,760.00"
2019-11-07,2019110701004091,RHPL,41,39,50,169.00,"8,450.00"
2019-11-07,2019110701004282,SABSL,37,57,80,453.00,"36,240.00"
2019-11-07,2019110701004159,SABSL,37,39,10,453.00,"4,530.00"
2019-11-07,2019110701004134,SABSL,37,45,10,453.00,"4,530.00"
2019-11-07,2019110701004255,SADBL,45,44,50,139.00,"6,950.00"
2019-11-07,2019110701004124,SADBL,37,44,20,139.00,"2,780.00"
2019-11-07,2019110701004123,SADBL,37,36,"1,080",137.00,"147,960.00"
2019-11-07,2019110701004390,SANIMA,51,49,18,306.00,"5,508.00"
2019-11-07,2019110701004319,SANIMA,51,52,102,306.00,"31,212.00"
2019-11-07,2019110701004318,SANIMA,45,52,100,306.00,"30,600.00"
2019-11-07,2019110701004317,SANIMA,6,52,100,306.00,"30,600.00"
2019-11-07,2019110701004316,SANIMA,11,52,298,306.00,"91,188.00"
2019-11-07,2019110701004254,SANIMA,34,57,10,307.00,"3,070.00"
2019-11-07,2019110701004201,SANIMA,11,52,75,306.00,"22,950.00"
2019-11-07,2019110701004524,SBI,1,13,250,406.00,"101,500.00"
2019-11-07,2019110701004523,SBI,1,48,50,406.00,"20,300.00"
2019-11-07,2019110701004495,SBI,49,38,300,405.00,"121,500.00"
2019-11-07,2019110701004281,SBI,22,13,45,406.00,"18,270.00"
2019-11-07,2019110701004151,SBI,49,37,"1,000",405.00,"405,000.00"
2019-11-07,2019110701004394,SBL,6,45,338,288.00,"97,344.00"
2019-11-07,2019110701004393,SBL,6,52,160,288.00,"46,080.00"
2019-11-07,2019110701004140,SBL,29,52,340,288.00,"97,920.00"
2019-11-07,2019110701004139,SBL,29,51,160,288.00,"46,080.00"
2019-11-07,2019110701004065,SBL,33,37,20,287.00,"5,740.00"
2019-11-07,2019110701004314,SCB,17,28,50,556.00,"27,800.00"
2019-11-07,2019110701004313,SCB,17,28,100,556.00,"55,600.00"
2019-11-07,2019110701004295,SCB,17,38,100,556.00,"55,600.00"
2019-11-07,2019110701004294,SCB,48,38,30,557.00,"16,710.00"
2019-11-07,2019110701004229,SCB,48,1,70,557.00,"38,990.00"
2019-11-07,2019110701004228,SCB,22,1,70,557.00,"38,990.00"
2019-11-07,2019110701004072,SCB,22,37,10,557.00,"5,570.00"
2019-11-07,2019110701004105,SDESI,22,19,27,621.00,"16,767.00"
2019-11-07,2019110701004069,SDESI,43,19,27,622.00,"16,794.00"
2019-11-07,2019110701004410,SHIVM,14,51,10,481.00,"4,810.00"
2019-11-07,2019110701004337,SHIVM,14,49,100,481.00,"48,100.00"
2019-11-07,2019110701004510,SHL,14,14,400,205.00,"82,000.00"
2019-11-07,2019110701004122,SHPC,55,21,66,187.00,"12,342.00"
2019-11-07,2019110701004242,SIC,11,25,10,455.00,"4,550.00"
2019-11-07,2019110701004494,SICL,48,32,74,734.00,"54,316.00"
2019-11-07,2019110701004493,SICL,17,32,10,734.00,"7,340.00"
2019-11-07,2019110701004492,SICL,17,32,20,735.00,"14,700.00"
2019-11-07,2019110701004432,SJCL,38,46,20,165.00,"3,300.00"
2019-11-07,2019110701004419,SJCL,38,51,10,165.00,"1,650.00"
2019-11-07,2019110701004392,SJCL,38,38,20,165.00,"3,300.00"
2019-11-07,2019110701004085,SJCL,38,39,20,165.00,"3,300.00"
2019-11-07,2019110701004060,SJCL,38,39,20,165.00,"3,300.00"
2019-11-07,2019110701004050,SJCL,38,21,20,165.00,"3,300.00"
2019-11-07,2019110701004311,SJCL,38,50,20,165.00,"3,300.00"
2019-11-07,2019110701004156,SJCL,45,51,10,166.00,"1,660.00"
2019-11-07,2019110701004155,SJCL,45,26,20,166.00,"3,320.00"
2019-11-07,2019110701004154,SJCL,45,34,20,166.00,"3,320.00"
2019-11-07,2019110701004141,SJCL,38,39,10,165.00,"1,650.00"
2019-11-07,2019110701004416,SKBBL,22,14,500,940.00,"470,000.00"
2019-11-07,2019110701004138,SKBBL,22,22,130,935.00,"121,550.00"
2019-11-07,2019110701004084,SKBBL,50,22,50,938.00,"46,900.00"
2019-11-07,2019110701004306,SLBBL,47,45,100,574.00,"57,400.00"
2019-11-07,2019110701004227,SLBBL,6,39,144,572.00,"82,368.00"
2019-11-07,2019110701004226,SLBBL,37,39,56,573.00,"32,088.00"
2019-11-07,2019110701004102,SLBSL,1,45,20,722.00,"14,440.00"
2019-11-07,2019110701004057,SLBSL,21,21,10,720.00,"7,200.00"
2019-11-07,2019110701004199,SMATA,25,6,19,522.00,"9,918.00"
2019-11-07,2019110701004534,SMFDB,36,3,50,504.00,"25,200.00"
2019-11-07,2019110701004512,SRBL,41,32,59,205.00,"12,095.00"
2019-11-07,2019110701004511,SRBL,44,32,32,205.00,"6,560.00"
2019-11-07,2019110701004427,SRBL,45,51,13,206.00,"2,678.00"
2019-11-07,2019110701004405,SRBL,44,45,13,205.00,"2,665.00"
2019-11-07,2019110701004115,SRBL,44,7,155,205.00,"31,775.00"
2019-11-07,2019110701004114,SRBL,32,7,147,205.00,"30,135.00"
2019-11-07,2019110701004113,SRBL,6,7,100,205.00,"20,500.00"
2019-11-07,2019110701004112,SRBL,32,7,98,205.00,"20,090.00"
2019-11-07,2019110701004396,SWBBL,39,42,62,925.00,"57,350.00"
2019-11-07,2019110701004391,SWBBL,33,41,100,928.00,"92,800.00"
2019-11-07,2019110701004297,SWBBL,39,56,32,925.00,"29,600.00"
2019-11-07,2019110701004265,SWBBL,39,48,114,925.00,"105,450.00"
2019-11-07,2019110701004264,SWBBL,48,48,100,926.00,"92,600.00"
2019-11-07,2019110701004221,UNHPL,14,6,50,52.00,"2,600.00"
2019-11-07,2019110701004220,UNHPL,14,6,50,52.00,"2,600.00"
2019-11-07,2019110701004063,UNHPL,25,21,50,51.00,"2,550.00"
2019-11-07,2019110701004431,UPCL,19,51,50,72.00,"3,600.00"
2019-11-07,2019110701004283,UPCL,19,49,200,72.00,"14,400.00"
2019-11-07,2019110701004094,UPCL,19,47,240,72.00,"17,280.00"
2019-11-07,2019110701004447,UPPER,13,43,72,234.00,"16,848.00"
2019-11-07,2019110701004446,UPPER,59,43,50,234.00,"11,700.00"
2019-11-07,2019110701004445,UPPER,43,43,110,234.00,"25,740.00"
2019-11-07,2019110701004437,UPPER,43,51,10,234.00,"2,340.00"
2019-11-07,2019110701004071,UPPER,43,21,50,234.00,"11,700.00"
2019-11-07,2019110701004056,UPPER,43,39,40,234.00,"9,360.00"
2019-11-07,2019110701004308,UPPER,43,35,50,234.00,"11,700.00"
2019-11-07,2019110701004135,UPPER,43,39,50,234.00,"11,700.00"
2019-11-07,2019110701004077,UPPER,43,39,50,234.00,"11,700.00"
2019-11-07,2019110701004369,UPPER,43,42,12,235.00,"2,820.00"
2019-11-07,2019110701004368,UPPER,43,42,50,235.00,"11,750.00"
2019-11-07,2019110701004367,UPPER,43,13,50,235.00,"11,750.00"
2019-11-07,2019110701004366,UPPER,43,13,40,235.00,"9,400.00"
2019-11-07,2019110701004365,UPPER,43,13,40,235.00,"9,400.00"
2019-11-07,2019110701004364,UPPER,43,13,40,235.00,"9,400.00"
2019-11-07,2019110701004064,VLBS,16,51,50,554.00,"27,700.00"
2019-11-07,2019110701003934,ADBL,56,49,100,415.00,"41,500.00"
2019-11-07,2019110701003933,ADBL,52,29,15,414.00,"6,210.00"
2019-11-07,2019110701003921,ADBL,52,29,20,414.00,"8,280.00"
2019-11-07,2019110701003936,AHPC,6,43,500,95.00,"47,500.00"
2019-11-07,2019110701003745,AHPC,28,8,550,94.00,"51,700.00"
2019-11-07,2019110701003637,AHPC,34,8,200,94.00,"18,800.00"
2019-11-07,2019110701003636,AHPC,43,8,50,94.00,"4,700.00"
2019-11-07,2019110701003635,AHPC,1,8,200,94.00,"18,800.00"
2019-11-07,2019110701003976,AKBSL,48,39,10,408.00,"4,080.00"
2019-11-07,2019110701003679,AKJCL,39,44,20,53.00,"1,060.00"
2019-11-07,2019110701004040,ALBSL,55,39,10,383.00,"3,830.00"
2019-11-07,2019110701004048,API,16,10,55,105.00,"5,775.00"
2019-11-07,2019110701004047,API,39,10,100,105.00,"10,500.00"
2019-11-07,2019110701004046,API,25,10,45,106.00,"4,770.00"
2019-11-07,2019110701004030,API,25,38,50,107.00,"5,350.00"
2019-11-07,2019110701003832,API,45,39,10,107.00,"1,070.00"
2019-11-07,2019110701003782,API,43,14,15,106.00,"1,590.00"
2019-11-07,2019110701003837,API,1,39,300,105.00,"31,500.00"
2019-11-07,2019110701003836,API,52,39,500,105.00,"52,500.00"
2019-11-07,2019110701003835,API,22,39,20,105.00,"2,100.00"
2019-11-07,2019110701003834,API,37,39,"1,000",105.00,"105,000.00"
2019-11-07,2019110701003833,API,47,39,200,105.00,"21,000.00"
2019-11-07,2019110701003973,BOKL,28,37,30,225.00,"6,750.00"
2019-11-07,2019110701004022,BPCL,41,49,100,359.00,"35,900.00"
2019-11-07,2019110701004021,BPCL,59,49,"5,000",359.00,"1,795,000.00"
2019-11-07,2019110701004020,BPCL,59,49,300,359.00,"107,700.00"
2019-11-07,2019110701004019,BPCL,59,49,50,359.00,"17,950.00"
2019-11-07,2019110701004018,BPCL,51,49,500,360.00,"180,000.00"
2019-11-07,2019110701004017,BPCL,41,49,100,360.00,"36,000.00"
2019-11-07,2019110701004016,BPCL,39,49,"1,081",360.00,"389,160.00"
2019-11-07,2019110701004015,BPCL,55,49,189,362.00,"68,418.00"
2019-11-07,2019110701004014,BPCL,1,49,150,363.00,"54,450.00"
2019-11-07,2019110701003606,BPCL,55,49,11,362.00,"3,982.00"
2019-11-07,2019110701003978,CBL,45,37,30,141.00,"4,230.00"
2019-11-07,2019110701003954,CBL,45,21,100,141.00,"14,100.00"
2019-11-07,2019110701003948,CBL,45,59,"1,000",141.00,"141,000.00"
2019-11-07,2019110701003890,CBL,45,14,500,141.00,"70,500.00"
2019-11-07,2019110701003889,CBL,45,58,50,141.00,"7,050.00"
2019-11-07,2019110701003888,CBL,45,6,93,141.00,"13,113.00"
2019-11-07,2019110701003764,CBL,17,49,334,140.00,"46,760.00"
2019-11-07,2019110701003694,CBL,17,35,200,140.00,"28,000.00"
2019-11-07,2019110701003639,CBL,6,57,100,141.00,"14,100.00"
2019-11-07,2019110701003584,CBL,29,57,85,141.00,"11,985.00"
2019-11-07,2019110701003583,CBL,29,34,65,141.00,"9,165.00"
2019-11-07,2019110701003770,CBL,41,49,200,140.00,"28,000.00"
2019-11-07,2019110701003769,CBL,28,49,194,140.00,"27,160.00"
2019-11-07,2019110701003768,CBL,34,49,50,140.00,"7,000.00"
2019-11-07,2019110701003767,CBL,41,49,200,140.00,"28,000.00"
2019-11-07,2019110701003766,CBL,7,49,"1,000",140.00,"140,000.00"
2019-11-07,2019110701003765,CBL,17,49,500,140.00,"70,000.00"
2019-11-07,2019110701003887,CBL,45,59,500,141.00,"70,500.00"
2019-11-07,2019110701003886,CBL,45,57,107,141.00,"15,087.00"
2019-11-07,2019110701003856,CBL,35,57,208,141.00,"29,328.00"
2019-11-07,2019110701003855,CBL,35,19,102,141.00,"14,382.00"
2019-11-07,2019110701003818,CBL,21,35,200,140.00,"28,000.00"
2019-11-07,2019110701003771,CBL,21,49,49,140.00,"6,860.00"
2019-11-07,2019110701003989,CCBL,45,37,15,156.00,"2,340.00"
2019-11-07,2019110701003972,CCBL,38,14,100,157.00,"15,700.00"
2019-11-07,2019110701003947,CEFL,4,42,167,102.00,"17,034.00"
2019-11-07,2019110701003907,CEFL,39,42,500,102.00,"51,000.00"
2019-11-07,2019110701003971,CFCL,44,28,"2,370",108.00,"255,960.00"
2019-11-07,2019110701003903,CFCL,44,17,113,108.00,"12,204.00"
2019-11-07,2019110701003902,CFCL,35,17,50,108.00,"5,400.00"
2019-11-07,2019110701003619,CFCL,35,49,25,108.00,"2,700.00"
2019-11-07,2019110701003756,CHCL,49,49,198,447.00,"88,506.00"
2019-11-07,2019110701003640,CHCL,25,28,35,448.00,"15,680.00"
2019-11-07,2019110701003621,CHCL,25,50,24,445.00,"10,680.00"
2019-11-07,2019110701003618,CHCL,25,50,39,445.00,"17,355.00"
2019-11-07,2019110701003616,CHCL,25,50,50,445.00,"22,250.00"
2019-11-07,2019110701003615,CHCL,25,50,41,446.00,"18,286.00"
2019-11-07,2019110701003609,CHCL,25,42,109,446.00,"48,614.00"
2019-11-07,2019110701003601,CHCL,25,40,350,445.00,"155,750.00"
2019-11-07,2019110701003904,CIT,16,6,13,"1,770.00","23,010.00"
2019-11-07,2019110701003729,CIT,25,13,50,"1,760.00","88,000.00"
2019-11-07,2019110701003728,CIT,41,13,33,"1,760.00","58,080.00"
2019-11-07,2019110701003711,CIT,41,13,17,"1,760.00","29,920.00"
2019-11-07,2019110701003710,CIT,42,13,73,"1,760.00","128,480.00"
2019-11-07,2019110701003709,CIT,35,13,10,"1,761.00","17,610.00"
2019-11-07,2019110701003708,CIT,35,13,20,"1,761.00","35,220.00"
2019-11-07,2019110701003724,CZBIL,55,54,500,189.00,"94,500.00"
2019-11-07,2019110701003624,DBBL,21,49,14,123.00,"1,722.00"
2019-11-07,2019110701003984,DDBL,41,29,38,732.00,"27,816.00"
2019-11-07,2019110701003806,EBL,46,38,100,560.00,"56,000.00"
2019-11-07,2019110701003891,EIC,59,6,176,220.00,"38,720.00"
2019-11-07,2019110701004031,FOWAD,37,25,12,"1,321.00","15,852.00"
2019-11-07,2019110701003966,FOWAD,37,42,20,"1,321.00","26,420.00"
2019-11-07,2019110701003965,FOWAD,19,42,10,"1,321.00","13,210.00"
2019-11-07,2019110701003809,GBBL,4,4,10,222.00,"2,220.00"
2019-11-07,2019110701003775,GBBL,32,39,570,221.00,"125,970.00"
2019-11-07,2019110701003705,GBBL,32,4,500,221.00,"110,500.00"
2019-11-07,2019110701003658,GBLBS,18,42,265,305.00,"80,825.00"
2019-11-07,2019110701003648,GBLBS,35,42,20,305.00,"6,100.00"
2019-11-07,2019110701003647,GBLBS,22,42,300,305.00,"91,500.00"
2019-11-07,2019110701003646,GBLBS,26,42,20,305.00,"6,100.00"
2019-11-07,2019110701003556,GBLBS,26,57,10,305.00,"3,050.00"
2019-11-07,2019110701003552,GBLBS,3,42,70,306.00,"21,420.00"
2019-11-07,2019110701003551,GBLBS,58,42,325,306.00,"99,450.00"
2019-11-07,2019110701003817,GFCL,59,11,300,131.00,"39,300.00"
2019-11-07,2019110701003816,GFCL,42,11,500,131.00,"65,500.00"
2019-11-07,2019110701003815,GFCL,40,11,500,131.00,"65,500.00"
2019-11-07,2019110701003814,GFCL,1,11,"1,000",131.00,"131,000.00"
2019-11-07,2019110701003813,GFCL,59,11,300,131.00,"39,300.00"
2019-11-07,2019110701003812,GFCL,47,11,100,132.00,"13,200.00"
2019-11-07,2019110701003892,GLBSL,19,26,10,425.00,"4,250.00"
2019-11-07,2019110701003861,GLBSL,21,55,10,424.00,"4,240.00"
2019-11-07,2019110701003859,GLBSL,26,47,10,425.00,"4,250.00"
2019-11-07,2019110701003790,GLBSL,40,7,100,428.00,"42,800.00"
2019-11-07,2019110701003778,GLBSL,19,53,10,427.00,"4,270.00"
2019-11-07,2019110701003777,GLBSL,19,6,10,427.00,"4,270.00"
2019-11-07,2019110701003657,GLBSL,19,1,10,425.00,"4,250.00"
2019-11-07,2019110701003844,GLICL,6,25,20,363.00,"7,260.00"
2019-11-07,2019110701003688,GLICL,45,25,25,363.00,"9,075.00"
2019-11-07,2019110701003831,GMFBS,32,16,10,451.00,"4,510.00"
2019-11-07,2019110701003662,GMFBS,32,16,10,451.00,"4,510.00"
2019-11-07,2019110701003993,GUFL,44,37,25,110.00,"2,750.00"
2019-11-07,2019110701003604,HIDCL,25,42,3,133.00,399.00
2019-11-07,2019110701003603,HIDCL,45,42,100,133.00,"13,300.00"
2019-11-07,2019110701003597,HIDCL,4,42,25,133.00,"3,325.00"
2019-11-07,2019110701003580,HIDCL,55,42,500,133.00,"66,500.00"
2019-11-07,2019110701003579,HIDCL,45,42,52,133.00,"6,916.00"
2019-11-07,2019110701003578,HIDCL,25,42,200,133.00,"26,600.00"
2019-11-07,2019110701003577,HIDCL,57,42,50,133.00,"6,650.00"
2019-11-07,2019110701003576,HIDCL,42,42,70,133.00,"9,310.00"
2019-11-07,2019110701003555,HIDCL,42,49,30,133.00,"3,990.00"
2019-11-07,2019110701003794,HPPL,52,48,"1,000",138.00,"138,000.00"
2019-11-07,2019110701004003,HURJA,42,21,10,101.00,"1,010.00"
2019-11-07,2019110701004002,HURJA,45,21,10,102.00,"1,020.00"
2019-11-07,2019110701004033,ILBS,58,39,10,446.00,"4,460.00"
2019-11-07,2019110701003914,ILBS,32,38,10,450.00,"4,500.00"
2019-11-07,2019110701003913,ILBS,32,38,10,450.00,"4,500.00"
2019-11-07,2019110701003912,ILBS,32,32,10,450.00,"4,500.00"
2019-11-07,2019110701003911,ILBS,32,32,10,450.00,"4,500.00"
2019-11-07,2019110701003910,ILBS,32,34,50,450.00,"22,500.00"
2019-11-07,2019110701003783,ILBS,58,7,10,448.00,"4,480.00"
2019-11-07,2019110701003741,ILBS,16,47,60,447.00,"26,820.00"
2019-11-07,2019110701003722,ILBS,42,45,10,445.00,"4,450.00"
2019-11-07,2019110701003909,ILBS,32,34,10,450.00,"4,500.00"
2019-11-07,2019110701003788,ILBS,58,17,50,450.00,"22,500.00"
2019-11-07,2019110701003787,ILBS,58,6,100,450.00,"45,000.00"
2019-11-07,2019110701003786,ILBS,58,34,100,449.00,"44,900.00"
2019-11-07,2019110701003785,ILBS,58,48,50,448.00,"22,400.00"
2019-11-07,2019110701003784,ILBS,58,7,10,448.00,"4,480.00"
2019-11-07,2019110701003979,JFL,6,28,500,192.00,"96,000.00"
2019-11-07,2019110701003900,KBL,44,10,420,178.00,"74,760.00"
2019-11-07,2019110701003899,KBL,8,10,"1,000",179.00,"179,000.00"
2019-11-07,2019110701003898,KBL,16,10,80,179.00,"14,320.00"
2019-11-07,2019110701003897,KBL,8,10,500,179.00,"89,500.00"
2019-11-07,2019110701003845,KBL,48,48,100,179.00,"17,900.00"
2019-11-07,2019110701003826,KBL,58,44,20,180.00,"3,600.00"
2019-11-07,2019110701003677,KBL,48,44,149,179.00,"26,671.00"
2019-11-07,2019110701003676,KBL,6,44,"1,000",179.00,"179,000.00"
2019-11-07,2019110701003675,KBL,47,44,100,179.00,"17,900.00"
2019-11-07,2019110701003674,KBL,16,44,"1,251",179.00,"223,929.00"
2019-11-07,2019110701003600,KBL,16,42,383,179.00,"68,557.00"
2019-11-07,2019110701003695,KKHC,42,28,51,54.00,"2,754.00"
2019-11-07,2019110701004013,KSBBL,38,47,13,144.00,"1,872.00"
2019-11-07,2019110701004000,LBL,55,42,238,219.00,"52,122.00"
2019-11-07,2019110701003807,LICN,34,10,10,988.00,"9,880.00"
2019-11-07,2019110701003763,MBL,58,38,165,225.00,"37,125.00"
2019-11-07,2019110701003762,MBL,58,38,240,225.00,"54,000.00"
2019-11-07,2019110701003761,MBL,58,29,60,225.00,"13,500.00"
2019-11-07,2019110701003760,MBL,58,38,250,225.00,"56,250.00"
2019-11-07,2019110701003759,MBL,58,38,285,225.00,"64,125.00"
2019-11-07,2019110701003744,MBL,19,29,20,225.00,"4,500.00"
2019-11-07,2019110701003743,MBL,45,29,100,225.00,"22,500.00"
2019-11-07,2019110701003742,MBL,14,29,20,225.00,"4,500.00"
2019-11-07,2019110701003946,MEGA,55,44,40,186.00,"7,440.00"
2019-11-07,2019110701003929,MEGA,47,44,10,186.00,"1,860.00"
2019-11-07,2019110701003928,MEGA,28,44,17,186.00,"3,162.00"
2019-11-07,2019110701003927,MEGA,59,44,100,186.00,"18,600.00"
2019-11-07,2019110701003638,MEGA,37,45,109,186.00,"20,274.00"
2019-11-07,2019110701003918,MEGA,49,18,100,186.00,"18,600.00"
2019-11-07,2019110701003917,MEGA,51,18,100,186.00,"18,600.00"
2019-11-07,2019110701003916,MEGA,51,18,171,186.00,"31,806.00"
2019-11-07,2019110701003867,MEGA,51,53,829,186.00,"154,194.00"
2019-11-07,2019110701003866,MEGA,37,53,171,186.00,"31,806.00"
2019-11-07,2019110701003926,MEGA,53,44,"1,000",186.00,"186,000.00"
2019-11-07,2019110701003925,MEGA,59,44,100,186.00,"18,600.00"
2019-11-07,2019110701003924,MEGA,59,44,100,186.00,"18,600.00"
2019-11-07,2019110701003923,MEGA,1,44,221,186.00,"41,106.00"
2019-11-07,2019110701003922,MEGA,21,44,"1,000",186.00,"186,000.00"
2019-11-07,2019110701003919,MEGA,1,18,129,186.00,"23,994.00"
2019-11-07,2019110701003885,MERO,21,17,17,435.00,"7,395.00"
2019-11-07,2019110701003589,MERO,19,50,345,437.00,"150,765.00"
2019-11-07,2019110701003953,MHNL,29,39,200,75.00,"15,000.00"
2019-11-07,2019110701003952,MHNL,40,39,100,75.00,"7,500.00"
2019-11-07,2019110701003951,MHNL,38,39,10,75.00,750.00
2019-11-07,2019110701003950,MHNL,22,39,100,76.00,"7,600.00"
2019-11-07,2019110701003622,MHNL,38,50,30,75.00,"2,250.00"
2019-11-07,2019110701003940,MLBL,46,45,70,184.00,"12,880.00"
2019-11-07,2019110701003939,MLBL,59,45,50,184.00,"9,200.00"
2019-11-07,2019110701003938,MLBL,58,45,30,184.00,"5,520.00"
2019-11-07,2019110701003937,MLBL,40,45,100,184.00,"18,400.00"
2019-11-07,2019110701003593,MLBL,28,11,200,185.00,"37,000.00"
2019-11-07,2019110701003942,MNBBL,13,45,284,317.00,"90,028.00"
2019-11-07,2019110701003941,MNBBL,13,48,130,317.00,"41,210.00"
2019-11-07,2019110701003894,MNBBL,22,48,30,317.00,"9,510.00"
2019-11-07,2019110701003706,MNBBL,50,48,100,317.00,"31,700.00"
2019-11-07,2019110701003840,MNBBLP,28,43,"27,000",184.00,"4,968,000.00"
2019-11-07,2019110701003970,MSMBS,55,39,11,456.00,"5,016.00"
2019-11-07,2019110701003825,NABIL,44,5,76,757.00,"57,532.00"
2019-11-07,2019110701003776,NABIL,28,42,206,756.00,"155,736.00"
2019-11-07,2019110701003758,NABIL,32,42,50,756.00,"37,800.00"
2019-11-07,2019110701003721,NABIL,50,42,100,756.00,"75,600.00"
2019-11-07,2019110701003707,NABIL,5,42,70,756.00,"52,920.00"
2019-11-07,2019110701003655,NABIL,40,42,600,756.00,"453,600.00"
2019-11-07,2019110701003654,NABIL,58,42,90,756.00,"68,040.00"
2019-11-07,2019110701003653,NABIL,41,42,200,756.00,"151,200.00"
2019-11-07,2019110701003652,NABIL,13,42,58,757.00,"43,906.00"
2019-11-07,2019110701003599,NABIL,13,49,40,757.00,"30,280.00"
2019-11-07,2019110701003598,NABIL,22,49,20,757.00,"15,140.00"
2019-11-07,2019110701003554,NABIL,17,42,20,758.00,"15,160.00"
2019-11-07,2019110701004024,NADEP,5,42,30,390.00,"11,700.00"
2019-11-07,2019110701004023,NADEP,5,19,70,390.00,"27,300.00"
2019-11-07,2019110701003963,NADEP,1,39,10,387.00,"3,870.00"
2019-11-07,2019110701003962,NADEP,43,39,10,388.00,"3,880.00"
2019-11-07,2019110701004004,NBB,55,37,15,206.00,"3,090.00"
2019-11-07,2019110701003808,NBB,55,28,50,206.00,"10,300.00"
2019-11-07,2019110701003703,NBB,55,36,652,206.00,"134,312.00"
2019-11-07,2019110701003702,NBB,58,36,840,206.00,"173,040.00"
2019-11-07,2019110701003967,NBL,43,4,10,311.00,"3,110.00"
2019-11-07,2019110701003943,NBL,43,46,29,310.00,"8,990.00"
2019-11-07,2019110701003915,NBL,32,46,"1,756",310.00,"544,360.00"
2019-11-07,2019110701003865,NBL,32,57,744,310.00,"230,640.00"
2019-11-07,2019110701003864,NBL,42,57,250,310.00,"77,500.00"
2019-11-07,2019110701003863,NBL,10,57,506,310.00,"156,860.00"
2019-11-07,2019110701003592,NBL,43,56,396,310.00,"122,760.00"
2019-11-07,2019110701003591,NBL,34,56,200,310.00,"62,000.00"
2019-11-07,2019110701003590,NBL,43,56,410,310.00,"127,100.00"
2019-11-07,2019110701003581,NBL,55,48,30,311.00,"9,330.00"
2019-11-07,2019110701003553,NBL,43,46,590,310.00,"182,900.00"
2019-11-07,2019110701003690,NBL,43,38,604,310.00,"187,240.00"
2019-11-07,2019110701003685,NBL,10,56,"1,000",311.00,"311,000.00"
2019-11-07,2019110701003684,NBL,10,4,"1,000",311.00,"311,000.00"
2019-11-07,2019110701003683,NBL,10,48,970,311.00,"301,670.00"
2019-11-07,2019110701003602,NBL,43,46,396,310.00,"122,760.00"
2019-11-07,2019110701003594,NBL,43,46,604,310.00,"187,240.00"
2019-11-07,2019110701003727,NBL,43,22,800,310.00,"248,000.00"
2019-11-07,2019110701003726,NBL,6,22,100,310.00,"31,000.00"
2019-11-07,2019110701003725,NBL,38,22,100,310.00,"31,000.00"
2019-11-07,2019110701003693,NBL,35,38,100,310.00,"31,000.00"
2019-11-07,2019110701003692,NBL,43,38,"1,000",310.00,"310,000.00"
2019-11-07,2019110701003691,NBL,49,38,400,310.00,"124,000.00"
2019-11-07,2019110701003854,NBL,10,36,"1,594",310.00,"494,140.00"
2019-11-07,2019110701003853,NBL,25,36,100,310.00,"31,000.00"
2019-11-07,2019110701003852,NBL,26,36,100,310.00,"31,000.00"
2019-11-07,2019110701003851,NBL,43,36,160,310.00,"49,600.00"
2019-11-07,2019110701003820,NBL,43,22,40,310.00,"12,400.00"
2019-11-07,2019110701003819,NBL,34,4,100,311.00,"31,100.00"
2019-11-07,2019110701003797,NCCB,48,45,283,204.00,"57,732.00"
2019-11-07,2019110701003796,NCCB,48,48,420,204.00,"85,680.00"
2019-11-07,2019110701004028,NIB,43,21,82,445.00,"36,490.00"
2019-11-07,2019110701004027,NIB,42,21,116,445.00,"51,620.00"
2019-11-07,2019110701003969,NIB,34,17,500,446.00,"223,000.00"
2019-11-07,2019110701003968,NIB,45,17,20,446.00,"8,920.00"
2019-11-07,2019110701003876,NIB,43,45,20,447.00,"8,940.00"
2019-11-07,2019110701003823,NIB,35,45,58,447.00,"25,926.00"
2019-11-07,2019110701003752,NIB,22,46,10,448.00,"4,480.00"
2019-11-07,2019110701003751,NIB,22,44,100,448.00,"44,800.00"
2019-11-07,2019110701003750,NIB,22,38,127,448.00,"56,896.00"
2019-11-07,2019110701004026,NICA,29,37,20,397.00,"7,940.00"
2019-11-07,2019110701003975,NICA,46,28,24,399.00,"9,576.00"
2019-11-07,2019110701003896,NICA,29,44,57,397.00,"22,629.00"
2019-11-07,2019110701003895,NICA,14,44,56,397.00,"22,232.00"
2019-11-07,2019110701003795,NICA,38,28,125,399.00,"49,875.00"
2019-11-07,2019110701003793,NICA,18,28,74,399.00,"29,526.00"
2019-11-07,2019110701003789,NICA,38,28,135,399.00,"53,865.00"
2019-11-07,2019110701003780,NICA,38,28,140,399.00,"55,860.00"
2019-11-07,2019110701003779,NICA,38,28,160,399.00,"63,840.00"
2019-11-07,2019110701003757,NICA,46,28,17,399.00,"6,783.00"
2019-11-07,2019110701003681,NICA,18,42,500,398.00,"199,000.00"
2019-11-07,2019110701003749,NICL,25,11,14,260.00,"3,640.00"
2019-11-07,2019110701003748,NICL,25,1,90,259.00,"23,310.00"
2019-11-07,2019110701003747,NICL,25,51,16,259.00,"4,144.00"
2019-11-07,2019110701003682,NICL,25,19,200,258.00,"51,600.00"
2019-11-07,2019110701003632,NICL,5,13,150,255.00,"38,250.00"
2019-11-07,2019110701003631,NICL,39,13,50,255.00,"12,750.00"
2019-11-07,2019110701003630,NICL,45,13,100,255.00,"25,500.00"
2019-11-07,2019110701003629,NICL,10,13,200,256.00,"51,200.00"
2019-11-07,2019110701004039,NLBBL,46,16,90,502.00,"45,180.00"
2019-11-07,2019110701004038,NLBBL,25,16,10,509.00,"5,090.00"
2019-11-07,2019110701003746,NLBBL,46,17,71,502.00,"35,642.00"
2019-11-07,2019110701003704,NLG,25,49,10,547.00,"5,470.00"
2019-11-07,2019110701003562,NLG,7,14,100,537.00,"53,700.00"
2019-11-07,2019110701003930,NLIC,29,17,88,785.00,"69,080.00"
2019-11-07,2019110701003805,NLIC,51,55,10,788.00,"7,880.00"
2019-11-07,2019110701003623,NLIC,45,55,12,788.00,"9,456.00"
2019-11-07,2019110701003620,NLIC,57,40,44,786.00,"34,584.00"
2019-11-07,2019110701003561,NLIC,57,42,20,786.00,"15,720.00"
2019-11-07,2019110701003560,NLIC,39,42,100,786.00,"78,600.00"
2019-11-07,2019110701003559,NLIC,5,42,500,786.00,"393,000.00"
2019-11-07,2019110701003558,NLIC,8,42,330,786.00,"259,380.00"
2019-11-07,2019110701003557,NLIC,51,42,50,787.00,"39,350.00"
2019-11-07,2019110701003998,NMB,51,14,400,347.00,"138,800.00"
2019-11-07,2019110701003997,NMB,40,25,524,348.00,"182,352.00"
2019-11-07,2019110701003996,NMB,40,20,78,348.00,"27,144.00"
2019-11-07,2019110701003995,NMB,40,58,975,348.00,"339,300.00"
2019-11-07,2019110701003994,NMB,40,26,"2,000",348.00,"696,000.00"
2019-11-07,2019110701003991,NMB,41,20,72,348.00,"25,056.00"
2019-11-07,2019110701003697,NMB,52,41,984,347.00,"341,448.00"
2019-11-07,2019110701003696,NMB,52,43,96,347.00,"33,312.00"
2019-11-07,2019110701003641,NMB,49,35,"1,100",346.00,"380,600.00"
2019-11-07,2019110701003572,NMB,14,1,160,346.00,"55,360.00"
2019-11-07,2019110701003571,NMB,14,20,844,346.00,"292,024.00"
2019-11-07,2019110701003713,NMB,49,29,"1,000",347.00,"347,000.00"
2019-11-07,2019110701003712,NMB,49,59,231,347.00,"80,157.00"
2019-11-07,2019110701003701,NMB,52,59,94,347.00,"32,618.00"
2019-11-07,2019110701003700,NMB,52,32,500,347.00,"173,500.00"
2019-11-07,2019110701003699,NMB,52,47,226,347.00,"78,422.00"
2019-11-07,2019110701003698,NMB,52,7,100,347.00,"34,700.00"
2019-11-07,2019110701003730,NMB,44,16,500,347.00,"173,500.00"
2019-11-07,2019110701003723,NMB,44,16,200,347.00,"69,400.00"
2019-11-07,2019110701003717,NMB,49,14,63,347.00,"21,861.00"
2019-11-07,2019110701003716,NMB,49,32,31,347.00,"10,757.00"
2019-11-07,2019110701003715,NMB,49,38,200,347.00,"69,400.00"
2019-11-07,2019110701003714,NMB,49,38,"1,500",347.00,"520,500.00"
2019-11-07,2019110701003870,NMB,49,54,650,348.00,"226,200.00"
2019-11-07,2019110701003869,NMB,18,54,350,348.00,"121,800.00"
2019-11-07,2019110701003868,NMB,18,43,350,348.00,"121,800.00"
2019-11-07,2019110701003858,NMB,49,43,150,348.00,"52,200.00"
2019-11-07,2019110701003753,NMB,51,16,200,347.00,"69,400.00"
2019-11-07,2019110701003740,NMB,44,16,200,347.00,"69,400.00"
2019-11-07,2019110701003880,NMB,25,22,170,348.00,"59,160.00"
2019-11-07,2019110701003879,NMB,25,14,101,348.00,"35,148.00"
2019-11-07,2019110701003878,NMB,25,52,176,348.00,"61,248.00"
2019-11-07,2019110701003877,NMB,57,52,"1,000",348.00,"348,000.00"
2019-11-07,2019110701003872,NMB,49,52,224,348.00,"77,952.00"
2019-11-07,2019110701003871,NMB,49,52,126,348.00,"43,848.00"
2019-11-07,2019110701003957,NMB,36,47,50,348.00,"17,400.00"
2019-11-07,2019110701003956,NMB,36,46,147,348.00,"51,156.00"
2019-11-07,2019110701003955,NMB,36,1,250,348.00,"87,000.00"
2019-11-07,2019110701003935,NMB,41,46,50,348.00,"17,400.00"
2019-11-07,2019110701003883,NMB,25,46,100,348.00,"34,800.00"
2019-11-07,2019110701003881,NMB,25,46,53,348.00,"18,444.00"
2019-11-07,2019110701003990,NMB,41,45,28,348.00,"9,744.00"
2019-11-07,2019110701003964,NMB,51,37,150,347.00,"52,050.00"
2019-11-07,2019110701003961,NMB,34,45,17,348.00,"5,916.00"
2019-11-07,2019110701003960,NMB,34,47,83,348.00,"28,884.00"
2019-11-07,2019110701003959,NMB,36,47,453,348.00,"157,644.00"
2019-11-07,2019110701003958,NMB,36,35,100,348.00,"34,800.00"
2019-11-07,2019110701004035,NNLB,1,38,35,456.00,"15,960.00"
2019-11-07,2019110701003575,NUBL,6,28,990,865.00,"856,350.00"
2019-11-07,2019110701003574,NUBL,56,28,25,865.00,"21,625.00"
2019-11-07,2019110701003573,NUBL,19,28,10,870.00,"8,700.00"
2019-11-07,2019110701004034,PCBL,43,37,30,261.00,"7,830.00"
2019-11-07,2019110701003981,PCBL,43,52,200,261.00,"52,200.00"
2019-11-07,2019110701003945,PCBL,43,18,44,261.00,"11,484.00"
2019-11-07,2019110701003944,PCBL,34,18,156,261.00,"40,716.00"
2019-11-07,2019110701003628,PCBL,34,42,44,261.00,"11,484.00"
2019-11-07,2019110701003627,PCBL,3,42,368,261.00,"96,048.00"
2019-11-07,2019110701003626,PCBL,5,42,100,261.00,"26,100.00"
2019-11-07,2019110701003625,PCBL,13,42,488,261.00,"127,368.00"
2019-11-07,2019110701003651,PFL,7,49,13,133.00,"1,729.00"
2019-11-07,2019110701003582,PFL,7,49,13,133.00,"1,729.00"
2019-11-07,2019110701004037,PIC,53,37,10,360.00,"3,600.00"
2019-11-07,2019110701004012,PIC,53,21,20,360.00,"7,200.00"
2019-11-07,2019110701003687,PIC,39,17,11,361.00,"3,971.00"
2019-11-07,2019110701003680,PIC,34,17,30,363.00,"10,890.00"
2019-11-07,2019110701003792,PMHPL,52,42,10,86.00,860.00
2019-11-07,2019110701003791,PMHPL,52,42,10,86.00,860.00
2019-11-07,2019110701003549,PMHPL,49,50,10,85.00,850.00
2019-11-07,2019110701003822,PPCL,39,44,20,94.00,"1,880.00"
2019-11-07,2019110701003821,PPCL,39,49,20,94.00,"1,880.00"
2019-11-07,2019110701003689,PPCL,22,49,10,94.00,940.00
2019-11-07,2019110701003667,PPCL,22,25,10,94.00,940.00
2019-11-07,2019110701003666,PPCL,22,49,30,93.00,"2,790.00"
2019-11-07,2019110701003665,PPCL,22,49,30,93.00,"2,790.00"
2019-11-07,2019110701003664,PPCL,22,22,10,93.00,930.00
2019-11-07,2019110701003663,PPCL,22,57,10,93.00,930.00
2019-11-07,2019110701004007,PRIN,26,41,100,311.00,"31,100.00"
2019-11-07,2019110701003931,PRVU,38,34,100,265.00,"26,500.00"
2019-11-07,2019110701003884,PRVU,28,34,12,265.00,"3,180.00"
2019-11-07,2019110701003860,PRVU,19,34,150,265.00,"39,750.00"
2019-11-07,2019110701003850,PRVU,58,34,200,265.00,"53,000.00"
2019-11-07,2019110701003839,PRVU,19,34,100,265.00,"26,500.00"
2019-11-07,2019110701003810,PRVU,51,34,500,265.00,"132,500.00"
2019-11-07,2019110701003772,PRVU,45,34,218,265.00,"57,770.00"
2019-11-07,2019110701003633,PRVU,56,40,16,264.00,"4,224.00"
2019-11-07,2019110701004032,RHPC,47,34,108,73.00,"7,884.00"
2019-11-07,2019110701003645,RHPC,47,45,13,74.00,962.00
2019-11-07,2019110701004029,RHPL,41,21,40,169.00,"6,760.00"
2019-11-07,2019110701004025,RHPL,41,39,40,169.00,"6,760.00"
2019-11-07,2019110701003949,RHPL,54,39,40,169.00,"6,760.00"
2019-11-07,2019110701003862,RHPL,54,55,10,169.00,"1,690.00"
2019-11-07,2019110701003847,RHPL,26,26,10,170.00,"1,700.00"
2019-11-07,2019110701003846,RHPL,26,1,30,170.00,"5,100.00"
2019-11-07,2019110701003800,RHPL,59,25,10,170.00,"1,700.00"
2019-11-07,2019110701003607,RHPL,54,21,20,169.00,"3,380.00"
2019-11-07,2019110701003838,RHPL,54,25,40,169.00,"6,760.00"
2019-11-07,2019110701003824,RHPL,54,25,40,169.00,"6,760.00"
2019-11-07,2019110701003804,RHPL,59,58,400,170.00,"68,000.00"
2019-11-07,2019110701003803,RHPL,59,44,500,170.00,"85,000.00"
2019-11-07,2019110701003802,RHPL,59,42,40,170.00,"6,800.00"
2019-11-07,2019110701003801,RHPL,59,45,30,170.00,"5,100.00"
2019-11-07,2019110701003875,RRHP,22,55,10,104.00,"1,040.00"
2019-11-07,2019110701003610,RRHP,22,58,10,104.00,"1,040.00"
2019-11-07,2019110701003608,RRHP,22,28,10,103.00,"1,030.00"
2019-11-07,2019110701003596,RRHP,22,45,10,101.00,"1,010.00"
2019-11-07,2019110701003595,RRHP,22,49,10,101.00,"1,010.00"
2019-11-07,2019110701003659,RSDC,43,41,43,319.00,"13,717.00"
2019-11-07,2019110701003980,SABSL,37,39,10,453.00,"4,530.00"
2019-11-07,2019110701003843,SABSL,37,49,10,453.00,"4,530.00"
2019-11-07,2019110701003686,SABSL,37,44,10,453.00,"4,530.00"
2019-11-07,2019110701003611,SABSL,37,16,10,453.00,"4,530.00"
2019-11-07,2019110701003985,SADBL,13,36,500,137.00,"68,500.00"
2019-11-07,2019110701003719,SADBL,16,36,100,137.00,"13,700.00"
2019-11-07,2019110701003718,SADBL,58,36,192,137.00,"26,304.00"
2019-11-07,2019110701003992,SAPDBL,44,17,11,121.00,"1,331.00"
2019-11-07,2019110701003673,SAPDBL,32,47,492,122.00,"60,024.00"
2019-11-07,2019110701003672,SAPDBL,32,38,202,122.00,"24,644.00"
2019-11-07,2019110701003739,SBL,48,51,200,288.00,"57,600.00"
2019-11-07,2019110701003738,SBL,37,51,10,288.00,"2,880.00"
2019-11-07,2019110701003737,SBL,17,51,20,288.00,"5,760.00"
2019-11-07,2019110701003736,SBL,32,51,100,288.00,"28,800.00"
2019-11-07,2019110701004005,SCB,6,13,20,557.00,"11,140.00"
2019-11-07,2019110701003841,SCB,17,45,13,558.00,"7,254.00"
2019-11-07,2019110701003660,SCB,17,48,50,558.00,"27,900.00"
2019-11-07,2019110701003605,SCB,6,40,38,557.00,"21,166.00"
2019-11-07,2019110701004036,SHIVM,34,21,100,481.00,"48,100.00"
2019-11-07,2019110701003908,SHIVM,19,58,100,484.00,"48,400.00"
2019-11-07,2019110701003901,SHIVM,25,58,20,484.00,"9,680.00"
2019-11-07,2019110701004001,SHL,34,42,110,204.00,"22,440.00"
2019-11-07,2019110701004011,SHPC,55,28,124,187.00,"23,188.00"
2019-11-07,2019110701004010,SHPC,54,28,100,187.00,"18,700.00"
2019-11-07,2019110701004009,SHPC,46,28,576,187.00,"107,712.00"
2019-11-07,2019110701004008,SHPC,52,28,200,188.00,"37,600.00"
2019-11-07,2019110701003614,SHPC,46,8,224,187.00,"41,888.00"
2019-11-07,2019110701003613,SHPC,35,8,500,187.00,"93,500.00"
2019-11-07,2019110701003612,SHPC,41,8,176,187.00,"32,912.00"
2019-11-07,2019110701003830,SIFC,28,36,172,150.00,"25,800.00"
2019-11-07,2019110701003829,SIFC,6,36,300,151.00,"45,300.00"
2019-11-07,2019110701003828,SIFC,43,36,400,151.00,"60,400.00"
2019-11-07,2019110701003827,SIFC,28,36,389,151.00,"58,739.00"
2019-11-07,2019110701004006,SJCL,38,39,20,165.00,"3,300.00"
2019-11-07,2019110701003932,SJCL,38,39,20,165.00,"3,300.00"
2019-11-07,2019110701003563,SJCL,43,1,20,167.00,"3,340.00"
2019-11-07,2019110701003550,SJCL,38,21,10,165.00,"1,650.00"
2019-11-07,2019110701003569,SJCL,43,42,20,167.00,"3,340.00"
2019-11-07,2019110701003568,SJCL,43,45,10,167.00,"1,670.00"
2019-11-07,2019110701003567,SJCL,43,25,10,167.00,"1,670.00"
2019-11-07,2019110701003566,SJCL,43,50,40,167.00,"6,680.00"
2019-11-07,2019110701003565,SJCL,43,39,20,167.00,"3,340.00"
2019-11-07,2019110701003564,SJCL,43,39,10,167.00,"1,670.00"
2019-11-07,2019110701003857,SJCL,26,38,20,166.00,"3,320.00"
2019-11-07,2019110701003842,SJCL,38,25,10,165.00,"1,650.00"
2019-11-07,2019110701003811,SJCL,38,25,20,165.00,"3,300.00"
2019-11-07,2019110701003617,SJCL,38,21,10,165.00,"1,650.00"
2019-11-07,2019110701003570,SJCL,43,52,370,167.00,"61,790.00"
2019-11-07,2019110701003882,SJCL,38,55,10,165.00,"1,650.00"
2019-11-07,2019110701003634,SKBBL,22,57,353,940.00,"331,820.00"
2019-11-07,2019110701003755,SLBBL,37,1,24,573.00,"13,752.00"
2019-11-07,2019110701003983,SLBBL,37,33,20,573.00,"11,460.00"
2019-11-07,2019110701003893,SLBSL,21,55,10,720.00,"7,200.00"
2019-11-07,2019110701003874,SLBSL,21,52,80,720.00,"57,600.00"
2019-11-07,2019110701003873,SLBSL,1,52,20,721.00,"14,420.00"
2019-11-07,2019110701003988,SLICL,32,17,246,257.00,"63,222.00"
2019-11-07,2019110701003987,SLICL,32,17,124,257.00,"31,868.00"
2019-11-07,2019110701003986,SLICL,17,17,30,259.00,"7,770.00"
2019-11-07,2019110701003678,SMFBS,51,59,10,780.00,"7,800.00"
2019-11-07,2019110701003781,SPARS,49,16,10,520.00,"5,200.00"
2019-11-07,2019110701003642,SPARS,35,16,10,525.00,"5,250.00"
2019-11-07,2019110701003773,SRBL,32,41,103,205.00,"21,115.00"
2019-11-07,2019110701003644,SRBL,32,34,"1,000",206.00,"206,000.00"
2019-11-07,2019110701003643,SRBL,32,50,50,206.00,"10,300.00"
2019-11-07,2019110701003977,SWBBL,39,34,50,925.00,"46,250.00"
2019-11-07,2019110701003720,SWBBL,39,14,140,924.00,"129,360.00"
2019-11-07,2019110701003656,SWBBL,19,44,100,932.00,"93,200.00"
2019-11-07,2019110701003650,SWBBL,39,35,105,931.00,"97,755.00"
2019-11-07,2019110701003649,SWBBL,39,42,25,930.00,"23,250.00"
2019-11-07,2019110701003668,TMDBL,29,10,112,147.00,"16,464.00"
2019-11-07,2019110701003671,TMDBL,29,57,100,148.00,"14,800.00"
2019-11-07,2019110701003670,TMDBL,29,32,100,148.00,"14,800.00"
2019-11-07,2019110701003669,TMDBL,29,47,190,148.00,"28,120.00"
2019-11-07,2019110701003588,UMHL,17,57,14,100.00,"1,400.00"
2019-11-07,2019110701003587,UMHL,17,57,23,100.00,"2,300.00"
2019-11-07,2019110701003586,UMHL,17,25,23,100.00,"2,300.00"
2019-11-07,2019110701003585,UMHL,17,46,14,100.00,"1,400.00"
2019-11-07,2019110701004045,UPPER,45,3,20,235.00,"4,700.00"
2019-11-07,2019110701004044,UPPER,45,13,50,235.00,"11,750.00"
2019-11-07,2019110701004043,UPPER,45,13,40,235.00,"9,400.00"
2019-11-07,2019110701004042,UPPER,45,13,40,235.00,"9,400.00"
2019-11-07,2019110701004041,UPPER,45,13,50,235.00,"11,750.00"
2019-11-07,2019110701003999,UPPER,43,39,50,234.00,"11,700.00"
2019-11-07,2019110701003735,UPPER,52,3,30,235.00,"7,050.00"
2019-11-07,2019110701003734,UPPER,52,13,50,235.00,"11,750.00"
2019-11-07,2019110701003733,UPPER,52,13,40,235.00,"9,400.00"
2019-11-07,2019110701003732,UPPER,52,13,40,235.00,"9,400.00"
2019-11-07,2019110701003731,UPPER,52,13,40,235.00,"9,400.00"
2019-11-07,2019110701003661,UPPER,32,59,40,234.00,"9,360.00"
2019-11-07,2019110701003848,UPPER,52,47,100,234.00,"23,400.00"
2019-11-07,2019110701003799,UPPER,37,16,12,234.00,"2,808.00"
2019-11-07,2019110701003798,UPPER,32,16,38,234.00,"8,892.00"
2019-11-07,2019110701003774,UPPER,32,16,40,234.00,"9,360.00"
2019-11-07,2019110701003754,UPPER,32,16,50,234.00,"11,700.00"
2019-11-07,2019110701003982,UPPER,43,38,50,234.00,"11,700.00"
2019-11-07,2019110701003920,UPPER,43,39,40,234.00,"9,360.00"
2019-11-07,2019110701003906,UPPER,57,44,23,234.00,"5,382.00"
2019-11-07,2019110701003905,UPPER,59,44,17,234.00,"3,978.00"
2019-11-07,2019110701003849,UPPER,59,47,233,234.00,"54,522.00"
2019-11-07,2019110701003974,VLBS,16,20,10,554.00,"5,540.00"
2019-11-07,2019110701003535,ADBL,52,29,14,414.00,"5,796.00"
2019-11-07,2019110701003465,ADBL,45,45,7,410.00,"2,870.00"
2019-11-07,2019110701003156,ADBL,39,49,"3,745",415.00,"1,554,175.00"
2019-11-07,2019110701003070,ALBSL,21,6,15,387.00,"5,805.00"
2019-11-07,2019110701003069,ALBSL,51,41,10,382.00,"3,820.00"
2019-11-07,2019110701003393,ALICL,36,39,54,315.00,"17,010.00"
2019-11-07,2019110701003333,ALICL,49,7,498,312.00,"155,376.00"
2019-11-07,2019110701003544,API,47,25,100,105.00,"10,500.00"
2019-11-07,2019110701003543,API,34,25,100,105.00,"10,500.00"
2019-11-07,2019110701003542,API,35,25,600,105.00,"63,000.00"
2019-11-07,2019110701003541,API,42,25,"1,000",105.00,"105,000.00"
2019-11-07,2019110701003540,API,29,25,"1,000",105.00,"105,000.00"
2019-11-07,2019110701003539,API,43,25,500,105.00,"52,500.00"
2019-11-07,2019110701003461,API,39,25,82,106.00,"8,692.00"
2019-11-07,2019110701003460,API,42,25,25,107.00,"2,675.00"
2019-11-07,2019110701003338,API,43,41,14,108.00,"1,512.00"
2019-11-07,2019110701003130,API,42,48,25,107.00,"2,675.00"
2019-11-07,2019110701003538,API,58,25,300,105.00,"31,500.00"
2019-11-07,2019110701003537,API,43,25,300,105.00,"31,500.00"
2019-11-07,2019110701003536,API,56,25,100,106.00,"10,600.00"
2019-11-07,2019110701003464,API,11,25,493,106.00,"52,258.00"
2019-11-07,2019110701003463,API,10,25,300,106.00,"31,800.00"
2019-11-07,2019110701003462,API,45,25,100,106.00,"10,600.00"
2019-11-07,2019110701003301,BOKL,43,25,69,226.00,"15,594.00"
2019-11-07,2019110701003300,BOKL,43,6,90,226.00,"20,340.00"
2019-11-07,2019110701003299,BOKL,43,46,241,226.00,"54,466.00"
2019-11-07,2019110701003298,BOKL,43,26,100,226.00,"22,600.00"
2019-11-07,2019110701003209,BOKL,28,17,13,225.00,"2,925.00"
2019-11-07,2019110701003158,BOKL,28,44,58,225.00,"13,050.00"
2019-11-07,2019110701003508,BPCL,39,42,957,360.00,"344,520.00"
2019-11-07,2019110701003507,BPCL,3,42,50,360.00,"18,000.00"
2019-11-07,2019110701003506,BPCL,1,42,500,361.00,"180,500.00"
2019-11-07,2019110701003505,BPCL,38,42,100,361.00,"36,100.00"
2019-11-07,2019110701003504,BPCL,1,42,100,361.00,"36,100.00"
2019-11-07,2019110701003503,BPCL,26,42,50,361.00,"18,050.00"
2019-11-07,2019110701003164,BPCL,57,56,40,362.00,"14,480.00"
2019-11-07,2019110701003132,BPCL,57,49,11,362.00,"3,982.00"
2019-11-07,2019110701003075,BPCL,57,49,11,362.00,"3,982.00"
2019-11-07,2019110701003502,BPCL,45,42,27,362.00,"9,774.00"
2019-11-07,2019110701003501,BPCL,5,42,100,362.00,"36,200.00"
2019-11-07,2019110701003500,BPCL,57,42,116,362.00,"41,992.00"
2019-11-07,2019110701003477,BPCL,57,49,11,362.00,"3,982.00"
2019-11-07,2019110701003408,BPCL,57,49,11,362.00,"3,982.00"
2019-11-07,2019110701003267,BPCL,57,7,100,362.00,"36,200.00"
2019-11-07,2019110701003392,CBL,17,32,16,140.00,"2,240.00"
2019-11-07,2019110701003343,CBL,17,22,496,140.00,"69,440.00"
2019-11-07,2019110701003319,CBL,17,48,54,140.00,"7,560.00"
2019-11-07,2019110701003271,CBL,45,34,65,141.00,"9,165.00"
2019-11-07,2019110701003112,CBL,17,49,900,140.00,"126,000.00"
2019-11-07,2019110701003111,CBL,59,49,700,140.00,"98,000.00"
2019-11-07,2019110701003110,CBL,37,49,500,140.00,"70,000.00"
2019-11-07,2019110701003109,CBL,39,49,200,140.00,"28,000.00"
2019-11-07,2019110701003108,CBL,59,49,200,140.00,"28,000.00"
2019-11-07,2019110701003055,CBL,5,34,170,141.00,"23,970.00"
2019-11-07,2019110701003511,CCBL,45,42,456,156.00,"71,136.00"
2019-11-07,2019110701003510,CCBL,45,42,500,156.00,"78,000.00"
2019-11-07,2019110701003509,CCBL,52,42,344,156.00,"53,664.00"
2019-11-07,2019110701003399,CCBL,52,28,156,156.00,"24,336.00"
2019-11-07,2019110701003398,CCBL,45,28,344,156.00,"53,664.00"
2019-11-07,2019110701003387,CCBL,44,14,50,157.00,"7,850.00"
2019-11-07,2019110701003482,CFCL,35,49,25,108.00,"2,700.00"
2019-11-07,2019110701003493,CHCL,22,42,640,443.00,"283,520.00"
2019-11-07,2019110701003492,CHCL,49,42,50,444.00,"22,200.00"
2019-11-07,2019110701003491,CHCL,43,42,500,444.00,"222,000.00"
2019-11-07,2019110701003490,CHCL,55,42,30,445.00,"13,350.00"
2019-11-07,2019110701003425,CHCL,55,34,20,445.00,"8,900.00"
2019-11-07,2019110701003424,CHCL,35,34,20,445.00,"8,900.00"
2019-11-07,2019110701003423,CHCL,21,34,10,446.00,"4,460.00"
2019-11-07,2019110701003291,CHCL,19,42,31,445.00,"13,795.00"
2019-11-07,2019110701003193,CHCL,19,6,69,445.00,"30,705.00"
2019-11-07,2019110701003128,CHCL,42,6,20,445.00,"8,900.00"
2019-11-07,2019110701003155,CHL,58,57,10,79.00,790.00
2019-11-07,2019110701003526,CZBIL,18,42,740,188.00,"139,120.00"
2019-11-07,2019110701003525,CZBIL,42,42,160,188.00,"30,080.00"
2019-11-07,2019110701003524,CZBIL,6,42,579,188.00,"108,852.00"
2019-11-07,2019110701003523,CZBIL,22,42,500,189.00,"94,500.00"
2019-11-07,2019110701003522,CZBIL,22,42,100,189.00,"18,900.00"
2019-11-07,2019110701003521,CZBIL,22,42,34,189.00,"6,426.00"
2019-11-07,2019110701003469,CZBIL,22,29,100,189.00,"18,900.00"
2019-11-07,2019110701003409,CZBIL,22,49,10,189.00,"1,890.00"
2019-11-07,2019110701003167,CZBIL,22,48,356,189.00,"67,284.00"
2019-11-07,2019110701003166,CZBIL,8,48,687,189.00,"129,843.00"
2019-11-07,2019110701003140,CZBIL,8,49,10,189.00,"1,890.00"
2019-11-07,2019110701003104,CZBIL,29,34,650,190.00,"123,500.00"
2019-11-07,2019110701003489,DBBL,21,49,10,123.00,"1,230.00"
2019-11-07,2019110701003488,DBBL,33,57,22,124.00,"2,728.00"
2019-11-07,2019110701003194,DBBL,51,57,50,124.00,"6,200.00"
2019-11-07,2019110701003468,EBL,58,28,20,561.00,"11,220.00"
2019-11-07,2019110701003334,EBL,43,57,144,560.00,"80,640.00"
2019-11-07,2019110701003226,EBL,58,57,309,560.00,"173,040.00"
2019-11-07,2019110701003201,EBL,4,28,200,561.00,"112,200.00"
2019-11-07,2019110701003190,EBL,58,1,700,560.00,"392,000.00"
2019-11-07,2019110701003096,EIC,42,38,50,221.00,"11,050.00"
2019-11-07,2019110701003095,EIC,42,59,26,221.00,"5,746.00"
2019-11-07,2019110701003256,FMDBL,55,14,15,308.00,"4,620.00"
2019-11-07,2019110701003249,FMDBL,41,14,125,308.00,"38,500.00"
2019-11-07,2019110701003418,GBBL,32,50,520,221.00,"114,920.00"
2019-11-07,2019110701003357,GBBL,32,43,80,221.00,"17,680.00"
2019-11-07,2019110701003341,GBBL,36,4,100,222.00,"22,200.00"
2019-11-07,2019110701003294,GBBL,32,34,330,221.00,"72,930.00"
2019-11-07,2019110701003293,GBBL,55,34,620,221.00,"137,020.00"
2019-11-07,2019110701003283,GBBL,55,34,380,221.00,"83,980.00"
2019-11-07,2019110701003052,GBBL,17,4,50,222.00,"11,100.00"
2019-11-07,2019110701003282,GBBL,48,34,120,221.00,"26,520.00"
2019-11-07,2019110701003281,GBBL,19,34,200,221.00,"44,200.00"
2019-11-07,2019110701003280,GBBL,56,34,100,221.00,"22,100.00"
2019-11-07,2019110701003279,GBBL,35,34,700,221.00,"154,700.00"
2019-11-07,2019110701003237,GBBL,51,4,900,222.00,"199,800.00"
2019-11-07,2019110701003183,GBBL,35,14,200,221.00,"44,200.00"
2019-11-07,2019110701003345,GBLBS,58,6,100,306.00,"30,600.00"
2019-11-07,2019110701003230,GBLBS,58,17,75,306.00,"22,950.00"
2019-11-07,2019110701003102,GILB,26,57,26,850.00,"22,100.00"
2019-11-07,2019110701003101,GILB,43,57,100,850.00,"85,000.00"
2019-11-07,2019110701003100,GILB,22,57,20,850.00,"17,000.00"
2019-11-07,2019110701003099,GILB,45,57,20,855.00,"17,100.00"
2019-11-07,2019110701003098,GILB,14,57,91,855.00,"77,805.00"
2019-11-07,2019110701003480,GIMES1,32,19,"5,000",7.85,"39,250.00"
2019-11-07,2019110701003479,GIMES1,25,19,"1,000",7.86,"7,860.00"
2019-11-07,2019110701003290,GLBSL,7,25,10,422.00,"4,220.00"
2019-11-07,2019110701003089,GLBSL,7,20,10,422.00,"4,220.00"
2019-11-07,2019110701003485,GLICL,54,14,109,360.00,"39,240.00"
2019-11-07,2019110701003484,GLICL,41,14,141,360.00,"50,760.00"
2019-11-07,2019110701003483,GLICL,16,14,50,361.00,"18,050.00"
2019-11-07,2019110701003329,GLICL,41,6,46,360.00,"16,560.00"
2019-11-07,2019110701003325,GLICL,41,6,13,360.00,"4,680.00"
2019-11-07,2019110701003324,GLICL,56,6,30,360.00,"10,800.00"
2019-11-07,2019110701003323,GLICL,34,6,19,360.00,"6,840.00"
2019-11-07,2019110701003232,GLICL,34,14,161,360.00,"57,960.00"
2019-11-07,2019110701003231,GLICL,33,14,19,361.00,"6,859.00"
