Date,Transact. No.,Symbol,Buyer,Seller,Quantity,Rate,Amount
2019-10-02,2019100201002684,ADBL,35,39,18,411.00,"7,398.00"
2019-10-02,2019100201002683,ADBL,3,39,100,411.00,"41,100.00"
2019-10-02,2019100201002682,ADBL,49,39,200,411.00,"82,200.00"
2019-10-02,2019100201002681,ADBL,59,39,240,411.00,"98,640.00"
2019-10-02,2019100201002680,ADBL,47,39,100,412.00,"41,200.00"
2019-10-02,2019100201002679,ADBL,14,39,20,412.00,"8,240.00"
2019-10-02,2019100201002672,ADBL,44,39,100,414.00,"41,400.00"
2019-10-02,2019100201002671,ADBL,22,39,150,414.00,"62,100.00"
2019-10-02,2019100201002670,ADBL,34,39,100,414.00,"41,400.00"
2019-10-02,2019100201002669,ADBL,5,39,32,414.00,"13,248.00"
2019-10-02,2019100201002678,ADBL,58,39,30,412.00,"12,360.00"
2019-10-02,2019100201002677,ADBL,59,39,100,412.00,"41,200.00"
2019-10-02,2019100201002676,ADBL,10,39,30,412.00,"12,360.00"
2019-10-02,2019100201002675,ADBL,37,39,390,412.00,"160,680.00"
2019-10-02,2019100201002674,ADBL,22,39,40,413.00,"16,520.00"
2019-10-02,2019100201002673,ADBL,11,39,300,413.00,"123,900.00"
2019-10-02,2019100201002321,AHPC,6,48,100,98.00,"9,800.00"
2019-10-02,2019100201002542,AKJCL,43,35,20,56.00,"1,120.00"
2019-10-02,2019100201002541,AKJCL,43,25,10,56.00,560.00
2019-10-02,2019100201002790,ALBSL,42,6,50,384.00,"19,200.00"
2019-10-02,2019100201002551,ALBSL,45,6,10,385.00,"3,850.00"
2019-10-02,2019100201002486,ALBSL,6,6,30,385.00,"11,550.00"
2019-10-02,2019100201002548,API,25,35,35,114.00,"3,990.00"
2019-10-02,2019100201002547,API,25,16,400,113.00,"45,200.00"
2019-10-02,2019100201002396,API,59,42,"1,000",112.00,"112,000.00"
2019-10-02,2019100201002375,API,45,16,"2,500",113.00,"282,500.00"
2019-10-02,2019100201002348,API,59,26,18,112.00,"2,016.00"
2019-10-02,2019100201002354,BARUN,22,26,10,88.00,880.00
2019-10-02,2019100201002508,BFC,52,17,100,90.00,"9,000.00"
2019-10-02,2019100201002797,BOKL,57,13,774,260.00,"201,240.00"
2019-10-02,2019100201002796,BOKL,13,13,100,260.00,"26,000.00"
2019-10-02,2019100201002795,BOKL,35,13,126,260.00,"32,760.00"
2019-10-02,2019100201002696,BOKL,48,51,303,262.00,"79,386.00"
2019-10-02,2019100201002695,BOKL,48,56,150,262.00,"39,300.00"
2019-10-02,2019100201002694,BOKL,48,52,47,261.00,"12,267.00"
2019-10-02,2019100201002337,BOKL,1,38,500,260.00,"130,000.00"
2019-10-02,2019100201002336,BOKL,1,45,81,260.00,"21,060.00"
2019-10-02,2019100201002347,BOKL,48,40,258,259.00,"66,822.00"
2019-10-02,2019100201002346,BOKL,48,58,172,259.00,"44,548.00"
2019-10-02,2019100201002345,BOKL,35,58,70,259.00,"18,130.00"
2019-10-02,2019100201002344,BOKL,32,58,20,259.00,"5,180.00"
2019-10-02,2019100201002343,BOKL,1,58,238,259.00,"61,642.00"
2019-10-02,2019100201002338,BOKL,1,11,419,260.00,"108,940.00"
2019-10-02,2019100201002456,BOKL,57,11,"1,422",260.00,"369,720.00"
2019-10-02,2019100201002450,BOKL,39,11,629,260.00,"163,540.00"
2019-10-02,2019100201002435,BOKL,38,11,200,260.00,"52,000.00"
2019-10-02,2019100201002433,BOKL,49,11,200,260.00,"52,000.00"
2019-10-02,2019100201002419,BOKL,46,11,100,260.00,"26,000.00"
2019-10-02,2019100201002358,BOKL,41,11,30,260.00,"7,800.00"
2019-10-02,2019100201002501,BOKL,36,6,500,261.00,"130,500.00"
2019-10-02,2019100201002500,BOKL,36,56,55,261.00,"14,355.00"
2019-10-02,2019100201002499,BOKL,36,54,135,261.00,"35,235.00"
2019-10-02,2019100201002459,BOKL,57,7,500,260.00,"130,000.00"
2019-10-02,2019100201002458,BOKL,57,51,57,260.00,"14,820.00"
2019-10-02,2019100201002457,BOKL,57,49,200,260.00,"52,000.00"
2019-10-02,2019100201002520,BOKL,53,26,"1,000",261.00,"261,000.00"
2019-10-02,2019100201002514,BOKL,57,41,477,260.00,"124,020.00"
2019-10-02,2019100201002513,BOKL,39,26,412,261.00,"107,532.00"
2019-10-02,2019100201002512,BOKL,39,43,349,261.00,"91,089.00"
2019-10-02,2019100201002503,BOKL,36,43,10,261.00,"2,610.00"
2019-10-02,2019100201002502,BOKL,36,55,100,261.00,"26,100.00"
2019-10-02,2019100201002615,BOKL,57,18,322,260.00,"83,720.00"
2019-10-02,2019100201002603,BOKL,57,34,200,260.00,"52,000.00"
2019-10-02,2019100201002590,BOKL,57,50,500,260.00,"130,000.00"
2019-10-02,2019100201002589,BOKL,57,41,"1,000",260.00,"260,000.00"
2019-10-02,2019100201002579,BOKL,35,26,20,261.00,"5,220.00"
2019-10-02,2019100201002552,BOKL,57,55,322,260.00,"83,720.00"
2019-10-02,2019100201002639,BOKL,34,1,500,261.00,"130,500.00"
2019-10-02,2019100201002638,BOKL,34,13,856,261.00,"223,416.00"
2019-10-02,2019100201002637,BOKL,34,26,558,261.00,"145,638.00"
2019-10-02,2019100201002627,BOKL,21,26,10,261.00,"2,610.00"
2019-10-02,2019100201002617,BOKL,35,18,74,260.00,"19,240.00"
2019-10-02,2019100201002616,BOKL,39,18,604,260.00,"157,040.00"
2019-10-02,2019100201002645,BOKL,34,37,238,261.00,"62,118.00"
2019-10-02,2019100201002644,BOKL,34,25,"1,338",261.00,"349,218.00"
2019-10-02,2019100201002643,BOKL,34,6,500,261.00,"130,500.00"
2019-10-02,2019100201002642,BOKL,34,25,50,261.00,"13,050.00"
2019-10-02,2019100201002641,BOKL,34,53,100,261.00,"26,100.00"
2019-10-02,2019100201002640,BOKL,34,17,200,261.00,"52,200.00"
2019-10-02,2019100201002693,BOKL,48,6,"1,050",261.00,"274,050.00"
2019-10-02,2019100201002667,BOKL,1,6,440,261.00,"114,840.00"
2019-10-02,2019100201002666,BOKL,1,53,60,261.00,"15,660.00"
2019-10-02,2019100201002657,BOKL,34,6,10,261.00,"2,610.00"
2019-10-02,2019100201002647,BOKL,34,19,460,261.00,"120,060.00"
2019-10-02,2019100201002646,BOKL,34,37,100,261.00,"26,100.00"
2019-10-02,2019100201002767,BPCL,38,16,442,355.00,"156,910.00"
2019-10-02,2019100201002766,BPCL,58,16,50,355.00,"17,750.00"
2019-10-02,2019100201002765,BPCL,3,16,50,355.00,"17,750.00"
2019-10-02,2019100201002764,BPCL,16,16,100,356.00,"35,600.00"
2019-10-02,2019100201002763,BPCL,25,16,20,357.00,"7,140.00"
2019-10-02,2019100201002762,BPCL,38,16,100,357.00,"35,700.00"
2019-10-02,2019100201002537,BPCL,34,51,59,359.00,"21,181.00"
2019-10-02,2019100201002437,BPCL,34,58,241,359.00,"86,519.00"
2019-10-02,2019100201002436,BPCL,42,58,79,359.00,"28,361.00"
2019-10-02,2019100201002761,BPCL,35,16,20,357.00,"7,140.00"
2019-10-02,2019100201002760,BPCL,41,16,159,357.00,"56,763.00"
2019-10-02,2019100201002759,BPCL,57,16,100,358.00,"35,800.00"
2019-10-02,2019100201002704,BPCL,33,16,10,360.00,"3,600.00"
2019-10-02,2019100201002539,BPCL,41,51,41,357.00,"14,637.00"
2019-10-02,2019100201002538,BPCL,46,51,200,358.00,"71,600.00"
2019-10-02,2019100201002342,CBBL,48,49,10,972.00,"9,720.00"
2019-10-02,2019100201002341,CBBL,6,49,70,972.00,"68,040.00"
2019-10-02,2019100201002614,CBL,8,34,38,144.00,"5,472.00"
2019-10-02,2019100201002613,CBL,8,57,461,144.00,"66,384.00"
2019-10-02,2019100201002612,CBL,8,28,500,144.00,"72,000.00"
2019-10-02,2019100201002611,CBL,8,17,"2,001",144.00,"288,144.00"
2019-10-02,2019100201002525,CBL,52,17,20,144.00,"2,880.00"
2019-10-02,2019100201002434,CBL,29,7,33,143.00,"4,719.00"
2019-10-02,2019100201002315,CBL,29,56,"1,000",143.00,"143,000.00"
2019-10-02,2019100201002662,CCBL,5,34,200,154.00,"30,800.00"
2019-10-02,2019100201002661,CCBL,57,34,200,154.00,"30,800.00"
2019-10-02,2019100201002556,CCBL,21,57,310,155.00,"48,050.00"
2019-10-02,2019100201002555,CCBL,21,22,50,154.00,"7,700.00"
2019-10-02,2019100201002357,CCBL,37,26,122,153.00,"18,666.00"
2019-10-02,2019100201002359,CIT,47,26,20,"1,791.00","35,820.00"
2019-10-02,2019100201002432,CLBSL,48,42,18,466.00,"8,388.00"
2019-10-02,2019100201002431,CLBSL,48,42,50,467.00,"23,350.00"
2019-10-02,2019100201002430,CLBSL,7,42,22,467.00,"10,274.00"
2019-10-02,2019100201002775,CZBIL,6,25,130,196.00,"25,480.00"
2019-10-02,2019100201002769,CZBIL,6,1,200,195.00,"39,000.00"
2019-10-02,2019100201002768,CZBIL,6,50,170,195.00,"33,150.00"
2019-10-02,2019100201002559,CZBIL,43,6,30,194.00,"5,820.00"
2019-10-02,2019100201002531,CZBIL,42,50,100,195.00,"19,500.00"
2019-10-02,2019100201002380,CZBIL,42,50,90,195.00,"17,550.00"
2019-10-02,2019100201002330,CZBIL,13,50,440,195.00,"85,800.00"
2019-10-02,2019100201002367,DBBL,26,26,49,126.00,"6,174.00"
2019-10-02,2019100201002740,DDBL,34,43,10,724.00,"7,240.00"
2019-10-02,2019100201002698,DDBL,49,28,"3,000",715.00,"2,145,000.00"
2019-10-02,2019100201002697,DDBL,49,28,21,715.00,"15,015.00"
2019-10-02,2019100201002687,DDBL,49,37,100,715.00,"71,500.00"
2019-10-02,2019100201002655,DDBL,49,28,729,715.00,"521,235.00"
2019-10-02,2019100201002774,EBL,56,44,390,572.00,"223,080.00"
2019-10-02,2019100201002398,EBL,56,44,360,572.00,"205,920.00"
2019-10-02,2019100201002608,FMDBL,42,57,150,315.00,"47,250.00"
2019-10-02,2019100201002364,FMDBL,52,52,500,315.00,"157,500.00"
2019-10-02,2019100201002363,FMDBL,55,52,200,315.00,"63,000.00"
2019-10-02,2019100201002362,FMDBL,36,52,100,315.00,"31,500.00"
2019-10-02,2019100201002361,FMDBL,21,52,200,316.00,"63,200.00"
2019-10-02,2019100201002692,FOWAD,29,43,50,"1,271.00","63,550.00"
2019-10-02,2019100201002714,GBLBS,14,37,300,319.00,"95,700.00"
2019-10-02,2019100201002593,GFCL,26,14,80,131.00,"10,480.00"
2019-10-02,2019100201002592,GFCL,13,14,100,132.00,"13,200.00"
2019-10-02,2019100201002789,GLICL,5,22,66,365.00,"24,090.00"
2019-10-02,2019100201002526,GLICL,5,39,47,365.00,"17,155.00"
2019-10-02,2019100201002423,GLICL,5,39,78,365.00,"28,470.00"
2019-10-02,2019100201002422,GLICL,58,39,425,365.00,"155,125.00"
2019-10-02,2019100201002313,GLICL,58,50,375,365.00,"136,875.00"
2019-10-02,2019100201002312,GLICL,1,50,100,366.00,"36,600.00"
2019-10-02,2019100201002311,GLICL,49,50,100,366.00,"36,600.00"
2019-10-02,2019100201002310,GLICL,42,50,51,366.00,"18,666.00"
2019-10-02,2019100201002418,GMFBS,32,39,15,460.00,"6,900.00"
2019-10-02,2019100201002713,GRDBL,33,6,150,104.00,"15,600.00"
2019-10-02,2019100201002779,GUFL,3,52,20,110.00,"2,200.00"
2019-10-02,2019100201002793,HDL,26,58,50,"1,465.00","73,250.00"
2019-10-02,2019100201002417,HGI,6,16,300,266.00,"79,800.00"
2019-10-02,2019100201002778,HIDCL,32,57,209,135.00,"28,215.00"
2019-10-02,2019100201002716,HIDCL,32,50,200,134.00,"26,800.00"
2019-10-02,2019100201002369,HIDCL,1,26,31,133.00,"4,123.00"
2019-10-02,2019100201002428,HPPL,4,26,10,141.00,"1,410.00"
2019-10-02,2019100201002725,ICFC,44,37,100,158.00,"15,800.00"
2019-10-02,2019100201002650,IGI,45,11,100,294.00,"29,400.00"
2019-10-02,2019100201002649,IGI,48,11,30,294.00,"8,820.00"
2019-10-02,2019100201002648,IGI,14,11,300,295.00,"88,500.00"
2019-10-02,2019100201002587,ILBS,18,17,10,421.00,"4,210.00"
2019-10-02,2019100201002770,JFL,57,32,200,195.00,"39,000.00"
2019-10-02,2019100201002571,JFL,56,32,260,195.00,"50,700.00"
2019-10-02,2019100201002328,JSLBB,40,45,10,974.00,"9,740.00"
2019-10-02,2019100201002723,KBL,10,22,25,179.00,"4,475.00"
2019-10-02,2019100201002445,KBL,10,36,703,179.00,"125,837.00"
2019-10-02,2019100201002444,KBL,32,36,297,179.00,"53,163.00"
2019-10-02,2019100201002533,KPCL,19,59,460,76.00,"34,960.00"
2019-10-02,2019100201002532,KPCL,52,59,40,77.00,"3,080.00"
2019-10-02,2019100201002420,KPCL,52,35,10,77.00,770.00
2019-10-02,2019100201002484,LBBL,14,32,280,173.00,"48,440.00"
2019-10-02,2019100201002401,LBBL,14,42,500,173.00,"86,500.00"
2019-10-02,2019100201002460,LBL,14,39,100,213.00,"21,300.00"
2019-10-02,2019100201002408,LBL,14,37,100,213.00,"21,300.00"
2019-10-02,2019100201002757,LGIL,29,37,282,346.00,"97,572.00"
2019-10-02,2019100201002756,LGIL,35,37,78,346.00,"26,988.00"
2019-10-02,2019100201002588,LICN,19,22,10,998.00,"9,980.00"
2019-10-02,2019100201002443,LLBS,6,33,90,650.00,"58,500.00"
2019-10-02,2019100201002442,LLBS,14,33,20,651.00,"13,020.00"
2019-10-02,2019100201002308,LLBS,6,45,10,650.00,"6,500.00"
2019-10-02,2019100201002368,MBL,33,47,101,224.00,"22,624.00"
2019-10-02,2019100201002581,MDB,42,47,100,245.00,"24,500.00"
2019-10-02,2019100201002735,MEGA,28,57,710,194.00,"137,740.00"
2019-10-02,2019100201002734,MEGA,28,49,100,194.00,"19,400.00"
2019-10-02,2019100201002733,MEGA,28,34,590,194.00,"114,460.00"
2019-10-02,2019100201002507,MEGA,43,45,10,194.00,"1,940.00"
2019-10-02,2019100201002407,MEGA,49,26,69,193.00,"13,317.00"
2019-10-02,2019100201002625,MEGA,49,25,200,193.00,"38,600.00"
2019-10-02,2019100201002700,MEGA,49,36,200,193.00,"38,600.00"
2019-10-02,2019100201002691,MEGA,43,34,10,194.00,"1,940.00"
2019-10-02,2019100201002689,MEGA,32,52,110,194.00,"21,340.00"
2019-10-02,2019100201002688,MEGA,32,45,90,194.00,"17,460.00"
2019-10-02,2019100201002621,MERO,51,35,33,559.00,"18,447.00"
2019-10-02,2019100201002622,MHNL,40,6,30,79.00,"2,370.00"
2019-10-02,2019100201002521,MHNL,43,39,30,80.00,"2,400.00"
2019-10-02,2019100201002472,MHNL,11,59,200,79.00,"15,800.00"
2019-10-02,2019100201002471,MHNL,41,59,100,79.00,"7,900.00"
2019-10-02,2019100201002449,MNBBL,14,28,292,308.00,"89,936.00"
2019-10-02,2019100201002399,MNBBL,14,22,500,308.00,"154,000.00"
2019-10-02,2019100201002381,MNBBL,14,42,25,308.00,"7,700.00"
2019-10-02,2019100201002316,MNBBL,45,28,100,309.00,"30,900.00"
2019-10-02,2019100201002335,NABIL,55,3,30,772.00,"23,160.00"
2019-10-02,2019100201002447,NBB,14,34,400,210.00,"84,000.00"
2019-10-02,2019100201002801,NBL,33,28,16,315.00,"5,040.00"
2019-10-02,2019100201002800,NBL,33,45,244,314.00,"76,616.00"
2019-10-02,2019100201002737,NBL,29,45,50,314.00,"15,700.00"
2019-10-02,2019100201002550,NBL,14,47,400,313.00,"125,200.00"
2019-10-02,2019100201002536,NBL,43,45,150,314.00,"47,100.00"
2019-10-02,2019100201002518,NBL,11,45,500,314.00,"157,000.00"
2019-10-02,2019100201002517,NBL,1,45,300,314.00,"94,200.00"
2019-10-02,2019100201002516,NBL,42,45,10,314.00,"3,140.00"
2019-10-02,2019100201002515,NBL,45,45,100,314.00,"31,400.00"
2019-10-02,2019100201002707,NCCB,40,48,150,198.00,"29,700.00"
2019-10-02,2019100201002706,NCCB,40,55,400,198.00,"79,200.00"
2019-10-02,2019100201002705,NCCB,40,33,138,198.00,"27,324.00"
2019-10-02,2019100201002618,NCCB,16,48,35,197.00,"6,895.00"
2019-10-02,2019100201002454,NCCB,16,36,76,197.00,"14,972.00"
2019-10-02,2019100201002453,NCCB,3,36,35,197.00,"6,895.00"
2019-10-02,2019100201002654,NGPL,47,16,713,98.00,"69,874.00"
2019-10-02,2019100201002653,NGPL,44,16,"1,000",98.00,"98,000.00"
2019-10-02,2019100201002652,NGPL,39,16,189,98.00,"18,522.00"
2019-10-02,2019100201002651,NGPL,46,16,100,99.00,"9,900.00"
2019-10-02,2019100201002546,NGPL,39,17,11,98.00,"1,078.00"
2019-10-02,2019100201002373,NGPL,46,16,100,100.00,"10,000.00"
2019-10-02,2019100201002372,NGPL,35,16,500,100.00,"50,000.00"
2019-10-02,2019100201002371,NGPL,29,16,48,100.00,"4,800.00"
2019-10-02,2019100201002393,NHPC,26,56,100,52.00,"5,200.00"
2019-10-02,2019100201002392,NHPC,55,56,"2,000",52.00,"104,000.00"
2019-10-02,2019100201002391,NHPC,58,56,100,52.00,"5,200.00"
2019-10-02,2019100201002732,NIB,42,16,50,437.00,"21,850.00"
2019-10-02,2019100201002731,NIB,58,16,20,437.00,"8,740.00"
2019-10-02,2019100201002730,NIB,40,16,200,438.00,"87,600.00"
2019-10-02,2019100201002729,NIB,42,16,10,440.00,"4,400.00"
2019-10-02,2019100201002728,NIB,1,16,46,440.00,"20,240.00"
2019-10-02,2019100201002727,NIB,35,16,50,441.00,"22,050.00"
2019-10-02,2019100201002464,NIB,22,36,250,440.00,"110,000.00"
2019-10-02,2019100201002463,NIB,41,36,100,440.00,"44,000.00"
2019-10-02,2019100201002462,NIB,11,36,100,441.00,"44,100.00"
2019-10-02,2019100201002461,NIB,18,36,56,441.00,"24,696.00"
2019-10-02,2019100201002413,NIB,18,26,44,441.00,"19,404.00"
2019-10-02,2019100201002470,NIB,1,36,154,440.00,"67,760.00"
2019-10-02,2019100201002469,NIB,42,36,90,440.00,"39,600.00"
2019-10-02,2019100201002468,NIB,55,36,20,440.00,"8,800.00"
2019-10-02,2019100201002467,NIB,28,36,20,440.00,"8,800.00"
2019-10-02,2019100201002466,NIB,8,36,200,440.00,"88,000.00"
2019-10-02,2019100201002465,NIB,42,36,10,440.00,"4,400.00"
2019-10-02,2019100201002798,NICA,46,55,16,384.00,"6,144.00"
2019-10-02,2019100201002534,NICA,14,55,335,383.00,"128,305.00"
2019-10-02,2019100201002665,NICL,36,16,432,261.00,"112,752.00"
2019-10-02,2019100201002664,NICL,16,16,50,262.00,"13,100.00"
2019-10-02,2019100201002522,NICL,43,16,10,265.00,"2,650.00"
2019-10-02,2019100201002356,NICL,36,39,568,261.00,"148,248.00"
2019-10-02,2019100201002355,NICL,34,39,500,262.00,"131,000.00"
2019-10-02,2019100201002783,NIL,32,37,42,360.00,"15,120.00"
2019-10-02,2019100201002479,NIL,57,37,50,360.00,"18,000.00"
2019-10-02,2019100201002478,NIL,34,37,158,360.00,"56,880.00"
2019-10-02,2019100201002477,NIL,45,37,50,361.00,"18,050.00"
2019-10-02,2019100201002658,NLBBL,41,37,205,494.00,"101,270.00"
2019-10-02,2019100201002578,NLBBL,41,33,67,494.00,"33,098.00"
2019-10-02,2019100201002577,NLBBL,34,33,80,495.00,"39,600.00"
2019-10-02,2019100201002576,NLBBL,53,33,88,495.00,"43,560.00"
2019-10-02,2019100201002427,NLBBL,53,26,12,495.00,"5,940.00"
2019-10-02,2019100201002426,NLBBL,55,26,20,495.00,"9,900.00"
2019-10-02,2019100201002425,NLBBL,5,26,100,496.00,"49,600.00"
2019-10-02,2019100201002424,NLBBL,6,26,51,496.00,"25,296.00"
2019-10-02,2019100201002623,NLIC,41,16,50,758.00,"37,900.00"
2019-10-02,2019100201002602,NLIC,25,28,38,755.00,"28,690.00"
2019-10-02,2019100201002601,NLIC,52,28,100,755.00,"75,500.00"
2019-10-02,2019100201002600,NLIC,57,28,30,755.00,"22,650.00"
2019-10-02,2019100201002599,NLIC,45,28,10,755.00,"7,550.00"
2019-10-02,2019100201002598,NLIC,16,28,150,755.00,"113,250.00"
2019-10-02,2019100201002305,NLIC,55,28,70,757.00,"52,990.00"
2019-10-02,2019100201002304,NLIC,45,28,51,757.00,"38,607.00"
2019-10-02,2019100201002303,NLIC,45,28,48,757.00,"36,336.00"
2019-10-02,2019100201002597,NLIC,42,28,30,756.00,"22,680.00"
2019-10-02,2019100201002596,NLIC,58,28,42,756.00,"31,752.00"
2019-10-02,2019100201002452,NLIC,6,28,100,757.00,"75,700.00"
2019-10-02,2019100201002382,NLIC,18,16,50,758.00,"37,900.00"
2019-10-02,2019100201002307,NLIC,58,28,58,756.00,"43,848.00"
2019-10-02,2019100201002306,NLIC,8,28,300,757.00,"227,100.00"
2019-10-02,2019100201002741,NLICL,42,59,50,472.00,"23,600.00"
2019-10-02,2019100201002708,NLICL,43,59,10,472.00,"4,720.00"
2019-10-02,2019100201002519,NLICL,42,6,50,470.00,"23,500.00"
2019-10-02,2019100201002483,NMBMF,49,1,102,"1,060.00","108,120.00"
2019-10-02,2019100201002333,NMFBS,33,58,29,"1,680.00","48,720.00"
2019-10-02,2019100201002318,OHL,43,36,25,476.00,"11,900.00"
2019-10-02,2019100201002317,OHL,52,36,18,479.00,"8,622.00"
2019-10-02,2019100201002545,OHL,45,25,250,471.00,"117,750.00"
2019-10-02,2019100201002544,OHL,35,25,30,471.00,"14,130.00"
2019-10-02,2019100201002543,OHL,41,25,20,472.00,"9,440.00"
2019-10-02,2019100201002320,OHL,22,36,20,471.00,"9,420.00"
2019-10-02,2019100201002319,OHL,36,36,300,471.00,"141,300.00"
2019-10-02,2019100201002659,OHL,18,1,10,480.00,"4,800.00"
2019-10-02,2019100201002557,OHL,29,25,10,471.00,"4,710.00"
2019-10-02,2019100201002685,PCBL,41,6,100,269.00,"26,900.00"
2019-10-02,2019100201002575,PCBL,14,6,100,269.00,"26,900.00"
2019-10-02,2019100201002485,PCBL,42,49,100,268.00,"26,800.00"
2019-10-02,2019100201002314,PCBL,42,43,719,268.00,"192,692.00"
2019-10-02,2019100201002773,PIC,8,6,10,373.00,"3,730.00"
2019-10-02,2019100201002636,PIC,8,39,256,367.00,"93,952.00"
2019-10-02,2019100201002635,PIC,42,39,10,367.00,"3,670.00"
2019-10-02,2019100201002634,PIC,59,39,60,367.00,"22,020.00"
2019-10-02,2019100201002633,PIC,42,39,50,368.00,"18,400.00"
2019-10-02,2019100201002632,PIC,55,39,200,368.00,"73,600.00"
2019-10-02,2019100201002331,PIC,13,38,24,370.00,"8,880.00"
2019-10-02,2019100201002631,PIC,6,39,50,368.00,"18,400.00"
2019-10-02,2019100201002630,PIC,39,39,330,369.00,"121,770.00"
2019-10-02,2019100201002629,PIC,21,39,100,369.00,"36,900.00"
2019-10-02,2019100201002628,PIC,58,39,10,370.00,"3,700.00"
2019-10-02,2019100201002607,PIC,8,6,500,370.00,"185,000.00"
2019-10-02,2019100201002332,PIC,35,38,70,370.00,"25,900.00"
2019-10-02,2019100201002329,PRIN,44,4,500,311.00,"155,500.00"
2019-10-02,2019100201002802,PRVU,36,36,26,263.00,"6,838.00"
2019-10-02,2019100201002758,PRVU,46,45,100,262.00,"26,200.00"
2019-10-02,2019100201002722,PRVU,3,18,100,262.00,"26,200.00"
2019-10-02,2019100201002721,PRVU,33,18,500,262.00,"131,000.00"
2019-10-02,2019100201002720,PRVU,14,18,700,262.00,"183,400.00"
2019-10-02,2019100201002719,PRVU,41,18,100,262.00,"26,200.00"
2019-10-02,2019100201002370,PRVU,49,36,"1,000",263.00,"263,000.00"
2019-10-02,2019100201002718,PRVU,44,18,100,262.00,"26,200.00"
2019-10-02,2019100201002570,PRVU,54,36,100,263.00,"26,300.00"
2019-10-02,2019100201002563,PRVU,35,36,100,263.00,"26,300.00"
2019-10-02,2019100201002562,PRVU,11,36,408,263.00,"107,304.00"
2019-10-02,2019100201002660,RADHI,32,35,11,134.00,"1,474.00"
2019-10-02,2019100201002523,RADHI,19,17,11,132.00,"1,452.00"
2019-10-02,2019100201002794,RHPC,49,34,31,83.00,"2,573.00"
2019-10-02,2019100201002799,RHPL,43,17,30,158.00,"4,740.00"
2019-10-02,2019100201002772,RHPL,43,17,30,158.00,"4,740.00"
2019-10-02,2019100201002724,RHPL,43,17,30,158.00,"4,740.00"
2019-10-02,2019100201002703,RHPL,43,16,120,158.00,"18,960.00"
2019-10-02,2019100201002699,RHPL,43,17,30,158.00,"4,740.00"
2019-10-02,2019100201002656,RHPL,43,17,30,158.00,"4,740.00"
2019-10-02,2019100201002350,RHPL,59,16,500,159.00,"79,500.00"
2019-10-02,2019100201002349,RHPL,40,16,480,159.00,"76,320.00"
2019-10-02,2019100201002558,RHPL,52,17,30,158.00,"4,740.00"
2019-10-02,2019100201002497,RHPL,59,16,160,159.00,"25,440.00"
2019-10-02,2019100201002414,RHPL,52,26,100,158.00,"15,800.00"
2019-10-02,2019100201002353,RHPL,58,16,500,159.00,"79,500.00"
2019-10-02,2019100201002352,RHPL,17,16,100,159.00,"15,900.00"
2019-10-02,2019100201002351,RHPL,17,16,100,159.00,"15,900.00"
2019-10-02,2019100201002624,RHPL,43,17,30,158.00,"4,740.00"
2019-10-02,2019100201002620,RHPL,43,4,230,158.00,"36,340.00"
2019-10-02,2019100201002619,RHPL,52,4,230,158.00,"36,340.00"
2019-10-02,2019100201002595,RHPL,52,17,30,158.00,"4,740.00"
2019-10-02,2019100201002572,RHPL,52,17,30,158.00,"4,740.00"
2019-10-02,2019100201002560,RHPL,52,47,20,158.00,"3,160.00"
2019-10-02,2019100201002755,RMDC,11,25,86,610.00,"52,460.00"
2019-10-02,2019100201002535,RMDC,38,44,50,601.00,"30,050.00"
2019-10-02,2019100201002448,RMDC,38,26,39,601.00,"23,439.00"
2019-10-02,2019100201002690,RSDC,35,51,180,323.00,"58,140.00"
2019-10-02,2019100201002604,RSDC,18,51,100,325.00,"32,500.00"
2019-10-02,2019100201002591,RSDC,44,33,19,327.00,"6,213.00"
2019-10-02,2019100201002421,SADBL,19,57,363,140.00,"50,820.00"
2019-10-02,2019100201002549,SANIMA,21,28,10,307.00,"3,070.00"
2019-10-02,2019100201002511,SANIMA,14,28,550,305.00,"167,750.00"
2019-10-02,2019100201002510,SANIMA,42,28,200,305.00,"61,000.00"
2019-10-02,2019100201002509,SANIMA,18,28,78,305.00,"23,790.00"
2019-10-02,2019100201002785,SBI,19,57,133,408.00,"54,264.00"
2019-10-02,2019100201002742,SBI,19,44,17,408.00,"6,936.00"
2019-10-02,2019100201002736,SBI,19,49,150,408.00,"61,200.00"
2019-10-02,2019100201002753,SBL,44,57,198,331.00,"65,538.00"
2019-10-02,2019100201002752,SBL,59,57,500,331.00,"165,500.00"
2019-10-02,2019100201002751,SBL,11,57,302,331.00,"99,962.00"
2019-10-02,2019100201002594,SBL,43,43,20,332.00,"6,640.00"
2019-10-02,2019100201002565,SBL,16,17,100,332.00,"33,200.00"
2019-10-02,2019100201002564,SBL,19,17,200,332.00,"66,400.00"
2019-10-02,2019100201002438,SBL,11,57,477,331.00,"157,887.00"
2019-10-02,2019100201002374,SBL,56,17,"1,000",332.00,"332,000.00"
2019-10-02,2019100201002366,SBL,11,38,216,331.00,"71,496.00"
2019-10-02,2019100201002365,SBL,28,38,284,331.00,"94,004.00"
2019-10-02,2019100201002340,SBL,41,17,900,332.00,"298,800.00"
2019-10-02,2019100201002339,SBL,28,17,970,332.00,"322,040.00"
2019-10-02,2019100201002554,SBL,17,17,320,332.00,"106,240.00"
2019-10-02,2019100201002553,SBL,17,17,180,332.00,"59,760.00"
2019-10-02,2019100201002481,SBL,17,17,"1,000",332.00,"332,000.00"
2019-10-02,2019100201002441,SBL,11,57,398,331.00,"131,738.00"
2019-10-02,2019100201002440,SBL,39,57,500,331.00,"165,500.00"
2019-10-02,2019100201002439,SBL,39,57,100,331.00,"33,100.00"
2019-10-02,2019100201002788,SCB,5,16,60,571.00,"34,260.00"
2019-10-02,2019100201002787,SCB,46,16,50,571.00,"28,550.00"
2019-10-02,2019100201002786,SCB,42,16,17,571.00,"9,707.00"
2019-10-02,2019100201002663,SCB,42,22,48,571.00,"27,408.00"
2019-10-02,2019100201002476,SCB,42,26,135,571.00,"77,085.00"
2019-10-02,2019100201002475,SCB,29,26,25,571.00,"14,275.00"
2019-10-02,2019100201002474,SCB,6,26,100,572.00,"57,200.00"
2019-10-02,2019100201002473,SCB,56,26,40,572.00,"22,880.00"
2019-10-02,2019100201002416,SCB,56,58,710,572.00,"406,120.00"
2019-10-02,2019100201002782,SHIVM,44,46,105,509.00,"53,445.00"
2019-10-02,2019100201002781,SHIVM,35,46,20,509.00,"10,180.00"
2019-10-02,2019100201002780,SHIVM,32,46,240,509.00,"122,160.00"
2019-10-02,2019100201002777,SHIVM,32,14,60,509.00,"30,540.00"
2019-10-02,2019100201002776,SHIVM,10,14,40,509.00,"20,360.00"
2019-10-02,2019100201002726,SHIVM,39,46,10,510.00,"5,100.00"
2019-10-02,2019100201002383,SHIVM,3,33,30,510.00,"15,300.00"
2019-10-02,2019100201002360,SHIVM,1,47,150,510.00,"76,500.00"
2019-10-02,2019100201002325,SHIVM,1,40,350,510.00,"178,500.00"
2019-10-02,2019100201002324,SHIVM,39,40,500,510.00,"255,000.00"
2019-10-02,2019100201002323,SHIVM,34,40,50,510.00,"25,500.00"
2019-10-02,2019100201002322,SHIVM,39,40,100,511.00,"51,100.00"
2019-10-02,2019100201002389,SHIVM,50,33,50,510.00,"25,500.00"
2019-10-02,2019100201002388,SHIVM,21,33,20,510.00,"10,200.00"
2019-10-02,2019100201002387,SHIVM,56,33,100,510.00,"51,000.00"
2019-10-02,2019100201002386,SHIVM,56,33,50,510.00,"25,500.00"
2019-10-02,2019100201002385,SHIVM,25,33,50,510.00,"25,500.00"
2019-10-02,2019100201002384,SHIVM,45,33,200,510.00,"102,000.00"
2019-10-02,2019100201002411,SHIVM,16,34,200,510.00,"102,000.00"
2019-10-02,2019100201002410,SHIVM,26,34,30,510.00,"15,300.00"
2019-10-02,2019100201002409,SHIVM,16,34,100,510.00,"51,000.00"
2019-10-02,2019100201002397,SHIVM,57,19,50,510.00,"25,500.00"
2019-10-02,2019100201002395,SHIVM,58,50,20,512.00,"10,240.00"
2019-10-02,2019100201002390,SHIVM,57,33,50,510.00,"25,500.00"
2019-10-02,2019100201002488,SHIVM,21,46,15,510.00,"7,650.00"
2019-10-02,2019100201002487,SHIVM,42,46,80,510.00,"40,800.00"
2019-10-02,2019100201002455,SHIVM,22,50,20,512.00,"10,240.00"
2019-10-02,2019100201002429,SHIVM,6,50,10,512.00,"5,120.00"
2019-10-02,2019100201002415,SHIVM,42,42,150,510.00,"76,500.00"
2019-10-02,2019100201002412,SHIVM,42,34,470,510.00,"239,700.00"
2019-10-02,2019100201002494,SHIVM,16,46,20,510.00,"10,200.00"
2019-10-02,2019100201002493,SHIVM,45,46,50,510.00,"25,500.00"
2019-10-02,2019100201002492,SHIVM,22,46,10,510.00,"5,100.00"
2019-10-02,2019100201002491,SHIVM,47,46,50,510.00,"25,500.00"
2019-10-02,2019100201002490,SHIVM,33,46,100,510.00,"51,000.00"
2019-10-02,2019100201002489,SHIVM,35,46,30,510.00,"15,300.00"
2019-10-02,2019100201002585,SHIVM,55,5,90,509.00,"45,810.00"
2019-10-02,2019100201002574,SHIVM,55,5,10,509.00,"5,090.00"
2019-10-02,2019100201002505,SHIVM,7,18,200,509.00,"101,800.00"
2019-10-02,2019100201002504,SHIVM,3,18,10,509.00,"5,090.00"
2019-10-02,2019100201002496,SHIVM,39,46,100,510.00,"51,000.00"
2019-10-02,2019100201002495,SHIVM,35,46,20,510.00,"10,200.00"
2019-10-02,2019100201002715,SHIVM,17,46,200,510.00,"102,000.00"
2019-10-02,2019100201002702,SHIVM,10,57,60,509.00,"30,540.00"
2019-10-02,2019100201002701,SHIVM,51,57,40,509.00,"20,360.00"
2019-10-02,2019100201002606,SHIVM,51,39,10,509.00,"5,090.00"
2019-10-02,2019100201002605,SHIVM,32,39,190,509.00,"96,710.00"
2019-10-02,2019100201002586,SHIVM,32,5,10,509.00,"5,090.00"
2019-10-02,2019100201002711,SHPC,48,34,20,195.00,"3,900.00"
2019-10-02,2019100201002710,SHPC,51,25,48,192.00,"9,216.00"
2019-10-02,2019100201002709,SHPC,48,25,102,192.00,"19,584.00"
2019-10-02,2019100201002569,SHPC,48,47,98,192.00,"18,816.00"
2019-10-02,2019100201002568,SHPC,41,47,20,192.00,"3,840.00"
2019-10-02,2019100201002567,SHPC,48,47,100,194.00,"19,400.00"
2019-10-02,2019100201002566,SHPC,11,47,266,194.00,"51,604.00"
2019-10-02,2019100201002482,SHPC,11,26,38,194.00,"7,372.00"
2019-10-02,2019100201002480,SHPC,11,45,"1,098",194.00,"213,012.00"
2019-10-02,2019100201002394,SHPC,44,28,50,196.00,"9,800.00"
2019-10-02,2019100201002334,SIC,45,58,13,476.00,"6,188.00"
2019-10-02,2019100201002750,SICL,8,58,21,708.00,"14,868.00"
2019-10-02,2019100201002749,SICL,41,58,20,710.00,"14,200.00"
2019-10-02,2019100201002748,SICL,32,58,50,710.00,"35,500.00"
2019-10-02,2019100201002747,SICL,42,58,20,710.00,"14,200.00"
2019-10-02,2019100201002746,SICL,56,58,50,710.00,"35,500.00"
2019-10-02,2019100201002745,SICL,52,58,20,710.00,"14,200.00"
2019-10-02,2019100201002744,SICL,28,58,30,711.00,"21,330.00"
2019-10-02,2019100201002743,SICL,21,58,19,712.00,"13,528.00"
2019-10-02,2019100201002540,SICL,21,58,31,712.00,"22,072.00"
2019-10-02,2019100201002524,SICL,42,58,75,713.00,"53,475.00"
2019-10-02,2019100201002792,SJCL,10,35,10,169.00,"1,690.00"
2019-10-02,2019100201002784,SJCL,46,17,20,167.00,"3,340.00"
2019-10-02,2019100201002738,SJCL,46,17,20,167.00,"3,340.00"
2019-10-02,2019100201002309,SJCL,59,3,20,167.00,"3,340.00"
2019-10-02,2019100201002561,SJCL,59,17,20,167.00,"3,340.00"
2019-10-02,2019100201002498,SJCL,59,26,20,167.00,"3,340.00"
2019-10-02,2019100201002400,SJCL,59,26,100,167.00,"16,700.00"
2019-10-02,2019100201002326,SJCL,11,35,200,168.00,"33,600.00"
2019-10-02,2019100201002626,SJCL,46,17,20,167.00,"3,340.00"
2019-10-02,2019100201002610,SJCL,46,17,10,167.00,"1,670.00"
2019-10-02,2019100201002583,SJCL,46,4,20,167.00,"3,340.00"
2019-10-02,2019100201002580,SJCL,59,17,20,167.00,"3,340.00"
2019-10-02,2019100201002573,SJCL,59,47,20,167.00,"3,340.00"
2019-10-02,2019100201002712,SJCL,46,17,10,167.00,"1,670.00"
2019-10-02,2019100201002668,SJCL,46,17,20,167.00,"3,340.00"
2019-10-02,2019100201002771,SLBBL,34,37,10,541.00,"5,410.00"
2019-10-02,2019100201002754,SLBSL,54,38,10,675.00,"6,750.00"
2019-10-02,2019100201002446,SMB,20,42,50,420.00,"21,000.00"
2019-10-02,2019100201002584,SRBL,33,18,"1,000",233.00,"233,000.00"
2019-10-02,2019100201002530,SRBL,33,43,825,233.00,"192,225.00"
2019-10-02,2019100201002529,SRBL,56,43,50,233.00,"11,650.00"
2019-10-02,2019100201002528,SRBL,32,43,100,233.00,"23,300.00"
2019-10-02,2019100201002527,SRBL,38,43,25,233.00,"5,825.00"
2019-10-02,2019100201002451,SRBL,17,48,20,234.00,"4,680.00"
2019-10-02,2019100201002791,TRH,14,17,140,288.00,"40,320.00"
2019-10-02,2019100201002686,TRH,33,17,10,288.00,"2,880.00"
2019-10-02,2019100201002406,UIC,45,58,100,260.00,"26,000.00"
2019-10-02,2019100201002405,UIC,10,58,50,260.00,"13,000.00"
2019-10-02,2019100201002404,UIC,34,58,26,260.00,"6,760.00"
2019-10-02,2019100201002403,UIC,46,58,100,260.00,"26,000.00"
2019-10-02,2019100201002402,UIC,41,58,25,260.00,"6,500.00"
2019-10-02,2019100201002739,UNHPL,6,14,50,56.00,"2,800.00"
2019-10-02,2019100201002609,UPCL,39,21,10,79.00,790.00
2019-10-02,2019100201002717,UPPER,33,56,10,236.00,"2,360.00"
2019-10-02,2019100201002582,UPPER,22,47,40,234.00,"9,360.00"
2019-10-02,2019100201002377,UPPER,58,58,200,235.00,"47,000.00"
2019-10-02,2019100201002376,UPPER,49,58,300,235.00,"70,500.00"
2019-10-02,2019100201002327,UPPER,13,45,60,235.00,"14,100.00"
2019-10-02,2019100201002506,UPPER,22,26,50,234.00,"11,700.00"
2019-10-02,2019100201002379,UPPER,44,58,492,234.00,"115,128.00"
2019-10-02,2019100201002378,UPPER,52,58,50,234.00,"11,700.00"
2019-10-02,2019100201002289,ADBL,58,26,10,415.00,"4,150.00"
2019-10-02,2019100201001888,ADBL,51,26,50,415.00,"20,750.00"
2019-10-02,2019100201001887,ADBL,57,26,50,415.00,"20,750.00"
2019-10-02,2019100201002069,AHPC,47,6,880,97.00,"85,360.00"
2019-10-02,2019100201002151,ALBSL,42,39,130,384.00,"49,920.00"
2019-10-02,2019100201002232,ALICL,28,28,500,312.00,"156,000.00"
2019-10-02,2019100201002231,ALICL,33,28,"1,000",312.00,"312,000.00"
2019-10-02,2019100201002230,ALICL,26,28,"1,000",313.00,"313,000.00"
2019-10-02,2019100201002229,ALICL,51,28,45,313.00,"14,085.00"
2019-10-02,2019100201002086,ALICL,51,26,155,313.00,"48,515.00"
2019-10-02,2019100201002085,ALICL,40,26,100,313.00,"31,300.00"
2019-10-02,2019100201002254,API,59,35,11,112.00,"1,232.00"
2019-10-02,2019100201002226,API,25,16,65,113.00,"7,345.00"
2019-10-02,2019100201002057,API,59,35,11,112.00,"1,232.00"
2019-10-02,2019100201001873,API,25,16,35,113.00,"3,955.00"
2019-10-02,2019100201001996,BARUN,6,21,10,89.00,890.00
2019-10-02,2019100201001900,BARUN,22,34,10,88.00,880.00
2019-10-02,2019100201002297,BOKL,17,45,100,260.00,"26,000.00"
2019-10-02,2019100201002264,BOKL,4,45,100,260.00,"26,000.00"
2019-10-02,2019100201002263,BOKL,28,45,719,260.00,"186,940.00"
2019-10-02,2019100201002262,BOKL,28,26,281,260.00,"73,060.00"
2019-10-02,2019100201002256,BOKL,32,26,343,260.00,"89,180.00"
2019-10-02,2019100201002255,BOKL,32,11,57,260.00,"14,820.00"
2019-10-02,2019100201001818,BOKL,19,34,18,259.00,"4,662.00"
2019-10-02,2019100201001815,BOKL,17,57,44,260.00,"11,440.00"
2019-10-02,2019100201001813,BOKL,17,55,528,260.00,"137,280.00"
2019-10-02,2019100201001812,BOKL,17,55,428,260.00,"111,280.00"
2019-10-02,2019100201001805,BOKL,19,53,82,259.00,"21,238.00"
2019-10-02,2019100201001875,BOKL,41,57,81,260.00,"21,060.00"
2019-10-02,2019100201001874,BOKL,41,25,100,260.00,"26,000.00"
2019-10-02,2019100201001842,BOKL,46,57,101,260.00,"26,260.00"
2019-10-02,2019100201001841,BOKL,46,57,76,260.00,"19,760.00"
2019-10-02,2019100201001831,BOKL,21,57,30,260.00,"7,800.00"
2019-10-02,2019100201001819,BOKL,1,34,182,259.00,"47,138.00"
2019-10-02,2019100201002078,BOKL,16,25,300,260.00,"78,000.00"
2019-10-02,2019100201002077,BOKL,16,41,90,260.00,"23,400.00"
2019-10-02,2019100201002065,BOKL,58,41,10,260.00,"2,600.00"
2019-10-02,2019100201002047,BOKL,6,41,200,260.00,"52,000.00"
2019-10-02,2019100201002034,BOKL,42,41,500,260.00,"130,000.00"
2019-10-02,2019100201001925,BOKL,38,41,200,260.00,"52,000.00"
2019-10-02,2019100201002096,BOKL,42,54,15,261.00,"3,915.00"
2019-10-02,2019100201002083,BOKL,16,37,500,260.00,"130,000.00"
2019-10-02,2019100201002082,BOKL,16,6,100,260.00,"26,000.00"
2019-10-02,2019100201002081,BOKL,16,32,"1,000",260.00,"260,000.00"
2019-10-02,2019100201002080,BOKL,16,25,80,260.00,"20,800.00"
2019-10-02,2019100201002079,BOKL,16,34,200,260.00,"52,000.00"
2019-10-02,2019100201002205,BOKL,49,11,600,260.00,"156,000.00"
2019-10-02,2019100201002198,BOKL,38,11,200,260.00,"52,000.00"
2019-10-02,2019100201002184,BOKL,1,34,80,259.00,"20,720.00"
2019-10-02,2019100201002155,BOKL,1,11,43,260.00,"11,180.00"
2019-10-02,2019100201002154,BOKL,54,11,"1,000",260.00,"260,000.00"
2019-10-02,2019100201002153,BOKL,29,11,100,260.00,"26,000.00"
2019-10-02,2019100201002275,BPCL,42,35,11,359.00,"3,949.00"
2019-10-02,2019100201002228,BPCL,20,16,139,360.00,"50,040.00"
2019-10-02,2019100201002227,BPCL,20,35,11,360.00,"3,960.00"
2019-10-02,2019100201001967,BPCL,56,16,10,363.00,"3,630.00"
2019-10-02,2019100201001966,BPCL,56,33,20,363.00,"7,260.00"
2019-10-02,2019100201001891,BPCL,13,33,22,361.00,"7,942.00"
2019-10-02,2019100201001867,BPCL,57,33,80,363.00,"29,040.00"
2019-10-02,2019100201002169,CBBL,6,26,30,972.00,"29,160.00"
2019-10-02,2019100201001926,CBBL,11,16,10,973.00,"9,730.00"
2019-10-02,2019100201001932,CBBL,59,16,30,971.00,"29,130.00"
2019-10-02,2019100201001931,CBBL,42,16,30,971.00,"29,130.00"
2019-10-02,2019100201001930,CBBL,59,16,42,971.00,"40,782.00"
2019-10-02,2019100201001929,CBBL,44,16,10,972.00,"9,720.00"
2019-10-02,2019100201001928,CBBL,44,16,10,972.00,"9,720.00"
2019-10-02,2019100201001927,CBBL,44,16,25,972.00,"24,300.00"
2019-10-02,2019100201001934,CBBL,41,16,43,970.00,"41,710.00"
2019-10-02,2019100201001933,CBBL,28,16,300,970.00,"291,000.00"
2019-10-02,2019100201002112,CBL,29,26,201,143.00,"28,743.00"
2019-10-02,2019100201002129,CCBL,37,26,130,153.00,"19,890.00"
2019-10-02,2019100201002128,CCBL,59,26,43,154.00,"6,622.00"
2019-10-02,2019100201002089,CCBL,59,17,54,154.00,"8,316.00"
2019-10-02,2019100201002088,CCBL,29,17,99,154.00,"15,246.00"
2019-10-02,2019100201001852,CEFL,59,14,300,108.00,"32,400.00"
2019-10-02,2019100201001851,CEFL,59,25,100,108.00,"10,800.00"
2019-10-02,2019100201001850,CEFL,59,34,100,108.00,"10,800.00"
2019-10-02,2019100201002234,CFCL,39,45,50,109.00,"5,450.00"
2019-10-02,2019100201002233,CFCL,53,45,200,109.00,"21,800.00"
2019-10-02,2019100201002222,CFCL,8,45,100,110.00,"11,000.00"
2019-10-02,2019100201002221,CFCL,25,45,300,110.00,"33,000.00"
2019-10-02,2019100201002212,CFCL,25,45,100,111.00,"11,100.00"
2019-10-02,2019100201001857,CFCL,57,28,780,113.00,"88,140.00"
2019-10-02,2019100201002298,CHCL,32,42,111,419.00,"46,509.00"
2019-10-02,2019100201002064,CHCL,13,42,217,418.00,"90,706.00"
2019-10-02,2019100201002056,CHCL,29,42,106,419.00,"44,414.00"
2019-10-02,2019100201002054,CHCL,29,42,217,419.00,"90,923.00"
2019-10-02,2019100201002012,CHCL,13,55,500,424.00,"212,000.00"
2019-10-02,2019100201002011,CHCL,13,6,103,423.00,"43,569.00"
2019-10-02,2019100201002010,CHCL,13,45,40,423.00,"16,920.00"
2019-10-02,2019100201002009,CHCL,13,56,50,423.00,"21,150.00"
2019-10-02,2019100201002274,CIT,14,38,25,"1,795.00","44,875.00"
2019-10-02,2019100201002273,CIT,11,38,25,"1,795.00","44,875.00"
2019-10-02,2019100201002272,CIT,32,38,50,"1,796.00","89,800.00"
2019-10-02,2019100201002271,CIT,45,38,30,"1,800.00","54,000.00"
2019-10-02,2019100201002270,CIT,26,38,100,"1,800.00","180,000.00"
2019-10-02,2019100201002269,CIT,13,38,30,"1,803.00","54,090.00"
2019-10-02,2019100201002268,CIT,39,38,25,"1,804.00","45,100.00"
2019-10-02,2019100201002033,CIT,34,17,25,"1,812.00","45,300.00"
2019-10-02,2019100201002060,CZBIL,46,54,45,195.00,"8,775.00"
2019-10-02,2019100201001914,CZBIL,43,18,697,194.00,"135,218.00"
2019-10-02,2019100201002301,DBBL,25,45,300,127.00,"38,100.00"
2019-10-02,2019100201002300,DBBL,56,45,300,127.00,"38,100.00"
2019-10-02,2019100201002299,DBBL,17,45,986,127.00,"125,222.00"
2019-10-02,2019100201001939,DDBL,49,5,650,715.00,"464,750.00"
2019-10-02,2019100201002190,EBL,44,58,11,571.00,"6,281.00"
2019-10-02,2019100201002189,EBL,45,58,50,571.00,"28,550.00"
2019-10-02,2019100201002188,EBL,34,58,20,571.00,"11,420.00"
2019-10-02,2019100201002039,EBL,39,33,180,570.00,"102,600.00"
2019-10-02,2019100201002038,EBL,52,33,20,570.00,"11,400.00"
2019-10-02,2019100201002037,EBL,38,33,100,571.00,"57,100.00"
2019-10-02,2019100201002036,EBL,1,33,100,571.00,"57,100.00"
2019-10-02,2019100201002035,EBL,44,33,50,571.00,"28,550.00"
2019-10-02,2019100201001864,EIC,49,33,13,238.00,"3,094.00"
2019-10-02,2019100201001863,EIC,44,33,30,239.00,"7,170.00"
2019-10-02,2019100201001823,EIC,44,58,70,239.00,"16,730.00"
2019-10-02,2019100201002142,FOWAD,45,34,89,"1,270.00","113,030.00"
2019-10-02,2019100201002059,FOWAD,45,57,19,"1,270.00","24,130.00"
2019-10-02,2019100201002149,GBBL,34,26,71,210.00,"14,910.00"
2019-10-02,2019100201002148,GBBL,26,26,300,210.00,"63,000.00"
2019-10-02,2019100201002147,GBBL,39,26,100,210.00,"21,000.00"
2019-10-02,2019100201002146,GBBL,3,26,40,211.00,"8,440.00"
2019-10-02,2019100201002095,GBBL,14,26,824,212.00,"174,688.00"
2019-10-02,2019100201002243,GBLBS,8,17,500,320.00,"160,000.00"
2019-10-02,2019100201002242,GBLBS,22,17,40,320.00,"12,800.00"
2019-10-02,2019100201002241,GBLBS,7,17,30,320.00,"9,600.00"
2019-10-02,2019100201002133,GFCL,47,14,100,133.00,"13,300.00"
2019-10-02,2019100201002004,GLBSL,52,38,10,430.00,"4,300.00"
2019-10-02,2019100201002061,GLICL,19,50,10,369.00,"3,690.00"
2019-10-02,2019100201002239,HBL,14,25,267,498.00,"132,966.00"
2019-10-02,2019100201002238,HBL,44,25,25,499.00,"12,475.00"
2019-10-02,2019100201002211,HBL,28,14,250,500.00,"125,000.00"
2019-10-02,2019100201001993,HDL,58,39,120,"1,470.00","176,400.00"
2019-10-02,2019100201001992,HDL,26,39,50,"1,475.00","73,750.00"
2019-10-02,2019100201001817,HDL,58,14,100,"1,490.00","149,000.00"
2019-10-02,2019100201001816,HDL,58,32,40,"1,490.00","59,600.00"
2019-10-02,2019100201002248,HGI,34,33,450,265.00,"119,250.00"
2019-10-02,2019100201002209,HGI,34,54,50,265.00,"13,250.00"
2019-10-02,2019100201002208,HGI,6,54,100,266.00,"26,600.00"
2019-10-02,2019100201002294,HIDCL,1,35,26,133.00,"3,458.00"
2019-10-02,2019100201002152,HIDCL,1,35,26,133.00,"3,458.00"
2019-10-02,2019100201002137,HIDCL,32,45,221,134.00,"29,614.00"
2019-10-02,2019100201001860,HIDCL,32,17,501,134.00,"67,134.00"
2019-10-02,2019100201001859,HIDCL,5,17,500,134.00,"67,000.00"
2019-10-02,2019100201001858,HIDCL,48,17,50,134.00,"6,700.00"
2019-10-02,2019100201002160,HPPL,52,35,10,143.00,"1,430.00"
2019-10-02,2019100201001865,HPPL,52,46,10,145.00,"1,450.00"
2019-10-02,2019100201001840,HURJA,41,28,20,106.00,"2,120.00"
2019-10-02,2019100201002293,ILBS,55,46,10,426.00,"4,260.00"
2019-10-02,2019100201002292,ILBS,55,46,10,426.00,"4,260.00"
2019-10-02,2019100201002291,ILBS,55,46,10,426.00,"4,260.00"
2019-10-02,2019100201002290,ILBS,55,3,10,425.00,"4,250.00"
2019-10-02,2019100201002253,ILBS,57,41,270,419.00,"113,130.00"
2019-10-02,2019100201002252,ILBS,53,41,40,419.00,"16,760.00"
2019-10-02,2019100201002251,ILBS,26,41,200,420.00,"84,000.00"
2019-10-02,2019100201002250,ILBS,38,41,20,420.00,"8,400.00"
2019-10-02,2019100201002249,ILBS,18,41,40,421.00,"16,840.00"
2019-10-02,2019100201002210,ILBS,18,58,10,421.00,"4,210.00"
2019-10-02,2019100201001811,ILBS,38,17,10,420.00,"4,200.00"
2019-10-02,2019100201002118,JFL,56,32,340,195.00,"66,300.00"
2019-10-02,2019100201002117,JFL,6,32,50,195.00,"9,750.00"
2019-10-02,2019100201002245,JSLBB,48,11,10,955.00,"9,550.00"
2019-10-02,2019100201002244,JSLBB,57,11,40,956.00,"38,240.00"
2019-10-02,2019100201002296,KBL,42,32,12,181.00,"2,172.00"
2019-10-02,2019100201002295,KBL,42,54,20,180.00,"3,600.00"
2019-10-02,2019100201002220,KBL,35,54,80,180.00,"14,400.00"
2019-10-02,2019100201001997,KBL,32,16,47,179.00,"8,413.00"
2019-10-02,2019100201001869,KBL,32,33,56,179.00,"10,024.00"
2019-10-02,2019100201001868,KBL,41,33,11,179.00,"1,969.00"
2019-10-02,2019100201002157,KRBL,33,1,200,101.00,"20,200.00"
2019-10-02,2019100201002108,KSBBL,42,26,58,140.00,"8,120.00"
2019-10-02,2019100201002107,KSBBL,41,26,500,140.00,"70,000.00"
2019-10-02,2019100201002106,KSBBL,39,26,200,141.00,"28,200.00"
2019-10-02,2019100201002105,KSBBL,41,26,37,141.00,"5,217.00"
2019-10-02,2019100201002265,LBBL,14,32,220,173.00,"38,060.00"
2019-10-02,2019100201002134,LBBL,14,32,500,173.00,"86,500.00"
2019-10-02,2019100201002130,LBBL,14,39,480,173.00,"83,040.00"
2019-10-02,2019100201002111,LBBL,14,43,19,173.00,"3,287.00"
2019-10-02,2019100201002110,LBBL,40,43,80,173.00,"13,840.00"
2019-10-02,2019100201001962,LBBL,40,32,"1,020",173.00,"176,460.00"
2019-10-02,2019100201001961,LBBL,14,32,980,173.00,"169,540.00"
2019-10-02,2019100201001882,LBBL,14,55,120,173.00,"20,760.00"
2019-10-02,2019100201001990,LICN,44,28,12,"1,000.00","12,000.00"
2019-10-02,2019100201002021,LLBS,29,41,130,646.00,"83,980.00"
2019-10-02,2019100201002020,LLBS,55,41,300,648.00,"194,400.00"
2019-10-02,2019100201002019,LLBS,44,41,40,650.00,"26,000.00"
2019-10-02,2019100201001943,LLBS,41,33,20,651.00,"13,020.00"
2019-10-02,2019100201001942,LLBS,51,33,30,651.00,"19,530.00"
2019-10-02,2019100201001941,LLBS,26,33,50,651.00,"32,550.00"
2019-10-02,2019100201001845,MBL,33,34,371,224.00,"83,104.00"
2019-10-02,2019100201001844,MBL,50,34,279,224.00,"62,496.00"
2019-10-02,2019100201002187,MEGA,49,55,300,193.00,"57,900.00"
2019-10-02,2019100201002159,MEGA,49,50,500,193.00,"96,500.00"
2019-10-02,2019100201002055,MEGA,44,25,500,193.00,"96,500.00"
2019-10-02,2019100201001848,MEGA,42,49,20,193.00,"3,860.00"
2019-10-02,2019100201001885,MEGA,33,55,400,193.00,"77,200.00"
2019-10-02,2019100201001856,MEGA,33,45,400,194.00,"77,600.00"
2019-10-02,2019100201001855,MEGA,33,18,620,194.00,"120,280.00"
2019-10-02,2019100201001854,MEGA,33,33,"1,000",193.00,"193,000.00"
2019-10-02,2019100201001853,MEGA,33,49,980,193.00,"189,140.00"
2019-10-02,2019100201001963,MEGA,50,18,400,193.00,"77,200.00"
2019-10-02,2019100201001940,MEGA,33,18,"1,600",193.00,"308,800.00"
2019-10-02,2019100201002225,MERO,29,6,217,560.00,"121,520.00"
2019-10-02,2019100201002224,MERO,29,35,33,559.00,"18,447.00"
2019-10-02,2019100201001924,MERO,29,26,50,560.00,"28,000.00"
2019-10-02,2019100201001923,MERO,29,6,88,560.00,"49,280.00"
2019-10-02,2019100201001808,MLBBL,22,55,10,455.00,"4,550.00"
2019-10-02,2019100201002204,MLBL,49,49,"2,450",212.00,"519,400.00"
2019-10-02,2019100201002181,MLBL,40,49,500,213.00,"106,500.00"
2019-10-02,2019100201002180,MLBL,44,49,50,213.00,"10,650.00"
2019-10-02,2019100201002006,MNBBL,14,28,890,308.00,"274,120.00"
2019-10-02,2019100201002005,MNBBL,35,28,50,309.00,"15,450.00"
2019-10-02,2019100201001822,MNBBL,35,57,100,309.00,"30,900.00"
2019-10-02,2019100201001821,MNBBL,35,45,50,309.00,"15,450.00"
2019-10-02,2019100201002287,NABIL,39,5,101,770.00,"77,770.00"
2019-10-02,2019100201002286,NABIL,17,5,200,770.00,"154,000.00"
2019-10-02,2019100201002285,NABIL,17,5,50,770.00,"38,500.00"
2019-10-02,2019100201002284,NABIL,34,5,19,770.00,"14,630.00"
2019-10-02,2019100201002283,NABIL,52,5,20,770.00,"15,400.00"
2019-10-02,2019100201002282,NABIL,42,5,10,771.00,"7,710.00"
2019-10-02,2019100201002001,NABIL,29,3,300,773.00,"231,900.00"
2019-10-02,2019100201002281,NABIL,26,5,100,771.00,"77,100.00"
2019-10-02,2019100201002127,NABIL,39,39,43,771.00,"33,153.00"
2019-10-02,2019100201002109,NABIL,34,39,10,771.00,"7,710.00"
2019-10-02,2019100201002067,NABIL,38,39,200,771.00,"154,200.00"
2019-10-02,2019100201002066,NABIL,7,39,100,771.00,"77,100.00"
2019-10-02,2019100201002008,NABIL,29,3,100,773.00,"77,300.00"
2019-10-02,2019100201002173,NADEP,44,16,25,405.00,"10,125.00"
2019-10-02,2019100201002178,NADEP,26,16,245,403.00,"98,735.00"
2019-10-02,2019100201002177,NADEP,52,16,50,403.00,"20,150.00"
2019-10-02,2019100201002176,NADEP,28,16,80,403.00,"32,240.00"
2019-10-02,2019100201002175,NADEP,50,16,50,404.00,"20,200.00"
2019-10-02,2019100201002174,NADEP,28,16,50,404.00,"20,200.00"
2019-10-02,2019100201002206,NBB,6,34,100,210.00,"21,000.00"
2019-10-02,2019100201002043,NBB,42,28,50,209.00,"10,450.00"
2019-10-02,2019100201002042,NBB,53,28,200,209.00,"41,800.00"
2019-10-02,2019100201002041,NBB,25,28,"1,000",209.00,"209,000.00"
2019-10-02,2019100201002040,NBB,5,28,130,209.00,"27,170.00"
2019-10-02,2019100201002031,NBB,25,28,"1,204",210.00,"252,840.00"
2019-10-02,2019100201002030,NBB,17,28,100,210.00,"21,000.00"
2019-10-02,2019100201002097,NBL,45,17,124,314.00,"38,936.00"
2019-10-02,2019100201001909,NBL,45,39,276,314.00,"86,664.00"
2019-10-02,2019100201001908,NBL,52,39,100,314.00,"31,400.00"
2019-10-02,2019100201001907,NBL,25,39,44,314.00,"13,816.00"
2019-10-02,2019100201001906,NBL,39,39,500,314.00,"157,000.00"
2019-10-02,2019100201001905,NBL,5,39,100,314.00,"31,400.00"
2019-10-02,2019100201001904,NBL,45,39,40,314.00,"12,560.00"
2019-10-02,2019100201001903,NBL,26,39,180,314.00,"56,520.00"
2019-10-02,2019100201001843,NBL,44,28,44,315.00,"13,860.00"
2019-10-02,2019100201002141,NCCB,37,33,642,198.00,"127,116.00"
2019-10-02,2019100201002114,NCCB,44,33,183,198.00,"36,234.00"
2019-10-02,2019100201002113,NCCB,44,32,117,198.00,"23,166.00"
2019-10-02,2019100201002046,NCCB,44,32,200,198.00,"39,600.00"
2019-10-02,2019100201001937,NCCB,33,32,156,198.00,"30,888.00"
2019-10-02,2019100201001936,NCCB,33,57,317,198.00,"62,766.00"
2019-10-02,2019100201001922,NCCB,3,33,37,199.00,"7,363.00"
2019-10-02,2019100201001915,NCCB,33,58,557,198.00,"110,286.00"
2019-10-02,2019100201001847,NCCB,33,40,190,198.00,"37,620.00"
2019-10-02,2019100201001846,NCCB,33,34,780,198.00,"154,440.00"
2019-10-02,2019100201001886,NGPL,29,34,11,100.00,"1,100.00"
2019-10-02,2019100201002280,NIB,11,16,102,443.00,"45,186.00"
2019-10-02,2019100201002115,NIB,34,16,20,444.00,"8,880.00"
2019-10-02,2019100201001988,NIB,42,36,11,441.00,"4,851.00"
2019-10-02,2019100201001987,NIB,44,36,500,441.00,"220,500.00"
2019-10-02,2019100201001986,NIB,50,36,40,441.00,"17,640.00"
2019-10-02,2019100201001985,NIB,49,36,313,441.00,"138,033.00"
2019-10-02,2019100201001826,NIB,21,39,100,443.00,"44,300.00"
2019-10-02,2019100201001984,NIB,41,36,30,442.00,"13,260.00"
2019-10-02,2019100201001983,NIB,41,36,200,442.00,"88,400.00"
2019-10-02,2019100201001982,NIB,17,36,50,443.00,"22,150.00"
2019-10-02,2019100201001981,NIB,1,36,853,443.00,"377,879.00"
2019-10-02,2019100201001828,NIB,1,39,147,443.00,"65,121.00"
2019-10-02,2019100201001827,NIB,38,39,53,443.00,"23,479.00"
2019-10-02,2019100201002016,NICA,17,44,150,383.00,"57,450.00"
2019-10-02,2019100201002000,NICA,14,18,990,382.00,"378,180.00"
2019-10-02,2019100201001999,NICA,6,18,10,382.00,"3,820.00"
2019-10-02,2019100201001921,NICA,37,44,250,383.00,"95,750.00"
2019-10-02,2019100201001920,NICA,50,44,500,383.00,"191,500.00"
2019-10-02,2019100201001959,NICL,43,40,"1,000",265.00,"265,000.00"
2019-10-02,2019100201001958,NICL,44,40,"1,000",265.00,"265,000.00"
2019-10-02,2019100201001957,NICL,11,40,500,265.00,"132,500.00"
2019-10-02,2019100201001956,NICL,43,40,25,265.00,"6,625.00"
2019-10-02,2019100201001955,NICL,53,40,20,266.00,"5,320.00"
2019-10-02,2019100201001954,NICL,25,40,100,266.00,"26,600.00"
2019-10-02,2019100201001953,NICL,11,40,500,266.00,"133,000.00"
2019-10-02,2019100201001952,NICL,55,40,500,267.00,"133,500.00"
2019-10-02,2019100201001944,NICL,58,40,10,270.00,"2,700.00"
2019-10-02,2019100201002090,NIL,45,22,50,361.00,"18,050.00"
2019-10-02,2019100201002002,NIL,45,5,200,361.00,"72,200.00"
2019-10-02,2019100201001902,NLBBL,6,14,49,496.00,"24,304.00"
2019-10-02,2019100201001901,NLBBL,18,14,50,497.00,"24,850.00"
2019-10-02,2019100201001810,NLBBL,14,33,408,500.00,"204,000.00"
2019-10-02,2019100201002302,NLIC,48,28,30,757.00,"22,710.00"
2019-10-02,2019100201002203,NLIC,21,16,50,758.00,"37,900.00"
2019-10-02,2019100201002048,NLIC,13,28,13,759.00,"9,867.00"
2019-10-02,2019100201001935,NLIC,45,28,60,759.00,"45,540.00"
2019-10-02,2019100201001872,NLIC,19,28,200,759.00,"151,800.00"
2019-10-02,2019100201001871,NLIC,25,28,125,760.00,"95,000.00"
2019-10-02,2019100201001870,NLIC,39,28,45,761.00,"34,245.00"
2019-10-02,2019100201002018,NLICL,35,36,15,468.00,"7,020.00"
2019-10-02,2019100201002017,NLICL,6,36,85,468.00,"39,780.00"
2019-10-02,2019100201001892,NLICL,50,6,40,470.00,"18,800.00"
2019-10-02,2019100201001862,NMBMF,57,34,15,"1,070.00","16,050.00"
2019-10-02,2019100201001861,NMBMF,57,57,10,"1,070.00","10,700.00"
2019-10-02,2019100201001833,NNLB,16,55,50,427.00,"21,350.00"
2019-10-02,2019100201001918,NTC,59,33,10,637.00,"6,370.00"
2019-10-02,2019100201001880,NTC,57,35,18,625.00,"11,250.00"
2019-10-02,2019100201002279,OHL,52,40,82,479.00,"39,278.00"
2019-10-02,2019100201002278,OHL,26,40,100,479.00,"47,900.00"
2019-10-02,2019100201002277,OHL,43,40,29,479.00,"13,891.00"
2019-10-02,2019100201002276,OHL,41,40,10,480.00,"4,800.00"
2019-10-02,2019100201002104,OHL,45,25,100,480.00,"48,000.00"
2019-10-02,2019100201002103,OHL,34,25,100,481.00,"48,100.00"
2019-10-02,2019100201002102,OHL,22,25,20,481.00,"9,620.00"
2019-10-02,2019100201002101,OHL,45,25,150,481.00,"72,150.00"
2019-10-02,2019100201002100,OHL,6,25,100,485.00,"48,500.00"
2019-10-02,2019100201002099,OHL,25,25,50,485.00,"24,250.00"
2019-10-02,2019100201002183,PCBL,39,43,50,268.00,"13,400.00"
2019-10-02,2019100201002140,PCBL,18,43,20,268.00,"5,360.00"
2019-10-02,2019100201002139,PCBL,48,43,20,268.00,"5,360.00"
2019-10-02,2019100201002138,PCBL,58,43,191,268.00,"51,188.00"
2019-10-02,2019100201002032,PCBL,58,17,161,268.00,"43,148.00"
2019-10-02,2019100201001879,PFL,48,34,11,133.00,"1,463.00"
2019-10-02,2019100201002045,PIC,13,57,76,370.00,"28,120.00"
2019-10-02,2019100201002044,PIC,1,57,30,370.00,"11,100.00"
2019-10-02,2019100201001820,PIC,35,26,101,371.00,"37,471.00"
2019-10-02,2019100201001806,PIC,1,6,20,370.00,"7,400.00"
2019-10-02,2019100201001804,PIC,35,6,"5,000",368.00,"1,840,000.00"
2019-10-02,2019100201001995,PLIC,41,35,20,325.00,"6,500.00"
2019-10-02,2019100201001994,PLIC,33,35,24,325.00,"7,800.00"
2019-10-02,2019100201001980,PLIC,39,49,"1,865",327.00,"609,855.00"
2019-10-02,2019100201001911,PLIC,39,55,135,327.00,"44,145.00"
2019-10-02,2019100201001910,PLIC,14,55,65,330.00,"21,450.00"
2019-10-02,2019100201001884,PLIC,45,57,300,331.00,"99,300.00"
2019-10-02,2019100201001837,PPCL,40,28,20,94.00,"1,880.00"
2019-10-02,2019100201001849,PRIN,44,33,17,312.00,"5,304.00"
2019-10-02,2019100201002168,PRVU,44,50,400,262.00,"104,800.00"
2019-10-02,2019100201002074,PRVU,44,58,192,263.00,"50,496.00"
2019-10-02,2019100201001964,PRVU,50,34,726,262.00,"190,212.00"
2019-10-02,2019100201001917,PRVU,25,34,200,262.00,"52,400.00"
2019-10-02,2019100201001916,PRVU,21,34,74,262.00,"19,388.00"
2019-10-02,2019100201002075,PRVU,44,36,108,263.00,"28,404.00"
2019-10-02,2019100201002247,RHPL,40,3,20,159.00,"3,180.00"
2019-10-02,2019100201002246,RHPL,40,3,20,159.00,"3,180.00"
2019-10-02,2019100201002218,RHPL,1,29,20,160.00,"3,200.00"
2019-10-02,2019100201002087,RHPL,40,3,40,159.00,"6,360.00"
2019-10-02,2019100201002072,RHPL,40,1,300,159.00,"47,700.00"
2019-10-02,2019100201002058,RHPL,40,29,40,159.00,"6,360.00"
2019-10-02,2019100201001824,RHPL,40,17,30,159.00,"4,770.00"
2019-10-02,2019100201002015,RHPL,40,50,500,159.00,"79,500.00"
2019-10-02,2019100201002007,RHPL,40,22,40,159.00,"6,360.00"
2019-10-02,2019100201001890,RHPL,40,46,10,159.00,"1,590.00"
2019-10-02,2019100201001876,RHPL,40,46,20,159.00,"3,180.00"
2019-10-02,2019100201001836,RHPL,40,17,30,159.00,"4,770.00"
2019-10-02,2019100201001834,RHPL,40,28,30,159.00,"4,770.00"
2019-10-02,2019100201001866,RLFL,34,44,46,115.00,"5,290.00"
2019-10-02,2019100201002156,RMDC,39,25,207,605.00,"125,235.00"
2019-10-02,2019100201002145,RMDC,39,5,71,605.00,"42,955.00"
2019-10-02,2019100201002144,RMDC,14,5,20,605.00,"12,100.00"
2019-10-02,2019100201002143,RMDC,47,5,50,606.00,"30,300.00"
2019-10-02,2019100201001960,RMDC,38,33,50,606.00,"30,300.00"
2019-10-02,2019100201002223,SABSL,1,58,10,450.00,"4,500.00"
2019-10-02,2019100201001991,SABSL,17,6,20,450.00,"9,000.00"
2019-10-02,2019100201002098,SADBL,19,14,195,138.00,"26,910.00"
2019-10-02,2019100201002084,SADBL,1,14,400,139.00,"55,600.00"
2019-10-02,2019100201002136,SANIMA,18,17,222,305.00,"67,710.00"
2019-10-02,2019100201002135,SANIMA,1,17,38,305.00,"11,590.00"
2019-10-02,2019100201002063,SANIMA,1,28,612,305.00,"186,660.00"
2019-10-02,2019100201002062,SANIMA,57,28,38,306.00,"11,628.00"
2019-10-02,2019100201001913,SANIMA,57,35,12,306.00,"3,672.00"
2019-10-02,2019100201001912,SANIMA,44,35,88,306.00,"26,928.00"
2019-10-02,2019100201002288,SBL,28,55,30,332.00,"9,960.00"
2019-10-02,2019100201002199,SBL,45,55,200,332.00,"66,400.00"
2019-10-02,2019100201002073,SBL,49,55,500,332.00,"166,000.00"
2019-10-02,2019100201002029,SBL,29,55,70,332.00,"23,240.00"
2019-10-02,2019100201002003,SBL,29,17,300,332.00,"99,600.00"
2019-10-02,2019100201001965,SBL,29,34,180,332.00,"59,760.00"
2019-10-02,2019100201001893,SBL,18,34,20,332.00,"6,640.00"
2019-10-02,2019100201001825,SBL,25,34,100,332.00,"33,200.00"
2019-10-02,2019100201002258,SCB,39,58,40,572.00,"22,880.00"
2019-10-02,2019100201002257,SCB,44,58,250,573.00,"143,250.00"
2019-10-02,2019100201002195,SCB,6,16,20,575.00,"11,500.00"
2019-10-02,2019100201002194,SCB,45,16,100,575.00,"57,500.00"
2019-10-02,2019100201002193,SCB,28,16,100,575.00,"57,500.00"
2019-10-02,2019100201002192,SCB,49,16,50,575.00,"28,750.00"
2019-10-02,2019100201002162,SCB,55,20,10,578.00,"5,780.00"
2019-10-02,2019100201002161,SCB,34,20,20,578.00,"11,560.00"
2019-10-02,2019100201002167,SCB,34,20,171,575.00,"98,325.00"
2019-10-02,2019100201002166,SCB,44,20,300,576.00,"172,800.00"
2019-10-02,2019100201002165,SCB,59,20,349,576.00,"201,024.00"
2019-10-02,2019100201002164,SCB,1,20,100,577.00,"57,700.00"
2019-10-02,2019100201002163,SCB,7,20,50,578.00,"28,900.00"
2019-10-02,2019100201002191,SCB,34,16,29,575.00,"16,675.00"
2019-10-02,2019100201002150,SDESI,11,34,29,610.00,"17,690.00"
2019-10-02,2019100201002267,SHIVM,34,19,50,510.00,"25,500.00"
2019-10-02,2019100201002266,SHIVM,17,19,100,510.00,"51,000.00"
2019-10-02,2019100201002237,SHIVM,25,52,200,511.00,"102,200.00"
2019-10-02,2019100201002236,SHIVM,44,52,200,511.00,"102,200.00"
2019-10-02,2019100201002235,SHIVM,21,52,"1,985",511.00,"1,014,335.00"
2019-10-02,2019100201002217,SHIVM,21,39,15,511.00,"7,665.00"
2019-10-02,2019100201001948,SHIVM,39,14,100,514.00,"51,400.00"
2019-10-02,2019100201001947,SHIVM,22,14,30,514.00,"15,420.00"
2019-10-02,2019100201001946,SHIVM,19,14,30,515.00,"15,450.00"
2019-10-02,2019100201001945,SHIVM,43,14,10,515.00,"5,150.00"
2019-10-02,2019100201001881,SHIVM,52,42,50,516.00,"25,800.00"
2019-10-02,2019100201001832,SHIVM,43,26,90,515.00,"46,350.00"
2019-10-02,2019100201001972,SHIVM,42,5,30,513.00,"15,390.00"
2019-10-02,2019100201001971,SHIVM,19,5,50,513.00,"25,650.00"
2019-10-02,2019100201001970,SHIVM,10,5,40,513.00,"20,520.00"
2019-10-02,2019100201001969,SHIVM,41,5,150,513.00,"76,950.00"
2019-10-02,2019100201001968,SHIVM,39,5,82,513.00,"42,066.00"
2019-10-02,2019100201001949,SHIVM,55,14,100,514.00,"51,400.00"
2019-10-02,2019100201001978,SHIVM,50,5,52,512.00,"26,624.00"
2019-10-02,2019100201001977,SHIVM,29,5,50,512.00,"25,600.00"
2019-10-02,2019100201001976,SHIVM,32,5,200,513.00,"102,600.00"
2019-10-02,2019100201001975,SHIVM,14,5,25,513.00,"12,825.00"
2019-10-02,2019100201001974,SHIVM,22,5,10,513.00,"5,130.00"
2019-10-02,2019100201001973,SHIVM,6,5,120,513.00,"61,560.00"
2019-10-02,2019100201002024,SHIVM,6,7,100,512.00,"51,200.00"
2019-10-02,2019100201002023,SHIVM,34,7,100,512.00,"51,200.00"
2019-10-02,2019100201002022,SHIVM,35,7,25,512.00,"12,800.00"
2019-10-02,2019100201002014,SHIVM,25,28,50,512.00,"25,600.00"
2019-10-02,2019100201002013,SHIVM,59,28,50,512.00,"25,600.00"
2019-10-02,2019100201001979,SHIVM,28,5,200,512.00,"102,400.00"
2019-10-02,2019100201002122,SHIVM,41,7,20,512.00,"10,240.00"
2019-10-02,2019100201002121,SHIVM,34,7,75,512.00,"38,400.00"
2019-10-02,2019100201002076,SHIVM,34,5,100,512.00,"51,200.00"
2019-10-02,2019100201002027,SHIVM,34,7,25,512.00,"12,800.00"
2019-10-02,2019100201002026,SHIVM,44,7,100,512.00,"51,200.00"
2019-10-02,2019100201002025,SHIVM,17,7,150,512.00,"76,800.00"
2019-10-02,2019100201002186,SHIVM,35,1,30,512.00,"15,360.00"
2019-10-02,2019100201002185,SHIVM,10,1,15,512.00,"7,680.00"
2019-10-02,2019100201002126,SHIVM,10,7,85,512.00,"43,520.00"
2019-10-02,2019100201002125,SHIVM,32,7,200,512.00,"102,400.00"
2019-10-02,2019100201002124,SHIVM,19,7,100,512.00,"51,200.00"
2019-10-02,2019100201002123,SHIVM,14,7,20,512.00,"10,240.00"
2019-10-02,2019100201002216,SHIVM,45,39,500,511.00,"255,500.00"
2019-10-02,2019100201002215,SHIVM,45,39,300,511.00,"153,300.00"
2019-10-02,2019100201002214,SHIVM,3,39,10,511.00,"5,110.00"
2019-10-02,2019100201002213,SHIVM,1,39,50,512.00,"25,600.00"
2019-10-02,2019100201002197,SHIVM,39,47,45,512.00,"23,040.00"
2019-10-02,2019100201002196,SHIVM,39,1,55,512.00,"28,160.00"
2019-10-02,2019100201002132,SHL,25,34,118,211.00,"24,898.00"
2019-10-02,2019100201002131,SHL,22,34,100,211.00,"21,100.00"
2019-10-02,2019100201002219,SHPC,11,17,998,194.00,"193,612.00"
2019-10-02,2019100201002071,SHPC,48,25,20,197.00,"3,940.00"
2019-10-02,2019100201002070,SHPC,48,58,200,195.00,"39,000.00"
2019-10-02,2019100201002028,SHPC,57,16,460,194.00,"89,240.00"
2019-10-02,2019100201001950,SHPC,44,58,50,195.00,"9,750.00"
2019-10-02,2019100201002093,SIC,29,34,80,470.00,"37,600.00"
2019-10-02,2019100201002092,SIC,42,34,20,470.00,"9,400.00"
2019-10-02,2019100201002091,SIC,35,34,50,473.00,"23,650.00"
2019-10-02,2019100201002094,SICL,45,58,15,713.00,"10,695.00"
2019-10-02,2019100201001998,SICL,45,58,220,713.00,"156,860.00"
2019-10-02,2019100201002207,SJCL,43,35,260,168.00,"43,680.00"
2019-10-02,2019100201002116,SJCL,43,3,20,168.00,"3,360.00"
2019-10-02,2019100201002068,SJCL,43,29,10,168.00,"1,680.00"
2019-10-02,2019100201001839,SJCL,58,17,20,167.00,"3,340.00"
2019-10-02,2019100201001830,SJCL,58,28,20,167.00,"3,340.00"
2019-10-02,2019100201001829,SJCL,58,17,20,167.00,"3,340.00"
2019-10-02,2019100201001807,SJCL,58,17,20,167.00,"3,340.00"
2019-10-02,2019100201001803,SJCL,43,45,20,168.00,"3,360.00"
2019-10-02,2019100201001883,SJCL,58,46,20,167.00,"3,340.00"
2019-10-02,2019100201002053,SJCL,1,35,20,169.00,"3,380.00"
2019-10-02,2019100201002050,SJCL,43,22,10,168.00,"1,680.00"
2019-10-02,2019100201002049,SJCL,43,59,70,168.00,"11,760.00"
2019-10-02,2019100201001899,SJCL,58,46,10,167.00,"1,670.00"
2019-10-02,2019100201002240,SKBBL,39,5,495,910.00,"450,450.00"
2019-10-02,2019100201002179,SKBBL,39,58,475,910.00,"432,250.00"
2019-10-02,2019100201002172,SKBBL,39,5,30,910.00,"27,300.00"
2019-10-02,2019100201002171,SKBBL,22,5,50,910.00,"45,500.00"
2019-10-02,2019100201002170,SKBBL,39,26,75,911.00,"68,325.00"
2019-10-02,2019100201001889,SKBBL,22,55,100,911.00,"91,100.00"
2019-10-02,2019100201001989,SLBBL,35,33,65,531.00,"34,515.00"
2019-10-02,2019100201002261,SLICL,58,5,14,263.00,"3,682.00"
2019-10-02,2019100201002182,SLICL,58,55,50,268.00,"13,400.00"
2019-10-02,2019100201002052,SLICL,57,17,20,272.00,"5,440.00"
2019-10-02,2019100201002051,SLICL,17,17,28,273.00,"7,644.00"
2019-10-02,2019100201001919,SLICL,17,55,72,273.00,"19,656.00"
2019-10-02,2019100201001809,SLICL,19,55,78,273.00,"21,294.00"
2019-10-02,2019100201002260,SMATA,34,45,100,531.00,"53,100.00"
2019-10-02,2019100201002259,SMATA,41,45,149,533.00,"79,417.00"
2019-10-02,2019100201002158,SRBL,49,48,85,234.00,"19,890.00"
2019-10-02,2019100201001938,SRBL,35,48,500,234.00,"117,000.00"
2019-10-02,2019100201001894,SRBL,35,48,30,234.00,"7,020.00"
2019-10-02,2019100201001878,SRBL,41,48,10,234.00,"2,340.00"
2019-10-02,2019100201001877,SRBL,57,48,700,234.00,"163,800.00"
2019-10-02,2019100201001814,SRBL,57,48,"1,000",234.00,"234,000.00"
2019-10-02,2019100201001838,SWBBL,36,49,100,905.00,"90,500.00"
2019-10-02,2019100201002120,TMDBL,28,40,"1,000",147.00,"147,000.00"
2019-10-02,2019100201002119,TMDBL,59,40,180,147.00,"26,460.00"
2019-10-02,2019100201001898,TMDBL,35,55,50,147.00,"7,350.00"
2019-10-02,2019100201001897,TMDBL,59,55,120,147.00,"17,640.00"
2019-10-02,2019100201001896,TMDBL,59,55,50,148.00,"7,400.00"
2019-10-02,2019100201001951,TRH,14,4,500,283.00,"141,500.00"
2019-10-02,2019100201001895,TRH,14,32,10,283.00,"2,830.00"
2019-10-02,2019100201001835,UPCL,39,34,50,79.00,"3,950.00"
2019-10-02,2019100201002202,UPPER,13,17,215,235.00,"50,525.00"
2019-10-02,2019100201002201,UPPER,52,17,110,236.00,"25,960.00"
2019-10-02,2019100201002200,UPPER,21,17,20,236.00,"4,720.00"
2019-10-02,2019100201001486,ADBL,39,40,553,416.00,"230,048.00"
2019-10-02,2019100201001413,ADBL,54,40,100,416.00,"41,600.00"
2019-10-02,2019100201001543,AHPC,17,6,20,97.00,"1,940.00"
2019-10-02,2019100201001485,AHPC,51,6,100,97.00,"9,700.00"
2019-10-02,2019100201001714,AKBSL,35,35,10,413.00,"4,130.00"
2019-10-02,2019100201001666,AKBSL,52,17,10,413.00,"4,130.00"
2019-10-02,2019100201001494,AKBSL,52,17,10,413.00,"4,130.00"
2019-10-02,2019100201001467,AKBSL,16,55,10,415.00,"4,150.00"
2019-10-02,2019100201001321,AKBSL,16,34,20,415.00,"8,300.00"
2019-10-02,2019100201001798,AKJCL,17,17,20,55.00,"1,100.00"
2019-10-02,2019100201001752,AKJCL,17,17,10,55.00,550.00
2019-10-02,2019100201001724,AKJCL,17,17,10,55.00,550.00
2019-10-02,2019100201001536,AKJCL,17,17,10,55.00,550.00
2019-10-02,2019100201001371,AKPL,42,42,10,138.00,"1,380.00"
2019-10-02,2019100201001460,ALBSL,28,39,50,386.00,"19,300.00"
2019-10-02,2019100201001368,ALBSL,47,39,48,384.00,"18,432.00"
2019-10-02,2019100201001367,ALBSL,13,39,17,384.00,"6,528.00"
2019-10-02,2019100201001366,ALBSL,42,39,45,384.00,"17,280.00"
2019-10-02,2019100201001365,ALBSL,57,39,100,384.00,"38,400.00"
2019-10-02,2019100201001364,ALBSL,45,39,100,384.00,"38,400.00"
2019-10-02,2019100201001363,ALBSL,13,39,40,384.00,"15,360.00"
2019-10-02,2019100201001362,ALBSL,22,39,50,385.00,"19,250.00"
2019-10-02,2019100201001361,ALBSL,45,39,100,386.00,"38,600.00"
2019-10-02,2019100201001360,ALBSL,33,39,20,386.00,"7,720.00"
2019-10-02,2019100201001315,ALBSL,17,6,10,387.00,"3,870.00"
2019-10-02,2019100201001430,API,41,29,"4,500",113.00,"508,500.00"
2019-10-02,2019100201001374,API,32,38,90,112.00,"10,080.00"
2019-10-02,2019100201001493,BFC,52,57,689,90.00,"62,010.00"
2019-10-02,2019100201001492,BFC,52,57,100,90.00,"9,000.00"
2019-10-02,2019100201001491,BFC,8,57,20,90.00,"1,800.00"
2019-10-02,2019100201001383,BFC,8,59,300,91.00,"27,300.00"
2019-10-02,2019100201001792,BOKL,6,53,204,260.00,"53,040.00"
2019-10-02,2019100201001791,BOKL,32,53,300,260.00,"78,000.00"
2019-10-02,2019100201001790,BOKL,16,53,130,260.00,"33,800.00"
2019-10-02,2019100201001789,BOKL,16,38,170,260.00,"44,200.00"
2019-10-02,2019100201001788,BOKL,49,38,10,260.00,"2,600.00"
2019-10-02,2019100201001762,BOKL,49,26,40,260.00,"10,400.00"
2019-10-02,2019100201001379,BOKL,38,41,200,260.00,"52,000.00"
2019-10-02,2019100201001554,BOKL,49,41,524,260.00,"136,240.00"
2019-10-02,2019100201001510,BOKL,48,58,557,259.00,"144,263.00"
2019-10-02,2019100201001509,BOKL,42,58,"1,443",259.00,"373,737.00"
2019-10-02,2019100201001437,BOKL,5,41,200,260.00,"52,000.00"
2019-10-02,2019100201001421,BOKL,51,56,500,260.00,"130,000.00"
2019-10-02,2019100201001401,BOKL,42,42,10,259.00,"2,590.00"
2019-10-02,2019100201001560,BOKL,49,25,800,260.00,"208,000.00"
2019-10-02,2019100201001559,BOKL,49,54,500,260.00,"130,000.00"
2019-10-02,2019100201001558,BOKL,49,17,934,260.00,"242,840.00"
2019-10-02,2019100201001557,BOKL,49,26,300,260.00,"78,000.00"
2019-10-02,2019100201001556,BOKL,49,46,319,260.00,"82,940.00"
2019-10-02,2019100201001555,BOKL,49,28,500,260.00,"130,000.00"
2019-10-02,2019100201001599,BOKL,51,17,500,259.00,"129,500.00"
2019-10-02,2019100201001598,BOKL,48,17,443,259.00,"114,737.00"
2019-10-02,2019100201001564,BOKL,49,49,"5,228",260.00,"1,359,280.00"
2019-10-02,2019100201001563,BOKL,49,26,"3,000",260.00,"780,000.00"
2019-10-02,2019100201001562,BOKL,49,25,111,260.00,"28,860.00"
2019-10-02,2019100201001561,BOKL,49,33,500,260.00,"130,000.00"
2019-10-02,2019100201001672,BOKL,37,58,400,259.00,"103,600.00"
2019-10-02,2019100201001671,BOKL,58,58,43,259.00,"11,137.00"
2019-10-02,2019100201001645,BOKL,37,37,100,260.00,"26,000.00"
2019-10-02,2019100201001640,BOKL,20,37,200,260.00,"52,000.00"
2019-10-02,2019100201001638,BOKL,20,26,800,260.00,"208,000.00"
2019-10-02,2019100201001600,BOKL,58,17,57,259.00,"14,763.00"
2019-10-02,2019100201001755,BOKL,44,44,"1,271",260.00,"330,460.00"
2019-10-02,2019100201001734,BOKL,49,40,500,260.00,"130,000.00"
2019-10-02,2019100201001725,BOKL,49,1,500,260.00,"130,000.00"
2019-10-02,2019100201001678,BOKL,49,49,"2,312",260.00,"601,120.00"
2019-10-02,2019100201001673,BOKL,6,58,96,259.00,"24,864.00"
2019-10-02,2019100201001420,BOKLPO,16,6,"139,276",160.00,"22,284,160.00"
2019-10-02,2019100201001622,BPCL,17,17,22,362.00,"7,964.00"
2019-10-02,2019100201001573,BPCL,17,17,22,362.00,"7,964.00"
2019-10-02,2019100201001431,BPCL,29,47,33,362.00,"11,946.00"
2019-10-02,2019100201001423,BPCL,53,47,17,362.00,"6,154.00"
2019-10-02,2019100201001754,CBL,40,17,115,144.00,"16,560.00"
2019-10-02,2019100201001633,CBL,29,11,68,143.00,"9,724.00"
2019-10-02,2019100201001632,CCBL,29,11,53,154.00,"8,162.00"
2019-10-02,2019100201001631,CCBL,59,11,11,155.00,"1,705.00"
2019-10-02,2019100201001612,CCBL,59,37,122,155.00,"18,910.00"
2019-10-02,2019100201001457,CCBL,59,37,367,155.00,"56,885.00"
2019-10-02,2019100201001438,CCBL,38,37,133,155.00,"20,615.00"
2019-10-02,2019100201001394,CCBL,38,21,367,155.00,"56,885.00"
2019-10-02,2019100201001305,CCBL,29,45,123,154.00,"18,942.00"
2019-10-02,2019100201001304,CCBL,34,45,10,154.00,"1,540.00"
2019-10-02,2019100201001303,CCBL,6,45,70,154.00,"10,780.00"
2019-10-02,2019100201001409,CFCL,57,14,220,111.00,"24,420.00"
2019-10-02,2019100201001744,CHCL,44,44,30,418.00,"12,540.00"
2019-10-02,2019100201001733,CHCL,29,25,77,417.00,"32,109.00"
2019-10-02,2019100201001732,CHCL,40,25,200,417.00,"83,400.00"
2019-10-02,2019100201001483,CIT,19,52,60,"1,810.00","108,600.00"
2019-10-02,2019100201001482,CIT,26,52,30,"1,811.00","54,330.00"
2019-10-02,2019100201001376,CIT,39,54,100,"1,813.00","181,300.00"
2019-10-02,2019100201001375,CIT,5,54,20,"1,813.00","36,260.00"
2019-10-02,2019100201001793,CZBIL,43,17,10,194.00,"1,940.00"
2019-10-02,2019100201001765,CZBIL,41,54,100,195.00,"19,500.00"
2019-10-02,2019100201001676,CZBIL,17,54,15,195.00,"2,925.00"
2019-10-02,2019100201001675,CZBIL,49,54,40,195.00,"7,800.00"
2019-10-02,2019100201001624,CZBIL,49,17,10,195.00,"1,950.00"
2019-10-02,2019100201001578,CZBIL,49,17,10,195.00,"1,950.00"
2019-10-02,2019100201001571,CZBIL,49,4,30,195.00,"5,850.00"
2019-10-02,2019100201001570,CZBIL,21,4,190,195.00,"37,050.00"
2019-10-02,2019100201001541,CZBIL,21,17,10,195.00,"1,950.00"
2019-10-02,2019100201001328,CZBIL,14,22,87,195.00,"16,965.00"
2019-10-02,2019100201001327,CZBIL,57,22,13,195.00,"2,535.00"
2019-10-02,2019100201001730,DBBL,57,41,100,128.00,"12,800.00"
2019-10-02,2019100201001708,DBBL,57,41,200,128.00,"25,600.00"
2019-10-02,2019100201001547,DBBL,32,41,50,128.00,"6,400.00"
2019-10-02,2019100201001546,DBBL,57,41,150,128.00,"19,200.00"
2019-10-02,2019100201001696,EBL,16,44,95,572.00,"54,340.00"
2019-10-02,2019100201001637,EBL,16,6,235,572.00,"134,420.00"
2019-10-02,2019100201001636,EBL,17,6,65,572.00,"37,180.00"
2019-10-02,2019100201001620,EBL,21,25,100,573.00,"57,300.00"
2019-10-02,2019100201001614,EBL,22,25,100,573.00,"57,300.00"
2019-10-02,2019100201001611,EBL,21,25,100,573.00,"57,300.00"
2019-10-02,2019100201001575,EBL,11,25,100,573.00,"57,300.00"
2019-10-02,2019100201001574,EBL,34,25,100,573.00,"57,300.00"
2019-10-02,2019100201001463,EBL,52,58,300,574.00,"172,200.00"
2019-10-02,2019100201001459,EBL,45,58,100,574.00,"57,400.00"
2019-10-02,2019100201001458,EBL,14,58,89,574.00,"51,086.00"
2019-10-02,2019100201001628,EIC,33,32,50,241.00,"12,050.00"
2019-10-02,2019100201001772,FMDBL,22,16,50,319.00,"15,950.00"
2019-10-02,2019100201001537,GBBL,39,19,"1,000",213.00,"213,000.00"
2019-10-02,2019100201001518,GBBL,14,19,176,212.00,"37,312.00"
2019-10-02,2019100201001517,GBBL,38,19,300,212.00,"63,600.00"
2019-10-02,2019100201001516,GBBL,4,19,24,212.00,"5,088.00"
2019-10-02,2019100201001758,GBLBS,26,45,15,322.00,"4,830.00"
2019-10-02,2019100201001662,GILB,57,22,20,710.00,"14,200.00"
2019-10-02,2019100201001661,GILB,57,22,20,710.00,"14,200.00"
2019-10-02,2019100201001370,GILB,7,22,20,710.00,"14,200.00"
2019-10-02,2019100201001372,GLBSL,35,35,10,431.00,"4,310.00"
2019-10-02,2019100201001339,GLBSL,52,56,10,430.00,"4,300.00"
2019-10-02,2019100201001786,GLICL,42,48,19,366.00,"6,954.00"
2019-10-02,2019100201001785,GLICL,21,48,65,366.00,"23,790.00"
2019-10-02,2019100201001784,GLICL,17,48,200,367.00,"73,400.00"
2019-10-02,2019100201001783,GLICL,58,48,15,367.00,"5,505.00"
2019-10-02,2019100201001306,GMFBS,40,40,10,455.00,"4,550.00"
2019-10-02,2019100201001670,GRDBL,29,57,450,105.00,"47,250.00"
2019-10-02,2019100201001433,GRDBL,33,42,115,104.00,"11,960.00"
2019-10-02,2019100201001422,GRDBL,34,57,100,105.00,"10,500.00"
2019-10-02,2019100201001801,HBL,49,25,100,500.00,"50,000.00"
2019-10-02,2019100201001800,HBL,42,25,25,500.00,"12,500.00"
2019-10-02,2019100201001488,HBL,52,44,"1,000",510.00,"510,000.00"
2019-10-02,2019100201001487,HBL,52,56,20,509.00,"10,180.00"
2019-10-02,2019100201001444,HBL,38,56,80,509.00,"40,720.00"
2019-10-02,2019100201001428,HBL,38,39,20,509.00,"10,180.00"
2019-10-02,2019100201001419,HBL,38,28,100,509.00,"50,900.00"
2019-10-02,2019100201001338,HBL,47,55,44,501.00,"22,044.00"
2019-10-02,2019100201001751,HDL,26,32,10,"1,490.00","14,900.00"
2019-10-02,2019100201001750,HDL,26,22,100,"1,487.00","148,700.00"
2019-10-02,2019100201001749,HDL,26,51,20,"1,485.00","29,700.00"
2019-10-02,2019100201001681,HGI,39,54,185,270.00,"49,950.00"
2019-10-02,2019100201001386,HIDCL,57,57,143,135.00,"19,305.00"
2019-10-02,2019100201001325,HIDCL,32,29,"1,069",134.00,"143,246.00"
2019-10-02,2019100201001324,HIDCL,19,29,330,134.00,"44,220.00"
2019-10-02,2019100201001610,HPPL,4,52,10,147.00,"1,470.00"
2019-10-02,2019100201001465,HURJA,34,6,20,106.00,"2,120.00"
2019-10-02,2019100201001443,HURJA,34,6,20,106.00,"2,120.00"
2019-10-02,2019100201001317,HURJA,34,38,20,106.00,"2,120.00"
2019-10-02,2019100201001747,ILBS,53,17,10,419.00,"4,190.00"
2019-10-02,2019100201001715,ILBS,39,17,10,419.00,"4,190.00"
2019-10-02,2019100201001712,ILBS,39,17,10,419.00,"4,190.00"
2019-10-02,2019100201001679,ILBS,39,17,10,419.00,"4,190.00"
2019-10-02,2019100201001613,ILBS,14,17,10,420.00,"4,200.00"
2019-10-02,2019100201001565,ILBS,14,17,10,420.00,"4,200.00"
2019-10-02,2019100201001508,ILBS,14,17,10,420.00,"4,200.00"
2019-10-02,2019100201001455,ILBS,39,17,10,419.00,"4,190.00"
2019-10-02,2019100201001450,ILBS,35,35,10,420.00,"4,200.00"
2019-10-02,2019100201001408,ILBS,39,42,10,419.00,"4,190.00"
2019-10-02,2019100201001402,ILBS,35,35,10,420.00,"4,200.00"
2019-10-02,2019100201001625,JBBL,39,11,33,156.00,"5,148.00"
2019-10-02,2019100201001736,KBL,17,57,500,180.00,"90,000.00"
2019-10-02,2019100201001735,KBL,55,57,778,180.00,"140,040.00"
2019-10-02,2019100201001727,KBL,44,44,"2,329",181.00,"421,549.00"
2019-10-02,2019100201001589,KBL,10,49,127,183.00,"23,241.00"
2019-10-02,2019100201001588,KBL,10,29,"1,000",183.00,"183,000.00"
2019-10-02,2019100201001587,KBL,10,42,200,183.00,"36,600.00"
2019-10-02,2019100201001425,KBL,41,51,89,179.00,"15,931.00"
2019-10-02,2019100201001350,KBL,35,14,200,179.00,"35,800.00"
2019-10-02,2019100201001349,KBL,40,14,300,179.00,"53,700.00"
2019-10-02,2019100201001348,KBL,22,14,17,179.00,"3,043.00"
2019-10-02,2019100201001347,KBL,34,14,35,179.00,"6,265.00"
2019-10-02,2019100201001580,KBL,10,57,100,182.00,"18,200.00"
2019-10-02,2019100201001579,KBL,10,45,81,182.00,"14,742.00"
2019-10-02,2019100201001532,KBL,39,42,100,181.00,"18,100.00"
2019-10-02,2019100201001531,KBL,39,17,669,181.00,"121,089.00"
2019-10-02,2019100201001530,KBL,39,35,48,181.00,"8,688.00"
2019-10-02,2019100201001495,KBL,55,40,222,180.00,"39,960.00"
2019-10-02,2019100201001586,KBL,10,57,100,183.00,"18,300.00"
2019-10-02,2019100201001585,KBL,10,22,500,182.00,"91,000.00"
2019-10-02,2019100201001584,KBL,10,20,500,182.00,"91,000.00"
2019-10-02,2019100201001583,KBL,10,52,242,182.00,"44,044.00"
2019-10-02,2019100201001582,KBL,10,51,100,182.00,"18,200.00"
2019-10-02,2019100201001581,KBL,10,50,50,182.00,"9,100.00"
2019-10-02,2019100201001776,KPCL,11,59,55,78.00,"4,290.00"
2019-10-02,2019100201001424,KPCL,53,59,55,77.00,"4,235.00"
2019-10-02,2019100201001478,KSBBL,41,57,463,141.00,"65,283.00"
2019-10-02,2019100201001477,KSBBL,50,57,"5,000",141.00,"705,000.00"
2019-10-02,2019100201001474,KSBBL,19,57,300,142.00,"42,600.00"
2019-10-02,2019100201001473,KSBBL,39,57,"2,500",142.00,"355,000.00"
2019-10-02,2019100201001472,KSBBL,44,57,500,142.00,"71,000.00"
2019-10-02,2019100201001471,KSBBL,39,57,237,142.00,"33,654.00"
2019-10-02,2019100201001332,KSBBL,39,32,500,142.00,"71,000.00"
2019-10-02,2019100201001311,KSBBL,39,59,652,142.00,"92,584.00"
2019-10-02,2019100201001775,LBL,14,26,30,213.00,"6,390.00"
2019-10-02,2019100201001716,LBL,14,57,238,213.00,"50,694.00"
2019-10-02,2019100201001695,LBL,14,26,500,213.00,"106,500.00"
2019-10-02,2019100201001713,LLBS,26,38,50,651.00,"32,550.00"
2019-10-02,2019100201001778,MEGA,41,35,335,192.00,"64,320.00"
2019-10-02,2019100201001777,MEGA,13,35,215,192.00,"41,280.00"
2019-10-02,2019100201001427,MEGA,25,43,46,193.00,"8,878.00"
2019-10-02,2019100201001426,MEGA,25,58,500,193.00,"96,500.00"
2019-10-02,2019100201001548,MEGA,25,49,254,193.00,"49,022.00"
2019-10-02,2019100201001629,MEGA,32,49,246,193.00,"47,478.00"
2019-10-02,2019100201001549,MEGA,28,49,500,193.00,"96,500.00"
2019-10-02,2019100201001351,MEGAPO,39,35,"11,610",104.00,"1,207,440.00"
2019-10-02,2019100201001665,MERO,21,21,2,549.00,"1,098.00"
2019-10-02,2019100201001658,MERO,19,6,212,560.00,"118,720.00"
2019-10-02,2019100201001657,MERO,19,26,20,560.00,"11,200.00"
2019-10-02,2019100201001529,MERO,19,53,215,560.00,"120,400.00"
2019-10-02,2019100201001398,MERO,19,25,10,555.00,"5,550.00"
2019-10-02,2019100201001397,MERO,37,25,20,555.00,"11,100.00"
2019-10-02,2019100201001528,MERO,19,38,100,560.00,"56,000.00"
2019-10-02,2019100201001527,MERO,19,6,200,560.00,"112,000.00"
2019-10-02,2019100201001526,MERO,19,41,20,558.00,"11,160.00"
2019-10-02,2019100201001525,MERO,19,5,20,558.00,"11,160.00"
2019-10-02,2019100201001524,MERO,19,56,150,558.00,"83,700.00"
2019-10-02,2019100201001320,MLBBL,32,22,50,441.00,"22,050.00"
2019-10-02,2019100201001643,MLBL,25,22,35,212.00,"7,420.00"
2019-10-02,2019100201001642,MLBL,44,22,29,212.00,"6,148.00"
2019-10-02,2019100201001703,MSLB,17,17,9,954.00,"8,586.00"
2019-10-02,2019100201001748,NABIL,22,4,100,775.00,"77,500.00"
2019-10-02,2019100201001707,NABIL,11,3,200,774.00,"154,800.00"
2019-10-02,2019100201001462,NABIL,1,3,11,772.00,"8,492.00"
2019-10-02,2019100201001461,NABIL,1,38,89,772.00,"68,708.00"
2019-10-02,2019100201001411,NABIL,54,38,100,772.00,"77,200.00"
2019-10-02,2019100201001392,NABIL,19,3,67,771.00,"51,657.00"
2019-10-02,2019100201001391,NABIL,55,3,200,771.00,"154,200.00"
2019-10-02,2019100201001390,NABIL,50,3,250,771.00,"192,750.00"
2019-10-02,2019100201001389,NABIL,45,3,50,771.00,"38,550.00"
2019-10-02,2019100201001388,NABIL,34,3,10,771.00,"7,710.00"
2019-10-02,2019100201001387,NABIL,42,3,223,771.00,"171,933.00"
2019-10-02,2019100201001475,NADEP,17,17,10,405.00,"4,050.00"
2019-10-02,2019100201001668,NAGRO,35,35,10,712.00,"7,120.00"
2019-10-02,2019100201001496,NAGRO,34,6,10,715.00,"7,150.00"
2019-10-02,2019100201001382,NAGRO,34,45,10,715.00,"7,150.00"
2019-10-02,2019100201001618,NBB,25,48,796,210.00,"167,160.00"
2019-10-02,2019100201001617,NBB,21,48,144,210.00,"30,240.00"
2019-10-02,2019100201001616,NBB,57,48,"1,060",210.00,"222,600.00"
2019-10-02,2019100201001441,NBB,55,4,"1,000",211.00,"211,000.00"
2019-10-02,2019100201001309,NBB,57,57,"1,140",210.00,"239,400.00"
2019-10-02,2019100201001308,NBB,59,57,160,210.00,"33,600.00"
2019-10-02,2019100201001307,NBB,25,57,900,210.00,"189,000.00"
2019-10-02,2019100201001770,NBL,44,39,700,315.00,"220,500.00"
2019-10-02,2019100201001720,NBL,44,16,256,315.00,"80,640.00"
2019-10-02,2019100201001719,NBL,18,16,50,315.00,"15,750.00"
2019-10-02,2019100201001718,NBL,57,16,150,315.00,"47,250.00"
2019-10-02,2019100201001717,NBL,54,16,44,315.00,"13,860.00"
2019-10-02,2019100201001680,NBL,44,44,"3,240",315.00,"1,020,600.00"
2019-10-02,2019100201001359,NBL,47,38,276,315.00,"86,940.00"
2019-10-02,2019100201001623,NBL,57,45,130,316.00,"41,080.00"
2019-10-02,2019100201001538,NBL,36,45,16,316.00,"5,056.00"
2019-10-02,2019100201001519,NBL,57,34,50,315.00,"15,750.00"
2019-10-02,2019100201001418,NBL,54,43,56,315.00,"17,640.00"
2019-10-02,2019100201001381,NBL,47,43,194,315.00,"61,110.00"
2019-10-02,2019100201001377,NBL,47,22,"1,000",315.00,"315,000.00"
2019-10-02,2019100201001684,NCCB,16,4,18,197.00,"3,546.00"
2019-10-02,2019100201001683,NCCB,28,4,200,197.00,"39,400.00"
2019-10-02,2019100201001682,NCCB,28,4,187,197.00,"36,839.00"
2019-10-02,2019100201001664,NCCB,28,45,100,197.00,"19,700.00"
2019-10-02,2019100201001621,NCCB,28,11,67,197.00,"13,199.00"
2019-10-02,2019100201001553,NCCB,4,34,220,198.00,"43,560.00"
2019-10-02,2019100201001407,NCCB,38,39,200,198.00,"39,600.00"
2019-10-02,2019100201001405,NCCB,28,42,15,197.00,"2,955.00"
2019-10-02,2019100201001393,NCCB,37,39,200,198.00,"39,600.00"
2019-10-02,2019100201001316,NCCB,57,39,500,198.00,"99,000.00"
2019-10-02,2019100201001314,NCCB,48,39,100,198.00,"19,800.00"
2019-10-02,2019100201001660,NGPL,44,44,"1,023",102.00,"104,346.00"
2019-10-02,2019100201001552,NGPL,29,34,50,100.00,"5,000.00"
2019-10-02,2019100201001551,NGPL,39,34,50,100.00,"5,000.00"
2019-10-02,2019100201001399,NIB,57,57,39,443.00,"17,277.00"
2019-10-02,2019100201001369,NIB,49,48,72,441.00,"31,752.00"
2019-10-02,2019100201001499,NICA,50,55,500,383.00,"191,500.00"
2019-10-02,2019100201001498,NICA,17,55,15,383.00,"5,745.00"
2019-10-02,2019100201001497,NICA,33,55,125,383.00,"47,875.00"
2019-10-02,2019100201001470,NICA,47,26,100,384.00,"38,400.00"
2019-10-02,2019100201001436,NICA,38,26,100,384.00,"38,400.00"
2019-10-02,2019100201001331,NICA,33,45,75,383.00,"28,725.00"
2019-10-02,2019100201001330,NICA,34,45,10,383.00,"3,830.00"
2019-10-02,2019100201001329,NICA,26,45,115,383.00,"44,045.00"
2019-10-02,2019100201001757,NIL,34,39,342,360.00,"123,120.00"
2019-10-02,2019100201001756,NIL,55,39,378,360.00,"136,080.00"
2019-10-02,2019100201001539,NIL,21,19,100,361.00,"36,100.00"
2019-10-02,2019100201001656,NLG,6,41,10,552.00,"5,520.00"
2019-10-02,2019100201001504,NLG,44,44,"13,156",555.00,"7,301,580.00"
2019-10-02,2019100201001326,NLG,45,47,30,550.00,"16,500.00"
2019-10-02,2019100201001746,NLIC,39,1,300,761.00,"228,300.00"
2019-10-02,2019100201001395,NLIC,39,28,155,759.00,"117,645.00"
2019-10-02,2019100201001384,NLIC,45,58,161,757.00,"121,877.00"
2019-10-02,2019100201001355,NLIC,38,28,100,759.00,"75,900.00"
2019-10-02,2019100201001354,NLIC,48,28,100,759.00,"75,900.00"
2019-10-02,2019100201001353,NLIC,48,28,100,759.00,"75,900.00"
2019-10-02,2019100201001341,NLIC,48,28,20,762.00,"15,240.00"
2019-10-02,2019100201001340,NLIC,26,28,50,763.00,"38,150.00"
2019-10-02,2019100201001352,NLIC,16,28,45,760.00,"34,200.00"
2019-10-02,2019100201001346,NLIC,16,28,20,760.00,"15,200.00"
2019-10-02,2019100201001345,NLIC,52,28,50,760.00,"38,000.00"
2019-10-02,2019100201001344,NLIC,44,28,250,760.00,"190,000.00"
2019-10-02,2019100201001343,NLIC,44,28,10,760.00,"7,600.00"
2019-10-02,2019100201001342,NLIC,16,28,100,762.00,"76,200.00"
2019-10-02,2019100201001780,NLICL,6,25,15,468.00,"7,020.00"
2019-10-02,2019100201001779,NLICL,59,25,50,470.00,"23,500.00"
2019-10-02,2019100201001759,NMBMF,49,19,150,"1,060.00","159,000.00"
2019-10-02,2019100201001742,OHL,6,49,30,485.00,"14,550.00"
2019-10-02,2019100201001741,OHL,41,49,20,488.00,"9,760.00"
2019-10-02,2019100201001763,PCBL,58,25,58,268.00,"15,544.00"
2019-10-02,2019100201001702,PCBL,39,25,480,269.00,"129,120.00"
2019-10-02,2019100201001513,PCBL,39,58,930,270.00,"251,100.00"
2019-10-02,2019100201001512,PCBL,39,26,90,269.00,"24,210.00"
2019-10-02,2019100201001456,PCBL,25,26,100,269.00,"26,900.00"
2019-10-02,2019100201001446,PCBL,14,26,100,269.00,"26,900.00"
2019-10-02,2019100201001435,PCBL,21,26,10,269.00,"2,690.00"
2019-10-02,2019100201001357,PCBL,58,47,90,268.00,"24,120.00"
2019-10-02,2019100201001356,PCBL,44,47,10,268.00,"2,680.00"
2019-10-02,2019100201001335,PCBL,44,47,90,268.00,"24,120.00"
2019-10-02,2019100201001334,PCBL,34,47,10,268.00,"2,680.00"
2019-10-02,2019100201001655,PFL,48,34,13,133.00,"1,729.00"
2019-10-02,2019100201001787,PIC,17,17,20,371.00,"7,420.00"
2019-10-02,2019100201001650,PIC,17,17,20,371.00,"7,420.00"
2019-10-02,2019100201001627,PIC,39,45,170,372.00,"63,240.00"
2019-10-02,2019100201001380,PIC,1,51,50,370.00,"18,500.00"
2019-10-02,2019100201001522,PLIC,14,37,440,330.00,"145,200.00"
2019-10-02,2019100201001521,PLIC,14,17,252,329.00,"82,908.00"
2019-10-02,2019100201001659,PMHPL,17,17,10,90.00,900.00
2019-10-02,2019100201001619,PMHPL,58,17,10,89.00,890.00
2019-10-02,2019100201001667,PRVU,21,34,26,262.00,"6,812.00"
2019-10-02,2019100201001609,PRVU,29,45,"1,000",262.00,"262,000.00"
2019-10-02,2019100201001608,PRVU,16,45,"2,000",262.00,"524,000.00"
2019-10-02,2019100201001607,PRVU,33,45,200,262.00,"52,400.00"
2019-10-02,2019100201001373,PRVU,57,20,400,263.00,"105,200.00"
2019-10-02,2019100201001312,PRVU,57,52,100,263.00,"26,300.00"
2019-10-02,2019100201001606,PRVU,4,45,"3,000",262.00,"786,000.00"
2019-10-02,2019100201001605,PRVU,34,45,667,262.00,"174,754.00"
2019-10-02,2019100201001542,PRVU,36,58,24,263.00,"6,312.00"
2019-10-02,2019100201001440,PRVU,34,20,333,262.00,"87,246.00"
2019-10-02,2019100201001439,PRVU,13,20,35,262.00,"9,170.00"
2019-10-02,2019100201001400,PRVU,13,48,65,262.00,"17,030.00"
2019-10-02,2019100201001769,RHPL,40,17,40,159.00,"6,360.00"
2019-10-02,2019100201001738,RHPL,40,17,40,159.00,"6,360.00"
2019-10-02,2019100201001711,RHPL,57,45,30,160.00,"4,800.00"
2019-10-02,2019100201001689,RHPL,40,17,30,159.00,"4,770.00"
2019-10-02,2019100201001677,RHPL,40,41,40,159.00,"6,360.00"
2019-10-02,2019100201001669,RHPL,40,17,30,159.00,"4,770.00"
2019-10-02,2019100201001479,RHPL,40,17,30,159.00,"4,770.00"
2019-10-02,2019100201001464,RHPL,40,17,40,159.00,"6,360.00"
2019-10-02,2019100201001447,RHPL,40,17,30,159.00,"4,770.00"
2019-10-02,2019100201001442,RHPL,40,17,30,159.00,"4,770.00"
2019-10-02,2019100201001429,RHPL,40,17,30,159.00,"4,770.00"
2019-10-02,2019100201001639,RHPL,40,17,30,159.00,"4,770.00"
2019-10-02,2019100201001601,RHPL,40,17,30,159.00,"4,770.00"
2019-10-02,2019100201001545,RHPL,40,17,30,159.00,"4,770.00"
2019-10-02,2019100201001523,RHPL,40,17,30,159.00,"4,770.00"
2019-10-02,2019100201001514,RHPL,40,17,30,159.00,"4,770.00"
2019-10-02,2019100201001500,RHPL,40,17,30,159.00,"4,770.00"
2019-10-02,2019100201001572,RMDC,39,34,222,610.00,"135,420.00"
2019-10-02,2019100201001761,RRHP,17,17,10,103.00,"1,030.00"
2019-10-02,2019100201001635,RRHP,17,17,10,103.00,"1,030.00"
2019-10-02,2019100201001737,SABSL,35,35,10,449.00,"4,490.00"
2019-10-02,2019100201001544,SABSL,57,17,10,447.00,"4,470.00"
2019-10-02,2019100201001540,SABSL,35,35,10,448.00,"4,480.00"
2019-10-02,2019100201001480,SABSL,42,6,30,450.00,"13,500.00"
2019-10-02,2019100201001434,SABSL,57,17,10,447.00,"4,470.00"
2019-10-02,2019100201001412,SABSL,35,35,10,448.00,"4,480.00"
2019-10-02,2019100201001313,SABSL,57,6,200,448.00,"89,600.00"
2019-10-02,2019100201001310,SABSL,39,6,40,449.00,"17,960.00"
2019-10-02,2019100201001799,SAEF,5,26,"1,000",8.45,"8,450.00"
2019-10-02,2019100201001753,SAEF,13,39,"2,500",8.32,"20,800.00"
2019-10-02,2019100201001700,SANIMA,44,25,162,306.00,"49,572.00"
2019-10-02,2019100201001699,SANIMA,42,25,150,306.00,"45,900.00"
2019-10-02,2019100201001698,SANIMA,33,25,500,306.00,"153,000.00"
2019-10-02,2019100201001697,SANIMA,14,25,165,307.00,"50,655.00"
2019-10-02,2019100201001764,SAPDBL,52,58,30,125.00,"3,750.00"
2019-10-02,2019100201001740,SAPDBL,52,21,40,125.00,"5,000.00"
2019-10-02,2019100201001739,SAPDBL,26,21,10,126.00,"1,260.00"
2019-10-02,2019100201001710,SAPDBL,55,21,30,127.00,"3,810.00"
2019-10-02,2019100201001709,SAPDBL,32,21,25,127.00,"3,175.00"
2019-10-02,2019100201001706,SAPDBL,41,40,"1,500",128.00,"192,000.00"
2019-10-02,2019100201001705,SAPDBL,51,40,100,128.00,"12,800.00"
2019-10-02,2019100201001704,SAPDBL,45,40,50,128.00,"6,400.00"
2019-10-02,2019100201001337,SAPDBL,55,11,90,129.00,"11,610.00"
2019-10-02,2019100201001336,SAPDBL,55,57,10,129.00,"1,290.00"
2019-10-02,2019100201001774,SBI,29,25,412,405.00,"166,860.00"
2019-10-02,2019100201001520,SBI,14,25,30,407.00,"12,210.00"
2019-10-02,2019100201001507,SBI,14,56,121,407.00,"49,247.00"
2019-10-02,2019100201001503,SBI,14,29,80,407.00,"32,560.00"
2019-10-02,2019100201001502,SBI,14,58,703,407.00,"286,121.00"
2019-10-02,2019100201001501,SBI,14,33,20,407.00,"8,140.00"
2019-10-02,2019100201001781,SBL,25,17,100,332.00,"33,200.00"
2019-10-02,2019100201001745,SBL,21,57,20,333.00,"6,660.00"
2019-10-02,2019100201001723,SBL,28,25,216,331.00,"71,496.00"
2019-10-02,2019100201001722,SBL,28,25,50,331.00,"16,550.00"
2019-10-02,2019100201001721,SBL,3,25,60,332.00,"19,920.00"
2019-10-02,2019100201001654,SBL,56,17,150,332.00,"49,800.00"
2019-10-02,2019100201001333,SBL,16,17,"10,000",332.00,"3,320,000.00"
2019-10-02,2019100201001653,SBL,14,17,650,332.00,"215,800.00"
2019-10-02,2019100201001652,SBL,32,17,100,332.00,"33,200.00"
2019-10-02,2019100201001506,SBL,11,22,300,333.00,"99,900.00"
2019-10-02,2019100201001404,SBL,54,58,47,332.00,"15,604.00"
2019-10-02,2019100201001403,SBL,25,58,42,332.00,"13,944.00"
2019-10-02,2019100201001378,SBL,57,17,"7,000",332.00,"2,324,000.00"
2019-10-02,2019100201001782,SCB,32,22,16,583.00,"9,328.00"
2019-10-02,2019100201001768,SCB,32,22,164,580.00,"95,120.00"
2019-10-02,2019100201001767,SCB,32,48,20,580.00,"11,600.00"
2019-10-02,2019100201001766,SCB,32,44,300,580.00,"174,000.00"
2019-10-02,2019100201001729,SCB,11,57,192,579.00,"111,168.00"
2019-10-02,2019100201001728,SCB,11,51,10,579.00,"5,790.00"
2019-10-02,2019100201001416,SCB,17,22,110,576.00,"63,360.00"
2019-10-02,2019100201001415,SCB,19,22,50,577.00,"28,850.00"
2019-10-02,2019100201001414,SCB,19,22,16,578.00,"9,248.00"
2019-10-02,2019100201001410,SCB,42,42,20,578.00,"11,560.00"
2019-10-02,2019100201001481,SCB,36,51,4,565.00,"2,260.00"
2019-10-02,2019100201001417,SCB,6,22,10,576.00,"5,760.00"
2019-10-02,2019100201001688,SCB,59,6,151,576.00,"86,976.00"
2019-10-02,2019100201001687,SCB,52,6,300,576.00,"172,800.00"
2019-10-02,2019100201001686,SCB,38,6,80,577.00,"46,160.00"
2019-10-02,2019100201001685,SCB,22,6,50,577.00,"28,850.00"
2019-10-02,2019100201001615,SCB,36,51,10,579.00,"5,790.00"
2019-10-02,2019100201001590,SCB,58,22,150,577.00,"86,550.00"
2019-10-02,2019100201001771,SHIVM,41,26,10,516.00,"5,160.00"
2019-10-02,2019100201001663,SHIVM,45,25,300,515.00,"154,500.00"
2019-10-02,2019100201001603,SHIVM,41,5,200,515.00,"103,000.00"
2019-10-02,2019100201001602,SHIVM,41,20,300,515.00,"154,500.00"
2019-10-02,2019100201001319,SHIVM,39,42,18,513.00,"9,234.00"
2019-10-02,2019100201001318,SHIVM,7,42,82,513.00,"42,066.00"
2019-10-02,2019100201001597,SHPC,55,28,200,192.00,"38,400.00"
2019-10-02,2019100201001596,SHPC,44,28,200,192.00,"38,400.00"
2019-10-02,2019100201001595,SHPC,48,28,200,192.00,"38,400.00"
2019-10-02,2019100201001594,SHPC,7,28,100,192.00,"19,200.00"
2019-10-02,2019100201001593,SHPC,35,28,20,192.00,"3,840.00"
2019-10-02,2019100201001592,SHPC,46,28,100,193.00,"19,300.00"
2019-10-02,2019100201001591,SHPC,48,28,50,194.00,"9,700.00"
2019-10-02,2019100201001577,SHPC,1,28,100,195.00,"19,500.00"
2019-10-02,2019100201001323,SHPC,48,28,50,198.00,"9,900.00"
2019-10-02,2019100201001322,SHPC,48,44,150,196.00,"29,400.00"
2019-10-02,2019100201001535,SIC,32,19,16,467.00,"7,472.00"
2019-10-02,2019100201001534,SIC,50,19,33,468.00,"15,444.00"
2019-10-02,2019100201001449,SICL,16,6,20,712.00,"14,240.00"
2019-10-02,2019100201001406,SICL,16,58,31,712.00,"22,072.00"
2019-10-02,2019100201001358,SICL,45,58,80,713.00,"57,040.00"
2019-10-02,2019100201001476,SICL,16,6,20,712.00,"14,240.00"
2019-10-02,2019100201001649,SIL,39,39,39,385.00,"15,015.00"
2019-10-02,2019100201001648,SIL,39,39,25,385.00,"9,625.00"
2019-10-02,2019100201001647,SIL,39,39,190,385.00,"73,150.00"
2019-10-02,2019100201001646,SIL,39,43,100,385.00,"38,500.00"
2019-10-02,2019100201001651,SINDU,34,34,10,125.00,"1,250.00"
2019-10-02,2019100201001634,SINDU,34,37,20,123.00,"2,460.00"
2019-10-02,2019100201001802,SJCL,58,17,20,167.00,"3,340.00"
2019-10-02,2019100201001773,SJCL,58,17,20,167.00,"3,340.00"
2019-10-02,2019100201001743,SJCL,58,17,20,167.00,"3,340.00"
2019-10-02,2019100201001692,SJCL,58,17,20,167.00,"3,340.00"
2019-10-02,2019100201001451,SJCL,58,17,20,167.00,"3,340.00"
2019-10-02,2019100201001445,SJCL,58,17,20,167.00,"3,340.00"
2019-10-02,2019100201001432,SJCL,58,17,20,167.00,"3,340.00"
2019-10-02,2019100201001533,SJCL,58,17,10,167.00,"1,670.00"
2019-10-02,2019100201001515,SJCL,58,17,20,167.00,"3,340.00"
2019-10-02,2019100201001505,SJCL,58,17,20,167.00,"3,340.00"
2019-10-02,2019100201001484,SJCL,58,17,20,167.00,"3,340.00"
2019-10-02,2019100201001466,SJCL,58,17,20,167.00,"3,340.00"
2019-10-02,2019100201001674,SJCL,58,17,20,167.00,"3,340.00"
2019-10-02,2019100201001641,SJCL,58,17,20,167.00,"3,340.00"
2019-10-02,2019100201001604,SJCL,58,17,20,167.00,"3,340.00"
2019-10-02,2019100201001550,SJCL,58,17,20,167.00,"3,340.00"
2019-10-02,2019100201001489,SLBBL,6,19,100,532.00,"53,200.00"
2019-10-02,2019100201001630,SLBSL,17,17,10,663.00,"6,630.00"
2019-10-02,2019100201001511,SLBSL,29,17,10,675.00,"6,750.00"
2019-10-02,2019100201001490,SLBSL,55,17,10,675.00,"6,750.00"
2019-10-02,2019100201001797,SLICL,26,39,500,274.00,"137,000.00"
2019-10-02,2019100201001454,SMATA,41,28,250,540.00,"135,000.00"
2019-10-02,2019100201001453,SMATA,41,39,10,540.00,"5,400.00"
2019-10-02,2019100201001452,SMATA,41,41,21,539.00,"11,319.00"
2019-10-02,2019100201001396,SMATA,36,39,10,533.00,"5,330.00"
2019-10-02,2019100201001644,SMB,6,17,10,422.00,"4,220.00"
2019-10-02,2019100201001576,SMFDB,14,19,200,511.00,"102,200.00"
2019-10-02,2019100201001469,SMFDB,29,19,150,501.00,"75,150.00"
2019-10-02,2019100201001468,SMFDB,47,19,50,502.00,"25,100.00"
2019-10-02,2019100201001796,SPDL,44,39,100,76.00,"7,600.00"
2019-10-02,2019100201001626,SRBL,44,44,"5,216",234.00,"1,220,544.00"
2019-10-02,2019100201001731,SWBBL,48,49,188,910.00,"171,080.00"
2019-10-02,2019100201001726,SWBBL,48,26,50,915.00,"45,750.00"
2019-10-02,2019100201001795,UPCL,39,34,80,79.00,"6,320.00"
2019-10-02,2019100201001794,UPCL,13,34,20,79.00,"1,580.00"
2019-10-02,2019100201001694,UPCL,13,34,30,79.00,"2,370.00"
2019-10-02,2019100201001693,UPCL,49,34,20,79.00,"1,580.00"
2019-10-02,2019100201001760,UPPER,33,38,10,238.00,"2,380.00"
2019-10-02,2019100201001701,UPPER,34,45,40,237.00,"9,480.00"
2019-10-02,2019100201001691,UPPER,13,19,217,235.00,"50,995.00"
2019-10-02,2019100201001690,UPPER,49,19,31,235.00,"7,285.00"
2019-10-02,2019100201001569,UPPER,49,22,69,235.00,"16,215.00"
2019-10-02,2019100201001385,UPPER,56,42,10,236.00,"2,360.00"
2019-10-02,2019100201001568,UPPER,49,22,440,235.00,"103,400.00"
2019-10-02,2019100201001567,UPPER,49,22,10,235.00,"2,350.00"
2019-10-02,2019100201001566,UPPER,56,22,471,236.00,"111,156.00"
2019-10-02,2019100201001448,UPPER,42,19,10,237.00,"2,370.00"
2019-10-02,2019100201001272,ADBL,5,6,468,414.00,"193,752.00"
2019-10-02,2019100201001259,ADBL,58,6,30,415.00,"12,450.00"
2019-10-02,2019100201001035,AKBSL,19,8,10,415.00,"4,150.00"
2019-10-02,2019100201001034,AKBSL,19,8,10,415.00,"4,150.00"
2019-10-02,2019100201001033,AKBSL,19,8,10,415.00,"4,150.00"
2019-10-02,2019100201001032,AKBSL,19,46,10,415.00,"4,150.00"
2019-10-02,2019100201000845,AKBSL,39,22,10,412.00,"4,120.00"
2019-10-02,2019100201000984,AKJCL,22,38,20,55.00,"1,100.00"
2019-10-02,2019100201001300,ALBSL,57,6,100,387.00,"38,700.00"
2019-10-02,2019100201001267,ALBSL,35,35,10,388.00,"3,880.00"
2019-10-02,2019100201000989,API,49,35,15,114.00,"1,710.00"
2019-10-02,2019100201000975,API,49,25,85,113.00,"9,605.00"
2019-10-02,2019100201000974,API,35,25,50,113.00,"5,650.00"
2019-10-02,2019100201000973,API,33,25,100,113.00,"11,300.00"
2019-10-02,2019100201001299,BOKL,16,41,60,260.00,"15,600.00"
2019-10-02,2019100201001289,BOKL,42,56,47,259.00,"12,173.00"
2019-10-02,2019100201001288,BOKL,29,56,"1,000",259.00,"259,000.00"
2019-10-02,2019100201001278,BOKL,29,41,225,260.00,"58,500.00"
2019-10-02,2019100201001109,BOKL,37,16,86,259.00,"22,274.00"
2019-10-02,2019100201001094,BOKL,37,19,409,259.00,"105,931.00"
2019-10-02,2019100201000858,BOKL,34,25,412,259.00,"106,708.00"
2019-10-02,2019100201000857,BOKL,52,25,500,259.00,"129,500.00"
2019-10-02,2019100201000856,BOKL,51,25,400,259.00,"103,600.00"
2019-10-02,2019100201000855,BOKL,48,25,206,260.00,"53,560.00"
2019-10-02,2019100201000854,BOKL,56,25,64,260.00,"16,640.00"
2019-10-02,2019100201000902,BOKL,4,56,965,259.00,"249,935.00"
2019-10-02,2019100201000900,BOKL,4,35,535,259.00,"138,565.00"
2019-10-02,2019100201000899,BOKL,21,35,100,259.00,"25,900.00"
2019-10-02,2019100201000898,BOKL,34,35,265,259.00,"68,635.00"
2019-10-02,2019100201000869,BOKL,57,41,40,260.00,"10,400.00"
2019-10-02,2019100201000865,BOKL,34,43,323,259.00,"83,657.00"
2019-10-02,2019100201000912,BOKL,45,56,588,259.00,"152,292.00"
2019-10-02,2019100201000909,BOKL,45,56,412,259.00,"106,708.00"
2019-10-02,2019100201000908,BOKL,14,56,113,259.00,"29,267.00"
2019-10-02,2019100201000907,BOKL,57,56,10,259.00,"2,590.00"
2019-10-02,2019100201000906,BOKL,4,56,965,259.00,"249,935.00"
2019-10-02,2019100201000903,BOKL,4,56,535,259.00,"138,565.00"
2019-10-02,2019100201001093,BOKL,17,19,400,259.00,"103,600.00"
2019-10-02,2019100201001092,BOKL,14,19,58,259.00,"15,022.00"
2019-10-02,2019100201000988,BOKL,43,41,150,260.00,"39,000.00"
2019-10-02,2019100201000937,BOKL,14,11,90,259.00,"23,310.00"
2019-10-02,2019100201000914,BOKL,14,56,702,259.00,"181,818.00"
2019-10-02,2019100201000913,BOKL,41,56,10,259.00,"2,590.00"
2019-10-02,2019100201001075,BPCL,36,49,11,366.00,"4,026.00"
2019-10-02,2019100201001074,BPCL,36,39,11,362.00,"3,982.00"
2019-10-02,2019100201000811,BPCL,46,21,200,361.00,"72,200.00"
2019-10-02,2019100201001230,CBBL,3,45,50,972.00,"48,600.00"
2019-10-02,2019100201000897,CBBL,59,36,40,971.00,"38,840.00"
2019-10-02,2019100201001152,CBL,29,38,10,143.00,"1,430.00"
2019-10-02,2019100201001028,CBL,42,17,99,144.00,"14,256.00"
2019-10-02,2019100201000995,CCBL,49,28,"1,000",154.00,"154,000.00"
2019-10-02,2019100201000950,CCBL,43,21,20,155.00,"3,100.00"
2019-10-02,2019100201000949,CCBL,26,21,60,155.00,"9,300.00"
2019-10-02,2019100201000941,CCBL,26,5,340,155.00,"52,700.00"
2019-10-02,2019100201000940,CCBL,21,5,60,155.00,"9,300.00"
2019-10-02,2019100201000928,CHCL,40,36,100,418.00,"41,800.00"
2019-10-02,2019100201000927,CHCL,40,36,100,418.00,"41,800.00"
2019-10-02,2019100201000926,CHCL,5,36,50,418.00,"20,900.00"
2019-10-02,2019100201000901,CHCL,5,35,150,418.00,"62,700.00"
2019-10-02,2019100201001065,CIT,5,25,30,"1,813.00","54,390.00"
2019-10-02,2019100201001064,CIT,32,25,100,"1,814.00","181,400.00"
2019-10-02,2019100201001302,CZBIL,57,54,300,195.00,"58,500.00"
2019-10-02,2019100201001301,CZBIL,57,28,187,195.00,"36,465.00"
2019-10-02,2019100201001195,CZBIL,1,28,100,195.00,"19,500.00"
2019-10-02,2019100201000986,CZBIL,34,18,35,195.00,"6,825.00"
2019-10-02,2019100201000985,CZBIL,55,18,228,195.00,"44,460.00"
2019-10-02,2019100201000872,CZBIL,55,35,50,195.00,"9,750.00"
2019-10-02,2019100201000824,DBBL,57,44,500,128.00,"64,000.00"
2019-10-02,2019100201001252,DDBL,6,41,300,716.00,"214,800.00"
2019-10-02,2019100201001251,DDBL,53,41,10,716.00,"7,160.00"
2019-10-02,2019100201001004,EBL,38,44,50,576.00,"28,800.00"
2019-10-02,2019100201001003,EBL,38,44,10,576.00,"5,760.00"
2019-10-02,2019100201001277,EIC,13,49,100,240.00,"24,000.00"
2019-10-02,2019100201001101,EIC,41,49,200,240.00,"48,000.00"
2019-10-02,2019100201000852,EIC,57,17,300,240.00,"72,000.00"
2019-10-02,2019100201000851,EIC,22,17,200,240.00,"48,000.00"
2019-10-02,2019100201001043,GBBL,4,34,106,212.00,"22,472.00"
2019-10-02,2019100201001298,GBLBS,16,6,15,323.00,"4,845.00"
2019-10-02,2019100201001087,GBLBS,7,4,50,320.00,"16,000.00"
2019-10-02,2019100201001086,GBLBS,8,4,300,320.00,"96,000.00"
2019-10-02,2019100201001085,GBLBS,34,4,150,320.00,"48,000.00"
2019-10-02,2019100201001042,GBLBS,7,45,46,321.00,"14,766.00"
2019-10-02,2019100201001041,GBLBS,51,45,50,321.00,"16,050.00"
2019-10-02,2019100201001150,GHL,16,38,30,63.00,"1,890.00"
2019-10-02,2019100201001139,GIMES1,43,25,"1,000",6.63,"6,630.00"
2019-10-02,2019100201001285,GLBSL,52,6,130,430.00,"55,900.00"
2019-10-02,2019100201001284,GLBSL,35,6,10,431.00,"4,310.00"
2019-10-02,2019100201001184,GLBSL,35,35,10,431.00,"4,310.00"
2019-10-02,2019100201001226,GLICL,58,26,25,367.00,"9,175.00"
2019-10-02,2019100201001113,GLICL,58,26,160,367.00,"58,720.00"
2019-10-02,2019100201000997,GLICL,21,57,135,366.00,"49,410.00"
2019-10-02,2019100201000996,GLICL,14,57,65,366.00,"23,790.00"
2019-10-02,2019100201001053,GMFBS,32,34,40,448.00,"17,920.00"
2019-10-02,2019100201001052,GMFBS,56,34,40,449.00,"17,960.00"
2019-10-02,2019100201001051,GMFBS,10,34,50,451.00,"22,550.00"
2019-10-02,2019100201001050,GMFBS,43,34,10,452.00,"4,520.00"
2019-10-02,2019100201001049,GMFBS,33,34,100,453.00,"45,300.00"
2019-10-02,2019100201000964,GMFBS,43,22,10,452.00,"4,520.00"
2019-10-02,2019100201000936,GMFBS,38,22,10,456.00,"4,560.00"
2019-10-02,2019100201000886,GMFBS,39,39,200,460.00,"92,000.00"
2019-10-02,2019100201000861,GMFBS,38,22,10,456.00,"4,560.00"
2019-10-02,2019100201000836,GRDBL,8,57,10,105.00,"1,050.00"
2019-10-02,2019100201000977,HBL,22,28,200,500.00,"100,000.00"
2019-10-02,2019100201000915,HBL,1,28,300,500.00,"150,000.00"
2019-10-02,2019100201000934,HDL,58,58,20,"1,480.00","29,600.00"
2019-10-02,2019100201000933,HDL,58,16,20,"1,480.00","29,600.00"
2019-10-02,2019100201000932,HDL,58,49,20,"1,480.00","29,600.00"
2019-10-02,2019100201000931,HDL,58,14,30,"1,475.00","44,250.00"
2019-10-02,2019100201000884,HGI,20,28,20,270.00,"5,400.00"
2019-10-02,2019100201000883,HGI,34,28,500,270.00,"135,000.00"
2019-10-02,2019100201000882,HGI,48,28,100,270.00,"27,000.00"
2019-10-02,2019100201000881,HGI,34,28,117,271.00,"31,707.00"
2019-10-02,2019100201000835,HGI,34,17,83,271.00,"22,493.00"
2019-10-02,2019100201000834,HGI,5,17,107,272.00,"29,104.00"
2019-10-02,2019100201001286,HIDCL,53,48,100,135.00,"13,500.00"
2019-10-02,2019100201001149,HIDCL,6,42,"2,000",135.00,"270,000.00"
2019-10-02,2019100201001228,ILBS,35,35,10,420.00,"4,200.00"
2019-10-02,2019100201001108,ILBS,34,34,60,418.00,"25,080.00"
2019-10-02,2019100201001107,ILBS,34,34,100,419.00,"41,900.00"
2019-10-02,2019100201001106,ILBS,38,34,40,422.00,"16,880.00"
2019-10-02,2019100201000969,ILBS,39,22,10,424.00,"4,240.00"
2019-10-02,2019100201000925,ILBS,39,22,10,424.00,"4,240.00"
2019-10-02,2019100201000910,JOSHI,37,38,20,56.00,"1,120.00"
2019-10-02,2019100201001183,KBL,33,25,500,179.00,"89,500.00"
2019-10-02,2019100201001182,KBL,41,25,100,179.00,"17,900.00"
2019-10-02,2019100201001111,KBL,41,40,378,180.00,"68,040.00"
2019-10-02,2019100201001079,KBL,41,45,122,180.00,"21,960.00"
