Date,Transact. No.,Symbol,Buyer,Seller,Quantity,Rate,Amount
2019-12-11,2019121101007011,ADBL,35,14,200,414.00,"82,800.00"
2019-12-11,2019121101007010,ADBL,35,14,30,414.00,"12,420.00"
2019-12-11,2019121101007009,ADBL,11,14,100,414.00,"41,400.00"
2019-12-11,2019121101007008,ADBL,22,14,100,414.00,"41,400.00"
2019-12-11,2019121101007007,ADBL,34,14,20,414.00,"8,280.00"
2019-12-11,2019121101007006,ADBL,57,14,500,414.00,"207,000.00"
2019-12-11,2019121101007005,ADBL,4,14,50,414.00,"20,700.00"
2019-12-11,2019121101007004,ADBL,4,14,100,414.00,"41,400.00"
2019-12-11,2019121101007003,ADBL,4,14,100,414.00,"41,400.00"
2019-12-11,2019121101006958,ADBL,45,14,200,415.00,"83,000.00"
2019-12-11,2019121101007133,AKBSL,35,16,10,488.00,"4,880.00"
2019-12-11,2019121101007132,AKBSL,35,6,500,487.00,"243,500.00"
2019-12-11,2019121101007131,AKBSL,35,16,10,487.00,"4,870.00"
2019-12-11,2019121101007130,AKBSL,35,16,10,487.00,"4,870.00"
2019-12-11,2019121101007129,AKBSL,35,52,120,486.00,"58,320.00"
2019-12-11,2019121101006999,AKBSL,49,16,10,485.00,"4,850.00"
2019-12-11,2019121101006998,AKBSL,49,16,10,485.00,"4,850.00"
2019-12-11,2019121101006997,AKBSL,49,16,10,485.00,"4,850.00"
2019-12-11,2019121101006996,AKBSL,49,16,10,485.00,"4,850.00"
2019-12-11,2019121101006995,AKBSL,49,16,10,485.00,"4,850.00"
2019-12-11,2019121101006870,AKBSL,35,6,370,480.00,"177,600.00"
2019-12-11,2019121101006720,AKBSL,32,6,400,480.00,"192,000.00"
2019-12-11,2019121101007151,ALICL,50,57,200,360.00,"72,000.00"
2019-12-11,2019121101007111,ALICL,50,57,500,360.00,"180,000.00"
2019-12-11,2019121101007073,ALICL,57,57,280,360.00,"100,800.00"
2019-12-11,2019121101007072,ALICL,57,33,100,359.00,"35,900.00"
2019-12-11,2019121101007071,ALICL,57,38,120,359.00,"43,080.00"
2019-12-11,2019121101007044,ALICL,50,38,850,359.00,"305,150.00"
2019-12-11,2019121101006765,ALICL,42,38,30,359.00,"10,770.00"
2019-12-11,2019121101006801,API,25,52,50,108.00,"5,400.00"
2019-12-11,2019121101006800,API,25,41,"2,000",107.00,"214,000.00"
2019-12-11,2019121101006799,API,25,25,150,107.00,"16,050.00"
2019-12-11,2019121101006798,API,25,41,800,107.00,"85,600.00"
2019-12-11,2019121101006790,API,49,25,200,106.00,"21,200.00"
2019-12-11,2019121101006757,API,25,25,250,107.00,"26,750.00"
2019-12-11,2019121101007113,BARUN,41,28,50,79.00,"3,950.00"
2019-12-11,2019121101006776,BARUN,53,22,50,80.00,"4,000.00"
2019-12-11,2019121101007147,BPCL,5,16,11,360.00,"3,960.00"
2019-12-11,2019121101007137,BPCL,10,44,10,359.00,"3,590.00"
2019-12-11,2019121101007032,BPCL,43,59,32,352.00,"11,264.00"
2019-12-11,2019121101007031,BPCL,57,59,300,352.00,"105,600.00"
2019-12-11,2019121101007030,BPCL,11,59,300,352.00,"105,600.00"
2019-12-11,2019121101007029,BPCL,48,59,150,352.00,"52,800.00"
2019-12-11,2019121101007014,BPCL,33,40,88,359.00,"31,592.00"
2019-12-11,2019121101007013,BPCL,33,37,11,355.00,"3,905.00"
2019-12-11,2019121101007022,BPCL,49,59,300,354.00,"106,200.00"
2019-12-11,2019121101007021,BPCL,33,59,100,354.00,"35,400.00"
2019-12-11,2019121101007020,BPCL,42,59,50,355.00,"17,750.00"
2019-12-11,2019121101007019,BPCL,44,59,100,355.00,"35,500.00"
2019-12-11,2019121101007018,BPCL,21,59,54,355.00,"19,170.00"
2019-12-11,2019121101007017,BPCL,33,59,10,359.00,"3,590.00"
2019-12-11,2019121101007028,BPCL,43,59,25,353.00,"8,825.00"
2019-12-11,2019121101007027,BPCL,55,59,500,353.00,"176,500.00"
2019-12-11,2019121101007026,BPCL,47,59,289,353.00,"102,017.00"
2019-12-11,2019121101007025,BPCL,39,59,100,353.00,"35,300.00"
2019-12-11,2019121101007024,BPCL,34,59,40,354.00,"14,160.00"
2019-12-11,2019121101007023,BPCL,53,59,150,354.00,"53,100.00"
2019-12-11,2019121101006797,CBBL,14,52,60,803.00,"48,180.00"
2019-12-11,2019121101006796,CBBL,45,52,20,804.00,"16,080.00"
2019-12-11,2019121101006795,CBBL,51,52,20,807.00,"16,140.00"
2019-12-11,2019121101006861,CBL,6,58,100,139.00,"13,900.00"
2019-12-11,2019121101006826,CBL,33,19,110,138.00,"15,180.00"
2019-12-11,2019121101006811,CBL,36,58,800,139.00,"111,200.00"
2019-12-11,2019121101006777,CBL,42,58,50,139.00,"6,950.00"
2019-12-11,2019121101006905,CCBL,45,44,10,167.00,"1,670.00"
2019-12-11,2019121101006904,CCBL,35,44,100,167.00,"16,700.00"
2019-12-11,2019121101006903,CCBL,58,44,90,167.00,"15,030.00"
2019-12-11,2019121101006684,CCBL,58,14,"2,910",167.00,"485,970.00"
2019-12-11,2019121101006683,CCBL,42,14,90,167.00,"15,030.00"
2019-12-11,2019121101006782,CFCL,33,28,"1,000",113.00,"113,000.00"
2019-12-11,2019121101006875,CIT,51,40,100,"1,755.00","175,500.00"
2019-12-11,2019121101006854,CMF1,43,48,300,9.08,"2,724.00"
2019-12-11,2019121101006848,CZBIL,45,13,15,189.00,"2,835.00"
2019-12-11,2019121101006760,EBL,50,16,200,563.00,"112,600.00"
2019-12-11,2019121101006679,EBL,45,44,110,562.00,"61,820.00"
2019-12-11,2019121101007150,EIC,7,17,500,250.00,"125,000.00"
2019-12-11,2019121101007099,EIC,56,14,84,253.00,"21,252.00"
2019-12-11,2019121101007069,EIC,5,49,300,250.00,"75,000.00"
2019-12-11,2019121101007068,EIC,5,54,49,250.00,"12,250.00"
2019-12-11,2019121101007067,EIC,5,45,51,250.00,"12,750.00"
2019-12-11,2019121101007061,EIC,56,34,300,249.00,"74,700.00"
2019-12-11,2019121101006718,EIC,33,51,200,244.00,"48,800.00"
2019-12-11,2019121101006836,EIC,37,45,90,247.00,"22,230.00"
2019-12-11,2019121101006755,EIC,55,16,100,249.00,"24,900.00"
2019-12-11,2019121101006746,EIC,56,16,350,249.00,"87,150.00"
2019-12-11,2019121101006745,EIC,56,3,50,248.00,"12,400.00"
2019-12-11,2019121101006744,EIC,56,38,100,247.00,"24,700.00"
2019-12-11,2019121101006734,EIC,33,10,180,245.00,"44,100.00"
2019-12-11,2019121101006987,EIC,42,45,25,248.00,"6,200.00"
2019-12-11,2019121101006928,EIC,56,16,110,249.00,"27,390.00"
2019-12-11,2019121101006927,EIC,56,45,600,248.00,"148,800.00"
2019-12-11,2019121101006925,EIC,44,45,100,248.00,"24,800.00"
2019-12-11,2019121101006867,EIC,11,16,50,249.00,"12,450.00"
2019-12-11,2019121101006863,EIC,37,16,180,249.00,"44,820.00"
2019-12-11,2019121101007038,EIC,56,21,31,249.00,"7,719.00"
2019-12-11,2019121101007037,EIC,56,6,100,249.00,"24,900.00"
2019-12-11,2019121101007036,EIC,56,16,210,249.00,"52,290.00"
2019-12-11,2019121101007035,EIC,56,45,35,247.00,"8,645.00"
2019-12-11,2019121101006989,EIC,55,45,100,247.00,"24,700.00"
2019-12-11,2019121101006988,EIC,37,45,90,247.00,"22,230.00"
2019-12-11,2019121101006778,FMDBL,17,6,25,336.00,"8,400.00"
2019-12-11,2019121101006810,FOWAD,43,33,25,"1,399.00","34,975.00"
2019-12-11,2019121101006807,FOWAD,10,42,100,"1,398.00","139,800.00"
2019-12-11,2019121101006806,FOWAD,10,26,64,"1,398.00","89,472.00"
2019-12-11,2019121101007148,GBLBS,21,35,20,326.00,"6,520.00"
2019-12-11,2019121101007093,GBLBS,39,35,100,326.00,"32,600.00"
2019-12-11,2019121101007092,GBLBS,19,35,480,326.00,"156,480.00"
2019-12-11,2019121101007060,GBLBS,51,45,500,327.00,"163,500.00"
2019-12-11,2019121101006866,GBLBS,36,44,500,328.00,"164,000.00"
2019-12-11,2019121101006865,GBLBS,1,44,200,328.00,"65,600.00"
2019-12-11,2019121101006864,GBLBS,35,44,200,328.00,"65,600.00"
2019-12-11,2019121101006789,GBLBS,35,11,100,328.00,"32,800.00"
2019-12-11,2019121101006764,GBLBS,35,38,700,327.00,"228,900.00"
2019-12-11,2019121101006756,GBLBS,19,41,10,326.00,"3,260.00"
2019-12-11,2019121101006707,GBLBS,34,38,100,327.00,"32,700.00"
2019-12-11,2019121101007064,GFCL,41,41,150,136.00,"20,400.00"
2019-12-11,2019121101007063,GFCL,41,56,300,135.00,"40,500.00"
2019-12-11,2019121101007076,GGBSL,28,58,10,649.00,"6,490.00"
2019-12-11,2019121101007075,GGBSL,28,47,10,647.00,"6,470.00"
2019-12-11,2019121101006971,GGBSL,11,26,10,640.00,"6,400.00"
2019-12-11,2019121101006970,GGBSL,11,36,90,640.00,"57,600.00"
2019-12-11,2019121101006943,GGBSL,11,41,50,638.00,"31,900.00"
2019-12-11,2019121101006942,GGBSL,11,16,10,637.00,"6,370.00"
2019-12-11,2019121101006835,GGBSL,22,21,10,628.00,"6,280.00"
2019-12-11,2019121101007136,GILB,34,33,30,848.00,"25,440.00"
2019-12-11,2019121101007015,GILB,26,45,100,840.00,"84,000.00"
2019-12-11,2019121101006899,GILB,57,44,20,839.00,"16,780.00"
2019-12-11,2019121101006773,GILB,34,44,777,839.00,"651,903.00"
2019-12-11,2019121101006772,GILB,34,34,10,838.00,"8,380.00"
2019-12-11,2019121101006771,GILB,34,29,13,837.00,"10,881.00"
2019-12-11,2019121101007058,GLICL,39,17,288,435.00,"125,280.00"
2019-12-11,2019121101007057,GLICL,39,17,60,430.00,"25,800.00"
2019-12-11,2019121101007056,GLICL,39,17,100,430.00,"43,000.00"
2019-12-11,2019121101007043,GLICL,39,45,200,428.00,"85,600.00"
2019-12-11,2019121101006960,GLICL,52,33,50,430.00,"21,500.00"
2019-12-11,2019121101006956,GLICL,39,58,200,434.00,"86,800.00"
2019-12-11,2019121101006766,GLICL,38,39,300,433.00,"129,900.00"
2019-12-11,2019121101006751,GLICL,52,37,100,430.00,"43,000.00"
2019-12-11,2019121101006750,GLICL,1,37,100,431.00,"43,100.00"
2019-12-11,2019121101006955,GLICL,39,53,102,434.00,"44,268.00"
2019-12-11,2019121101006954,GLICL,39,46,100,434.00,"43,400.00"
2019-12-11,2019121101006953,GLICL,39,53,50,434.00,"21,700.00"
2019-12-11,2019121101006952,GLICL,39,46,100,433.00,"43,300.00"
2019-12-11,2019121101006856,GLICL,52,17,150,430.00,"64,500.00"
2019-12-11,2019121101006855,GLICL,1,17,100,431.00,"43,100.00"
2019-12-11,2019121101006717,GMFBS,28,16,15,590.00,"8,850.00"
2019-12-11,2019121101007077,HBL,57,43,100,501.00,"50,100.00"
2019-12-11,2019121101006813,HBL,49,43,200,502.00,"100,400.00"
2019-12-11,2019121101006702,HBL,42,43,20,502.00,"10,040.00"
2019-12-11,2019121101007169,HDL,14,33,10,"1,260.00","12,600.00"
2019-12-11,2019121101006940,HDL,56,26,50,"1,256.00","62,800.00"
2019-12-11,2019121101006939,HDL,32,26,80,"1,257.00","100,560.00"
2019-12-11,2019121101006862,HDL,49,34,30,"1,259.00","37,770.00"
2019-12-11,2019121101006814,HDL,45,34,10,"1,258.00","12,580.00"
2019-12-11,2019121101006779,HDL,11,26,240,"1,257.00","301,680.00"
2019-12-11,2019121101006768,HDL,11,4,100,"1,257.00","125,700.00"
2019-12-11,2019121101006723,HDL,58,34,70,"1,259.00","88,130.00"
2019-12-11,2019121101006704,HDL,14,26,100,"1,259.00","125,900.00"
2019-12-11,2019121101006994,HGI,58,28,10,272.00,"2,720.00"
2019-12-11,2019121101006837,HGI,25,26,300,268.00,"80,400.00"
2019-12-11,2019121101006758,HGI,58,26,100,268.00,"26,800.00"
2019-12-11,2019121101006708,HGI,26,48,100,267.00,"26,700.00"
2019-12-11,2019121101006827,HURJA,45,38,20,102.00,"2,040.00"
2019-12-11,2019121101006946,ICFC,36,44,300,165.00,"49,500.00"
2019-12-11,2019121101006945,ICFC,36,5,200,164.00,"32,800.00"
2019-12-11,2019121101006944,ICFC,36,28,334,162.00,"54,108.00"
2019-12-11,2019121101007160,IGI,41,26,100,296.00,"29,600.00"
2019-12-11,2019121101007091,ILBS,39,56,10,590.00,"5,900.00"
2019-12-11,2019121101007090,ILBS,39,34,100,589.00,"58,900.00"
2019-12-11,2019121101007041,ILBS,39,49,10,588.00,"5,880.00"
2019-12-11,2019121101007002,ILBS,39,56,10,585.00,"5,850.00"
2019-12-11,2019121101006831,ILBS,34,49,290,588.00,"170,520.00"
2019-12-11,2019121101006830,ILBS,34,56,10,585.00,"5,850.00"
2019-12-11,2019121101006722,ILBS,6,49,20,588.00,"11,760.00"
2019-12-11,2019121101007094,JBBL,49,17,10,169.00,"1,690.00"
2019-12-11,2019121101006936,JBBL,56,46,836,168.00,"140,448.00"
2019-12-11,2019121101006935,JBBL,56,40,600,167.00,"100,200.00"
2019-12-11,2019121101006857,JBBL,58,40,400,167.00,"66,800.00"
2019-12-11,2019121101006763,JBBL,1,28,182,166.00,"30,212.00"
2019-12-11,2019121101006762,JBBL,29,28,500,166.00,"83,000.00"
2019-12-11,2019121101006761,JBBL,37,28,318,166.00,"52,788.00"
2019-12-11,2019121101006741,JBBL,37,49,"1,500",166.00,"249,000.00"
2019-12-11,2019121101006713,JFL,25,32,100,198.00,"19,800.00"
2019-12-11,2019121101006712,JFL,45,32,"1,000",198.00,"198,000.00"
2019-12-11,2019121101006711,JFL,20,32,10,199.00,"1,990.00"
2019-12-11,2019121101007128,JSLBB,34,34,20,"1,270.00","25,400.00"
2019-12-11,2019121101007127,JSLBB,34,57,40,"1,269.00","50,760.00"
2019-12-11,2019121101006959,JSLBB,33,57,50,"1,270.00","63,500.00"
2019-12-11,2019121101006906,JSLBB,47,51,30,"1,255.00","37,650.00"
2019-12-11,2019121101006892,JSLBB,1,11,100,"1,258.00","125,800.00"
2019-12-11,2019121101006891,JSLBB,1,11,100,"1,258.00","125,800.00"
2019-12-11,2019121101007117,KBL,58,33,10,184.00,"1,840.00"
2019-12-11,2019121101007098,KSBBL,33,51,100,140.00,"14,000.00"
2019-12-11,2019121101007048,KSBBL,1,34,500,138.00,"69,000.00"
2019-12-11,2019121101006693,KSBBL,50,6,40,140.00,"5,600.00"
2019-12-11,2019121101006692,KSBBL,50,35,500,140.00,"70,000.00"
2019-12-11,2019121101006691,KSBBL,50,34,200,139.00,"27,800.00"
2019-12-11,2019121101007152,LBBL,25,17,500,197.00,"98,500.00"
2019-12-11,2019121101007103,LBBL,13,17,200,197.00,"39,400.00"
2019-12-11,2019121101007101,LBBL,49,17,142,197.00,"27,974.00"
2019-12-11,2019121101007100,LBBL,49,14,58,197.00,"11,426.00"
2019-12-11,2019121101007097,LBBL,45,14,442,197.00,"87,074.00"
2019-12-11,2019121101007096,LBBL,45,44,58,197.00,"11,426.00"
2019-12-11,2019121101006781,LBBL,8,29,200,196.00,"39,200.00"
2019-12-11,2019121101006714,LBBL,8,44,100,196.00,"19,600.00"
2019-12-11,2019121101006911,LBBL,49,44,50,197.00,"9,850.00"
2019-12-11,2019121101006874,LBBL,16,44,50,197.00,"9,850.00"
2019-12-11,2019121101006846,LBBL,35,44,500,197.00,"98,500.00"
2019-12-11,2019121101006844,LBBL,33,44,100,197.00,"19,700.00"
2019-12-11,2019121101007153,LBL,44,22,14,197.00,"2,758.00"
2019-12-11,2019121101007107,LBL,44,6,"1,000",197.00,"197,000.00"
2019-12-11,2019121101007102,LBL,45,35,255,198.00,"50,490.00"
2019-12-11,2019121101007039,LBL,44,38,150,197.00,"29,550.00"
2019-12-11,2019121101006682,LBL,34,35,30,198.00,"5,940.00"
2019-12-11,2019121101006680,LBL,43,35,300,198.00,"59,400.00"
2019-12-11,2019121101007045,LGIL,45,53,650,330.00,"214,500.00"
2019-12-11,2019121101007033,LGIL,17,53,100,330.00,"33,000.00"
2019-12-11,2019121101006916,LGIL,11,53,100,330.00,"33,000.00"
2019-12-11,2019121101006833,LGIL,49,53,150,330.00,"49,500.00"
2019-12-11,2019121101006832,LGIL,49,29,250,329.00,"82,250.00"
2019-12-11,2019121101007170,LLBS,18,40,20,707.00,"14,140.00"
2019-12-11,2019121101007124,LLBS,18,57,62,700.00,"43,400.00"
2019-12-11,2019121101007123,LLBS,57,57,10,700.00,"7,000.00"
2019-12-11,2019121101006934,LLBS,46,52,90,698.00,"62,820.00"
2019-12-11,2019121101006933,LLBS,46,40,319,698.00,"222,662.00"
2019-12-11,2019121101006877,LLBS,36,40,50,698.00,"34,900.00"
2019-12-11,2019121101006969,MBL,50,34,"1,043",220.00,"229,460.00"
2019-12-11,2019121101006968,MBL,49,34,30,220.00,"6,600.00"
2019-12-11,2019121101006967,MBL,44,34,"1,000",220.00,"220,000.00"
2019-12-11,2019121101006966,MBL,28,34,"1,000",220.00,"220,000.00"
2019-12-11,2019121101006965,MBL,59,34,"1,000",220.00,"220,000.00"
2019-12-11,2019121101006964,MBL,59,34,656,220.00,"144,320.00"
2019-12-11,2019121101006963,MBL,47,34,70,221.00,"15,470.00"
2019-12-11,2019121101006674,MBL,47,13,30,221.00,"6,630.00"
2019-12-11,2019121101006673,MBL,34,13,300,221.00,"66,300.00"
2019-12-11,2019121101006984,MEGA,32,28,267,188.00,"50,196.00"
2019-12-11,2019121101006983,MEGA,32,25,168,188.00,"31,584.00"
2019-12-11,2019121101006896,MEGA,6,25,70,188.00,"13,160.00"
2019-12-11,2019121101006709,MERO,16,49,100,479.00,"47,900.00"
2019-12-11,2019121101006675,MERO,19,34,266,476.00,"126,616.00"
2019-12-11,2019121101006912,MLBBL,16,29,14,550.00,"7,700.00"
2019-12-11,2019121101006759,MLBBL,39,29,18,540.00,"9,720.00"
2019-12-11,2019121101006752,MNBBL,44,3,150,279.00,"41,850.00"
2019-12-11,2019121101006947,MNBBL,44,6,50,279.00,"13,950.00"
2019-12-11,2019121101006791,MNBBL,45,6,100,280.00,"28,000.00"
2019-12-11,2019121101007154,MSLB,50,39,10,951.00,"9,510.00"
2019-12-11,2019121101007116,NABIL,29,4,300,747.00,"224,100.00"
2019-12-11,2019121101007080,NABIL,1,4,500,745.00,"372,500.00"
2019-12-11,2019121101007079,NABIL,1,4,50,745.00,"37,250.00"
2019-12-11,2019121101007078,NABIL,11,4,50,746.00,"37,300.00"
2019-12-11,2019121101006876,NABIL,42,4,20,747.00,"14,940.00"
2019-12-11,2019121101007070,NADEP,1,1,100,487.00,"48,700.00"
2019-12-11,2019121101007034,NADEP,51,44,20,485.00,"9,700.00"
2019-12-11,2019121101006951,NADEP,45,44,100,481.00,"48,100.00"
2019-12-11,2019121101006950,NADEP,45,14,10,481.00,"4,810.00"
2019-12-11,2019121101006716,NADEP,11,14,20,481.00,"9,620.00"
2019-12-11,2019121101006794,NADEP,6,48,100,480.00,"48,000.00"
2019-12-11,2019121101007168,NBB,29,22,100,205.00,"20,500.00"
2019-12-11,2019121101007167,NBB,29,38,336,205.00,"68,880.00"
2019-12-11,2019121101006818,NBB,44,43,100,205.00,"20,500.00"
2019-12-11,2019121101006817,NBB,44,56,"3,500",205.00,"717,500.00"
2019-12-11,2019121101006816,NBB,44,57,500,205.00,"102,500.00"
2019-12-11,2019121101006815,NBB,44,34,"1,003",205.00,"205,615.00"
2019-12-11,2019121101006725,NBB,44,16,866,204.00,"176,664.00"
2019-12-11,2019121101006705,NBB,16,34,500,205.00,"102,500.00"
2019-12-11,2019121101006694,NBB,44,13,295,204.00,"60,180.00"
2019-12-11,2019121101006731,NBB,48,16,"1,964",204.00,"400,656.00"
2019-12-11,2019121101006730,NBB,25,16,250,204.00,"51,000.00"
2019-12-11,2019121101006729,NBB,50,16,200,204.00,"40,800.00"
2019-12-11,2019121101006728,NBB,32,16,100,204.00,"20,400.00"
2019-12-11,2019121101006727,NBB,28,16,100,204.00,"20,400.00"
2019-12-11,2019121101006726,NBB,35,16,20,204.00,"4,080.00"
2019-12-11,2019121101007161,NBL,38,4,300,314.00,"94,200.00"
2019-12-11,2019121101006962,NBL,22,4,500,314.00,"157,000.00"
2019-12-11,2019121101006961,NBL,57,4,100,314.00,"31,400.00"
2019-12-11,2019121101006941,NBL,25,4,500,314.00,"157,000.00"
2019-12-11,2019121101006767,NBL,6,4,200,314.00,"62,800.00"
2019-12-11,2019121101007145,NCCB,46,49,200,202.00,"40,400.00"
2019-12-11,2019121101007112,NCCB,33,42,10,203.00,"2,030.00"
2019-12-11,2019121101007055,NCCB,46,35,765,202.00,"154,530.00"
2019-12-11,2019121101007054,NCCB,46,16,"1,500",202.00,"303,000.00"
2019-12-11,2019121101007053,NCCB,46,16,265,202.00,"53,530.00"
2019-12-11,2019121101007040,NCCB,32,16,500,202.00,"101,000.00"
2019-12-11,2019121101006902,NCCB,48,16,500,202.00,"101,000.00"
2019-12-11,2019121101006860,NCCB,45,16,35,202.00,"7,070.00"
2019-12-11,2019121101006838,NCCB,32,16,200,202.00,"40,400.00"
2019-12-11,2019121101006775,NGPL,45,42,50,112.00,"5,600.00"
2019-12-11,2019121101007049,NIB,32,33,11,424.00,"4,664.00"
2019-12-11,2019121101006793,NIB,32,56,408,424.00,"172,992.00"
2019-12-11,2019121101007052,NIBPO,7,25,243,404.00,"98,172.00"
2019-12-11,2019121101007051,NIBPO,7,42,200,404.00,"80,800.00"
2019-12-11,2019121101006948,NIBPO,7,49,36,402.00,"14,472.00"
2019-12-11,2019121101006703,NICA,45,40,28,414.00,"11,592.00"
2019-12-11,2019121101006688,NICA,45,50,200,414.00,"82,800.00"
2019-12-11,2019121101007142,NICL,58,6,10,286.00,"2,860.00"
2019-12-11,2019121101007115,NICL,28,40,428,281.00,"120,268.00"
2019-12-11,2019121101007114,NICL,7,40,500,282.00,"141,000.00"
2019-12-11,2019121101007062,NICL,43,6,10,286.00,"2,860.00"
2019-12-11,2019121101007001,NICL,35,40,250,284.00,"71,000.00"
2019-12-11,2019121101007000,NICL,50,40,250,285.00,"71,250.00"
2019-12-11,2019121101006859,NICL,50,6,250,285.00,"71,250.00"
2019-12-11,2019121101007144,NIL,53,55,210,410.00,"86,100.00"
2019-12-11,2019121101007143,NIL,53,44,72,409.00,"29,448.00"
2019-12-11,2019121101006992,NIL,35,44,128,409.00,"52,352.00"
2019-12-11,2019121101006991,NIL,35,36,72,409.00,"29,448.00"
2019-12-11,2019121101006981,NIL,53,33,100,406.00,"40,600.00"
2019-12-11,2019121101006890,NIL,45,36,228,409.00,"93,252.00"
2019-12-11,2019121101006850,NIL,53,37,418,405.00,"169,290.00"
2019-12-11,2019121101006883,NIL,45,57,112,407.00,"45,584.00"
2019-12-11,2019121101006882,NIL,45,44,100,407.00,"40,700.00"
2019-12-11,2019121101006881,NIL,45,6,48,407.00,"19,536.00"
2019-12-11,2019121101006880,NIL,45,34,35,407.00,"14,245.00"
2019-12-11,2019121101006879,NIL,45,16,100,406.00,"40,600.00"
2019-12-11,2019121101006878,NIL,45,53,90,406.00,"36,540.00"
2019-12-11,2019121101006889,NIL,45,25,20,408.00,"8,160.00"
2019-12-11,2019121101006888,NIL,45,28,100,408.00,"40,800.00"
2019-12-11,2019121101006887,NIL,45,25,20,408.00,"8,160.00"
2019-12-11,2019121101006886,NIL,45,51,80,408.00,"32,640.00"
2019-12-11,2019121101006885,NIL,45,41,31,408.00,"12,648.00"
2019-12-11,2019121101006884,NIL,45,41,36,408.00,"14,688.00"
2019-12-11,2019121101007138,NLBBL,53,6,100,590.00,"59,000.00"
2019-12-11,2019121101006736,NLBBL,25,6,40,595.00,"23,800.00"
2019-12-11,2019121101006735,NLBBL,25,53,10,590.00,"5,900.00"
2019-12-11,2019121101006901,NLG,25,53,10,571.00,"5,710.00"
2019-12-11,2019121101006978,NLICL,35,37,48,471.00,"22,608.00"
2019-12-11,2019121101006977,NLICL,35,53,59,471.00,"27,789.00"
2019-12-11,2019121101006976,NLICL,35,25,10,471.00,"4,710.00"
2019-12-11,2019121101006975,NLICL,35,39,116,470.00,"54,520.00"
2019-12-11,2019121101006974,NLICL,35,1,55,470.00,"25,850.00"
2019-12-11,2019121101006973,NLICL,35,47,12,469.00,"5,628.00"
2019-12-11,2019121101006676,NLICL,37,37,200,468.00,"93,600.00"
2019-12-11,2019121101007085,NMB,35,34,100,395.00,"39,500.00"
2019-12-11,2019121101007084,NMB,35,40,200,395.00,"79,000.00"
2019-12-11,2019121101007050,NMB,45,34,163,395.00,"64,385.00"
2019-12-11,2019121101007012,NMB,28,19,"1,000",394.00,"394,000.00"
2019-12-11,2019121101006924,NMB,41,43,107,394.00,"42,158.00"
2019-12-11,2019121101006923,NMB,49,43,50,394.00,"19,700.00"
2019-12-11,2019121101006743,NMB,34,40,150,395.00,"59,250.00"
2019-12-11,2019121101006742,NMB,34,33,142,395.00,"56,090.00"
2019-12-11,2019121101006719,NMB,44,33,500,395.00,"197,500.00"
2019-12-11,2019121101006696,NMB,45,33,374,395.00,"147,730.00"
2019-12-11,2019121101006695,NMB,45,17,126,395.00,"49,770.00"
2019-12-11,2019121101006922,NMB,29,43,380,394.00,"149,720.00"
2019-12-11,2019121101006921,NMB,42,43,20,394.00,"7,880.00"
2019-12-11,2019121101006920,NMB,43,43,"1,000",394.00,"394,000.00"
2019-12-11,2019121101006919,NMB,38,43,83,394.00,"32,702.00"
2019-12-11,2019121101006819,NMB,26,34,47,395.00,"18,565.00"
2019-12-11,2019121101006783,NMB,21,32,500,395.00,"197,500.00"
2019-12-11,2019121101007118,NMBMF,50,37,20,598.00,"11,960.00"
2019-12-11,2019121101006990,NMBMF,38,37,170,595.00,"101,150.00"
2019-12-11,2019121101006972,NMBMF,38,16,30,595.00,"17,850.00"
2019-12-11,2019121101006754,NMBMF,16,51,50,592.00,"29,600.00"
2019-12-11,2019121101006699,NMBMF,16,37,160,600.00,"96,000.00"
2019-12-11,2019121101006698,NMBMF,16,55,40,600.00,"24,000.00"
2019-12-11,2019121101006926,NMFBS,33,45,10,"1,298.00","12,980.00"
2019-12-11,2019121101007172,NUBL,21,43,40,"1,000.00","40,000.00"
2019-12-11,2019121101006829,PCBL,36,58,650,279.00,"181,350.00"
2019-12-11,2019121101006828,PCBL,36,26,50,278.00,"13,900.00"
2019-12-11,2019121101006749,PFL,26,45,22,144.00,"3,168.00"
2019-12-11,2019121101006748,PFL,26,38,39,144.00,"5,616.00"
2019-12-11,2019121101006747,PFL,26,48,39,144.00,"5,616.00"
2019-12-11,2019121101007164,PIC,26,28,200,405.00,"81,000.00"
2019-12-11,2019121101007163,PIC,26,16,55,405.00,"22,275.00"
2019-12-11,2019121101007162,PIC,26,28,320,405.00,"129,600.00"
2019-12-11,2019121101007074,PIC,37,39,200,404.00,"80,800.00"
2019-12-11,2019121101006895,PIC,36,25,"1,000",404.00,"404,000.00"
2019-12-11,2019121101006700,PIC,45,16,20,399.00,"7,980.00"
2019-12-11,2019121101006690,PIC,45,57,500,403.00,"201,500.00"
2019-12-11,2019121101006689,PIC,45,19,20,403.00,"8,060.00"
2019-12-11,2019121101006701,PICL,6,43,10,410.00,"4,100.00"
2019-12-11,2019121101006915,PLIC,28,38,357,357.00,"127,449.00"
2019-12-11,2019121101006914,PLIC,35,38,500,357.00,"178,500.00"
2019-12-11,2019121101006900,PLIC,52,38,100,359.00,"35,900.00"
2019-12-11,2019121101006898,PLIC,52,48,50,359.00,"17,950.00"
2019-12-11,2019121101006897,PLIC,52,45,100,358.00,"35,800.00"
2019-12-11,2019121101006792,PLIC,42,38,689,357.00,"245,973.00"
2019-12-11,2019121101006721,PLIC,26,39,197,355.00,"69,935.00"
2019-12-11,2019121101006715,PLIC,34,38,10,357.00,"3,570.00"
2019-12-11,2019121101007165,PRVU,43,37,400,226.00,"90,400.00"
2019-12-11,2019121101006909,PRVU,43,42,"1,000",226.00,"226,000.00"
2019-12-11,2019121101006869,PRVU,36,49,100,227.00,"22,700.00"
2019-12-11,2019121101006868,PRVU,36,8,800,227.00,"181,600.00"
2019-12-11,2019121101006842,PRVU,43,38,700,226.00,"158,200.00"
2019-12-11,2019121101006841,PRVU,43,46,930,226.00,"210,180.00"
2019-12-11,2019121101006733,PRVU,48,46,"1,070",226.00,"241,820.00"
2019-12-11,2019121101006732,PRVU,48,49,930,226.00,"210,180.00"
2019-12-11,2019121101006687,PRVU,38,58,553,225.00,"124,425.00"
2019-12-11,2019121101007088,RHPL,59,16,20,173.00,"3,460.00"
2019-12-11,2019121101007087,RHPL,59,39,100,173.00,"17,300.00"
2019-12-11,2019121101007086,RHPL,59,13,30,173.00,"5,190.00"
2019-12-11,2019121101007141,RMDC,33,33,10,645.00,"6,450.00"
2019-12-11,2019121101006802,RRHP,47,51,50,98.00,"4,900.00"
2019-12-11,2019121101006825,RSDC,38,51,10,340.00,"3,400.00"
2019-12-11,2019121101006681,RSDC,6,34,200,334.00,"66,800.00"
2019-12-11,2019121101007166,SANIMA,17,11,95,311.00,"29,545.00"
2019-12-11,2019121101007089,SANIMA,42,13,30,312.00,"9,360.00"
2019-12-11,2019121101006949,SANIMA,32,13,500,312.00,"156,000.00"
2019-12-11,2019121101006893,SANIMA,17,21,300,311.00,"93,300.00"
2019-12-11,2019121101006853,SANIMA,32,13,50,312.00,"15,600.00"
2019-12-11,2019121101006852,SANIMA,4,13,100,312.00,"31,200.00"
2019-12-11,2019121101006851,SANIMA,59,13,800,312.00,"249,600.00"
2019-12-11,2019121101006770,SBI,42,40,50,359.00,"17,950.00"
2019-12-11,2019121101007146,SBL,17,28,531,289.00,"153,459.00"
2019-12-11,2019121101007122,SBL,17,28,177,289.00,"51,153.00"
2019-12-11,2019121101007121,SBL,17,28,550,289.00,"158,950.00"
2019-12-11,2019121101007095,SBL,17,28,450,289.00,"130,050.00"
2019-12-11,2019121101006980,SBL,57,28,200,290.00,"58,000.00"
2019-12-11,2019121101006979,SBL,21,28,73,290.00,"21,170.00"
2019-12-11,2019121101006780,SCB,42,45,10,538.00,"5,380.00"
2019-12-11,2019121101006907,SCB,20,55,34,536.00,"18,224.00"
2019-12-11,2019121101007159,SDESI,38,4,10,583.00,"5,830.00"
2019-12-11,2019121101007158,SDESI,57,4,100,584.00,"58,400.00"
2019-12-11,2019121101007135,SHINE,28,38,180,226.00,"40,680.00"
2019-12-11,2019121101007134,SHINE,33,38,320,226.00,"72,320.00"
2019-12-11,2019121101006809,SHINE,42,54,124,227.00,"28,148.00"
2019-12-11,2019121101006808,SHINE,42,4,876,227.00,"198,852.00"
2019-12-11,2019121101006740,SHINE,57,4,65,227.00,"14,755.00"
2019-12-11,2019121101007171,SHIVM,48,35,10,384.00,"3,840.00"
2019-12-11,2019121101007149,SHIVM,33,45,200,381.00,"76,200.00"
2019-12-11,2019121101007126,SHIVM,43,45,100,382.00,"38,200.00"
2019-12-11,2019121101007125,SHIVM,26,45,100,382.00,"38,200.00"
2019-12-11,2019121101006849,SHIVM,7,35,100,383.00,"38,300.00"
2019-12-11,2019121101006774,SHIVM,6,6,"1,000",382.00,"382,000.00"
2019-12-11,2019121101006986,SHL,51,6,150,191.00,"28,650.00"
2019-12-11,2019121101006985,SHL,51,54,200,191.00,"38,200.00"
2019-12-11,2019121101006894,SIC,35,39,12,474.00,"5,688.00"
2019-12-11,2019121101006697,SIC,51,46,50,475.00,"23,750.00"
2019-12-11,2019121101007047,SICL,38,4,500,821.00,"410,500.00"
2019-12-11,2019121101007046,SICL,38,4,55,822.00,"45,210.00"
2019-12-11,2019121101006910,SICL,38,45,45,822.00,"36,990.00"
2019-12-11,2019121101006724,SICL,42,44,60,830.00,"49,800.00"
2019-12-11,2019121101006932,SIL,35,6,313,410.00,"128,330.00"
2019-12-11,2019121101006931,SIL,35,21,10,410.00,"4,100.00"
2019-12-11,2019121101006930,SIL,35,16,100,409.00,"40,900.00"
2019-12-11,2019121101006929,SIL,35,55,77,408.00,"31,416.00"
2019-12-11,2019121101006840,SIL,21,55,123,408.00,"50,184.00"
2019-12-11,2019121101006839,SIL,21,53,12,408.00,"4,896.00"
2019-12-11,2019121101006804,SIL,26,53,128,408.00,"52,224.00"
2019-12-11,2019121101006803,SIL,26,11,12,407.00,"4,884.00"
2019-12-11,2019121101006739,SJCL,51,22,10,161.00,"1,610.00"
2019-12-11,2019121101006686,SJCL,11,39,10,162.00,"1,620.00"
2019-12-11,2019121101006685,SJCL,11,7,20,162.00,"3,240.00"
2019-12-11,2019121101006913,SKBBL,39,53,10,999.00,"9,990.00"
2019-12-11,2019121101006847,SKBBL,50,52,100,985.00,"98,500.00"
2019-12-11,2019121101006805,SKBBL,39,53,200,999.00,"199,800.00"
2019-12-11,2019121101006938,SLBSL,43,43,60,654.00,"39,240.00"
2019-12-11,2019121101006937,SLBSL,43,40,40,653.00,"26,120.00"
2019-12-11,2019121101007157,SLICL,13,16,100,281.00,"28,100.00"
2019-12-11,2019121101007156,SLICL,43,16,200,281.00,"56,200.00"
2019-12-11,2019121101007155,SLICL,39,16,40,281.00,"11,240.00"
2019-12-11,2019121101007139,SLICL,42,16,70,282.00,"19,740.00"
2019-12-11,2019121101006908,SLICL,35,16,14,284.00,"3,976.00"
2019-12-11,2019121101007081,SMATA,48,56,50,590.00,"29,500.00"
2019-12-11,2019121101006843,SMATA,39,56,50,579.00,"28,950.00"
2019-12-11,2019121101006993,SMFDB,50,39,10,667.00,"6,670.00"
2019-12-11,2019121101006957,SMFDB,16,45,30,656.00,"19,680.00"
2019-12-11,2019121101006706,SMFDB,50,7,200,656.00,"131,200.00"
2019-12-11,2019121101006678,SMFDB,50,58,17,660.00,"11,220.00"
2019-12-11,2019121101006677,SMFDB,50,29,33,659.00,"21,747.00"
2019-12-11,2019121101006788,SMFDB,16,7,300,666.00,"199,800.00"
2019-12-11,2019121101006787,SMFDB,16,22,200,665.00,"133,000.00"
2019-12-11,2019121101006786,SMFDB,16,35,86,664.00,"57,104.00"
2019-12-11,2019121101006785,SMFDB,16,58,23,660.00,"15,180.00"
2019-12-11,2019121101007120,SPARS,44,50,40,629.00,"25,160.00"
2019-12-11,2019121101007066,SPARS,44,49,100,629.00,"62,900.00"
2019-12-11,2019121101007065,SPARS,44,44,60,628.00,"37,680.00"
2019-12-11,2019121101006824,SPARS,6,44,140,628.00,"87,920.00"
2019-12-11,2019121101006823,SPARS,6,6,60,627.00,"37,620.00"
2019-12-11,2019121101006812,SRBL,45,44,300,219.00,"65,700.00"
2019-12-11,2019121101007140,STC,51,28,10,"1,562.00","15,620.00"
2019-12-11,2019121101007119,STC,26,43,100,"1,558.00","155,800.00"
2019-12-11,2019121101006873,STC,25,35,10,"1,558.00","15,580.00"
2019-12-11,2019121101006872,STC,25,57,10,"1,557.00","15,570.00"
2019-12-11,2019121101006871,STC,25,1,10,"1,555.00","15,550.00"
2019-12-11,2019121101006858,SWBBL,50,35,20,"1,066.00","21,320.00"
2019-12-11,2019121101006822,SWBBL,53,52,100,"1,051.00","105,100.00"
2019-12-11,2019121101006918,TMDBL,35,29,230,145.00,"33,350.00"
2019-12-11,2019121101006917,TMDBL,52,29,600,146.00,"87,600.00"
2019-12-11,2019121101006784,TMDBL,52,46,100,146.00,"14,600.00"
2019-12-11,2019121101007059,TRH,25,6,100,274.00,"27,400.00"
2019-12-11,2019121101007106,UIC,4,48,200,256.00,"51,200.00"
2019-12-11,2019121101007105,UIC,49,48,500,256.00,"128,000.00"
2019-12-11,2019121101007104,UIC,45,48,265,256.00,"67,840.00"
2019-12-11,2019121101006753,UIC,45,40,60,256.00,"15,360.00"
2019-12-11,2019121101006710,UIC,45,21,100,256.00,"25,600.00"
2019-12-11,2019121101006834,UNL,14,58,10,"18,261.00","182,610.00"
2019-12-11,2019121101006821,UPCL,46,58,20,74.00,"1,480.00"
2019-12-11,2019121101006820,UPCL,17,58,80,74.00,"5,920.00"
2019-12-11,2019121101007110,UPPER,25,35,10,236.00,"2,360.00"
2019-12-11,2019121101007109,UPPER,25,47,40,236.00,"9,440.00"
2019-12-11,2019121101007108,UPPER,25,11,200,235.00,"47,000.00"
2019-12-11,2019121101007083,UPPER,43,25,10,233.00,"2,330.00"
2019-12-11,2019121101007082,UPPER,26,25,20,233.00,"4,660.00"
2019-12-11,2019121101006982,UPPER,59,47,900,234.00,"210,600.00"
2019-12-11,2019121101006738,UPPER,45,37,50,234.00,"11,700.00"
2019-12-11,2019121101006737,UPPER,45,35,50,234.00,"11,700.00"
2019-12-11,2019121101007042,VLBS,32,11,10,696.00,"6,960.00"
2019-12-11,2019121101007016,VLBS,29,45,49,686.00,"33,614.00"
2019-12-11,2019121101006845,VLBS,32,57,90,695.00,"62,550.00"
2019-12-11,2019121101006769,VLBS,48,57,10,695.00,"6,950.00"
2019-12-11,2019121101006630,ADBL,35,14,300,415.00,"124,500.00"
2019-12-11,2019121101006555,ADBL,35,14,41,415.00,"17,015.00"
2019-12-11,2019121101006483,ADBL,35,14,20,415.00,"8,300.00"
2019-12-11,2019121101006437,ADBL,57,14,100,415.00,"41,500.00"
2019-12-11,2019121101006436,ADBL,34,14,39,415.00,"16,185.00"
2019-12-11,2019121101006380,ADBL,34,17,11,415.00,"4,565.00"
2019-12-11,2019121101006339,ADBL,45,36,100,416.00,"41,600.00"
2019-12-11,2019121101006241,ADBL,34,36,82,416.00,"34,112.00"
2019-12-11,2019121101006240,ADBL,34,25,118,416.00,"49,088.00"
2019-12-11,2019121101006218,ADBL,19,47,11,415.00,"4,565.00"
2019-12-11,2019121101006217,ADBL,21,47,89,415.00,"36,935.00"
2019-12-11,2019121101006379,ADBL,42,17,100,415.00,"41,500.00"
2019-12-11,2019121101006378,ADBL,6,17,25,415.00,"10,375.00"
2019-12-11,2019121101006377,ADBL,51,17,200,415.00,"83,000.00"
2019-12-11,2019121101006376,ADBL,6,17,25,415.00,"10,375.00"
2019-12-11,2019121101006375,ADBL,41,17,50,415.00,"20,750.00"
2019-12-11,2019121101006374,ADBL,19,17,89,415.00,"36,935.00"
2019-12-11,2019121101006382,AHPC,45,47,250,95.00,"23,750.00"
2019-12-11,2019121101006357,AHPC,55,47,100,95.00,"9,500.00"
2019-12-11,2019121101006345,AHPC,38,47,500,96.00,"48,000.00"
2019-12-11,2019121101006344,AHPC,1,47,150,96.00,"14,400.00"
2019-12-11,2019121101006607,AKBSL,26,25,30,479.00,"14,370.00"
2019-12-11,2019121101006606,AKBSL,26,13,10,478.00,"4,780.00"
2019-12-11,2019121101006605,AKBSL,26,59,10,477.00,"4,770.00"
2019-12-11,2019121101006604,AKBSL,26,16,10,476.00,"4,760.00"
2019-12-11,2019121101006603,AKBSL,26,16,10,476.00,"4,760.00"
2019-12-11,2019121101006447,AKBSL,13,43,10,479.00,"4,790.00"
2019-12-11,2019121101006304,AKJCL,6,17,20,55.00,"1,100.00"
2019-12-11,2019121101006495,AKPL,5,45,10,121.00,"1,210.00"
2019-12-11,2019121101006307,AKPL,56,17,13,119.00,"1,547.00"
2019-12-11,2019121101006584,ALBSL,39,46,90,470.00,"42,300.00"
2019-12-11,2019121101006583,ALBSL,6,46,20,471.00,"9,420.00"
2019-12-11,2019121101006582,ALBSL,39,46,50,473.00,"23,650.00"
2019-12-11,2019121101006553,ALBSL,39,3,50,473.00,"23,650.00"
2019-12-11,2019121101006453,ALBSL,39,32,10,470.00,"4,700.00"
2019-12-11,2019121101006316,ALBSL,33,57,10,474.00,"4,740.00"
2019-12-11,2019121101006315,ALBSL,33,18,200,471.00,"94,200.00"
2019-12-11,2019121101006314,ALBSL,33,16,70,471.00,"32,970.00"
2019-12-11,2019121101006313,ALBSL,33,14,220,471.00,"103,620.00"
2019-12-11,2019121101006293,ALBSL,55,16,10,471.00,"4,710.00"
2019-12-11,2019121101006533,API,25,25,100,107.00,"10,700.00"
2019-12-11,2019121101006519,API,49,34,"1,800",106.00,"190,800.00"
2019-12-11,2019121101006518,API,25,34,200,106.00,"21,200.00"
2019-12-11,2019121101006236,BFC,28,19,500,86.00,"43,000.00"
2019-12-11,2019121101006619,BOKL,32,49,100,218.00,"21,800.00"
2019-12-11,2019121101006472,CBBL,39,44,100,809.00,"80,900.00"
2019-12-11,2019121101006410,CCBL,42,42,"1,910",167.00,"318,970.00"
2019-12-11,2019121101006270,CCBL,40,42,100,167.00,"16,700.00"
2019-12-11,2019121101006347,CHCL,25,50,19,358.00,"6,802.00"
2019-12-11,2019121101006321,CHL,1,17,10,79.00,790.00
2019-12-11,2019121101006613,CIT,34,33,10,"1,755.00","17,550.00"
2019-12-11,2019121101006269,CIT,37,52,36,"1,741.00","62,676.00"
2019-12-11,2019121101006346,CLBSL,45,29,10,590.00,"5,900.00"
2019-12-11,2019121101006366,CMF1,57,57,500,9.08,"4,540.00"
2019-12-11,2019121101006330,CZBIL,6,57,"1,000",190.00,"190,000.00"
2019-12-11,2019121101006329,CZBIL,6,49,523,190.00,"99,370.00"
2019-12-11,2019121101006328,CZBIL,6,34,620,188.00,"116,560.00"
2019-12-11,2019121101006367,DBBL,34,50,10,126.00,"1,260.00"
2019-12-11,2019121101006264,DBBL,34,58,750,124.00,"93,000.00"
2019-12-11,2019121101006634,DDBL,25,49,360,873.00,"314,280.00"
2019-12-11,2019121101006552,EBL,42,22,40,561.00,"22,440.00"
2019-12-11,2019121101006305,EBL,42,7,10,561.00,"5,610.00"
2019-12-11,2019121101006404,EDBL,37,52,120,290.00,"34,800.00"
2019-12-11,2019121101006403,EDBL,45,52,50,290.00,"14,500.00"
2019-12-11,2019121101006617,EIC,20,10,20,245.00,"4,900.00"
2019-12-11,2019121101006247,EIC,33,42,300,241.00,"72,300.00"
2019-12-11,2019121101006206,EIC,33,35,100,239.00,"23,900.00"
2019-12-11,2019121101006672,FMDBL,5,41,50,333.00,"16,650.00"
2019-12-11,2019121101006392,FMDBL,5,59,300,337.00,"101,100.00"
2019-12-11,2019121101006368,FMDBL,5,33,500,335.00,"167,500.00"
2019-12-11,2019121101006337,FMDBL,13,43,500,334.00,"167,000.00"
2019-12-11,2019121101006302,FMDBL,5,19,250,333.00,"83,250.00"
2019-12-11,2019121101006297,FMDBL,43,32,250,332.00,"83,000.00"
2019-12-11,2019121101006278,FMDBL,54,32,50,332.00,"16,600.00"
2019-12-11,2019121101006271,FMDBL,43,39,200,331.00,"66,200.00"
2019-12-11,2019121101006478,GBBL,56,55,300,207.00,"62,100.00"
2019-12-11,2019121101006401,GBBL,56,40,200,206.00,"41,200.00"
2019-12-11,2019121101006400,GBBL,56,46,550,206.00,"113,300.00"
2019-12-11,2019121101006653,GBLBS,16,38,200,327.00,"65,400.00"
2019-12-11,2019121101006614,GBLBS,58,51,50,327.00,"16,350.00"
2019-12-11,2019121101006586,GBLBS,58,45,450,327.00,"147,150.00"
2019-12-11,2019121101006414,GBLBS,45,44,450,331.00,"148,950.00"
2019-12-11,2019121101006413,GBLBS,45,56,25,331.00,"8,275.00"
2019-12-11,2019121101006412,GBLBS,45,56,25,329.00,"8,225.00"
2019-12-11,2019121101006224,GBLBS,51,39,500,325.00,"162,500.00"
2019-12-11,2019121101006275,GBLBS,36,44,"1,000",329.00,"329,000.00"
2019-12-11,2019121101006258,GBLBS,14,25,100,328.00,"32,800.00"
2019-12-11,2019121101006257,GBLBS,14,56,10,328.00,"3,280.00"
2019-12-11,2019121101006256,GBLBS,14,44,455,328.00,"149,240.00"
2019-12-11,2019121101006254,GBLBS,19,56,10,327.00,"3,270.00"
2019-12-11,2019121101006253,GBLBS,19,56,500,327.00,"163,500.00"
2019-12-11,2019121101006287,GBLBS,13,56,30,330.00,"9,900.00"
2019-12-11,2019121101006286,GBLBS,13,19,200,330.00,"66,000.00"
2019-12-11,2019121101006285,GBLBS,13,44,264,330.00,"87,120.00"
2019-12-11,2019121101006284,GBLBS,13,48,50,330.00,"16,500.00"
2019-12-11,2019121101006283,GBLBS,13,51,100,330.00,"33,000.00"
2019-12-11,2019121101006276,GBLBS,36,45,100,329.00,"32,900.00"
2019-12-11,2019121101006612,GGBSL,3,7,10,630.00,"6,300.00"
2019-12-11,2019121101006554,GGBSL,54,1,10,639.00,"6,390.00"
2019-12-11,2019121101006520,GGBSL,54,54,10,638.00,"6,380.00"
2019-12-11,2019121101006203,GILB,57,44,100,837.00,"83,700.00"
2019-12-11,2019121101006636,GLICL,52,28,200,430.00,"86,000.00"
2019-12-11,2019121101006632,GLICL,52,32,200,427.00,"85,400.00"
2019-12-11,2019121101006504,GLICL,5,42,30,427.00,"12,810.00"
2019-12-11,2019121101006459,GLICL,5,35,167,429.00,"71,643.00"
2019-12-11,2019121101006458,GLICL,52,35,100,429.00,"42,900.00"
2019-12-11,2019121101006457,GLICL,51,35,200,429.00,"85,800.00"
2019-12-11,2019121101006456,GLICL,5,35,100,429.00,"42,900.00"
2019-12-11,2019121101006455,GLICL,5,35,100,429.00,"42,900.00"
2019-12-11,2019121101006324,GLICL,38,52,270,428.00,"115,560.00"
2019-12-11,2019121101006296,GLICL,50,17,100,425.00,"42,500.00"
2019-12-11,2019121101006255,GLICL,5,17,100,425.00,"42,500.00"
2019-12-11,2019121101006595,GMFBS,56,16,100,584.00,"58,400.00"
2019-12-11,2019121101006594,GMFBS,56,49,150,580.00,"87,000.00"
2019-12-11,2019121101006593,GMFBS,56,33,200,575.00,"115,000.00"
2019-12-11,2019121101006592,GMFBS,56,34,10,575.00,"5,750.00"
2019-12-11,2019121101006591,GMFBS,56,39,10,574.00,"5,740.00"
2019-12-11,2019121101006568,GMFBS,28,38,210,573.00,"120,330.00"
2019-12-11,2019121101006557,GMFBS,28,34,98,564.00,"55,272.00"
2019-12-11,2019121101006567,GMFBS,28,48,50,572.00,"28,600.00"
2019-12-11,2019121101006566,GMFBS,28,42,90,572.00,"51,480.00"
2019-12-11,2019121101006561,GMFBS,28,45,200,570.00,"114,000.00"
2019-12-11,2019121101006560,GMFBS,28,26,10,570.00,"5,700.00"
2019-12-11,2019121101006559,GMFBS,28,37,100,565.00,"56,500.00"
2019-12-11,2019121101006558,GMFBS,28,6,200,565.00,"113,000.00"
2019-12-11,2019121101006597,HGI,26,46,75,267.00,"20,025.00"
2019-12-11,2019121101006596,HGI,42,46,25,268.00,"6,700.00"
2019-12-11,2019121101006581,HGI,56,49,100,268.00,"26,800.00"
2019-12-11,2019121101006494,HGI,26,49,400,268.00,"107,200.00"
2019-12-11,2019121101006467,HGI,26,26,400,268.00,"107,200.00"
2019-12-11,2019121101006372,HGI,26,56,30,267.00,"8,010.00"
2019-12-11,2019121101006371,HGI,6,56,150,268.00,"40,200.00"
2019-12-11,2019121101006370,HGI,59,56,20,269.00,"5,380.00"
2019-12-11,2019121101006364,HGI,59,50,10,269.00,"2,690.00"
2019-12-11,2019121101006288,HGI,40,50,190,269.00,"51,110.00"
2019-12-11,2019121101006223,HGI,40,25,10,274.00,"2,740.00"
2019-12-11,2019121101006343,HURJA,35,17,20,101.00,"2,020.00"
2019-12-11,2019121101006187,IGI,1,53,87,295.00,"25,665.00"
2019-12-11,2019121101006649,ILBS,39,11,100,589.00,"58,900.00"
2019-12-11,2019121101006363,ILBS,6,38,10,588.00,"5,880.00"
2019-12-11,2019121101006362,ILBS,6,35,10,588.00,"5,880.00"
2019-12-11,2019121101006361,ILBS,6,29,60,588.00,"35,280.00"
2019-12-11,2019121101006342,ILBS,39,38,10,587.00,"5,870.00"
2019-12-11,2019121101006341,ILBS,39,38,10,587.00,"5,870.00"
2019-12-11,2019121101006340,ILBS,39,38,10,587.00,"5,870.00"
2019-12-11,2019121101006334,ILBS,39,41,10,585.00,"5,850.00"
2019-12-11,2019121101006333,ILBS,39,21,80,585.00,"46,800.00"
2019-12-11,2019121101006221,ILBS,14,39,20,579.00,"11,580.00"
2019-12-11,2019121101006185,ILBS,14,28,10,579.00,"5,790.00"
2019-12-11,2019121101006422,JBBL,37,49,"1,000",166.00,"166,000.00"
2019-12-11,2019121101006349,JBBL,58,41,109,167.00,"18,203.00"
2019-12-11,2019121101006348,JBBL,35,41,16,167.00,"2,672.00"
2019-12-11,2019121101006274,JOSHI,11,19,20,54.00,"1,080.00"
2019-12-11,2019121101006386,JSLBB,34,57,10,"1,277.00","12,770.00"
2019-12-11,2019121101006531,KBL,13,47,50,183.00,"9,150.00"
2019-12-11,2019121101006482,KBL,33,33,70,184.00,"12,880.00"
2019-12-11,2019121101006481,KBL,33,22,30,184.00,"5,520.00"
2019-12-11,2019121101006373,KPCL,55,17,10,82.00,820.00
2019-12-11,2019121101006282,KSBBL,42,34,100,138.00,"13,800.00"
2019-12-11,2019121101006576,LBBL,40,44,242,197.00,"47,674.00"
2019-12-11,2019121101006575,LBBL,40,1,58,197.00,"11,426.00"
2019-12-11,2019121101006230,LBBL,48,42,400,196.00,"78,400.00"
2019-12-11,2019121101006229,LBBL,48,34,100,196.00,"19,600.00"
2019-12-11,2019121101006180,LBBL,44,25,774,194.00,"150,156.00"
2019-12-11,2019121101006179,LBBL,53,25,300,194.00,"58,200.00"
2019-12-11,2019121101006178,LBBL,44,25,96,194.00,"18,624.00"
2019-12-11,2019121101006396,LBBL,26,44,200,196.00,"39,200.00"
2019-12-11,2019121101006395,LBBL,26,42,900,196.00,"176,400.00"
2019-12-11,2019121101006277,LBBL,42,42,100,196.00,"19,600.00"
2019-12-11,2019121101006268,LBBL,6,42,100,196.00,"19,600.00"
2019-12-11,2019121101006434,LBL,14,35,444,198.00,"87,912.00"
2019-12-11,2019121101006433,LBL,14,6,"1,000",198.00,"198,000.00"
2019-12-11,2019121101006432,LBL,14,37,15,198.00,"2,970.00"
2019-12-11,2019121101006667,LGIL,38,43,200,329.00,"65,800.00"
2019-12-11,2019121101006393,LGIL,26,26,270,327.00,"88,290.00"
2019-12-11,2019121101006289,LGIL,38,53,250,330.00,"82,500.00"
2019-12-11,2019121101006267,LGIL,26,26,406,326.00,"132,356.00"
2019-12-11,2019121101006571,LICN,25,39,10,"1,000.00","10,000.00"
2019-12-11,2019121101006570,LICN,25,28,137,999.00,"136,863.00"
2019-12-11,2019121101006569,LICN,25,55,55,999.00,"54,945.00"
2019-12-11,2019121101006265,LICN,25,59,15,999.00,"14,985.00"
2019-12-11,2019121101006259,LICN,25,39,10,"1,000.00","10,000.00"
2019-12-11,2019121101006671,LLBS,36,40,10,698.00,"6,980.00"
2019-12-11,2019121101006556,MBL,50,50,200,222.00,"44,400.00"
2019-12-11,2019121101006454,MBL,47,50,25,222.00,"5,550.00"
2019-12-11,2019121101006416,MDB,39,56,21,245.00,"5,145.00"
2019-12-11,2019121101006460,MEGA,45,25,300,188.00,"56,400.00"
2019-12-11,2019121101006635,MERO,39,56,80,475.00,"38,000.00"
2019-12-11,2019121101006525,MERO,41,59,120,472.00,"56,640.00"
2019-12-11,2019121101006524,MERO,41,26,10,471.00,"4,710.00"
2019-12-11,2019121101006263,MHNL,25,58,200,79.00,"15,800.00"
2019-12-11,2019121101006579,MNBBL,44,39,41,279.00,"11,439.00"
2019-12-11,2019121101006578,MNBBL,45,39,100,279.00,"27,900.00"
2019-12-11,2019121101006577,MNBBL,13,39,59,279.00,"16,461.00"
2019-12-11,2019121101006503,MNBBL,16,6,50,280.00,"14,000.00"
2019-12-11,2019121101006332,MNBBL,19,34,50,280.00,"14,000.00"
2019-12-11,2019121101006237,MNBBL,13,55,83,279.00,"23,157.00"
2019-12-11,2019121101006515,MSLB,28,50,25,935.00,"23,375.00"
2019-12-11,2019121101006514,MSLB,28,1,25,935.00,"23,375.00"
2019-12-11,2019121101006471,MSLB,28,40,50,935.00,"46,750.00"
2019-12-11,2019121101006450,MSLB,28,47,26,935.00,"24,310.00"
2019-12-11,2019121101006449,MSLB,28,47,26,935.00,"24,310.00"
2019-12-11,2019121101006448,MSLB,28,25,40,934.00,"37,360.00"
2019-12-11,2019121101006445,MSLB,28,48,87,930.00,"80,910.00"
2019-12-11,2019121101006444,MSLB,28,25,13,928.00,"12,064.00"
2019-12-11,2019121101006381,MSMBS,52,40,80,562.00,"44,960.00"
2019-12-11,2019121101006490,NABIL,1,4,450,745.00,"335,250.00"
2019-12-11,2019121101006489,NABIL,40,4,50,745.00,"37,250.00"
2019-12-11,2019121101006409,NABIL,42,4,40,747.00,"29,880.00"
2019-12-11,2019121101006242,NABIL,45,4,100,747.00,"74,700.00"
2019-12-11,2019121101006663,NADEP,6,11,100,480.00,"48,000.00"
2019-12-11,2019121101006547,NADEP,1,29,80,476.00,"38,080.00"
2019-12-11,2019121101006508,NADEP,1,50,50,475.00,"23,750.00"
2019-12-11,2019121101006462,NADEP,1,22,23,474.00,"10,902.00"
2019-12-11,2019121101006461,NADEP,33,22,27,474.00,"12,798.00"
2019-12-11,2019121101006408,NADEP,33,48,60,474.00,"28,440.00"
2019-12-11,2019121101006232,NADEP,1,42,30,467.00,"14,010.00"
2019-12-11,2019121101006231,NADEP,44,42,50,468.00,"23,400.00"
2019-12-11,2019121101006225,NADEP,45,45,10,473.00,"4,730.00"
2019-12-11,2019121101006407,NADEP,33,45,13,473.00,"6,149.00"
2019-12-11,2019121101006387,NADEP,14,56,250,472.00,"118,000.00"
2019-12-11,2019121101006320,NADEP,28,56,68,466.00,"31,688.00"
2019-12-11,2019121101006319,NADEP,56,56,300,468.00,"140,400.00"
2019-12-11,2019121101006318,NADEP,58,56,100,469.00,"46,900.00"
2019-12-11,2019121101006233,NADEP,28,42,150,466.00,"69,900.00"
2019-12-11,2019121101006666,NBB,44,39,"2,013",204.00,"410,652.00"
2019-12-11,2019121101006599,NBB,44,13,200,204.00,"40,800.00"
2019-12-11,2019121101006530,NBB,42,34,30,205.00,"6,150.00"
2019-12-11,2019121101006522,NBB,58,34,467,205.00,"95,735.00"
2019-12-11,2019121101006521,NBB,58,45,233,205.00,"47,765.00"
2019-12-11,2019121101006502,NBB,49,45,10,205.00,"2,050.00"
2019-12-11,2019121101006266,NBB,39,45,100,205.00,"20,500.00"
2019-12-11,2019121101006261,NBB,29,45,100,205.00,"20,500.00"
2019-12-11,2019121101006205,NBB,34,45,300,205.00,"61,500.00"
2019-12-11,2019121101006442,NBB,6,43,50,204.00,"10,200.00"
2019-12-11,2019121101006441,NBB,36,43,36,204.00,"7,344.00"
2019-12-11,2019121101006429,NBB,3,45,20,205.00,"4,100.00"
2019-12-11,2019121101006398,NBB,25,45,200,205.00,"41,000.00"
2019-12-11,2019121101006385,NBB,6,45,10,205.00,"2,050.00"
2019-12-11,2019121101006325,NBB,35,45,27,205.00,"5,535.00"
2019-12-11,2019121101006501,NBB,44,47,"1,626",204.00,"331,704.00"
2019-12-11,2019121101006500,NBB,48,47,685,204.00,"139,740.00"
2019-12-11,2019121101006470,NBB,48,16,315,204.00,"64,260.00"
2019-12-11,2019121101006469,NBB,55,16,185,204.00,"37,740.00"
2019-12-11,2019121101006468,NBB,53,16,300,204.00,"61,200.00"
2019-12-11,2019121101006443,NBB,55,43,15,204.00,"3,060.00"
2019-12-11,2019121101006652,NBL,38,4,50,314.00,"15,700.00"
2019-12-11,2019121101006648,NBL,17,4,100,314.00,"31,400.00"
2019-12-11,2019121101006615,NBL,44,4,"2,000",314.00,"628,000.00"
2019-12-11,2019121101006564,NBL,45,4,200,314.00,"62,800.00"
2019-12-11,2019121101006563,NBL,42,4,60,314.00,"18,840.00"
2019-12-11,2019121101006562,NBL,25,4,34,314.00,"10,676.00"
2019-12-11,2019121101006188,NBL,17,17,114,314.00,"35,796.00"
2019-12-11,2019121101006194,NBL,59,17,"1,000",314.00,"314,000.00"
2019-12-11,2019121101006193,NBL,25,17,500,314.00,"157,000.00"
2019-12-11,2019121101006192,NBL,25,17,"2,000",314.00,"628,000.00"
2019-12-11,2019121101006191,NBL,58,17,500,314.00,"157,000.00"
2019-12-11,2019121101006190,NBL,17,17,"1,000",314.00,"314,000.00"
2019-12-11,2019121101006189,NBL,17,17,"1,500",314.00,"471,000.00"
2019-12-11,2019121101006200,NBL,33,17,100,314.00,"31,400.00"
2019-12-11,2019121101006199,NBL,33,17,"5,000",314.00,"1,570,000.00"
2019-12-11,2019121101006198,NBL,14,17,"5,000",314.00,"1,570,000.00"
2019-12-11,2019121101006197,NBL,52,17,300,314.00,"94,200.00"
2019-12-11,2019121101006196,NBL,16,17,400,314.00,"125,600.00"
2019-12-11,2019121101006195,NBL,58,17,"5,000",314.00,"1,570,000.00"
2019-12-11,2019121101006399,NBL,25,4,800,314.00,"251,200.00"
2019-12-11,2019121101006359,NBL,25,17,166,314.00,"52,124.00"
2019-12-11,2019121101006358,NBL,25,17,334,314.00,"104,876.00"
2019-12-11,2019121101006219,NBL,25,17,80,314.00,"25,120.00"
2019-12-11,2019121101006202,NBL,25,17,586,314.00,"184,004.00"
2019-12-11,2019121101006201,NBL,44,17,"1,000",314.00,"314,000.00"
2019-12-11,2019121101006394,NEF,26,57,190,7.41,"1,407.90"
2019-12-11,2019121101006402,NHDL,49,17,10,108.00,"1,080.00"
2019-12-11,2019121101006640,NIB,32,45,200,425.00,"85,000.00"
2019-12-11,2019121101006639,NIB,38,45,100,425.00,"42,500.00"
2019-12-11,2019121101006638,NIB,43,45,500,425.00,"212,500.00"
2019-12-11,2019121101006637,NIB,10,45,255,425.00,"108,375.00"
2019-12-11,2019121101006611,NIB,43,38,126,426.00,"53,676.00"
2019-12-11,2019121101006610,NIB,43,6,34,426.00,"14,484.00"
2019-12-11,2019121101006369,NIB,45,45,10,426.00,"4,260.00"
2019-12-11,2019121101006589,NIB,43,6,20,426.00,"8,520.00"
2019-12-11,2019121101006540,NIB,10,45,745,425.00,"316,625.00"
2019-12-11,2019121101006539,NIB,11,45,20,425.00,"8,500.00"
2019-12-11,2019121101006538,NIB,52,45,200,425.00,"85,000.00"
2019-12-11,2019121101006537,NIB,26,45,60,425.00,"25,500.00"
2019-12-11,2019121101006536,NIB,41,45,115,425.00,"48,875.00"
2019-12-11,2019121101006480,NIBPO,7,56,500,404.00,"202,000.00"
2019-12-11,2019121101006350,NIBPO,7,44,190,404.00,"76,760.00"
2019-12-11,2019121101006327,NIBPO,7,44,12,404.00,"4,848.00"
2019-12-11,2019121101006397,NICA,46,28,16,415.00,"6,640.00"
2019-12-11,2019121101006338,NICA,45,43,275,414.00,"113,850.00"
2019-12-11,2019121101006312,NICA,45,43,225,414.00,"93,150.00"
2019-12-11,2019121101006311,NICA,45,26,400,414.00,"165,600.00"
2019-12-11,2019121101006310,NICA,45,50,310,414.00,"128,340.00"
2019-12-11,2019121101006309,NICA,45,14,30,414.00,"12,420.00"
2019-12-11,2019121101006308,NICA,45,47,35,413.00,"14,455.00"
2019-12-11,2019121101006281,NICA,25,47,45,413.00,"18,585.00"
2019-12-11,2019121101006280,NICA,42,47,20,413.00,"8,260.00"
2019-12-11,2019121101006306,NICGF,5,57,500,8.55,"4,275.00"
2019-12-11,2019121101006279,NICL,38,39,550,289.00,"158,950.00"
2019-12-11,2019121101006211,NICL,44,50,300,284.00,"85,200.00"
2019-12-11,2019121101006184,NICL,38,40,300,283.00,"84,900.00"
2019-12-11,2019121101006182,NICL,19,47,100,278.00,"27,800.00"
2019-12-11,2019121101006435,NIL,39,53,10,406.00,"4,060.00"
2019-12-11,2019121101006317,NIL,45,50,99,402.00,"39,798.00"
2019-12-11,2019121101006298,NIL,38,41,22,400.00,"8,800.00"
2019-12-11,2019121101006243,NIL,13,37,900,401.00,"360,900.00"
2019-12-11,2019121101006535,NLBBL,53,53,40,590.00,"23,600.00"
2019-12-11,2019121101006534,NLBBL,53,53,60,590.00,"35,400.00"
2019-12-11,2019121101006331,NLBBL,58,55,23,584.00,"13,432.00"
2019-12-11,2019121101006322,NLBBL,7,34,100,583.00,"58,300.00"
2019-12-11,2019121101006485,NLIC,20,45,40,885.00,"35,400.00"
2019-12-11,2019121101006484,NLIC,5,45,60,885.00,"53,100.00"
2019-12-11,2019121101006352,NLIC,41,43,50,886.00,"44,300.00"
2019-12-11,2019121101006351,NLIC,42,43,50,886.00,"44,300.00"
2019-12-11,2019121101006323,NLIC,42,14,50,889.00,"44,450.00"
2019-12-11,2019121101006235,NLIC,25,4,500,887.00,"443,500.00"
2019-12-11,2019121101006655,NLICL,37,37,123,468.00,"57,564.00"
2019-12-11,2019121101006654,NLICL,37,14,77,468.00,"36,036.00"
2019-12-11,2019121101006650,NLICL,42,14,20,468.00,"9,360.00"
2019-12-11,2019121101006509,NLICL,50,14,50,468.00,"23,400.00"
2019-12-11,2019121101006431,NLICL,14,47,100,467.00,"46,700.00"
2019-12-11,2019121101006601,NMB,42,33,20,395.00,"7,900.00"
2019-12-11,2019121101006600,NMB,58,33,64,395.00,"25,280.00"
2019-12-11,2019121101006580,NMB,58,29,14,395.00,"5,530.00"
2019-12-11,2019121101006507,NMB,58,17,22,395.00,"8,690.00"
2019-12-11,2019121101006506,NMB,21,17,20,395.00,"7,900.00"
2019-12-11,2019121101006505,NMB,7,17,100,395.00,"39,500.00"
2019-12-11,2019121101006213,NMB,38,49,17,394.00,"6,698.00"
2019-12-11,2019121101006183,NMB,33,49,200,394.00,"78,800.00"
2019-12-11,2019121101006439,NMB,35,59,75,395.00,"29,625.00"
2019-12-11,2019121101006438,NMB,35,49,869,395.00,"343,255.00"
2019-12-11,2019121101006406,NMB,32,49,601,395.00,"237,395.00"
2019-12-11,2019121101006405,NMB,32,55,399,395.00,"157,605.00"
2019-12-11,2019121101006326,NMB,17,49,300,395.00,"118,500.00"
2019-12-11,2019121101006290,NMB,6,49,130,395.00,"51,350.00"
2019-12-11,2019121101006415,NMBMF,16,56,19,595.00,"11,305.00"
2019-12-11,2019121101006212,NMBMF,28,28,1,600.00,600.00
2019-12-11,2019121101006479,NMFBS,33,55,15,"1,286.00","19,290.00"
2019-12-11,2019121101006486,NUBL,41,32,20,990.00,"19,800.00"
2019-12-11,2019121101006451,NUBL,21,32,100,990.00,"99,000.00"
2019-12-11,2019121101006523,PCBL,42,16,24,277.00,"6,648.00"
2019-12-11,2019121101006360,PCBL,33,29,35,277.00,"9,695.00"
2019-12-11,2019121101006238,PCBL,33,21,218,277.00,"60,386.00"
2019-12-11,2019121101006548,PFL,56,32,13,142.00,"1,846.00"
2019-12-11,2019121101006665,PIC,45,57,420,402.00,"168,840.00"
2019-12-11,2019121101006664,PIC,45,52,90,402.00,"36,180.00"
2019-12-11,2019121101006532,PIC,14,41,10,398.00,"3,980.00"
2019-12-11,2019121101006517,PIC,42,41,100,398.00,"39,800.00"
2019-12-11,2019121101006492,PIC,21,41,100,398.00,"39,800.00"
2019-12-11,2019121101006491,PIC,57,41,90,398.00,"35,820.00"
2019-12-11,2019121101006488,PIC,42,52,10,402.00,"4,020.00"
2019-12-11,2019121101006487,PIC,42,25,10,402.00,"4,020.00"
2019-12-11,2019121101006273,PIC,26,29,20,400.00,"8,000.00"
2019-12-11,2019121101006272,PIC,26,14,50,400.00,"20,000.00"
2019-12-11,2019121101006565,PICL,21,57,100,403.00,"40,300.00"
2019-12-11,2019121101006493,PICL,42,43,20,410.00,"8,200.00"
2019-12-11,2019121101006651,PLIC,26,47,303,355.00,"107,565.00"
2019-12-11,2019121101006622,PLIC,42,41,329,358.00,"117,782.00"
2019-12-11,2019121101006546,PLIC,28,14,170,357.00,"60,690.00"
2019-12-11,2019121101006545,PLIC,28,13,65,355.00,"23,075.00"
2019-12-11,2019121101006544,PLIC,28,54,22,355.00,"7,810.00"
2019-12-11,2019121101006543,PLIC,28,1,31,355.00,"11,005.00"
2019-12-11,2019121101006300,PLIC,29,13,100,353.00,"35,300.00"
2019-12-11,2019121101006299,PLIC,29,59,50,352.00,"17,600.00"
2019-12-11,2019121101006260,PLIC,38,45,200,350.00,"70,000.00"
2019-12-11,2019121101006542,PLIC,28,48,250,355.00,"88,750.00"
2019-12-11,2019121101006541,PLIC,28,51,105,355.00,"37,275.00"
2019-12-11,2019121101006499,PLIC,42,51,20,355.00,"7,100.00"
2019-12-11,2019121101006384,PLIC,53,43,100,354.00,"35,400.00"
2019-12-11,2019121101006383,PLIC,53,1,150,353.00,"52,950.00"
2019-12-11,2019121101006301,PLIC,29,1,350,353.00,"123,550.00"
2019-12-11,2019121101006430,PMHPL,49,17,10,84.00,840.00
2019-12-11,2019121101006598,PRVU,6,49,"1,000",226.00,"226,000.00"
2019-12-11,2019121101006585,PRVU,6,49,"1,000",226.00,"226,000.00"
2019-12-11,2019121101006365,PRVU,55,49,450,226.00,"101,700.00"
2019-12-11,2019121101006249,PRVU,38,32,535,225.00,"120,375.00"
2019-12-11,2019121101006248,PRVU,29,32,"3,608",225.00,"811,800.00"
2019-12-11,2019121101006228,PRVU,6,49,500,226.00,"113,000.00"
2019-12-11,2019121101006602,RBCL,43,42,11,"8,200.00","90,200.00"
2019-12-11,2019121101006427,RHPL,59,54,10,175.00,"1,750.00"
2019-12-11,2019121101006426,RHPL,59,56,40,173.00,"6,920.00"
2019-12-11,2019121101006425,RHPL,59,19,10,173.00,"1,730.00"
2019-12-11,2019121101006424,RHPL,59,22,10,173.00,"1,730.00"
2019-12-11,2019121101006423,RHPL,59,41,50,173.00,"8,650.00"
2019-12-11,2019121101006209,RLFL,1,11,650,109.00,"70,850.00"
2019-12-11,2019121101006208,RLFL,7,11,100,109.00,"10,900.00"
2019-12-11,2019121101006207,RLFL,1,11,400,110.00,"44,000.00"
2019-12-11,2019121101006220,RSDC,39,39,20,340.00,"6,800.00"
2019-12-11,2019121101006176,RSDC,39,29,32,336.00,"10,752.00"
2019-12-11,2019121101006642,SABSL,56,10,40,568.00,"22,720.00"
2019-12-11,2019121101006641,SABSL,56,47,10,563.00,"5,630.00"
2019-12-11,2019121101006625,SABSL,7,19,100,562.00,"56,200.00"
2019-12-11,2019121101006624,SABSL,7,59,10,562.00,"5,620.00"
2019-12-11,2019121101006246,SABSL,52,47,10,562.00,"5,620.00"
2019-12-11,2019121101006245,SABSL,52,47,10,562.00,"5,620.00"
2019-12-11,2019121101006186,SADBL,4,35,"1,000",143.00,"143,000.00"
2019-12-11,2019121101006662,SANIMA,59,22,100,313.00,"31,300.00"
2019-12-11,2019121101006661,SANIMA,59,6,20,313.00,"6,260.00"
2019-12-11,2019121101006660,SANIMA,59,42,"1,000",313.00,"313,000.00"
2019-12-11,2019121101006659,SANIMA,59,19,145,313.00,"45,385.00"
2019-12-11,2019121101006658,SANIMA,59,38,358,313.00,"112,054.00"
2019-12-11,2019121101006657,SANIMA,59,44,100,313.00,"31,300.00"
2019-12-11,2019121101006590,SANIMA,59,36,200,312.00,"62,400.00"
2019-12-11,2019121101006239,SBI,28,28,1,355.00,355.00
2019-12-11,2019121101006181,SBI,34,51,28,355.00,"9,940.00"
2019-12-11,2019121101006476,SBL,21,28,427,290.00,"123,830.00"
2019-12-11,2019121101006475,SBL,34,28,500,290.00,"145,000.00"
2019-12-11,2019121101006474,SBL,56,28,10,290.00,"2,900.00"
2019-12-11,2019121101006473,SBL,6,28,63,290.00,"18,270.00"
2019-12-11,2019121101006173,SCB,42,40,190,537.00,"102,030.00"
2019-12-11,2019121101006609,SDESI,44,21,170,582.00,"98,940.00"
2019-12-11,2019121101006440,SDESI,44,4,10,582.00,"5,820.00"
2019-12-11,2019121101006262,SDESI,28,28,1,580.00,580.00
2019-12-11,2019121101006646,SFFIL,8,45,450,184.00,"82,800.00"
2019-12-11,2019121101006645,SFFIL,8,45,150,183.00,"27,450.00"
2019-12-11,2019121101006210,SFFIL,45,45,50,184.00,"9,200.00"
2019-12-11,2019121101006623,SHINE,42,4,59,227.00,"13,393.00"
2019-12-11,2019121101006354,SHINE,42,22,41,227.00,"9,307.00"
2019-12-11,2019121101006353,SHINE,32,22,500,227.00,"113,500.00"
2019-12-11,2019121101006629,SHIVM,7,6,"1,000",384.00,"384,000.00"
2019-12-11,2019121101006628,SHIVM,7,50,200,384.00,"76,800.00"
2019-12-11,2019121101006627,SHIVM,7,6,500,384.00,"192,000.00"
2019-12-11,2019121101006626,SHIVM,7,45,200,383.00,"76,600.00"
2019-12-11,2019121101006574,SHIVM,33,54,60,381.00,"22,860.00"
2019-12-11,2019121101006204,SHIVM,6,35,200,381.00,"76,200.00"
2019-12-11,2019121101006177,SHIVM,45,26,500,382.00,"191,000.00"
2019-12-11,2019121101006252,SHIVM,33,6,150,382.00,"57,300.00"
2019-12-11,2019121101006251,SHIVM,33,22,170,382.00,"64,940.00"
2019-12-11,2019121101006250,SHIVM,33,26,"1,300",382.00,"496,600.00"
2019-12-11,2019121101006411,SHL,43,17,500,190.00,"95,000.00"
2019-12-11,2019121101006244,SHL,39,40,100,190.00,"19,000.00"
2019-12-11,2019121101006669,SICL,41,44,40,830.00,"33,200.00"
2019-12-11,2019121101006668,SICL,41,32,20,830.00,"16,600.00"
2019-12-11,2019121101006656,SICL,41,32,60,830.00,"49,800.00"
2019-12-11,2019121101006644,SICL,41,32,50,830.00,"41,500.00"
2019-12-11,2019121101006631,SICL,42,32,20,830.00,"16,600.00"
2019-12-11,2019121101006175,SICL,38,45,15,830.00,"12,450.00"
2019-12-11,2019121101006174,SICL,38,37,100,830.00,"83,000.00"
2019-12-11,2019121101006588,SIL,25,53,10,408.00,"4,080.00"
2019-12-11,2019121101006587,SIL,25,58,100,406.00,"40,600.00"
2019-12-11,2019121101006573,SJCL,21,7,80,162.00,"12,960.00"
2019-12-11,2019121101006572,SJCL,21,13,20,162.00,"3,240.00"
2019-12-11,2019121101006670,SKBBL,39,47,100,998.00,"99,800.00"
2019-12-11,2019121101006620,SKBBL,50,58,490,999.00,"489,510.00"
2019-12-11,2019121101006551,SKBBL,50,14,112,999.00,"111,888.00"
2019-12-11,2019121101006550,SKBBL,50,43,300,997.00,"299,100.00"
2019-12-11,2019121101006549,SKBBL,50,53,500,996.00,"498,000.00"
2019-12-11,2019121101006516,SKBBL,50,53,500,996.00,"498,000.00"
2019-12-11,2019121101006303,SLBBL,37,52,20,569.00,"11,380.00"
2019-12-11,2019121101006292,SLBSL,55,43,20,654.00,"13,080.00"
2019-12-11,2019121101006621,SLICL,34,39,10,286.00,"2,860.00"
2019-12-11,2019121101006227,SLICL,39,46,100,282.00,"28,200.00"
2019-12-11,2019121101006226,SLICL,39,16,50,282.00,"14,100.00"
2019-12-11,2019121101006618,SMATA,6,56,10,590.00,"5,900.00"
2019-12-11,2019121101006647,SMB,56,21,100,554.00,"55,400.00"
2019-12-11,2019121101006643,SMB,56,21,50,563.00,"28,150.00"
2019-12-11,2019121101006388,SMB,42,56,20,574.00,"11,480.00"
2019-12-11,2019121101006295,SMFBS,6,48,100,930.00,"93,000.00"
2019-12-11,2019121101006294,SMFBS,6,25,100,930.00,"93,000.00"
2019-12-11,2019121101006633,SPARS,44,40,46,627.00,"28,842.00"
2019-12-11,2019121101006608,SPARS,35,40,14,617.00,"8,638.00"
2019-12-11,2019121101006513,SPARS,35,32,16,620.00,"9,920.00"
2019-12-11,2019121101006512,SPARS,35,56,10,620.00,"6,200.00"
2019-12-11,2019121101006511,SPARS,35,56,10,620.00,"6,200.00"
2019-12-11,2019121101006510,SPARS,35,45,10,620.00,"6,200.00"
2019-12-11,2019121101006391,SPARS,19,3,60,616.00,"36,960.00"
2019-12-11,2019121101006390,SPARS,19,40,50,615.00,"30,750.00"
2019-12-11,2019121101006389,SPARS,19,56,10,614.00,"6,140.00"
2019-12-11,2019121101006336,SPARS,6,39,10,606.00,"6,060.00"
2019-12-11,2019121101006335,SPARS,6,16,10,606.00,"6,060.00"
2019-12-11,2019121101006446,SPDL,45,17,15,90.00,"1,350.00"
2019-12-11,2019121101006497,SRBL,35,35,118,218.00,"25,724.00"
2019-12-11,2019121101006496,SRBL,35,57,200,218.00,"43,600.00"
2019-12-11,2019121101006463,SRBL,51,35,"1,000",218.00,"218,000.00"
2019-12-11,2019121101006234,SRBL,39,35,200,218.00,"43,600.00"
2019-12-11,2019121101006466,STC,50,40,30,"1,555.00","46,650.00"
2019-12-11,2019121101006465,STC,50,3,60,"1,550.00","93,000.00"
2019-12-11,2019121101006421,SWBBL,53,6,140,"1,072.00","150,080.00"
2019-12-11,2019121101006420,SWBBL,53,32,200,"1,071.00","214,200.00"
2019-12-11,2019121101006419,SWBBL,53,3,100,"1,070.00","107,000.00"
2019-12-11,2019121101006418,SWBBL,53,48,10,"1,065.00","10,650.00"
2019-12-11,2019121101006417,SWBBL,53,45,50,"1,064.00","53,200.00"
2019-12-11,2019121101006222,SWBBL,50,45,50,"1,061.00","53,050.00"
2019-12-11,2019121101006216,SWBBL,50,48,100,"1,060.00","106,000.00"
2019-12-11,2019121101006215,SWBBL,50,35,25,"1,060.00","26,500.00"
2019-12-11,2019121101006214,SWBBL,50,14,25,"1,060.00","26,500.00"
2019-12-11,2019121101006616,UIC,45,39,25,256.00,"6,400.00"
2019-12-11,2019121101006498,UIC,45,57,50,256.00,"12,800.00"
2019-12-11,2019121101006428,UIC,16,39,50,254.00,"12,700.00"
2019-12-11,2019121101006356,UIC,58,57,45,251.00,"11,295.00"
2019-12-11,2019121101006355,UIC,58,29,150,251.00,"37,650.00"
2019-12-11,2019121101006452,UMHL,1,17,14,103.00,"1,442.00"
2019-12-11,2019121101006464,UNHPL,52,17,50,55.00,"2,750.00"
2019-12-11,2019121101006477,UPCL,17,17,50,74.00,"3,700.00"
2019-12-11,2019121101006291,UPCL,17,34,70,74.00,"5,180.00"
2019-12-11,2019121101006529,VLBS,48,17,94,695.00,"65,330.00"
2019-12-11,2019121101006528,VLBS,48,47,100,694.00,"69,400.00"
2019-12-11,2019121101006527,VLBS,48,43,50,690.00,"34,500.00"
2019-12-11,2019121101006526,VLBS,48,25,50,690.00,"34,500.00"
2019-12-11,2019121101006084,ADBL,21,39,411,415.00,"170,565.00"
2019-12-11,2019121101006083,ADBL,38,39,200,415.00,"83,000.00"
2019-12-11,2019121101006082,ADBL,42,39,61,415.00,"25,315.00"
2019-12-11,2019121101005975,ADBL,42,6,39,415.00,"16,185.00"
2019-12-11,2019121101005974,ADBL,10,6,200,415.00,"83,000.00"
2019-12-11,2019121101005973,ADBL,29,6,50,415.00,"20,750.00"
2019-12-11,2019121101005972,ADBL,55,6,100,415.00,"41,500.00"
2019-12-11,2019121101005971,ADBL,29,6,111,415.00,"46,065.00"
2019-12-11,2019121101006067,AHPC,39,52,200,97.00,"19,400.00"
2019-12-11,2019121101005894,AKBSL,35,52,100,471.00,"47,100.00"
2019-12-11,2019121101005893,AKBSL,34,52,100,472.00,"47,200.00"
2019-12-11,2019121101006131,AKPL,25,45,50,121.00,"6,050.00"
2019-12-11,2019121101006030,API,35,45,400,106.00,"42,400.00"
2019-12-11,2019121101006027,API,35,28,"1,000",106.00,"106,000.00"
2019-12-11,2019121101006015,API,35,38,600,106.00,"63,600.00"
2019-12-11,2019121101006004,API,25,38,52,106.00,"5,512.00"
2019-12-11,2019121101005925,API,13,58,100,104.00,"10,400.00"
2019-12-11,2019121101005924,API,36,58,300,104.00,"31,200.00"
2019-12-11,2019121101005923,API,51,58,150,104.00,"15,600.00"
2019-12-11,2019121101005781,API,51,13,"1,850",104.00,"192,400.00"
2019-12-11,2019121101005780,API,42,13,50,104.00,"5,200.00"
2019-12-11,2019121101005779,API,34,13,100,104.00,"10,400.00"
2019-12-11,2019121101006167,BOKL,34,37,400,219.00,"87,600.00"
2019-12-11,2019121101006138,BOKL,32,32,17,218.00,"3,706.00"
2019-12-11,2019121101005886,BOKL,32,52,50,218.00,"10,900.00"
2019-12-11,2019121101005988,BPCL,21,59,46,355.00,"16,330.00"
2019-12-11,2019121101005987,BPCL,36,59,200,355.00,"71,000.00"
2019-12-11,2019121101005986,BPCL,44,59,754,355.00,"267,670.00"
2019-12-11,2019121101005860,BPCL,44,52,246,355.00,"87,330.00"
2019-12-11,2019121101005859,BPCL,21,52,100,355.00,"35,500.00"
2019-12-11,2019121101005858,BPCL,43,52,100,355.00,"35,500.00"
2019-12-11,2019121101005851,BPCL,49,52,20,356.00,"7,120.00"
2019-12-11,2019121101005850,BPCL,53,52,100,357.00,"35,700.00"
2019-12-11,2019121101005849,BPCL,3,52,50,357.00,"17,850.00"
2019-12-11,2019121101005848,BPCL,26,52,50,357.00,"17,850.00"
2019-12-11,2019121101005847,BPCL,41,52,50,357.00,"17,850.00"
2019-12-11,2019121101005846,BPCL,42,52,40,358.00,"14,320.00"
2019-12-11,2019121101005857,BPCL,36,52,60,355.00,"21,300.00"
2019-12-11,2019121101005856,BPCL,28,52,50,356.00,"17,800.00"
2019-12-11,2019121101005855,BPCL,28,52,100,356.00,"35,600.00"
2019-12-11,2019121101005854,BPCL,50,52,250,356.00,"89,000.00"
2019-12-11,2019121101005853,BPCL,57,52,400,356.00,"142,400.00"
2019-12-11,2019121101005852,BPCL,57,52,150,356.00,"53,400.00"
2019-12-11,2019121101006065,CBBL,6,6,13,808.00,"10,504.00"
2019-12-11,2019121101005799,CBBL,6,35,80,808.00,"64,640.00"
2019-12-11,2019121101005772,CBBL,6,46,90,808.00,"72,720.00"
2019-12-11,2019121101005771,CBBL,39,46,10,808.00,"8,080.00"
2019-12-11,2019121101005751,CBBL,6,53,17,808.00,"13,736.00"
2019-12-11,2019121101006125,CBL,33,22,100,138.00,"13,800.00"
2019-12-11,2019121101005959,CBL,43,29,20,138.00,"2,760.00"
2019-12-11,2019121101005837,CBL,25,29,180,138.00,"24,840.00"
2019-12-11,2019121101005826,CBL,25,43,320,138.00,"44,160.00"
2019-12-11,2019121101005756,CBL,42,43,80,138.00,"11,040.00"
2019-12-11,2019121101006162,CCBL,28,28,3,164.00,492.00
2019-12-11,2019121101006156,CCBL,28,28,3,164.00,492.00
2019-12-11,2019121101006152,CCBL,28,28,3,164.00,492.00
2019-12-11,2019121101006151,CCBL,28,28,3,164.00,492.00
2019-12-11,2019121101006080,CCBL,4,37,18,166.00,"2,988.00"
2019-12-11,2019121101006079,CCBL,7,37,38,167.00,"6,346.00"
2019-12-11,2019121101005955,CCBL,1,7,200,167.00,"33,400.00"
2019-12-11,2019121101005892,CCBL,40,14,"1,000",168.00,"168,000.00"
2019-12-11,2019121101005891,CCBL,40,43,256,168.00,"43,008.00"
2019-12-11,2019121101005890,CCBL,40,51,400,168.00,"67,200.00"
2019-12-11,2019121101005705,CFCL,7,49,10,112.00,"1,120.00"
2019-12-11,2019121101006134,CIT,16,25,100,"1,758.00","175,800.00"
2019-12-11,2019121101006122,CIT,5,17,32,"1,751.00","56,032.00"
2019-12-11,2019121101006045,CIT,33,36,100,"1,742.00","174,200.00"
2019-12-11,2019121101006044,CIT,57,36,200,"1,743.00","348,600.00"
2019-12-11,2019121101006014,CIT,11,50,20,"1,744.00","34,880.00"
2019-12-11,2019121101005932,CIT,37,25,200,"1,745.00","349,000.00"
2019-12-11,2019121101005931,CIT,51,25,10,"1,750.00","17,500.00"
2019-12-11,2019121101005783,CLBSL,58,39,100,589.00,"58,900.00"
2019-12-11,2019121101005782,CLBSL,6,39,190,590.00,"112,100.00"
2019-12-11,2019121101005737,CLBSL,6,29,10,590.00,"5,900.00"
2019-12-11,2019121101006113,CZBIL,57,17,77,187.00,"14,399.00"
2019-12-11,2019121101005914,CZBIL,35,17,200,187.00,"37,400.00"
2019-12-11,2019121101005913,CZBIL,50,17,200,187.00,"37,400.00"
2019-12-11,2019121101005912,CZBIL,48,17,240,187.00,"44,880.00"
2019-12-11,2019121101005735,CZBIL,48,7,260,187.00,"48,620.00"
2019-12-11,2019121101005734,CZBIL,56,7,50,187.00,"9,350.00"
2019-12-11,2019121101005733,CZBIL,1,7,90,187.00,"16,830.00"
2019-12-11,2019121101005883,DBBL,19,58,500,124.00,"62,000.00"
2019-12-11,2019121101005882,DBBL,25,58,500,124.00,"62,000.00"
2019-12-11,2019121101005881,DBBL,45,58,"1,000",124.00,"124,000.00"
2019-12-11,2019121101006055,EBL,26,44,890,560.00,"498,400.00"
2019-12-11,2019121101006054,EBL,34,44,10,560.00,"5,600.00"
2019-12-11,2019121101006053,EBL,42,44,100,560.00,"56,000.00"
2019-12-11,2019121101005968,EBL,7,6,202,561.00,"113,322.00"
2019-12-11,2019121101005946,EBL,29,6,50,561.00,"28,050.00"
2019-12-11,2019121101005945,EBL,28,6,48,561.00,"26,928.00"
2019-12-11,2019121101005739,EBL,28,34,152,561.00,"85,272.00"
2019-12-11,2019121101005738,EBL,34,34,100,561.00,"56,100.00"
2019-12-11,2019121101005736,EBL,25,16,50,562.00,"28,100.00"
2019-12-11,2019121101006163,EIC,33,38,750,239.00,"179,250.00"
2019-12-11,2019121101006137,EIC,33,55,106,239.00,"25,334.00"
2019-12-11,2019121101006133,EIC,20,42,700,241.00,"168,700.00"
2019-12-11,2019121101005835,EIC,56,38,500,237.00,"118,500.00"
2019-12-11,2019121101005834,EIC,58,38,50,238.00,"11,900.00"
2019-12-11,2019121101005827,EIC,16,38,100,241.00,"24,100.00"
2019-12-11,2019121101006032,FOWAD,43,21,99,"1,391.00","137,709.00"
2019-12-11,2019121101006031,FOWAD,39,21,100,"1,391.00","139,100.00"
2019-12-11,2019121101005833,FOWAD,43,58,14,"1,393.00","19,502.00"
2019-12-11,2019121101005832,FOWAD,7,58,20,"1,395.00","27,900.00"
2019-12-11,2019121101005818,FOWAD,6,59,14,"1,395.00","19,530.00"
2019-12-11,2019121101005769,FOWAD,6,34,50,"1,395.00","69,750.00"
2019-12-11,2019121101005679,FOWAD,6,55,36,"1,395.00","50,220.00"
2019-12-11,2019121101005766,GBBL,52,48,500,205.00,"102,500.00"
2019-12-11,2019121101005765,GBBL,42,48,350,205.00,"71,750.00"
2019-12-11,2019121101005728,GBBL,42,11,100,205.00,"20,500.00"
2019-12-11,2019121101006171,GBLBS,10,56,10,326.00,"3,260.00"
2019-12-11,2019121101006170,GBLBS,10,44,150,326.00,"48,900.00"
2019-12-11,2019121101006169,GBLBS,10,56,10,325.00,"3,250.00"
2019-12-11,2019121101006064,GBLBS,14,56,10,324.00,"3,240.00"
2019-12-11,2019121101006063,GBLBS,14,54,400,324.00,"129,600.00"
2019-12-11,2019121101006062,GBLBS,14,14,500,324.00,"162,000.00"
2019-12-11,2019121101005805,GBLBS,6,29,60,317.00,"19,020.00"
2019-12-11,2019121101005804,GBLBS,49,29,100,317.00,"31,700.00"
2019-12-11,2019121101005803,GBLBS,52,29,85,317.00,"26,945.00"
2019-12-11,2019121101005802,GBLBS,6,29,200,318.00,"63,600.00"
2019-12-11,2019121101005801,GBLBS,1,29,50,318.00,"15,900.00"
2019-12-11,2019121101006061,GBLBS,14,32,15,324.00,"4,860.00"
2019-12-11,2019121101006058,GBLBS,14,42,30,323.00,"9,690.00"
2019-12-11,2019121101006057,GBLBS,14,17,50,323.00,"16,150.00"
2019-12-11,2019121101006056,GBLBS,14,39,30,323.00,"9,690.00"
2019-12-11,2019121101006021,GBLBS,46,19,300,318.00,"95,400.00"
2019-12-11,2019121101005806,GBLBS,50,29,500,317.00,"158,500.00"
2019-12-11,2019121101005994,GFCL,41,1,500,134.00,"67,000.00"
2019-12-11,2019121101005753,GGBSL,11,36,10,640.00,"6,400.00"
2019-12-11,2019121101005752,GGBSL,11,36,40,640.00,"25,600.00"
2019-12-11,2019121101006071,GLICL,45,52,130,428.00,"55,640.00"
2019-12-11,2019121101006070,GLICL,45,25,29,428.00,"12,412.00"
2019-12-11,2019121101006069,GLICL,45,34,41,424.00,"17,384.00"
2019-12-11,2019121101005727,GLICL,50,52,22,420.00,"9,240.00"
2019-12-11,2019121101005726,GLICL,14,52,200,421.00,"84,200.00"
2019-12-11,2019121101006011,GMFBS,28,36,100,560.00,"56,000.00"
2019-12-11,2019121101006010,GMFBS,28,42,10,560.00,"5,600.00"
2019-12-11,2019121101005732,GMFBS,36,14,90,552.00,"49,680.00"
2019-12-11,2019121101005731,GMFBS,47,14,10,553.00,"5,530.00"
2019-12-11,2019121101006047,GRDBLP,53,54,"35,000",100.00,"3,500,000.00"
2019-12-11,2019121101005861,HBL,21,39,300,500.00,"150,000.00"
2019-12-11,2019121101005938,HDL,6,22,50,"1,260.00","63,000.00"
2019-12-11,2019121101005869,HDL,11,13,160,"1,257.00","201,120.00"
2019-12-11,2019121101005868,HDL,35,13,20,"1,258.00","25,160.00"
2019-12-11,2019121101005867,HDL,7,13,100,"1,258.00","125,800.00"
2019-12-11,2019121101005961,HIDCL,54,1,500,134.00,"67,000.00"
2019-12-11,2019121101006142,HURJA,33,26,40,102.00,"4,080.00"
2019-12-11,2019121101006075,HURJA,33,37,20,102.00,"2,040.00"
2019-12-11,2019121101006012,HURJA,33,29,20,102.00,"2,040.00"
2019-12-11,2019121101005796,HURJA,33,38,20,102.00,"2,040.00"
2019-12-11,2019121101005744,ILBS,52,57,17,577.00,"9,809.00"
2019-12-11,2019121101005743,ILBS,52,16,50,577.00,"28,850.00"
2019-12-11,2019121101006052,JBBL,35,22,10,167.00,"1,670.00"
2019-12-11,2019121101005681,JFL,28,50,20,202.00,"4,040.00"
2019-12-11,2019121101005811,JSLBB,25,57,10,"1,266.00","12,660.00"
2019-12-11,2019121101005810,JSLBB,33,57,15,"1,266.00","18,990.00"
2019-12-11,2019121101005809,JSLBB,45,57,30,"1,267.00","38,010.00"
2019-12-11,2019121101005808,JSLBB,45,57,50,"1,268.00","63,400.00"
2019-12-11,2019121101005880,JSLBB,6,13,153,"1,252.00","191,556.00"
2019-12-11,2019121101005823,JSLBB,10,57,45,"1,265.00","56,925.00"
2019-12-11,2019121101006129,KBL,13,17,170,183.00,"31,110.00"
2019-12-11,2019121101005998,KBL,13,52,410,183.00,"75,030.00"
2019-12-11,2019121101005976,KBL,42,22,30,184.00,"5,520.00"
2019-12-11,2019121101005800,KBL,58,43,567,183.00,"103,761.00"
2019-12-11,2019121101005758,KBL,58,36,300,183.00,"54,900.00"
2019-12-11,2019121101006094,KPCL,55,37,10,82.00,820.00
2019-12-11,2019121101006043,LBBL,44,50,"4,904",194.00,"951,376.00"
2019-12-11,2019121101006042,LBBL,57,50,100,194.00,"19,400.00"
2019-12-11,2019121101006041,LBBL,14,50,200,194.00,"38,800.00"
2019-12-11,2019121101006040,LBBL,11,50,71,194.00,"13,774.00"
2019-12-11,2019121101005784,LBBL,22,40,234,196.00,"45,864.00"
2019-12-11,2019121101005680,LBBL,22,57,500,196.00,"98,000.00"
2019-12-11,2019121101005885,LBBL,57,42,967,196.00,"189,532.00"
2019-12-11,2019121101005884,LBBL,22,42,633,196.00,"124,068.00"
2019-12-11,2019121101005840,LBBL,22,25,500,196.00,"98,000.00"
2019-12-11,2019121101005836,LBBL,22,8,250,196.00,"49,000.00"
2019-12-11,2019121101005820,LBBL,22,49,"1,300",196.00,"254,800.00"
2019-12-11,2019121101006039,LBBL,29,50,40,195.00,"7,800.00"
2019-12-11,2019121101006038,LBBL,58,50,100,195.00,"19,500.00"
2019-12-11,2019121101006037,LBBL,50,50,"1,085",195.00,"211,575.00"
2019-12-11,2019121101006003,LBBL,50,22,300,195.00,"58,500.00"
2019-12-11,2019121101005927,LBBL,53,59,117,196.00,"22,932.00"
2019-12-11,2019121101005907,LBBL,57,59,33,196.00,"6,468.00"
2019-12-11,2019121101006078,LGIL,21,53,50,330.00,"16,500.00"
2019-12-11,2019121101006145,LLBS,57,4,40,685.00,"27,400.00"
2019-12-11,2019121101006049,MBL,59,34,344,220.00,"75,680.00"
2019-12-11,2019121101006048,MBL,21,34,250,220.00,"55,000.00"
2019-12-11,2019121101005750,MBL,33,34,100,221.00,"22,100.00"
2019-12-11,2019121101005749,MBL,59,34,"2,000",221.00,"442,000.00"
2019-12-11,2019121101005748,MBL,56,34,"1,000",221.00,"221,000.00"
2019-12-11,2019121101005747,MBL,21,34,"1,000",221.00,"221,000.00"
2019-12-11,2019121101005746,MBL,36,34,601,221.00,"132,821.00"
2019-12-11,2019121101005745,MBL,43,34,500,222.00,"111,000.00"
2019-12-11,2019121101006155,MEGA,33,25,100,188.00,"18,800.00"
2019-12-11,2019121101006006,MEGA,32,41,65,187.00,"12,155.00"
2019-12-11,2019121101005958,MEGA,45,52,19,186.00,"3,534.00"
2019-12-11,2019121101005930,MEGA,45,52,19,186.00,"3,534.00"
2019-12-11,2019121101006059,MERO,43,32,279,465.00,"129,735.00"
2019-12-11,2019121101005684,MERO,28,21,61,467.00,"28,487.00"
2019-12-11,2019121101005683,MERO,22,21,31,468.00,"14,508.00"
2019-12-11,2019121101006028,MERO,43,25,59,465.00,"27,435.00"
2019-12-11,2019121101006009,MERO,43,6,162,465.00,"75,330.00"
2019-12-11,2019121101006008,MERO,28,6,39,467.00,"18,213.00"
2019-12-11,2019121101006140,MLBBL,41,7,30,530.00,"15,900.00"
2019-12-11,2019121101006096,MLBBL,11,7,20,530.00,"10,600.00"
2019-12-11,2019121101006095,MLBBL,43,7,28,539.00,"15,092.00"
2019-12-11,2019121101006060,MLBBL,43,7,12,539.00,"6,468.00"
2019-12-11,2019121101006026,MLBBL,43,28,10,539.00,"5,390.00"
2019-12-11,2019121101006024,MLBBL,19,28,10,550.00,"5,500.00"
2019-12-11,2019121101006023,MLBBL,28,28,100,551.00,"55,100.00"
2019-12-11,2019121101005841,MLBBL,42,7,20,561.00,"11,220.00"
2019-12-11,2019121101006153,MNBBL,42,34,100,280.00,"28,000.00"
2019-12-11,2019121101006112,MNBBL,13,55,37,279.00,"10,323.00"
2019-12-11,2019121101005778,MNBBL,13,48,21,279.00,"5,859.00"
2019-12-11,2019121101005718,MNBBL,42,34,100,280.00,"28,000.00"
2019-12-11,2019121101005795,MNBBL,13,48,100,279.00,"27,900.00"
2019-12-11,2019121101005954,MSLB,26,50,100,922.00,"92,200.00"
2019-12-11,2019121101005953,MSLB,26,1,100,922.00,"92,200.00"
2019-12-11,2019121101006007,MSMBS,40,32,100,573.00,"57,300.00"
2019-12-11,2019121101005996,MSMBS,6,7,100,574.00,"57,400.00"
2019-12-11,2019121101005995,MSMBS,7,58,11,579.00,"6,369.00"
2019-12-11,2019121101006091,NABIL,11,4,17,745.00,"12,665.00"
2019-12-11,2019121101006090,NABIL,52,4,300,745.00,"223,500.00"
2019-12-11,2019121101006089,NABIL,5,4,600,745.00,"447,000.00"
2019-12-11,2019121101006088,NABIL,55,4,10,745.00,"7,450.00"
2019-12-11,2019121101006087,NABIL,29,4,13,746.00,"9,698.00"
2019-12-11,2019121101005951,NABIL,29,4,587,746.00,"437,902.00"
2019-12-11,2019121101005950,NABIL,29,4,50,746.00,"37,300.00"
2019-12-11,2019121101005949,NABIL,29,4,423,746.00,"315,558.00"
2019-12-11,2019121101005948,NABIL,40,4,40,747.00,"29,880.00"
2019-12-11,2019121101005842,NABIL,29,4,600,747.00,"448,200.00"
2019-12-11,2019121101005722,NADEP,46,50,100,472.00,"47,200.00"
2019-12-11,2019121101005721,NADEP,46,50,500,472.00,"236,000.00"
2019-12-11,2019121101006104,NBB,52,43,300,205.00,"61,500.00"
2019-12-11,2019121101006046,NBB,53,57,316,205.00,"64,780.00"
2019-12-11,2019121101005937,NBB,29,57,90,205.00,"18,450.00"
2019-12-11,2019121101005936,NBB,52,57,500,205.00,"102,500.00"
2019-12-11,2019121101005903,NBB,17,19,395,205.00,"80,975.00"
2019-12-11,2019121101005844,NBB,17,52,605,205.00,"124,025.00"
2019-12-11,2019121101005843,NBB,14,52,395,205.00,"80,975.00"
2019-12-11,2019121101005682,NBB,14,57,30,205.00,"6,150.00"
2019-12-11,2019121101005935,NBB,13,57,100,205.00,"20,500.00"
2019-12-11,2019121101005934,NBB,33,57,100,205.00,"20,500.00"
2019-12-11,2019121101005933,NBB,43,57,176,205.00,"36,080.00"
2019-12-11,2019121101005906,NBB,43,19,324,205.00,"66,420.00"
2019-12-11,2019121101005905,NBB,45,19,100,205.00,"20,500.00"
2019-12-11,2019121101005904,NBB,36,19,50,205.00,"10,250.00"
2019-12-11,2019121101006101,NBL,17,39,"1,000",314.00,"314,000.00"
2019-12-11,2019121101006099,NBL,42,17,50,315.00,"15,750.00"
2019-12-11,2019121101005956,NBL,57,17,200,315.00,"63,000.00"
2019-12-11,2019121101005740,NBL,45,17,10,315.00,"3,150.00"
2019-12-11,2019121101005723,NBL,45,17,10,315.00,"3,150.00"
2019-12-11,2019121101006150,NCCB,45,34,40,202.00,"8,080.00"
2019-12-11,2019121101006149,NCCB,45,35,"1,000",202.00,"202,000.00"
2019-12-11,2019121101006148,NCCB,45,33,100,202.00,"20,200.00"
2019-12-11,2019121101006124,NCCB,52,32,46,201.00,"9,246.00"
2019-12-11,2019121101006123,NCCB,57,32,69,201.00,"13,869.00"
2019-12-11,2019121101006029,NCCB,57,29,21,201.00,"4,221.00"
2019-12-11,2019121101006005,NCCB,57,36,400,201.00,"80,400.00"
2019-12-11,2019121101005792,NCCB,45,35,"1,000",202.00,"202,000.00"
2019-12-11,2019121101005791,NCCB,45,51,50,202.00,"10,100.00"
2019-12-11,2019121101005992,NGPL,16,52,920,110.00,"101,200.00"
2019-12-11,2019121101005991,NGPL,45,52,80,111.00,"8,880.00"
2019-12-11,2019121101005957,NGPL,45,45,500,111.00,"55,500.00"
2019-12-11,2019121101005952,NGPL,45,52,156,111.00,"17,316.00"
2019-12-11,2019121101005919,NGPL,45,52,156,111.00,"17,316.00"
2019-12-11,2019121101005889,NGPL,45,52,108,111.00,"11,988.00"
2019-12-11,2019121101005888,NGPL,25,52,48,111.00,"5,328.00"
2019-12-11,2019121101005879,NGPL,25,52,52,111.00,"5,772.00"
2019-12-11,2019121101005878,NGPL,43,52,50,111.00,"5,550.00"
2019-12-11,2019121101005877,NGPL,25,52,54,111.00,"5,994.00"
2019-12-11,2019121101006121,NHPC,35,1,210,51.00,"10,710.00"
2019-12-11,2019121101006120,NHPC,58,1,350,51.00,"17,850.00"
2019-12-11,2019121101006103,NHPC,51,1,490,52.00,"25,480.00"
2019-12-11,2019121101006102,NHPC,1,1,50,53.00,"2,650.00"
2019-12-11,2019121101006093,NIB,41,39,285,425.00,"121,125.00"
2019-12-11,2019121101005922,NIB,16,45,20,426.00,"8,520.00"
2019-12-11,2019121101005763,NIB,34,45,50,426.00,"21,300.00"
2019-12-11,2019121101005762,NIB,42,45,20,426.00,"8,520.00"
2019-12-11,2019121101005761,NIB,36,45,20,426.00,"8,520.00"
2019-12-11,2019121101005760,NIB,42,45,50,426.00,"21,300.00"
2019-12-11,2019121101006160,NIBPO,7,22,400,404.00,"161,600.00"
2019-12-11,2019121101005970,NIBPO,7,6,500,404.00,"202,000.00"
2019-12-11,2019121101005921,NIBPO,7,44,50,404.00,"20,200.00"
2019-12-11,2019121101005822,NIBPO,7,44,"1,000",404.00,"404,000.00"
2019-12-11,2019121101005821,NIBPO,7,44,50,404.00,"20,200.00"
2019-12-11,2019121101005817,NIBPO,7,44,200,403.00,"80,600.00"
2019-12-11,2019121101006119,NICA,42,56,30,413.00,"12,390.00"
2019-12-11,2019121101006033,NICA,7,55,60,412.00,"24,720.00"
2019-12-11,2019121101005865,NICA,26,56,70,413.00,"28,910.00"
2019-12-11,2019121101006159,NICL,19,21,155,278.00,"43,090.00"
2019-12-11,2019121101006158,NICL,36,21,200,279.00,"55,800.00"
2019-12-11,2019121101006157,NICL,42,21,20,280.00,"5,600.00"
2019-12-11,2019121101006136,NICL,57,40,200,283.00,"56,600.00"
2019-12-11,2019121101006166,NIL,13,6,100,401.00,"40,100.00"
2019-12-11,2019121101006022,NIL,48,50,70,402.00,"28,140.00"
2019-12-11,2019121101006018,NIL,48,45,500,402.00,"201,000.00"
2019-12-11,2019121101005997,NIL,48,59,130,402.00,"52,260.00"
2019-12-11,2019121101005797,NIL,48,53,300,402.00,"120,600.00"
2019-12-11,2019121101006017,NLBBL,1,19,79,580.00,"45,820.00"
2019-12-11,2019121101006016,NLBBL,1,19,71,580.00,"41,180.00"
2019-12-11,2019121101005990,NLBBL,1,34,29,580.00,"16,820.00"
2019-12-11,2019121101005989,NLBBL,53,34,11,580.00,"6,380.00"
2019-12-11,2019121101005830,NLBBL,53,42,189,580.00,"109,620.00"
2019-12-11,2019121101005785,NLBBL,28,42,26,580.00,"15,080.00"
2019-12-11,2019121101005730,NLG,45,45,14,560.00,"7,840.00"
2019-12-11,2019121101006074,NLIC,5,3,50,885.00,"44,250.00"
2019-12-11,2019121101006002,NLIC,5,42,90,885.00,"79,650.00"
2019-12-11,2019121101006001,NLIC,11,42,10,885.00,"8,850.00"
2019-12-11,2019121101005960,NLIC,49,49,9,882.00,"7,938.00"
2019-12-11,2019121101005864,NLIC,11,49,78,886.00,"69,108.00"
2019-12-11,2019121101006036,NLICL,28,40,490,460.00,"225,400.00"
2019-12-11,2019121101006035,NLICL,8,40,500,461.00,"230,500.00"
2019-12-11,2019121101006034,NLICL,44,40,10,461.00,"4,610.00"
2019-12-11,2019121101005977,NLICL,44,34,90,461.00,"41,490.00"
2019-12-11,2019121101006132,NMB,58,49,100,394.00,"39,400.00"
2019-12-11,2019121101006111,NMB,38,49,400,394.00,"157,600.00"
2019-12-11,2019121101006110,NMB,42,49,150,394.00,"59,100.00"
2019-12-11,2019121101006109,NMB,47,49,15,394.00,"5,910.00"
2019-12-11,2019121101006108,NMB,14,49,500,394.00,"197,000.00"
2019-12-11,2019121101006107,NMB,52,49,20,394.00,"7,880.00"
2019-12-11,2019121101006106,NMB,52,49,200,394.00,"78,800.00"
2019-12-11,2019121101005911,NMB,21,49,100,395.00,"39,500.00"
2019-12-11,2019121101005676,NMB,44,55,500,395.00,"197,500.00"
2019-12-11,2019121101005675,NMB,50,55,125,395.00,"49,375.00"
2019-12-11,2019121101005896,NMBMF,16,45,40,600.00,"24,000.00"
2019-12-11,2019121101005775,NMBMF,16,13,220,600.00,"132,000.00"
2019-12-11,2019121101005774,NMBMF,45,13,100,600.00,"60,000.00"
2019-12-11,2019121101005773,NMBMF,16,13,80,600.00,"48,000.00"
2019-12-11,2019121101005704,NMFBS,33,38,50,"1,261.00","63,050.00"
2019-12-11,2019121101006092,NSEWA,26,55,20,474.00,"9,480.00"
2019-12-11,2019121101005981,NSEWA,26,55,20,474.00,"9,480.00"
2019-12-11,2019121101005940,NSEWA,26,4,10,474.00,"4,740.00"
2019-12-11,2019121101005685,NSEWA,26,50,10,474.00,"4,740.00"
2019-12-11,2019121101006165,NTC,45,49,10,656.00,"6,560.00"
2019-12-11,2019121101006164,NTC,45,25,20,654.00,"13,080.00"
2019-12-11,2019121101005941,NUBL,32,28,161,989.00,"159,229.00"
2019-12-11,2019121101005918,NUBL,32,7,333,989.00,"329,337.00"
2019-12-11,2019121101005917,NUBL,22,7,67,989.00,"66,263.00"
2019-12-11,2019121101005916,NUBL,38,7,30,989.00,"29,670.00"
2019-12-11,2019121101005915,NUBL,22,7,70,990.00,"69,300.00"
2019-12-11,2019121101005717,NUBL,22,19,230,990.00,"227,700.00"
2019-12-11,2019121101005716,NUBL,49,19,20,990.00,"19,800.00"
2019-12-11,2019121101006154,OHL,58,17,115,435.00,"50,025.00"
2019-12-11,2019121101006051,PCBL,33,55,55,277.00,"15,235.00"
2019-12-11,2019121101005985,PCBL,52,19,100,278.00,"27,800.00"
2019-12-11,2019121101005984,PCBL,8,19,"1,000",278.00,"278,000.00"
2019-12-11,2019121101005983,PCBL,37,19,400,278.00,"111,200.00"
2019-12-11,2019121101005982,PCBL,48,19,492,278.00,"136,776.00"
2019-12-11,2019121101005895,PCBL,6,58,200,279.00,"55,800.00"
2019-12-11,2019121101005790,PCBL,45,58,500,279.00,"139,500.00"
2019-12-11,2019121101005789,PCBL,7,58,200,279.00,"55,800.00"
2019-12-11,2019121101005872,PIC,57,55,10,398.00,"3,980.00"
2019-12-11,2019121101005871,PIC,36,55,200,398.00,"79,600.00"
2019-12-11,2019121101005870,PIC,57,55,90,398.00,"35,820.00"
2019-12-11,2019121101005807,PIC,5,14,150,400.00,"60,000.00"
2019-12-11,2019121101005980,PLIC,38,1,480,348.00,"167,040.00"
2019-12-11,2019121101005979,PLIC,21,1,20,348.00,"6,960.00"
2019-12-11,2019121101005967,PMHPL,49,4,20,84.00,"1,680.00"
2019-12-11,2019121101005966,PMHPL,58,4,50,84.00,"4,200.00"
2019-12-11,2019121101005999,PROFL,49,10,300,94.00,"28,200.00"
2019-12-11,2019121101006118,PRVU,42,49,120,226.00,"27,120.00"
2019-12-11,2019121101006117,PRVU,42,11,80,226.00,"18,080.00"
2019-12-11,2019121101006025,PRVU,29,55,150,225.00,"33,750.00"
2019-12-11,2019121101005926,PRVU,29,52,50,225.00,"11,250.00"
2019-12-11,2019121101005770,PRVU,45,11,20,226.00,"4,520.00"
2019-12-11,2019121101005712,PRVU,57,8,150,226.00,"33,900.00"
2019-12-11,2019121101005710,PRVU,17,8,950,226.00,"214,700.00"
2019-12-11,2019121101005709,PRVU,17,8,"1,250",226.00,"282,500.00"
2019-12-11,2019121101005725,PRVU,17,11,700,226.00,"158,200.00"
2019-12-11,2019121101005724,PRVU,17,42,"1,500",226.00,"339,000.00"
2019-12-11,2019121101005720,PRVU,17,42,500,226.00,"113,000.00"
2019-12-11,2019121101005719,PRVU,17,49,"1,700",226.00,"384,200.00"
2019-12-11,2019121101005714,PRVU,17,49,"1,300",226.00,"293,800.00"
2019-12-11,2019121101005713,PRVU,17,8,900,226.00,"203,400.00"
2019-12-11,2019121101006147,RADHI,32,57,11,142.00,"1,562.00"
2019-12-11,2019121101006146,RADHI,32,44,12,142.00,"1,704.00"
2019-12-11,2019121101005674,RBCLPO,38,42,20,"7,401.00","148,020.00"
2019-12-11,2019121101005673,RBCLPO,38,42,20,"7,421.00","148,420.00"
2019-12-11,2019121101005939,RLFL,1,46,500,110.00,"55,000.00"
2019-12-11,2019121101006135,RMDC,34,32,37,635.00,"23,495.00"
2019-12-11,2019121101006013,RMDC,41,44,167,640.00,"106,880.00"
2019-12-11,2019121101005839,RMDC,45,44,33,640.00,"21,120.00"
2019-12-11,2019121101005755,RMDC,45,44,67,640.00,"42,880.00"
2019-12-11,2019121101005863,RSDC,49,25,200,330.00,"66,000.00"
2019-12-11,2019121101005862,RSDC,6,25,75,334.00,"25,050.00"
2019-12-11,2019121101005838,RSDC,6,49,125,334.00,"41,750.00"
2019-12-11,2019121101006115,SABSL,42,47,10,562.00,"5,620.00"
2019-12-11,2019121101006114,SABSL,42,47,10,562.00,"5,620.00"
2019-12-11,2019121101005876,SABSL,44,46,190,560.00,"106,400.00"
2019-12-11,2019121101005875,SABSL,6,46,10,560.00,"5,600.00"
2019-12-11,2019121101005874,SABSL,7,46,150,560.00,"84,000.00"
2019-12-11,2019121101005873,SABSL,41,46,190,562.00,"106,780.00"
2019-12-11,2019121101005828,SABSL,41,47,10,562.00,"5,620.00"
2019-12-11,2019121101005819,SABSL,7,47,10,560.00,"5,600.00"
2019-12-11,2019121101005793,SABSL,7,47,10,560.00,"5,600.00"
2019-12-11,2019121101005759,SABSL,7,47,10,560.00,"5,600.00"
2019-12-11,2019121101005729,SABSL,7,47,10,560.00,"5,600.00"
2019-12-11,2019121101005944,SADBL,4,13,500,142.00,"71,000.00"
2019-12-11,2019121101005943,SADBL,4,17,200,142.00,"28,400.00"
2019-12-11,2019121101006081,SANIMA,42,44,200,313.00,"62,600.00"
2019-12-11,2019121101005929,SANIMA,50,57,200,313.00,"62,600.00"
2019-12-11,2019121101005928,SANIMA,21,57,150,313.00,"46,950.00"
2019-12-11,2019121101005677,SANIMA,21,33,250,313.00,"78,250.00"
2019-12-11,2019121101006098,SBL,6,28,137,290.00,"39,730.00"
2019-12-11,2019121101006097,SBL,45,28,50,290.00,"14,500.00"
2019-12-11,2019121101005887,SBL,45,28,950,290.00,"275,500.00"
2019-12-11,2019121101005757,SBL,58,28,50,290.00,"14,500.00"
2019-12-11,2019121101005678,SBL,7,28,"1,000",290.00,"290,000.00"
2019-12-11,2019121101006172,SCB,49,40,100,537.00,"53,700.00"
2019-12-11,2019121101005777,SCB,11,45,30,538.00,"16,140.00"
2019-12-11,2019121101005776,SCB,22,45,41,538.00,"22,058.00"
2019-12-11,2019121101005866,SDESI,1,45,174,586.00,"101,964.00"
2019-12-11,2019121101005920,SEF,14,3,"1,300",8.90,"11,570.00"
2019-12-11,2019121101005764,SHINE,40,34,"1,500",228.00,"342,000.00"
2019-12-11,2019121101006128,SHIVM,49,6,100,381.00,"38,100.00"
2019-12-11,2019121101006127,SHIVM,32,6,500,381.00,"190,500.00"
2019-12-11,2019121101006126,SHIVM,51,6,250,381.00,"95,250.00"
2019-12-11,2019121101006072,SHIVM,51,10,50,381.00,"19,050.00"
2019-12-11,2019121101006000,SHIVM,51,48,200,381.00,"76,200.00"
2019-12-11,2019121101005965,SHL,8,58,450,190.00,"85,500.00"
2019-12-11,2019121101005964,SHL,11,58,350,190.00,"66,500.00"
2019-12-11,2019121101005963,SHL,4,58,100,190.00,"19,000.00"
2019-12-11,2019121101005962,SHL,43,58,100,190.00,"19,000.00"
2019-12-11,2019121101005754,SHL,57,49,100,191.00,"19,100.00"
2019-12-11,2019121101006077,SHPC,13,50,44,193.00,"8,492.00"
2019-12-11,2019121101006076,SHPC,52,50,156,193.00,"30,108.00"
2019-12-11,2019121101005708,SHPC,52,10,344,193.00,"66,392.00"
2019-12-11,2019121101005707,SHPC,52,10,500,193.00,"96,500.00"
2019-12-11,2019121101005706,SHPC,48,10,106,193.00,"20,458.00"
2019-12-11,2019121101006161,SICL,38,49,50,822.00,"41,100.00"
2019-12-11,2019121101006139,SICL,41,17,50,820.00,"41,000.00"
2019-12-11,2019121101006105,SICL,38,42,350,822.00,"287,700.00"
2019-12-11,2019121101006068,SICL,33,53,250,823.00,"205,750.00"
2019-12-11,2019121101006050,SICL,38,53,100,823.00,"82,300.00"
2019-12-11,2019121101005815,SICL,38,45,100,835.00,"83,500.00"
2019-12-11,2019121101005814,SICL,38,59,50,834.00,"41,700.00"
2019-12-11,2019121101005813,SICL,38,41,30,832.00,"24,960.00"
2019-12-11,2019121101005812,SICL,38,4,15,830.00,"12,450.00"
2019-12-11,2019121101005978,SICL,21,4,75,830.00,"62,250.00"
2019-12-11,2019121101005969,SICL,21,58,125,830.00,"103,750.00"
2019-12-11,2019121101005816,SICL,38,29,100,835.00,"83,500.00"
2019-12-11,2019121101005909,SIL,21,53,100,400.00,"40,000.00"
2019-12-11,2019121101005908,SIL,38,53,50,400.00,"20,000.00"
2019-12-11,2019121101005768,SIL,53,53,100,402.00,"40,200.00"
2019-12-11,2019121101005711,SIL,59,47,23,403.00,"9,269.00"
2019-12-11,2019121101006116,SJCL,49,13,20,162.00,"3,240.00"
2019-12-11,2019121101005947,SJCL,40,58,110,162.00,"17,820.00"
2019-12-11,2019121101005687,SJCL,40,39,20,162.00,"3,240.00"
2019-12-11,2019121101005686,SJCL,40,17,10,162.00,"1,620.00"
2019-12-11,2019121101005693,SJCL,40,39,20,162.00,"3,240.00"
2019-12-11,2019121101005692,SJCL,40,39,20,162.00,"3,240.00"
2019-12-11,2019121101005691,SJCL,40,39,20,162.00,"3,240.00"
2019-12-11,2019121101005690,SJCL,40,39,20,162.00,"3,240.00"
2019-12-11,2019121101005689,SJCL,40,39,20,162.00,"3,240.00"
2019-12-11,2019121101005688,SJCL,40,39,20,162.00,"3,240.00"
2019-12-11,2019121101005699,SJCL,40,39,20,162.00,"3,240.00"
2019-12-11,2019121101005698,SJCL,40,39,20,162.00,"3,240.00"
2019-12-11,2019121101005697,SJCL,40,39,20,162.00,"3,240.00"
2019-12-11,2019121101005696,SJCL,40,39,20,162.00,"3,240.00"
2019-12-11,2019121101005695,SJCL,40,39,20,162.00,"3,240.00"
2019-12-11,2019121101005694,SJCL,40,39,20,162.00,"3,240.00"
2019-12-11,2019121101005910,SJCL,40,13,20,162.00,"3,240.00"
2019-12-11,2019121101005715,SJCL,40,39,20,162.00,"3,240.00"
2019-12-11,2019121101005703,SJCL,40,41,20,162.00,"3,240.00"
2019-12-11,2019121101005702,SJCL,40,39,20,162.00,"3,240.00"
2019-12-11,2019121101005701,SJCL,40,39,20,162.00,"3,240.00"
2019-12-11,2019121101005700,SJCL,40,39,20,162.00,"3,240.00"
2019-12-11,2019121101005767,SKBBL,39,50,10,"1,000.00","10,000.00"
2019-12-11,2019121101006141,SMFDB,10,52,69,660.00,"45,540.00"
2019-12-11,2019121101006144,SPDL,45,57,650,91.00,"59,150.00"
2019-12-11,2019121101006143,SPDL,45,40,250,91.00,"22,750.00"
2019-12-11,2019121101006100,SRBL,35,34,166,217.00,"36,022.00"
2019-12-11,2019121101006086,SRBL,56,34,25,217.00,"5,425.00"
2019-12-11,2019121101006085,SRBL,49,34,500,217.00,"108,500.00"
2019-12-11,2019121101005993,SRBL,43,35,172,218.00,"37,496.00"
2019-12-11,2019121101005788,SRBL,43,44,328,218.00,"71,504.00"
2019-12-11,2019121101005787,SRBL,35,44,900,218.00,"196,200.00"
2019-12-11,2019121101005786,SRBL,17,44,772,218.00,"168,296.00"
2019-12-11,2019121101006168,SWBBL,14,28,150,"1,059.00","158,850.00"
2019-12-11,2019121101006020,SWBBL,50,21,221,"1,042.00","230,282.00"
2019-12-11,2019121101006019,SWBBL,28,21,29,"1,042.00","30,218.00"
2019-12-11,2019121101005942,SWBBL,28,38,71,"1,042.00","73,982.00"
2019-12-11,2019121101005902,SWBBL,53,38,50,"1,045.00","52,250.00"
2019-12-11,2019121101005901,SWBBL,52,38,50,"1,045.00","52,250.00"
2019-12-11,2019121101005824,SWBBL,45,53,30,"1,053.00","31,590.00"
2019-12-11,2019121101005794,SWBBL,45,49,20,"1,053.00","21,060.00"
2019-12-11,2019121101005900,SWBBL,28,38,100,"1,046.00","104,600.00"
2019-12-11,2019121101005899,SWBBL,48,38,200,"1,049.00","209,800.00"
2019-12-11,2019121101005898,SWBBL,17,38,100,"1,050.00","105,000.00"
2019-12-11,2019121101005897,SWBBL,53,38,35,"1,051.00","36,785.00"
2019-12-11,2019121101005831,SWBBL,14,39,30,"1,052.00","31,560.00"
2019-12-11,2019121101005825,SWBBL,14,53,70,"1,052.00","73,640.00"
2019-12-11,2019121101006066,TRH,54,5,50,278.00,"13,900.00"
2019-12-11,2019121101006073,UFL,13,53,100,172.00,"17,200.00"
2019-12-11,2019121101006130,UIC,42,29,30,251.00,"7,530.00"
2019-12-11,2019121101005845,UIC,42,34,10,251.00,"2,510.00"
2019-12-11,2019121101005829,UIC,54,44,"1,000",251.00,"251,000.00"
2019-12-11,2019121101005798,UPCL,52,45,100,73.00,"7,300.00"
2019-12-11,2019121101005742,VLBS,6,49,100,688.00,"68,800.00"
2019-12-11,2019121101005741,VLBS,34,49,64,690.00,"44,160.00"
2019-12-11,2019121101005568,ADBL,29,51,389,415.00,"161,435.00"
2019-12-11,2019121101005567,ADBL,42,51,11,415.00,"4,565.00"
2019-12-11,2019121101005566,ADBL,29,51,100,415.00,"41,500.00"
2019-12-11,2019121101005330,ADBL,6,25,100,416.00,"41,600.00"
2019-12-11,2019121101005329,ADBL,17,25,200,416.00,"83,200.00"
2019-12-11,2019121101005328,ADBL,51,25,500,416.00,"208,000.00"
2019-12-11,2019121101005327,ADBL,45,25,50,416.00,"20,800.00"
2019-12-11,2019121101005326,ADBL,6,25,32,416.00,"13,312.00"
2019-12-11,2019121101005287,ADBL,39,39,300,417.00,"125,100.00"
2019-12-11,2019121101005349,AKBSL,49,6,20,480.00,"9,600.00"
2019-12-11,2019121101005348,AKBSL,36,6,500,480.00,"240,000.00"
2019-12-11,2019121101005347,AKBSL,36,6,490,480.00,"235,200.00"
2019-12-11,2019121101005346,AKBSL,43,6,50,481.00,"24,050.00"
2019-12-11,2019121101005345,AKBSL,32,6,40,481.00,"19,240.00"
2019-12-11,2019121101005344,AKBSL,26,6,70,481.00,"33,670.00"
2019-12-11,2019121101005343,AKBSL,18,6,50,482.00,"24,100.00"
2019-12-11,2019121101005342,AKBSL,34,6,10,483.00,"4,830.00"
2019-12-11,2019121101005381,AKPL,56,8,13,119.00,"1,547.00"
2019-12-11,2019121101005405,ALBSL,21,45,100,480.00,"48,000.00"
2019-12-11,2019121101005377,ALBSL,21,56,160,479.00,"76,640.00"
2019-12-11,2019121101005298,ALBSL,21,56,100,479.00,"47,900.00"
2019-12-11,2019121101005261,ALBSL,21,56,100,479.00,"47,900.00"
2019-12-11,2019121101005260,ALBSL,21,50,100,470.00,"47,000.00"
2019-12-11,2019121101005244,ALBSL,56,47,10,472.00,"4,720.00"
2019-12-11,2019121101005593,API,51,13,200,105.00,"21,000.00"
2019-12-11,2019121101005592,API,51,32,"1,000",105.00,"105,000.00"
2019-12-11,2019121101005494,API,48,25,11,103.00,"1,133.00"
2019-12-11,2019121101005493,API,5,25,39,104.00,"4,056.00"
2019-12-11,2019121101005492,API,36,25,200,104.00,"20,800.00"
2019-12-11,2019121101005332,BFC,8,19,400,85.00,"34,000.00"
2019-12-11,2019121101005331,BFC,4,19,100,85.00,"8,500.00"
2019-12-11,2019121101005453,BOKL,56,37,500,219.00,"109,500.00"
2019-12-11,2019121101005428,BOKL,17,37,300,219.00,"65,700.00"
2019-12-11,2019121101005351,BOKL,50,37,170,219.00,"37,230.00"
2019-12-11,2019121101005350,BOKL,50,53,30,219.00,"6,570.00"
2019-12-11,2019121101005265,BPCL,44,47,11,360.00,"3,960.00"
2019-12-11,2019121101005182,BPCL,44,10,200,360.00,"72,000.00"
2019-12-11,2019121101005181,BPCL,44,34,50,360.00,"18,000.00"
2019-12-11,2019121101005180,BPCL,44,6,44,360.00,"15,840.00"
2019-12-11,2019121101005179,BPCL,44,57,33,360.00,"11,880.00"
2019-12-11,2019121101005178,BPCL,44,47,500,360.00,"180,000.00"
2019-12-11,2019121101005177,BPCL,44,44,22,360.00,"7,920.00"
2019-12-11,2019121101005176,BPCL,44,57,200,359.00,"71,800.00"
2019-12-11,2019121101005175,BPCL,44,48,22,358.00,"7,876.00"
2019-12-11,2019121101005174,BPCL,44,59,418,358.00,"149,644.00"
2019-12-11,2019121101005484,CBBL,45,35,100,808.00,"80,800.00"
2019-12-11,2019121101005483,CBBL,7,35,100,808.00,"80,800.00"
2019-12-11,2019121101005339,CBL,48,43,200,138.00,"27,600.00"
2019-12-11,2019121101005243,CBL,5,49,135,137.00,"18,495.00"
2019-12-11,2019121101005242,CBL,43,49,365,137.00,"50,005.00"
2019-12-11,2019121101005307,CCBL,32,51,100,168.00,"16,800.00"
2019-12-11,2019121101005655,CHCL,25,50,20,358.00,"7,160.00"
2019-12-11,2019121101005580,CHCL,39,34,117,355.00,"41,535.00"
2019-12-11,2019121101005269,CHCL,25,43,17,354.00,"6,018.00"
2019-12-11,2019121101005259,CHCL,16,34,25,355.00,"8,875.00"
2019-12-11,2019121101005258,CHCL,33,34,30,355.00,"10,650.00"
2019-12-11,2019121101005257,CHCL,39,34,150,355.00,"53,250.00"
2019-12-11,2019121101005256,CHCL,42,34,500,355.00,"177,500.00"
2019-12-11,2019121101005255,CHCL,4,34,158,356.00,"56,248.00"
2019-12-11,2019121101005254,CHCL,32,34,20,356.00,"7,120.00"
2019-12-11,2019121101005426,CIT,41,38,100,"1,751.00","175,100.00"
2019-12-11,2019121101005661,CLBSL,6,40,99,597.00,"59,103.00"
2019-12-11,2019121101005385,CZBIL,43,17,500,188.00,"94,000.00"
2019-12-11,2019121101005266,DBBL,40,43,700,125.00,"87,500.00"
2019-12-11,2019121101005669,DDBL,45,43,48,873.00,"41,904.00"
2019-12-11,2019121101005668,DDBL,34,43,100,873.00,"87,300.00"
2019-12-11,2019121101005667,DDBL,44,43,100,873.00,"87,300.00"
2019-12-11,2019121101005666,DDBL,14,43,100,873.00,"87,300.00"
2019-12-11,2019121101005665,DDBL,7,43,174,873.00,"151,902.00"
2019-12-11,2019121101005651,EIC,54,29,100,245.00,"24,500.00"
2019-12-11,2019121101005632,EIC,29,38,100,245.00,"24,500.00"
2019-12-11,2019121101005631,EIC,16,38,100,245.00,"24,500.00"
2019-12-11,2019121101005489,EIC,45,45,34,250.00,"8,500.00"
2019-12-11,2019121101005488,EIC,45,51,"1,500",250.00,"375,000.00"
2019-12-11,2019121101005487,EIC,45,41,100,245.00,"24,500.00"
2019-12-11,2019121101005411,EIC,34,17,500,244.00,"122,000.00"
2019-12-11,2019121101005410,EIC,34,45,200,244.00,"48,800.00"
2019-12-11,2019121101005190,EIC,45,29,250,242.00,"60,500.00"
2019-12-11,2019121101005460,EIC,45,29,250,246.00,"61,500.00"
2019-12-11,2019121101005459,EIC,45,39,100,246.00,"24,600.00"
2019-12-11,2019121101005458,EIC,45,58,30,246.00,"7,380.00"
2019-12-11,2019121101005457,EIC,45,45,130,246.00,"31,980.00"
2019-12-11,2019121101005439,EIC,45,16,"1,000",245.00,"245,000.00"
2019-12-11,2019121101005438,EIC,45,57,100,245.00,"24,500.00"
2019-12-11,2019121101005523,FMDBL,37,35,70,327.00,"22,890.00"
2019-12-11,2019121101005522,FMDBL,45,35,30,331.00,"9,930.00"
2019-12-11,2019121101005422,FMDBL,50,19,150,332.00,"49,800.00"
2019-12-11,2019121101005421,FMDBL,36,19,100,332.00,"33,200.00"
2019-12-11,2019121101005404,FMDBL,45,14,150,333.00,"49,950.00"
2019-12-11,2019121101005368,FMDBL,16,59,305,334.00,"101,870.00"
2019-12-11,2019121101005202,FMDBL,39,38,52,335.00,"17,420.00"
2019-12-11,2019121101005334,FMDBL,16,43,19,334.00,"6,346.00"
2019-12-11,2019121101005262,FMDBL,16,52,160,334.00,"53,440.00"
2019-12-11,2019121101005206,FMDBL,16,38,16,334.00,"5,344.00"
2019-12-11,2019121101005205,FMDBL,51,38,100,334.00,"33,400.00"
2019-12-11,2019121101005204,FMDBL,26,38,200,335.00,"67,000.00"
2019-12-11,2019121101005203,FMDBL,37,38,300,335.00,"100,500.00"
2019-12-11,2019121101005646,FOWAD,6,19,100,"1,396.00","139,600.00"
2019-12-11,2019121101005534,FOWAD,42,45,100,"1,400.00","140,000.00"
2019-12-11,2019121101005533,FOWAD,11,45,100,"1,400.00","140,000.00"
2019-12-11,2019121101005517,FOWAD,39,45,55,"1,401.00","77,055.00"
2019-12-11,2019121101005510,FOWAD,39,36,45,"1,401.00","63,045.00"
2019-12-11,2019121101005649,GBBL,42,50,250,205.00,"51,250.00"
2019-12-11,2019121101005322,GBBL,35,46,250,206.00,"51,500.00"
2019-12-11,2019121101005321,GBBL,28,46,200,206.00,"41,200.00"
2019-12-11,2019121101005575,GBLBS,56,11,135,318.00,"42,930.00"
2019-12-11,2019121101005373,GBLBS,56,58,762,318.00,"242,316.00"
2019-12-11,2019121101005372,GBLBS,58,58,310,318.00,"98,580.00"
2019-12-11,2019121101005371,GBLBS,46,58,350,318.00,"111,300.00"
2019-12-11,2019121101005363,GBLBS,56,58,236,319.00,"75,284.00"
2019-12-11,2019121101005362,GBLBS,41,58,"1,000",319.00,"319,000.00"
2019-12-11,2019121101005355,GBLBS,38,58,500,324.00,"162,000.00"
2019-12-11,2019121101005354,GBLBS,1,58,249,324.00,"80,676.00"
2019-12-11,2019121101005353,GBLBS,39,58,70,325.00,"22,750.00"
2019-12-11,2019121101005313,GBLBS,39,25,15,325.00,"4,875.00"
2019-12-11,2019121101005231,GBLBS,39,43,15,325.00,"4,875.00"
2019-12-11,2019121101005198,GBLBS,44,43,50,325.00,"16,250.00"
2019-12-11,2019121101005361,GBLBS,46,58,60,319.00,"19,140.00"
2019-12-11,2019121101005360,GBLBS,39,58,100,320.00,"32,000.00"
