Date,Transact. No.,Symbol,Buyer,Seller,Quantity,Rate,Amount
2019-09-08,2019090801005551,ADBL,45,45,50,422.00,"21,100.00"
2019-09-08,2019090801005526,ADBL,14,11,12,421.00,"5,052.00"
2019-09-08,2019090801005525,ADBL,19,11,51,421.00,"21,471.00"
2019-09-08,2019090801005323,ADBL,14,50,50,421.00,"21,050.00"
2019-09-08,2019090801005595,AHPC,28,22,50,99.00,"4,950.00"
2019-09-08,2019090801005431,AHPC,45,45,500,99.00,"49,500.00"
2019-09-08,2019090801005360,AKBSL,1,10,10,444.00,"4,440.00"
2019-09-08,2019090801005308,AKBSL,1,59,10,444.00,"4,440.00"
2019-09-08,2019090801005265,AKBSL,1,59,10,444.00,"4,440.00"
2019-09-08,2019090801005585,AKJCL,22,18,20,57.00,"1,140.00"
2019-09-08,2019090801005556,AKJCL,22,18,20,57.00,"1,140.00"
2019-09-08,2019090801005204,AKPL,41,58,"1,000",148.00,"148,000.00"
2019-09-08,2019090801005156,AKPL,41,25,326,147.00,"47,922.00"
2019-09-08,2019090801005594,ALBSL,32,58,10,449.00,"4,490.00"
2019-09-08,2019090801005593,ALBSL,32,32,10,447.00,"4,470.00"
2019-09-08,2019090801005476,ALBSL,45,45,10,444.00,"4,440.00"
2019-09-08,2019090801005194,ALICL,50,58,200,325.00,"65,000.00"
2019-09-08,2019090801005563,API,25,45,24,113.00,"2,712.00"
2019-09-08,2019090801005177,API,6,6,25,113.00,"2,825.00"
2019-09-08,2019090801005418,API,42,20,154,112.00,"17,248.00"
2019-09-08,2019090801005405,API,25,6,61,113.00,"6,893.00"
2019-09-08,2019090801005380,API,59,6,200,113.00,"22,600.00"
2019-09-08,2019090801005239,API,7,6,46,113.00,"5,198.00"
2019-09-08,2019090801005424,API,6,20,66,112.00,"7,392.00"
2019-09-08,2019090801005423,API,34,20,500,112.00,"56,000.00"
2019-09-08,2019090801005422,API,55,20,20,112.00,"2,240.00"
2019-09-08,2019090801005421,API,49,20,100,112.00,"11,200.00"
2019-09-08,2019090801005420,API,29,20,100,112.00,"11,200.00"
2019-09-08,2019090801005419,API,5,20,500,112.00,"56,000.00"
2019-09-08,2019090801005449,API,6,6,176,112.00,"19,712.00"
2019-09-08,2019090801005590,BOKL,40,34,200,258.00,"51,600.00"
2019-09-08,2019090801005459,BOKL,40,6,150,258.00,"38,700.00"
2019-09-08,2019090801005390,BOKL,25,6,100,258.00,"25,800.00"
2019-09-08,2019090801005363,BOKL,44,6,50,258.00,"12,900.00"
2019-09-08,2019090801005355,BOKL,36,17,20,259.00,"5,180.00"
2019-09-08,2019090801005562,BPCL,33,22,19,384.00,"7,296.00"
2019-09-08,2019090801005561,BPCL,33,36,11,382.00,"4,202.00"
2019-09-08,2019090801005198,BPCL,46,49,39,377.00,"14,703.00"
2019-09-08,2019090801005197,BPCL,49,49,11,378.00,"4,158.00"
2019-09-08,2019090801005629,CBBL,48,47,82,997.00,"81,754.00"
2019-09-08,2019090801005628,CBBL,48,21,118,994.00,"117,292.00"
2019-09-08,2019090801005611,CBBL,44,53,750,990.00,"742,500.00"
2019-09-08,2019090801005610,CBBL,44,49,100,989.00,"98,900.00"
2019-09-08,2019090801005173,CBBL,44,29,100,976.00,"97,600.00"
2019-09-08,2019090801005170,CBBL,44,16,50,976.00,"48,800.00"
2019-09-08,2019090801005384,CBBL,44,11,16,976.00,"15,616.00"
2019-09-08,2019090801005335,CBBL,22,11,50,978.00,"48,900.00"
2019-09-08,2019090801005313,CBBL,22,39,40,978.00,"39,120.00"
2019-09-08,2019090801005540,CBBL,44,53,100,989.00,"98,900.00"
2019-09-08,2019090801005539,CBBL,44,53,100,987.00,"98,700.00"
2019-09-08,2019090801005538,CBBL,44,33,40,987.00,"39,480.00"
2019-09-08,2019090801005537,CBBL,44,6,50,984.00,"49,200.00"
2019-09-08,2019090801005386,CBBL,44,42,200,980.00,"196,000.00"
2019-09-08,2019090801005385,CBBL,44,45,100,980.00,"98,000.00"
2019-09-08,2019090801005586,CBBL,44,53,250,990.00,"247,500.00"
2019-09-08,2019090801005569,CBBL,34,21,10,994.00,"9,940.00"
2019-09-08,2019090801005543,CBBL,44,45,760,990.00,"752,400.00"
2019-09-08,2019090801005542,CBBL,44,53,100,989.00,"98,900.00"
2019-09-08,2019090801005541,CBBL,44,53,100,989.00,"98,900.00"
2019-09-08,2019090801005588,CBL,28,33,983,147.00,"144,501.00"
2019-09-08,2019090801005425,CBL,28,33,"1,000",147.00,"147,000.00"
2019-09-08,2019090801005187,CBL,36,33,"1,000",147.00,"147,000.00"
2019-09-08,2019090801005186,CBL,56,33,17,147.00,"2,499.00"
2019-09-08,2019090801005630,CCBL,45,38,20,160.00,"3,200.00"
2019-09-08,2019090801005337,CCBL,49,6,500,158.00,"79,000.00"
2019-09-08,2019090801005240,CCBL,49,26,11,158.00,"1,738.00"
2019-09-08,2019090801005167,CCBL,29,55,500,159.00,"79,500.00"
2019-09-08,2019090801005273,CHCL,39,22,10,440.00,"4,400.00"
2019-09-08,2019090801005154,CHCL,36,45,100,442.00,"44,200.00"
2019-09-08,2019090801005522,CIT,19,6,32,"1,940.00","62,080.00"
2019-09-08,2019090801005415,CIT,21,25,10,"1,940.00","19,400.00"
2019-09-08,2019090801005584,CZBIL,1,45,500,220.00,"110,000.00"
2019-09-08,2019090801005536,CZBIL,25,25,10,219.00,"2,190.00"
2019-09-08,2019090801005456,CZBIL,39,45,321,220.00,"70,620.00"
2019-09-08,2019090801005369,CZBIL,43,45,324,220.00,"71,280.00"
2019-09-08,2019090801005312,CZBIL,41,56,17,221.00,"3,757.00"
2019-09-08,2019090801005263,CZBIL,43,35,176,220.00,"38,720.00"
2019-09-08,2019090801005206,CZBIL,6,35,30,220.00,"6,600.00"
2019-09-08,2019090801005184,CZBIL,16,35,500,220.00,"110,000.00"
2019-09-08,2019090801005183,CZBIL,17,35,500,220.00,"110,000.00"
2019-09-08,2019090801005182,CZBIL,41,35,697,220.00,"153,340.00"
2019-09-08,2019090801005181,CZBIL,10,35,500,221.00,"110,500.00"
2019-09-08,2019090801005320,DDBL,44,43,129,723.00,"93,267.00"
2019-09-08,2019090801005179,DDBL,44,6,120,723.00,"86,760.00"
2019-09-08,2019090801005178,DDBL,35,6,30,723.00,"21,690.00"
2019-09-08,2019090801005438,EBL,38,32,24,610.00,"14,640.00"
2019-09-08,2019090801005210,EBL,41,32,50,611.00,"30,550.00"
2019-09-08,2019090801005547,EDBL,14,36,20,270.00,"5,400.00"
2019-09-08,2019090801005618,FMDBL,49,46,10,385.00,"3,850.00"
2019-09-08,2019090801005544,FMDBL,51,4,30,378.00,"11,340.00"
2019-09-08,2019090801005227,FMDBL,41,14,200,378.00,"75,600.00"
2019-09-08,2019090801005226,FMDBL,41,14,100,379.00,"37,900.00"
2019-09-08,2019090801005625,GBBL,47,49,107,212.00,"22,684.00"
2019-09-08,2019090801005624,GBBL,1,49,100,212.00,"21,200.00"
2019-09-08,2019090801005623,GBBL,42,49,80,212.00,"16,960.00"
2019-09-08,2019090801005622,GBBL,6,49,213,212.00,"45,156.00"
2019-09-08,2019090801005579,GBLBS,26,36,215,335.00,"72,025.00"
2019-09-08,2019090801005578,GBLBS,52,36,85,335.00,"28,475.00"
2019-09-08,2019090801005574,GBLBS,52,4,15,335.00,"5,025.00"
2019-09-08,2019090801005573,GBLBS,48,4,15,335.00,"5,025.00"
2019-09-08,2019090801005503,GDBL,1,11,200,206.00,"41,200.00"
2019-09-08,2019090801005545,GFCL,59,16,151,139.00,"20,989.00"
2019-09-08,2019090801005451,GILB,47,29,50,740.00,"37,000.00"
2019-09-08,2019090801005450,GILB,48,29,18,741.00,"13,338.00"
2019-09-08,2019090801005605,GIMES1,36,34,"1,000",7.33,"7,330.00"
2019-09-08,2019090801005555,GLBSL,42,38,155,468.00,"72,540.00"
2019-09-08,2019090801005554,GLBSL,41,38,20,470.00,"9,400.00"
2019-09-08,2019090801005389,GLBSL,41,26,10,470.00,"4,700.00"
2019-09-08,2019090801005560,GLICL,35,11,62,383.00,"23,746.00"
2019-09-08,2019090801005559,GLICL,5,11,100,383.00,"38,300.00"
2019-09-08,2019090801005558,GLICL,26,11,54,384.00,"20,736.00"
2019-09-08,2019090801005428,GLICL,26,55,146,384.00,"56,064.00"
2019-09-08,2019090801005427,GLICL,34,55,82,384.00,"31,488.00"
2019-09-08,2019090801005426,GLICL,25,55,259,385.00,"99,715.00"
2019-09-08,2019090801005264,GLICL,25,26,18,385.00,"6,930.00"
2019-09-08,2019090801005257,GLICL,55,21,48,388.00,"18,624.00"
2019-09-08,2019090801005343,GMFBS,41,34,200,503.00,"100,600.00"
2019-09-08,2019090801005270,GMFBS,41,34,80,503.00,"40,240.00"
2019-09-08,2019090801005269,GMFBS,41,34,500,503.00,"251,500.00"
2019-09-08,2019090801005268,GMFBS,51,34,70,503.00,"35,210.00"
2019-09-08,2019090801005267,GMFBS,37,34,10,504.00,"5,040.00"
2019-09-08,2019090801005176,GMFBS,37,49,10,504.00,"5,040.00"
2019-09-08,2019090801005500,GRDBL,43,17,10,106.00,"1,060.00"
2019-09-08,2019090801005432,HBL,11,26,25,530.00,"13,250.00"
2019-09-08,2019090801005153,HBL,32,43,250,528.00,"132,000.00"
2019-09-08,2019090801005600,HIDCL,29,43,10,139.00,"1,390.00"
2019-09-08,2019090801005599,HIDCL,29,50,290,138.00,"40,020.00"
2019-09-08,2019090801005410,HIDCL,50,11,60,137.00,"8,220.00"
2019-09-08,2019090801005409,HIDCL,48,11,40,137.00,"5,480.00"
2019-09-08,2019090801005408,HIDCL,28,11,107,137.00,"14,659.00"
2019-09-08,2019090801005621,ICFC,38,37,50,161.00,"8,050.00"
2019-09-08,2019090801005453,ILBS,47,50,220,445.00,"97,900.00"
2019-09-08,2019090801005145,ILBS,17,50,50,440.00,"22,000.00"
2019-09-08,2019090801005144,ILBS,52,50,20,440.00,"8,800.00"
2019-09-08,2019090801005143,ILBS,21,50,10,441.00,"4,410.00"
2019-09-08,2019090801005142,ILBS,7,50,50,442.00,"22,100.00"
2019-09-08,2019090801005141,ILBS,29,50,100,442.00,"44,200.00"
2019-09-08,2019090801005371,JBBL,38,29,440,160.00,"70,400.00"
2019-09-08,2019090801005254,JBBL,38,6,126,160.00,"20,160.00"
2019-09-08,2019090801005253,JBBL,16,6,374,160.00,"59,840.00"
2019-09-08,2019090801005571,JFL,16,17,10,200.00,"2,000.00"
2019-09-08,2019090801005498,JFL,34,6,285,198.00,"56,430.00"
2019-09-08,2019090801005497,JFL,21,6,300,198.00,"59,400.00"
2019-09-08,2019090801005496,JFL,22,6,50,198.00,"9,900.00"
2019-09-08,2019090801005495,JFL,34,6,200,198.00,"39,600.00"
2019-09-08,2019090801005494,JFL,19,6,404,199.00,"80,396.00"
2019-09-08,2019090801005225,JFL,19,28,96,199.00,"19,104.00"
2019-09-08,2019090801005461,JFL,26,17,125,200.00,"25,000.00"
2019-09-08,2019090801005460,JFL,26,17,125,200.00,"25,000.00"
2019-09-08,2019090801005334,JFL,34,17,100,200.00,"20,000.00"
2019-09-08,2019090801005259,JFL,42,17,100,200.00,"20,000.00"
2019-09-08,2019090801005203,JOSHI,39,54,10,62.00,620.00
2019-09-08,2019090801005402,JSLBB,18,48,40,945.00,"37,800.00"
2019-09-08,2019090801005639,KBL,14,58,631,203.00,"128,093.00"
2019-09-08,2019090801005638,KBL,48,58,369,203.00,"74,907.00"
2019-09-08,2019090801005466,KBL,22,43,30,204.00,"6,120.00"
2019-09-08,2019090801005447,KBL,48,43,131,203.00,"26,593.00"
2019-09-08,2019090801005446,KBL,59,43,200,203.00,"40,600.00"
2019-09-08,2019090801005445,KBL,49,43,500,203.00,"101,500.00"
2019-09-08,2019090801005252,KBL,14,26,31,203.00,"6,293.00"
2019-09-08,2019090801005251,KBL,14,26,44,203.00,"8,932.00"
2019-09-08,2019090801005168,KBL,41,43,100,204.00,"20,400.00"
2019-09-08,2019090801005444,KBL,42,43,300,203.00,"60,900.00"
2019-09-08,2019090801005443,KBL,16,43,500,203.00,"101,500.00"
2019-09-08,2019090801005442,KBL,13,43,50,203.00,"10,150.00"
2019-09-08,2019090801005441,KBL,14,43,300,203.00,"60,900.00"
2019-09-08,2019090801005440,KBL,58,43,50,203.00,"10,150.00"
2019-09-08,2019090801005439,KBL,14,43,969,203.00,"196,707.00"
2019-09-08,2019090801005368,KPCL,59,52,10,80.00,800.00
2019-09-08,2019090801005564,KSBBL,34,22,180,141.00,"25,380.00"
2019-09-08,2019090801005316,KSBBL,34,57,200,141.00,"28,200.00"
2019-09-08,2019090801005315,KSBBL,29,57,500,141.00,"70,500.00"
2019-09-08,2019090801005517,LBBL,7,17,80,175.00,"14,000.00"
2019-09-08,2019090801005516,LBBL,48,17,500,175.00,"87,500.00"
2019-09-08,2019090801005515,LBBL,14,17,20,175.00,"3,500.00"
2019-09-08,2019090801005514,LBBL,14,17,50,175.00,"8,750.00"
2019-09-08,2019090801005513,LBBL,57,17,50,175.00,"8,750.00"
2019-09-08,2019090801005512,LBBL,44,17,300,175.00,"52,500.00"
2019-09-08,2019090801005332,LBL,49,6,"1,681",214.00,"359,734.00"
2019-09-08,2019090801005331,LBL,49,35,215,214.00,"46,010.00"
2019-09-08,2019090801005330,LBL,49,6,282,214.00,"60,348.00"
2019-09-08,2019090801005329,LBL,49,14,300,214.00,"64,200.00"
2019-09-08,2019090801005328,LBL,49,34,"1,096",214.00,"234,544.00"
2019-09-08,2019090801005327,LBL,49,13,562,214.00,"120,268.00"
2019-09-08,2019090801005326,LBL,49,6,853,213.00,"181,689.00"
2019-09-08,2019090801005151,LGIL,44,8,190,370.00,"70,300.00"
2019-09-08,2019090801005150,LGIL,56,8,100,371.00,"37,100.00"
2019-09-08,2019090801005149,LGIL,37,8,200,371.00,"74,200.00"
2019-09-08,2019090801005148,LGIL,41,8,10,372.00,"3,720.00"
2019-09-08,2019090801005172,LICN,25,48,12,"1,040.00","12,480.00"
2019-09-08,2019090801005250,MBL,10,35,"1,031",253.00,"260,843.00"
2019-09-08,2019090801005249,MBL,11,35,200,253.00,"50,600.00"
2019-09-08,2019090801005248,MBL,36,35,100,253.00,"25,300.00"
2019-09-08,2019090801005247,MBL,45,35,80,253.00,"20,240.00"
2019-09-08,2019090801005246,MBL,42,35,14,253.00,"3,542.00"
2019-09-08,2019090801005161,MDB,40,19,500,238.00,"119,000.00"
2019-09-08,2019090801005626,MEGA,33,51,89,199.00,"17,711.00"
2019-09-08,2019090801005615,MEGA,33,28,"1,406",199.00,"279,794.00"
2019-09-08,2019090801005614,MEGA,42,28,500,199.00,"99,500.00"
2019-09-08,2019090801005613,MEGA,33,28,94,199.00,"18,706.00"
2019-09-08,2019090801005185,MEGA,33,29,21,199.00,"4,179.00"
2019-09-08,2019090801005359,MEGA,47,51,100,200.00,"20,000.00"
2019-09-08,2019090801005403,MEGA,38,51,190,200.00,"38,000.00"
2019-09-08,2019090801005377,MERO,11,6,40,560.00,"22,400.00"
2019-09-08,2019090801005376,MERO,10,6,100,560.00,"56,000.00"
2019-09-08,2019090801005375,MERO,51,6,16,560.00,"8,960.00"
2019-09-08,2019090801005374,MERO,48,6,20,561.00,"11,220.00"
2019-09-08,2019090801005258,MERO,45,6,10,563.00,"5,630.00"
2019-09-08,2019090801005507,MERO,29,6,50,563.00,"28,150.00"
2019-09-08,2019090801005379,MERO,47,6,13,560.00,"7,280.00"
2019-09-08,2019090801005378,MERO,19,6,11,560.00,"6,160.00"
2019-09-08,2019090801005607,MHNL,18,57,10,85.00,850.00
2019-09-08,2019090801005637,MLBL,36,5,20,209.00,"4,180.00"
2019-09-08,2019090801005534,MLBL,49,13,"1,500",209.00,"313,500.00"
2019-09-08,2019090801005533,MLBL,38,13,"2,000",209.00,"418,000.00"
2019-09-08,2019090801005532,MLBL,35,13,500,209.00,"104,500.00"
2019-09-08,2019090801005531,MLBL,51,13,500,209.00,"104,500.00"
2019-09-08,2019090801005530,MLBL,40,13,200,209.00,"41,800.00"
2019-09-08,2019090801005529,MLBL,56,13,"2,000",209.00,"418,000.00"
2019-09-08,2019090801005528,MLBL,54,13,50,210.00,"10,500.00"
2019-09-08,2019090801005527,MLBL,38,13,200,210.00,"42,000.00"
2019-09-08,2019090801005214,MSMBS,42,20,30,470.00,"14,100.00"
2019-09-08,2019090801005583,NABIL,34,19,55,776.00,"42,680.00"
2019-09-08,2019090801005582,NABIL,39,19,25,776.00,"19,400.00"
2019-09-08,2019090801005581,NABIL,52,19,20,777.00,"15,540.00"
2019-09-08,2019090801005266,NABIL,39,22,10,776.00,"7,760.00"
2019-09-08,2019090801005211,NABIL,39,49,20,776.00,"15,520.00"
2019-09-08,2019090801005200,NABIL,39,49,15,777.00,"11,655.00"
2019-09-08,2019090801005199,NABIL,39,59,51,777.00,"39,627.00"
2019-09-08,2019090801005589,NADEP,57,40,10,464.00,"4,640.00"
2019-09-08,2019090801005509,NADEP,50,38,85,455.00,"38,675.00"
2019-09-08,2019090801005508,NADEP,45,38,30,455.00,"13,650.00"
2019-09-08,2019090801005411,NAGRO,34,17,10,765.00,"7,650.00"
2019-09-08,2019090801005358,NAGRO,34,49,10,765.00,"7,650.00"
2019-09-08,2019090801005597,NBB,59,48,100,211.00,"21,100.00"
2019-09-08,2019090801005280,NBB,51,48,"1,000",211.00,"211,000.00"
2019-09-08,2019090801005279,NBB,51,56,482,211.00,"101,702.00"
2019-09-08,2019090801005244,NBB,17,8,529,210.00,"111,090.00"
2019-09-08,2019090801005243,NBB,51,8,300,210.00,"63,000.00"
2019-09-08,2019090801005636,NBL,36,22,25,320.00,"8,000.00"
2019-09-08,2019090801005601,NBL,6,22,396,320.00,"126,720.00"
2019-09-08,2019090801005523,NBL,6,51,104,319.00,"33,176.00"
2019-09-08,2019090801005493,NBL,37,51,100,319.00,"31,900.00"
2019-09-08,2019090801005489,NBL,7,51,300,319.00,"95,700.00"
2019-09-08,2019090801005488,NBL,7,35,200,319.00,"63,800.00"
2019-09-08,2019090801005430,NBL,38,51,50,319.00,"15,950.00"
2019-09-08,2019090801005407,NBL,44,45,300,318.00,"95,400.00"
2019-09-08,2019090801005365,NBL,46,51,100,319.00,"31,900.00"
2019-09-08,2019090801005351,NBL,52,51,20,319.00,"6,380.00"
2019-09-08,2019090801005325,NBL,45,51,50,319.00,"15,950.00"
2019-09-08,2019090801005627,NCCB,40,57,890,202.00,"179,780.00"
2019-09-08,2019090801005603,NCCB,33,57,10,202.00,"2,020.00"
2019-09-08,2019090801005598,NCCB,52,57,100,202.00,"20,200.00"
2019-09-08,2019090801005635,NIB,32,8,200,448.00,"89,600.00"
2019-09-08,2019090801005634,NIB,52,8,500,448.00,"224,000.00"
2019-09-08,2019090801005633,NIB,6,8,100,448.00,"44,800.00"
2019-09-08,2019090801005632,NIB,42,8,80,448.00,"35,840.00"
2019-09-08,2019090801005568,NIB,45,8,100,449.00,"44,900.00"
2019-09-08,2019090801005448,NIB,22,8,20,449.00,"8,980.00"
2019-09-08,2019090801005416,NIB,36,8,850,449.00,"381,650.00"
2019-09-08,2019090801005342,NIB,14,8,100,449.00,"44,900.00"
2019-09-08,2019090801005307,NIB,39,6,50,448.00,"22,400.00"
2019-09-08,2019090801005306,NIB,33,6,20,448.00,"8,960.00"
2019-09-08,2019090801005208,NIB,6,8,50,449.00,"22,450.00"
2019-09-08,2019090801005417,NIBPO,17,56,99,430.00,"42,570.00"
2019-09-08,2019090801005350,NIBPO,17,13,200,430.00,"86,000.00"
2019-09-08,2019090801005557,NICA,49,42,43,448.00,"19,264.00"
2019-09-08,2019090801005502,NICA,22,22,25,449.00,"11,225.00"
2019-09-08,2019090801005434,NICA,17,43,331,449.00,"148,619.00"
2019-09-08,2019090801005433,NICA,17,6,169,449.00,"75,881.00"
2019-09-08,2019090801005241,NICA,49,49,175,448.00,"78,400.00"
2019-09-08,2019090801005175,NICA,41,6,30,449.00,"13,470.00"
2019-09-08,2019090801005592,NICL,38,38,50,282.00,"14,100.00"
2019-09-08,2019090801005591,NICL,38,19,450,281.00,"126,450.00"
2019-09-08,2019090801005275,NICL,58,52,53,278.00,"14,734.00"
2019-09-08,2019090801005278,NICL,32,52,47,277.00,"13,019.00"
2019-09-08,2019090801005277,NICL,29,52,70,277.00,"19,390.00"
2019-09-08,2019090801005276,NICL,16,52,220,277.00,"60,940.00"
2019-09-08,2019090801005546,NICL,43,25,10,280.00,"2,800.00"
2019-09-08,2019090801005577,NLG,55,38,117,581.00,"67,977.00"
2019-09-08,2019090801005576,NLG,42,38,73,581.00,"42,413.00"
2019-09-08,2019090801005469,NLG,17,32,70,582.00,"40,740.00"
2019-09-08,2019090801005468,NLG,39,32,40,582.00,"23,280.00"
2019-09-08,2019090801005467,NLG,29,32,50,585.00,"29,250.00"
2019-09-08,2019090801005429,NLG,25,38,10,590.00,"5,900.00"
2019-09-08,2019090801005519,NLIC,59,4,110,800.00,"88,000.00"
2019-09-08,2019090801005518,NLIC,59,4,15,800.00,"12,000.00"
2019-09-08,2019090801005470,NLIC,43,4,50,800.00,"40,000.00"
2019-09-08,2019090801005412,NLIC,34,4,100,800.00,"80,000.00"
2019-09-08,2019090801005391,NLIC,49,4,500,800.00,"400,000.00"
2019-09-08,2019090801005356,NLIC,57,4,40,800.00,"32,000.00"
2019-09-08,2019090801005163,NLIC,45,4,20,800.00,"16,000.00"
2019-09-08,2019090801005162,NLIC,6,4,20,800.00,"16,000.00"
2019-09-08,2019090801005333,NLIC,58,4,60,800.00,"48,000.00"
2019-09-08,2019090801005314,NLIC,19,4,50,800.00,"40,000.00"
2019-09-08,2019090801005220,NLIC,55,4,20,800.00,"16,000.00"
2019-09-08,2019090801005207,NLIC,55,4,20,800.00,"16,000.00"
2019-09-08,2019090801005191,NLIC,25,4,30,800.00,"24,000.00"
2019-09-08,2019090801005164,NLIC,16,4,75,800.00,"60,000.00"
2019-09-08,2019090801005616,NLICL,28,26,147,506.00,"74,382.00"
2019-09-08,2019090801005608,NLICL,43,56,50,509.00,"25,450.00"
2019-09-08,2019090801005606,NLICL,43,4,10,510.00,"5,100.00"
2019-09-08,2019090801005238,NLICL,38,37,100,508.00,"50,800.00"
2019-09-08,2019090801005166,NLICL,28,19,182,506.00,"92,092.00"
2019-09-08,2019090801005255,NMBMF,46,22,15,"1,060.00","15,900.00"
2019-09-08,2019090801005322,NMFBS,40,14,150,"1,590.00","238,500.00"
2019-09-08,2019090801005321,NMFBS,40,41,50,"1,585.00","79,250.00"
2019-09-08,2019090801005209,NSEWA,14,48,10,419.00,"4,190.00"
2019-09-08,2019090801005575,NTC,49,42,15,639.00,"9,585.00"
2019-09-08,2019090801005506,NTC,43,42,10,639.00,"6,390.00"
2019-09-08,2019090801005373,NTC,14,26,370,638.00,"236,060.00"
2019-09-08,2019090801005155,NTC,6,26,10,638.00,"6,380.00"
2019-09-08,2019090801005492,NUBL,22,45,70,852.00,"59,640.00"
2019-09-08,2019090801005491,NUBL,35,45,30,854.00,"25,620.00"
2019-09-08,2019090801005490,NUBL,34,45,500,854.00,"427,000.00"
2019-09-08,2019090801005602,OHL,26,19,20,552.00,"11,040.00"
2019-09-08,2019090801005160,PCBL,36,45,37,270.00,"9,990.00"
2019-09-08,2019090801005159,PCBL,42,45,60,270.00,"16,200.00"
2019-09-08,2019090801005620,PICL,6,38,30,446.00,"13,380.00"
2019-09-08,2019090801005501,PICL,6,58,12,438.00,"5,256.00"
2019-09-08,2019090801005190,PLIC,43,7,17,402.00,"6,834.00"
2019-09-08,2019090801005189,PLIC,42,7,43,402.00,"17,286.00"
2019-09-08,2019090801005188,PLIC,45,7,10,403.00,"4,030.00"
2019-09-08,2019090801005338,PMHPL,54,52,10,96.00,960.00
2019-09-08,2019090801005565,PRIN,17,58,50,328.00,"16,400.00"
2019-09-08,2019090801005336,PRIN,51,19,100,324.00,"32,400.00"
2019-09-08,2019090801005317,PROFL,57,8,200,100.00,"20,000.00"
2019-09-08,2019090801005262,PROFL,59,8,50,101.00,"5,050.00"
2019-09-08,2019090801005631,PRVU,41,34,70,264.00,"18,480.00"
2019-09-08,2019090801005619,PRVU,34,34,"1,000",264.00,"264,000.00"
2019-09-08,2019090801005604,PRVU,52,29,756,263.00,"198,828.00"
2019-09-08,2019090801005395,PRVU,16,34,50,264.00,"13,200.00"
2019-09-08,2019090801005283,PRVU,44,34,20,263.00,"5,260.00"
2019-09-08,2019090801005282,PRVU,45,34,500,263.00,"131,500.00"
2019-09-08,2019090801005281,PRVU,34,34,800,263.00,"210,400.00"
2019-09-08,2019090801005237,PRVU,40,17,"1,000",264.00,"264,000.00"
2019-09-08,2019090801005201,PRVU,34,36,200,263.00,"52,600.00"
2019-09-08,2019090801005180,PRVU,41,17,50,264.00,"13,200.00"
2019-09-08,2019090801005289,PRVU,52,34,100,263.00,"26,300.00"
2019-09-08,2019090801005288,PRVU,28,34,"1,265",263.00,"332,695.00"
2019-09-08,2019090801005287,PRVU,46,34,"1,000",263.00,"263,000.00"
2019-09-08,2019090801005286,PRVU,57,34,100,263.00,"26,300.00"
2019-09-08,2019090801005285,PRVU,21,34,500,263.00,"131,500.00"
2019-09-08,2019090801005284,PRVU,45,34,500,263.00,"131,500.00"
2019-09-08,2019090801005295,PRVU,34,34,200,263.00,"52,600.00"
2019-09-08,2019090801005294,PRVU,44,34,200,263.00,"52,600.00"
2019-09-08,2019090801005293,PRVU,57,34,200,263.00,"52,600.00"
2019-09-08,2019090801005292,PRVU,5,34,200,263.00,"52,600.00"
2019-09-08,2019090801005291,PRVU,42,34,250,263.00,"65,750.00"
2019-09-08,2019090801005290,PRVU,44,34,200,263.00,"52,600.00"
2019-09-08,2019090801005301,PRVU,32,34,200,263.00,"52,600.00"
2019-09-08,2019090801005300,PRVU,25,34,100,263.00,"26,300.00"
2019-09-08,2019090801005299,PRVU,25,34,100,263.00,"26,300.00"
2019-09-08,2019090801005298,PRVU,34,34,200,263.00,"52,600.00"
2019-09-08,2019090801005297,PRVU,41,34,150,263.00,"39,450.00"
2019-09-08,2019090801005296,PRVU,42,34,500,263.00,"131,500.00"
2019-09-08,2019090801005341,PRVU,29,34,"1,742",264.00,"459,888.00"
2019-09-08,2019090801005324,PRVU,29,28,126,264.00,"33,264.00"
2019-09-08,2019090801005305,PRVU,29,35,300,264.00,"79,200.00"
2019-09-08,2019090801005304,PRVU,29,17,832,264.00,"219,648.00"
2019-09-08,2019090801005303,PRVU,45,34,200,263.00,"52,600.00"
2019-09-08,2019090801005302,PRVU,21,34,50,263.00,"13,150.00"
2019-09-08,2019090801005580,RBCL,11,6,10,"8,825.00","88,250.00"
2019-09-08,2019090801005174,RBCLPO,56,28,19,"7,865.00","149,435.00"
2019-09-08,2019090801005617,RHPL,17,58,40,168.00,"6,720.00"
2019-09-08,2019090801005612,RHPL,7,42,500,169.00,"84,500.00"
2019-09-08,2019090801005596,RHPL,25,42,50,169.00,"8,450.00"
2019-09-08,2019090801005511,RHPL,40,42,460,169.00,"77,740.00"
2019-09-08,2019090801005510,RHPL,40,52,40,169.00,"6,760.00"
2019-09-08,2019090801005455,RHPL,17,25,40,168.00,"6,720.00"
2019-09-08,2019090801005215,RHPL,21,42,440,169.00,"74,360.00"
2019-09-08,2019090801005202,RHPL,21,29,40,169.00,"6,760.00"
2019-09-08,2019090801005147,RHPL,21,58,40,169.00,"6,760.00"
2019-09-08,2019090801005345,RHPL,8,52,65,168.00,"10,920.00"
2019-09-08,2019090801005272,RHPL,8,26,40,168.00,"6,720.00"
2019-09-08,2019090801005219,RHPL,25,42,50,169.00,"8,450.00"
2019-09-08,2019090801005218,RHPL,45,42,300,169.00,"50,700.00"
2019-09-08,2019090801005217,RHPL,59,42,"1,000",169.00,"169,000.00"
2019-09-08,2019090801005216,RHPL,59,42,"1,000",169.00,"169,000.00"
2019-09-08,2019090801005381,RHPL,49,20,50,168.00,"8,400.00"
2019-09-08,2019090801005362,RHPL,49,1,40,168.00,"6,720.00"
2019-09-08,2019090801005349,RHPL,49,52,305,168.00,"51,240.00"
2019-09-08,2019090801005348,RHPL,47,52,30,168.00,"5,040.00"
2019-09-08,2019090801005347,RHPL,35,52,100,168.00,"16,800.00"
2019-09-08,2019090801005346,RHPL,40,52,500,168.00,"84,000.00"
2019-09-08,2019090801005401,RHPL,17,32,165,168.00,"27,720.00"
2019-09-08,2019090801005400,RHPL,56,32,530,168.00,"89,040.00"
2019-09-08,2019090801005399,RHPL,56,32,50,168.00,"8,400.00"
2019-09-08,2019090801005398,RHPL,25,32,100,168.00,"16,800.00"
2019-09-08,2019090801005397,RHPL,11,32,100,168.00,"16,800.00"
2019-09-08,2019090801005396,RHPL,49,32,55,168.00,"9,240.00"
2019-09-08,2019090801005521,RLFL,3,25,10,116.00,"1,160.00"
2019-09-08,2019090801005311,RRHP,22,52,10,103.00,"1,030.00"
2019-09-08,2019090801005505,RSDC,7,41,48,343.00,"16,464.00"
2019-09-08,2019090801005504,RSDC,14,41,100,344.00,"34,400.00"
2019-09-08,2019090801005566,SABSL,57,6,10,500.00,"5,000.00"
2019-09-08,2019090801005146,SABSL,57,13,10,500.00,"5,000.00"
2019-09-08,2019090801005414,SANIMA,40,7,402,352.00,"141,504.00"
2019-09-08,2019090801005413,SANIMA,57,7,579,352.00,"203,808.00"
2019-09-08,2019090801005406,SANIMA,16,32,50,353.00,"17,650.00"
2019-09-08,2019090801005387,SANIMA,57,11,58,352.00,"20,416.00"
2019-09-08,2019090801005361,SANIMA,22,32,25,353.00,"8,825.00"
2019-09-08,2019090801005271,SANIMA,6,32,150,353.00,"52,950.00"
2019-09-08,2019090801005572,SBI,40,26,300,432.00,"129,600.00"
2019-09-08,2019090801005404,SBI,45,17,18,430.00,"7,740.00"
2019-09-08,2019090801005383,SBI,17,7,50,431.00,"21,550.00"
2019-09-08,2019090801005382,SBI,49,7,50,431.00,"21,550.00"
2019-09-08,2019090801005256,SBI,57,7,500,432.00,"216,000.00"
2019-09-08,2019090801005463,SBL,44,41,50,315.00,"15,750.00"
2019-09-08,2019090801005462,SBL,44,41,50,315.00,"15,750.00"
2019-09-08,2019090801005388,SCB,49,29,100,610.00,"61,000.00"
2019-09-08,2019090801005353,SDESI,38,43,62,622.00,"38,564.00"
2019-09-08,2019090801005352,SDESI,41,43,38,625.00,"23,750.00"
2019-09-08,2019090801005340,SDESI,41,1,200,625.00,"125,000.00"
2019-09-08,2019090801005339,SDESI,42,1,50,625.00,"31,250.00"
2019-09-08,2019090801005609,SHIVM,42,34,100,535.00,"53,500.00"
2019-09-08,2019090801005548,SHIVM,48,34,10,535.00,"5,350.00"
2019-09-08,2019090801005499,SHIVM,48,42,15,535.00,"8,025.00"
2019-09-08,2019090801005475,SHIVM,48,58,150,535.00,"80,250.00"
2019-09-08,2019090801005474,SHIVM,48,7,500,535.00,"267,500.00"
2019-09-08,2019090801005236,SHIVM,6,57,25,529.00,"13,225.00"
2019-09-08,2019090801005223,SHIVM,16,44,146,528.00,"77,088.00"
2019-09-08,2019090801005222,SHIVM,26,44,100,528.00,"52,800.00"
2019-09-08,2019090801005221,SHIVM,50,44,19,528.00,"10,032.00"
2019-09-08,2019090801005473,SHIVM,48,49,25,535.00,"13,375.00"
2019-09-08,2019090801005472,SHIVM,48,33,200,534.00,"106,800.00"
2019-09-08,2019090801005471,SHIVM,48,41,100,533.00,"53,300.00"
2019-09-08,2019090801005344,SHIVM,34,57,115,529.00,"60,835.00"
2019-09-08,2019090801005274,SHIVM,45,57,10,529.00,"5,290.00"
2019-09-08,2019090801005245,SHIVM,48,57,300,529.00,"158,700.00"
2019-09-08,2019090801005454,SHL,58,17,100,223.00,"22,300.00"
2019-09-08,2019090801005319,SHPC,14,29,123,210.00,"25,830.00"
2019-09-08,2019090801005318,SHPC,40,29,20,210.00,"4,200.00"
2019-09-08,2019090801005205,SHPC,14,14,110,211.00,"23,210.00"
2019-09-08,2019090801005157,SHPC,14,14,110,211.00,"23,210.00"
2019-09-08,2019090801005477,SIC,42,13,10,545.00,"5,450.00"
2019-09-08,2019090801005364,SIC,42,25,10,544.00,"5,440.00"
2019-09-08,2019090801005587,SIFC,34,35,538,154.00,"82,852.00"
2019-09-08,2019090801005152,SIL,44,25,10,401.00,"4,010.00"
2019-09-08,2019090801005354,SINDU,32,29,100,125.00,"12,500.00"
2019-09-08,2019090801005640,SJCL,21,58,20,184.00,"3,680.00"
2019-09-08,2019090801005570,SJCL,21,26,170,184.00,"31,280.00"
2019-09-08,2019090801005260,SJCL,47,42,100,185.00,"18,500.00"
2019-09-08,2019090801005193,SJCL,59,42,200,185.00,"37,000.00"
2019-09-08,2019090801005192,SJCL,48,42,830,185.00,"153,550.00"
2019-09-08,2019090801005169,SJCL,48,29,20,185.00,"3,700.00"
2019-09-08,2019090801005158,SJCL,48,58,20,185.00,"3,700.00"
2019-09-08,2019090801005370,SJCL,21,49,50,184.00,"9,200.00"
2019-09-08,2019090801005367,SJCL,21,20,20,184.00,"3,680.00"
2019-09-08,2019090801005366,SJCL,35,20,30,184.00,"5,520.00"
2019-09-08,2019090801005357,SJCL,35,33,20,184.00,"3,680.00"
2019-09-08,2019090801005261,SJCL,25,42,50,185.00,"9,250.00"
2019-09-08,2019090801005553,SJCL,21,25,20,184.00,"3,680.00"
2019-09-08,2019090801005394,SJCL,35,42,"1,960",185.00,"362,600.00"
2019-09-08,2019090801005393,SJCL,35,52,20,185.00,"3,700.00"
2019-09-08,2019090801005392,SJCL,35,29,20,185.00,"3,700.00"
2019-09-08,2019090801005372,SJCL,21,33,20,184.00,"3,680.00"
2019-09-08,2019090801005196,SLBBL,34,6,78,552.00,"43,056.00"
2019-09-08,2019090801005195,SLBBL,55,6,22,553.00,"12,166.00"
2019-09-08,2019090801005487,SLBSL,25,38,155,730.00,"113,150.00"
2019-09-08,2019090801005486,SLBSL,14,38,15,730.00,"10,950.00"
2019-09-08,2019090801005485,SLBSL,22,38,10,730.00,"7,300.00"
2019-09-08,2019090801005484,SLBSL,34,38,10,731.00,"7,310.00"
2019-09-08,2019090801005483,SLBSL,51,38,10,731.00,"7,310.00"
2019-09-08,2019090801005213,SLBSL,45,18,70,733.00,"51,310.00"
2019-09-08,2019090801005212,SLBSL,43,18,130,734.00,"95,420.00"
2019-09-08,2019090801005482,SLBSL,25,38,300,731.00,"219,300.00"
2019-09-08,2019090801005481,SLBSL,48,38,30,732.00,"21,960.00"
2019-09-08,2019090801005480,SLBSL,45,38,20,732.00,"14,640.00"
2019-09-08,2019090801005479,SLBSL,46,38,20,733.00,"14,660.00"
2019-09-08,2019090801005478,SLBSL,45,38,30,733.00,"21,990.00"
2019-09-08,2019090801005165,SLICL,44,7,10,290.00,"2,900.00"
2019-09-08,2019090801005552,SMFBS,57,51,10,809.00,"8,090.00"
2019-09-08,2019090801005452,SPARS,18,45,10,589.00,"5,890.00"
2019-09-08,2019090801005465,SPDL,22,46,15,70.00,"1,050.00"
2019-09-08,2019090801005464,SPDL,22,47,12,70.00,840.00
2019-09-08,2019090801005458,SRBL,22,34,15,232.00,"3,480.00"
2019-09-08,2019090801005457,SRBL,34,34,74,232.00,"17,168.00"
2019-09-08,2019090801005171,SRBL,34,45,43,232.00,"9,976.00"
2019-09-08,2019090801005224,SWBBL,34,49,20,919.00,"18,380.00"
2019-09-08,2019090801005437,UMHL,43,34,14,106.00,"1,484.00"
2019-09-08,2019090801005436,UMHL,43,10,14,105.00,"1,470.00"
2019-09-08,2019090801005435,UMHL,43,13,12,105.00,"1,260.00"
2019-09-08,2019090801005242,UMHL,32,47,14,104.00,"1,456.00"
2019-09-08,2019090801005567,UPPER,40,45,480,244.00,"117,120.00"
2019-09-08,2019090801005550,UPPER,6,45,20,244.00,"4,880.00"
2019-09-08,2019090801005549,UPPER,6,33,30,244.00,"7,320.00"
2019-09-08,2019090801005535,UPPER,6,33,50,244.00,"12,200.00"
2019-09-08,2019090801005520,UPPER,33,33,20,244.00,"4,880.00"
2019-09-08,2019090801005231,UPPER,41,40,50,245.00,"12,250.00"
2019-09-08,2019090801005230,UPPER,41,35,350,245.00,"85,750.00"
2019-09-08,2019090801005229,UPPER,41,40,40,245.00,"9,800.00"
2019-09-08,2019090801005228,UPPER,41,40,30,245.00,"7,350.00"
2019-09-08,2019090801005310,UPPER,40,29,150,243.00,"36,450.00"
2019-09-08,2019090801005309,UPPER,56,29,100,244.00,"24,400.00"
2019-09-08,2019090801005235,UPPER,41,40,60,245.00,"14,700.00"
2019-09-08,2019090801005234,UPPER,41,57,410,245.00,"100,450.00"
2019-09-08,2019090801005233,UPPER,41,40,50,245.00,"12,250.00"
2019-09-08,2019090801005232,UPPER,41,40,40,245.00,"9,800.00"
2019-09-08,2019090801005524,VLBS,57,22,10,584.00,"5,840.00"
2019-09-08,2019090801004809,ADBL,58,58,233,421.00,"98,093.00"
2019-09-08,2019090801004723,ADBL,58,32,500,421.00,"210,500.00"
2019-09-08,2019090801004717,ADBL,58,42,267,421.00,"112,407.00"
2019-09-08,2019090801004716,ADBL,48,42,100,421.00,"42,100.00"
2019-09-08,2019090801004715,ADBL,33,42,533,421.00,"224,393.00"
2019-09-08,2019090801004665,ADBL,33,14,298,421.00,"125,458.00"
2019-09-08,2019090801004662,ADBL,11,42,100,422.00,"42,200.00"
2019-09-08,2019090801005020,AKBSL,1,37,10,444.00,"4,440.00"
2019-09-08,2019090801004736,AKJCL,37,48,170,58.00,"9,860.00"
2019-09-08,2019090801004975,ALBSL,26,6,10,445.00,"4,450.00"
2019-09-08,2019090801004968,ALICL,45,36,"2,000",323.00,"646,000.00"
2019-09-08,2019090801004967,ALICL,42,36,10,323.00,"3,230.00"
2019-09-08,2019090801004937,ALICL,26,45,200,324.00,"64,800.00"
2019-09-08,2019090801004932,ALICL,16,58,200,325.00,"65,000.00"
2019-09-08,2019090801005080,API,38,6,200,113.00,"22,600.00"
2019-09-08,2019090801005075,API,42,50,46,112.00,"5,152.00"
2019-09-08,2019090801005074,API,35,50,33,112.00,"3,696.00"
2019-09-08,2019090801005073,API,55,50,921,112.00,"103,152.00"
2019-09-08,2019090801005051,API,25,6,53,113.00,"5,989.00"
2019-09-08,2019090801004870,API,55,6,11,112.00,"1,232.00"
2019-09-08,2019090801004777,API,34,56,300,113.00,"33,900.00"
2019-09-08,2019090801005123,BOKL,7,45,133,257.00,"34,181.00"
2019-09-08,2019090801005122,BOKL,49,45,200,257.00,"51,400.00"
2019-09-08,2019090801005121,BOKL,49,45,167,257.00,"42,919.00"
2019-09-08,2019090801004977,BOKL,35,28,200,258.00,"51,600.00"
2019-09-08,2019090801004976,BOKL,36,28,335,258.00,"86,430.00"
2019-09-08,2019090801005134,BPCL,32,22,89,380.00,"33,820.00"
2019-09-08,2019090801005120,CBBL,44,45,10,976.00,"9,760.00"
2019-09-08,2019090801005100,CBL,56,17,83,147.00,"12,201.00"
2019-09-08,2019090801005099,CCBL,49,43,55,158.00,"8,690.00"
2019-09-08,2019090801005011,CCBL,14,55,178,159.00,"28,302.00"
2019-09-08,2019090801004990,CCBL,49,37,10,158.00,"1,580.00"
2019-09-08,2019090801004973,CCBL,49,13,569,158.00,"89,902.00"
2019-09-08,2019090801004972,CCBL,35,13,30,158.00,"4,740.00"
2019-09-08,2019090801004971,CCBL,32,13,24,158.00,"3,792.00"
2019-09-08,2019090801004970,CCBL,49,13,677,158.00,"106,966.00"
2019-09-08,2019090801004925,CCBL,49,52,300,158.00,"47,400.00"
2019-09-08,2019090801004788,CCBL,34,55,40,159.00,"6,360.00"
2019-09-08,2019090801004787,CCBL,34,29,360,159.00,"57,240.00"
2019-09-08,2019090801005022,CHCL,39,34,136,440.00,"59,840.00"
2019-09-08,2019090801005021,CHCL,8,34,200,440.00,"88,000.00"
2019-09-08,2019090801005000,CHCL,28,34,336,440.00,"147,840.00"
2019-09-08,2019090801004992,CHCL,28,34,331,440.00,"145,640.00"
2019-09-08,2019090801004784,CHCL,28,38,255,440.00,"112,200.00"
2019-09-08,2019090801004783,CHCL,26,38,70,441.00,"30,870.00"
2019-09-08,2019090801004943,CLBSL,32,49,16,514.00,"8,224.00"
2019-09-08,2019090801004914,CLBSL,32,17,17,514.00,"8,738.00"
2019-09-08,2019090801004911,CLBSL,48,4,18,515.00,"9,270.00"
2019-09-08,2019090801005105,CZBIL,41,32,300,220.00,"66,000.00"
2019-09-08,2019090801005098,CZBIL,41,57,400,220.00,"88,000.00"
2019-09-08,2019090801004956,CZBIL,14,56,429,221.00,"94,809.00"
2019-09-08,2019090801004955,CZBIL,14,45,571,221.00,"126,191.00"
2019-09-08,2019090801004917,CZBIL,41,34,603,220.00,"132,660.00"
2019-09-08,2019090801004916,CZBIL,21,34,500,220.00,"110,000.00"
2019-09-08,2019090801004655,CZBIL,51,43,284,221.00,"62,764.00"
2019-09-08,2019090801004681,CZBIL,6,51,"1,000",220.00,"220,000.00"
2019-09-08,2019090801004680,CZBIL,1,51,50,220.00,"11,000.00"
2019-09-08,2019090801004679,CZBIL,47,51,500,220.00,"110,000.00"
2019-09-08,2019090801004678,CZBIL,44,51,307,220.00,"67,540.00"
2019-09-08,2019090801004657,CZBIL,44,45,299,221.00,"66,079.00"
2019-09-08,2019090801004656,CZBIL,44,43,16,221.00,"3,536.00"
2019-09-08,2019090801004915,CZBIL,26,34,597,220.00,"131,340.00"
2019-09-08,2019090801004897,CZBIL,39,45,100,221.00,"22,100.00"
2019-09-08,2019090801004872,CZBIL,26,6,300,220.00,"66,000.00"
2019-09-08,2019090801004795,CZBIL,38,45,30,221.00,"6,630.00"
2019-09-08,2019090801004683,CZBIL,26,51,103,220.00,"22,660.00"
2019-09-08,2019090801004682,CZBIL,33,51,40,220.00,"8,800.00"
2019-09-08,2019090801005133,EBL,19,17,43,608.00,"26,144.00"
2019-09-08,2019090801005132,EBL,19,17,50,608.00,"30,400.00"
2019-09-08,2019090801005131,EBL,17,17,150,608.00,"91,200.00"
2019-09-08,2019090801005130,EBL,22,17,200,608.00,"121,600.00"
2019-09-08,2019090801005129,EBL,35,17,20,608.00,"12,160.00"
2019-09-08,2019090801005128,EBL,47,17,12,608.00,"7,296.00"
2019-09-08,2019090801005127,EBL,58,17,25,609.00,"15,225.00"
2019-09-08,2019090801005061,EBL,38,32,100,611.00,"61,100.00"
2019-09-08,2019090801004854,EBL,56,32,50,611.00,"30,550.00"
2019-09-08,2019090801004805,EBL,56,52,500,609.00,"304,500.00"
2019-09-08,2019090801004798,GBBL,49,14,832,213.00,"177,216.00"
2019-09-08,2019090801004918,GBLBS,52,34,10,339.00,"3,390.00"
2019-09-08,2019090801004703,GBLBS,48,6,15,335.00,"5,025.00"
2019-09-08,2019090801005116,GDBL,49,49,"1,407",206.00,"289,842.00"
2019-09-08,2019090801005110,GDBL,50,49,50,206.00,"10,300.00"
2019-09-08,2019090801004909,GDBL,43,49,250,206.00,"51,500.00"
2019-09-08,2019090801004908,GDBL,34,49,100,206.00,"20,600.00"
2019-09-08,2019090801004827,GHL,13,29,30,70.00,"2,100.00"
2019-09-08,2019090801004830,GLBSL,50,49,20,467.00,"9,340.00"
2019-09-08,2019090801004661,GLBSL,50,29,10,467.00,"4,670.00"
2019-09-08,2019090801005102,GLICL,52,35,40,388.00,"15,520.00"
2019-09-08,2019090801004800,HBL,11,19,40,527.00,"21,080.00"
2019-09-08,2019090801005030,HIDCL,28,49,393,137.00,"53,841.00"
2019-09-08,2019090801005029,HIDCL,48,49,200,137.00,"27,400.00"
2019-09-08,2019090801005028,HIDCL,44,49,300,137.00,"41,100.00"
2019-09-08,2019090801005027,HIDCL,56,49,100,137.00,"13,700.00"
2019-09-08,2019090801005026,HIDCL,52,49,100,137.00,"13,700.00"
2019-09-08,2019090801005025,HIDCL,40,49,100,137.00,"13,700.00"
2019-09-08,2019090801004726,HIDCL,34,19,100,138.00,"13,800.00"
2019-09-08,2019090801004695,HIDCL,56,17,10,138.00,"1,380.00"
2019-09-08,2019090801005024,HIDCL,5,49,200,137.00,"27,400.00"
2019-09-08,2019090801004999,HIDCL,5,6,13,137.00,"1,781.00"
2019-09-08,2019090801004942,HIDCL,22,50,200,138.00,"27,600.00"
2019-09-08,2019090801004896,HIDCL,22,47,300,138.00,"41,400.00"
2019-09-08,2019090801004880,HIDCL,5,6,13,137.00,"1,781.00"
2019-09-08,2019090801004727,HIDCL,34,47,200,138.00,"27,600.00"
2019-09-08,2019090801004669,HURJA,16,40,100,114.00,"11,400.00"
2019-09-08,2019090801004654,HURJA,11,40,50,115.00,"5,750.00"
2019-09-08,2019090801004653,HURJA,11,42,20,115.00,"2,300.00"
2019-09-08,2019090801005013,IGI,4,28,40,338.00,"13,520.00"
2019-09-08,2019090801005140,ILBS,17,50,30,443.00,"13,290.00"
2019-09-08,2019090801005139,ILBS,46,50,20,443.00,"8,860.00"
2019-09-08,2019090801005112,ILBS,39,53,224,445.00,"99,680.00"
2019-09-08,2019090801005001,ILBS,47,21,10,444.00,"4,440.00"
2019-09-08,2019090801004893,JBBL,16,17,45,160.00,"7,200.00"
2019-09-08,2019090801004892,JBBL,16,13,10,160.00,"1,600.00"
2019-09-08,2019090801004882,JBBL,16,13,10,160.00,"1,600.00"
2019-09-08,2019090801004873,JBBL,16,13,10,160.00,"1,600.00"
2019-09-08,2019090801004852,JBBL,16,13,10,160.00,"1,600.00"
2019-09-08,2019090801004865,JFL,45,6,100,199.00,"19,900.00"
2019-09-08,2019090801004864,JFL,22,6,100,199.00,"19,900.00"
2019-09-08,2019090801004863,JFL,14,6,17,199.00,"3,383.00"
2019-09-08,2019090801004862,JFL,42,6,28,199.00,"5,572.00"
2019-09-08,2019090801004769,JFL,42,28,50,200.00,"10,000.00"
2019-09-08,2019090801004664,JFL,44,28,800,200.00,"160,000.00"
2019-09-08,2019090801004867,KBL,22,43,20,204.00,"4,080.00"
2019-09-08,2019090801004732,KBL,14,58,956,203.00,"194,068.00"
2019-09-08,2019090801004731,KBL,14,58,44,203.00,"8,932.00"
2019-09-08,2019090801004996,KPCL,13,44,10,80.00,800.00
2019-09-08,2019090801005008,KSBBL,45,44,100,143.00,"14,300.00"
2019-09-08,2019090801005007,KSBBL,57,44,147,143.00,"21,021.00"
2019-09-08,2019090801005117,LBBL,44,32,100,176.00,"17,600.00"
2019-09-08,2019090801004876,LBL,22,6,10,213.00,"2,130.00"
2019-09-08,2019090801004761,LBL,28,6,137,213.00,"29,181.00"
2019-09-08,2019090801004834,LGIL,44,26,100,375.00,"37,500.00"
2019-09-08,2019090801004796,LGIL,44,17,78,375.00,"29,250.00"
2019-09-08,2019090801004781,LGIL,56,17,100,375.00,"37,500.00"
2019-09-08,2019090801004780,LGIL,51,17,22,375.00,"8,250.00"
2019-09-08,2019090801004759,LGIL,14,50,60,376.00,"22,560.00"
2019-09-08,2019090801004684,LGIL,44,44,"2,000",375.00,"750,000.00"
2019-09-08,2019090801005106,LICN,58,35,20,"1,024.00","20,480.00"
2019-09-08,2019090801005066,LICN,57,49,23,"1,004.00","23,092.00"
2019-09-08,2019090801005065,LICN,44,49,50,"1,005.00","50,250.00"
2019-09-08,2019090801005064,LICN,19,49,10,"1,005.00","10,050.00"
2019-09-08,2019090801004922,LLBS,5,43,100,707.00,"70,700.00"
2019-09-08,2019090801005115,MBL,42,49,200,253.00,"50,600.00"
2019-09-08,2019090801005126,MEGA,33,52,"1,000",199.00,"199,000.00"
2019-09-08,2019090801004660,MEGA,57,14,150,200.00,"30,000.00"
2019-09-08,2019090801004659,MEGA,57,14,100,200.00,"20,000.00"
2019-09-08,2019090801004658,MEGA,34,14,222,200.00,"44,400.00"
2019-09-08,2019090801004711,MEGA,25,25,2,200.00,400.00
2019-09-08,2019090801004929,MEGA,45,34,100,199.00,"19,900.00"
2019-09-08,2019090801004928,MEGA,49,34,300,199.00,"59,700.00"
2019-09-08,2019090801004927,MEGA,45,34,100,199.00,"19,900.00"
2019-09-08,2019090801004926,MEGA,45,34,54,199.00,"10,746.00"
2019-09-08,2019090801004958,MEGA,16,51,472,200.00,"94,400.00"
2019-09-08,2019090801004957,MEGA,16,14,528,200.00,"105,600.00"
2019-09-08,2019090801004936,MEGA,33,14,19,199.00,"3,781.00"
2019-09-08,2019090801004930,MEGA,33,34,746,199.00,"148,454.00"
2019-09-08,2019090801005059,MEGA,33,20,120,199.00,"23,880.00"
2019-09-08,2019090801004950,MLBL,29,13,200,210.00,"42,000.00"
2019-09-08,2019090801004949,MLBL,4,13,100,210.00,"21,000.00"
2019-09-08,2019090801004948,MLBL,40,13,300,210.00,"63,000.00"
2019-09-08,2019090801004947,MLBL,32,13,125,210.00,"26,250.00"
2019-09-08,2019090801004946,MLBL,37,13,100,210.00,"21,000.00"
2019-09-08,2019090801004945,MLBL,49,13,"2,000",210.00,"420,000.00"
2019-09-08,2019090801004944,MLBL,33,13,500,210.00,"105,000.00"
2019-09-08,2019090801004691,MLBL,39,13,500,211.00,"105,500.00"
2019-09-08,2019090801004690,MLBL,28,13,"2,000",211.00,"422,000.00"
2019-09-08,2019090801004689,MLBL,36,13,280,211.00,"59,080.00"
2019-09-08,2019090801004822,MNBBL,41,58,100,318.00,"31,800.00"
2019-09-08,2019090801004871,MSLB,58,49,30,930.00,"27,900.00"
2019-09-08,2019090801005055,MSMBS,41,36,10,472.00,"4,720.00"
2019-09-08,2019090801005006,NABIL,32,59,200,777.00,"155,400.00"
2019-09-08,2019090801004966,NABIL,32,59,49,777.00,"38,073.00"
2019-09-08,2019090801004965,NABIL,32,43,51,777.00,"39,627.00"
2019-09-08,2019090801004835,NABIL,53,43,10,777.00,"7,770.00"
2019-09-08,2019090801004771,NABIL,39,49,45,776.00,"34,920.00"
2019-09-08,2019090801004831,NADEP,45,41,20,455.00,"9,100.00"
2019-09-08,2019090801004804,NADEP,38,8,20,460.00,"9,200.00"
2019-09-08,2019090801004663,NADEP,51,1,20,454.00,"9,080.00"
2019-09-08,2019090801004712,NADEP,51,6,20,454.00,"9,080.00"
2019-09-08,2019090801004934,NAGRO,55,6,10,765.00,"7,650.00"
2019-09-08,2019090801004933,NAGRO,55,38,10,760.00,"7,600.00"
2019-09-08,2019090801004924,NAGRO,55,34,210,759.00,"159,390.00"
2019-09-08,2019090801004923,NAGRO,55,55,10,755.00,"7,550.00"
2019-09-08,2019090801004877,NAGRO,34,47,10,750.00,"7,500.00"
2019-09-08,2019090801004919,NBB,28,28,505,210.00,"106,050.00"
2019-09-08,2019090801005035,NBL,44,47,482,318.00,"153,276.00"
2019-09-08,2019090801005034,NBL,19,47,"1,000",318.00,"318,000.00"
2019-09-08,2019090801005033,NBL,58,47,100,318.00,"31,800.00"
2019-09-08,2019090801005032,NBL,33,47,200,318.00,"63,600.00"
2019-09-08,2019090801005031,NBL,40,47,218,319.00,"69,542.00"
2019-09-08,2019090801005017,NBL,40,47,282,319.00,"89,958.00"
2019-09-08,2019090801004685,NBL,58,29,618,319.00,"197,142.00"
2019-09-08,2019090801005016,NBL,22,47,"1,000",319.00,"319,000.00"
2019-09-08,2019090801005015,NBL,19,47,500,319.00,"159,500.00"
2019-09-08,2019090801005014,NBL,26,47,218,319.00,"69,542.00"
2019-09-08,2019090801004889,NBL,8,22,100,320.00,"32,000.00"
2019-09-08,2019090801004825,NBL,26,7,150,319.00,"47,850.00"
2019-09-08,2019090801004686,NBL,26,29,182,319.00,"58,058.00"
2019-09-08,2019090801005076,NCCB,40,59,300,202.00,"60,600.00"
2019-09-08,2019090801004954,NCCB,49,59,200,202.00,"40,400.00"
2019-09-08,2019090801004676,NCCB,4,37,500,202.00,"101,000.00"
2019-09-08,2019090801004641,NCCB,43,37,30,202.00,"6,060.00"
2019-09-08,2019090801004794,NEF,22,29,486,7.86,"3,819.96"
2019-09-08,2019090801004891,NGPL,36,52,692,103.00,"71,276.00"
2019-09-08,2019090801004886,NGPL,36,6,11,103.00,"1,133.00"
2019-09-08,2019090801005111,NIB,33,43,44,448.00,"19,712.00"
2019-09-08,2019090801005093,NIB,33,8,"1,436",448.00,"643,328.00"
2019-09-08,2019090801005092,NIB,45,8,100,448.00,"44,800.00"
2019-09-08,2019090801005091,NIB,1,8,20,448.00,"8,960.00"
2019-09-08,2019090801005090,NIB,19,8,60,448.00,"26,880.00"
2019-09-08,2019090801005089,NIB,59,8,100,448.00,"44,800.00"
2019-09-08,2019090801004748,NIB,17,22,31,449.00,"13,919.00"
2019-09-08,2019090801004670,NIB,17,19,145,449.00,"65,105.00"
2019-09-08,2019090801005088,NIB,47,8,25,448.00,"11,200.00"
2019-09-08,2019090801005087,NIB,34,8,173,448.00,"77,504.00"
2019-09-08,2019090801005086,NIB,51,8,50,449.00,"22,450.00"
2019-09-08,2019090801005085,NIB,13,8,100,449.00,"44,900.00"
2019-09-08,2019090801005084,NIB,22,8,436,449.00,"195,764.00"
2019-09-08,2019090801004749,NIB,22,22,64,449.00,"28,736.00"
2019-09-08,2019090801005138,NICA,49,33,10,448.00,"4,480.00"
2019-09-08,2019090801005056,NICA,14,6,430,449.00,"193,070.00"
2019-09-08,2019090801004887,NICA,22,6,100,449.00,"44,900.00"
2019-09-08,2019090801004793,NICA,38,6,30,449.00,"13,470.00"
2019-09-08,2019090801004785,NICA,49,44,233,448.00,"104,384.00"
2019-09-08,2019090801004782,NICA,49,44,65,448.00,"29,120.00"
2019-09-08,2019090801004707,NICA,38,45,50,448.00,"22,400.00"
2019-09-08,2019090801004706,NICA,45,45,42,448.00,"18,816.00"
2019-09-08,2019090801004667,NICA,45,37,21,448.00,"9,408.00"
2019-09-08,2019090801004772,NICA,32,44,100,448.00,"44,800.00"
2019-09-08,2019090801004745,NICA,13,44,352,448.00,"157,696.00"
2019-09-08,2019090801004744,NICA,13,45,165,448.00,"73,920.00"
2019-09-08,2019090801004710,NICA,52,45,108,448.00,"48,384.00"
2019-09-08,2019090801004709,NICA,33,45,20,448.00,"8,960.00"
2019-09-08,2019090801004708,NICA,45,45,50,448.00,"22,400.00"
2019-09-08,2019090801005078,NICL,16,38,280,277.00,"77,560.00"
2019-09-08,2019090801005077,NICL,53,38,20,277.00,"5,540.00"
2019-09-08,2019090801004747,NICL,34,38,200,278.00,"55,600.00"
2019-09-08,2019090801004746,NICL,7,38,180,278.00,"50,040.00"
2019-09-08,2019090801004792,NLBBL,33,33,125,511.00,"63,875.00"
2019-09-08,2019090801004791,NLBBL,45,33,10,511.00,"5,110.00"
2019-09-08,2019090801004790,NLBBL,28,33,100,511.00,"51,100.00"
2019-09-08,2019090801004904,NLG,39,38,60,582.00,"34,920.00"
2019-09-08,2019090801004903,NLG,6,38,188,582.00,"109,416.00"
2019-09-08,2019090801004902,NLG,53,38,50,583.00,"29,150.00"
2019-09-08,2019090801004901,NLG,3,38,90,583.00,"52,470.00"
2019-09-08,2019090801004900,NLG,3,38,10,584.00,"5,840.00"
2019-09-08,2019090801004899,NLG,49,38,14,584.00,"8,176.00"
2019-09-08,2019090801005094,NLIC,58,6,25,803.00,"20,075.00"
2019-09-08,2019090801005060,NLIC,16,6,25,800.00,"20,000.00"
2019-09-08,2019090801004838,NLIC,35,4,100,800.00,"80,000.00"
2019-09-08,2019090801004837,NLIC,20,4,40,800.00,"32,000.00"
2019-09-08,2019090801004797,NLIC,20,52,10,800.00,"8,000.00"
2019-09-08,2019090801004768,NLIC,17,4,500,798.00,"399,000.00"
2019-09-08,2019090801004767,NLIC,17,4,500,798.00,"399,000.00"
2019-09-08,2019090801004766,NLIC,13,4,500,799.00,"399,500.00"
2019-09-08,2019090801004765,NLIC,32,4,20,800.00,"16,000.00"
2019-09-08,2019090801004764,NLIC,25,4,100,800.00,"80,000.00"
2019-09-08,2019090801004763,NLIC,34,4,50,800.00,"40,000.00"
2019-09-08,2019090801004762,NLIC,42,4,18,800.00,"14,400.00"
2019-09-08,2019090801005096,NLICL,28,26,100,506.00,"50,600.00"
2019-09-08,2019090801005019,NLICL,45,4,46,505.00,"23,230.00"
2019-09-08,2019090801004987,NLICL,45,4,380,505.00,"191,900.00"
2019-09-08,2019090801004986,NLICL,29,4,100,505.00,"50,500.00"
2019-09-08,2019090801004985,NLICL,21,4,200,505.00,"101,000.00"
2019-09-08,2019090801004984,NLICL,40,4,300,505.00,"151,500.00"
2019-09-08,2019090801004920,NLICL,39,6,56,506.00,"28,336.00"
2019-09-08,2019090801004983,NLICL,6,4,56,506.00,"28,336.00"
2019-09-08,2019090801004982,NLICL,39,4,94,506.00,"47,564.00"
2019-09-08,2019090801004981,NLICL,43,4,20,506.00,"10,120.00"
2019-09-08,2019090801004980,NLICL,47,4,20,506.00,"10,120.00"
2019-09-08,2019090801004979,NLICL,1,4,10,506.00,"5,060.00"
2019-09-08,2019090801004978,NLICL,41,4,20,506.00,"10,120.00"
2019-09-08,2019090801005118,NMBHF1,21,42,"2,357",9.50,"22,391.50"
2019-09-08,2019090801004969,NMBHF1,7,42,857,9.55,"8,184.35"
2019-09-08,2019090801004913,NMFBS,58,33,200,"1,570.00","314,000.00"
2019-09-08,2019090801004875,NMFBS,19,49,15,"1,574.00","23,610.00"
2019-09-08,2019090801004874,NMFBS,56,49,35,"1,575.00","55,125.00"
2019-09-08,2019090801004743,NMFBS,58,33,85,"1,576.00","133,960.00"
2019-09-08,2019090801004742,NMFBS,22,33,50,"1,580.00","79,000.00"
2019-09-08,2019090801004938,NTC,59,48,20,637.00,"12,740.00"
2019-09-08,2019090801004720,NTC,14,26,110,638.00,"70,180.00"
2019-09-08,2019090801004649,NTC,14,59,890,638.00,"567,820.00"
2019-09-08,2019090801004648,NTC,34,59,500,638.00,"319,000.00"
2019-09-08,2019090801004647,NTC,34,59,500,638.00,"319,000.00"
2019-09-08,2019090801004646,NTC,8,59,20,639.00,"12,780.00"
2019-09-08,2019090801004645,NTC,55,59,20,639.00,"12,780.00"
2019-09-08,2019090801004644,NTC,19,59,40,639.00,"25,560.00"
2019-09-08,2019090801004643,NTC,7,59,30,639.00,"19,170.00"
2019-09-08,2019090801005072,NUBL,34,55,100,855.00,"85,500.00"
2019-09-08,2019090801005071,NUBL,34,6,169,855.00,"144,495.00"
2019-09-08,2019090801004824,NUBL,34,34,500,854.00,"427,000.00"
2019-09-08,2019090801004725,NUBL,6,6,50,855.00,"42,750.00"
2019-09-08,2019090801004724,NUBL,39,6,21,856.00,"17,976.00"
2019-09-08,2019090801005045,OHL,52,50,108,544.00,"58,752.00"
2019-09-08,2019090801005044,OHL,10,50,100,545.00,"54,500.00"
2019-09-08,2019090801005043,OHL,38,50,108,545.00,"58,860.00"
2019-09-08,2019090801005050,OHL,5,50,44,542.00,"23,848.00"
2019-09-08,2019090801005049,OHL,34,50,50,544.00,"27,200.00"
2019-09-08,2019090801005048,OHL,25,50,50,544.00,"27,200.00"
2019-09-08,2019090801005047,OHL,36,50,30,544.00,"16,320.00"
2019-09-08,2019090801005046,OHL,52,50,10,544.00,"5,440.00"
2019-09-08,2019090801004869,PCBL,22,38,18,272.00,"4,896.00"
2019-09-08,2019090801004810,PCBL,5,40,304,271.00,"82,384.00"
2019-09-08,2019090801004671,PCBL,42,34,40,270.00,"10,800.00"
2019-09-08,2019090801004721,PMHPL,54,6,10,96.00,960.00
2019-09-08,2019090801004998,PRIN,51,36,50,324.00,"16,200.00"
2019-09-08,2019090801004935,PRIN,32,38,300,325.00,"97,500.00"
2019-09-08,2019090801005137,PRVU,10,17,118,264.00,"31,152.00"
2019-09-08,2019090801005136,PRVU,10,8,282,264.00,"74,448.00"
2019-09-08,2019090801005125,PRVU,50,8,16,264.00,"4,224.00"
2019-09-08,2019090801005083,PRVU,34,29,91,263.00,"23,933.00"
2019-09-08,2019090801004802,PRVU,32,52,180,265.00,"47,700.00"
2019-09-08,2019090801004801,PRVU,32,22,20,265.00,"5,300.00"
2019-09-08,2019090801004757,PRVU,56,48,151,264.00,"39,864.00"
2019-09-08,2019090801004993,PRVU,56,8,718,264.00,"189,552.00"
2019-09-08,2019090801004959,PRVU,28,52,126,265.00,"33,390.00"
2019-09-08,2019090801004823,PRVU,56,58,444,264.00,"117,216.00"
2019-09-08,2019090801004806,PRVU,56,19,50,264.00,"13,200.00"
2019-09-08,2019090801005004,PRVU,58,8,50,264.00,"13,200.00"
2019-09-08,2019090801005003,PRVU,51,8,200,264.00,"52,800.00"
2019-09-08,2019090801005002,PRVU,56,8,67,264.00,"17,688.00"
2019-09-08,2019090801005079,PRVU,45,8,100,264.00,"26,400.00"
2019-09-08,2019090801005058,RADHI,13,16,11,141.00,"1,551.00"
2019-09-08,2019090801004939,RADHI,13,6,11,141.00,"1,551.00"
2019-09-08,2019090801004821,RADHI,35,40,11,142.00,"1,562.00"
2019-09-08,2019090801004820,RADHI,35,6,11,142.00,"1,562.00"
2019-09-08,2019090801004819,RADHI,35,38,11,142.00,"1,562.00"
2019-09-08,2019090801004818,RADHI,35,6,11,142.00,"1,562.00"
2019-09-08,2019090801004811,RADHI,35,6,11,142.00,"1,562.00"
2019-09-08,2019090801004817,RADHI,35,6,11,142.00,"1,562.00"
2019-09-08,2019090801004816,RADHI,35,40,11,142.00,"1,562.00"
2019-09-08,2019090801004815,RADHI,35,6,11,142.00,"1,562.00"
2019-09-08,2019090801004814,RADHI,35,6,11,142.00,"1,562.00"
2019-09-08,2019090801004813,RADHI,35,6,11,142.00,"1,562.00"
2019-09-08,2019090801004812,RADHI,35,6,11,142.00,"1,562.00"
2019-09-08,2019090801005018,RBCL,58,6,10,"8,830.00","88,300.00"
2019-09-08,2019090801004728,RBCL,28,6,10,"8,830.00","88,300.00"
2019-09-08,2019090801004733,RHPC,25,25,5,86.00,430.00
2019-09-08,2019090801005108,RHPL,21,21,10,169.00,"1,690.00"
2019-09-08,2019090801005107,RHPL,21,44,40,169.00,"6,760.00"
2019-09-08,2019090801005101,RHPL,21,16,40,169.00,"6,760.00"
2019-09-08,2019090801005082,RHPL,21,44,40,169.00,"6,760.00"
2019-09-08,2019090801005052,RHPL,21,44,10,169.00,"1,690.00"
2019-09-08,2019090801004964,RHPL,49,57,20,170.00,"3,400.00"
2019-09-08,2019090801004789,RHPL,21,6,20,169.00,"3,380.00"
2019-09-08,2019090801004702,RHPL,21,41,90,169.00,"15,210.00"
2019-09-08,2019090801004701,RHPL,48,41,50,169.00,"8,450.00"
2019-09-08,2019090801004700,RHPL,13,41,80,169.00,"13,520.00"
2019-09-08,2019090801004699,RHPL,58,41,380,169.00,"64,220.00"
2019-09-08,2019090801004963,RHPL,21,16,50,169.00,"8,450.00"
2019-09-08,2019090801004953,RHPL,21,44,40,169.00,"6,760.00"
2019-09-08,2019090801004885,RHPL,21,26,40,169.00,"6,760.00"
2019-09-08,2019090801004881,RHPL,21,26,50,169.00,"8,450.00"
2019-09-08,2019090801004851,RHPL,21,41,40,169.00,"6,760.00"
2019-09-08,2019090801004847,RHPL,21,22,10,169.00,"1,690.00"
2019-09-08,2019090801004883,RMDC,34,33,115,654.00,"75,210.00"
2019-09-08,2019090801004666,RRHP,25,25,10,104.00,"1,040.00"
2019-09-08,2019090801004921,RSDC,7,20,48,343.00,"16,464.00"
2019-09-08,2019090801004808,RSDC,39,41,52,342.00,"17,784.00"
2019-09-08,2019090801004730,RSDC,39,6,34,342.00,"11,628.00"
2019-09-08,2019090801004729,RSDC,39,6,100,342.00,"34,200.00"
2019-09-08,2019090801004694,RSDC,50,6,20,343.00,"6,860.00"
2019-09-08,2019090801004693,RSDC,39,6,150,343.00,"51,450.00"
2019-09-08,2019090801004692,RSDC,50,6,26,343.00,"8,918.00"
2019-09-08,2019090801005104,SABSL,57,57,10,500.00,"5,000.00"
2019-09-08,2019090801005097,SABSL,57,57,10,500.00,"5,000.00"
2019-09-08,2019090801005063,SABSL,25,7,260,500.00,"130,000.00"
2019-09-08,2019090801005054,SABSL,57,7,100,500.00,"50,000.00"
2019-09-08,2019090801005053,SABSL,34,7,10,500.00,"5,000.00"
2019-09-08,2019090801005042,SABSL,34,22,20,500.00,"10,000.00"
2019-09-08,2019090801005023,SABSL,43,7,180,501.00,"90,180.00"
2019-09-08,2019090801005005,SABSL,25,25,"1,000",501.00,"501,000.00"
2019-09-08,2019090801004840,SABSL,43,41,10,501.00,"5,010.00"
2019-09-08,2019090801004839,SABSL,43,22,10,501.00,"5,010.00"
2019-09-08,2019090801004672,SABSL,44,22,480,502.00,"240,960.00"
2019-09-08,2019090801004668,SABSL,44,40,10,502.00,"5,020.00"
2019-09-08,2019090801004994,SANIMA,58,32,20,353.00,"7,060.00"
2019-09-08,2019090801004898,SANIMA,20,32,10,353.00,"3,530.00"
2019-09-08,2019090801004853,SANIMA,35,7,19,353.00,"6,707.00"
2019-09-08,2019090801004740,SANIMA,57,45,363,352.00,"127,776.00"
2019-09-08,2019090801004739,SANIMA,4,45,36,352.00,"12,672.00"
2019-09-08,2019090801004719,SANIMA,6,45,500,353.00,"176,500.00"
2019-09-08,2019090801004718,SANIMA,17,45,500,353.00,"176,500.00"
2019-09-08,2019090801005057,SBI,32,52,186,432.00,"80,352.00"
2019-09-08,2019090801005009,SBI,32,36,16,431.00,"6,896.00"
2019-09-08,2019090801004894,SBL,6,28,51,314.00,"16,014.00"
2019-09-08,2019090801004849,SCB,57,25,18,610.00,"10,980.00"
2019-09-08,2019090801004848,SCB,57,36,17,610.00,"10,370.00"
2019-09-08,2019090801004829,SCB,36,58,15,607.00,"9,105.00"
2019-09-08,2019090801004828,SCB,28,58,50,607.00,"30,350.00"
2019-09-08,2019090801004754,SCB,56,58,350,608.00,"212,800.00"
2019-09-08,2019090801004753,SCB,46,58,50,608.00,"30,400.00"
2019-09-08,2019090801004752,SCB,34,58,100,608.00,"60,800.00"
2019-09-08,2019090801004751,SCB,22,58,15,608.00,"9,120.00"
2019-09-08,2019090801004750,SCB,29,58,11,608.00,"6,688.00"
2019-09-08,2019090801004803,SCB,28,7,100,607.00,"60,700.00"
2019-09-08,2019090801004776,SCB,47,58,20,608.00,"12,160.00"
2019-09-08,2019090801004775,SCB,6,58,100,608.00,"60,800.00"
2019-09-08,2019090801004774,SCB,14,58,115,608.00,"69,920.00"
2019-09-08,2019090801004773,SCB,56,58,130,608.00,"79,040.00"
2019-09-08,2019090801004755,SCB,56,33,20,608.00,"12,160.00"
2019-09-08,2019090801004941,SDESI,36,1,50,628.00,"31,400.00"
2019-09-08,2019090801004884,SDESI,35,19,42,626.00,"26,292.00"
2019-09-08,2019090801004868,SDESI,25,25,1,628.00,628.00
2019-09-08,2019090801004756,SDESI,25,25,1,628.00,628.00
2019-09-08,2019090801004735,SDESI,51,34,20,627.00,"12,540.00"
2019-09-08,2019090801004878,SHINE,48,41,142,251.00,"35,642.00"
2019-09-08,2019090801005081,SHIVM,32,57,50,529.00,"26,450.00"
2019-09-08,2019090801004890,SHIVM,50,42,81,528.00,"42,768.00"
2019-09-08,2019090801004888,SHIVM,10,42,300,528.00,"158,400.00"
2019-09-08,2019090801004861,SHIVM,38,57,230,527.00,"121,210.00"
2019-09-08,2019090801004860,SHIVM,57,57,60,527.00,"31,620.00"
2019-09-08,2019090801004859,SHIVM,7,57,300,527.00,"158,100.00"
2019-09-08,2019090801004734,SHIVM,44,21,10,529.00,"5,290.00"
2019-09-08,2019090801004714,SHIVM,44,33,200,529.00,"105,800.00"
2019-09-08,2019090801004652,SHIVM,42,44,100,530.00,"53,000.00"
2019-09-08,2019090801004651,SHIVM,32,44,100,530.00,"53,000.00"
2019-09-08,2019090801004650,SHIVM,39,44,180,530.00,"95,400.00"
2019-09-08,2019090801004826,SHIVM,52,44,300,530.00,"159,000.00"
2019-09-08,2019090801004786,SHIVM,7,6,50,529.00,"26,450.00"
2019-09-08,2019090801004779,SHIVM,7,6,50,529.00,"26,450.00"
2019-09-08,2019090801004770,SHIVM,7,6,30,528.00,"15,840.00"
2019-09-08,2019090801004760,SHIVM,44,6,20,529.00,"10,580.00"
2019-09-08,2019090801004844,SHIVM,32,42,100,528.00,"52,800.00"
2019-09-08,2019090801004843,SHIVM,50,42,100,528.00,"52,800.00"
2019-09-08,2019090801004842,SHIVM,21,42,100,528.00,"52,800.00"
2019-09-08,2019090801004841,SHIVM,7,42,470,528.00,"248,160.00"
2019-09-08,2019090801004833,SHIVM,28,44,30,530.00,"15,900.00"
2019-09-08,2019090801004858,SHIVM,38,57,50,527.00,"26,350.00"
2019-09-08,2019090801004857,SHIVM,22,57,10,527.00,"5,270.00"
2019-09-08,2019090801004856,SHIVM,34,57,100,527.00,"52,700.00"
2019-09-08,2019090801004855,SHIVM,38,57,200,527.00,"105,400.00"
2019-09-08,2019090801004846,SHIVM,46,42,150,528.00,"79,200.00"
2019-09-08,2019090801004845,SHIVM,26,42,100,528.00,"52,800.00"
2019-09-08,2019090801005070,SICL,56,49,70,763.00,"53,410.00"
2019-09-08,2019090801005012,SIL,44,42,250,395.00,"98,750.00"
2019-09-08,2019090801005068,SINDU,21,29,70,127.00,"8,890.00"
2019-09-08,2019090801005067,SINDU,29,29,10,127.00,"1,270.00"
2019-09-08,2019090801004962,SINDU,22,5,10,129.00,"1,290.00"
2019-09-08,2019090801004705,SINDU,29,5,10,129.00,"1,290.00"
2019-09-08,2019090801005124,SJCL,48,44,20,185.00,"3,700.00"
2019-09-08,2019090801005114,SJCL,48,21,10,185.00,"1,850.00"
2019-09-08,2019090801005103,SJCL,48,16,20,185.00,"3,700.00"
2019-09-08,2019090801005095,SJCL,48,44,20,185.00,"3,700.00"
2019-09-08,2019090801005062,SJCL,48,44,20,185.00,"3,700.00"
2019-09-08,2019090801004642,SJCL,42,42,20,185.00,"3,700.00"
2019-09-08,2019090801004850,SJCL,22,26,20,186.00,"3,720.00"
2019-09-08,2019090801004832,SJCL,22,22,10,186.00,"1,860.00"
2019-09-08,2019090801004799,SJCL,22,6,20,186.00,"3,720.00"
2019-09-08,2019090801004738,SJCL,22,57,320,186.00,"59,520.00"
2019-09-08,2019090801004737,SJCL,22,51,10,186.00,"1,860.00"
2019-09-08,2019090801004912,SJCL,22,42,600,186.00,"111,600.00"
2019-09-08,2019090801004866,SJCL,22,26,20,186.00,"3,720.00"
2019-09-08,2019090801004961,SJCL,26,29,20,185.00,"3,700.00"
2019-09-08,2019090801004940,SJCL,42,29,20,185.00,"3,700.00"
2019-09-08,2019090801004995,SJCL,48,29,10,185.00,"1,850.00"
2019-09-08,2019090801004991,SJCL,48,44,20,185.00,"3,700.00"
2019-09-08,2019090801004989,SJCL,48,29,10,185.00,"1,850.00"
2019-09-08,2019090801004988,SJCL,26,29,10,185.00,"1,850.00"
2019-09-08,2019090801004974,SJCL,26,16,20,185.00,"3,700.00"
2019-09-08,2019090801004696,SLBSL,43,42,10,734.00,"7,340.00"
2019-09-08,2019090801004677,SLBSL,43,42,10,734.00,"7,340.00"
2019-09-08,2019090801004960,SMATA,46,54,19,"1,266.00","24,054.00"
2019-09-08,2019090801004895,SMATA,48,42,10,"1,275.00","12,750.00"
2019-09-08,2019090801004931,SMFBS,34,21,10,803.00,"8,030.00"
2019-09-08,2019090801004807,SMFBS,32,22,10,802.00,"8,020.00"
2019-09-08,2019090801005069,SPARS,18,44,10,589.00,"5,890.00"
2019-09-08,2019090801004907,SPARS,34,43,160,590.00,"94,400.00"
2019-09-08,2019090801004906,SPARS,34,39,100,590.00,"59,000.00"
2019-09-08,2019090801004905,SPARS,34,52,70,590.00,"41,300.00"
2019-09-08,2019090801005135,SRBL,34,1,851,232.00,"197,432.00"
2019-09-08,2019090801005041,SRBL,42,1,300,232.00,"69,600.00"
2019-09-08,2019090801005040,SRBL,46,1,100,232.00,"23,200.00"
2019-09-08,2019090801005039,SRBL,32,1,500,232.00,"116,000.00"
2019-09-08,2019090801005038,SRBL,38,1,100,232.00,"23,200.00"
2019-09-08,2019090801005037,SRBL,35,1,30,232.00,"6,960.00"
2019-09-08,2019090801005036,SRBL,34,1,106,232.00,"24,592.00"
2019-09-08,2019090801004910,SRBL,34,28,50,232.00,"11,600.00"
2019-09-08,2019090801004704,SRBL,34,34,30,232.00,"6,960.00"
2019-09-08,2019090801004758,SWBBL,34,22,"1,000",919.00,"919,000.00"
2019-09-08,2019090801004741,TRH,58,21,15,293.00,"4,395.00"
2019-09-08,2019090801004675,TRH,58,14,120,293.00,"35,160.00"
2019-09-08,2019090801004674,TRH,38,14,200,294.00,"58,800.00"
2019-09-08,2019090801004673,TRH,44,14,90,294.00,"26,460.00"
2019-09-08,2019090801004713,UMHL,32,37,14,104.00,"1,456.00"
2019-09-08,2019090801004722,UPCL,16,49,30,78.00,"2,340.00"
2019-09-08,2019090801005119,UPPER,56,43,40,244.00,"9,760.00"
2019-09-08,2019090801005113,UPPER,56,16,40,244.00,"9,760.00"
2019-09-08,2019090801005109,UPPER,56,6,30,244.00,"7,320.00"
2019-09-08,2019090801005010,UPPER,40,6,50,243.00,"12,150.00"
2019-09-08,2019090801004997,UPPER,40,16,50,243.00,"12,150.00"
2019-09-08,2019090801004688,UPPER,41,48,41,243.00,"9,963.00"
2019-09-08,2019090801004687,UPPER,47,48,10,243.00,"2,430.00"
2019-09-08,2019090801004952,UPPER,40,6,21,243.00,"5,103.00"
2019-09-08,2019090801004951,UPPER,49,6,19,243.00,"4,617.00"
2019-09-08,2019090801004879,UPPER,22,6,20,244.00,"4,880.00"
2019-09-08,2019090801004698,UPPER,49,53,41,243.00,"9,963.00"
2019-09-08,2019090801004697,UPPER,41,53,959,243.00,"233,037.00"
2019-09-08,2019090801004778,VLBS,22,22,150,575.00,"86,250.00"
2019-09-08,2019090801004836,VLBS,33,50,104,573.00,"59,592.00"
2019-09-08,2019090801004373,ADBL,33,42,111,421.00,"46,731.00"
2019-09-08,2019090801004269,ADBL,40,19,50,422.00,"21,100.00"
2019-09-08,2019090801004268,ADBL,40,44,41,422.00,"17,302.00"
2019-09-08,2019090801004630,AKBSL,1,41,10,444.00,"4,440.00"
2019-09-08,2019090801004220,AKBSL,1,32,10,444.00,"4,440.00"
2019-09-08,2019090801004433,AKJCL,22,40,10,57.00,570.00
2019-09-08,2019090801004608,AKPL,41,25,100,147.00,"14,700.00"
2019-09-08,2019090801004539,AKPL,52,41,15,146.00,"2,190.00"
2019-09-08,2019090801004464,AKPL,52,37,13,146.00,"1,898.00"
2019-09-08,2019090801004372,AKPL,8,25,74,147.00,"10,878.00"
2019-09-08,2019090801004552,ALICL,26,45,94,324.00,"30,456.00"
2019-09-08,2019090801004551,ALICL,43,45,40,324.00,"12,960.00"
2019-09-08,2019090801004550,ALICL,28,45,409,324.00,"132,516.00"
2019-09-08,2019090801004482,ALICL,28,59,55,324.00,"17,820.00"
2019-09-08,2019090801004428,ALICL,56,59,80,325.00,"26,000.00"
2019-09-08,2019090801004255,ALICL,28,8,100,326.00,"32,600.00"
2019-09-08,2019090801004158,ALICL,28,22,500,324.00,"162,000.00"
2019-09-08,2019090801004509,API,50,50,500,113.00,"56,500.00"
2019-09-08,2019090801004475,API,41,56,50,113.00,"5,650.00"
2019-09-08,2019090801004474,API,16,56,478,113.00,"54,014.00"
2019-09-08,2019090801004560,BOKL,11,17,200,259.00,"51,800.00"
2019-09-08,2019090801004472,BOKL,36,44,18,258.00,"4,644.00"
2019-09-08,2019090801004192,BOKL,36,35,"1,587",258.00,"409,446.00"
2019-09-08,2019090801004191,BOKL,36,50,60,258.00,"15,480.00"
2019-09-08,2019090801004189,BOKL,49,21,129,257.00,"33,153.00"
2019-09-08,2019090801004259,CBBL,34,47,500,977.00,"488,500.00"
2019-09-08,2019090801004258,CBBL,34,47,500,977.00,"488,500.00"
2019-09-08,2019090801004444,CBL,42,17,17,147.00,"2,499.00"
2019-09-08,2019090801004442,CBL,42,38,78,147.00,"11,466.00"
2019-09-08,2019090801004183,CBL,42,59,150,147.00,"22,050.00"
2019-09-08,2019090801004182,CBL,42,55,755,147.00,"110,985.00"
2019-09-08,2019090801004621,CCBL,49,41,22,158.00,"3,476.00"
2019-09-08,2019090801004609,CCBL,49,41,121,158.00,"19,118.00"
2019-09-08,2019090801004598,CCBL,49,41,121,158.00,"19,118.00"
2019-09-08,2019090801004586,CCBL,49,41,259,158.00,"40,922.00"
2019-09-08,2019090801004585,CCBL,59,41,541,158.00,"85,478.00"
2019-09-08,2019090801004347,CCBL,59,29,40,158.00,"6,320.00"
2019-09-08,2019090801004633,CHL,50,37,34,81.00,"2,754.00"
2019-09-08,2019090801004572,CIT,25,50,79,"1,945.00","153,655.00"
2019-09-08,2019090801004571,CIT,25,14,90,"1,940.00","174,600.00"
2019-09-08,2019090801004548,CIT,51,14,10,"1,940.00","19,400.00"
2019-09-08,2019090801004518,CIT,51,21,15,"1,940.00","29,100.00"
2019-09-08,2019090801004517,CIT,51,22,40,"1,940.00","77,600.00"
2019-09-08,2019090801004516,CIT,34,22,10,"1,940.00","19,400.00"
2019-09-08,2019090801004412,CLBSL,17,4,10,520.00,"5,200.00"
2019-09-08,2019090801004366,CLBSL,17,4,10,520.00,"5,200.00"
2019-09-08,2019090801004227,CLBSL,6,4,10,520.00,"5,200.00"
2019-09-08,2019090801004520,CZBIL,51,13,500,221.00,"110,500.00"
2019-09-08,2019090801004519,CZBIL,51,58,350,221.00,"77,350.00"
2019-09-08,2019090801004350,CZBIL,44,57,500,220.00,"110,000.00"
2019-09-08,2019090801004342,CZBIL,44,8,853,220.00,"187,660.00"
2019-09-08,2019090801004322,CZBIL,35,58,200,221.00,"44,200.00"
2019-09-08,2019090801004253,CZBIL,44,33,300,220.00,"66,000.00"
2019-09-08,2019090801004336,DBBL,45,58,55,131.00,"7,205.00"
2019-09-08,2019090801004365,DHPL,22,59,29,61.00,"1,769.00"
2019-09-08,2019090801004364,DHPL,22,42,10,60.00,600.00
2019-09-08,2019090801004363,DHPL,22,17,11,60.00,660.00
2019-09-08,2019090801004619,EBL,47,43,13,608.00,"7,904.00"
2019-09-08,2019090801004618,EBL,6,43,20,608.00,"12,160.00"
2019-09-08,2019090801004617,EBL,51,43,50,608.00,"30,400.00"
2019-09-08,2019090801004616,EBL,38,43,100,608.00,"60,800.00"
2019-09-08,2019090801004615,EBL,26,43,21,610.00,"12,810.00"
2019-09-08,2019090801004589,EBL,11,32,100,612.00,"61,200.00"
2019-09-08,2019090801004149,EBL,7,32,10,610.00,"6,100.00"
2019-09-08,2019090801004148,EBL,6,32,40,610.00,"24,400.00"
2019-09-08,2019090801004147,EBL,22,32,30,610.00,"18,300.00"
2019-09-08,2019090801004146,EBL,45,32,61,610.00,"37,210.00"
2019-09-08,2019090801004584,EBL,26,32,29,610.00,"17,690.00"
2019-09-08,2019090801004583,EBL,38,32,100,610.00,"61,000.00"
2019-09-08,2019090801004357,EBL,19,32,200,612.00,"122,400.00"
2019-09-08,2019090801004321,EBL,41,32,300,612.00,"183,600.00"
2019-09-08,2019090801004150,EBL,22,32,10,610.00,"6,100.00"
2019-09-08,2019090801004594,EIC,3,46,20,290.00,"5,800.00"
2019-09-08,2019090801004593,EIC,1,46,200,290.00,"58,000.00"
2019-09-08,2019090801004592,EIC,29,46,10,290.00,"2,900.00"
2019-09-08,2019090801004591,EIC,19,46,600,291.00,"174,600.00"
2019-09-08,2019090801004420,FOWAD,56,54,49,"1,300.00","63,700.00"
2019-09-08,2019090801004199,FOWAD,45,39,50,"1,300.00","65,000.00"
2019-09-08,2019090801004198,FOWAD,35,39,30,"1,301.00","39,030.00"
2019-09-08,2019090801004197,FOWAD,57,39,50,"1,305.00","65,250.00"
2019-09-08,2019090801004496,GBBL,41,14,219,213.00,"46,647.00"
2019-09-08,2019090801004639,GBLBS,48,29,20,335.00,"6,700.00"
2019-09-08,2019090801004638,GBLBS,17,29,40,335.00,"13,400.00"
2019-09-08,2019090801004470,GBLBS,17,40,10,335.00,"3,350.00"
2019-09-08,2019090801004410,GBLBS,46,55,15,337.00,"5,055.00"
2019-09-08,2019090801004345,GBLBS,46,6,10,337.00,"3,370.00"
2019-09-08,2019090801004241,GBLBS,46,36,100,337.00,"33,700.00"
2019-09-08,2019090801004240,GBLBS,46,38,15,337.00,"5,055.00"
2019-09-08,2019090801004477,GFCL,26,11,849,138.00,"117,162.00"
2019-09-08,2019090801004476,GFCL,59,11,151,138.00,"20,838.00"
2019-09-08,2019090801004481,GHL,13,40,20,70.00,"1,400.00"
2019-09-08,2019090801004480,GHL,51,40,10,70.00,700.00
2019-09-08,2019090801004288,GHL,51,40,30,71.00,"2,130.00"
2019-09-08,2019090801004426,GILB,45,19,22,745.00,"16,390.00"
2019-09-08,2019090801004425,GILB,25,19,20,746.00,"14,920.00"
2019-09-08,2019090801004465,GLBSL,50,7,10,467.00,"4,670.00"
2019-09-08,2019090801004311,GLBSL,17,26,10,470.00,"4,700.00"
2019-09-08,2019090801004202,GLBSL,42,49,10,477.00,"4,770.00"
2019-09-08,2019090801004356,GLICL,34,6,33,384.00,"12,672.00"
2019-09-08,2019090801004492,GMFBS,51,26,10,503.00,"5,030.00"
2019-09-08,2019090801004232,GMFBS,26,32,10,505.00,"5,050.00"
2019-09-08,2019090801004219,GMFBS,26,32,10,505.00,"5,050.00"
2019-09-08,2019090801004467,GRDBL,1,35,50,105.00,"5,250.00"
2019-09-08,2019090801004610,HBL,11,50,30,527.00,"15,810.00"
2019-09-08,2019090801004403,HGI,51,21,398,290.00,"115,420.00"
2019-09-08,2019090801004402,HGI,52,21,50,290.00,"14,500.00"
2019-09-08,2019090801004401,HGI,45,21,20,291.00,"5,820.00"
2019-09-08,2019090801004400,HGI,35,21,20,292.00,"5,840.00"
2019-09-08,2019090801004599,HIDCL,5,42,176,137.00,"24,112.00"
2019-09-08,2019090801004187,HIDCL,42,43,63,139.00,"8,757.00"
2019-09-08,2019090801004628,HPPL,14,40,150,143.00,"21,450.00"
2019-09-08,2019090801004267,HPPL,14,26,10,143.00,"1,430.00"
2019-09-08,2019090801004559,HURJA,11,42,20,115.00,"2,300.00"
2019-09-08,2019090801004389,HURJA,11,58,10,115.00,"1,150.00"
2019-09-08,2019090801004388,HURJA,11,58,10,115.00,"1,150.00"
2019-09-08,2019090801004239,HURJA,11,32,20,115.00,"2,300.00"
2019-09-08,2019090801004229,HURJA,11,32,20,115.00,"2,300.00"
2019-09-08,2019090801004620,ILBS,43,29,10,443.00,"4,430.00"
2019-09-08,2019090801004411,ILBS,43,26,10,443.00,"4,430.00"
2019-09-08,2019090801004386,ILBS,43,26,10,443.00,"4,430.00"
2019-09-08,2019090801004377,ILBS,43,26,10,443.00,"4,430.00"
2019-09-08,2019090801004370,ILBS,43,58,10,443.00,"4,430.00"
2019-09-08,2019090801004346,ILBS,43,7,10,443.00,"4,430.00"
2019-09-08,2019090801004343,ILBS,43,26,10,443.00,"4,430.00"
2019-09-08,2019090801004340,ILBS,43,26,10,443.00,"4,430.00"
2019-09-08,2019090801004221,ILBS,43,17,10,443.00,"4,430.00"
2019-09-08,2019090801004397,JBBL,16,38,41,160.00,"6,560.00"
2019-09-08,2019090801004396,JBBL,4,38,184,160.00,"29,440.00"
2019-09-08,2019090801004495,JFL,58,46,96,201.00,"19,296.00"
2019-09-08,2019090801004454,JFL,59,5,200,200.00,"40,000.00"
2019-09-08,2019090801004453,JFL,42,5,14,200.00,"2,800.00"
2019-09-08,2019090801004452,JFL,13,5,160,200.00,"32,000.00"
2019-09-08,2019090801004451,JFL,44,46,20,201.00,"4,020.00"
2019-09-08,2019090801004437,JFL,13,6,90,200.00,"18,000.00"
2019-09-08,2019090801004436,JFL,26,6,544,200.00,"108,800.00"
2019-09-08,2019090801004424,JFL,26,6,256,200.00,"51,200.00"
2019-09-08,2019090801004419,JFL,39,46,200,201.00,"40,200.00"
2019-09-08,2019090801004281,JOSHI,39,25,20,62.00,"1,240.00"
2019-09-08,2019090801004637,KBL,4,43,100,204.00,"20,400.00"
2019-09-08,2019090801004597,KBL,57,43,13,204.00,"2,652.00"
2019-09-08,2019090801004515,KBL,14,7,200,203.00,"40,600.00"
2019-09-08,2019090801004354,KBL,14,49,756,203.00,"153,468.00"
2019-09-08,2019090801004353,KBL,19,49,500,203.00,"101,500.00"
2019-09-08,2019090801004352,KBL,14,49,40,203.00,"8,120.00"
2019-09-08,2019090801004178,KBL,45,45,500,203.00,"101,500.00"
2019-09-08,2019090801004177,KBL,49,45,97,203.00,"19,691.00"
2019-09-08,2019090801004306,KBL,14,58,106,203.00,"21,518.00"
2019-09-08,2019090801004261,KBL,14,45,53,203.00,"10,759.00"
2019-09-08,2019090801004260,KBL,14,58,801,203.00,"162,603.00"
2019-09-08,2019090801004181,KBL,42,45,50,203.00,"10,150.00"
2019-09-08,2019090801004180,KBL,1,45,100,203.00,"20,300.00"
2019-09-08,2019090801004179,KBL,17,45,200,203.00,"40,600.00"
2019-09-08,2019090801004290,KKHC,29,6,10,56.00,560.00
2019-09-08,2019090801004524,KPCL,13,44,10,80.00,800.00
2019-09-08,2019090801004493,KPCL,13,40,10,80.00,800.00
2019-09-08,2019090801004242,KPCL,13,32,10,80.00,800.00
2019-09-08,2019090801004230,KPCL,13,32,10,80.00,800.00
2019-09-08,2019090801004299,KPCL,13,40,10,80.00,800.00
2019-09-08,2019090801004266,KPCL,13,36,10,80.00,800.00
2019-09-08,2019090801004614,LBBL,41,32,100,176.00,"17,600.00"
2019-09-08,2019090801004332,LBL,28,29,38,213.00,"8,094.00"
2019-09-08,2019090801004231,LBL,41,13,100,214.00,"21,400.00"
2019-09-08,2019090801004237,MBL,42,49,286,253.00,"72,358.00"
2019-09-08,2019090801004236,MBL,11,49,14,253.00,"3,542.00"
2019-09-08,2019090801004634,MEGA,34,37,600,200.00,"120,000.00"
2019-09-08,2019090801004605,MEGA,34,8,100,200.00,"20,000.00"
2019-09-08,2019090801004382,MEGA,34,22,"1,000",200.00,"200,000.00"
2019-09-08,2019090801004318,MEGA,6,29,70,200.00,"14,000.00"
2019-09-08,2019090801004317,MEGA,6,21,220,200.00,"44,000.00"
2019-09-08,2019090801004316,MEGA,6,14,270,200.00,"54,000.00"
2019-09-08,2019090801004558,MEGA,34,29,78,200.00,"15,600.00"
2019-09-08,2019090801004392,MERO,17,6,30,563.00,"16,890.00"
2019-09-08,2019090801004214,MLBL,36,22,720,211.00,"151,920.00"
2019-09-08,2019090801004213,MLBL,39,22,500,211.00,"105,500.00"
2019-09-08,2019090801004212,MLBL,34,22,240,211.00,"50,640.00"
2019-09-08,2019090801004211,MLBL,11,22,40,211.00,"8,440.00"
2019-09-08,2019090801004607,MNBBL,34,6,"1,000",319.00,"319,000.00"
2019-09-08,2019090801004606,MNBBL,34,6,840,319.00,"267,960.00"
2019-09-08,2019090801004555,MNBBL,34,25,160,319.00,"51,040.00"
2019-09-08,2019090801004554,MNBBL,43,25,55,319.00,"17,545.00"
2019-09-08,2019090801004553,MNBBL,34,25,275,319.00,"87,725.00"
2019-09-08,2019090801004391,MNBBL,37,10,100,320.00,"32,000.00"
2019-09-08,2019090801004390,MNBBL,4,10,100,320.00,"32,000.00"
2019-09-08,2019090801004596,MSLB,34,33,15,940.00,"14,100.00"
2019-09-08,2019090801004595,MSLB,14,33,11,941.00,"10,351.00"
2019-09-08,2019090801004142,MSLB,14,19,10,941.00,"9,410.00"
2019-09-08,2019090801004458,MSMBS,33,43,215,471.00,"101,265.00"
2019-09-08,2019090801004457,MSMBS,36,43,50,472.00,"23,600.00"
2019-09-08,2019090801004456,MSMBS,29,43,28,474.00,"13,272.00"
2019-09-08,2019090801004590,NABIL,17,43,200,777.00,"155,400.00"
2019-09-08,2019090801004463,NABIL,32,53,300,777.00,"233,100.00"
2019-09-08,2019090801004462,NABIL,34,53,"1,000",777.00,"777,000.00"
2019-09-08,2019090801004461,NABIL,26,53,10,777.00,"7,770.00"
2019-09-08,2019090801004460,NABIL,32,53,140,778.00,"108,920.00"
2019-09-08,2019090801004297,NABIL,32,45,291,778.00,"226,398.00"
2019-09-08,2019090801004233,NABIL,39,52,270,779.00,"210,330.00"
2019-09-08,2019090801004155,NABIL,7,52,10,779.00,"7,790.00"
2019-09-08,2019090801004141,NABIL,7,52,10,779.00,"7,790.00"
2019-09-08,2019090801004298,NADEP,50,6,20,455.00,"9,100.00"
2019-09-08,2019090801004235,NADEP,45,49,20,455.00,"9,100.00"
2019-09-08,2019090801004398,NAGRO,45,7,10,745.00,"7,450.00"
2019-09-08,2019090801004374,NAGRO,14,7,10,747.00,"7,470.00"
2019-09-08,2019090801004505,NBB,44,21,200,210.00,"42,000.00"
2019-09-08,2019090801004504,NBB,44,1,53,210.00,"11,130.00"
2019-09-08,2019090801004432,NBB,25,1,190,210.00,"39,900.00"
2019-09-08,2019090801004380,NBB,56,1,71,210.00,"14,910.00"
2019-09-08,2019090801004339,NBB,41,1,160,210.00,"33,600.00"
2019-09-08,2019090801004328,NBB,41,46,340,210.00,"71,400.00"
2019-09-08,2019090801004327,NBB,56,46,29,210.00,"6,090.00"
2019-09-08,2019090801004326,NBB,1,46,48,210.00,"10,080.00"
2019-09-08,2019090801004325,NBB,34,46,500,210.00,"105,000.00"
2019-09-08,2019090801004324,NBB,55,46,"1,000",210.00,"210,000.00"
2019-09-08,2019090801004323,NBB,44,46,83,210.00,"17,430.00"
2019-09-08,2019090801004521,NBL,17,22,50,320.00,"16,000.00"
2019-09-08,2019090801004501,NBL,58,38,382,319.00,"121,858.00"
2019-09-08,2019090801004500,NBL,57,38,100,319.00,"31,900.00"
2019-09-08,2019090801004499,NBL,35,38,18,319.00,"5,742.00"
2019-09-08,2019090801004445,NBL,35,22,20,319.00,"6,380.00"
2019-09-08,2019090801004157,NBL,42,22,343,320.00,"109,760.00"
2019-09-08,2019090801004156,NBL,42,28,157,320.00,"50,240.00"
2019-09-08,2019090801004640,NCCB,47,37,70,202.00,"14,140.00"
2019-09-08,2019090801004588,NCCB,47,50,30,202.00,"6,060.00"
2019-09-08,2019090801004587,NCCB,4,50,970,202.00,"195,940.00"
2019-09-08,2019090801004431,NCCB,4,22,30,202.00,"6,060.00"
2019-09-08,2019090801004337,NCCB,4,19,"1,000",202.00,"202,000.00"
2019-09-08,2019090801004469,NHPC,11,17,10,56.00,560.00
2019-09-08,2019090801004468,NHPC,26,17,90,57.00,"5,130.00"
2019-09-08,2019090801004570,NIB,17,29,24,449.00,"10,776.00"
2019-09-08,2019090801004569,NIB,42,29,456,449.00,"204,744.00"
2019-09-08,2019090801004545,NIB,42,39,44,449.00,"19,756.00"
2019-09-08,2019090801004506,NIB,53,42,64,450.00,"28,800.00"
2019-09-08,2019090801004489,NIB,53,42,56,450.00,"25,200.00"
2019-09-08,2019090801004162,NIB,34,45,27,448.00,"12,096.00"
2019-09-08,2019090801004161,NIB,7,45,63,448.00,"28,224.00"
2019-09-08,2019090801004556,NIBPO,17,25,24,430.00,"10,320.00"
2019-09-08,2019090801004613,NICA,45,6,37,448.00,"16,576.00"
2019-09-08,2019090801004612,NICA,19,6,200,448.00,"89,600.00"
2019-09-08,2019090801004579,NICA,11,6,200,449.00,"89,800.00"
2019-09-08,2019090801004473,NICA,1,6,41,449.00,"18,409.00"
2019-09-08,2019090801004418,NICA,1,53,119,449.00,"53,431.00"
2019-09-08,2019090801004417,NICA,21,53,165,449.00,"74,085.00"
2019-09-08,2019090801004285,NICA,1,25,150,449.00,"67,350.00"
2019-09-08,2019090801004416,NICA,46,53,100,449.00,"44,900.00"
2019-09-08,2019090801004415,NICA,8,53,616,449.00,"276,584.00"
2019-09-08,2019090801004395,NICA,8,32,384,449.00,"172,416.00"
2019-09-08,2019090801004394,NICA,55,32,180,449.00,"80,820.00"
2019-09-08,2019090801004393,NICA,1,32,327,449.00,"146,823.00"
2019-09-08,2019090801004292,NICA,45,43,10,450.00,"4,500.00"
2019-09-08,2019090801004312,NICGF,47,40,300,8.65,"2,595.00"
2019-09-08,2019090801004636,NICL,38,19,200,281.00,"56,200.00"
2019-09-08,2019090801004567,NICL,56,56,100,278.00,"27,800.00"
2019-09-08,2019090801004566,NICL,43,56,24,278.00,"6,672.00"
2019-09-08,2019090801004565,NICL,50,56,36,278.00,"10,008.00"
2019-09-08,2019090801004564,NICL,50,56,22,279.00,"6,138.00"
2019-09-08,2019090801004276,NICL,50,58,28,279.00,"7,812.00"
2019-09-08,2019090801004160,NIL,38,5,20,391.00,"7,820.00"
2019-09-08,2019090801004145,NIL,38,8,220,388.00,"85,360.00"
2019-09-08,2019090801004186,NLBBL,51,26,100,511.00,"51,100.00"
2019-09-08,2019090801004185,NLBBL,45,26,100,515.00,"51,500.00"
2019-09-08,2019090801004184,NLBBL,29,26,100,516.00,"51,600.00"
2019-09-08,2019090801004471,NLG,49,38,11,584.00,"6,424.00"
2019-09-08,2019090801004622,NLIC,42,33,21,800.00,"16,800.00"
2019-09-08,2019090801004611,NLIC,32,32,5,800.00,"4,000.00"
2019-09-08,2019090801004538,NLIC,42,4,261,800.00,"208,800.00"
2019-09-08,2019090801004537,NLIC,22,4,50,800.00,"40,000.00"
2019-09-08,2019090801004536,NLIC,57,4,160,800.00,"128,000.00"
2019-09-08,2019090801004535,NLIC,42,4,63,800.00,"50,400.00"
2019-09-08,2019090801004333,NLIC,57,40,21,803.00,"16,863.00"
2019-09-08,2019090801004319,NLIC,38,28,10,805.00,"8,050.00"
2019-09-08,2019090801004225,NLIC,14,35,856,804.00,"688,224.00"
2019-09-08,2019090801004224,NLIC,32,35,20,804.00,"16,080.00"
2019-09-08,2019090801004223,NLIC,58,35,27,804.00,"21,708.00"
2019-09-08,2019090801004528,NLIC,14,4,69,802.00,"55,338.00"
2019-09-08,2019090801004527,NLIC,50,4,13,803.00,"10,439.00"
2019-09-08,2019090801004526,NLIC,22,4,10,803.00,"8,030.00"
2019-09-08,2019090801004525,NLIC,32,4,79,803.00,"63,437.00"
2019-09-08,2019090801004498,NLIC,32,40,21,803.00,"16,863.00"
2019-09-08,2019090801004438,NLIC,45,28,20,805.00,"16,100.00"
2019-09-08,2019090801004534,NLIC,49,4,125,800.00,"100,000.00"
2019-09-08,2019090801004533,NLIC,6,4,20,801.00,"16,020.00"
2019-09-08,2019090801004532,NLIC,49,4,100,801.00,"80,100.00"
2019-09-08,2019090801004531,NLIC,48,4,30,801.00,"24,030.00"
2019-09-08,2019090801004530,NLIC,6,4,20,801.00,"16,020.00"
2019-09-08,2019090801004529,NLIC,19,4,500,802.00,"401,000.00"
2019-09-08,2019090801004329,NLICL,5,16,100,506.00,"50,600.00"
2019-09-08,2019090801004195,NLICL,43,25,11,507.00,"5,577.00"
2019-09-08,2019090801004174,NLICL,22,25,200,507.00,"101,400.00"
2019-09-08,2019090801004173,NLICL,22,25,500,507.00,"253,500.00"
2019-09-08,2019090801004172,NLICL,22,25,181,507.00,"91,767.00"
2019-09-08,2019090801004557,NMBMF,46,39,19,"1,060.00","20,140.00"
2019-09-08,2019090801004283,NMFBS,58,5,15,"1,576.00","23,640.00"
2019-09-08,2019090801004252,NMFBS,40,53,100,"1,576.00","157,600.00"
2019-09-08,2019090801004358,NTC,14,14,"1,005",640.00,"643,200.00"
2019-09-08,2019090801004250,NUBL,39,58,27,856.00,"23,112.00"
2019-09-08,2019090801004249,NUBL,34,58,23,856.00,"19,688.00"
2019-09-08,2019090801004627,OHL,38,14,92,545.00,"50,140.00"
2019-09-08,2019090801004626,OHL,52,14,84,545.00,"45,780.00"
2019-09-08,2019090801004625,OHL,16,14,221,546.00,"120,666.00"
2019-09-08,2019090801004624,OHL,47,14,10,550.00,"5,500.00"
2019-09-08,2019090801004246,OHL,47,38,20,550.00,"11,000.00"
2019-09-08,2019090801004167,PCBL,57,17,397,271.00,"107,587.00"
2019-09-08,2019090801004166,PCBL,25,17,500,271.00,"135,500.00"
2019-09-08,2019090801004165,PCBL,58,17,103,271.00,"27,913.00"
2019-09-08,2019090801004152,PCBL,58,59,237,271.00,"64,227.00"
2019-09-08,2019090801004151,PCBL,48,59,17,271.00,"4,607.00"
2019-09-08,2019090801004544,PFL,29,42,200,135.00,"27,000.00"
2019-09-08,2019090801004284,PFL,22,34,11,133.00,"1,463.00"
2019-09-08,2019090801004604,PIC,56,34,16,401.00,"6,416.00"
2019-09-08,2019090801004603,PIC,40,34,12,404.00,"4,848.00"
2019-09-08,2019090801004602,PIC,39,34,286,404.00,"115,544.00"
2019-09-08,2019090801004601,PIC,39,34,161,405.00,"65,205.00"
2019-09-08,2019090801004600,PIC,42,34,23,407.00,"9,361.00"
2019-09-08,2019090801004507,PIC,42,40,11,407.00,"4,477.00"
2019-09-08,2019090801004338,PIC,29,40,11,407.00,"4,477.00"
2019-09-08,2019090801004210,PIC,29,35,13,407.00,"5,291.00"
2019-09-08,2019090801004209,PIC,32,35,77,407.00,"31,339.00"
2019-09-08,2019090801004208,PIC,58,35,10,408.00,"4,080.00"
2019-09-08,2019090801004409,PIC,39,58,39,405.00,"15,795.00"
2019-09-08,2019090801004408,PIC,41,58,96,405.00,"38,880.00"
2019-09-08,2019090801004407,PIC,41,58,64,405.00,"25,920.00"
2019-09-08,2019090801004406,PIC,54,58,400,406.00,"162,400.00"
2019-09-08,2019090801004405,PIC,45,58,50,407.00,"20,350.00"
2019-09-08,2019090801004404,PIC,29,58,26,407.00,"10,582.00"
2019-09-08,2019090801004578,PICL,6,8,150,430.00,"64,500.00"
2019-09-08,2019090801004577,PICL,35,8,50,430.00,"21,500.00"
2019-09-08,2019090801004576,PICL,45,8,100,431.00,"43,100.00"
2019-09-08,2019090801004575,PICL,48,8,100,431.00,"43,100.00"
2019-09-08,2019090801004574,PICL,49,8,50,432.00,"21,600.00"
2019-09-08,2019090801004349,PLIC,42,1,37,407.00,"15,059.00"
2019-09-08,2019090801004305,PMHPL,54,6,10,96.00,960.00
2019-09-08,2019090801004275,PMHPL,54,26,10,96.00,960.00
2019-09-08,2019090801004256,PMHPL,54,38,10,96.00,960.00
2019-09-08,2019090801004238,PMHPL,54,32,10,96.00,960.00
2019-09-08,2019090801004491,PPCL,45,6,30,97.00,"2,910.00"
2019-09-08,2019090801004459,PPCL,45,6,20,97.00,"1,940.00"
2019-09-08,2019090801004441,PPCL,45,6,20,97.00,"1,940.00"
2019-09-08,2019090801004440,PPCL,38,6,10,98.00,980.00
2019-09-08,2019090801004248,PPCL,38,32,10,98.00,980.00
2019-09-08,2019090801004414,PRVU,56,58,70,264.00,"18,480.00"
2019-09-08,2019090801004334,PRVU,48,48,"1,349",265.00,"357,485.00"
2019-09-08,2019090801004278,PRVU,57,1,100,265.00,"26,500.00"
2019-09-08,2019090801004277,PRVU,57,1,100,265.00,"26,500.00"
2019-09-08,2019090801004234,PRVU,47,34,20,266.00,"5,320.00"
2019-09-08,2019090801004171,PRVU,42,34,162,266.00,"43,092.00"
2019-09-08,2019090801004170,PRVU,42,17,338,266.00,"89,908.00"
2019-09-08,2019090801004315,PRVU,48,1,151,265.00,"40,015.00"
2019-09-08,2019090801004296,PRVU,52,36,100,264.00,"26,400.00"
2019-09-08,2019090801004295,PRVU,14,36,500,264.00,"132,000.00"
2019-09-08,2019090801004294,PRVU,56,36,396,264.00,"104,544.00"
2019-09-08,2019090801004280,PRVU,48,1,204,265.00,"54,060.00"
2019-09-08,2019090801004279,PRVU,29,1,115,265.00,"30,475.00"
2019-09-08,2019090801004439,RBCL,22,6,10,"8,990.00","89,900.00"
2019-09-08,2019090801004635,RHPL,58,42,40,169.00,"6,760.00"
2019-09-08,2019090801004632,RHPL,58,58,40,169.00,"6,760.00"
2019-09-08,2019090801004563,RHPL,58,1,20,169.00,"3,380.00"
2019-09-08,2019090801004547,RHPL,58,44,20,169.00,"3,380.00"
2019-09-08,2019090801004546,RHPL,35,44,10,169.00,"1,690.00"
2019-09-08,2019090801004540,RHPL,35,42,40,169.00,"6,760.00"
2019-09-08,2019090801004222,RHPL,11,32,40,169.00,"6,760.00"
2019-09-08,2019090801004205,RHPL,11,38,30,169.00,"5,070.00"
2019-09-08,2019090801004190,RHPL,8,57,20,170.00,"3,400.00"
2019-09-08,2019090801004176,RHPL,8,38,30,170.00,"5,100.00"
2019-09-08,2019090801004378,RHPL,11,58,40,169.00,"6,760.00"
2019-09-08,2019090801004313,RHPL,11,6,20,169.00,"3,380.00"
2019-09-08,2019090801004282,RHPL,11,36,10,169.00,"1,690.00"
2019-09-08,2019090801004265,RHPL,11,20,40,169.00,"6,760.00"
2019-09-08,2019090801004254,RHPL,11,32,50,169.00,"8,450.00"
2019-09-08,2019090801004245,RHPL,11,32,40,169.00,"6,760.00"
2019-09-08,2019090801004494,RHPL,35,57,40,169.00,"6,760.00"
2019-09-08,2019090801004486,RHPL,35,20,10,169.00,"1,690.00"
2019-09-08,2019090801004485,RHPL,11,20,40,169.00,"6,760.00"
2019-09-08,2019090801004434,RHPL,11,17,100,169.00,"16,900.00"
2019-09-08,2019090801004430,RHPL,11,20,50,169.00,"8,450.00"
2019-09-08,2019090801004427,RHPL,11,57,40,169.00,"6,760.00"
2019-09-08,2019090801004399,RMDC,34,45,462,654.00,"302,148.00"
2019-09-08,2019090801004379,RMDC,34,45,48,655.00,"31,440.00"
2019-09-08,2019090801004206,RMDC,34,25,115,655.00,"75,325.00"
2019-09-08,2019090801004196,RMDC,34,49,53,655.00,"34,715.00"
2019-09-08,2019090801004163,RMDC,34,10,270,655.00,"176,850.00"
2019-09-08,2019090801004568,RRHP,22,37,10,103.00,"1,030.00"
2019-09-08,2019090801004510,RRHP,22,40,10,103.00,"1,030.00"
2019-09-08,2019090801004429,RRHP,22,55,10,103.00,"1,030.00"
2019-09-08,2019090801004355,RRHP,22,40,10,103.00,"1,030.00"
2019-09-08,2019090801004335,RRHP,22,6,10,103.00,"1,030.00"
2019-09-08,2019090801004287,RRHP,22,26,10,103.00,"1,030.00"
2019-09-08,2019090801004144,RRHP,22,6,20,103.00,"2,060.00"
2019-09-08,2019090801004488,RSDC,50,43,215,343.00,"73,745.00"
2019-09-08,2019090801004487,RSDC,42,43,15,343.00,"5,145.00"
2019-09-08,2019090801004309,RSDC,44,26,10,343.00,"3,430.00"
2019-09-08,2019090801004308,RSDC,46,26,23,344.00,"7,912.00"
2019-09-08,2019090801004307,RSDC,42,26,30,344.00,"10,320.00"
2019-09-08,2019090801004631,SABSL,44,40,10,502.00,"5,020.00"
2019-09-08,2019090801004375,SABSL,17,41,10,503.00,"5,030.00"
2019-09-08,2019090801004200,SABSL,57,38,10,500.00,"5,000.00"
2019-09-08,2019090801004175,SABSL,57,38,10,500.00,"5,000.00"
2019-09-08,2019090801004168,SABSL,57,38,10,500.00,"5,000.00"
2019-09-08,2019090801004523,SANIMA,4,43,464,352.00,"163,328.00"
2019-09-08,2019090801004522,SANIMA,49,43,36,353.00,"12,708.00"
2019-09-08,2019090801004512,SANIMA,49,7,114,353.00,"40,242.00"
2019-09-08,2019090801004511,SANIMA,6,7,26,353.00,"9,178.00"
2019-09-08,2019090801004449,SANIMA,6,36,"1,174",353.00,"414,422.00"
2019-09-08,2019090801004448,SANIMA,16,36,50,353.00,"17,650.00"
2019-09-08,2019090801004447,SANIMA,42,36,500,353.00,"176,500.00"
2019-09-08,2019090801004446,SANIMA,44,36,196,353.00,"69,188.00"
2019-09-08,2019090801004226,SANIMA,6,34,50,354.00,"17,700.00"
2019-09-08,2019090801004542,SBI,32,52,300,432.00,"129,600.00"
2019-09-08,2019090801004541,SBI,32,52,14,432.00,"6,048.00"
2019-09-08,2019090801004513,SCB,29,40,10,608.00,"6,080.00"
2019-09-08,2019090801004387,SCB,29,40,10,608.00,"6,080.00"
2019-09-08,2019090801004376,SCB,39,36,50,610.00,"30,500.00"
2019-09-08,2019090801004543,SEF,8,40,500,8.90,"4,450.00"
2019-09-08,2019090801004413,SEF,8,40,500,8.90,"4,450.00"
2019-09-08,2019090801004304,SFFIL,1,14,55,246.00,"13,530.00"
2019-09-08,2019090801004303,SFFIL,1,14,22,247.00,"5,434.00"
2019-09-08,2019090801004302,SFFIL,6,14,13,247.00,"3,211.00"
2019-09-08,2019090801004301,SFFIL,22,14,10,247.00,"2,470.00"
2019-09-08,2019090801004300,SFFIL,38,14,100,247.00,"24,700.00"
2019-09-08,2019090801004582,SHIVM,39,6,20,530.00,"10,600.00"
2019-09-08,2019090801004581,SHIVM,20,6,30,530.00,"15,900.00"
2019-09-08,2019090801004484,SHIVM,20,25,170,530.00,"90,100.00"
2019-09-08,2019090801004483,SHIVM,47,25,50,530.00,"26,500.00"
2019-09-08,2019090801004466,SHIVM,13,22,20,530.00,"10,600.00"
2019-09-08,2019090801004385,SHIVM,32,33,100,531.00,"53,100.00"
2019-09-08,2019090801004331,SHIVM,16,56,40,534.00,"21,360.00"
2019-09-08,2019090801004330,SHIVM,50,56,60,534.00,"32,040.00"
2019-09-08,2019090801004218,SHIVM,47,44,50,535.00,"26,750.00"
2019-09-08,2019090801004204,SHIVM,45,57,30,532.00,"15,960.00"
2019-09-08,2019090801004203,SHIVM,50,57,20,532.00,"10,640.00"
2019-09-08,2019090801004384,SHIVM,7,33,300,531.00,"159,300.00"
2019-09-08,2019090801004383,SHIVM,16,33,180,531.00,"95,580.00"
2019-09-08,2019090801004362,SHIVM,16,25,80,532.00,"42,560.00"
2019-09-08,2019090801004361,SHIVM,45,25,20,532.00,"10,640.00"
2019-09-08,2019090801004360,SHIVM,6,25,250,533.00,"133,250.00"
2019-09-08,2019090801004359,SHIVM,19,25,50,533.00,"26,650.00"
2019-09-08,2019090801004310,SHPC,40,41,70,210.00,"14,700.00"
2019-09-08,2019090801004423,SIFC,34,22,30,154.00,"4,620.00"
2019-09-08,2019090801004215,SIL,44,21,15,392.00,"5,880.00"
2019-09-08,2019090801004169,SIL,44,35,100,392.00,"39,200.00"
2019-09-08,2019090801004629,SJCL,42,58,10,185.00,"1,850.00"
2019-09-08,2019090801004573,SJCL,16,1,20,185.00,"3,700.00"
2019-09-08,2019090801004562,SJCL,16,44,10,185.00,"1,850.00"
2019-09-08,2019090801004561,SJCL,26,44,10,185.00,"1,850.00"
2019-09-08,2019090801004154,SJCL,39,29,20,185.00,"3,700.00"
2019-09-08,2019090801004143,SJCL,39,38,10,185.00,"1,850.00"
2019-09-08,2019090801004217,SJCL,39,29,20,185.00,"3,700.00"
2019-09-08,2019090801004216,SJCL,39,29,10,185.00,"1,850.00"
2019-09-08,2019090801004207,SJCL,39,38,10,185.00,"1,850.00"
2019-09-08,2019090801004201,SJCL,39,6,20,185.00,"3,700.00"
2019-09-08,2019090801004188,SJCL,39,38,10,185.00,"1,850.00"
2019-09-08,2019090801004164,SJCL,39,57,20,185.00,"3,700.00"
2019-09-08,2019090801004314,SJCL,26,26,10,185.00,"1,850.00"
2019-09-08,2019090801004286,SJCL,26,20,20,185.00,"3,700.00"
2019-09-08,2019090801004270,SJCL,26,36,20,185.00,"3,700.00"
2019-09-08,2019090801004264,SJCL,26,32,20,185.00,"3,700.00"
2019-09-08,2019090801004251,SJCL,39,32,10,185.00,"1,850.00"
2019-09-08,2019090801004228,SJCL,39,32,20,185.00,"3,700.00"
2019-09-08,2019090801004341,SJCL,26,6,10,185.00,"1,850.00"
2019-09-08,2019090801004320,SJCL,26,44,10,185.00,"1,850.00"
2019-09-08,2019090801004549,SJCL,26,42,20,185.00,"3,700.00"
2019-09-08,2019090801004502,SJCL,26,57,20,185.00,"3,700.00"
2019-09-08,2019090801004490,SJCL,26,20,20,185.00,"3,700.00"
2019-09-08,2019090801004443,SJCL,26,20,20,185.00,"3,700.00"
2019-09-08,2019090801004435,SJCL,26,57,20,185.00,"3,700.00"
2019-09-08,2019090801004455,SLBBL,55,8,78,553.00,"43,134.00"
2019-09-08,2019090801004367,SLBSL,17,38,10,735.00,"7,350.00"
2019-09-08,2019090801004159,SLBSL,43,38,200,734.00,"146,800.00"
2019-09-08,2019090801004348,SLICL,44,50,175,285.00,"49,875.00"
2019-09-08,2019090801004344,SMB,22,6,10,450.00,"4,500.00"
2019-09-08,2019090801004422,SMFBS,32,7,10,802.00,"8,020.00"
2019-09-08,2019090801004623,SPARS,18,46,10,589.00,"5,890.00"
2019-09-08,2019090801004503,SPARS,38,52,20,590.00,"11,800.00"
2019-09-08,2019090801004580,SPDL,22,37,15,69.00,"1,035.00"
2019-09-08,2019090801004381,SRBL,34,1,13,233.00,"3,029.00"
2019-09-08,2019090801004293,SRBL,34,48,"1,300",233.00,"302,900.00"
2019-09-08,2019090801004508,UIC,40,38,150,282.00,"42,300.00"
2019-09-08,2019090801004247,UMHL,18,6,10,102.00,"1,020.00"
2019-09-08,2019090801004244,UMHL,18,36,140,102.00,"14,280.00"
2019-09-08,2019090801004243,UMHL,43,36,100,103.00,"10,300.00"
2019-09-08,2019090801004514,UPCL,16,44,90,78.00,"7,020.00"
2019-09-08,2019090801004274,UPCL,16,43,400,78.00,"31,200.00"
2019-09-08,2019090801004273,UPCL,41,43,810,78.00,"63,180.00"
2019-09-08,2019090801004272,UPCL,48,43,100,78.00,"7,800.00"
2019-09-08,2019090801004271,UPCL,42,43,50,79.00,"3,950.00"
2019-09-08,2019090801004153,UPCL,41,42,50,78.00,"3,900.00"
2019-09-08,2019090801004497,UPPER,47,57,40,243.00,"9,720.00"
2019-09-08,2019090801004479,UPPER,56,35,130,244.00,"31,720.00"
2019-09-08,2019090801004478,UPPER,57,35,320,244.00,"78,080.00"
2019-09-08,2019090801004194,UPPER,42,40,10,245.00,"2,450.00"
2019-09-08,2019090801004193,UPPER,42,40,40,245.00,"9,800.00"
2019-09-08,2019090801004289,UPPER,52,38,40,243.00,"9,720.00"
2019-09-08,2019090801004263,UPPER,52,32,20,243.00,"4,860.00"
2019-09-08,2019090801004262,UPPER,49,32,30,243.00,"7,290.00"
2019-09-08,2019090801004257,UPPER,49,6,50,243.00,"12,150.00"
2019-09-08,2019090801004450,UPPER,57,40,500,244.00,"122,000.00"
2019-09-08,2019090801004421,UPPER,57,57,50,244.00,"12,200.00"
2019-09-08,2019090801004371,UPPER,57,56,40,244.00,"9,760.00"
2019-09-08,2019090801004369,UPPER,57,56,40,244.00,"9,760.00"
2019-09-08,2019090801004368,UPPER,57,56,50,244.00,"12,200.00"
2019-09-08,2019090801004351,UPPER,52,6,40,243.00,"9,720.00"
2019-09-08,2019090801004291,VLBS,33,22,66,573.00,"37,818.00"
2019-09-08,2019090801003969,ADBL,4,44,150,422.00,"63,300.00"
2019-09-08,2019090801003774,ADBL,22,44,10,422.00,"4,220.00"
2019-09-08,2019090801003789,AKBSL,1,29,10,444.00,"4,440.00"
2019-09-08,2019090801003713,AKBSL,1,32,10,444.00,"4,440.00"
2019-09-08,2019090801004012,AKJCL,26,40,20,56.00,"1,120.00"
2019-09-08,2019090801003967,AKJCL,26,26,20,56.00,"1,120.00"
2019-09-08,2019090801003665,AKJCL,26,6,20,56.00,"1,120.00"
2019-09-08,2019090801003810,AKPL,8,6,10,147.00,"1,470.00"
2019-09-08,2019090801004126,ALBSL,26,38,10,445.00,"4,450.00"
2019-09-08,2019090801004125,ALICL,28,42,36,324.00,"11,664.00"
2019-09-08,2019090801004124,ALICL,43,42,86,325.00,"27,950.00"
2019-09-08,2019090801003936,ALICL,43,45,24,325.00,"7,800.00"
2019-09-08,2019090801003935,ALICL,45,45,26,325.00,"8,450.00"
2019-09-08,2019090801003667,ALICL,6,8,16,326.00,"5,216.00"
2019-09-08,2019090801003998,BPCL,4,22,67,380.00,"25,460.00"
2019-09-08,2019090801003979,BPCL,4,25,33,380.00,"12,540.00"
2019-09-08,2019090801004140,CBL,53,59,700,146.00,"102,200.00"
2019-09-08,2019090801004135,CBL,53,47,"1,000",146.00,"146,000.00"
2019-09-08,2019090801004058,CCBL,11,55,17,159.00,"2,703.00"
2019-09-08,2019090801003812,CCBL,59,6,65,158.00,"10,270.00"
2019-09-08,2019090801003727,CCBL,59,22,11,158.00,"1,738.00"
2019-09-08,2019090801003719,CCBL,58,58,40,159.00,"6,360.00"
2019-09-08,2019090801003648,CCBL,59,22,43,158.00,"6,794.00"
2019-09-08,2019090801003647,CCBL,45,22,69,158.00,"10,902.00"
2019-09-08,2019090801003669,CHCL,28,43,77,440.00,"33,880.00"
2019-09-08,2019090801003980,CHL,49,26,10,80.00,800.00
2019-09-08,2019090801003923,CHL,49,13,200,81.00,"16,200.00"
2019-09-08,2019090801003922,CHL,49,13,10,81.00,810.00
2019-09-08,2019090801003664,CHL,49,13,70,80.00,"5,600.00"
2019-09-08,2019090801003808,CZBIL,51,58,50,221.00,"11,050.00"
2019-09-08,2019090801003768,CZBIL,28,49,500,221.00,"110,500.00"
2019-09-08,2019090801003767,CZBIL,37,49,900,221.00,"198,900.00"
2019-09-08,2019090801004002,DBBL,45,45,785,131.00,"102,835.00"
2019-09-08,2019090801003749,EDBL,58,1,49,275.00,"13,475.00"
2019-09-08,2019090801003765,FOWAD,40,17,49,"1,309.00","64,141.00"
2019-09-08,2019090801003971,GBBL,41,8,241,213.00,"51,333.00"
2019-09-08,2019090801003831,GBBL,47,4,502,214.00,"107,428.00"
2019-09-08,2019090801003830,GBBL,47,17,123,214.00,"26,322.00"
2019-09-08,2019090801003829,GBBL,47,34,25,214.00,"5,350.00"
2019-09-08,2019090801003934,GBLBS,46,49,15,337.00,"5,055.00"
2019-09-08,2019090801003750,GBLBS,45,40,10,338.00,"3,380.00"
2019-09-08,2019090801004075,GLBSL,17,42,10,470.00,"4,700.00"
2019-09-08,2019090801003957,GLBSL,22,44,10,475.00,"4,750.00"
2019-09-08,2019090801003762,GLICL,25,26,100,385.00,"38,500.00"
2019-09-08,2019090801003690,GLICL,25,48,98,385.00,"37,730.00"
2019-09-08,2019090801003689,GLICL,25,43,25,385.00,"9,625.00"
2019-09-08,2019090801003688,GLICL,42,43,30,385.00,"11,550.00"
2019-09-08,2019090801003687,GLICL,32,43,18,385.00,"6,930.00"
2019-09-08,2019090801003668,GMFBS,51,22,10,503.00,"5,030.00"
2019-09-08,2019090801003987,HGI,36,57,50,292.00,"14,600.00"
2019-09-08,2019090801004133,HIDCL,5,6,13,137.00,"1,781.00"
2019-09-08,2019090801004060,HIDCL,5,42,63,137.00,"8,631.00"
2019-09-08,2019090801004027,HIDCL,42,49,100,138.00,"13,800.00"
2019-09-08,2019090801004026,HIDCL,7,49,700,138.00,"96,600.00"
2019-09-08,2019090801004025,HIDCL,48,49,137,138.00,"18,906.00"
2019-09-08,2019090801003981,HIDCL,48,29,13,138.00,"1,794.00"
2019-09-08,2019090801003972,HIDCL,29,43,13,139.00,"1,807.00"
2019-09-08,2019090801003984,HPPL,51,26,10,143.00,"1,430.00"
2019-09-08,2019090801004050,HURJA,11,56,20,115.00,"2,300.00"
2019-09-08,2019090801003946,HURJA,11,22,20,115.00,"2,300.00"
2019-09-08,2019090801003751,HURJA,58,22,20,116.00,"2,320.00"
2019-09-08,2019090801004061,ICFC,6,49,500,162.00,"81,000.00"
2019-09-08,2019090801004083,ILBS,26,29,10,444.00,"4,440.00"
2019-09-08,2019090801004077,ILBS,26,29,10,444.00,"4,440.00"
2019-09-08,2019090801003654,ILBS,43,32,10,443.00,"4,430.00"
2019-09-08,2019090801003815,JBBL,4,21,188,160.00,"30,080.00"
2019-09-08,2019090801003785,JBBL,4,32,"1,938",160.00,"310,080.00"
2019-09-08,2019090801003784,JBBL,10,32,62,160.00,"9,920.00"
2019-09-08,2019090801004127,JFL,22,17,455,202.00,"91,910.00"
2019-09-08,2019090801003947,JFL,21,5,100,203.00,"20,300.00"
2019-09-08,2019090801003769,JFL,58,5,100,203.00,"20,300.00"
2019-09-08,2019090801003681,JFL,22,34,45,202.00,"9,090.00"
2019-09-08,2019090801003680,JFL,42,34,32,202.00,"6,464.00"
2019-09-08,2019090801004054,KBL,19,49,50,204.00,"10,200.00"
2019-09-08,2019090801003991,KBL,22,49,50,204.00,"10,200.00"
2019-09-08,2019090801003917,KBL,49,43,203,203.00,"41,209.00"
2019-09-08,2019090801003916,KBL,34,43,300,203.00,"60,900.00"
2019-09-08,2019090801003915,KBL,32,43,11,203.00,"2,233.00"
2019-09-08,2019090801003914,KBL,6,43,15,203.00,"3,045.00"
2019-09-08,2019090801003674,KBL,26,40,234,204.00,"47,736.00"
2019-09-08,2019090801003742,KBL,18,49,84,204.00,"17,136.00"
2019-09-08,2019090801003693,KBL,18,44,916,204.00,"186,864.00"
2019-09-08,2019090801003692,KBL,38,44,50,204.00,"10,200.00"
2019-09-08,2019090801003691,KBL,46,44,34,204.00,"6,936.00"
2019-09-08,2019090801003676,KBL,46,40,166,204.00,"33,864.00"
2019-09-08,2019090801003675,KBL,35,40,100,204.00,"20,400.00"
2019-09-08,2019090801003853,KBL,4,43,200,203.00,"40,600.00"
2019-09-08,2019090801003852,KBL,4,43,200,203.00,"40,600.00"
2019-09-08,2019090801003851,KBL,4,43,100,203.00,"20,300.00"
2019-09-08,2019090801003850,KBL,4,43,100,203.00,"20,300.00"
2019-09-08,2019090801003849,KBL,42,43,271,203.00,"55,013.00"
2019-09-08,2019090801003743,KBL,25,49,500,204.00,"102,000.00"
2019-09-08,2019090801003859,KBL,4,43,512,203.00,"103,936.00"
2019-09-08,2019090801003858,KBL,4,43,200,203.00,"40,600.00"
2019-09-08,2019090801003857,KBL,4,43,57,203.00,"11,571.00"
2019-09-08,2019090801003856,KBL,4,43,50,203.00,"10,150.00"
2019-09-08,2019090801003855,KBL,4,43,200,203.00,"40,600.00"
2019-09-08,2019090801003854,KBL,4,43,100,203.00,"20,300.00"
2019-09-08,2019090801003865,KBL,4,43,150,203.00,"30,450.00"
2019-09-08,2019090801003864,KBL,4,43,50,203.00,"10,150.00"
2019-09-08,2019090801003863,KBL,4,43,400,203.00,"81,200.00"
2019-09-08,2019090801003862,KBL,4,43,100,203.00,"20,300.00"
2019-09-08,2019090801003861,KBL,4,43,100,203.00,"20,300.00"
2019-09-08,2019090801003860,KBL,4,43,200,203.00,"40,600.00"
2019-09-08,2019090801003871,KBL,4,43,100,203.00,"20,300.00"
2019-09-08,2019090801003870,KBL,4,43,100,203.00,"20,300.00"
2019-09-08,2019090801003869,KBL,4,43,50,203.00,"10,150.00"
2019-09-08,2019090801003868,KBL,4,43,200,203.00,"40,600.00"
2019-09-08,2019090801003867,KBL,4,43,101,203.00,"20,503.00"
2019-09-08,2019090801003866,KBL,4,43,100,203.00,"20,300.00"
2019-09-08,2019090801003877,KBL,4,43,100,203.00,"20,300.00"
2019-09-08,2019090801003876,KBL,4,43,100,203.00,"20,300.00"
2019-09-08,2019090801003875,KBL,4,43,100,203.00,"20,300.00"
2019-09-08,2019090801003874,KBL,4,43,100,203.00,"20,300.00"
2019-09-08,2019090801003873,KBL,4,43,500,203.00,"101,500.00"
2019-09-08,2019090801003872,KBL,4,43,50,203.00,"10,150.00"
2019-09-08,2019090801003883,KBL,59,43,100,203.00,"20,300.00"
2019-09-08,2019090801003882,KBL,32,43,30,203.00,"6,090.00"
2019-09-08,2019090801003881,KBL,13,43,400,203.00,"81,200.00"
2019-09-08,2019090801003880,KBL,4,43,200,203.00,"40,600.00"
2019-09-08,2019090801003879,KBL,4,43,100,203.00,"20,300.00"
2019-09-08,2019090801003878,KBL,4,43,100,203.00,"20,300.00"
2019-09-08,2019090801003889,KBL,4,43,250,203.00,"50,750.00"
2019-09-08,2019090801003888,KBL,4,43,200,203.00,"40,600.00"
2019-09-08,2019090801003887,KBL,4,43,100,203.00,"20,300.00"
2019-09-08,2019090801003886,KBL,4,43,100,203.00,"20,300.00"
2019-09-08,2019090801003885,KBL,4,43,100,203.00,"20,300.00"
2019-09-08,2019090801003884,KBL,45,43,50,203.00,"10,150.00"
2019-09-08,2019090801003895,KBL,4,43,100,203.00,"20,300.00"
2019-09-08,2019090801003894,KBL,4,43,150,203.00,"30,450.00"
2019-09-08,2019090801003893,KBL,4,43,200,203.00,"40,600.00"
2019-09-08,2019090801003892,KBL,4,43,500,203.00,"101,500.00"
2019-09-08,2019090801003891,KBL,4,43,100,203.00,"20,300.00"
2019-09-08,2019090801003890,KBL,4,43,50,203.00,"10,150.00"
2019-09-08,2019090801003901,KBL,4,43,100,203.00,"20,300.00"
2019-09-08,2019090801003900,KBL,4,43,100,203.00,"20,300.00"
