Date,Transact. No.,Symbol,Buyer,Seller,Quantity,Rate,Amount
2019-08-20,2019082001006232,ADBL,6,58,"1,095",427.00,"467,565.00"
2019-08-20,2019082001006231,ADBL,33,58,40,427.00,"17,080.00"
2019-08-20,2019082001006230,ADBL,25,58,200,427.00,"85,400.00"
2019-08-20,2019082001006229,ADBL,38,58,15,427.00,"6,405.00"
2019-08-20,2019082001006228,ADBL,34,58,100,427.00,"42,700.00"
2019-08-20,2019082001006227,ADBL,38,58,50,427.00,"21,350.00"
2019-08-20,2019082001006226,ADBL,11,58,200,427.00,"85,400.00"
2019-08-20,2019082001006225,ADBL,14,58,100,427.00,"42,700.00"
2019-08-20,2019082001006224,ADBL,49,58,200,427.00,"85,400.00"
2019-08-20,2019082001006015,ADBL,47,34,100,428.00,"42,800.00"
2019-08-20,2019082001005910,ADBL,57,34,100,428.00,"42,800.00"
2019-08-20,2019082001005993,AHPC,34,26,110,102.00,"11,220.00"
2019-08-20,2019082001005890,AHPC,7,26,"1,000",102.00,"102,000.00"
2019-08-20,2019082001005812,AKPL,25,25,87,156.00,"13,572.00"
2019-08-20,2019082001006042,ALBSL,38,17,10,470.00,"4,700.00"
2019-08-20,2019082001005838,ALBSL,55,46,10,465.00,"4,650.00"
2019-08-20,2019082001006194,ALICL,8,28,300,340.00,"102,000.00"
2019-08-20,2019082001005903,ALICL,36,34,100,340.00,"34,000.00"
2019-08-20,2019082001005843,ALICL,53,34,200,340.00,"68,000.00"
2019-08-20,2019082001005822,ALICL,34,34,100,340.00,"34,000.00"
2019-08-20,2019082001005821,ALICL,59,34,"1,000",340.00,"340,000.00"
2019-08-20,2019082001006281,BBC,41,4,10,"1,467.00","14,670.00"
2019-08-20,2019082001006039,BBC,4,25,10,"1,439.00","14,390.00"
2019-08-20,2019082001006144,BPCL,33,6,10,390.00,"3,900.00"
2019-08-20,2019082001006143,BPCL,33,36,50,388.00,"19,400.00"
2019-08-20,2019082001005909,BPCL,57,28,11,386.00,"4,246.00"
2019-08-20,2019082001006180,CBBL,45,56,130,990.00,"128,700.00"
2019-08-20,2019082001006179,CBBL,1,56,20,991.00,"19,820.00"
2019-08-20,2019082001006187,CBL,26,48,10,148.00,"1,480.00"
2019-08-20,2019082001006159,CBL,33,48,50,148.00,"7,400.00"
2019-08-20,2019082001005893,CBL,35,46,270,146.00,"39,420.00"
2019-08-20,2019082001005853,CBL,35,11,825,146.00,"120,450.00"
2019-08-20,2019082001005852,CBL,14,11,100,146.00,"14,600.00"
2019-08-20,2019082001005851,CBL,52,11,100,147.00,"14,700.00"
2019-08-20,2019082001006139,CCBL,45,41,20,160.00,"3,200.00"
2019-08-20,2019082001006205,CHCL,4,58,300,450.00,"135,000.00"
2019-08-20,2019082001006035,CHCL,20,58,100,450.00,"45,000.00"
2019-08-20,2019082001006034,CHCL,37,58,"1,000",450.00,"450,000.00"
2019-08-20,2019082001006033,CHCL,55,58,322,450.00,"144,900.00"
2019-08-20,2019082001006032,CHCL,56,58,307,451.00,"138,457.00"
2019-08-20,2019082001006031,CHCL,46,58,95,452.00,"42,940.00"
2019-08-20,2019082001005911,CIT,5,46,19,"2,340.00","44,460.00"
2019-08-20,2019082001006047,CZBIL,42,38,100,216.00,"21,600.00"
2019-08-20,2019082001006240,DBBL,48,26,10,136.00,"1,360.00"
2019-08-20,2019082001006184,DBBL,34,48,124,135.00,"16,740.00"
2019-08-20,2019082001005828,DBBL,34,11,849,135.00,"114,615.00"
2019-08-20,2019082001005827,DBBL,57,11,50,135.00,"6,750.00"
2019-08-20,2019082001005826,DBBL,34,11,"1,000",135.00,"135,000.00"
2019-08-20,2019082001005825,DBBL,45,11,31,135.00,"4,185.00"
2019-08-20,2019082001006149,DDBL,34,25,10,757.00,"7,570.00"
2019-08-20,2019082001006148,DDBL,34,44,11,753.00,"8,283.00"
2019-08-20,2019082001005920,DDBL,11,22,100,748.00,"74,800.00"
2019-08-20,2019082001005897,DDBL,11,28,20,748.00,"14,960.00"
2019-08-20,2019082001005896,DDBL,48,28,60,749.00,"44,940.00"
2019-08-20,2019082001005895,DDBL,25,28,20,750.00,"15,000.00"
2019-08-20,2019082001005858,EBL,17,40,10,650.00,"6,500.00"
2019-08-20,2019082001006154,FMDBL,57,52,10,394.00,"3,940.00"
2019-08-20,2019082001006074,FMDBL,34,57,180,390.00,"70,200.00"
2019-08-20,2019082001006073,FMDBL,40,57,100,390.00,"39,000.00"
2019-08-20,2019082001006072,FMDBL,19,57,50,390.00,"19,500.00"
2019-08-20,2019082001006071,FMDBL,16,57,100,390.00,"39,000.00"
2019-08-20,2019082001006070,FMDBL,39,57,200,391.00,"78,200.00"
2019-08-20,2019082001006069,FMDBL,1,57,250,391.00,"97,750.00"
2019-08-20,2019082001006068,FMDBL,42,57,100,392.00,"39,200.00"
2019-08-20,2019082001006067,FMDBL,45,57,20,393.00,"7,860.00"
2019-08-20,2019082001005845,FMDBL,17,52,10,394.00,"3,940.00"
2019-08-20,2019082001005921,FOWAD,42,44,10,"1,342.00","13,420.00"
2019-08-20,2019082001005958,GBBL,22,32,10,215.00,"2,150.00"
2019-08-20,2019082001005976,GILB,49,50,140,770.00,"107,800.00"
2019-08-20,2019082001005975,GILB,17,50,10,775.00,"7,750.00"
2019-08-20,2019082001005916,GLBSL,59,59,10,496.00,"4,960.00"
2019-08-20,2019082001005850,GLBSL,59,59,10,496.00,"4,960.00"
2019-08-20,2019082001006193,GLICL,42,51,58,455.00,"26,390.00"
2019-08-20,2019082001006059,GMFBS,59,59,10,569.00,"5,690.00"
2019-08-20,2019082001005945,GUFL,3,52,"4,000",119.00,"476,000.00"
2019-08-20,2019082001006278,HBL,25,11,10,555.00,"5,550.00"
2019-08-20,2019082001005978,HBL,28,8,197,551.00,"108,547.00"
2019-08-20,2019082001005977,HBL,22,8,50,551.00,"27,550.00"
2019-08-20,2019082001006080,HDL,5,35,80,"1,560.00","124,800.00"
2019-08-20,2019082001006079,HDL,22,35,50,"1,560.00","78,000.00"
2019-08-20,2019082001006078,HDL,25,35,10,"1,560.00","15,600.00"
2019-08-20,2019082001006077,HDL,52,35,100,"1,561.00","156,100.00"
2019-08-20,2019082001006076,HDL,39,35,10,"1,561.00","15,610.00"
2019-08-20,2019082001006018,HDL,39,38,90,"1,561.00","140,490.00"
2019-08-20,2019082001006017,HDL,51,38,10,"1,561.00","15,610.00"
2019-08-20,2019082001006220,HGI,20,51,230,325.00,"74,750.00"
2019-08-20,2019082001006163,HIDCL,29,4,10,149.00,"1,490.00"
2019-08-20,2019082001005985,HIDCL,10,4,900,148.00,"133,200.00"
2019-08-20,2019082001006241,ILBS,11,59,10,470.00,"4,700.00"
2019-08-20,2019082001006183,ILBS,11,10,90,470.00,"42,300.00"
2019-08-20,2019082001006182,ILBS,59,10,10,471.00,"4,710.00"
2019-08-20,2019082001005974,KBL,22,1,50,205.00,"10,250.00"
2019-08-20,2019082001005873,KBL,59,13,749,204.00,"152,796.00"
2019-08-20,2019082001005872,KBL,1,13,20,204.00,"4,080.00"
2019-08-20,2019082001005871,KBL,56,13,20,204.00,"4,080.00"
2019-08-20,2019082001005984,KSBBL,39,46,"1,000",148.00,"148,000.00"
2019-08-20,2019082001006222,LBBL,45,52,25,179.00,"4,475.00"
2019-08-20,2019082001006055,LBBL,3,13,500,178.00,"89,000.00"
2019-08-20,2019082001006054,LBBL,44,13,50,178.00,"8,900.00"
2019-08-20,2019082001006053,LBBL,7,13,500,178.00,"89,000.00"
2019-08-20,2019082001006052,LBBL,17,13,400,178.00,"71,200.00"
2019-08-20,2019082001006051,LBBL,58,13,400,178.00,"71,200.00"
2019-08-20,2019082001005899,LBBL,53,52,100,179.00,"17,900.00"
2019-08-20,2019082001006050,LBBL,4,13,160,178.00,"28,480.00"
2019-08-20,2019082001006049,LBBL,44,13,13,178.00,"2,314.00"
2019-08-20,2019082001005915,LBBL,44,28,54,178.00,"9,612.00"
2019-08-20,2019082001006036,LBL,45,26,685,213.00,"145,905.00"
2019-08-20,2019082001006021,LBL,4,26,200,213.00,"42,600.00"
2019-08-20,2019082001005994,LBL,48,26,450,213.00,"95,850.00"
2019-08-20,2019082001005972,LBL,4,26,500,213.00,"106,500.00"
2019-08-20,2019082001005864,LBL,43,26,500,213.00,"106,500.00"
2019-08-20,2019082001005832,LBL,40,26,"1,000",213.00,"213,000.00"
2019-08-20,2019082001006277,LGIL,48,58,50,401.00,"20,050.00"
2019-08-20,2019082001006276,LGIL,48,58,50,400.00,"20,000.00"
2019-08-20,2019082001005805,LGIL,44,25,545,395.00,"215,275.00"
2019-08-20,2019082001005804,LGIL,17,25,50,395.00,"19,750.00"
2019-08-20,2019082001005803,LGIL,48,25,60,395.00,"23,700.00"
2019-08-20,2019082001005802,LGIL,1,25,50,395.00,"19,750.00"
2019-08-20,2019082001005789,LGIL,45,25,20,400.00,"8,000.00"
2019-08-20,2019082001005788,LGIL,17,25,50,400.00,"20,000.00"
2019-08-20,2019082001005787,LGIL,17,25,16,400.00,"6,400.00"
2019-08-20,2019082001005801,LGIL,45,25,50,395.00,"19,750.00"
2019-08-20,2019082001005794,LGIL,20,25,30,396.00,"11,880.00"
2019-08-20,2019082001005793,LGIL,26,25,150,396.00,"59,400.00"
2019-08-20,2019082001005792,LGIL,14,25,100,397.00,"39,700.00"
2019-08-20,2019082001005791,LGIL,6,25,50,398.00,"19,900.00"
2019-08-20,2019082001005790,LGIL,42,25,200,400.00,"80,000.00"
2019-08-20,2019082001006066,LICN,59,19,20,"1,116.00","22,320.00"
2019-08-20,2019082001005863,LLBS,33,25,57,740.00,"42,180.00"
2019-08-20,2019082001005862,LLBS,35,25,50,740.00,"37,000.00"
2019-08-20,2019082001005849,LLBS,45,25,30,742.00,"22,260.00"
2019-08-20,2019082001005848,LLBS,38,25,100,742.00,"74,200.00"
2019-08-20,2019082001005847,LLBS,41,25,51,743.00,"37,893.00"
2019-08-20,2019082001005846,LLBS,7,25,50,744.00,"37,200.00"
2019-08-20,2019082001006155,MBL,26,59,500,254.00,"127,000.00"
2019-08-20,2019082001006006,MBL,14,34,100,255.00,"25,500.00"
2019-08-20,2019082001005861,MEGA,49,48,"1,001",200.00,"200,200.00"
2019-08-20,2019082001006023,MEGA,49,11,819,200.00,"163,800.00"
2019-08-20,2019082001006009,MEGA,49,22,72,200.00,"14,400.00"
2019-08-20,2019082001006058,MEGA,3,25,100,200.00,"20,000.00"
2019-08-20,2019082001006024,MEGA,3,11,181,200.00,"36,200.00"
2019-08-20,2019082001006181,MEGA,3,3,101,200.00,"20,200.00"
2019-08-20,2019082001006082,MEGA,3,41,50,200.00,"10,000.00"
2019-08-20,2019082001006065,MHNL,48,59,280,100.00,"28,000.00"
2019-08-20,2019082001006064,MHNL,48,38,30,100.00,"3,000.00"
2019-08-20,2019082001006195,MLBBL,33,49,20,486.00,"9,720.00"
2019-08-20,2019082001005947,MLBL,14,49,900,209.00,"188,100.00"
2019-08-20,2019082001005936,MLBL,34,49,100,209.00,"20,900.00"
2019-08-20,2019082001005923,MLBL,57,21,500,209.00,"104,500.00"
2019-08-20,2019082001005922,MLBL,57,25,"1,000",209.00,"209,000.00"
2019-08-20,2019082001005874,MLBL,56,25,500,209.00,"104,500.00"
2019-08-20,2019082001005914,MNBBL,50,28,60,326.00,"19,560.00"
2019-08-20,2019082001005913,MNBBL,3,28,50,326.00,"16,300.00"
2019-08-20,2019082001005912,MNBBL,4,28,90,326.00,"29,340.00"
2019-08-20,2019082001006280,NABIL,45,4,20,778.00,"15,560.00"
2019-08-20,2019082001006223,NABIL,28,4,30,778.00,"23,340.00"
2019-08-20,2019082001005900,NABIL,5,35,30,778.00,"23,340.00"
2019-08-20,2019082001006234,NADEP,40,21,10,495.00,"4,950.00"
2019-08-20,2019082001006022,NADEP,57,21,10,495.00,"4,950.00"
2019-08-20,2019082001006007,NADEP,21,57,21,487.00,"10,227.00"
2019-08-20,2019082001005944,NADEP,40,21,10,495.00,"4,950.00"
2019-08-20,2019082001005814,NADEP,59,21,300,487.00,"146,100.00"
2019-08-20,2019082001006028,NAGRO,34,19,140,790.00,"110,600.00"
2019-08-20,2019082001005919,NBB,26,40,90,217.00,"19,530.00"
2019-08-20,2019082001006233,NBL,33,21,25,326.00,"8,150.00"
2019-08-20,2019082001006046,NBL,45,54,49,324.00,"15,876.00"
2019-08-20,2019082001006045,NBL,58,54,50,324.00,"16,200.00"
2019-08-20,2019082001006044,NBL,52,54,50,324.00,"16,200.00"
2019-08-20,2019082001006043,NBL,16,54,100,324.00,"32,400.00"
2019-08-20,2019082001006011,NBL,7,54,30,325.00,"9,750.00"
2019-08-20,2019082001006010,NBL,21,54,51,325.00,"16,575.00"
2019-08-20,2019082001006168,NCCB,6,38,"1,000",203.00,"203,000.00"
2019-08-20,2019082001005970,NCCB,58,59,30,204.00,"6,120.00"
2019-08-20,2019082001005842,NEF,17,52,"65,093",8.09,"526,602.37"
2019-08-20,2019082001006216,NIB,41,59,21,471.00,"9,891.00"
2019-08-20,2019082001006215,NIB,52,59,10,471.00,"4,710.00"
2019-08-20,2019082001006214,NIB,44,59,20,471.00,"9,420.00"
2019-08-20,2019082001006213,NIB,41,59,50,471.00,"23,550.00"
2019-08-20,2019082001006212,NIB,7,59,50,471.00,"23,550.00"
2019-08-20,2019082001006211,NIB,17,59,50,471.00,"23,550.00"
2019-08-20,2019082001005868,NIB,55,41,49,472.00,"23,128.00"
2019-08-20,2019082001005941,NIB,54,7,21,471.00,"9,891.00"
2019-08-20,2019082001005940,NIB,38,7,30,471.00,"14,130.00"
2019-08-20,2019082001005939,NIB,17,7,50,471.00,"23,550.00"
2019-08-20,2019082001005938,NIB,26,7,199,471.00,"93,729.00"
2019-08-20,2019082001005870,NIB,54,41,43,472.00,"20,296.00"
2019-08-20,2019082001005869,NIB,47,41,50,472.00,"23,600.00"
2019-08-20,2019082001006210,NIB,55,59,20,471.00,"9,420.00"
2019-08-20,2019082001006209,NIB,39,59,200,471.00,"94,200.00"
2019-08-20,2019082001006208,NIB,11,59,50,471.00,"23,550.00"
2019-08-20,2019082001006207,NIB,54,59,129,471.00,"60,759.00"
2019-08-20,2019082001006153,NIB,58,41,25,472.00,"11,800.00"
2019-08-20,2019082001006037,NIB,34,41,10,472.00,"4,720.00"
2019-08-20,2019082001006279,NIBPO,6,28,121,434.00,"52,514.00"
2019-08-20,2019082001006256,NICA,21,48,435,453.00,"197,055.00"
2019-08-20,2019082001006255,NICA,48,48,30,453.00,"13,590.00"
2019-08-20,2019082001006254,NICA,43,48,100,453.00,"45,300.00"
2019-08-20,2019082001006253,NICA,45,48,50,453.00,"22,650.00"
2019-08-20,2019082001006252,NICA,42,48,200,454.00,"90,800.00"
2019-08-20,2019082001006251,NICA,43,48,20,454.00,"9,080.00"
2019-08-20,2019082001006161,NICA,59,4,500,455.00,"227,500.00"
2019-08-20,2019082001006151,NICA,25,51,100,454.00,"45,400.00"
2019-08-20,2019082001006030,NICA,28,4,200,455.00,"91,000.00"
2019-08-20,2019082001005798,NICA,35,4,29,455.00,"13,195.00"
2019-08-20,2019082001005797,NICA,35,4,71,455.00,"32,305.00"
2019-08-20,2019082001006244,NICA,36,48,"2,000",454.00,"908,000.00"
2019-08-20,2019082001006243,NICA,45,48,50,454.00,"22,700.00"
2019-08-20,2019082001006242,NICA,25,48,58,454.00,"26,332.00"
2019-08-20,2019082001006218,NICA,3,4,29,455.00,"13,195.00"
2019-08-20,2019082001006217,NICA,3,4,171,455.00,"77,805.00"
2019-08-20,2019082001006190,NICA,34,4,100,455.00,"45,500.00"
2019-08-20,2019082001006250,NICA,42,48,250,454.00,"113,500.00"
2019-08-20,2019082001006249,NICA,42,48,600,454.00,"272,400.00"
2019-08-20,2019082001006248,NICA,58,48,50,454.00,"22,700.00"
2019-08-20,2019082001006247,NICA,45,48,100,454.00,"45,400.00"
2019-08-20,2019082001006246,NICA,58,48,100,454.00,"45,400.00"
2019-08-20,2019082001006245,NICA,45,48,100,454.00,"45,400.00"
2019-08-20,2019082001006189,NICL,39,6,191,302.00,"57,682.00"
2019-08-20,2019082001006188,NICL,45,6,24,303.00,"7,272.00"
2019-08-20,2019082001005982,NICL,20,6,35,304.00,"10,640.00"
2019-08-20,2019082001006257,NIL,7,42,500,396.00,"198,000.00"
2019-08-20,2019082001006235,NIL,39,42,10,396.00,"3,960.00"
2019-08-20,2019082001005824,NIL,20,50,20,394.00,"7,880.00"
2019-08-20,2019082001005823,NIL,13,50,29,394.00,"11,426.00"
2019-08-20,2019082001006020,NLBBL,19,39,87,560.00,"48,720.00"
2019-08-20,2019082001006019,NLBBL,14,39,13,561.00,"7,293.00"
2019-08-20,2019082001005799,NLBBL,14,33,17,561.00,"9,537.00"
2019-08-20,2019082001006041,NLG,58,46,15,683.00,"10,245.00"
2019-08-20,2019082001005908,NLIC,20,6,430,865.00,"371,950.00"
2019-08-20,2019082001005907,NLIC,20,6,129,865.00,"111,585.00"
2019-08-20,2019082001006199,NLICL,56,19,78,550.00,"42,900.00"
2019-08-20,2019082001006178,NLICL,43,19,200,551.00,"110,200.00"
2019-08-20,2019082001006177,NLICL,33,19,100,551.00,"55,100.00"
2019-08-20,2019082001006176,NLICL,32,19,200,551.00,"110,200.00"
2019-08-20,2019082001006175,NLICL,53,19,100,551.00,"55,100.00"
2019-08-20,2019082001006174,NLICL,6,19,50,551.00,"27,550.00"
2019-08-20,2019082001006173,NLICL,20,19,52,551.00,"28,652.00"
2019-08-20,2019082001006186,NMBMF,44,43,18,"1,054.00","18,972.00"
2019-08-20,2019082001006185,NMBMF,45,43,100,"1,055.00","105,500.00"
2019-08-20,2019082001005892,NMBMF,29,43,12,"1,064.00","12,768.00"
2019-08-20,2019082001005981,NMFBS,45,6,153,"1,490.00","227,970.00"
2019-08-20,2019082001005971,NMFBS,48,58,15,"1,474.00","22,110.00"
2019-08-20,2019082001006063,NSEWA,11,25,10,444.00,"4,440.00"
2019-08-20,2019082001006221,NTC,38,57,100,665.00,"66,500.00"
2019-08-20,2019082001005882,NTC,6,58,260,663.00,"172,380.00"
2019-08-20,2019082001005881,NTC,33,58,100,663.00,"66,300.00"
2019-08-20,2019082001005880,NTC,20,58,100,663.00,"66,300.00"
2019-08-20,2019082001005879,NTC,57,58,150,663.00,"99,450.00"
2019-08-20,2019082001005878,NTC,41,58,10,663.00,"6,630.00"
2019-08-20,2019082001005877,NTC,4,58,170,663.00,"112,710.00"
2019-08-20,2019082001005876,NTC,17,58,180,663.00,"119,340.00"
2019-08-20,2019082001005875,NTC,45,58,30,664.00,"19,920.00"
2019-08-20,2019082001006172,PCBL,38,50,20,276.00,"5,520.00"
2019-08-20,2019082001006171,PCBL,26,50,60,276.00,"16,560.00"
2019-08-20,2019082001005834,PCBL,32,32,525,276.00,"144,900.00"
2019-08-20,2019082001005784,PCBL,34,32,63,276.00,"17,388.00"
2019-08-20,2019082001005783,PCBL,34,45,37,276.00,"10,212.00"
2019-08-20,2019082001006056,PFL,59,26,10,135.00,"1,350.00"
2019-08-20,2019082001006166,PLIC,57,35,10,415.00,"4,150.00"
2019-08-20,2019082001006152,PLIC,44,50,50,413.00,"20,650.00"
2019-08-20,2019082001006075,PLIC,44,35,120,405.00,"48,600.00"
2019-08-20,2019082001005969,PLIC,43,35,20,405.00,"8,100.00"
2019-08-20,2019082001005968,PLIC,4,35,60,405.00,"24,300.00"
2019-08-20,2019082001005943,PMHPL,4,45,10,102.00,"1,020.00"
2019-08-20,2019082001005942,PMHPL,4,17,10,102.00,"1,020.00"
2019-08-20,2019082001005930,PMHPL,4,38,10,100.00,"1,000.00"
2019-08-20,2019082001005855,PMHPL,4,46,10,99.00,990.00
2019-08-20,2019082001006156,PPCL,16,56,515,104.00,"53,560.00"
2019-08-20,2019082001005954,PPCL,25,45,220,104.00,"22,880.00"
2019-08-20,2019082001005953,PPCL,25,39,20,104.00,"2,080.00"
2019-08-20,2019082001005952,PPCL,25,25,10,104.00,"1,040.00"
2019-08-20,2019082001005951,PPCL,25,25,10,104.00,"1,040.00"
2019-08-20,2019082001005950,PPCL,25,39,30,104.00,"3,120.00"
2019-08-20,2019082001005949,PPCL,25,39,30,104.00,"3,120.00"
2019-08-20,2019082001005948,PPCL,25,1,920,104.00,"95,680.00"
2019-08-20,2019082001006029,PRIN,20,51,24,348.00,"8,352.00"
2019-08-20,2019082001006197,PRVU,22,44,20,269.00,"5,380.00"
2019-08-20,2019082001005937,PRVU,28,44,"1,000",269.00,"269,000.00"
2019-08-20,2019082001005867,PRVU,26,44,495,269.00,"133,155.00"
2019-08-20,2019082001006272,RHPL,34,22,20,207.00,"4,140.00"
2019-08-20,2019082001006271,RHPL,34,22,50,207.00,"10,350.00"
2019-08-20,2019082001006270,RHPL,34,56,20,207.00,"4,140.00"
2019-08-20,2019082001006269,RHPL,34,43,30,206.00,"6,180.00"
2019-08-20,2019082001006268,RHPL,34,45,40,206.00,"8,240.00"
2019-08-20,2019082001006267,RHPL,34,47,10,206.00,"2,060.00"
2019-08-20,2019082001005800,RHPL,34,1,20,201.00,"4,020.00"
2019-08-20,2019082001005795,RHPL,34,38,40,201.00,"8,040.00"
2019-08-20,2019082001005833,RHPL,34,38,40,201.00,"8,040.00"
2019-08-20,2019082001005819,RHPL,34,38,40,201.00,"8,040.00"
2019-08-20,2019082001005815,RHPL,34,47,40,201.00,"8,040.00"
2019-08-20,2019082001005813,RHPL,34,38,40,201.00,"8,040.00"
2019-08-20,2019082001005810,RHPL,34,25,40,201.00,"8,040.00"
2019-08-20,2019082001005806,RHPL,34,38,40,201.00,"8,040.00"
2019-08-20,2019082001005891,RHPL,34,57,30,201.00,"6,030.00"
2019-08-20,2019082001005866,RHPL,34,38,40,201.00,"8,040.00"
2019-08-20,2019082001005865,RHPL,34,46,50,201.00,"10,050.00"
2019-08-20,2019082001005857,RHPL,34,38,40,201.00,"8,040.00"
2019-08-20,2019082001005854,RHPL,34,43,"1,000",201.00,"201,000.00"
2019-08-20,2019082001005844,RHPL,34,38,40,201.00,"8,040.00"
2019-08-20,2019082001005961,RHPL,34,38,20,201.00,"4,020.00"
2019-08-20,2019082001005960,RHPL,34,38,20,201.00,"4,020.00"
2019-08-20,2019082001005957,RHPL,34,38,40,201.00,"8,040.00"
2019-08-20,2019082001005946,RHPL,34,38,40,201.00,"8,040.00"
2019-08-20,2019082001005918,RHPL,34,20,40,201.00,"8,040.00"
2019-08-20,2019082001005917,RHPL,34,57,30,201.00,"6,030.00"
2019-08-20,2019082001006060,RHPL,34,47,40,201.00,"8,040.00"
2019-08-20,2019082001006027,RHPL,13,56,80,202.00,"16,160.00"
2019-08-20,2019082001006026,RHPL,13,57,20,202.00,"4,040.00"
2019-08-20,2019082001005983,RHPL,34,39,40,201.00,"8,040.00"
2019-08-20,2019082001005979,RHPL,34,48,40,201.00,"8,040.00"
2019-08-20,2019082001005973,RHPL,34,38,40,201.00,"8,040.00"
2019-08-20,2019082001006090,RHPL,34,14,40,204.00,"8,160.00"
2019-08-20,2019082001006089,RHPL,34,14,30,204.00,"6,120.00"
2019-08-20,2019082001006088,RHPL,34,11,40,203.00,"8,120.00"
2019-08-20,2019082001006087,RHPL,34,3,"1,580",203.00,"320,740.00"
2019-08-20,2019082001006086,RHPL,34,56,"1,420",202.00,"286,840.00"
2019-08-20,2019082001006085,RHPL,34,19,500,202.00,"101,000.00"
2019-08-20,2019082001006096,RHPL,34,6,40,204.00,"8,160.00"
2019-08-20,2019082001006095,RHPL,34,6,40,204.00,"8,160.00"
2019-08-20,2019082001006094,RHPL,34,57,30,204.00,"6,120.00"
2019-08-20,2019082001006093,RHPL,34,42,40,204.00,"8,160.00"
2019-08-20,2019082001006092,RHPL,34,14,30,204.00,"6,120.00"
2019-08-20,2019082001006091,RHPL,34,42,40,204.00,"8,160.00"
2019-08-20,2019082001006102,RHPL,34,44,30,204.00,"6,120.00"
2019-08-20,2019082001006101,RHPL,34,44,30,204.00,"6,120.00"
2019-08-20,2019082001006100,RHPL,34,44,30,204.00,"6,120.00"
2019-08-20,2019082001006099,RHPL,34,44,30,204.00,"6,120.00"
2019-08-20,2019082001006098,RHPL,34,44,30,204.00,"6,120.00"
2019-08-20,2019082001006097,RHPL,34,6,50,204.00,"10,200.00"
2019-08-20,2019082001006108,RHPL,34,44,30,204.00,"6,120.00"
2019-08-20,2019082001006107,RHPL,34,44,30,204.00,"6,120.00"
2019-08-20,2019082001006106,RHPL,34,44,30,204.00,"6,120.00"
2019-08-20,2019082001006105,RHPL,34,44,30,204.00,"6,120.00"
2019-08-20,2019082001006104,RHPL,34,44,30,204.00,"6,120.00"
2019-08-20,2019082001006103,RHPL,34,44,30,204.00,"6,120.00"
2019-08-20,2019082001006114,RHPL,34,44,30,204.00,"6,120.00"
2019-08-20,2019082001006113,RHPL,34,44,30,204.00,"6,120.00"
2019-08-20,2019082001006112,RHPL,34,44,30,204.00,"6,120.00"
2019-08-20,2019082001006111,RHPL,34,44,30,204.00,"6,120.00"
2019-08-20,2019082001006110,RHPL,34,44,30,204.00,"6,120.00"
2019-08-20,2019082001006109,RHPL,34,44,30,204.00,"6,120.00"
2019-08-20,2019082001006120,RHPL,34,44,30,204.00,"6,120.00"
2019-08-20,2019082001006119,RHPL,34,44,30,204.00,"6,120.00"
2019-08-20,2019082001006118,RHPL,34,44,30,204.00,"6,120.00"
2019-08-20,2019082001006117,RHPL,34,45,40,204.00,"8,160.00"
2019-08-20,2019082001006116,RHPL,34,22,10,204.00,"2,040.00"
2019-08-20,2019082001006115,RHPL,34,44,30,204.00,"6,120.00"
2019-08-20,2019082001006126,RHPL,34,52,30,205.00,"6,150.00"
2019-08-20,2019082001006125,RHPL,34,29,50,205.00,"10,250.00"
2019-08-20,2019082001006124,RHPL,34,34,300,205.00,"61,500.00"
2019-08-20,2019082001006123,RHPL,34,22,240,205.00,"49,200.00"
2019-08-20,2019082001006122,RHPL,34,57,50,204.00,"10,200.00"
2019-08-20,2019082001006121,RHPL,34,44,30,204.00,"6,120.00"
2019-08-20,2019082001006132,RHPL,34,10,30,205.00,"6,150.00"
2019-08-20,2019082001006131,RHPL,34,10,30,205.00,"6,150.00"
2019-08-20,2019082001006130,RHPL,34,10,30,205.00,"6,150.00"
2019-08-20,2019082001006129,RHPL,34,57,40,205.00,"8,200.00"
2019-08-20,2019082001006128,RHPL,34,1,280,205.00,"57,400.00"
2019-08-20,2019082001006127,RHPL,34,52,30,205.00,"6,150.00"
2019-08-20,2019082001006138,RHPL,34,34,"5,000",205.00,"1,025,000.00"
2019-08-20,2019082001006137,RHPL,34,21,10,205.00,"2,050.00"
2019-08-20,2019082001006136,RHPL,34,41,50,205.00,"10,250.00"
2019-08-20,2019082001006135,RHPL,34,43,30,205.00,"6,150.00"
2019-08-20,2019082001006134,RHPL,34,10,30,205.00,"6,150.00"
2019-08-20,2019082001006133,RHPL,34,10,30,205.00,"6,150.00"
2019-08-20,2019082001006260,RHPL,34,34,50,206.00,"10,300.00"
2019-08-20,2019082001006259,RHPL,34,55,20,206.00,"4,120.00"
2019-08-20,2019082001006258,RHPL,34,34,500,206.00,"103,000.00"
2019-08-20,2019082001006206,RHPL,34,50,10,205.00,"2,050.00"
2019-08-20,2019082001006169,RHPL,34,6,50,205.00,"10,250.00"
2019-08-20,2019082001006167,RHPL,34,39,40,205.00,"8,200.00"
2019-08-20,2019082001006266,RHPL,34,34,200,206.00,"41,200.00"
2019-08-20,2019082001006265,RHPL,34,54,10,206.00,"2,060.00"
2019-08-20,2019082001006264,RHPL,34,54,10,206.00,"2,060.00"
2019-08-20,2019082001006263,RHPL,34,54,10,206.00,"2,060.00"
2019-08-20,2019082001006262,RHPL,34,25,20,206.00,"4,120.00"
2019-08-20,2019082001006261,RHPL,34,54,10,206.00,"2,060.00"
2019-08-20,2019082001006238,SADBL,45,57,10,149.00,"1,490.00"
2019-08-20,2019082001006202,SANIMA,36,3,15,347.00,"5,205.00"
2019-08-20,2019082001006201,SANIMA,17,3,85,347.00,"29,495.00"
2019-08-20,2019082001005992,SANIMA,17,47,265,347.00,"91,955.00"
2019-08-20,2019082001005959,SANIMA,28,47,"1,000",348.00,"348,000.00"
2019-08-20,2019082001005933,SANIMA,1,47,100,348.00,"34,800.00"
2019-08-20,2019082001005932,SANIMA,42,47,"1,000",348.00,"348,000.00"
2019-08-20,2019082001005931,SANIMA,50,47,100,348.00,"34,800.00"
2019-08-20,2019082001005901,SANIMA,42,47,435,350.00,"152,250.00"
2019-08-20,2019082001005817,SANIMA,46,47,100,350.00,"35,000.00"
2019-08-20,2019082001006084,SBI,47,11,130,442.00,"57,460.00"
2019-08-20,2019082001006083,SBI,52,11,10,443.00,"4,430.00"
2019-08-20,2019082001005820,SBI,41,11,22,445.00,"9,790.00"
2019-08-20,2019082001006160,SBL,54,3,246,315.00,"77,490.00"
2019-08-20,2019082001005991,SBL,48,28,24,314.00,"7,536.00"
2019-08-20,2019082001005990,SBL,34,28,500,314.00,"157,000.00"
2019-08-20,2019082001005989,SBL,22,28,30,315.00,"9,450.00"
2019-08-20,2019082001005988,SBL,36,28,250,315.00,"78,750.00"
2019-08-20,2019082001005987,SBL,49,28,100,315.00,"31,500.00"
2019-08-20,2019082001005986,SBL,58,28,64,315.00,"20,160.00"
2019-08-20,2019082001005837,SBL,59,25,760,316.00,"240,160.00"
2019-08-20,2019082001006158,SDESI,19,45,100,622.00,"62,200.00"
2019-08-20,2019082001005955,SDESI,17,58,11,622.00,"6,842.00"
2019-08-20,2019082001005906,SDESI,17,51,411,622.00,"255,642.00"
2019-08-20,2019082001005905,SDESI,25,51,100,623.00,"62,300.00"
2019-08-20,2019082001005894,SDESI,25,33,10,623.00,"6,230.00"
2019-08-20,2019082001005808,SEF,3,41,"19,500",8.87,"172,965.00"
2019-08-20,2019082001005807,SEF,3,49,"2,600",8.86,"23,036.00"
2019-08-20,2019082001006275,SHIVM,17,34,15,583.00,"8,745.00"
2019-08-20,2019082001006274,SHIVM,52,34,85,583.00,"49,555.00"
2019-08-20,2019082001006013,SHIVM,51,22,500,584.00,"292,000.00"
2019-08-20,2019082001005997,SHIVM,52,38,115,583.00,"67,045.00"
2019-08-20,2019082001005996,SHIVM,45,38,40,583.00,"23,320.00"
2019-08-20,2019082001005964,SHIVM,45,22,60,583.00,"34,980.00"
2019-08-20,2019082001005796,SHIVM,7,38,100,585.00,"58,500.00"
2019-08-20,2019082001005963,SHIVM,18,22,200,583.00,"116,600.00"
2019-08-20,2019082001005962,SHIVM,38,22,50,583.00,"29,150.00"
2019-08-20,2019082001005956,SHIVM,28,22,190,584.00,"110,960.00"
2019-08-20,2019082001005928,SHIVM,28,25,310,584.00,"181,040.00"
2019-08-20,2019082001005927,SHIVM,14,25,100,584.00,"58,400.00"
2019-08-20,2019082001005926,SHIVM,28,25,90,584.00,"52,560.00"
2019-08-20,2019082001005980,SHL,29,52,100,231.00,"23,100.00"
2019-08-20,2019082001005831,SHL,29,43,100,227.00,"22,700.00"
2019-08-20,2019082001005830,SHL,44,43,500,227.00,"113,500.00"
2019-08-20,2019082001005829,SHL,42,43,200,227.00,"45,400.00"
2019-08-20,2019082001006237,SHPC,45,37,317,225.00,"71,325.00"
2019-08-20,2019082001006170,SHPC,26,37,500,225.00,"112,500.00"
2019-08-20,2019082001006162,SHPC,58,37,183,225.00,"41,175.00"
2019-08-20,2019082001005967,SHPC,58,43,317,225.00,"71,325.00"
2019-08-20,2019082001005966,SHPC,10,43,413,225.00,"92,925.00"
2019-08-20,2019082001005965,SHPC,39,43,70,226.00,"15,820.00"
2019-08-20,2019082001005935,SHPC,39,43,130,226.00,"29,380.00"
2019-08-20,2019082001006191,SICL,28,14,20,780.00,"15,600.00"
2019-08-20,2019082001006062,SICL,28,14,60,780.00,"46,800.00"
2019-08-20,2019082001006061,SICL,28,55,40,780.00,"31,200.00"
2019-08-20,2019082001006273,SJCL,44,17,10,217.00,"2,170.00"
2019-08-20,2019082001006239,SJCL,32,38,20,216.00,"4,320.00"
2019-08-20,2019082001006219,SJCL,32,38,20,216.00,"4,320.00"
2019-08-20,2019082001006200,SJCL,32,39,20,216.00,"4,320.00"
2019-08-20,2019082001006196,SJCL,32,38,20,216.00,"4,320.00"
2019-08-20,2019082001006192,SJCL,32,50,10,216.00,"2,160.00"
2019-08-20,2019082001005836,SJCL,51,57,20,217.00,"4,340.00"
2019-08-20,2019082001005835,SJCL,51,17,"1,130",217.00,"245,210.00"
2019-08-20,2019082001005818,SJCL,37,25,20,216.00,"4,320.00"
2019-08-20,2019082001005816,SJCL,37,37,10,216.00,"2,160.00"
2019-08-20,2019082001005786,SJCL,37,1,20,216.00,"4,320.00"
2019-08-20,2019082001005782,SJCL,37,39,20,216.00,"4,320.00"
2019-08-20,2019082001005934,SJCL,37,20,20,216.00,"4,320.00"
2019-08-20,2019082001005929,SJCL,37,57,20,216.00,"4,320.00"
2019-08-20,2019082001005902,SJCL,37,57,20,216.00,"4,320.00"
2019-08-20,2019082001005883,SJCL,37,46,20,216.00,"4,320.00"
2019-08-20,2019082001005841,SJCL,37,47,20,216.00,"4,320.00"
2019-08-20,2019082001006016,SJCL,32,38,20,216.00,"4,320.00"
2019-08-20,2019082001006012,SJCL,32,38,20,216.00,"4,320.00"
2019-08-20,2019082001006008,SJCL,37,39,20,216.00,"4,320.00"
2019-08-20,2019082001005995,SJCL,37,38,20,216.00,"4,320.00"
2019-08-20,2019082001006057,SJCL,32,38,20,216.00,"4,320.00"
2019-08-20,2019082001006048,SJCL,32,38,20,216.00,"4,320.00"
2019-08-20,2019082001006038,SJCL,32,38,10,216.00,"2,160.00"
2019-08-20,2019082001006025,SJCL,32,38,20,216.00,"4,320.00"
2019-08-20,2019082001006157,SJCL,32,38,20,216.00,"4,320.00"
2019-08-20,2019082001006150,SJCL,32,38,20,216.00,"4,320.00"
2019-08-20,2019082001006140,SJCL,32,47,10,216.00,"2,160.00"
2019-08-20,2019082001006081,SJCL,32,38,20,216.00,"4,320.00"
2019-08-20,2019082001006040,SLBSL,18,44,10,689.00,"6,890.00"
2019-08-20,2019082001006165,SLICL,44,33,25,299.00,"7,475.00"
2019-08-20,2019082001006164,SLICL,44,33,25,299.00,"7,475.00"
2019-08-20,2019082001006147,SLICL,6,17,40,300.00,"12,000.00"
2019-08-20,2019082001006146,SLICL,16,17,316,300.00,"94,800.00"
2019-08-20,2019082001006145,SLICL,26,17,15,301.00,"4,515.00"
2019-08-20,2019082001005809,SMB,34,51,10,506.00,"5,060.00"
2019-08-20,2019082001006236,SMFBS,34,57,10,835.00,"8,350.00"
2019-08-20,2019082001006204,SMFBS,34,44,10,825.00,"8,250.00"
2019-08-20,2019082001006203,SMFBS,34,44,10,825.00,"8,250.00"
2019-08-20,2019082001005904,SPARS,34,20,10,613.00,"6,130.00"
2019-08-20,2019082001006142,TRH,29,52,281,302.00,"84,862.00"
2019-08-20,2019082001006141,TRH,7,52,150,302.00,"45,300.00"
2019-08-20,2019082001005840,UFL,38,22,100,174.00,"17,400.00"
2019-08-20,2019082001005839,UFL,17,22,200,174.00,"34,800.00"
2019-08-20,2019082001005811,UFL,5,6,100,175.00,"17,500.00"
2019-08-20,2019082001005925,UNHPL,11,4,250,64.00,"16,000.00"
2019-08-20,2019082001005924,UNHPL,25,4,50,64.00,"3,200.00"
2019-08-20,2019082001005860,UPCL,39,29,50,82.00,"4,100.00"
2019-08-20,2019082001005859,UPCL,39,38,10,82.00,820.00
2019-08-20,2019082001006198,UPPER,35,29,200,253.00,"50,600.00"
2019-08-20,2019082001006014,UPPER,7,36,185,253.00,"46,805.00"
2019-08-20,2019082001006005,UPPER,25,36,100,253.00,"25,300.00"
2019-08-20,2019082001006004,UPPER,3,36,100,253.00,"25,300.00"
2019-08-20,2019082001006003,UPPER,50,36,200,253.00,"50,600.00"
2019-08-20,2019082001006002,UPPER,34,36,100,253.00,"25,300.00"
2019-08-20,2019082001005785,UPPER,25,41,411,255.00,"104,805.00"
2019-08-20,2019082001005888,UPPER,51,48,100,254.00,"25,400.00"
2019-08-20,2019082001005887,UPPER,14,48,200,254.00,"50,800.00"
2019-08-20,2019082001005886,UPPER,32,48,"1,000",254.00,"254,000.00"
2019-08-20,2019082001005885,UPPER,52,17,200,254.00,"50,800.00"
2019-08-20,2019082001005884,UPPER,53,17,100,254.00,"25,400.00"
2019-08-20,2019082001005856,UPPER,29,33,200,255.00,"51,000.00"
2019-08-20,2019082001006001,UPPER,45,36,100,253.00,"25,300.00"
2019-08-20,2019082001006000,UPPER,21,36,20,253.00,"5,060.00"
2019-08-20,2019082001005999,UPPER,20,36,100,253.00,"25,300.00"
2019-08-20,2019082001005998,UPPER,57,36,95,254.00,"24,130.00"
2019-08-20,2019082001005898,UPPER,57,36,50,254.00,"12,700.00"
2019-08-20,2019082001005889,UPPER,57,48,200,254.00,"50,800.00"
2019-08-20,2019082001005348,ADBL,49,17,100,427.00,"42,700.00"
2019-08-20,2019082001005347,ADBL,14,17,500,427.00,"213,500.00"
2019-08-20,2019082001005346,ADBL,8,17,100,427.00,"42,700.00"
2019-08-20,2019082001005345,ADBL,36,17,"1,000",427.00,"427,000.00"
2019-08-20,2019082001005344,ADBL,47,17,300,427.00,"128,100.00"
2019-08-20,2019082001005325,ADBL,38,34,15,428.00,"6,420.00"
2019-08-20,2019082001005324,ADBL,54,34,25,428.00,"10,700.00"
2019-08-20,2019082001005323,ADBL,42,35,20,428.00,"8,560.00"
2019-08-20,2019082001005764,AKPL,10,25,100,156.00,"15,600.00"
2019-08-20,2019082001005763,AKPL,41,25,13,156.00,"2,028.00"
2019-08-20,2019082001005528,ALBSL,7,14,50,466.00,"23,300.00"
2019-08-20,2019082001005777,ALICL,37,28,489,342.00,"167,238.00"
2019-08-20,2019082001005650,API,42,20,10,131.00,"1,310.00"
2019-08-20,2019082001005447,API,25,20,20,131.00,"2,620.00"
2019-08-20,2019082001005438,API,7,25,400,129.00,"51,600.00"
2019-08-20,2019082001005513,BBC,38,52,31,"1,411.00","43,741.00"
2019-08-20,2019082001005418,BBC,45,52,20,"1,416.00","28,320.00"
2019-08-20,2019082001005711,BFC,45,13,355,94.00,"33,370.00"
2019-08-20,2019082001005710,BFC,42,13,200,94.00,"18,800.00"
2019-08-20,2019082001005709,BFC,25,13,20,94.00,"1,880.00"
2019-08-20,2019082001005708,BFC,39,13,100,94.00,"9,400.00"
2019-08-20,2019082001005707,BFC,49,13,200,95.00,"19,000.00"
2019-08-20,2019082001005706,BFC,13,13,40,95.00,"3,800.00"
2019-08-20,2019082001005722,BOKL,51,40,10,258.00,"2,580.00"
2019-08-20,2019082001005287,BPCL,26,36,100,388.00,"38,800.00"
2019-08-20,2019082001005595,CBBL,45,16,150,990.00,"148,500.00"
2019-08-20,2019082001005510,CBL,32,45,832,147.00,"122,304.00"
2019-08-20,2019082001005491,CBL,32,1,500,147.00,"73,500.00"
2019-08-20,2019082001005384,CBL,32,45,793,147.00,"116,571.00"
2019-08-20,2019082001005383,CBL,32,26,"1,555",147.00,"228,585.00"
2019-08-20,2019082001005744,CCBL,42,57,"1,500",159.00,"238,500.00"
2019-08-20,2019082001005700,CCBL,42,39,400,159.00,"63,600.00"
2019-08-20,2019082001005699,CCBL,42,43,"2,269",159.00,"360,771.00"
2019-08-20,2019082001005593,CCBL,37,43,300,159.00,"47,700.00"
2019-08-20,2019082001005587,CCBL,59,43,431,159.00,"68,529.00"
2019-08-20,2019082001005586,CCBL,59,3,20,159.00,"3,180.00"
2019-08-20,2019082001005585,CCBL,59,28,10,159.00,"1,590.00"
2019-08-20,2019082001005584,CCBL,59,28,10,159.00,"1,590.00"
2019-08-20,2019082001005583,CCBL,59,33,29,159.00,"4,611.00"
2019-08-20,2019082001005540,CCBL,1,59,10,158.00,"1,580.00"
2019-08-20,2019082001005539,CCBL,17,59,286,158.00,"45,188.00"
2019-08-20,2019082001005512,CCBL,42,33,10,159.00,"1,590.00"
2019-08-20,2019082001005626,CFCL,22,4,"2,000",113.00,"226,000.00"
2019-08-20,2019082001005765,CHCL,17,32,140,452.00,"63,280.00"
2019-08-20,2019082001005676,CHCL,17,42,60,452.00,"27,120.00"
2019-08-20,2019082001005543,CHCL,56,43,95,454.00,"43,130.00"
2019-08-20,2019082001005742,CZBIL,42,26,617,216.00,"133,272.00"
2019-08-20,2019082001005295,CZBIL,22,26,30,216.00,"6,480.00"
2019-08-20,2019082001005286,CZBIL,45,26,105,216.00,"22,680.00"
2019-08-20,2019082001005446,DBBL,45,17,86,135.00,"11,610.00"
2019-08-20,2019082001005431,DBBL,45,17,86,135.00,"11,610.00"
2019-08-20,2019082001005578,DDBL,44,25,52,751.00,"39,052.00"
2019-08-20,2019082001005395,DDBL,13,25,27,751.00,"20,277.00"
2019-08-20,2019082001005457,EBL,29,40,80,650.00,"52,000.00"
2019-08-20,2019082001005456,EBL,29,34,320,650.00,"208,000.00"
2019-08-20,2019082001005430,EBL,42,34,100,650.00,"65,000.00"
2019-08-20,2019082001005313,EBL,4,34,80,650.00,"52,000.00"
2019-08-20,2019082001005705,EIC,14,17,18,330.00,"5,940.00"
2019-08-20,2019082001005694,FMDBL,29,34,70,392.00,"27,440.00"
2019-08-20,2019082001005693,FMDBL,51,34,30,392.00,"11,760.00"
2019-08-20,2019082001005692,FMDBL,17,34,100,392.00,"39,200.00"
2019-08-20,2019082001005524,FMDBL,21,17,100,393.00,"39,300.00"
2019-08-20,2019082001005331,FMDBL,17,22,104,395.00,"41,080.00"
2019-08-20,2019082001005754,GBLBS,57,28,25,358.00,"8,950.00"
2019-08-20,2019082001005753,GBLBS,43,28,150,358.00,"53,700.00"
2019-08-20,2019082001005752,GBLBS,57,28,200,358.00,"71,600.00"
2019-08-20,2019082001005751,GBLBS,46,28,20,358.00,"7,160.00"
2019-08-20,2019082001005750,GBLBS,40,28,100,359.00,"35,900.00"
2019-08-20,2019082001005749,GBLBS,26,28,200,359.00,"71,800.00"
2019-08-20,2019082001005411,GBLBS,25,55,30,359.00,"10,770.00"
2019-08-20,2019082001005410,GBLBS,19,55,50,359.00,"17,950.00"
2019-08-20,2019082001005748,GBLBS,41,28,15,359.00,"5,385.00"
2019-08-20,2019082001005747,GBLBS,25,28,140,359.00,"50,260.00"
2019-08-20,2019082001005746,GBLBS,51,28,50,360.00,"18,000.00"
2019-08-20,2019082001005745,GBLBS,10,28,100,360.00,"36,000.00"
2019-08-20,2019082001005494,GBLBS,25,10,200,359.00,"71,800.00"
2019-08-20,2019082001005423,GBLBS,25,4,130,359.00,"46,670.00"
2019-08-20,2019082001005581,GILB,21,52,19,764.00,"14,516.00"
2019-08-20,2019082001005660,GLBSL,39,38,10,495.00,"4,950.00"
2019-08-20,2019082001005635,GLBSL,20,44,10,496.00,"4,960.00"
2019-08-20,2019082001005511,GLBSL,39,38,10,495.00,"4,950.00"
2019-08-20,2019082001005502,GLBSL,48,38,10,495.00,"4,950.00"
2019-08-20,2019082001005498,GLBSL,48,38,10,495.00,"4,950.00"
2019-08-20,2019082001005488,GLBSL,48,38,10,495.00,"4,950.00"
2019-08-20,2019082001005449,GLBSL,48,38,10,495.00,"4,950.00"
2019-08-20,2019082001005440,GLBSL,51,38,10,496.00,"4,960.00"
2019-08-20,2019082001005726,GLICL,6,39,50,456.00,"22,800.00"
2019-08-20,2019082001005720,GLICL,40,39,120,456.00,"54,720.00"
2019-08-20,2019082001005740,GMFBS,39,44,10,564.00,"5,640.00"
2019-08-20,2019082001005678,GMFBS,39,17,10,569.00,"5,690.00"
2019-08-20,2019082001005677,GMFBS,39,17,10,569.00,"5,690.00"
2019-08-20,2019082001005624,GMFBS,39,44,10,563.00,"5,630.00"
2019-08-20,2019082001005459,GMFBS,39,38,10,563.00,"5,630.00"
2019-08-20,2019082001005336,GMFBS,39,38,10,563.00,"5,630.00"
2019-08-20,2019082001005330,GMFBS,22,38,10,564.00,"5,640.00"
2019-08-20,2019082001005317,GMFBS,22,38,10,564.00,"5,640.00"
2019-08-20,2019082001005305,GMFBS,22,38,10,564.00,"5,640.00"
2019-08-20,2019082001005301,GMFBS,22,38,10,564.00,"5,640.00"
2019-08-20,2019082001005296,GMFBS,22,38,10,564.00,"5,640.00"
2019-08-20,2019082001005670,GMFIL,42,49,100,119.00,"11,900.00"
2019-08-20,2019082001005761,GRDBL,49,34,20,110.00,"2,200.00"
2019-08-20,2019082001005664,GRDBL,7,34,50,110.00,"5,500.00"
2019-08-20,2019082001005663,GRDBL,7,34,100,110.00,"11,000.00"
2019-08-20,2019082001005342,GRDBL,7,41,250,109.00,"27,250.00"
2019-08-20,2019082001005759,HBL,38,37,30,552.00,"16,560.00"
2019-08-20,2019082001005758,HBL,38,37,30,552.00,"16,560.00"
2019-08-20,2019082001005757,HBL,38,37,30,552.00,"16,560.00"
2019-08-20,2019082001005756,HBL,29,37,100,553.00,"55,300.00"
2019-08-20,2019082001005755,HBL,45,37,100,553.00,"55,300.00"
2019-08-20,2019082001005737,HBL,28,11,18,555.00,"9,990.00"
2019-08-20,2019082001005516,HBL,26,43,200,554.00,"110,800.00"
2019-08-20,2019082001005526,HDL,38,35,100,"1,560.00","156,000.00"
2019-08-20,2019082001005472,HGI,17,45,66,328.00,"21,648.00"
2019-08-20,2019082001005560,HIDCL,34,4,10,149.00,"1,490.00"
2019-08-20,2019082001005685,HURJA,11,36,20,127.00,"2,540.00"
2019-08-20,2019082001005679,HURJA,7,36,220,127.00,"27,940.00"
2019-08-20,2019082001005631,HURJA,7,39,20,127.00,"2,540.00"
2019-08-20,2019082001005574,HURJA,7,39,20,127.00,"2,540.00"
2019-08-20,2019082001005522,HURJA,7,17,20,127.00,"2,540.00"
2019-08-20,2019082001005470,HURJA,7,39,20,127.00,"2,540.00"
2019-08-20,2019082001005390,HURJA,57,39,20,126.00,"2,520.00"
2019-08-20,2019082001005615,ILBS,38,14,70,470.00,"32,900.00"
2019-08-20,2019082001005520,ILBS,42,14,30,470.00,"14,100.00"
2019-08-20,2019082001005519,ILBS,39,14,10,470.00,"4,700.00"
2019-08-20,2019082001005328,ILBS,39,25,10,470.00,"4,700.00"
2019-08-20,2019082001005289,ILBS,1,58,90,470.00,"42,300.00"
2019-08-20,2019082001005288,ILBS,16,58,200,470.00,"94,000.00"
2019-08-20,2019082001005377,JBBL,45,59,100,156.00,"15,600.00"
2019-08-20,2019082001005376,JBBL,32,59,513,156.00,"80,028.00"
2019-08-20,2019082001005375,JBBL,32,59,237,156.00,"36,972.00"
2019-08-20,2019082001005374,JBBL,17,59,21,157.00,"3,297.00"
2019-08-20,2019082001005671,KBL,7,49,93,205.00,"19,065.00"
2019-08-20,2019082001005598,KBL,7,6,72,204.00,"14,688.00"
2019-08-20,2019082001005597,KBL,7,25,100,204.00,"20,400.00"
2019-08-20,2019082001005412,KBL,7,38,35,204.00,"7,140.00"
2019-08-20,2019082001005350,KBL,55,38,50,204.00,"10,200.00"
2019-08-20,2019082001005304,KPCL,13,21,10,83.00,830.00
2019-08-20,2019082001005769,LBL,45,26,571,213.00,"121,623.00"
2019-08-20,2019082001005736,LBL,40,26,200,213.00,"42,600.00"
2019-08-20,2019082001005721,LBL,45,26,100,213.00,"21,300.00"
2019-08-20,2019082001005719,LBL,42,26,"1,000",213.00,"213,000.00"
2019-08-20,2019082001005712,LBL,35,13,463,212.00,"98,156.00"
2019-08-20,2019082001005398,LBL,22,43,"1,000",212.00,"212,000.00"
2019-08-20,2019082001005397,LBL,43,43,50,212.00,"10,600.00"
2019-08-20,2019082001005505,LBL,35,59,14,212.00,"2,968.00"
2019-08-20,2019082001005504,LBL,22,59,30,212.00,"6,360.00"
2019-08-20,2019082001005503,LBL,34,59,137,212.00,"29,044.00"
2019-08-20,2019082001005399,LBL,34,43,863,212.00,"182,956.00"
2019-08-20,2019082001005735,LLBS,57,14,10,757.00,"7,570.00"
2019-08-20,2019082001005463,LVF1,43,58,"10,000",9.45,"94,500.00"
2019-08-20,2019082001005684,MBL,26,34,100,255.00,"25,500.00"
2019-08-20,2019082001005464,MBL,34,34,10,255.00,"2,550.00"
2019-08-20,2019082001005371,MBL,35,34,"2,729",252.00,"687,708.00"
2019-08-20,2019082001005370,MBL,34,34,500,252.00,"126,000.00"
2019-08-20,2019082001005369,MBL,42,34,100,252.00,"25,200.00"
2019-08-20,2019082001005368,MBL,58,34,200,252.00,"50,400.00"
2019-08-20,2019082001005355,MBL,26,34,100,255.00,"25,500.00"
2019-08-20,2019082001005354,MBL,58,34,150,255.00,"38,250.00"
2019-08-20,2019082001005353,MBL,14,34,41,255.00,"10,455.00"
2019-08-20,2019082001005361,MBL,58,34,40,253.00,"10,120.00"
2019-08-20,2019082001005360,MBL,19,34,400,253.00,"101,200.00"
2019-08-20,2019082001005359,MBL,54,34,300,254.00,"76,200.00"
2019-08-20,2019082001005358,MBL,14,34,500,254.00,"127,000.00"
2019-08-20,2019082001005357,MBL,49,34,"1,000",254.00,"254,000.00"
2019-08-20,2019082001005356,MBL,4,34,140,255.00,"35,700.00"
2019-08-20,2019082001005367,MBL,44,34,200,252.00,"50,400.00"
2019-08-20,2019082001005366,MBL,39,34,100,252.00,"25,200.00"
2019-08-20,2019082001005365,MBL,32,34,500,252.00,"126,000.00"
2019-08-20,2019082001005364,MBL,52,34,500,253.00,"126,500.00"
2019-08-20,2019082001005363,MBL,52,34,500,253.00,"126,500.00"
2019-08-20,2019082001005362,MBL,34,34,"1,000",253.00,"253,000.00"
2019-08-20,2019082001005620,MDB,58,25,12,240.00,"2,880.00"
2019-08-20,2019082001005500,MDB,58,25,10,240.00,"2,400.00"
2019-08-20,2019082001005499,MDB,42,25,10,240.00,"2,400.00"
2019-08-20,2019082001005335,MEGA,49,48,108,200.00,"21,600.00"
2019-08-20,2019082001005334,MEGA,49,48,176,200.00,"35,200.00"
2019-08-20,2019082001005517,MEGA,33,57,40,201.00,"8,040.00"
2019-08-20,2019082001005768,MLBL,43,25,500,209.00,"104,500.00"
2019-08-20,2019082001005727,MLBL,14,17,"2,000",209.00,"418,000.00"
2019-08-20,2019082001005557,MLBL,39,17,500,209.00,"104,500.00"
2019-08-20,2019082001005486,MLBL,8,25,200,208.00,"41,600.00"
2019-08-20,2019082001005485,MLBL,14,25,"1,000",208.00,"208,000.00"
2019-08-20,2019082001005484,MLBL,57,25,100,208.00,"20,800.00"
2019-08-20,2019082001005483,MLBL,21,25,200,208.00,"41,600.00"
2019-08-20,2019082001005482,MLBL,14,25,300,208.00,"62,400.00"
2019-08-20,2019082001005481,MLBL,26,25,200,208.00,"41,600.00"
2019-08-20,2019082001005775,MNBBL,45,48,100,327.00,"32,700.00"
2019-08-20,2019082001005698,NABIL,32,25,26,777.00,"20,202.00"
2019-08-20,2019082001005669,NABIL,32,4,200,777.00,"155,400.00"
2019-08-20,2019082001005668,NABIL,20,4,100,777.00,"77,700.00"
2019-08-20,2019082001005394,NABIL,7,55,50,777.00,"38,850.00"
2019-08-20,2019082001005393,NABIL,7,57,49,777.00,"38,073.00"
2019-08-20,2019082001005724,NAGRO,34,44,10,790.00,"7,900.00"
2019-08-20,2019082001005527,NAGRO,57,19,10,800.00,"8,000.00"
2019-08-20,2019082001005523,NAGRO,57,51,10,800.00,"8,000.00"
2019-08-20,2019082001005514,NAGRO,58,57,30,791.00,"23,730.00"
2019-08-20,2019082001005462,NAGRO,57,7,10,799.00,"7,990.00"
2019-08-20,2019082001005647,NBB,51,40,20,217.00,"4,340.00"
2019-08-20,2019082001005422,NBB,28,13,170,216.00,"36,720.00"
2019-08-20,2019082001005403,NBB,28,45,35,216.00,"7,560.00"
2019-08-20,2019082001005402,NBB,34,45,167,216.00,"36,072.00"
2019-08-20,2019082001005312,NBB,34,52,50,216.00,"10,800.00"
2019-08-20,2019082001005739,NBL,21,50,100,325.00,"32,500.00"
2019-08-20,2019082001005487,NBL,58,54,10,326.00,"3,260.00"
2019-08-20,2019082001005469,NBL,58,54,10,326.00,"3,260.00"
2019-08-20,2019082001005425,NBL,21,51,300,325.00,"97,500.00"
2019-08-20,2019082001005424,NBL,21,18,249,325.00,"80,925.00"
2019-08-20,2019082001005546,NCCB,32,59,313,204.00,"63,852.00"
2019-08-20,2019082001005545,NCCB,32,43,187,204.00,"38,148.00"
2019-08-20,2019082001005441,NCCB,7,43,500,204.00,"102,000.00"
2019-08-20,2019082001005406,NCCB,7,59,300,203.00,"60,900.00"
2019-08-20,2019082001005405,NCCB,1,59,35,203.00,"7,105.00"
2019-08-20,2019082001005489,NHPC,34,50,"2,000",60.00,"120,000.00"
2019-08-20,2019082001005652,NIB,54,41,57,472.00,"26,904.00"
2019-08-20,2019082001005415,NIB,55,38,17,472.00,"8,024.00"
2019-08-20,2019082001005414,NIB,55,1,34,472.00,"16,048.00"
2019-08-20,2019082001005741,NIBPO,6,13,379,431.00,"163,349.00"
2019-08-20,2019082001005725,NIL,16,39,75,395.00,"29,625.00"
2019-08-20,2019082001005435,NIL,44,6,300,395.00,"118,500.00"
2019-08-20,2019082001005434,NIL,44,50,100,395.00,"39,500.00"
2019-08-20,2019082001005666,NLG,16,38,32,672.00,"21,504.00"
2019-08-20,2019082001005630,NLG,49,38,10,672.00,"6,720.00"
2019-08-20,2019082001005629,NLG,47,38,20,675.00,"13,500.00"
2019-08-20,2019082001005697,NLIC,42,39,28,861.00,"24,108.00"
2019-08-20,2019082001005696,NLIC,20,42,55,862.00,"47,410.00"
2019-08-20,2019082001005675,NLIC,25,42,30,862.00,"25,860.00"
2019-08-20,2019082001005645,NLIC,56,42,15,862.00,"12,930.00"
2019-08-20,2019082001005417,NLIC,42,4,11,862.00,"9,482.00"
2019-08-20,2019082001005382,NLIC,54,4,50,862.00,"43,100.00"
2019-08-20,2019082001005381,NLIC,41,4,500,862.00,"431,000.00"
2019-08-20,2019082001005380,NLIC,34,4,50,862.00,"43,100.00"
2019-08-20,2019082001005379,NLIC,48,4,189,862.00,"162,918.00"
2019-08-20,2019082001005734,NLICL,18,42,53,553.00,"29,309.00"
2019-08-20,2019082001005659,NLICL,33,42,50,553.00,"27,650.00"
2019-08-20,2019082001005658,NLICL,22,42,10,553.00,"5,530.00"
2019-08-20,2019082001005559,NLICL,22,16,90,553.00,"49,770.00"
2019-08-20,2019082001005533,NLICL,59,45,201,553.00,"111,153.00"
2019-08-20,2019082001005686,NMBSF1,43,47,"20,000",11.10,"222,000.00"
2019-08-20,2019082001005674,NNLB,16,33,80,445.00,"35,600.00"
2019-08-20,2019082001005673,NNLB,40,33,100,445.00,"44,500.00"
2019-08-20,2019082001005672,NNLB,26,33,10,453.00,"4,530.00"
2019-08-20,2019082001005732,NTC,45,36,70,664.00,"46,480.00"
2019-08-20,2019082001005731,NTC,32,36,300,664.00,"199,200.00"
2019-08-20,2019082001005730,NTC,8,36,20,664.00,"13,280.00"
2019-08-20,2019082001005729,NTC,3,36,50,664.00,"33,200.00"
2019-08-20,2019082001005653,NTC,6,57,480,665.00,"319,200.00"
2019-08-20,2019082001005642,PCBL,43,45,275,276.00,"75,900.00"
2019-08-20,2019082001005641,PCBL,43,32,125,276.00,"34,500.00"
2019-08-20,2019082001005612,PCBL,17,32,370,276.00,"102,120.00"
2019-08-20,2019082001005611,PCBL,17,52,30,276.00,"8,280.00"
2019-08-20,2019082001005556,PFL,55,56,11,133.00,"1,463.00"
2019-08-20,2019082001005315,PIC,14,14,10,460.00,"4,600.00"
2019-08-20,2019082001005536,PICL,38,14,50,474.00,"23,700.00"
2019-08-20,2019082001005311,PMHPL,39,21,10,98.00,980.00
2019-08-20,2019082001005687,PPCL,43,1,100,104.00,"10,400.00"
2019-08-20,2019082001005492,PPCL,20,1,10,104.00,"1,040.00"
2019-08-20,2019082001005476,PPCL,43,39,20,104.00,"2,080.00"
2019-08-20,2019082001005475,PPCL,43,41,30,104.00,"3,120.00"
2019-08-20,2019082001005474,PPCL,43,29,10,104.00,"1,040.00"
2019-08-20,2019082001005473,PPCL,43,48,20,104.00,"2,080.00"
2019-08-20,2019082001005466,PPCL,20,48,10,104.00,"1,040.00"
2019-08-20,2019082001005465,PPCL,20,58,10,104.00,"1,040.00"
2019-08-20,2019082001005389,PRIN,29,51,242,347.00,"83,974.00"
2019-08-20,2019082001005388,PRIN,40,51,150,347.00,"52,050.00"
2019-08-20,2019082001005337,PRIN,16,33,250,348.00,"87,000.00"
2019-08-20,2019082001005702,PRVU,57,44,50,269.00,"13,450.00"
2019-08-20,2019082001005610,PRVU,59,44,"1,000",269.00,"269,000.00"
2019-08-20,2019082001005590,PRVU,17,44,100,269.00,"26,900.00"
2019-08-20,2019082001005532,PRVU,34,11,394,268.00,"105,592.00"
2019-08-20,2019082001005531,PRVU,41,11,"1,000",268.00,"268,000.00"
2019-08-20,2019082001005530,PRVU,53,11,600,268.00,"160,800.00"
2019-08-20,2019082001005529,PRVU,47,11,320,268.00,"85,760.00"
2019-08-20,2019082001005695,RBCL,45,25,10,"9,135.00","91,350.00"
2019-08-20,2019082001005776,RHPL,34,37,10,201.00,"2,010.00"
2019-08-20,2019082001005774,RHPL,34,38,40,201.00,"8,040.00"
2019-08-20,2019082001005767,RHPL,34,38,40,201.00,"8,040.00"
2019-08-20,2019082001005762,RHPL,34,39,40,201.00,"8,040.00"
2019-08-20,2019082001005760,RHPL,34,38,40,201.00,"8,040.00"
2019-08-20,2019082001005743,RHPL,34,38,40,201.00,"8,040.00"
2019-08-20,2019082001005310,RHPL,38,48,40,201.00,"8,040.00"
2019-08-20,2019082001005303,RHPL,57,16,30,201.00,"6,030.00"
2019-08-20,2019082001005302,RHPL,57,48,40,201.00,"8,040.00"
2019-08-20,2019082001005300,RHPL,57,49,"1,930",201.00,"387,930.00"
2019-08-20,2019082001005299,RHPL,49,49,380,201.00,"76,380.00"
2019-08-20,2019082001005351,RHPL,38,48,40,201.00,"8,040.00"
2019-08-20,2019082001005340,RHPL,38,25,40,201.00,"8,040.00"
2019-08-20,2019082001005333,RHPL,38,48,50,201.00,"10,050.00"
2019-08-20,2019082001005332,RHPL,38,16,40,201.00,"8,040.00"
2019-08-20,2019082001005322,RHPL,38,48,40,201.00,"8,040.00"
2019-08-20,2019082001005316,RHPL,38,57,50,201.00,"10,050.00"
2019-08-20,2019082001005444,RHPL,38,48,40,201.00,"8,040.00"
2019-08-20,2019082001005429,RHPL,38,17,10,201.00,"2,010.00"
2019-08-20,2019082001005427,RHPL,38,48,40,201.00,"8,040.00"
2019-08-20,2019082001005407,RHPL,38,48,40,201.00,"8,040.00"
2019-08-20,2019082001005404,RHPL,38,17,30,201.00,"6,030.00"
2019-08-20,2019082001005391,RHPL,38,48,40,201.00,"8,040.00"
2019-08-20,2019082001005493,RHPL,16,57,40,200.00,"8,000.00"
2019-08-20,2019082001005479,RHPL,58,52,390,201.00,"78,390.00"
2019-08-20,2019082001005478,RHPL,58,37,10,201.00,"2,010.00"
2019-08-20,2019082001005471,RHPL,58,48,50,201.00,"10,050.00"
2019-08-20,2019082001005461,RHPL,58,48,40,201.00,"8,040.00"
2019-08-20,2019082001005445,RHPL,58,48,10,201.00,"2,010.00"
2019-08-20,2019082001005544,RHPL,34,57,40,201.00,"8,040.00"
2019-08-20,2019082001005538,RHPL,34,38,40,201.00,"8,040.00"
2019-08-20,2019082001005537,RHPL,34,21,30,201.00,"6,030.00"
2019-08-20,2019082001005521,RHPL,16,57,40,200.00,"8,000.00"
2019-08-20,2019082001005508,RHPL,16,36,10,200.00,"2,000.00"
2019-08-20,2019082001005501,RHPL,44,52,"1,110",201.00,"223,110.00"
2019-08-20,2019082001005577,RHPL,34,38,40,201.00,"8,040.00"
2019-08-20,2019082001005572,RHPL,34,38,40,201.00,"8,040.00"
2019-08-20,2019082001005554,RHPL,34,21,30,201.00,"6,030.00"
2019-08-20,2019082001005553,RHPL,34,37,10,201.00,"2,010.00"
2019-08-20,2019082001005551,RHPL,34,6,20,201.00,"4,020.00"
2019-08-20,2019082001005549,RHPL,34,38,40,201.00,"8,040.00"
2019-08-20,2019082001005608,RHPL,34,38,40,201.00,"8,040.00"
2019-08-20,2019082001005599,RHPL,34,38,40,201.00,"8,040.00"
2019-08-20,2019082001005594,RHPL,34,21,30,201.00,"6,030.00"
2019-08-20,2019082001005592,RHPL,34,38,40,201.00,"8,040.00"
2019-08-20,2019082001005589,RHPL,34,38,40,201.00,"8,040.00"
2019-08-20,2019082001005582,RHPL,34,38,40,201.00,"8,040.00"
2019-08-20,2019082001005637,RHPL,34,46,40,201.00,"8,040.00"
2019-08-20,2019082001005623,RHPL,34,38,40,201.00,"8,040.00"
2019-08-20,2019082001005616,RHPL,34,21,30,201.00,"6,030.00"
2019-08-20,2019082001005614,RHPL,34,38,40,201.00,"8,040.00"
2019-08-20,2019082001005613,RHPL,34,46,40,201.00,"8,040.00"
2019-08-20,2019082001005609,RHPL,34,21,30,201.00,"6,030.00"
2019-08-20,2019082001005703,RHPL,34,38,40,201.00,"8,040.00"
2019-08-20,2019082001005691,RHPL,34,50,30,201.00,"6,030.00"
2019-08-20,2019082001005646,RHPL,34,41,40,201.00,"8,040.00"
2019-08-20,2019082001005644,RHPL,33,57,20,202.00,"4,040.00"
2019-08-20,2019082001005643,RHPL,33,26,20,202.00,"4,040.00"
2019-08-20,2019082001005639,RHPL,34,25,40,201.00,"8,040.00"
2019-08-20,2019082001005738,RHPL,34,38,40,201.00,"8,040.00"
2019-08-20,2019082001005733,RHPL,34,38,40,201.00,"8,040.00"
2019-08-20,2019082001005723,RHPL,34,38,40,201.00,"8,040.00"
2019-08-20,2019082001005717,RHPL,34,38,40,201.00,"8,040.00"
2019-08-20,2019082001005713,RHPL,34,38,40,201.00,"8,040.00"
2019-08-20,2019082001005704,RHPL,34,46,30,201.00,"6,030.00"
2019-08-20,2019082001005506,RMDC,42,22,10,662.00,"6,620.00"
2019-08-20,2019082001005622,RRHP,47,46,10,103.00,"1,030.00"
2019-08-20,2019082001005416,RRHP,47,41,10,103.00,"1,030.00"
2019-08-20,2019082001005319,RRHP,47,21,10,103.00,"1,030.00"
2019-08-20,2019082001005451,RSDC,7,33,129,358.00,"46,182.00"
2019-08-20,2019082001005306,RSDC,7,34,21,358.00,"7,518.00"
2019-08-20,2019082001005401,SADBL,25,45,860,147.00,"126,420.00"
2019-08-20,2019082001005400,SADBL,25,46,"1,000",147.00,"147,000.00"
2019-08-20,2019082001005341,SBI,47,57,29,442.00,"12,818.00"
2019-08-20,2019082001005636,SBL,58,57,36,315.00,"11,340.00"
2019-08-20,2019082001005480,SBL,20,57,282,315.00,"88,830.00"
2019-08-20,2019082001005442,SBL,44,57,50,315.00,"15,750.00"
2019-08-20,2019082001005284,SBL,44,57,100,315.00,"31,500.00"
2019-08-20,2019082001005680,SCB,34,47,83,640.00,"53,120.00"
2019-08-20,2019082001005571,SCB,4,47,80,640.00,"51,200.00"
2019-08-20,2019082001005570,SCB,6,47,15,640.00,"9,600.00"
2019-08-20,2019082001005569,SCB,1,47,100,640.00,"64,000.00"
2019-08-20,2019082001005568,SCB,33,47,300,640.00,"192,000.00"
2019-08-20,2019082001005561,SCB,51,47,12,641.00,"7,692.00"
2019-08-20,2019082001005552,SCB,34,56,65,642.00,"41,730.00"
2019-08-20,2019082001005515,SCB,51,19,113,641.00,"72,433.00"
2019-08-20,2019082001005282,SCB,29,29,20,641.00,"12,820.00"
2019-08-20,2019082001005567,SCB,34,47,100,640.00,"64,000.00"
2019-08-20,2019082001005566,SCB,45,47,30,640.00,"19,200.00"
2019-08-20,2019082001005565,SCB,35,47,50,640.00,"32,000.00"
2019-08-20,2019082001005564,SCB,57,47,50,640.00,"32,000.00"
2019-08-20,2019082001005563,SCB,54,47,30,640.00,"19,200.00"
2019-08-20,2019082001005562,SCB,55,47,50,640.00,"32,000.00"
2019-08-20,2019082001005667,SDESI,25,45,90,623.00,"56,070.00"
2019-08-20,2019082001005781,SHIVM,28,36,410,584.00,"239,440.00"
2019-08-20,2019082001005780,SHIVM,29,36,20,584.00,"11,680.00"
2019-08-20,2019082001005779,SHIVM,33,36,50,584.00,"29,200.00"
2019-08-20,2019082001005778,SHIVM,53,36,20,584.00,"11,680.00"
2019-08-20,2019082001005683,SHIVM,53,7,80,584.00,"46,720.00"
2019-08-20,2019082001005682,SHIVM,56,7,100,584.00,"58,400.00"
2019-08-20,2019082001005547,SHIVM,22,33,100,584.00,"58,400.00"
2019-08-20,2019082001005421,SHIVM,4,25,90,585.00,"52,650.00"
2019-08-20,2019082001005420,SHIVM,50,25,150,585.00,"87,750.00"
2019-08-20,2019082001005387,SHIVM,50,45,50,585.00,"29,250.00"
2019-08-20,2019082001005386,SHIVM,4,45,10,585.00,"5,850.00"
2019-08-20,2019082001005321,SHIVM,4,8,50,585.00,"29,250.00"
2019-08-20,2019082001005681,SHIVM,22,7,20,584.00,"11,680.00"
2019-08-20,2019082001005632,SHIVM,22,41,50,584.00,"29,200.00"
2019-08-20,2019082001005625,SHIVM,59,38,100,585.00,"58,500.00"
2019-08-20,2019082001005619,SHIVM,57,38,100,585.00,"58,500.00"
2019-08-20,2019082001005576,SHIVM,37,38,50,585.00,"29,250.00"
2019-08-20,2019082001005558,SHIVM,22,57,20,584.00,"11,680.00"
2019-08-20,2019082001005773,SHL,43,43,200,227.00,"45,400.00"
2019-08-20,2019082001005772,SHL,10,43,100,227.00,"22,700.00"
2019-08-20,2019082001005771,SHL,56,43,100,227.00,"22,700.00"
2019-08-20,2019082001005770,SHL,58,43,100,228.00,"22,800.00"
2019-08-20,2019082001005638,SHL,32,43,"1,000",228.00,"228,000.00"
2019-08-20,2019082001005534,SHPC,45,26,"1,000",226.00,"226,000.00"
2019-08-20,2019082001005618,SICL,46,55,10,780.00,"7,800.00"
2019-08-20,2019082001005627,SIL,46,35,11,427.00,"4,697.00"
2019-08-20,2019082001005766,SJCL,7,17,300,217.00,"65,100.00"
2019-08-20,2019082001005728,SJCL,37,22,300,216.00,"64,800.00"
2019-08-20,2019082001005718,SJCL,37,46,20,216.00,"4,320.00"
2019-08-20,2019082001005662,SJCL,57,17,500,217.00,"108,500.00"
2019-08-20,2019082001005661,SJCL,7,17,70,217.00,"15,190.00"
2019-08-20,2019082001005651,SJCL,7,37,10,217.00,"2,170.00"
2019-08-20,2019082001005320,SJCL,37,44,20,216.00,"4,320.00"
2019-08-20,2019082001005318,SJCL,37,48,20,216.00,"4,320.00"
2019-08-20,2019082001005314,SJCL,37,16,20,216.00,"4,320.00"
2019-08-20,2019082001005307,SJCL,37,44,20,216.00,"4,320.00"
2019-08-20,2019082001005298,SJCL,37,44,20,216.00,"4,320.00"
2019-08-20,2019082001005285,SJCL,37,48,20,216.00,"4,320.00"
2019-08-20,2019082001005349,SJCL,37,16,20,216.00,"4,320.00"
2019-08-20,2019082001005338,SJCL,37,44,20,216.00,"4,320.00"
2019-08-20,2019082001005329,SJCL,37,44,20,216.00,"4,320.00"
2019-08-20,2019082001005327,SJCL,37,48,20,216.00,"4,320.00"
2019-08-20,2019082001005396,SJCL,37,48,20,216.00,"4,320.00"
2019-08-20,2019082001005392,SJCL,37,44,20,216.00,"4,320.00"
2019-08-20,2019082001005385,SJCL,37,57,20,216.00,"4,320.00"
2019-08-20,2019082001005378,SJCL,37,48,20,216.00,"4,320.00"
2019-08-20,2019082001005373,SJCL,37,44,20,216.00,"4,320.00"
2019-08-20,2019082001005372,SJCL,37,25,20,216.00,"4,320.00"
2019-08-20,2019082001005437,SJCL,37,17,10,216.00,"2,160.00"
2019-08-20,2019082001005436,SJCL,37,48,20,216.00,"4,320.00"
2019-08-20,2019082001005419,SJCL,37,44,20,216.00,"4,320.00"
2019-08-20,2019082001005413,SJCL,37,48,20,216.00,"4,320.00"
2019-08-20,2019082001005409,SJCL,37,17,20,216.00,"4,320.00"
2019-08-20,2019082001005408,SJCL,37,44,20,216.00,"4,320.00"
2019-08-20,2019082001005495,SJCL,37,37,10,216.00,"2,160.00"
2019-08-20,2019082001005490,SJCL,37,44,20,216.00,"4,320.00"
2019-08-20,2019082001005460,SJCL,37,44,20,216.00,"4,320.00"
2019-08-20,2019082001005458,SJCL,55,17,30,217.00,"6,510.00"
2019-08-20,2019082001005450,SJCL,37,49,10,216.00,"2,160.00"
2019-08-20,2019082001005443,SJCL,37,51,10,216.00,"2,160.00"
2019-08-20,2019082001005518,SJCL,37,36,10,216.00,"2,160.00"
2019-08-20,2019082001005509,SJCL,37,44,20,216.00,"4,320.00"
2019-08-20,2019082001005507,SJCL,37,57,20,216.00,"4,320.00"
2019-08-20,2019082001005497,SJCL,37,32,10,216.00,"2,160.00"
2019-08-20,2019082001005496,SJCL,37,44,20,216.00,"4,320.00"
2019-08-20,2019082001005579,SJCL,37,48,20,216.00,"4,320.00"
2019-08-20,2019082001005573,SJCL,37,48,20,216.00,"4,320.00"
2019-08-20,2019082001005555,SJCL,37,48,20,216.00,"4,320.00"
2019-08-20,2019082001005548,SJCL,37,48,20,216.00,"4,320.00"
2019-08-20,2019082001005541,SJCL,37,6,20,216.00,"4,320.00"
2019-08-20,2019082001005535,SJCL,37,48,20,216.00,"4,320.00"
2019-08-20,2019082001005648,SJCL,7,46,20,217.00,"4,340.00"
2019-08-20,2019082001005633,SJCL,7,25,20,217.00,"4,340.00"
2019-08-20,2019082001005628,SJCL,7,46,10,217.00,"2,170.00"
2019-08-20,2019082001005607,SJCL,7,17,870,217.00,"188,790.00"
2019-08-20,2019082001005591,SJCL,37,41,20,216.00,"4,320.00"
2019-08-20,2019082001005580,SJCL,37,57,20,216.00,"4,320.00"
2019-08-20,2019082001005439,SLBBL,57,17,10,567.00,"5,670.00"
2019-08-20,2019082001005426,SLBBL,48,57,100,556.00,"55,600.00"
2019-08-20,2019082001005634,SLBSL,52,17,20,676.00,"13,520.00"
2019-08-20,2019082001005606,SLBSL,52,17,25,676.00,"16,900.00"
2019-08-20,2019082001005605,SLBSL,5,17,40,677.00,"27,080.00"
2019-08-20,2019082001005604,SLBSL,52,17,50,680.00,"34,000.00"
2019-08-20,2019082001005603,SLBSL,5,17,50,681.00,"34,050.00"
2019-08-20,2019082001005602,SLBSL,5,17,10,681.00,"6,810.00"
2019-08-20,2019082001005601,SLBSL,5,17,20,683.00,"13,660.00"
2019-08-20,2019082001005600,SLBSL,57,17,100,684.00,"68,400.00"
2019-08-20,2019082001005690,SLICL,16,22,184,300.00,"55,200.00"
2019-08-20,2019082001005689,SLICL,28,22,100,301.00,"30,100.00"
2019-08-20,2019082001005688,SLICL,58,22,16,301.00,"4,816.00"
2019-08-20,2019082001005617,SLICL,58,17,24,301.00,"7,224.00"
2019-08-20,2019082001005525,SLICL,58,51,20,301.00,"6,020.00"
2019-08-20,2019082001005596,SMB,34,37,10,497.00,"4,970.00"
2019-08-20,2019082001005649,SMFBS,57,1,10,825.00,"8,250.00"
2019-08-20,2019082001005640,SMFBS,57,34,10,830.00,"8,300.00"
2019-08-20,2019082001005588,SMFBS,34,25,10,818.00,"8,180.00"
2019-08-20,2019082001005575,SMFBS,57,13,10,829.00,"8,290.00"
2019-08-20,2019082001005542,SMFBS,34,29,10,818.00,"8,180.00"
2019-08-20,2019082001005467,SMFBS,34,49,10,818.00,"8,180.00"
2019-08-20,2019082001005452,SMFBS,57,13,10,829.00,"8,290.00"
2019-08-20,2019082001005352,SMFBS,34,37,10,818.00,"8,180.00"
2019-08-20,2019082001005309,SMFBS,34,39,10,818.00,"8,180.00"
2019-08-20,2019082001005308,SMFBS,33,39,10,819.00,"8,190.00"
2019-08-20,2019082001005665,SMFDB,5,45,100,550.00,"55,000.00"
2019-08-20,2019082001005468,SMFDB,5,49,100,550.00,"55,000.00"
2019-08-20,2019082001005656,SPARS,34,44,10,613.00,"6,130.00"
2019-08-20,2019082001005550,SPARS,34,17,20,613.00,"12,260.00"
2019-08-20,2019082001005455,SPARS,34,17,800,614.00,"491,200.00"
2019-08-20,2019082001005454,SPARS,19,17,20,615.00,"12,300.00"
2019-08-20,2019082001005453,SPARS,34,17,20,615.00,"12,300.00"
2019-08-20,2019082001005428,SPARS,34,37,10,615.00,"6,150.00"
2019-08-20,2019082001005716,SRBL,1,6,384,232.00,"89,088.00"
2019-08-20,2019082001005715,SRBL,3,6,616,232.00,"142,912.00"
2019-08-20,2019082001005714,SRBL,14,6,500,232.00,"116,000.00"
2019-08-20,2019082001005448,SRBL,51,26,48,233.00,"11,184.00"
2019-08-20,2019082001005433,SRBL,51,38,52,233.00,"12,116.00"
2019-08-20,2019082001005432,SRBL,43,38,78,233.00,"18,174.00"
2019-08-20,2019082001005657,SWBBL,41,56,61,915.00,"55,815.00"
2019-08-20,2019082001005701,TRH,29,45,380,303.00,"115,140.00"
2019-08-20,2019082001005339,UMHL,32,21,10,105.00,"1,050.00"
2019-08-20,2019082001005343,UPCL,45,57,30,81.00,"2,430.00"
2019-08-20,2019082001005655,UPPER,44,41,50,255.00,"12,750.00"
2019-08-20,2019082001005654,UPPER,48,41,39,255.00,"9,945.00"
2019-08-20,2019082001005621,UPPER,48,57,90,255.00,"22,950.00"
2019-08-20,2019082001005477,UPPER,48,49,40,255.00,"10,200.00"
2019-08-20,2019082001005291,UPPER,47,49,200,255.00,"51,000.00"
2019-08-20,2019082001005290,UPPER,25,49,331,255.00,"84,405.00"
2019-08-20,2019082001005283,UPPER,25,29,50,255.00,"12,750.00"
2019-08-20,2019082001005326,UPPER,48,21,112,255.00,"28,560.00"
2019-08-20,2019082001005297,UPPER,48,21,50,255.00,"12,750.00"
2019-08-20,2019082001005294,UPPER,48,49,169,255.00,"43,095.00"
2019-08-20,2019082001005293,UPPER,49,49,500,255.00,"127,500.00"
2019-08-20,2019082001005292,UPPER,11,49,500,255.00,"127,500.00"
2019-08-20,2019082001005172,ALBSL,22,17,80,467.00,"37,360.00"
2019-08-20,2019082001005142,ALICL,40,1,37,340.00,"12,580.00"
2019-08-20,2019082001005128,ALICL,32,1,200,340.00,"68,000.00"
2019-08-20,2019082001005065,ALICL,48,25,100,340.00,"34,000.00"
2019-08-20,2019082001005246,API,25,20,15,131.00,"1,965.00"
2019-08-20,2019082001005245,API,25,43,200,130.00,"26,000.00"
2019-08-20,2019082001004957,API,45,38,300,129.00,"38,700.00"
2019-08-20,2019082001005235,BARUN,54,17,50,87.00,"4,350.00"
2019-08-20,2019082001005234,BARUN,56,17,19,87.00,"1,653.00"
2019-08-20,2019082001004901,BOKL,44,25,48,257.00,"12,336.00"
2019-08-20,2019082001004900,BOKL,40,25,100,257.00,"25,700.00"
2019-08-20,2019082001004899,BOKL,38,25,50,257.00,"12,850.00"
2019-08-20,2019082001004898,BOKL,38,25,50,257.00,"12,850.00"
2019-08-20,2019082001004798,BOKL,44,33,101,257.00,"25,957.00"
2019-08-20,2019082001005054,BPCL,37,36,100,386.00,"38,600.00"
2019-08-20,2019082001005053,BPCL,5,36,200,386.00,"77,200.00"
2019-08-20,2019082001005276,CBBL,57,22,150,990.00,"148,500.00"
2019-08-20,2019082001005275,CBBL,17,22,100,990.00,"99,000.00"
2019-08-20,2019082001005274,CBBL,45,22,56,991.00,"55,496.00"
2019-08-20,2019082001005171,CBBL,45,6,227,991.00,"224,957.00"
2019-08-20,2019082001005156,CBBL,45,6,200,991.00,"198,200.00"
2019-08-20,2019082001005143,CBBL,45,6,300,991.00,"297,300.00"
2019-08-20,2019082001004978,CBBL,45,48,150,991.00,"148,650.00"
2019-08-20,2019082001005183,CBL,46,26,25,147.00,"3,675.00"
2019-08-20,2019082001005081,CBL,43,26,200,147.00,"29,400.00"
2019-08-20,2019082001005080,CBL,17,26,100,147.00,"14,700.00"
2019-08-20,2019082001005079,CBL,52,26,20,147.00,"2,940.00"
2019-08-20,2019082001005078,CBL,37,26,300,147.00,"44,100.00"
2019-08-20,2019082001005077,CBL,36,26,500,147.00,"73,500.00"
2019-08-20,2019082001005076,CBL,13,26,500,147.00,"73,500.00"
2019-08-20,2019082001005075,CBL,40,26,500,147.00,"73,500.00"
2019-08-20,2019082001005074,CBL,29,26,100,147.00,"14,700.00"
2019-08-20,2019082001005073,CBL,47,26,100,147.00,"14,700.00"
2019-08-20,2019082001005072,CBL,7,26,305,147.00,"44,835.00"
2019-08-20,2019082001004803,CHCL,55,28,15,450.00,"6,750.00"
2019-08-20,2019082001005170,CIT,58,22,75,"2,350.00","176,250.00"
2019-08-20,2019082001005118,CIT,14,52,20,"2,345.00","46,900.00"
2019-08-20,2019082001005226,CZBIL,39,29,10,215.00,"2,150.00"
2019-08-20,2019082001005116,CZBIL,29,26,10,216.00,"2,160.00"
2019-08-20,2019082001005020,CZBIL,58,26,100,216.00,"21,600.00"
2019-08-20,2019082001005007,CZBIL,45,26,100,216.00,"21,600.00"
2019-08-20,2019082001005006,CZBIL,21,26,500,216.00,"108,000.00"
2019-08-20,2019082001005005,CZBIL,41,26,100,216.00,"21,600.00"
2019-08-20,2019082001005004,CZBIL,1,26,200,216.00,"43,200.00"
2019-08-20,2019082001005003,CZBIL,51,26,38,216.00,"8,208.00"
2019-08-20,2019082001005002,CZBIL,35,26,200,217.00,"43,400.00"
2019-08-20,2019082001005115,DBBL,56,26,125,136.00,"17,000.00"
2019-08-20,2019082001005114,DBBL,45,26,348,136.00,"47,328.00"
2019-08-20,2019082001005113,DBBL,37,26,51,136.00,"6,936.00"
2019-08-20,2019082001005210,DDBL,25,25,31,751.00,"23,281.00"
2019-08-20,2019082001005148,DDBL,45,25,"1,000",751.00,"751,000.00"
2019-08-20,2019082001005147,DDBL,44,25,50,751.00,"37,550.00"
2019-08-20,2019082001005146,DDBL,45,25,340,752.00,"255,680.00"
2019-08-20,2019082001005141,DDBL,45,19,100,752.00,"75,200.00"
2019-08-20,2019082001005094,DDBL,45,46,400,752.00,"300,800.00"
2019-08-20,2019082001005047,DDBL,25,44,20,753.00,"15,060.00"
2019-08-20,2019082001004993,DDBL,57,44,200,753.00,"150,600.00"
2019-08-20,2019082001004887,DDBL,45,34,100,752.00,"75,200.00"
2019-08-20,2019082001004988,DHPL,14,22,10,57.00,570.00
2019-08-20,2019082001004838,DHPL,22,22,50,58.00,"2,900.00"
2019-08-20,2019082001004805,DHPL,22,22,33,59.00,"1,947.00"
2019-08-20,2019082001005189,EBL,33,41,100,648.00,"64,800.00"
2019-08-20,2019082001004942,EBL,33,44,81,648.00,"52,488.00"
2019-08-20,2019082001004941,EBL,41,44,19,648.00,"12,312.00"
2019-08-20,2019082001004863,EBL,58,36,50,649.00,"32,450.00"
2019-08-20,2019082001004791,EBL,41,41,81,648.00,"52,488.00"
2019-08-20,2019082001004790,EBL,58,41,119,648.00,"77,112.00"
2019-08-20,2019082001005221,FOWAD,48,33,10,"1,340.00","13,400.00"
2019-08-20,2019082001005220,FOWAD,19,33,21,"1,340.00","28,140.00"
2019-08-20,2019082001005219,FOWAD,25,33,20,"1,341.00","26,820.00"
2019-08-20,2019082001004885,FOWAD,19,43,79,"1,340.00","105,860.00"
2019-08-20,2019082001004884,FOWAD,17,43,20,"1,340.00","26,800.00"
2019-08-20,2019082001004839,FOWAD,45,22,19,"1,345.00","25,555.00"
2019-08-20,2019082001004809,FOWAD,52,52,19,"1,346.00","25,574.00"
2019-08-20,2019082001005243,GBLBS,19,25,50,359.00,"17,950.00"
2019-08-20,2019082001005242,GBLBS,36,25,600,359.00,"215,400.00"
2019-08-20,2019082001005241,GBLBS,35,25,40,359.00,"14,360.00"
2019-08-20,2019082001005198,GBLBS,35,21,10,359.00,"3,590.00"
2019-08-20,2019082001004800,GDBL,47,53,250,207.00,"51,750.00"
2019-08-20,2019082001004816,GILB,21,33,20,764.00,"15,280.00"
2019-08-20,2019082001005258,GLICL,40,17,180,456.00,"82,080.00"
2019-08-20,2019082001005257,GLICL,22,17,20,456.00,"9,120.00"
2019-08-20,2019082001005110,GLICL,41,25,50,458.00,"22,900.00"
2019-08-20,2019082001004829,GLICL,42,42,7,456.00,"3,192.00"
2019-08-20,2019082001005277,GMFBS,39,38,10,563.00,"5,630.00"
2019-08-20,2019082001005268,GMFBS,39,38,10,563.00,"5,630.00"
2019-08-20,2019082001005187,GMFBS,17,17,200,562.00,"112,400.00"
2019-08-20,2019082001005186,GMFBS,39,17,100,562.00,"56,200.00"
2019-08-20,2019082001005164,GMFBS,55,17,10,570.00,"5,700.00"
2019-08-20,2019082001005163,GMFBS,42,17,150,570.00,"85,500.00"
2019-08-20,2019082001005162,GMFBS,39,17,180,571.00,"102,780.00"
2019-08-20,2019082001005161,GMFBS,43,17,30,571.00,"17,130.00"
2019-08-20,2019082001005160,GMFBS,33,17,50,571.00,"28,550.00"
2019-08-20,2019082001005159,GMFBS,39,17,20,571.00,"11,420.00"
2019-08-20,2019082001005158,GMFBS,21,17,200,572.00,"114,400.00"
2019-08-20,2019082001005157,GMFBS,57,17,10,572.00,"5,720.00"
2019-08-20,2019082001005273,HGI,51,39,50,327.00,"16,350.00"
2019-08-20,2019082001005225,HGI,51,52,140,326.00,"45,640.00"
2019-08-20,2019082001005151,HGI,47,52,20,326.00,"6,520.00"
2019-08-20,2019082001005228,HPPL,34,29,10,154.00,"1,540.00"
2019-08-20,2019082001005213,HPPL,29,21,10,155.00,"1,550.00"
2019-08-20,2019082001005049,ILBS,34,38,10,470.00,"4,700.00"
2019-08-20,2019082001005042,ILBS,34,38,10,470.00,"4,700.00"
2019-08-20,2019082001005021,ILBS,34,38,10,470.00,"4,700.00"
2019-08-20,2019082001005010,ILBS,34,38,10,470.00,"4,700.00"
2019-08-20,2019082001004994,ILBS,34,38,10,470.00,"4,700.00"
2019-08-20,2019082001004986,ILBS,34,38,10,470.00,"4,700.00"
2019-08-20,2019082001004828,ILBS,11,38,10,471.00,"4,710.00"
2019-08-20,2019082001004873,ILBS,11,38,10,471.00,"4,710.00"
2019-08-20,2019082001004870,ILBS,11,38,10,471.00,"4,710.00"
2019-08-20,2019082001004861,ILBS,11,38,10,471.00,"4,710.00"
2019-08-20,2019082001004860,ILBS,11,38,10,471.00,"4,710.00"
2019-08-20,2019082001004855,ILBS,11,38,10,471.00,"4,710.00"
2019-08-20,2019082001004837,ILBS,11,38,10,471.00,"4,710.00"
2019-08-20,2019082001004971,ILBS,34,38,10,470.00,"4,700.00"
2019-08-20,2019082001004962,ILBS,34,38,10,470.00,"4,700.00"
2019-08-20,2019082001004953,ILBS,34,38,10,470.00,"4,700.00"
2019-08-20,2019082001004938,ILBS,34,38,10,470.00,"4,700.00"
2019-08-20,2019082001004902,ILBS,34,38,10,470.00,"4,700.00"
2019-08-20,2019082001004880,ILBS,11,38,10,471.00,"4,710.00"
2019-08-20,2019082001005255,JBBL,17,56,379,157.00,"59,503.00"
2019-08-20,2019082001005254,JBBL,46,56,21,157.00,"3,297.00"
2019-08-20,2019082001004812,JBBL,46,28,29,157.00,"4,553.00"
2019-08-20,2019082001005231,JOSHI,29,29,20,67.00,"1,340.00"
2019-08-20,2019082001004799,JOSHI,19,25,20,66.00,"1,320.00"
2019-08-20,2019082001005067,KBL,25,38,15,204.00,"3,060.00"
2019-08-20,2019082001005066,KBL,25,51,100,204.00,"20,400.00"
2019-08-20,2019082001004852,KBL,7,52,50,204.00,"10,200.00"
2019-08-20,2019082001004851,KBL,55,52,150,204.00,"30,600.00"
2019-08-20,2019082001004850,KBL,40,52,800,204.00,"163,200.00"
2019-08-20,2019082001005014,KKHC,54,29,70,62.00,"4,340.00"
2019-08-20,2019082001005232,KPCL,13,21,10,83.00,830.00
2019-08-20,2019082001004886,KPCL,13,21,10,83.00,830.00
2019-08-20,2019082001004968,LBBL,44,25,33,178.00,"5,874.00"
2019-08-20,2019082001004935,LBL,26,26,90,213.00,"19,170.00"
2019-08-20,2019082001004934,LBL,38,26,500,213.00,"106,500.00"
2019-08-20,2019082001004933,LBL,47,26,120,213.00,"25,560.00"
2019-08-20,2019082001004932,LBL,38,26,50,213.00,"10,650.00"
2019-08-20,2019082001004925,LBL,48,26,134,213.00,"28,542.00"
2019-08-20,2019082001004924,LBL,21,26,150,214.00,"32,100.00"
2019-08-20,2019082001004931,LBL,36,26,"1,000",213.00,"213,000.00"
2019-08-20,2019082001004930,LBL,32,26,100,213.00,"21,300.00"
2019-08-20,2019082001004929,LBL,7,26,50,213.00,"10,650.00"
2019-08-20,2019082001004928,LBL,34,26,500,213.00,"106,500.00"
2019-08-20,2019082001004927,LBL,38,26,100,213.00,"21,300.00"
2019-08-20,2019082001004926,LBL,26,26,"1,000",213.00,"213,000.00"
2019-08-20,2019082001005267,LGIL,47,49,20,401.00,"8,020.00"
2019-08-20,2019082001005044,LICN,40,35,100,"1,117.00","111,700.00"
2019-08-20,2019082001005043,LICN,55,35,30,"1,120.00","33,600.00"
2019-08-20,2019082001004782,LLBS,55,57,10,750.00,"7,500.00"
2019-08-20,2019082001004970,LVF1,43,58,"5,000",9.49,"47,450.00"
2019-08-20,2019082001004853,MEGA,25,40,115,200.00,"23,000.00"
2019-08-20,2019082001004834,MEGA,42,40,50,200.00,"10,000.00"
2019-08-20,2019082001004874,MEGA,49,40,324,200.00,"64,800.00"
2019-08-20,2019082001005266,MHNL,39,59,120,99.00,"11,880.00"
2019-08-20,2019082001005240,MHNL,59,59,"1,000",98.00,"98,000.00"
2019-08-20,2019082001005239,MHNL,29,59,100,98.00,"9,800.00"
2019-08-20,2019082001005238,MHNL,59,59,500,98.00,"49,000.00"
2019-08-20,2019082001005237,MHNL,21,59,200,98.00,"19,600.00"
2019-08-20,2019082001005236,MHNL,34,59,80,98.00,"7,840.00"
2019-08-20,2019082001005197,MLBL,57,50,519,209.00,"108,471.00"
2019-08-20,2019082001005196,MLBL,57,58,358,209.00,"74,822.00"
2019-08-20,2019082001005195,MLBL,57,26,108,209.00,"22,572.00"
2019-08-20,2019082001005194,MLBL,57,17,"2,265",209.00,"473,385.00"
2019-08-20,2019082001005126,MLBL,17,17,235,209.00,"49,115.00"
2019-08-20,2019082001005125,MLBL,17,49,165,209.00,"34,485.00"
2019-08-20,2019082001005019,MSMBS,36,45,150,510.00,"76,500.00"
2019-08-20,2019082001005018,MSMBS,44,45,50,512.00,"25,600.00"
2019-08-20,2019082001005017,MSMBS,38,45,13,513.00,"6,669.00"
2019-08-20,2019082001005016,MSMBS,40,45,89,514.00,"45,746.00"
2019-08-20,2019082001004991,MSMBS,40,56,11,514.00,"5,654.00"
2019-08-20,2019082001005058,NABIL,52,57,51,777.00,"39,627.00"
2019-08-20,2019082001005056,NABIL,4,35,20,778.00,"15,560.00"
2019-08-20,2019082001004937,NABIL,42,35,50,778.00,"38,900.00"
2019-08-20,2019082001004797,NABIL,52,29,621,777.00,"482,517.00"
2019-08-20,2019082001005270,NADEP,58,57,11,496.00,"5,456.00"
2019-08-20,2019082001005260,NADEP,35,17,50,487.00,"24,350.00"
2019-08-20,2019082001005259,NADEP,25,17,30,489.00,"14,670.00"
2019-08-20,2019082001005248,NADEP,25,21,10,489.00,"4,890.00"
2019-08-20,2019082001004992,NADEP,25,22,20,489.00,"9,780.00"
2019-08-20,2019082001005250,NAGRO,58,38,10,791.00,"7,910.00"
2019-08-20,2019082001005218,NAGRO,58,38,10,791.00,"7,910.00"
2019-08-20,2019082001005211,NAGRO,58,38,10,791.00,"7,910.00"
2019-08-20,2019082001005200,NAGRO,58,38,10,791.00,"7,910.00"
2019-08-20,2019082001005188,NAGRO,58,38,10,791.00,"7,910.00"
2019-08-20,2019082001004985,NAGRO,58,22,10,791.00,"7,910.00"
2019-08-20,2019082001005127,NBB,33,40,10,217.00,"2,170.00"
2019-08-20,2019082001005120,NBB,34,58,769,216.00,"166,104.00"
2019-08-20,2019082001005117,NBB,34,22,250,216.00,"54,000.00"
2019-08-20,2019082001005112,NBB,26,40,310,217.00,"67,270.00"
2019-08-20,2019082001005111,NBB,26,34,190,217.00,"41,230.00"
2019-08-20,2019082001004990,NBB,34,57,330,216.00,"71,280.00"
2019-08-20,2019082001004875,NBB,34,38,100,216.00,"21,600.00"
2019-08-20,2019082001005150,NBL,16,43,100,324.00,"32,400.00"
2019-08-20,2019082001004977,NBL,57,26,"1,893",323.00,"611,439.00"
2019-08-20,2019082001004976,NBL,32,26,500,323.00,"161,500.00"
2019-08-20,2019082001004975,NBL,22,26,"1,000",323.00,"323,000.00"
2019-08-20,2019082001004974,NBL,6,26,500,323.00,"161,500.00"
2019-08-20,2019082001004973,NBL,25,26,50,324.00,"16,200.00"
2019-08-20,2019082001004907,NBL,59,44,100,324.00,"32,400.00"
2019-08-20,2019082001004906,NBL,22,44,100,324.00,"32,400.00"
2019-08-20,2019082001004905,NBL,34,44,950,324.00,"307,800.00"
2019-08-20,2019082001004904,NBL,49,44,300,324.00,"97,200.00"
2019-08-20,2019082001004903,NBL,32,44,300,324.00,"97,200.00"
2019-08-20,2019082001004804,NBL,58,41,300,324.00,"97,200.00"
2019-08-20,2019082001004913,NBL,45,44,200,324.00,"64,800.00"
2019-08-20,2019082001004912,NBL,34,44,50,324.00,"16,200.00"
2019-08-20,2019082001004911,NBL,54,44,500,324.00,"162,000.00"
2019-08-20,2019082001004910,NBL,53,44,"2,000",324.00,"648,000.00"
2019-08-20,2019082001004909,NBL,34,44,500,324.00,"162,000.00"
2019-08-20,2019082001004908,NBL,41,44,500,324.00,"162,000.00"
2019-08-20,2019082001004972,NBL,16,26,57,324.00,"18,468.00"
2019-08-20,2019082001004918,NBL,16,21,50,324.00,"16,200.00"
2019-08-20,2019082001004917,NBL,16,44,203,324.00,"65,772.00"
2019-08-20,2019082001004916,NBL,21,44,200,324.00,"64,800.00"
2019-08-20,2019082001004915,NBL,40,44,300,324.00,"97,200.00"
2019-08-20,2019082001004914,NBL,42,44,150,324.00,"48,600.00"
2019-08-20,2019082001005178,NCCB,57,43,23,204.00,"4,692.00"
2019-08-20,2019082001005107,NCCB,1,38,100,203.00,"20,300.00"
2019-08-20,2019082001004995,NCCB,1,38,100,203.00,"20,300.00"
2019-08-20,2019082001004983,NCCB,1,10,65,203.00,"13,195.00"
2019-08-20,2019082001004846,NCCB,54,43,400,203.00,"81,200.00"
2019-08-20,2019082001004845,NCCB,54,43,400,203.00,"81,200.00"
2019-08-20,2019082001004844,NCCB,45,43,200,203.00,"40,600.00"
2019-08-20,2019082001004843,NCCB,34,43,"1,000",203.00,"203,000.00"
2019-08-20,2019082001004842,NCCB,55,43,200,203.00,"40,600.00"
2019-08-20,2019082001004841,NCCB,16,43,50,203.00,"10,150.00"
2019-08-20,2019082001004840,NCCB,53,43,40,204.00,"8,160.00"
2019-08-20,2019082001005244,NEF,10,29,241,8.00,"1,928.00"
2019-08-20,2019082001005217,NEF,29,52,241,8.09,"1,949.69"
2019-08-20,2019082001005205,NGPL,1,58,25,111.00,"2,775.00"
2019-08-20,2019082001005204,NGPL,1,58,298,112.00,"33,376.00"
2019-08-20,2019082001005203,NGPL,32,58,100,112.00,"11,200.00"
2019-08-20,2019082001005202,NGPL,21,58,500,113.00,"56,500.00"
2019-08-20,2019082001005201,NGPL,48,58,67,113.00,"7,571.00"
2019-08-20,2019082001004881,NHPC,34,52,800,60.00,"48,000.00"
2019-08-20,2019082001005000,NIB,48,1,50,472.00,"23,600.00"
2019-08-20,2019082001004981,NIB,26,10,165,471.00,"77,715.00"
2019-08-20,2019082001004936,NIB,26,25,200,471.00,"94,200.00"
2019-08-20,2019082001004864,NIB,17,1,61,472.00,"28,792.00"
2019-08-20,2019082001004801,NIB,26,52,356,471.00,"167,676.00"
2019-08-20,2019082001004868,NIBSF1,54,47,"1,000",9.50,"9,500.00"
2019-08-20,2019082001005265,NICA,25,42,142,454.00,"64,468.00"
2019-08-20,2019082001005264,NICA,39,42,200,454.00,"90,800.00"
2019-08-20,2019082001005263,NICA,56,42,58,454.00,"26,332.00"
2019-08-20,2019082001005001,NICA,58,4,100,455.00,"45,500.00"
2019-08-20,2019082001004980,NICA,53,4,829,455.00,"377,195.00"
2019-08-20,2019082001004979,NICA,53,4,171,455.00,"77,805.00"
2019-08-20,2019082001004955,NICA,39,4,100,455.00,"45,500.00"
2019-08-20,2019082001004820,NICA,48,4,10,455.00,"4,550.00"
2019-08-20,2019082001004819,NICL,45,28,65,303.00,"19,695.00"
2019-08-20,2019082001005199,NIL,13,49,171,394.00,"67,374.00"
2019-08-20,2019082001005185,NIL,47,49,20,395.00,"7,900.00"
2019-08-20,2019082001005216,NLBBL,14,22,100,561.00,"56,100.00"
2019-08-20,2019082001005215,NLBBL,33,22,42,561.00,"23,562.00"
2019-08-20,2019082001005176,NLBBL,14,22,20,562.00,"11,240.00"
2019-08-20,2019082001005175,NLBBL,37,22,150,562.00,"84,300.00"
2019-08-20,2019082001005174,NLBBL,7,22,26,562.00,"14,612.00"
2019-08-20,2019082001005092,NLBBL,17,13,150,564.00,"84,600.00"
2019-08-20,2019082001005130,NLG,49,25,40,672.00,"26,880.00"
2019-08-20,2019082001005129,NLG,25,25,10,673.00,"6,730.00"
2019-08-20,2019082001005165,NLIC,57,6,41,865.00,"35,465.00"
2019-08-20,2019082001005088,NLIC,4,6,30,865.00,"25,950.00"
2019-08-20,2019082001005045,NLIC,48,17,11,862.00,"9,482.00"
2019-08-20,2019082001005038,NLIC,33,17,24,863.00,"20,712.00"
2019-08-20,2019082001005037,NLIC,33,17,65,863.00,"56,095.00"
2019-08-20,2019082001005036,NLIC,53,17,20,863.00,"17,260.00"
2019-08-20,2019082001004802,NLIC,17,6,200,865.00,"173,000.00"
2019-08-20,2019082001005035,NLIC,43,17,11,863.00,"9,493.00"
2019-08-20,2019082001004999,NLIC,58,6,100,865.00,"86,500.00"
2019-08-20,2019082001004967,NLIC,42,17,200,864.00,"172,800.00"
2019-08-20,2019082001004966,NLIC,25,17,100,864.00,"86,400.00"
2019-08-20,2019082001004965,NLIC,1,17,50,864.00,"43,200.00"
2019-08-20,2019082001004964,NLIC,11,17,20,864.00,"17,280.00"
2019-08-20,2019082001004827,NLICL,20,33,48,551.00,"26,448.00"
2019-08-20,2019082001004784,NLICL,26,33,65,553.00,"35,945.00"
2019-08-20,2019082001005039,NMFBS,55,34,25,"1,472.00","36,800.00"
2019-08-20,2019082001005108,NNLB,57,17,50,454.00,"22,700.00"
2019-08-20,2019082001005093,NNLB,45,17,100,455.00,"45,500.00"
2019-08-20,2019082001005252,NSEWA,11,11,10,436.00,"4,360.00"
2019-08-20,2019082001005229,NSEWA,11,11,10,436.00,"4,360.00"
2019-08-20,2019082001005137,NSEWA,17,17,55,435.00,"23,925.00"
2019-08-20,2019082001005136,NSEWA,52,17,50,436.00,"21,800.00"
2019-08-20,2019082001005135,NSEWA,11,17,30,436.00,"13,080.00"
2019-08-20,2019082001005134,NSEWA,34,17,50,437.00,"21,850.00"
2019-08-20,2019082001005133,NSEWA,45,17,30,437.00,"13,110.00"
2019-08-20,2019082001005132,NSEWA,28,17,10,442.00,"4,420.00"
2019-08-20,2019082001005124,NTC,4,57,20,665.00,"13,300.00"
2019-08-20,2019082001005227,NUBL,34,1,80,868.00,"69,440.00"
2019-08-20,2019082001005063,NUBL,34,17,836,868.00,"725,648.00"
2019-08-20,2019082001005062,NUBL,58,17,150,869.00,"130,350.00"
2019-08-20,2019082001005061,NUBL,48,17,34,869.00,"29,546.00"
2019-08-20,2019082001005060,NUBL,55,17,10,870.00,"8,700.00"
2019-08-20,2019082001005059,NUBL,42,17,20,870.00,"17,400.00"
2019-08-20,2019082001005040,PCBL,21,42,200,275.00,"55,000.00"
2019-08-20,2019082001004944,PCBL,38,52,50,276.00,"13,800.00"
2019-08-20,2019082001005249,PIC,29,29,11,453.00,"4,983.00"
2019-08-20,2019082001005104,PLIC,4,35,30,405.00,"12,150.00"
2019-08-20,2019082001005084,PLIC,19,35,100,405.00,"40,500.00"
2019-08-20,2019082001005253,PMHPL,29,29,10,99.00,990.00
2019-08-20,2019082001005031,PPCL,3,6,20,104.00,"2,080.00"
2019-08-20,2019082001005013,PPCL,3,57,116,104.00,"12,064.00"
2019-08-20,2019082001005012,PPCL,45,57,454,104.00,"47,216.00"
2019-08-20,2019082001004832,PPCL,45,29,30,104.00,"3,120.00"
2019-08-20,2019082001005212,PPCL,19,58,100,104.00,"10,400.00"
2019-08-20,2019082001005181,PPCL,29,6,10,104.00,"1,040.00"
2019-08-20,2019082001005140,PPCL,6,58,66,104.00,"6,864.00"
2019-08-20,2019082001005139,PPCL,3,58,324,104.00,"33,696.00"
2019-08-20,2019082001005123,PPCL,3,6,10,104.00,"1,040.00"
2019-08-20,2019082001005106,PPCL,3,6,30,104.00,"3,120.00"
2019-08-20,2019082001005224,PRIN,16,53,150,348.00,"52,200.00"
2019-08-20,2019082001005223,PRIN,13,53,200,348.00,"69,600.00"
2019-08-20,2019082001005222,PRIN,7,53,150,348.00,"52,200.00"
2019-08-20,2019082001005071,PRIN,58,57,100,350.00,"35,000.00"
2019-08-20,2019082001005009,PRIN,38,57,50,350.00,"17,500.00"
2019-08-20,2019082001004882,PRVU,25,44,30,269.00,"8,070.00"
2019-08-20,2019082001004818,PRVU,47,28,25,268.00,"6,700.00"
2019-08-20,2019082001004808,PRVU,26,44,50,269.00,"13,450.00"
2019-08-20,2019082001004807,PRVU,13,44,275,269.00,"73,975.00"
2019-08-20,2019082001005278,RADHI,49,29,11,137.00,"1,507.00"
2019-08-20,2019082001005271,RADHI,29,21,11,138.00,"1,518.00"
2019-08-20,2019082001004998,RBCL,13,58,10,"9,133.00","91,330.00"
2019-08-20,2019082001004997,RBCL,7,58,10,"9,134.00","91,340.00"
2019-08-20,2019082001004996,RBCL,35,58,10,"9,135.00","91,350.00"
2019-08-20,2019082001004811,RHPC,47,17,45,85.00,"3,825.00"
2019-08-20,2019082001004810,RHPC,39,17,10,86.00,860.00
2019-08-20,2019082001005280,RHPL,49,48,40,201.00,"8,040.00"
2019-08-20,2019082001005256,RHPL,49,48,40,201.00,"8,040.00"
2019-08-20,2019082001005247,RHPL,49,48,40,201.00,"8,040.00"
2019-08-20,2019082001005233,RHPL,7,58,20,201.00,"4,020.00"
2019-08-20,2019082001005230,RHPL,16,48,40,200.00,"8,000.00"
2019-08-20,2019082001005209,RHPL,16,48,40,200.00,"8,000.00"
2019-08-20,2019082001004813,RHPL,45,21,40,202.00,"8,080.00"
2019-08-20,2019082001004806,RHPL,45,20,40,202.00,"8,080.00"
2019-08-20,2019082001004869,RHPL,45,20,40,202.00,"8,080.00"
2019-08-20,2019082001004867,RHPL,45,21,40,202.00,"8,080.00"
2019-08-20,2019082001004857,RHPL,45,28,10,202.00,"2,020.00"
2019-08-20,2019082001004847,RHPL,45,20,40,202.00,"8,080.00"
2019-08-20,2019082001004833,RHPL,45,21,40,202.00,"8,080.00"
2019-08-20,2019082001004814,RHPL,45,25,40,202.00,"8,080.00"
2019-08-20,2019082001004888,RHPL,47,17,120,201.00,"24,120.00"
2019-08-20,2019082001004883,RHPL,47,21,30,201.00,"6,030.00"
2019-08-20,2019082001004879,RHPL,33,17,50,202.00,"10,100.00"
2019-08-20,2019082001004878,RHPL,26,17,400,202.00,"80,800.00"
2019-08-20,2019082001004877,RHPL,45,17,70,202.00,"14,140.00"
2019-08-20,2019082001004872,RHPL,45,28,10,202.00,"2,020.00"
2019-08-20,2019082001004894,RHPL,1,17,200,201.00,"40,200.00"
2019-08-20,2019082001004893,RHPL,42,17,60,201.00,"12,060.00"
2019-08-20,2019082001004892,RHPL,14,17,100,201.00,"20,100.00"
2019-08-20,2019082001004891,RHPL,8,17,100,201.00,"20,100.00"
2019-08-20,2019082001004890,RHPL,57,17,200,201.00,"40,200.00"
2019-08-20,2019082001004889,RHPL,29,17,40,201.00,"8,040.00"
2019-08-20,2019082001004956,RHPL,17,20,40,201.00,"8,040.00"
2019-08-20,2019082001004940,RHPL,17,21,30,201.00,"6,030.00"
2019-08-20,2019082001004939,RHPL,17,21,40,201.00,"8,040.00"
2019-08-20,2019082001004897,RHPL,17,17,580,201.00,"116,580.00"
2019-08-20,2019082001004896,RHPL,50,17,500,201.00,"100,500.00"
2019-08-20,2019082001004895,RHPL,8,17,100,201.00,"20,100.00"
2019-08-20,2019082001005046,RHPL,7,17,980,202.00,"197,960.00"
2019-08-20,2019082001005041,RHPL,17,10,40,201.00,"8,040.00"
2019-08-20,2019082001005011,RHPL,56,17,500,202.00,"101,000.00"
2019-08-20,2019082001005008,RHPL,17,20,40,201.00,"8,040.00"
2019-08-20,2019082001004984,RHPL,17,41,40,201.00,"8,040.00"
2019-08-20,2019082001004982,RHPL,17,20,40,201.00,"8,040.00"
2019-08-20,2019082001005070,RHPL,11,20,20,201.00,"4,020.00"
2019-08-20,2019082001005069,RHPL,17,20,20,201.00,"4,020.00"
2019-08-20,2019082001005068,RHPL,17,48,40,201.00,"8,040.00"
2019-08-20,2019082001005064,RHPL,17,51,40,201.00,"8,040.00"
2019-08-20,2019082001005057,RHPL,17,48,10,201.00,"2,010.00"
2019-08-20,2019082001005048,RHPL,17,51,40,201.00,"8,040.00"
2019-08-20,2019082001005098,RHPL,19,49,50,201.00,"10,050.00"
2019-08-20,2019082001005097,RHPL,14,49,200,201.00,"40,200.00"
2019-08-20,2019082001005096,RHPL,47,49,50,201.00,"10,050.00"
2019-08-20,2019082001005095,RHPL,43,49,90,201.00,"18,090.00"
2019-08-20,2019082001005087,RHPL,43,51,10,201.00,"2,010.00"
2019-08-20,2019082001005086,RHPL,11,51,30,201.00,"6,030.00"
2019-08-20,2019082001005119,RHPL,57,20,40,201.00,"8,040.00"
2019-08-20,2019082001005109,RHPL,29,53,100,202.00,"20,200.00"
2019-08-20,2019082001005105,RHPL,57,48,40,201.00,"8,040.00"
2019-08-20,2019082001005101,RHPL,57,49,310,201.00,"62,310.00"
2019-08-20,2019082001005100,RHPL,7,49,300,201.00,"60,300.00"
2019-08-20,2019082001005099,RHPL,14,49,"1,000",201.00,"201,000.00"
2019-08-20,2019082001005169,RHPL,22,48,30,201.00,"6,030.00"
2019-08-20,2019082001005168,RHPL,20,48,10,201.00,"2,010.00"
2019-08-20,2019082001005153,RHPL,20,48,10,201.00,"2,010.00"
2019-08-20,2019082001005152,RHPL,57,48,30,201.00,"6,030.00"
2019-08-20,2019082001005138,RHPL,57,48,20,201.00,"4,020.00"
2019-08-20,2019082001005121,RHPL,57,48,40,201.00,"8,040.00"
2019-08-20,2019082001005208,RHPL,57,48,10,201.00,"2,010.00"
2019-08-20,2019082001005193,RHPL,57,49,490,201.00,"98,490.00"
2019-08-20,2019082001005192,RHPL,47,49,200,201.00,"40,200.00"
2019-08-20,2019082001005191,RHPL,45,49,"1,000",201.00,"201,000.00"
2019-08-20,2019082001005190,RHPL,22,49,130,201.00,"26,130.00"
2019-08-20,2019082001005177,RHPL,22,48,40,201.00,"8,040.00"
2019-08-20,2019082001004969,RMDC,29,6,20,668.00,"13,360.00"
2019-08-20,2019082001004958,RMDC,29,5,10,660.00,"6,600.00"
2019-08-20,2019082001005281,RRHP,47,21,10,103.00,"1,030.00"
2019-08-20,2019082001005155,SANIMA,42,49,65,348.00,"22,620.00"
2019-08-20,2019082001005154,SANIMA,28,49,835,348.00,"290,580.00"
2019-08-20,2019082001005034,SANIMA,28,43,165,348.00,"57,420.00"
2019-08-20,2019082001005033,SANIMA,58,43,100,349.00,"34,900.00"
2019-08-20,2019082001005032,SANIMA,26,43,35,349.00,"12,215.00"
2019-08-20,2019082001004787,SANIMA,26,41,65,349.00,"22,685.00"
2019-08-20,2019082001004786,SANIMA,58,41,100,349.00,"34,900.00"
2019-08-20,2019082001004785,SANIMA,42,41,35,349.00,"12,215.00"
2019-08-20,2019082001005214,SBI,4,11,110,445.00,"48,950.00"
2019-08-20,2019082001005180,SBI,3,11,200,445.00,"89,000.00"
2019-08-20,2019082001004943,SBI,41,25,12,444.00,"5,328.00"
2019-08-20,2019082001005083,SBL,3,57,50,315.00,"15,750.00"
2019-08-20,2019082001005052,SBL,42,57,500,315.00,"157,500.00"
2019-08-20,2019082001005051,SBL,45,57,100,315.00,"31,500.00"
2019-08-20,2019082001005050,SBL,58,57,418,315.00,"131,670.00"
2019-08-20,2019082001005029,SBL,58,57,82,315.00,"25,830.00"
2019-08-20,2019082001005028,SBL,35,57,25,315.00,"7,875.00"
2019-08-20,2019082001004960,SBL,28,25,39,315.00,"12,285.00"
2019-08-20,2019082001004792,SBL,58,25,30,316.00,"9,480.00"
2019-08-20,2019082001005027,SBL,28,57,"1,000",315.00,"315,000.00"
2019-08-20,2019082001005026,SBL,57,57,100,315.00,"31,500.00"
2019-08-20,2019082001005025,SBL,20,57,25,315.00,"7,875.00"
2019-08-20,2019082001005024,SBL,22,57,20,315.00,"6,300.00"
2019-08-20,2019082001005023,SBL,53,57,200,315.00,"63,000.00"
2019-08-20,2019082001005022,SBL,28,57,548,315.00,"172,620.00"
2019-08-20,2019082001004959,SCB,47,57,100,640.00,"64,000.00"
2019-08-20,2019082001004866,SDESI,17,22,23,622.00,"14,306.00"
2019-08-20,2019082001004796,SDESI,17,17,52,622.00,"32,344.00"
2019-08-20,2019082001004795,SDESI,33,17,39,622.00,"24,258.00"
2019-08-20,2019082001004794,SDESI,17,17,25,625.00,"15,625.00"
2019-08-20,2019082001004793,SDESI,44,17,21,626.00,"13,146.00"
2019-08-20,2019082001005103,SHIVM,22,7,500,585.00,"292,500.00"
2019-08-20,2019082001004921,SICL,1,11,63,766.00,"48,258.00"
2019-08-20,2019082001004920,SICL,40,11,30,767.00,"23,010.00"
2019-08-20,2019082001004862,SICL,17,11,107,770.00,"82,390.00"
2019-08-20,2019082001005272,SJCL,37,44,20,216.00,"4,320.00"
2019-08-20,2019082001005262,SJCL,29,17,200,217.00,"43,400.00"
2019-08-20,2019082001005261,SJCL,37,44,20,216.00,"4,320.00"
2019-08-20,2019082001005251,SJCL,37,44,20,216.00,"4,320.00"
2019-08-20,2019082001005184,SJCL,37,48,10,216.00,"2,160.00"
2019-08-20,2019082001005131,SJCL,37,20,20,216.00,"4,320.00"
2019-08-20,2019082001004825,SJCL,51,45,20,217.00,"4,340.00"
2019-08-20,2019082001004824,SJCL,51,19,500,217.00,"108,500.00"
2019-08-20,2019082001004823,SJCL,51,13,20,217.00,"4,340.00"
2019-08-20,2019082001004821,SJCL,32,25,20,216.00,"4,320.00"
2019-08-20,2019082001004815,SJCL,32,20,20,216.00,"4,320.00"
2019-08-20,2019082001004783,SJCL,32,20,20,216.00,"4,320.00"
2019-08-20,2019082001004858,SJCL,51,21,20,217.00,"4,340.00"
2019-08-20,2019082001004856,SJCL,51,20,20,217.00,"4,340.00"
2019-08-20,2019082001004835,SJCL,51,28,20,217.00,"4,340.00"
2019-08-20,2019082001004826,SJCL,51,42,20,217.00,"4,340.00"
2019-08-20,2019082001004922,SJCL,51,17,"2,300",217.00,"499,100.00"
2019-08-20,2019082001004919,SJCL,51,21,20,217.00,"4,340.00"
2019-08-20,2019082001004876,SJCL,51,20,20,217.00,"4,340.00"
2019-08-20,2019082001004871,SJCL,51,21,20,217.00,"4,340.00"
2019-08-20,2019082001004865,SJCL,51,28,20,217.00,"4,340.00"
2019-08-20,2019082001004949,SJCL,25,17,100,216.00,"21,600.00"
2019-08-20,2019082001004948,SJCL,51,17,500,216.00,"108,000.00"
2019-08-20,2019082001004947,SJCL,11,17,30,216.00,"6,480.00"
2019-08-20,2019082001004946,SJCL,32,17,570,216.00,"123,120.00"
2019-08-20,2019082001004945,SJCL,8,17,40,217.00,"8,680.00"
2019-08-20,2019082001004923,SJCL,49,17,200,217.00,"43,400.00"
2019-08-20,2019082001004987,SJCL,37,20,20,216.00,"4,320.00"
2019-08-20,2019082001004963,SJCL,37,20,20,216.00,"4,320.00"
2019-08-20,2019082001004961,SJCL,37,21,20,216.00,"4,320.00"
2019-08-20,2019082001004952,SJCL,13,17,100,216.00,"21,600.00"
2019-08-20,2019082001004951,SJCL,14,17,200,216.00,"43,200.00"
2019-08-20,2019082001004950,SJCL,40,17,500,216.00,"108,000.00"
2019-08-20,2019082001005091,SJCL,37,20,20,216.00,"4,320.00"
2019-08-20,2019082001005085,SJCL,37,48,20,216.00,"4,320.00"
2019-08-20,2019082001005055,SJCL,37,10,20,216.00,"4,320.00"
2019-08-20,2019082001005030,SJCL,37,20,20,216.00,"4,320.00"
2019-08-20,2019082001005015,SJCL,44,17,"1,000",217.00,"217,000.00"
2019-08-20,2019082001004989,SJCL,37,41,20,216.00,"4,320.00"
2019-08-20,2019082001005090,SLICL,58,25,40,301.00,"12,040.00"
2019-08-20,2019082001005089,SLICL,58,25,60,301.00,"18,060.00"
2019-08-20,2019082001004849,SLICL,6,28,50,301.00,"15,050.00"
2019-08-20,2019082001004848,SLICL,35,28,200,301.00,"60,200.00"
2019-08-20,2019082001005269,SMFBS,33,37,10,819.00,"8,190.00"
2019-08-20,2019082001005179,SMFBS,33,38,10,819.00,"8,190.00"
2019-08-20,2019082001005173,SMFBS,33,38,10,819.00,"8,190.00"
2019-08-20,2019082001005167,SMFBS,33,36,10,819.00,"8,190.00"
2019-08-20,2019082001005166,SMFBS,34,38,10,819.00,"8,190.00"
2019-08-20,2019082001005149,SMFBS,34,38,10,819.00,"8,190.00"
2019-08-20,2019082001005122,SMFBS,55,38,10,820.00,"8,200.00"
2019-08-20,2019082001005082,SMFBS,34,38,10,820.00,"8,200.00"
2019-08-20,2019082001004788,SPARS,34,7,10,615.00,"6,150.00"
2019-08-20,2019082001004831,SPDL,13,45,178,81.00,"14,418.00"
2019-08-20,2019082001004830,SPDL,48,45,100,81.00,"8,100.00"
2019-08-20,2019082001004836,SRBL,43,33,40,233.00,"9,320.00"
2019-08-20,2019082001004822,SRBL,43,33,50,233.00,"11,650.00"
2019-08-20,2019082001005182,TRH,4,45,120,303.00,"36,360.00"
2019-08-20,2019082001004859,TRH,22,58,380,301.00,"114,380.00"
2019-08-20,2019082001005279,UIC,45,44,30,306.00,"9,180.00"
2019-08-20,2019082001005145,UIC,45,25,20,306.00,"6,120.00"
2019-08-20,2019082001005144,UIC,6,25,30,306.00,"9,180.00"
2019-08-20,2019082001004817,UNHPL,25,21,50,64.00,"3,200.00"
2019-08-20,2019082001004789,UNHPL,25,21,50,64.00,"3,200.00"
2019-08-20,2019082001005102,UPCL,59,45,50,80.00,"4,000.00"
2019-08-20,2019082001005207,UPPER,29,57,10,256.00,"2,560.00"
2019-08-20,2019082001005206,UPPER,29,16,40,256.00,"10,240.00"
2019-08-20,2019082001004954,UPPER,25,21,40,255.00,"10,200.00"
2019-08-20,2019082001004854,UPPER,25,21,40,255.00,"10,200.00"
2019-08-20,2019082001004496,ADBL,42,17,175,428.00,"74,900.00"
2019-08-20,2019082001004495,ADBL,32,17,240,428.00,"102,720.00"
2019-08-20,2019082001004494,ADBL,6,17,500,428.00,"214,000.00"
2019-08-20,2019082001004493,ADBL,53,17,"1,500",428.00,"642,000.00"
2019-08-20,2019082001004492,ADBL,47,17,335,428.00,"143,380.00"
2019-08-20,2019082001004491,ADBL,16,17,200,428.00,"85,600.00"
2019-08-20,2019082001004484,ADBL,28,17,10,429.00,"4,290.00"
2019-08-20,2019082001004469,ADBL,28,14,28,429.00,"12,012.00"
2019-08-20,2019082001004490,ADBL,47,17,100,428.00,"42,800.00"
2019-08-20,2019082001004489,ADBL,20,17,200,428.00,"85,600.00"
2019-08-20,2019082001004488,ADBL,45,17,500,428.00,"214,000.00"
2019-08-20,2019082001004487,ADBL,6,17,40,429.00,"17,160.00"
2019-08-20,2019082001004486,ADBL,25,17,200,429.00,"85,800.00"
2019-08-20,2019082001004485,ADBL,40,17,100,429.00,"42,900.00"
2019-08-20,2019082001004745,AKPL,52,32,20,156.00,"3,120.00"
2019-08-20,2019082001004318,AKPL,52,26,10,156.00,"1,560.00"
2019-08-20,2019082001004498,ALBSL,5,41,200,470.00,"94,000.00"
2019-08-20,2019082001004497,ALBSL,16,41,20,470.00,"9,400.00"
2019-08-20,2019082001004416,ALBSL,16,38,380,470.00,"178,600.00"
2019-08-20,2019082001004415,ALBSL,59,38,30,470.00,"14,100.00"
2019-08-20,2019082001004378,ALBSL,59,20,10,470.00,"4,700.00"
2019-08-20,2019082001004703,ALICL,43,1,200,341.00,"68,200.00"
2019-08-20,2019082001004702,ALICL,25,1,200,341.00,"68,200.00"
2019-08-20,2019082001004701,ALICL,38,1,122,341.00,"41,602.00"
2019-08-20,2019082001004694,ALICL,40,28,50,342.00,"17,100.00"
2019-08-20,2019082001004674,ALICL,32,28,150,342.00,"51,300.00"
2019-08-20,2019082001004419,ALICL,32,45,50,342.00,"17,100.00"
2019-08-20,2019082001004708,API,32,33,216,127.00,"27,432.00"
2019-08-20,2019082001004707,API,52,33,50,128.00,"6,400.00"
2019-08-20,2019082001004689,API,32,29,10,127.00,"1,270.00"
2019-08-20,2019082001004500,API,32,5,29,127.00,"3,683.00"
2019-08-20,2019082001004412,API,32,57,850,127.00,"107,950.00"
2019-08-20,2019082001004324,API,32,26,17,127.00,"2,159.00"
2019-08-20,2019082001004688,BFC,13,28,10,95.00,950.00
2019-08-20,2019082001004687,BFC,6,28,25,95.00,"2,375.00"
2019-08-20,2019082001004686,BFC,6,28,111,95.00,"10,545.00"
2019-08-20,2019082001004617,BFC,21,32,120,96.00,"11,520.00"
2019-08-20,2019082001004287,BOKL,38,11,150,257.00,"38,550.00"
2019-08-20,2019082001004286,BOKL,52,11,500,257.00,"128,500.00"
2019-08-20,2019082001004285,BOKL,38,11,100,257.00,"25,700.00"
2019-08-20,2019082001004284,BOKL,34,11,100,257.00,"25,700.00"
2019-08-20,2019082001004283,BOKL,47,11,50,257.00,"12,850.00"
2019-08-20,2019082001004282,BOKL,45,11,100,257.00,"25,700.00"
2019-08-20,2019082001004746,BPCL,54,53,22,385.00,"8,470.00"
2019-08-20,2019082001004578,BPCL,21,21,3,378.00,"1,134.00"
2019-08-20,2019082001004523,BPCL,54,17,14,385.00,"5,390.00"
2019-08-20,2019082001004522,BPCL,57,17,100,385.00,"38,500.00"
2019-08-20,2019082001004521,BPCL,48,17,117,385.00,"45,045.00"
2019-08-20,2019082001004520,BPCL,33,17,200,386.00,"77,200.00"
2019-08-20,2019082001004519,BPCL,13,17,200,386.00,"77,200.00"
2019-08-20,2019082001004741,CBBL,45,6,200,991.00,"198,200.00"
2019-08-20,2019082001004668,CBBL,45,34,300,991.00,"297,300.00"
2019-08-20,2019082001004571,CBBL,45,34,67,991.00,"66,397.00"
2019-08-20,2019082001004570,CBBL,58,34,50,991.00,"49,550.00"
2019-08-20,2019082001004569,CBBL,26,34,24,992.00,"23,808.00"
2019-08-20,2019082001004732,CBL,7,28,11,147.00,"1,617.00"
2019-08-20,2019082001004671,CBL,32,32,"6,320",147.00,"929,040.00"
2019-08-20,2019082001004601,CBL,7,38,84,147.00,"12,348.00"
2019-08-20,2019082001004600,CBL,45,38,80,147.00,"11,760.00"
2019-08-20,2019082001004599,CBL,51,38,11,147.00,"1,617.00"
2019-08-20,2019082001004733,CCBL,33,33,141,159.00,"22,419.00"
2019-08-20,2019082001004692,CCBL,33,29,59,159.00,"9,381.00"
2019-08-20,2019082001004372,CCBL,48,45,98,159.00,"15,582.00"
2019-08-20,2019082001004727,CFCL,42,4,20,114.00,"2,280.00"
2019-08-20,2019082001004369,CFCL,26,4,500,113.00,"56,500.00"
2019-08-20,2019082001004742,CHCL,55,32,95,450.00,"42,750.00"
2019-08-20,2019082001004695,CHCL,55,29,68,450.00,"30,600.00"
2019-08-20,2019082001004752,CHL,37,32,12,79.00,948.00
2019-08-20,2019082001004737,CIT,14,52,21,"2,345.00","49,245.00"
2019-08-20,2019082001004736,CIT,41,52,25,"2,346.00","58,650.00"
2019-08-20,2019082001004667,CIT,6,22,25,"2,350.00","58,750.00"
2019-08-20,2019082001004580,CIT,26,17,10,"2,350.00","23,500.00"
2019-08-20,2019082001004371,CMF1,43,47,"10,000",9.75,"97,500.00"
2019-08-20,2019082001004370,CMF1,43,47,"6,600",9.75,"64,350.00"
2019-08-20,2019082001004766,CZBIL,51,4,462,216.00,"99,792.00"
2019-08-20,2019082001004765,CZBIL,25,4,50,216.00,"10,800.00"
2019-08-20,2019082001004764,CZBIL,43,4,88,216.00,"19,008.00"
2019-08-20,2019082001004729,CZBIL,58,4,100,217.00,"21,700.00"
2019-08-20,2019082001004548,CZBIL,43,6,45,216.00,"9,720.00"
2019-08-20,2019082001004501,CZBIL,40,4,250,217.00,"54,250.00"
2019-08-20,2019082001004709,DBBL,37,29,218,136.00,"29,648.00"
2019-08-20,2019082001004693,DBBL,37,28,31,136.00,"4,216.00"
2019-08-20,2019082001004714,DDBL,45,44,200,753.00,"150,600.00"
2019-08-20,2019082001004713,DDBL,43,44,66,754.00,"49,764.00"
2019-08-20,2019082001004712,DDBL,43,44,23,754.00,"17,342.00"
2019-08-20,2019082001004758,DHPL,41,22,67,60.00,"4,020.00"
2019-08-20,2019082001004470,EBL,58,45,15,648.00,"9,720.00"
2019-08-20,2019082001004509,FMDBL,17,33,21,395.00,"8,295.00"
2019-08-20,2019082001004304,FMDBL,17,42,100,395.00,"39,500.00"
2019-08-20,2019082001004657,GBBL,42,25,200,214.00,"42,800.00"
2019-08-20,2019082001004391,GBLBS,11,20,10,360.00,"3,600.00"
2019-08-20,2019082001004725,GHL,16,25,20,81.00,"1,620.00"
2019-08-20,2019082001004706,GILB,22,17,92,763.00,"70,196.00"
2019-08-20,2019082001004705,GILB,34,17,50,764.00,"38,200.00"
2019-08-20,2019082001004704,GILB,25,17,10,764.00,"7,640.00"
2019-08-20,2019082001004685,GILB,44,17,200,765.00,"153,000.00"
2019-08-20,2019082001004681,GILB,41,17,100,772.00,"77,200.00"
2019-08-20,2019082001004680,GILB,43,17,100,774.00,"77,400.00"
2019-08-20,2019082001004679,GILB,41,17,60,775.00,"46,500.00"
2019-08-20,2019082001004678,GILB,22,17,50,775.00,"38,750.00"
2019-08-20,2019082001004618,GLBSL,51,42,10,502.00,"5,020.00"
2019-08-20,2019082001004591,GLBSL,20,40,10,503.00,"5,030.00"
2019-08-20,2019082001004354,HDL,58,17,50,"1,576.00","78,800.00"
2019-08-20,2019082001004353,HDL,22,17,20,"1,577.00","31,540.00"
2019-08-20,2019082001004352,HDL,22,17,50,"1,578.00","78,900.00"
2019-08-20,2019082001004351,HDL,25,17,10,"1,578.00","15,780.00"
2019-08-20,2019082001004350,HDL,45,17,10,"1,578.00","15,780.00"
2019-08-20,2019082001004349,HDL,51,17,10,"1,580.00","15,800.00"
2019-08-20,2019082001004761,HPPL,34,32,10,154.00,"1,540.00"
2019-08-20,2019082001004628,HPPL,34,38,10,154.00,"1,540.00"
2019-08-20,2019082001004444,HPPL,34,19,250,154.00,"38,500.00"
2019-08-20,2019082001004759,ILBS,57,33,10,475.00,"4,750.00"
2019-08-20,2019082001004753,ILBS,57,33,10,475.00,"4,750.00"
2019-08-20,2019082001004666,ILBS,57,25,10,475.00,"4,750.00"
2019-08-20,2019082001004665,ILBS,57,25,10,475.00,"4,750.00"
2019-08-20,2019082001004664,ILBS,57,44,10,475.00,"4,750.00"
2019-08-20,2019082001004663,ILBS,57,44,10,475.00,"4,750.00"
2019-08-20,2019082001004662,ILBS,57,44,10,475.00,"4,750.00"
2019-08-20,2019082001004661,ILBS,57,44,10,475.00,"4,750.00"
2019-08-20,2019082001004660,ILBS,57,44,10,475.00,"4,750.00"
2019-08-20,2019082001004659,ILBS,57,29,10,475.00,"4,750.00"
2019-08-20,2019082001004474,ILBS,11,34,10,471.00,"4,710.00"
2019-08-20,2019082001004400,ILBS,11,20,10,471.00,"4,710.00"
2019-08-20,2019082001004389,JBBL,32,36,63,156.00,"9,828.00"
2019-08-20,2019082001004388,JBBL,38,36,637,156.00,"99,372.00"
2019-08-20,2019082001004744,JOSHI,19,25,20,66.00,"1,320.00"
2019-08-20,2019082001004608,KBL,40,34,600,204.00,"122,400.00"
2019-08-20,2019082001004607,KBL,22,34,200,204.00,"40,800.00"
2019-08-20,2019082001004417,KBL,35,1,101,205.00,"20,705.00"
2019-08-20,2019082001004386,KBL,35,11,99,205.00,"20,295.00"
2019-08-20,2019082001004306,KKHC,54,26,10,62.00,620.00
2019-08-20,2019082001004297,KKHC,54,32,10,62.00,620.00
2019-08-20,2019082001004294,KKHC,54,26,10,62.00,620.00
