Date,Transact. No.,Symbol,Buyer,Seller,Quantity,Rate,Amount
2019-09-22,2019092201005780,ADBL,56,50,97,414.00,"40,158.00"
2019-09-22,2019092201005779,ADBL,56,17,53,414.00,"21,942.00"
2019-09-22,2019092201005635,ADBL,14,11,50,413.00,"20,650.00"
2019-09-22,2019092201005409,ADBL,14,50,500,413.00,"206,500.00"
2019-09-22,2019092201005870,AHPC,26,45,"1,525",96.00,"146,400.00"
2019-09-22,2019092201005869,AHPC,7,45,425,96.00,"40,800.00"
2019-09-22,2019092201005868,AHPC,20,45,50,96.00,"4,800.00"
2019-09-22,2019092201005793,AHPC,17,37,200,97.00,"19,400.00"
2019-09-22,2019092201005792,AHPC,29,37,382,97.00,"37,054.00"
2019-09-22,2019092201005850,AKBSL,45,56,10,414.00,"4,140.00"
2019-09-22,2019092201005726,AKBSL,45,44,10,414.00,"4,140.00"
2019-09-22,2019092201005656,AKBSL,34,44,10,419.00,"4,190.00"
2019-09-22,2019092201005655,AKBSL,45,58,10,414.00,"4,140.00"
2019-09-22,2019092201005633,AKBSL,45,36,10,414.00,"4,140.00"
2019-09-22,2019092201005621,AKBSL,45,36,10,414.00,"4,140.00"
2019-09-22,2019092201005612,AKBSL,45,56,10,414.00,"4,140.00"
2019-09-22,2019092201005727,AKPL,36,36,13,132.00,"1,716.00"
2019-09-22,2019092201005894,ALBSL,46,56,10,423.00,"4,230.00"
2019-09-22,2019092201005886,ALBSL,46,36,10,423.00,"4,230.00"
2019-09-22,2019092201005513,ALBSL,16,34,80,424.00,"33,920.00"
2019-09-22,2019092201005414,ALBSL,38,34,10,424.00,"4,240.00"
2019-09-22,2019092201005412,ALBSL,46,38,10,423.00,"4,230.00"
2019-09-22,2019092201005405,ALBSL,16,34,10,424.00,"4,240.00"
2019-09-22,2019092201005817,ALICL,33,14,10,318.00,"3,180.00"
2019-09-22,2019092201005775,ALICL,22,25,300,313.00,"93,900.00"
2019-09-22,2019092201005524,ALICL,22,45,181,313.00,"56,653.00"
2019-09-22,2019092201005523,ALICL,45,45,40,314.00,"12,560.00"
2019-09-22,2019092201005664,API,25,43,14,116.00,"1,624.00"
2019-09-22,2019092201005663,API,25,34,336,115.00,"38,640.00"
2019-09-22,2019092201005649,API,38,25,90,114.00,"10,260.00"
2019-09-22,2019092201005648,API,22,25,474,114.00,"54,036.00"
2019-09-22,2019092201005623,API,34,34,64,115.00,"7,360.00"
2019-09-22,2019092201005841,BOKL,50,56,230,250.00,"57,500.00"
2019-09-22,2019092201005638,BOKL,50,51,100,250.00,"25,000.00"
2019-09-22,2019092201005637,BOKL,50,37,170,250.00,"42,500.00"
2019-09-22,2019092201005636,BOKL,45,37,30,250.00,"7,500.00"
2019-09-22,2019092201005493,BOKL,42,19,5,250.00,"1,250.00"
2019-09-22,2019092201005492,BOKL,13,19,100,250.00,"25,000.00"
2019-09-22,2019092201005491,BOKL,33,19,56,251.00,"14,056.00"
2019-09-22,2019092201005488,BOKL,33,17,44,251.00,"11,044.00"
2019-09-22,2019092201005456,BOKL,33,36,40,251.00,"10,040.00"
2019-09-22,2019092201005438,BOKL,25,25,100,251.00,"25,100.00"
2019-09-22,2019092201005834,BPCL,43,51,13,360.00,"4,680.00"
2019-09-22,2019092201005816,BPCL,43,42,400,358.00,"143,200.00"
2019-09-22,2019092201005787,BPCL,43,13,40,359.00,"14,360.00"
2019-09-22,2019092201005533,BPCL,26,26,3,358.00,"1,074.00"
2019-09-22,2019092201005849,CBBL,54,56,100,965.00,"96,500.00"
2019-09-22,2019092201005789,CBL,43,6,10,143.00,"1,430.00"
2019-09-22,2019092201005750,CBL,29,6,"2,000",142.00,"284,000.00"
2019-09-22,2019092201005619,CBL,11,6,250,142.00,"35,500.00"
2019-09-22,2019092201005617,CBL,43,6,10,143.00,"1,430.00"
2019-09-22,2019092201005455,CBL,11,6,250,142.00,"35,500.00"
2019-09-22,2019092201005454,CBL,57,6,100,142.00,"14,200.00"
2019-09-22,2019092201005453,CBL,45,6,500,142.00,"71,000.00"
2019-09-22,2019092201005452,CBL,48,6,150,142.00,"21,300.00"
2019-09-22,2019092201005522,CCBL,10,37,116,154.00,"17,864.00"
2019-09-22,2019092201005470,CCBL,35,13,200,154.00,"30,800.00"
2019-09-22,2019092201005742,CHCL,56,28,50,419.00,"20,950.00"
2019-09-22,2019092201005706,CHCL,46,28,500,419.00,"209,500.00"
2019-09-22,2019092201005705,CHCL,45,28,200,419.00,"83,800.00"
2019-09-22,2019092201005704,CHCL,41,28,50,419.00,"20,950.00"
2019-09-22,2019092201005703,CHCL,3,28,50,419.00,"20,950.00"
2019-09-22,2019092201005702,CHCL,40,28,200,420.00,"84,000.00"
2019-09-22,2019092201005701,CHCL,22,28,30,420.00,"12,600.00"
2019-09-22,2019092201005700,CHCL,22,28,50,420.00,"21,000.00"
2019-09-22,2019092201005699,CHCL,20,28,50,420.00,"21,000.00"
2019-09-22,2019092201005698,CHCL,45,28,20,421.00,"8,420.00"
2019-09-22,2019092201005585,CHCL,45,13,236,421.00,"99,356.00"
2019-09-22,2019092201005584,CHCL,52,13,100,421.00,"42,100.00"
2019-09-22,2019092201005521,CIT,43,38,17,"1,779.00","30,243.00"
2019-09-22,2019092201005520,CIT,20,38,10,"1,780.00","17,800.00"
2019-09-22,2019092201005519,CIT,28,38,20,"1,780.00","35,600.00"
2019-09-22,2019092201005518,CIT,7,38,10,"1,782.00","17,820.00"
2019-09-22,2019092201005872,CLBSL,48,29,10,506.00,"5,060.00"
2019-09-22,2019092201005871,CLBSL,48,39,11,505.00,"5,555.00"
2019-09-22,2019092201005406,CORBL,13,17,760,111.00,"84,360.00"
2019-09-22,2019092201005631,CZBIL,6,49,119,194.00,"23,086.00"
2019-09-22,2019092201005630,CZBIL,43,49,25,194.00,"4,850.00"
2019-09-22,2019092201005629,CZBIL,25,49,200,194.00,"38,800.00"
2019-09-22,2019092201005628,CZBIL,1,49,156,194.00,"30,264.00"
2019-09-22,2019092201005725,DBBL,36,32,183,127.00,"23,241.00"
2019-09-22,2019092201005724,DBBL,1,32,500,127.00,"63,500.00"
2019-09-22,2019092201005723,DBBL,22,32,817,127.00,"103,759.00"
2019-09-22,2019092201005607,DDBL,18,45,40,718.00,"28,720.00"
2019-09-22,2019092201005885,EBL,32,4,140,568.00,"79,520.00"
2019-09-22,2019092201005411,EBL,21,10,30,567.00,"17,010.00"
2019-09-22,2019092201005410,EBL,21,56,39,567.00,"22,113.00"
2019-09-22,2019092201005757,EIC,5,7,200,253.00,"50,600.00"
2019-09-22,2019092201005687,EIC,45,7,50,250.00,"12,500.00"
2019-09-22,2019092201005686,EIC,10,7,100,250.00,"25,000.00"
2019-09-22,2019092201005676,EIC,25,7,25,250.00,"6,250.00"
2019-09-22,2019092201005422,EIC,17,46,50,252.00,"12,600.00"
2019-09-22,2019092201005421,EIC,48,46,100,252.00,"25,200.00"
2019-09-22,2019092201005420,EIC,58,46,10,252.00,"2,520.00"
2019-09-22,2019092201005419,EIC,6,46,36,253.00,"9,108.00"
2019-09-22,2019092201005398,EIC,48,7,80,254.00,"20,320.00"
2019-09-22,2019092201005639,FMDBL,19,45,200,370.00,"74,000.00"
2019-09-22,2019092201005545,FMDBL,45,34,85,369.00,"31,365.00"
2019-09-22,2019092201005797,GBLBS,17,50,300,322.00,"96,600.00"
2019-09-22,2019092201005740,GBLBS,36,34,644,321.00,"206,724.00"
2019-09-22,2019092201005659,GBLBS,56,34,55,321.00,"17,655.00"
2019-09-22,2019092201005657,GBLBS,52,34,101,321.00,"32,421.00"
2019-09-22,2019092201005572,GBLBS,4,34,100,321.00,"32,100.00"
2019-09-22,2019092201005819,GDBL,45,58,100,206.00,"20,600.00"
2019-09-22,2019092201005487,GDBL,48,1,504,205.00,"103,320.00"
2019-09-22,2019092201005486,GDBL,49,1,36,205.00,"7,380.00"
2019-09-22,2019092201005747,GILB,49,19,74,703.00,"52,022.00"
2019-09-22,2019092201005397,GLBSL,6,36,10,432.00,"4,320.00"
2019-09-22,2019092201005641,GLICL,33,29,110,369.00,"40,590.00"
2019-09-22,2019092201005525,GLICL,51,35,200,368.00,"73,600.00"
2019-09-22,2019092201005895,GMFBS,10,38,10,470.00,"4,700.00"
2019-09-22,2019092201005743,GMFBS,10,48,100,461.00,"46,100.00"
2019-09-22,2019092201005695,HBL,26,42,50,498.00,"24,900.00"
2019-09-22,2019092201005457,HDL,39,37,40,"1,445.00","57,800.00"
2019-09-22,2019092201005443,HDL,21,37,20,"1,446.00","28,920.00"
2019-09-22,2019092201005442,HDL,14,37,50,"1,449.00","72,450.00"
2019-09-22,2019092201005441,HDL,21,37,100,"1,451.00","145,100.00"
2019-09-22,2019092201005440,HDL,21,37,200,"1,451.00","290,200.00"
2019-09-22,2019092201005439,HDL,32,37,50,"1,452.00","72,600.00"
2019-09-22,2019092201005565,HIDCL,37,56,277,131.00,"36,287.00"
2019-09-22,2019092201005564,HIDCL,6,56,100,131.00,"13,100.00"
2019-09-22,2019092201005563,HIDCL,45,56,100,131.00,"13,100.00"
2019-09-22,2019092201005562,HIDCL,48,56,200,131.00,"26,200.00"
2019-09-22,2019092201005561,HIDCL,49,56,50,131.00,"6,550.00"
2019-09-22,2019092201005560,HIDCL,52,56,50,131.00,"6,550.00"
2019-09-22,2019092201005559,HIDCL,40,56,30,131.00,"3,930.00"
2019-09-22,2019092201005558,HIDCL,41,56,200,131.00,"26,200.00"
2019-09-22,2019092201005557,HIDCL,35,56,30,131.00,"3,930.00"
2019-09-22,2019092201005851,ICFC,44,55,315,154.00,"48,510.00"
2019-09-22,2019092201005767,IGI,49,45,10,300.00,"3,000.00"
2019-09-22,2019092201005614,IGI,49,45,10,306.00,"3,060.00"
2019-09-22,2019092201005853,ILBS,36,36,10,429.00,"4,290.00"
2019-09-22,2019092201005821,ILBS,6,38,10,428.00,"4,280.00"
2019-09-22,2019092201005800,ILBS,36,36,10,429.00,"4,290.00"
2019-09-22,2019092201005624,ILBS,6,38,10,428.00,"4,280.00"
2019-09-22,2019092201005567,ILBS,6,33,10,428.00,"4,280.00"
2019-09-22,2019092201005766,JBBL,56,55,40,155.00,"6,200.00"
2019-09-22,2019092201005765,JBBL,49,55,60,155.00,"9,300.00"
2019-09-22,2019092201005603,JBBL,49,41,440,155.00,"68,200.00"
2019-09-22,2019092201005602,JBBL,44,41,50,155.00,"7,750.00"
2019-09-22,2019092201005601,JBBL,41,41,200,155.00,"31,000.00"
2019-09-22,2019092201005600,JBBL,35,41,300,155.00,"46,500.00"
2019-09-22,2019092201005599,JBBL,59,41,55,155.00,"8,525.00"
2019-09-22,2019092201005606,JSLBB,39,17,22,999.00,"21,978.00"
2019-09-22,2019092201005579,JSLBB,39,25,23,998.00,"22,954.00"
2019-09-22,2019092201005739,KBL,16,16,50,178.00,"8,900.00"
2019-09-22,2019092201005690,KBL,50,37,50,176.00,"8,800.00"
2019-09-22,2019092201005652,KBL,54,16,100,178.00,"17,800.00"
2019-09-22,2019092201005476,KBL,4,58,500,176.00,"88,000.00"
2019-09-22,2019092201005475,KBL,36,58,"1,000",176.00,"176,000.00"
2019-09-22,2019092201005474,KBL,17,58,"1,000",176.00,"176,000.00"
2019-09-22,2019092201005473,KBL,25,58,400,177.00,"70,800.00"
2019-09-22,2019092201005447,KBL,25,7,100,177.00,"17,700.00"
2019-09-22,2019092201005446,KBL,28,7,100,177.00,"17,700.00"
2019-09-22,2019092201005782,LBL,34,4,"1,000",213.00,"213,000.00"
2019-09-22,2019092201005605,LBL,57,25,50,214.00,"10,700.00"
2019-09-22,2019092201005511,LICN,25,59,10,"1,014.00","10,140.00"
2019-09-22,2019092201005490,LICN,10,6,200,"1,001.00","200,200.00"
2019-09-22,2019092201005489,LICN,10,19,50,"1,000.00","50,000.00"
2019-09-22,2019092201005882,MBL,17,11,616,249.00,"153,384.00"
2019-09-22,2019092201005881,MBL,17,45,384,248.00,"95,232.00"
2019-09-22,2019092201005833,MBL,40,45,50,248.00,"12,400.00"
2019-09-22,2019092201005662,MBL,41,37,78,247.00,"19,266.00"
2019-09-22,2019092201005661,MBL,48,37,22,247.00,"5,434.00"
2019-09-22,2019092201005861,MEGA,41,6,500,194.00,"97,000.00"
2019-09-22,2019092201005431,MEGA,6,13,82,193.00,"15,826.00"
2019-09-22,2019092201005413,MEGA,6,46,69,193.00,"13,317.00"
2019-09-22,2019092201005432,MEGA,51,13,127,193.00,"24,511.00"
2019-09-22,2019092201005483,MEGA,51,46,69,193.00,"13,317.00"
2019-09-22,2019092201005543,MEGA,28,41,88,194.00,"17,072.00"
2019-09-22,2019092201005542,MEGA,28,42,65,194.00,"12,610.00"
2019-09-22,2019092201005541,MEGA,28,36,47,194.00,"9,118.00"
2019-09-22,2019092201005620,MEGA,19,37,250,193.00,"48,250.00"
2019-09-22,2019092201005776,MEGA,43,41,10,194.00,"1,940.00"
2019-09-22,2019092201005876,MERO,37,25,16,550.00,"8,800.00"
2019-09-22,2019092201005852,MERO,36,25,33,548.00,"18,084.00"
2019-09-22,2019092201005738,MERO,36,25,45,548.00,"24,660.00"
2019-09-22,2019092201005737,MERO,42,25,20,549.00,"10,980.00"
2019-09-22,2019092201005540,MFIL,1,55,150,123.00,"18,450.00"
2019-09-22,2019092201005831,MLBL,41,33,416,212.00,"88,192.00"
2019-09-22,2019092201005830,MLBL,41,35,84,212.00,"17,808.00"
2019-09-22,2019092201005571,MLBL,35,35,128,210.00,"26,880.00"
2019-09-22,2019092201005675,MNBBL,1,48,248,301.00,"74,648.00"
2019-09-22,2019092201005674,MNBBL,14,48,100,301.00,"30,100.00"
2019-09-22,2019092201005673,MNBBL,32,48,500,301.00,"150,500.00"
2019-09-22,2019092201005672,MNBBL,28,48,200,301.00,"60,200.00"
2019-09-22,2019092201005671,MNBBL,49,48,52,301.00,"15,652.00"
2019-09-22,2019092201005670,MNBBL,16,48,100,301.00,"30,100.00"
2019-09-22,2019092201005669,MNBBL,42,48,200,301.00,"60,200.00"
2019-09-22,2019092201005668,MNBBL,38,48,100,301.00,"30,100.00"
2019-09-22,2019092201005667,MNBBL,42,48,100,301.00,"30,100.00"
2019-09-22,2019092201005666,MNBBL,14,48,50,302.00,"15,100.00"
2019-09-22,2019092201005665,MNBBL,49,48,50,303.00,"15,150.00"
2019-09-22,2019092201005611,MSLB,10,33,10,930.00,"9,300.00"
2019-09-22,2019092201005508,MSLB,10,7,10,913.00,"9,130.00"
2019-09-22,2019092201005858,MSMBS,26,32,300,455.00,"136,500.00"
2019-09-22,2019092201005857,MSMBS,40,32,100,456.00,"45,600.00"
2019-09-22,2019092201005416,MSMBS,49,49,11,456.00,"5,016.00"
2019-09-22,2019092201005818,NABIL,17,29,64,765.00,"48,960.00"
2019-09-22,2019092201005788,NABIL,17,58,136,764.00,"103,904.00"
2019-09-22,2019092201005786,NABIL,45,58,84,764.00,"64,176.00"
2019-09-22,2019092201005730,NABIL,6,58,200,764.00,"152,800.00"
2019-09-22,2019092201005437,NADEP,47,7,10,408.00,"4,080.00"
2019-09-22,2019092201005578,NADEP,47,26,19,410.00,"7,790.00"
2019-09-22,2019092201005896,NAGRO,34,57,10,750.00,"7,500.00"
2019-09-22,2019092201005866,NAGRO,34,57,10,736.00,"7,360.00"
2019-09-22,2019092201005769,NAGRO,22,50,170,722.00,"122,740.00"
2019-09-22,2019092201005768,NAGRO,19,50,100,722.00,"72,200.00"
2019-09-22,2019092201005734,NAGRO,34,56,10,718.00,"7,180.00"
2019-09-22,2019092201005733,NAGRO,19,50,100,722.00,"72,200.00"
2019-09-22,2019092201005712,NAGRO,28,50,100,722.00,"72,200.00"
2019-09-22,2019092201005711,NAGRO,34,50,60,726.00,"43,560.00"
2019-09-22,2019092201005688,NAGRO,45,50,10,736.00,"7,360.00"
2019-09-22,2019092201005634,NAGRO,34,36,10,750.00,"7,500.00"
2019-09-22,2019092201005588,NAGRO,45,36,10,736.00,"7,360.00"
2019-09-22,2019092201005569,NAGRO,45,36,20,736.00,"14,720.00"
2019-09-22,2019092201005799,NBB,8,6,425,208.00,"88,400.00"
2019-09-22,2019092201005798,NBB,16,6,574,208.00,"119,392.00"
2019-09-22,2019092201005888,NBL,56,1,296,311.00,"92,056.00"
2019-09-22,2019092201005887,NBL,58,1,"1,304",311.00,"405,544.00"
2019-09-22,2019092201005875,NBL,44,37,"1,000",312.00,"312,000.00"
2019-09-22,2019092201005856,NBL,33,37,10,312.00,"3,120.00"
2019-09-22,2019092201005854,NBL,14,37,500,312.00,"156,000.00"
2019-09-22,2019092201005836,NBL,25,37,60,312.00,"18,720.00"
2019-09-22,2019092201005627,NBL,43,45,10,313.00,"3,130.00"
2019-09-22,2019092201005835,NBL,11,37,140,312.00,"43,680.00"
2019-09-22,2019092201005828,NBL,43,45,10,313.00,"3,130.00"
2019-09-22,2019092201005761,NBL,11,6,60,312.00,"18,720.00"
2019-09-22,2019092201005760,NBL,6,6,100,312.00,"31,200.00"
2019-09-22,2019092201005759,NBL,58,6,200,312.00,"62,400.00"
2019-09-22,2019092201005758,NBL,59,6,50,312.00,"15,600.00"
2019-09-22,2019092201005892,NCCB,33,59,10,197.00,"1,970.00"
2019-09-22,2019092201005884,NCCB,58,59,10,197.00,"1,970.00"
2019-09-22,2019092201005745,NCCB,41,38,10,195.00,"1,950.00"
2019-09-22,2019092201005714,NCCB,28,56,500,196.00,"98,000.00"
2019-09-22,2019092201005642,NCCB,41,55,100,195.00,"19,500.00"
2019-09-22,2019092201005859,NHDL,22,59,310,94.00,"29,140.00"
2019-09-22,2019092201005654,NHDL,38,58,10,94.00,940.00
2019-09-22,2019092201005645,NHDL,11,38,10,93.00,930.00
2019-09-22,2019092201005644,NHPC,38,56,250,53.00,"13,250.00"
2019-09-22,2019092201005616,NHPC,38,45,250,53.00,"13,250.00"
2019-09-22,2019092201005763,NIB,17,45,112,441.00,"49,392.00"
2019-09-22,2019092201005762,NIB,17,14,88,440.00,"38,720.00"
2019-09-22,2019092201005741,NIB,26,55,281,439.00,"123,359.00"
2019-09-22,2019092201005696,NIB,42,55,30,439.00,"13,170.00"
2019-09-22,2019092201005546,NIB,26,26,6,438.00,"2,628.00"
2019-09-22,2019092201005883,NIBPO,6,55,255,420.00,"107,100.00"
2019-09-22,2019092201005878,NIBPO,6,41,149,419.00,"62,431.00"
2019-09-22,2019092201005893,NICA,36,22,21,383.00,"8,043.00"
2019-09-22,2019092201005632,NICA,44,40,839,379.00,"317,981.00"
2019-09-22,2019092201005469,NICA,57,25,100,380.00,"38,000.00"
2019-09-22,2019092201005451,NICA,36,22,20,383.00,"7,660.00"
2019-09-22,2019092201005538,NICL,43,56,10,267.00,"2,670.00"
2019-09-22,2019092201005806,NLG,25,38,10,579.00,"5,790.00"
2019-09-22,2019092201005783,NLG,25,25,10,574.00,"5,740.00"
2019-09-22,2019092201005731,NLG,26,28,50,563.00,"28,150.00"
2019-09-22,2019092201005556,NLG,25,28,10,574.00,"5,740.00"
2019-09-22,2019092201005526,NLG,20,6,15,567.00,"8,505.00"
2019-09-22,2019092201005874,NLIC,47,4,30,759.00,"22,770.00"
2019-09-22,2019092201005785,NLIC,19,4,270,759.00,"204,930.00"
2019-09-22,2019092201005784,NLIC,19,4,30,759.00,"22,770.00"
2019-09-22,2019092201005660,NLIC,4,4,64,758.00,"48,512.00"
2019-09-22,2019092201005618,NLIC,56,4,86,758.00,"65,188.00"
2019-09-22,2019092201005615,NLIC,33,4,50,758.00,"37,900.00"
2019-09-22,2019092201005444,NLIC,16,4,100,758.00,"75,800.00"
2019-09-22,2019092201005403,NLIC,49,25,22,756.00,"16,632.00"
2019-09-22,2019092201005402,NLIC,49,25,22,756.00,"16,632.00"
2019-09-22,2019092201005401,NLIC,49,59,50,756.00,"37,800.00"
2019-09-22,2019092201005400,NLIC,49,4,12,756.00,"9,072.00"
2019-09-22,2019092201005756,NLICL,43,52,10,475.00,"4,750.00"
2019-09-22,2019092201005647,NLICL,59,46,153,470.00,"71,910.00"
2019-09-22,2019092201005646,NLICL,59,6,97,468.00,"45,396.00"
2019-09-22,2019092201005586,NLICL,43,6,10,468.00,"4,680.00"
2019-09-22,2019092201005879,NMBMF,50,26,40,"1,041.00","41,640.00"
2019-09-22,2019092201005824,NMBMF,45,58,300,"1,048.00","314,400.00"
2019-09-22,2019092201005823,NMBMF,28,58,300,"1,049.00","314,700.00"
2019-09-22,2019092201005822,NMBMF,45,58,100,"1,050.00","105,000.00"
2019-09-22,2019092201005509,NMBSF1,28,13,"1,300",9.76,"12,688.00"
2019-09-22,2019092201005840,NMFBS,6,58,14,"1,673.00","23,422.00"
2019-09-22,2019092201005839,NMFBS,6,58,20,"1,673.00","33,460.00"
2019-09-22,2019092201005838,NMFBS,45,58,10,"1,673.00","16,730.00"
2019-09-22,2019092201005837,NMFBS,51,58,10,"1,674.00","16,740.00"
2019-09-22,2019092201005539,NMFBS,42,45,12,"1,675.00","20,100.00"
2019-09-22,2019092201005407,NSEWA,6,56,10,390.00,"3,900.00"
2019-09-22,2019092201005755,NUBL,33,28,200,850.00,"170,000.00"
2019-09-22,2019092201005754,NUBL,45,28,20,853.00,"17,060.00"
2019-09-22,2019092201005753,NUBL,42,28,200,853.00,"170,600.00"
2019-09-22,2019092201005434,NUBL,42,51,30,859.00,"25,770.00"
2019-09-22,2019092201005495,PCBL,11,37,66,262.00,"17,292.00"
2019-09-22,2019092201005494,PCBL,49,37,60,263.00,"15,780.00"
2019-09-22,2019092201005790,PFL,34,52,100,133.00,"13,300.00"
2019-09-22,2019092201005684,PIC,38,38,11,374.00,"4,114.00"
2019-09-22,2019092201005748,PLIC,42,55,80,324.00,"25,920.00"
2019-09-22,2019092201005713,PLIC,49,55,17,324.00,"5,508.00"
2019-09-22,2019092201005708,PMHPL,20,38,10,92.00,920.00
2019-09-22,2019092201005694,PMHPL,38,39,10,93.00,930.00
2019-09-22,2019092201005891,PRIN,21,51,129,297.00,"38,313.00"
2019-09-22,2019092201005796,PRIN,42,51,40,297.00,"11,880.00"
2019-09-22,2019092201005795,PRIN,57,51,100,299.00,"29,900.00"
2019-09-22,2019092201005794,PRIN,25,51,31,300.00,"9,300.00"
2019-09-22,2019092201005728,PRIN,25,37,68,300.00,"20,400.00"
2019-09-22,2019092201005418,PRIN,25,13,101,300.00,"30,300.00"
2019-09-22,2019092201005417,PRIN,53,13,129,300.00,"38,700.00"
2019-09-22,2019092201005867,PRVU,43,55,100,261.00,"26,100.00"
2019-09-22,2019092201005707,PRVU,38,44,115,262.00,"30,130.00"
2019-09-22,2019092201005653,PRVU,40,44,50,262.00,"13,100.00"
2019-09-22,2019092201005622,PRVU,25,44,140,262.00,"36,680.00"
2019-09-22,2019092201005576,PRVU,43,55,185,261.00,"48,285.00"
2019-09-22,2019092201005481,PRVU,38,13,129,262.00,"33,798.00"
2019-09-22,2019092201005480,PRVU,38,37,226,261.00,"58,986.00"
2019-09-22,2019092201005575,PRVU,59,55,200,261.00,"52,200.00"
2019-09-22,2019092201005574,PRVU,40,55,24,261.00,"6,264.00"
2019-09-22,2019092201005555,PRVU,29,44,50,262.00,"13,100.00"
2019-09-22,2019092201005482,PRVU,38,44,145,262.00,"37,990.00"
2019-09-22,2019092201005445,RADHI,38,38,11,135.00,"1,485.00"
2019-09-22,2019092201005532,RBCL,35,42,10,"8,575.00","85,750.00"
2019-09-22,2019092201005890,RHPL,33,35,10,155.00,"1,550.00"
2019-09-22,2019092201005889,RHPL,39,35,960,156.00,"149,760.00"
2019-09-22,2019092201005860,RHPL,39,38,40,156.00,"6,240.00"
2019-09-22,2019092201005829,RHPL,59,20,150,157.00,"23,550.00"
2019-09-22,2019092201005774,RHPL,33,38,40,155.00,"6,200.00"
2019-09-22,2019092201005764,RHPL,39,56,40,156.00,"6,240.00"
2019-09-22,2019092201005436,RHPL,33,56,40,155.00,"6,200.00"
2019-09-22,2019092201005423,RHPL,36,26,10,156.00,"1,560.00"
2019-09-22,2019092201005404,RHPL,36,36,40,156.00,"6,240.00"
2019-09-22,2019092201005554,RHPL,39,56,40,156.00,"6,240.00"
2019-09-22,2019092201005535,RHPL,39,36,500,156.00,"78,000.00"
2019-09-22,2019092201005515,RHPL,39,38,40,156.00,"6,240.00"
2019-09-22,2019092201005498,RHPL,39,56,40,156.00,"6,240.00"
2019-09-22,2019092201005472,RHPL,39,38,30,156.00,"4,680.00"
2019-09-22,2019092201005471,RHPL,39,26,10,156.00,"1,560.00"
2019-09-22,2019092201005640,RHPL,39,38,40,156.00,"6,240.00"
2019-09-22,2019092201005626,RHPL,38,20,10,157.00,"1,570.00"
2019-09-22,2019092201005625,RHPL,38,17,20,157.00,"3,140.00"
2019-09-22,2019092201005604,RHPL,39,38,40,156.00,"6,240.00"
2019-09-22,2019092201005580,RHPL,26,17,20,157.00,"3,140.00"
2019-09-22,2019092201005566,RHPL,39,38,40,156.00,"6,240.00"
2019-09-22,2019092201005735,RHPL,39,38,40,156.00,"6,240.00"
2019-09-22,2019092201005732,RHPL,39,38,40,156.00,"6,240.00"
2019-09-22,2019092201005729,RHPL,39,51,20,156.00,"3,120.00"
2019-09-22,2019092201005722,RHPL,38,20,40,157.00,"6,280.00"
2019-09-22,2019092201005692,RHPL,39,38,40,156.00,"6,240.00"
2019-09-22,2019092201005650,RHPL,39,56,40,156.00,"6,240.00"
2019-09-22,2019092201005873,RMDC,47,41,10,615.00,"6,150.00"
2019-09-22,2019092201005608,RMDC,58,50,100,603.00,"60,300.00"
2019-09-22,2019092201005598,RMDC,41,50,100,603.00,"60,300.00"
2019-09-22,2019092201005582,RMDC,5,50,150,603.00,"90,450.00"
2019-09-22,2019092201005581,RMDC,47,50,100,604.00,"60,400.00"
2019-09-22,2019092201005544,RMDC,5,50,50,603.00,"30,150.00"
2019-09-22,2019092201005500,RMDC,26,50,571,602.00,"343,742.00"
2019-09-22,2019092201005499,RMDC,45,50,20,604.00,"12,080.00"
2019-09-22,2019092201005846,RRHP,22,22,10,108.00,"1,080.00"
2019-09-22,2019092201005845,RRHP,22,50,10,104.00,"1,040.00"
2019-09-22,2019092201005844,RRHP,22,39,10,104.00,"1,040.00"
2019-09-22,2019092201005843,RRHP,22,13,10,104.00,"1,040.00"
2019-09-22,2019092201005842,RRHP,22,39,10,104.00,"1,040.00"
2019-09-22,2019092201005751,RRHP,38,38,10,103.00,"1,030.00"
2019-09-22,2019092201005510,RRHP,38,38,10,103.00,"1,030.00"
2019-09-22,2019092201005689,SABSL,32,48,50,454.00,"22,700.00"
2019-09-22,2019092201005683,SABSL,45,32,45,450.00,"20,250.00"
2019-09-22,2019092201005682,SABSL,13,32,150,450.00,"67,500.00"
2019-09-22,2019092201005681,SABSL,13,32,150,451.00,"67,650.00"
2019-09-22,2019092201005680,SABSL,57,32,200,451.00,"90,200.00"
2019-09-22,2019092201005408,SABSL,13,37,10,450.00,"4,500.00"
2019-09-22,2019092201005399,SABSL,13,21,10,450.00,"4,500.00"
2019-09-22,2019092201005484,SANIMA,1,6,479,345.00,"165,255.00"
2019-09-22,2019092201005433,SANIMA,1,50,221,345.00,"76,245.00"
2019-09-22,2019092201005865,SBI,25,34,20,411.00,"8,220.00"
2019-09-22,2019092201005685,SBI,56,34,75,411.00,"30,825.00"
2019-09-22,2019092201005587,SBI,47,37,50,410.00,"20,500.00"
2019-09-22,2019092201005430,SBI,44,48,530,409.00,"216,770.00"
2019-09-22,2019092201005429,SBI,52,48,50,409.00,"20,450.00"
2019-09-22,2019092201005428,SBI,45,48,50,409.00,"20,450.00"
2019-09-22,2019092201005427,SBI,17,48,30,409.00,"12,270.00"
2019-09-22,2019092201005426,SBI,43,48,52,409.00,"21,268.00"
2019-09-22,2019092201005425,SBI,57,48,300,410.00,"123,000.00"
2019-09-22,2019092201005848,SBL,11,14,19,326.00,"6,194.00"
2019-09-22,2019092201005847,SBL,7,14,23,326.00,"7,498.00"
2019-09-22,2019092201005778,SBL,7,45,27,326.00,"8,802.00"
2019-09-22,2019092201005777,SBL,44,45,250,326.00,"81,500.00"
2019-09-22,2019092201005746,SBL,49,34,500,327.00,"163,500.00"
2019-09-22,2019092201005534,SBL,11,34,50,327.00,"16,350.00"
2019-09-22,2019092201005479,SBL,44,14,200,326.00,"65,200.00"
2019-09-22,2019092201005462,SBL,49,34,100,327.00,"32,700.00"
2019-09-22,2019092201005461,SBL,49,21,150,327.00,"49,050.00"
2019-09-22,2019092201005460,SBL,49,50,200,327.00,"65,400.00"
2019-09-22,2019092201005459,SBL,49,47,50,327.00,"16,350.00"
2019-09-22,2019092201005773,SCB,26,56,332,555.00,"184,260.00"
2019-09-22,2019092201005549,SCB,21,45,80,553.00,"44,240.00"
2019-09-22,2019092201005548,SCB,51,45,40,554.00,"22,160.00"
2019-09-22,2019092201005497,SCB,16,35,100,555.00,"55,500.00"
2019-09-22,2019092201005749,SCB,11,56,50,555.00,"27,750.00"
2019-09-22,2019092201005553,SCB,17,45,160,553.00,"88,480.00"
2019-09-22,2019092201005552,SCB,52,45,20,553.00,"11,060.00"
2019-09-22,2019092201005551,SCB,21,45,20,553.00,"11,060.00"
2019-09-22,2019092201005550,SCB,14,45,10,553.00,"5,530.00"
2019-09-22,2019092201005827,SFFIL,52,6,100,248.00,"24,800.00"
2019-09-22,2019092201005826,SFFIL,22,6,144,248.00,"35,712.00"
2019-09-22,2019092201005810,SFFIL,22,6,296,248.00,"73,408.00"
2019-09-22,2019092201005809,SFFIL,14,6,100,249.00,"24,900.00"
2019-09-22,2019092201005808,SFFIL,29,6,200,249.00,"49,800.00"
2019-09-22,2019092201005807,SFFIL,19,6,38,249.00,"9,462.00"
2019-09-22,2019092201005679,SFFIL,19,44,100,249.00,"24,900.00"
2019-09-22,2019092201005449,SFFIL,19,41,332,249.00,"82,668.00"
2019-09-22,2019092201005805,SHINE,41,41,62,245.00,"15,190.00"
2019-09-22,2019092201005804,SHINE,45,41,200,245.00,"49,000.00"
2019-09-22,2019092201005803,SHINE,45,41,20,247.00,"4,940.00"
2019-09-22,2019092201005802,SHINE,26,41,763,247.00,"188,461.00"
2019-09-22,2019092201005691,SHIVM,42,45,50,543.00,"27,150.00"
2019-09-22,2019092201005514,SHIVM,22,7,100,541.00,"54,100.00"
2019-09-22,2019092201005507,SHIVM,58,7,200,541.00,"108,200.00"
2019-09-22,2019092201005506,SHIVM,26,7,100,541.00,"54,100.00"
2019-09-22,2019092201005505,SHIVM,42,7,10,541.00,"5,410.00"
2019-09-22,2019092201005504,SHIVM,43,7,20,541.00,"10,820.00"
2019-09-22,2019092201005503,SHIVM,57,7,200,541.00,"108,200.00"
2019-09-22,2019092201005502,SHIVM,58,7,100,542.00,"54,200.00"
2019-09-22,2019092201005501,SHIVM,18,7,170,542.00,"92,140.00"
2019-09-22,2019092201005467,SHIVM,18,7,50,542.00,"27,100.00"
2019-09-22,2019092201005466,SHIVM,52,7,50,542.00,"27,100.00"
2019-09-22,2019092201005709,SHPC,54,42,80,192.00,"15,360.00"
2019-09-22,2019092201005589,SICL,42,5,10,719.00,"7,190.00"
2019-09-22,2019092201005595,SICL,43,5,500,710.00,"355,000.00"
2019-09-22,2019092201005594,SICL,28,5,100,710.00,"71,000.00"
2019-09-22,2019092201005593,SICL,43,5,20,716.00,"14,320.00"
2019-09-22,2019092201005592,SICL,41,5,30,717.00,"21,510.00"
2019-09-22,2019092201005591,SICL,29,5,70,717.00,"50,190.00"
2019-09-22,2019092201005590,SICL,45,5,84,718.00,"60,312.00"
2019-09-22,2019092201005721,SICL,34,5,39,706.00,"27,534.00"
2019-09-22,2019092201005720,SICL,45,5,100,706.00,"70,600.00"
2019-09-22,2019092201005719,SICL,56,5,100,706.00,"70,600.00"
2019-09-22,2019092201005718,SICL,26,5,20,707.00,"14,140.00"
2019-09-22,2019092201005717,SICL,41,5,50,707.00,"35,350.00"
2019-09-22,2019092201005596,SICL,44,5,125,710.00,"88,750.00"
2019-09-22,2019092201005772,SIL,35,25,14,387.00,"5,418.00"
2019-09-22,2019092201005771,SIL,35,41,30,380.00,"11,400.00"
2019-09-22,2019092201005880,SJCL,57,38,20,166.00,"3,320.00"
2019-09-22,2019092201005863,SJCL,59,35,500,167.00,"83,500.00"
2019-09-22,2019092201005832,SJCL,39,35,120,167.00,"20,040.00"
2019-09-22,2019092201005825,SJCL,39,36,500,167.00,"83,500.00"
2019-09-22,2019092201005801,SJCL,39,56,20,167.00,"3,340.00"
2019-09-22,2019092201005465,SJCL,39,36,20,167.00,"3,340.00"
2019-09-22,2019092201005464,SJCL,39,56,10,167.00,"1,670.00"
2019-09-22,2019092201005450,SJCL,39,26,20,167.00,"3,340.00"
2019-09-22,2019092201005448,SJCL,39,36,20,167.00,"3,340.00"
2019-09-22,2019092201005435,SJCL,36,59,60,168.00,"10,080.00"
2019-09-22,2019092201005530,SJCL,39,38,20,167.00,"3,340.00"
2019-09-22,2019092201005529,SJCL,39,38,20,167.00,"3,340.00"
2019-09-22,2019092201005528,SJCL,39,14,20,167.00,"3,340.00"
2019-09-22,2019092201005517,SJCL,38,59,20,168.00,"3,360.00"
2019-09-22,2019092201005485,SJCL,39,36,20,167.00,"3,340.00"
2019-09-22,2019092201005583,SJCL,39,56,20,167.00,"3,340.00"
2019-09-22,2019092201005573,SJCL,39,38,20,167.00,"3,340.00"
2019-09-22,2019092201005531,SJCL,39,56,20,167.00,"3,340.00"
2019-09-22,2019092201005710,SJCL,39,38,20,167.00,"3,340.00"
2019-09-22,2019092201005697,SJCL,39,56,20,167.00,"3,340.00"
2019-09-22,2019092201005658,SJCL,39,38,20,167.00,"3,340.00"
2019-09-22,2019092201005610,SJCL,39,38,20,167.00,"3,340.00"
2019-09-22,2019092201005609,SJCL,26,59,20,168.00,"3,360.00"
2019-09-22,2019092201005791,SJCL,39,38,20,167.00,"3,340.00"
2019-09-22,2019092201005781,SJCL,39,38,20,167.00,"3,340.00"
2019-09-22,2019092201005770,SJCL,38,59,20,168.00,"3,360.00"
2019-09-22,2019092201005744,SJCL,39,38,20,167.00,"3,340.00"
2019-09-22,2019092201005736,SJCL,39,51,10,167.00,"1,670.00"
2019-09-22,2019092201005855,SLBSL,14,17,50,679.00,"33,950.00"
2019-09-22,2019092201005537,SLBSL,14,42,10,679.00,"6,790.00"
2019-09-22,2019092201005478,SMATA,45,42,20,551.00,"11,020.00"
2019-09-22,2019092201005477,SMATA,34,42,10,551.00,"5,510.00"
2019-09-22,2019092201005496,SMFBS,34,38,10,790.00,"7,900.00"
2019-09-22,2019092201005468,SMFBS,34,50,10,786.00,"7,860.00"
2019-09-22,2019092201005815,SMFDB,34,32,123,500.00,"61,500.00"
2019-09-22,2019092201005814,SMFDB,20,32,33,505.00,"16,665.00"
2019-09-22,2019092201005813,SMFDB,41,32,100,505.00,"50,500.00"
2019-09-22,2019092201005812,SMFDB,20,32,17,505.00,"8,585.00"
2019-09-22,2019092201005811,SMFDB,29,32,27,506.00,"13,662.00"
2019-09-22,2019092201005463,SMFDB,20,56,33,505.00,"16,665.00"
2019-09-22,2019092201005415,SPDL,8,56,10,70.00,700.00
2019-09-22,2019092201005643,SRBL,50,49,500,235.00,"117,500.00"
2019-09-22,2019092201005512,SRBL,50,45,214,236.00,"50,504.00"
2019-09-22,2019092201005458,SRBL,1,45,50,236.00,"11,800.00"
2019-09-22,2019092201005424,SRBL,50,42,250,235.00,"58,750.00"
2019-09-22,2019092201005877,TRH,45,33,10,281.00,"2,810.00"
2019-09-22,2019092201005862,TRH,41,49,10,276.00,"2,760.00"
2019-09-22,2019092201005752,TRH,33,33,10,281.00,"2,810.00"
2019-09-22,2019092201005716,TRH,41,58,35,276.00,"9,660.00"
2019-09-22,2019092201005715,TRH,45,58,20,277.00,"5,540.00"
2019-09-22,2019092201005677,TRH,28,58,100,278.00,"27,800.00"
2019-09-22,2019092201005516,TRH,28,49,200,278.00,"55,600.00"
2019-09-22,2019092201005678,UIC,57,40,90,260.00,"23,400.00"
2019-09-22,2019092201005864,UMHL,43,57,14,104.00,"1,456.00"
2019-09-22,2019092201005693,UPCL,28,45,790,80.00,"63,200.00"
2019-09-22,2019092201005651,UPCL,22,45,210,80.00,"16,800.00"
2019-09-22,2019092201005613,UPCL,22,36,300,80.00,"24,000.00"
2019-09-22,2019092201005527,UPCL,22,25,560,80.00,"44,800.00"
2019-09-22,2019092201005820,UPPER,38,38,50,235.00,"11,750.00"
2019-09-22,2019092201005597,UPPER,44,36,50,234.00,"11,700.00"
2019-09-22,2019092201005577,UPPER,19,36,50,234.00,"11,700.00"
2019-09-22,2019092201005570,UPPER,44,38,50,235.00,"11,750.00"
2019-09-22,2019092201005568,UPPER,36,36,50,236.00,"11,800.00"
2019-09-22,2019092201005547,UPPER,38,45,50,237.00,"11,850.00"
2019-09-22,2019092201005536,UPPER,36,54,100,236.00,"23,600.00"
2019-09-22,2019092201005391,ADBL,14,45,500,413.00,"206,500.00"
2019-09-22,2019092201005373,ADBL,14,45,349,412.00,"143,788.00"
2019-09-22,2019092201005207,ADBL,14,22,145,412.00,"59,740.00"
2019-09-22,2019092201005206,ADBL,56,22,15,412.00,"6,180.00"
2019-09-22,2019092201005356,AKBSL,45,56,10,414.00,"4,140.00"
2019-09-22,2019092201005304,AKBSL,6,38,10,418.00,"4,180.00"
2019-09-22,2019092201005287,AKBSL,36,49,10,419.00,"4,190.00"
2019-09-22,2019092201005286,AKBSL,36,49,10,419.00,"4,190.00"
2019-09-22,2019092201005226,AKBSL,6,43,10,418.00,"4,180.00"
2019-09-22,2019092201005019,AKBSL,45,16,10,414.00,"4,140.00"
2019-09-22,2019092201005138,AKPL,5,1,100,133.00,"13,300.00"
2019-09-22,2019092201005084,AKPL,25,1,17,133.00,"2,261.00"
2019-09-22,2019092201005271,ALBSL,16,19,10,424.00,"4,240.00"
2019-09-22,2019092201005300,API,25,43,11,116.00,"1,276.00"
2019-09-22,2019092201005299,API,25,33,100,115.00,"11,500.00"
2019-09-22,2019092201005298,API,25,45,100,115.00,"11,500.00"
2019-09-22,2019092201004997,API,38,43,10,116.00,"1,160.00"
2019-09-22,2019092201004983,API,22,38,26,114.00,"2,964.00"
2019-09-22,2019092201004952,API,22,56,500,115.00,"57,500.00"
2019-09-22,2019092201004938,API,38,38,10,114.00,"1,140.00"
2019-09-22,2019092201005275,BOKL,49,49,50,251.00,"12,550.00"
2019-09-22,2019092201005014,BOKL,53,43,100,250.00,"25,000.00"
2019-09-22,2019092201005013,BOKL,49,43,620,250.00,"155,000.00"
2019-09-22,2019092201005001,BOKL,49,43,380,250.00,"95,000.00"
2019-09-22,2019092201005000,BOKL,26,43,620,250.00,"155,000.00"
2019-09-22,2019092201004985,BOKL,26,13,50,250.00,"12,500.00"
2019-09-22,2019092201005053,BOKL,26,49,115,250.00,"28,750.00"
2019-09-22,2019092201005052,BOKL,13,49,285,250.00,"71,250.00"
2019-09-22,2019092201005030,BOKL,13,58,715,250.00,"178,750.00"
2019-09-22,2019092201005029,BOKL,48,58,320,250.00,"80,000.00"
2019-09-22,2019092201005016,BOKL,48,43,180,250.00,"45,000.00"
2019-09-22,2019092201005015,BOKL,37,43,100,250.00,"25,000.00"
2019-09-22,2019092201005241,BOKL,35,43,400,251.00,"100,400.00"
2019-09-22,2019092201005166,BOKL,56,43,500,251.00,"125,500.00"
2019-09-22,2019092201005095,BOKL,42,19,115,250.00,"28,750.00"
2019-09-22,2019092201005094,BOKL,25,19,200,250.00,"50,000.00"
2019-09-22,2019092201005093,BOKL,19,19,100,250.00,"25,000.00"
2019-09-22,2019092201005092,BOKL,26,19,85,250.00,"21,250.00"
2019-09-22,2019092201005186,BPCL,38,34,63,358.00,"22,554.00"
2019-09-22,2019092201005185,BPCL,43,34,50,358.00,"17,900.00"
2019-09-22,2019092201005098,BPCL,26,26,3,358.00,"1,074.00"
2019-09-22,2019092201005024,BPCL,8,51,100,360.00,"36,000.00"
2019-09-22,2019092201005292,CBBL,28,57,25,958.00,"23,950.00"
2019-09-22,2019092201005291,CBBL,44,57,30,959.00,"28,770.00"
2019-09-22,2019092201004959,CBL,43,52,750,142.00,"106,500.00"
2019-09-22,2019092201005370,CCBL,10,48,128,154.00,"19,712.00"
2019-09-22,2019092201005369,CCBL,19,48,92,154.00,"14,168.00"
2019-09-22,2019092201005368,CCBL,45,48,50,154.00,"7,700.00"
2019-09-22,2019092201005367,CCBL,7,48,230,154.00,"35,420.00"
2019-09-22,2019092201005163,CCBL,7,34,170,154.00,"26,180.00"
2019-09-22,2019092201005162,CCBL,46,34,330,154.00,"50,820.00"
2019-09-22,2019092201005067,CCBL,46,51,70,154.00,"10,780.00"
2019-09-22,2019092201004984,CCBL,19,13,408,154.00,"62,832.00"
2019-09-22,2019092201005160,CEFL,4,37,"1,340",102.00,"136,680.00"
2019-09-22,2019092201005135,CEFL,4,37,"1,000",100.00,"100,000.00"
2019-09-22,2019092201005378,CZBIL,1,48,194,194.00,"37,636.00"
2019-09-22,2019092201005377,CZBIL,28,48,500,194.00,"97,000.00"
2019-09-22,2019092201005376,CZBIL,58,48,100,194.00,"19,400.00"
2019-09-22,2019092201005375,CZBIL,1,48,180,194.00,"34,920.00"
2019-09-22,2019092201005374,CZBIL,45,48,200,195.00,"39,000.00"
2019-09-22,2019092201004907,CZBIL,50,32,37,195.00,"7,215.00"
2019-09-22,2019092201004990,DBBL,22,38,28,127.00,"3,556.00"
2019-09-22,2019092201004933,DBBL,22,32,46,127.00,"5,842.00"
2019-09-22,2019092201005252,EBL,16,56,50,567.00,"28,350.00"
2019-09-22,2019092201005192,EBL,56,33,19,566.00,"10,754.00"
2019-09-22,2019092201004969,EDBL,39,1,159,267.00,"42,453.00"
2019-09-22,2019092201004968,EDBL,28,1,75,270.00,"20,250.00"
2019-09-22,2019092201005387,EIC,48,21,20,254.00,"5,080.00"
2019-09-22,2019092201004954,FMDBL,41,42,200,370.00,"74,000.00"
2019-09-22,2019092201004953,FMDBL,41,59,100,370.00,"37,000.00"
2019-09-22,2019092201005109,FOWAD,26,26,4,"1,265.00","5,060.00"
2019-09-22,2019092201004980,GBBL,39,6,11,208.00,"2,288.00"
2019-09-22,2019092201004957,GBBL,40,6,100,209.00,"20,900.00"
2019-09-22,2019092201004956,GBBL,35,6,100,209.00,"20,900.00"
2019-09-22,2019092201004955,GBBL,47,6,408,210.00,"85,680.00"
2019-09-22,2019092201005264,GBLBS,51,49,10,320.00,"3,200.00"
2019-09-22,2019092201005128,GBLBS,51,49,10,320.00,"3,200.00"
2019-09-22,2019092201005057,GBLBS,51,51,100,320.00,"32,000.00"
2019-09-22,2019092201004986,GBLBS,51,32,15,320.00,"4,800.00"
2019-09-22,2019092201005010,GDBL,49,38,84,205.00,"17,220.00"
2019-09-22,2019092201005396,GLBSL,50,36,50,432.00,"21,600.00"
2019-09-22,2019092201005386,GLBSL,42,36,20,433.00,"8,660.00"
2019-09-22,2019092201005385,GLBSL,7,36,50,433.00,"21,650.00"
2019-09-22,2019092201005384,GLBSL,14,36,100,433.00,"43,300.00"
2019-09-22,2019092201005383,GLBSL,44,36,20,433.00,"8,660.00"
2019-09-22,2019092201005382,GLBSL,50,36,50,434.00,"21,700.00"
2019-09-22,2019092201005381,GLBSL,55,36,40,436.00,"17,440.00"
2019-09-22,2019092201005380,GLBSL,14,36,40,437.00,"17,480.00"
2019-09-22,2019092201005379,GLBSL,50,36,20,440.00,"8,800.00"
2019-09-22,2019092201005143,GLICL,51,16,355,368.00,"130,640.00"
2019-09-22,2019092201005115,GLICL,51,29,180,368.00,"66,240.00"
2019-09-22,2019092201005114,GLICL,51,37,20,368.00,"7,360.00"
2019-09-22,2019092201005213,GMFBS,10,38,10,461.00,"4,610.00"
2019-09-22,2019092201005083,GMFBS,56,45,10,469.00,"4,690.00"
2019-09-22,2019092201005142,GUFL,3,50,500,110.00,"55,000.00"
2019-09-22,2019092201005141,GUFL,28,50,100,110.00,"11,000.00"
2019-09-22,2019092201004940,HBL,45,32,274,495.00,"135,630.00"
2019-09-22,2019092201004939,HBL,28,32,100,495.00,"49,500.00"
2019-09-22,2019092201005184,HDL,21,37,180,"1,446.00","260,280.00"
2019-09-22,2019092201005183,HDL,21,37,200,"1,446.00","289,200.00"
2019-09-22,2019092201005182,HDL,21,37,100,"1,446.00","144,600.00"
2019-09-22,2019092201005181,HDL,3,37,20,"1,447.00","28,940.00"
2019-09-22,2019092201004948,HDL,39,32,10,"1,445.00","14,450.00"
2019-09-22,2019092201005170,HGI,39,19,50,270.00,"13,500.00"
2019-09-22,2019092201005169,HGI,59,19,50,273.00,"13,650.00"
2019-09-22,2019092201005284,HIDCL,35,49,50,131.00,"6,550.00"
2019-09-22,2019092201005153,HIDCL,35,49,50,131.00,"6,550.00"
2019-09-22,2019092201004971,HIDCL,35,32,11,131.00,"1,441.00"
2019-09-22,2019092201005039,IGI,48,13,100,312.00,"31,200.00"
2019-09-22,2019092201005319,ILBS,26,19,10,425.00,"4,250.00"
2019-09-22,2019092201005158,ILBS,26,43,10,425.00,"4,250.00"
2019-09-22,2019092201005129,ILBS,26,45,160,425.00,"68,000.00"
2019-09-22,2019092201004966,ILBS,26,41,100,425.00,"42,500.00"
2019-09-22,2019092201005283,KSBBL,45,17,100,139.00,"13,900.00"
2019-09-22,2019092201005031,KSBBLP,57,14,"13,515",104.00,"1,405,560.00"
2019-09-22,2019092201005313,LBBL,48,57,"1,000",170.00,"170,000.00"
2019-09-22,2019092201005312,LBBL,22,57,50,170.00,"8,500.00"
2019-09-22,2019092201005311,LBBL,42,57,"1,000",170.00,"170,000.00"
2019-09-22,2019092201005310,LBBL,35,57,100,170.00,"17,000.00"
2019-09-22,2019092201005309,LBBL,10,57,100,170.00,"17,000.00"
2019-09-22,2019092201005308,LBBL,44,57,200,170.00,"34,000.00"
2019-09-22,2019092201005307,LBBL,28,57,364,170.00,"61,880.00"
2019-09-22,2019092201005328,LBL,45,38,50,212.00,"10,600.00"
2019-09-22,2019092201005327,LBL,38,38,"1,000",212.00,"212,000.00"
2019-09-22,2019092201005326,LBL,45,38,50,212.00,"10,600.00"
2019-09-22,2019092201005325,LBL,45,38,500,212.00,"106,000.00"
2019-09-22,2019092201005324,LBL,32,38,500,212.00,"106,000.00"
2019-09-22,2019092201005323,LBL,19,38,500,212.00,"106,000.00"
2019-09-22,2019092201005322,LBL,58,38,100,212.00,"21,200.00"
2019-09-22,2019092201005321,LBL,4,38,46,212.00,"9,752.00"
2019-09-22,2019092201005320,LBL,50,38,100,213.00,"21,300.00"
2019-09-22,2019092201005260,LBL,32,19,400,213.00,"85,200.00"
2019-09-22,2019092201005151,LBL,4,55,100,212.00,"21,200.00"
2019-09-22,2019092201005282,LGIL,11,45,43,354.00,"15,222.00"
2019-09-22,2019092201005209,LGIL,45,38,20,355.00,"7,100.00"
2019-09-22,2019092201005389,LICN,25,33,10,"1,000.00","10,000.00"
2019-09-22,2019092201005388,LICN,25,33,10,"1,001.00","10,010.00"
2019-09-22,2019092201005205,MBL,48,55,127,247.00,"31,369.00"
2019-09-22,2019092201005189,MBL,48,52,151,247.00,"37,297.00"
2019-09-22,2019092201005188,MBL,56,52,130,247.00,"32,110.00"
2019-09-22,2019092201005187,MBL,59,52,305,247.00,"75,335.00"
2019-09-22,2019092201005156,MBL,59,45,195,247.00,"48,165.00"
2019-09-22,2019092201005155,MBL,41,45,27,247.00,"6,669.00"
2019-09-22,2019092201005277,MEGA,6,45,49,193.00,"9,457.00"
2019-09-22,2019092201005276,MEGA,7,45,451,193.00,"87,043.00"
2019-09-22,2019092201005219,MEGA,7,21,49,193.00,"9,457.00"
2019-09-22,2019092201005218,MEGA,38,21,150,193.00,"28,950.00"
2019-09-22,2019092201005217,MEGA,57,21,42,193.00,"8,106.00"
2019-09-22,2019092201005099,MEGA,36,36,117,194.00,"22,698.00"
2019-09-22,2019092201004987,MEGA,57,46,108,193.00,"20,844.00"
2019-09-22,2019092201005045,MERO,34,25,41,549.00,"22,509.00"
2019-09-22,2019092201005044,MERO,51,25,20,549.00,"10,980.00"
2019-09-22,2019092201005043,MERO,39,25,12,549.00,"6,588.00"
2019-09-22,2019092201005042,MERO,56,25,17,550.00,"9,350.00"
2019-09-22,2019092201005041,MERO,48,25,10,550.00,"5,500.00"
2019-09-22,2019092201005330,MNBBL,50,45,100,302.00,"30,200.00"
2019-09-22,2019092201005329,MNBBL,1,45,100,303.00,"30,300.00"
2019-09-22,2019092201005256,MNBBL,50,38,100,302.00,"30,200.00"
2019-09-22,2019092201005046,MNBBL,28,38,100,301.00,"30,100.00"
2019-09-22,2019092201005347,MSLB,28,48,24,896.00,"21,504.00"
2019-09-22,2019092201005346,MSLB,39,48,26,896.00,"23,296.00"
2019-09-22,2019092201005345,MSLB,17,48,20,897.00,"17,940.00"
2019-09-22,2019092201005344,MSLB,45,48,20,900.00,"18,000.00"
2019-09-22,2019092201005343,MSLB,38,48,10,905.00,"9,050.00"
2019-09-22,2019092201005215,MSMBS,49,49,11,463.00,"5,093.00"
2019-09-22,2019092201004996,MSMBS,40,41,20,472.00,"9,440.00"
2019-09-22,2019092201005258,NABIL,17,58,50,764.00,"38,200.00"
2019-09-22,2019092201005257,NABIL,17,34,150,763.00,"114,450.00"
2019-09-22,2019092201005244,NABIL,57,34,100,763.00,"76,300.00"
2019-09-22,2019092201005243,NABIL,52,34,50,763.00,"38,150.00"
2019-09-22,2019092201005242,NABIL,26,34,200,763.00,"152,600.00"
2019-09-22,2019092201005132,NABIL,25,58,30,764.00,"22,920.00"
2019-09-22,2019092201005078,NABIL,26,34,200,763.00,"152,600.00"
2019-09-22,2019092201005249,NADEP,47,43,11,403.00,"4,433.00"
2019-09-22,2019092201005259,NAGRO,45,50,10,732.00,"7,320.00"
2019-09-22,2019092201005216,NAGRO,19,36,20,733.00,"14,660.00"
2019-09-22,2019092201005104,NAGRO,34,50,190,734.00,"139,460.00"
2019-09-22,2019092201005103,NAGRO,49,50,20,735.00,"14,700.00"
2019-09-22,2019092201005102,NAGRO,34,50,10,736.00,"7,360.00"
2019-09-22,2019092201005101,NAGRO,28,50,20,736.00,"14,720.00"
2019-09-22,2019092201005353,NBB,16,38,426,208.00,"88,608.00"
2019-09-22,2019092201005352,NBB,45,38,20,208.00,"4,160.00"
2019-09-22,2019092201005351,NBB,4,38,645,208.00,"134,160.00"
2019-09-22,2019092201004941,NBB,10,55,100,209.00,"20,900.00"
2019-09-22,2019092201005005,NBL,58,36,346,311.00,"107,606.00"
2019-09-22,2019092201005004,NBL,14,36,200,311.00,"62,200.00"
2019-09-22,2019092201005003,NBL,10,36,100,312.00,"31,200.00"
2019-09-22,2019092201004989,NBL,44,38,500,312.00,"156,000.00"
2019-09-22,2019092201004988,NBL,44,16,225,312.00,"70,200.00"
2019-09-22,2019092201004951,NBL,41,16,100,312.00,"31,200.00"
2019-09-22,2019092201004937,NBL,52,16,50,312.00,"15,600.00"
2019-09-22,2019092201005225,NCCB,41,48,105,195.00,"20,475.00"
2019-09-22,2019092201005224,NCCB,43,48,50,195.00,"9,750.00"
2019-09-22,2019092201005223,NCCB,28,48,69,195.00,"13,455.00"
2019-09-22,2019092201005222,NCCB,6,48,100,196.00,"19,600.00"
2019-09-22,2019092201005221,NCCB,25,48,126,196.00,"24,696.00"
2019-09-22,2019092201005240,NGPL,29,49,11,99.00,"1,089.00"
2019-09-22,2019092201004970,NIB,13,42,30,437.00,"13,110.00"
2019-09-22,2019092201004934,NIB,57,41,170,438.00,"74,460.00"
2019-09-22,2019092201005122,NIBPO,52,41,100,417.00,"41,700.00"
2019-09-22,2019092201005149,NICA,26,42,123,378.00,"46,494.00"
2019-09-22,2019092201005148,NICA,43,42,50,378.00,"18,900.00"
2019-09-22,2019092201005147,NICA,43,42,500,379.00,"189,500.00"
2019-09-22,2019092201005146,NICA,20,42,100,379.00,"37,900.00"
2019-09-22,2019092201005145,NICA,6,42,150,380.00,"57,000.00"
2019-09-22,2019092201005144,NICA,45,42,27,380.00,"10,260.00"
2019-09-22,2019092201005117,NICA,34,22,60,383.00,"22,980.00"
2019-09-22,2019092201005116,NICA,1,22,25,383.00,"9,575.00"
2019-09-22,2019092201005091,NICA,11,26,150,384.00,"57,600.00"
2019-09-22,2019092201005372,NICL,43,56,39,262.00,"10,218.00"
2019-09-22,2019092201005357,NICL,43,56,10,262.00,"2,620.00"
2019-09-22,2019092201005305,NICL,57,56,300,257.00,"77,100.00"
2019-09-22,2019092201005038,NICL,44,37,400,257.00,"102,800.00"
2019-09-22,2019092201005037,NICL,43,37,"1,000",257.00,"257,000.00"
2019-09-22,2019092201005036,NICL,57,37,500,257.00,"128,500.00"
2019-09-22,2019092201005035,NICL,45,37,50,258.00,"12,900.00"
2019-09-22,2019092201005034,NICL,43,37,50,258.00,"12,900.00"
2019-09-22,2019092201004901,NICL,52,37,100,261.00,"26,100.00"
2019-09-22,2019092201004900,NICL,34,37,500,261.00,"130,500.00"
2019-09-22,2019092201005051,NIL,42,6,100,366.00,"36,600.00"
2019-09-22,2019092201005061,NLBBL,47,29,15,497.00,"7,455.00"
2019-09-22,2019092201005060,NLBBL,47,29,100,497.00,"49,700.00"
2019-09-22,2019092201005059,NLBBL,6,29,50,497.00,"24,850.00"
2019-09-22,2019092201005008,NLBBL,40,29,36,497.00,"17,892.00"
2019-09-22,2019092201005211,NLG,6,19,40,556.00,"22,240.00"
2019-09-22,2019092201005123,NLG,25,19,10,563.00,"5,630.00"
2019-09-22,2019092201005306,NLIC,49,49,22,755.00,"16,610.00"
2019-09-22,2019092201005297,NLIC,49,4,"1,000",755.00,"755,000.00"
2019-09-22,2019092201005296,NLIC,49,5,100,755.00,"75,500.00"
2019-09-22,2019092201005295,NLIC,49,4,50,755.00,"37,750.00"
2019-09-22,2019092201005294,NLIC,49,4,25,755.00,"18,875.00"
2019-09-22,2019092201005251,NLIC,56,49,22,754.00,"16,588.00"
2019-09-22,2019092201005018,NLIC,45,58,178,755.00,"134,390.00"
2019-09-22,2019092201005002,NLIC,45,49,22,755.00,"16,610.00"
2019-09-22,2019092201004932,NLIC,28,4,50,755.00,"37,750.00"
2019-09-22,2019092201004931,NLIC,28,4,50,755.00,"37,750.00"
2019-09-22,2019092201005208,NLIC,43,4,30,755.00,"22,650.00"
2019-09-22,2019092201005130,NLIC,41,43,22,753.00,"16,566.00"
2019-09-22,2019092201005069,NLIC,34,4,45,755.00,"33,975.00"
2019-09-22,2019092201005068,NLIC,34,58,55,755.00,"41,525.00"
2019-09-22,2019092201005033,NLIC,28,4,200,754.00,"150,800.00"
2019-09-22,2019092201005032,NLIC,26,4,100,754.00,"75,400.00"
2019-09-22,2019092201005233,NLICL,11,49,40,464.00,"18,560.00"
2019-09-22,2019092201005232,NLICL,20,49,10,465.00,"4,650.00"
2019-09-22,2019092201005074,NLICL,28,6,100,465.00,"46,500.00"
2019-09-22,2019092201005073,NLICL,54,6,100,465.00,"46,500.00"
2019-09-22,2019092201005072,NLICL,17,6,100,466.00,"46,600.00"
2019-09-22,2019092201005077,NMBMF,49,49,41,"1,054.00","43,214.00"
2019-09-22,2019092201005395,NMFBS,34,45,10,"1,675.00","16,750.00"
2019-09-22,2019092201005360,NMFBS,16,45,20,"1,675.00","33,500.00"
2019-09-22,2019092201005134,NMFBS,32,42,20,"1,675.00","33,500.00"
2019-09-22,2019092201005362,NTC,59,44,10,625.00,"6,250.00"
2019-09-22,2019092201005303,NTC,51,25,80,613.00,"49,040.00"
2019-09-22,2019092201005302,NTC,52,25,10,613.00,"6,130.00"
2019-09-22,2019092201005301,NTC,59,25,10,620.00,"6,200.00"
2019-09-22,2019092201005279,NTC,52,22,10,613.00,"6,130.00"
2019-09-22,2019092201005278,NTC,13,22,10,613.00,"6,130.00"
2019-09-22,2019092201004950,NTC,59,44,10,625.00,"6,250.00"
2019-09-22,2019092201005355,NUBL,45,45,10,855.00,"8,550.00"
2019-09-22,2019092201005354,NUBL,22,45,50,855.00,"42,750.00"
2019-09-22,2019092201005280,NUBL,53,52,50,855.00,"42,750.00"
2019-09-22,2019092201005359,OHL,16,38,14,520.00,"7,280.00"
2019-09-22,2019092201005358,OHL,29,38,10,520.00,"5,200.00"
2019-09-22,2019092201005120,PIC,40,38,50,374.00,"18,700.00"
2019-09-22,2019092201005119,PIC,19,38,40,374.00,"14,960.00"
2019-09-22,2019092201005118,PIC,41,38,50,375.00,"18,750.00"
2019-09-22,2019092201005082,PIC,42,56,30,376.00,"11,280.00"
2019-09-22,2019092201005081,PIC,11,56,20,376.00,"7,520.00"
2019-09-22,2019092201005080,PIC,11,56,10,376.00,"3,760.00"
2019-09-22,2019092201005079,PIC,19,56,10,376.00,"3,760.00"
2019-09-22,2019092201004995,PIC,19,54,28,376.00,"10,528.00"
2019-09-22,2019092201004958,PIC,58,54,20,378.00,"7,560.00"
2019-09-22,2019092201004949,PIC,28,54,50,378.00,"18,900.00"
2019-09-22,2019092201005393,PLIC,33,51,30,321.00,"9,630.00"
2019-09-22,2019092201005285,PLIC,21,51,20,321.00,"6,420.00"
2019-09-22,2019092201005254,PLIC,42,48,20,320.00,"6,400.00"
2019-09-22,2019092201005028,PLIC,53,51,50,321.00,"16,050.00"
2019-09-22,2019092201005231,PPCL,45,45,10,92.00,920.00
2019-09-22,2019092201005342,PRIN,53,34,71,300.00,"21,300.00"
2019-09-22,2019092201005341,PRIN,59,34,50,300.00,"15,000.00"
2019-09-22,2019092201005340,PRIN,41,34,50,300.00,"15,000.00"
2019-09-22,2019092201005339,PRIN,7,34,128,300.00,"38,400.00"
2019-09-22,2019092201005338,PRIN,40,34,100,301.00,"30,100.00"
2019-09-22,2019092201005337,PRIN,14,34,101,301.00,"30,401.00"
2019-09-22,2019092201005239,PRVU,49,13,250,262.00,"65,500.00"
2019-09-22,2019092201005238,PRVU,45,13,30,262.00,"7,860.00"
2019-09-22,2019092201005237,PRVU,52,13,50,262.00,"13,100.00"
2019-09-22,2019092201005236,PRVU,32,13,200,262.00,"52,400.00"
2019-09-22,2019092201005235,PRVU,52,13,141,262.00,"36,942.00"
2019-09-22,2019092201005190,PRVU,52,8,200,262.00,"52,400.00"
2019-09-22,2019092201005281,RBCL,25,6,10,"8,575.00","85,750.00"
2019-09-22,2019092201005253,RBCL,11,6,10,"8,575.00","85,750.00"
2019-09-22,2019092201005088,RBCL,25,19,10,"8,680.00","86,800.00"
2019-09-22,2019092201005364,RHPC,33,4,50,85.00,"4,250.00"
2019-09-22,2019092201005017,RHPC,41,3,18,86.00,"1,548.00"
2019-09-22,2019092201005392,RHPL,36,36,40,156.00,"6,240.00"
2019-09-22,2019092201005363,RHPL,36,36,40,156.00,"6,240.00"
2019-09-22,2019092201005361,RHPL,36,38,30,156.00,"4,680.00"
2019-09-22,2019092201005290,RHPL,59,35,"1,000",156.00,"156,000.00"
2019-09-22,2019092201005289,RHPL,39,35,680,156.00,"106,080.00"
2019-09-22,2019092201005191,RHPL,39,38,50,156.00,"7,800.00"
2019-09-22,2019092201004915,RHPL,44,1,40,156.00,"6,240.00"
2019-09-22,2019092201004913,RHPL,33,1,40,155.00,"6,200.00"
2019-09-22,2019092201004908,RHPL,33,1,30,155.00,"4,650.00"
2019-09-22,2019092201004905,RHPL,33,38,50,155.00,"7,750.00"
2019-09-22,2019092201004898,RHPL,33,1,30,155.00,"4,650.00"
2019-09-22,2019092201004897,RHPL,56,1,10,155.00,"1,550.00"
2019-09-22,2019092201004921,RHPL,44,1,40,156.00,"6,240.00"
2019-09-22,2019092201004920,RHPL,44,1,40,156.00,"6,240.00"
2019-09-22,2019092201004919,RHPL,44,1,40,156.00,"6,240.00"
2019-09-22,2019092201004918,RHPL,44,1,40,156.00,"6,240.00"
2019-09-22,2019092201004917,RHPL,44,1,40,156.00,"6,240.00"
2019-09-22,2019092201004916,RHPL,44,1,40,156.00,"6,240.00"
2019-09-22,2019092201004972,RHPL,44,38,500,156.00,"78,000.00"
2019-09-22,2019092201004967,RHPL,44,1,40,156.00,"6,240.00"
2019-09-22,2019092201004936,RHPL,44,38,50,156.00,"7,800.00"
2019-09-22,2019092201004935,RHPL,44,1,40,156.00,"6,240.00"
2019-09-22,2019092201004923,RHPL,44,1,40,156.00,"6,240.00"
2019-09-22,2019092201004922,RHPL,44,1,40,156.00,"6,240.00"
2019-09-22,2019092201005087,RHPL,39,38,40,156.00,"6,240.00"
2019-09-22,2019092201005085,RHPL,39,1,30,156.00,"4,680.00"
2019-09-22,2019092201005058,RHPL,33,1,40,155.00,"6,200.00"
2019-09-22,2019092201005055,RHPL,33,38,40,155.00,"6,200.00"
2019-09-22,2019092201004999,RHPL,33,38,40,155.00,"6,200.00"
2019-09-22,2019092201004993,RHPL,44,1,10,156.00,"1,560.00"
2019-09-22,2019092201005168,RHPL,35,38,10,157.00,"1,570.00"
2019-09-22,2019092201005165,RHPL,39,38,40,156.00,"6,240.00"
2019-09-22,2019092201005152,RHPL,39,45,40,156.00,"6,240.00"
2019-09-22,2019092201005133,RHPL,39,38,40,156.00,"6,240.00"
2019-09-22,2019092201005126,RHPL,39,1,40,156.00,"6,240.00"
2019-09-22,2019092201005121,RHPL,39,45,40,156.00,"6,240.00"
2019-09-22,2019092201005336,RMDC,26,52,43,602.00,"25,886.00"
2019-09-22,2019092201005335,RMDC,44,52,85,603.00,"51,255.00"
2019-09-22,2019092201005164,RMDC,41,50,200,606.00,"121,200.00"
2019-09-22,2019092201005394,RSDC,54,54,43,330.00,"14,190.00"
2019-09-22,2019092201005070,RSDC,54,38,40,330.00,"13,200.00"
2019-09-22,2019092201005390,SABSL,13,56,10,450.00,"4,500.00"
2019-09-22,2019092201005371,SABSL,13,37,10,450.00,"4,500.00"
2019-09-22,2019092201005248,SABSL,13,8,60,450.00,"27,000.00"
2019-09-22,2019092201005247,SABSL,45,8,50,450.00,"22,500.00"
2019-09-22,2019092201005193,SABSL,45,38,10,450.00,"4,500.00"
2019-09-22,2019092201005167,SABSL,57,8,220,451.00,"99,220.00"
2019-09-22,2019092201004914,SABSL,50,38,10,452.00,"4,520.00"
2019-09-22,2019092201004909,SABSL,50,49,10,452.00,"4,520.00"
2019-09-22,2019092201005154,SABSL,57,38,10,451.00,"4,510.00"
2019-09-22,2019092201005111,SABSL,57,38,10,451.00,"4,510.00"
2019-09-22,2019092201005090,SABSL,57,1,10,451.00,"4,510.00"
2019-09-22,2019092201005075,SABSL,57,38,10,451.00,"4,510.00"
2019-09-22,2019092201005025,SABSL,57,38,10,451.00,"4,510.00"
2019-09-22,2019092201004924,SABSL,50,49,10,452.00,"4,520.00"
2019-09-22,2019092201004998,SADBL,7,22,300,138.00,"41,400.00"
2019-09-22,2019092201005334,SANIMA,11,45,130,344.00,"44,720.00"
2019-09-22,2019092201005333,SANIMA,34,45,20,344.00,"6,880.00"
2019-09-22,2019092201005263,SANIMA,34,38,480,344.00,"165,120.00"
2019-09-22,2019092201005262,SANIMA,56,38,100,344.00,"34,400.00"
2019-09-22,2019092201005261,SANIMA,45,38,20,345.00,"6,900.00"
2019-09-22,2019092201005125,SANIMA,40,50,192,345.00,"66,240.00"
2019-09-22,2019092201004978,SANIMA,3,6,50,345.00,"17,250.00"
2019-09-22,2019092201004977,SANIMA,38,6,20,345.00,"6,900.00"
2019-09-22,2019092201004976,SANIMA,35,6,500,345.00,"172,500.00"
2019-09-22,2019092201004975,SANIMA,45,6,200,345.00,"69,000.00"
2019-09-22,2019092201004974,SANIMA,52,6,10,345.00,"3,450.00"
2019-09-22,2019092201004973,SANIMA,45,6,160,345.00,"55,200.00"
2019-09-22,2019092201005107,SANIMA,40,50,50,345.00,"17,250.00"
2019-09-22,2019092201005065,SANIMA,57,50,200,345.00,"69,000.00"
2019-09-22,2019092201005064,SANIMA,40,50,400,345.00,"138,000.00"
2019-09-22,2019092201005063,SANIMA,51,50,18,345.00,"6,210.00"
2019-09-22,2019092201005062,SANIMA,45,50,140,345.00,"48,300.00"
2019-09-22,2019092201004979,SANIMA,45,6,60,345.00,"20,700.00"
2019-09-22,2019092201005228,SBI,32,17,30,410.00,"12,300.00"
2019-09-22,2019092201005227,SBI,32,38,300,410.00,"123,000.00"
2019-09-22,2019092201005161,SBI,43,34,32,409.00,"13,088.00"
2019-09-22,2019092201005255,SBL,44,25,50,326.00,"16,300.00"
2019-09-22,2019092201005157,SBL,36,43,803,326.00,"261,778.00"
2019-09-22,2019092201005113,SBL,57,45,66,325.00,"21,450.00"
2019-09-22,2019092201005112,SBL,16,45,244,325.00,"79,300.00"
2019-09-22,2019092201005071,SBL,28,43,115,326.00,"37,490.00"
2019-09-22,2019092201004912,SBL,16,32,11,325.00,"3,575.00"
2019-09-22,2019092201004910,SBL,16,38,100,325.00,"32,500.00"
2019-09-22,2019092201004906,SBL,16,38,92,325.00,"29,900.00"
2019-09-22,2019092201004899,SBL,16,38,153,325.00,"49,725.00"
2019-09-22,2019092201005331,SCB,21,49,20,553.00,"11,060.00"
2019-09-22,2019092201005086,SCB,47,49,20,551.00,"11,020.00"
2019-09-22,2019092201004965,SCB,48,50,60,550.00,"33,000.00"
2019-09-22,2019092201004964,SCB,17,50,100,550.00,"55,000.00"
2019-09-22,2019092201004963,SCB,38,50,50,550.00,"27,500.00"
2019-09-22,2019092201004962,SCB,21,50,10,550.00,"5,500.00"
2019-09-22,2019092201004961,SCB,17,50,180,550.00,"99,000.00"
2019-09-22,2019092201004960,SCB,29,50,200,551.00,"110,200.00"
2019-09-22,2019092201004947,SCB,48,42,13,551.00,"7,163.00"
2019-09-22,2019092201005054,SDESI,45,52,23,602.00,"13,846.00"
2019-09-22,2019092201005159,SFFIL,45,6,16,250.00,"4,000.00"
2019-09-22,2019092201005050,SFFIL,57,6,50,250.00,"12,500.00"
2019-09-22,2019092201005009,SFFIL,41,6,100,251.00,"25,100.00"
2019-09-22,2019092201004981,SFFIL,44,6,200,250.00,"50,000.00"
2019-09-22,2019092201005350,SHIVM,6,38,50,544.00,"27,200.00"
2019-09-22,2019092201005349,SHIVM,6,34,400,545.00,"218,000.00"
2019-09-22,2019092201005348,SHIVM,6,29,200,545.00,"109,000.00"
2019-09-22,2019092201005270,SHIVM,6,35,150,544.00,"81,600.00"
2019-09-22,2019092201005269,SHIVM,6,36,100,544.00,"54,400.00"
2019-09-22,2019092201005204,SHIVM,19,48,480,540.00,"259,200.00"
2019-09-22,2019092201005007,SHIVM,26,50,"1,035",542.00,"560,970.00"
2019-09-22,2019092201004992,SHIVM,26,52,230,542.00,"124,660.00"
2019-09-22,2019092201004991,SHIVM,6,52,10,543.00,"5,430.00"
2019-09-22,2019092201004904,SHIVM,19,1,100,543.00,"54,300.00"
2019-09-22,2019092201004903,SHIVM,50,1,100,543.00,"54,300.00"
2019-09-22,2019092201004902,SHIVM,57,1,100,543.00,"54,300.00"
2019-09-22,2019092201005105,SHIVM,10,51,50,541.00,"27,050.00"
2019-09-22,2019092201005097,SHIVM,45,45,300,542.00,"162,600.00"
2019-09-22,2019092201005096,SHIVM,45,50,496,542.00,"268,832.00"
2019-09-22,2019092201005056,SHIVM,40,50,30,542.00,"16,260.00"
2019-09-22,2019092201005040,SHIVM,10,50,10,542.00,"5,420.00"
2019-09-22,2019092201005011,SHIVM,37,50,100,542.00,"54,200.00"
2019-09-22,2019092201005203,SHIVM,39,48,10,540.00,"5,400.00"
2019-09-22,2019092201005202,SHIVM,35,48,10,541.00,"5,410.00"
2019-09-22,2019092201005201,SHIVM,22,48,500,541.00,"270,500.00"
2019-09-22,2019092201005200,SHIVM,10,48,450,541.00,"243,450.00"
2019-09-22,2019092201005199,SHIVM,7,48,50,542.00,"27,100.00"
2019-09-22,2019092201005198,SHIVM,28,48,500,542.00,"271,000.00"
2019-09-22,2019092201005230,SHL,47,51,138,211.00,"29,118.00"
2019-09-22,2019092201005229,SHL,22,51,100,211.00,"21,100.00"
2019-09-22,2019092201005220,SHL,22,40,100,211.00,"21,100.00"
2019-09-22,2019092201005212,SHL,49,50,100,212.00,"21,200.00"
2019-09-22,2019092201005179,SHL,50,50,500,212.00,"106,000.00"
2019-09-22,2019092201005178,SHL,20,50,100,212.00,"21,200.00"
2019-09-22,2019092201005177,SHL,22,50,100,213.00,"21,300.00"
2019-09-22,2019092201005245,SIL,25,41,15,380.00,"5,700.00"
2019-09-22,2019092201005246,SJCL,57,45,20,166.00,"3,320.00"
2019-09-22,2019092201004946,SJCL,11,1,20,166.00,"3,320.00"
2019-09-22,2019092201004942,SJCL,11,38,20,166.00,"3,320.00"
2019-09-22,2019092201004911,SJCL,11,38,20,166.00,"3,320.00"
2019-09-22,2019092201005066,SJCL,11,38,20,166.00,"3,320.00"
2019-09-22,2019092201005012,SJCL,11,38,20,166.00,"3,320.00"
2019-09-22,2019092201005006,SJCL,11,1,20,166.00,"3,320.00"
2019-09-22,2019092201004982,SJCL,11,1,20,166.00,"3,320.00"
2019-09-22,2019092201005140,SJCL,39,1,20,167.00,"3,340.00"
2019-09-22,2019092201005139,SJCL,39,38,20,167.00,"3,340.00"
2019-09-22,2019092201005137,SJCL,39,45,20,167.00,"3,340.00"
2019-09-22,2019092201005110,SJCL,11,1,20,166.00,"3,320.00"
2019-09-22,2019092201005108,SJCL,11,45,20,166.00,"3,320.00"
2019-09-22,2019092201005106,SJCL,11,38,20,166.00,"3,320.00"
2019-09-22,2019092201005197,SJCL,57,34,310,166.00,"51,460.00"
2019-09-22,2019092201005196,SJCL,11,34,110,166.00,"18,260.00"
2019-09-22,2019092201005195,SJCL,39,34,610,167.00,"101,870.00"
2019-09-22,2019092201005194,SJCL,39,38,10,167.00,"1,670.00"
2019-09-22,2019092201005180,SJCL,39,38,20,167.00,"3,340.00"
2019-09-22,2019092201005150,SJCL,39,56,300,167.00,"50,100.00"
2019-09-22,2019092201005131,SKBBL,42,51,50,890.00,"44,500.00"
2019-09-22,2019092201005234,SLBBL,32,19,40,533.00,"21,320.00"
2019-09-22,2019092201004944,SLBSL,14,19,20,679.00,"13,580.00"
2019-09-22,2019092201004943,SLBSL,45,19,10,680.00,"6,800.00"
2019-09-22,2019092201005366,SLICL,34,19,50,265.00,"13,250.00"
2019-09-22,2019092201005365,SLICL,21,19,50,266.00,"13,300.00"
2019-09-22,2019092201005027,SLICL,43,6,100,265.00,"26,500.00"
2019-09-22,2019092201005023,SLICL,17,6,"1,500",265.00,"397,500.00"
2019-09-22,2019092201005022,SLICL,29,6,300,265.00,"79,500.00"
2019-09-22,2019092201004926,SLICL,45,50,110,268.00,"29,480.00"
2019-09-22,2019092201004925,SLICL,34,50,50,268.00,"13,400.00"
2019-09-22,2019092201005021,SLICL,48,6,100,265.00,"26,500.00"
2019-09-22,2019092201005020,SLICL,50,6,54,266.00,"14,364.00"
2019-09-22,2019092201004930,SLICL,50,50,446,266.00,"118,636.00"
2019-09-22,2019092201004929,SLICL,8,50,100,266.00,"26,600.00"
2019-09-22,2019092201004928,SLICL,26,50,200,266.00,"53,200.00"
2019-09-22,2019092201004927,SLICL,45,50,50,266.00,"13,300.00"
2019-09-22,2019092201005315,SMATA,45,41,20,552.00,"11,040.00"
2019-09-22,2019092201005314,SMATA,45,41,50,554.00,"27,700.00"
2019-09-22,2019092201005274,SMATA,1,1,50,558.00,"27,900.00"
2019-09-22,2019092201005273,SMATA,17,1,40,560.00,"22,400.00"
2019-09-22,2019092201005272,SMATA,6,1,10,560.00,"5,600.00"
2019-09-22,2019092201005089,SMFDB,29,37,123,506.00,"62,238.00"
2019-09-22,2019092201005293,SPARS,3,19,10,538.00,"5,380.00"
2019-09-22,2019092201005214,SPARS,3,45,10,538.00,"5,380.00"
2019-09-22,2019092201005318,SRBL,50,3,48,235.00,"11,280.00"
2019-09-22,2019092201005317,SRBL,34,3,500,235.00,"117,500.00"
2019-09-22,2019092201005316,SRBL,46,3,68,235.00,"15,980.00"
2019-09-22,2019092201005288,SRBL,43,45,"1,000",236.00,"236,000.00"
2019-09-22,2019092201005250,SRBL,57,45,50,236.00,"11,800.00"
2019-09-22,2019092201005268,UIC,52,40,50,265.00,"13,250.00"
2019-09-22,2019092201005267,UIC,5,40,20,269.00,"5,380.00"
2019-09-22,2019092201005266,UIC,58,40,30,270.00,"8,100.00"
2019-09-22,2019092201005265,UIC,51,40,10,271.00,"2,710.00"
2019-09-22,2019092201005100,UMHL,53,49,10,102.00,"1,020.00"
2019-09-22,2019092201005076,UPCL,22,36,300,80.00,"24,000.00"
2019-09-22,2019092201005332,UPPER,29,56,213,235.00,"50,055.00"
2019-09-22,2019092201005210,UPPER,49,56,200,235.00,"47,000.00"
2019-09-22,2019092201005176,UPPER,19,45,142,234.00,"33,228.00"
2019-09-22,2019092201005175,UPPER,52,45,100,234.00,"23,400.00"
2019-09-22,2019092201005174,UPPER,52,45,200,234.00,"46,800.00"
2019-09-22,2019092201004945,UPPER,40,34,100,235.00,"23,500.00"
2019-09-22,2019092201005049,UPPER,52,56,100,235.00,"23,500.00"
2019-09-22,2019092201005048,UPPER,57,56,200,235.00,"47,000.00"
2019-09-22,2019092201005047,UPPER,40,56,498,235.00,"117,030.00"
2019-09-22,2019092201005026,UPPER,40,52,300,235.00,"70,500.00"
2019-09-22,2019092201004994,UPPER,40,52,200,236.00,"47,200.00"
2019-09-22,2019092201005173,UPPER,42,45,50,234.00,"11,700.00"
2019-09-22,2019092201005172,UPPER,38,45,100,234.00,"23,400.00"
2019-09-22,2019092201005171,UPPER,43,45,500,234.00,"117,000.00"
2019-09-22,2019092201005136,UPPER,38,56,223,235.00,"52,405.00"
2019-09-22,2019092201005127,UPPER,38,56,20,235.00,"4,700.00"
2019-09-22,2019092201005124,UPPER,48,56,350,235.00,"82,250.00"
2019-09-22,2019092201004645,ADBL,45,36,500,413.00,"206,500.00"
2019-09-22,2019092201004644,ADBL,42,36,100,413.00,"41,300.00"
2019-09-22,2019092201004643,ADBL,43,36,10,413.00,"4,130.00"
2019-09-22,2019092201004642,ADBL,14,36,"1,547",413.00,"638,911.00"
2019-09-22,2019092201004860,AHPC,29,32,18,97.00,"1,746.00"
2019-09-22,2019092201004525,AHPC,22,38,200,96.00,"19,200.00"
2019-09-22,2019092201004524,AHPC,43,38,50,96.00,"4,800.00"
2019-09-22,2019092201004523,AHPC,28,38,40,97.00,"3,880.00"
2019-09-22,2019092201004486,AHPC,28,13,444,97.00,"43,068.00"
2019-09-22,2019092201004485,AHPC,11,13,40,97.00,"3,880.00"
2019-09-22,2019092201004629,AKBSL,26,38,10,413.00,"4,130.00"
2019-09-22,2019092201004614,AKBSL,26,38,10,413.00,"4,130.00"
2019-09-22,2019092201004606,AKBSL,51,38,10,413.00,"4,130.00"
2019-09-22,2019092201004575,AKBSL,51,32,10,413.00,"4,130.00"
2019-09-22,2019092201004565,AKBSL,51,32,10,413.00,"4,130.00"
2019-09-22,2019092201004540,AKBSL,51,32,10,413.00,"4,130.00"
2019-09-22,2019092201004537,AKBSL,51,13,10,413.00,"4,130.00"
2019-09-22,2019092201004527,AKBSL,14,32,10,413.00,"4,130.00"
2019-09-22,2019092201004526,AKBSL,14,49,10,413.00,"4,130.00"
2019-09-22,2019092201004504,AKBSL,14,32,10,413.00,"4,130.00"
2019-09-22,2019092201004496,AKBSL,14,32,10,413.00,"4,130.00"
2019-09-22,2019092201004666,ALBSL,16,10,10,424.00,"4,240.00"
2019-09-22,2019092201004873,ALICL,45,10,74,316.00,"23,384.00"
2019-09-22,2019092201004872,ALICL,45,10,20,316.00,"6,320.00"
2019-09-22,2019092201004874,API,25,32,10,113.00,"1,130.00"
2019-09-22,2019092201004828,BOKL,26,38,18,250.00,"4,500.00"
2019-09-22,2019092201004661,BOKL,26,38,42,250.00,"10,500.00"
2019-09-22,2019092201004657,BOKL,26,6,151,250.00,"37,750.00"
2019-09-22,2019092201004656,BOKL,13,6,58,251.00,"14,558.00"
2019-09-22,2019092201004655,BOKL,13,19,142,251.00,"35,642.00"
2019-09-22,2019092201004417,BOKL,26,21,119,250.00,"29,750.00"
2019-09-22,2019092201004416,BOKL,42,21,200,250.00,"50,000.00"
2019-09-22,2019092201004415,BOKL,39,21,500,250.00,"125,000.00"
2019-09-22,2019092201004535,BPCL,13,11,30,357.00,"10,710.00"
2019-09-22,2019092201004894,CBBL,28,38,69,958.00,"66,102.00"
2019-09-22,2019092201004867,CBBL,45,56,100,960.00,"96,000.00"
2019-09-22,2019092201004789,CBL,1,52,50,142.00,"7,100.00"
2019-09-22,2019092201004696,CBL,22,52,200,142.00,"28,400.00"
2019-09-22,2019092201004468,CBL,1,50,191,142.00,"27,122.00"
2019-09-22,2019092201004467,CBL,59,50,200,142.00,"28,400.00"
2019-09-22,2019092201004466,CBL,56,50,500,142.00,"71,000.00"
2019-09-22,2019092201004465,CBL,44,50,500,142.00,"71,000.00"
2019-09-22,2019092201004458,CBL,26,50,949,142.00,"134,758.00"
2019-09-22,2019092201004464,CBL,58,50,50,142.00,"7,100.00"
2019-09-22,2019092201004463,CBL,8,50,200,142.00,"28,400.00"
2019-09-22,2019092201004462,CBL,26,50,500,142.00,"71,000.00"
2019-09-22,2019092201004461,CBL,6,50,300,142.00,"42,600.00"
2019-09-22,2019092201004460,CBL,38,50,510,142.00,"72,420.00"
2019-09-22,2019092201004459,CBL,34,50,100,142.00,"14,200.00"
2019-09-22,2019092201004825,CCBL,26,22,244,154.00,"37,576.00"
2019-09-22,2019092201004753,CCBL,26,26,147,154.00,"22,638.00"
2019-09-22,2019092201004719,CCBL,26,6,77,154.00,"11,858.00"
2019-09-22,2019092201004677,CCBL,26,52,32,154.00,"4,928.00"
2019-09-22,2019092201004676,CCBL,26,52,424,154.00,"65,296.00"
2019-09-22,2019092201004419,CCBL,26,51,26,154.00,"4,004.00"
2019-09-22,2019092201004875,CIT,45,34,100,"1,780.00","178,000.00"
2019-09-22,2019092201004663,CIT,45,38,250,"1,780.00","445,000.00"
2019-09-22,2019092201004662,CIT,56,38,50,"1,783.00","89,150.00"
2019-09-22,2019092201004605,CIT,45,21,50,"1,780.00","89,000.00"
2019-09-22,2019092201004604,CIT,43,21,50,"1,780.00","89,000.00"
2019-09-22,2019092201004603,CIT,34,21,20,"1,781.00","35,620.00"
2019-09-22,2019092201004602,CIT,46,21,50,"1,782.00","89,100.00"
2019-09-22,2019092201004579,CZBIL,50,25,150,195.00,"29,250.00"
2019-09-22,2019092201004408,CZBIL,50,5,10,195.00,"1,950.00"
2019-09-22,2019092201004814,DBBL,34,32,25,128.00,"3,200.00"
2019-09-22,2019092201004694,DBBL,22,10,109,127.00,"13,843.00"
2019-09-22,2019092201004863,DDBL,28,11,55,713.00,"39,215.00"
2019-09-22,2019092201004413,DDBL,49,52,100,712.00,"71,200.00"
2019-09-22,2019092201004762,EBL,32,38,210,564.00,"118,440.00"
2019-09-22,2019092201004761,EBL,56,38,40,565.00,"22,600.00"
2019-09-22,2019092201004760,EBL,22,38,30,565.00,"16,950.00"
2019-09-22,2019092201004759,EBL,29,38,20,566.00,"11,320.00"
2019-09-22,2019092201004752,EBL,29,10,20,566.00,"11,320.00"
2019-09-22,2019092201004542,EBL,22,10,20,565.00,"11,300.00"
2019-09-22,2019092201004842,EDBL,28,32,25,270.00,"6,750.00"
2019-09-22,2019092201004830,EIC,10,46,200,253.00,"50,600.00"
2019-09-22,2019092201004829,EIC,22,46,150,255.00,"38,250.00"
2019-09-22,2019092201004685,EIC,44,7,200,250.00,"50,000.00"
2019-09-22,2019092201004684,EIC,52,7,200,250.00,"50,000.00"
2019-09-22,2019092201004683,EIC,34,7,100,250.00,"25,000.00"
2019-09-22,2019092201004682,EIC,38,7,350,250.00,"87,500.00"
2019-09-22,2019092201004517,EIC,34,49,30,253.00,"7,590.00"
2019-09-22,2019092201004516,EIC,14,49,300,253.00,"75,900.00"
2019-09-22,2019092201004515,EIC,41,49,300,254.00,"76,200.00"
2019-09-22,2019092201004514,EIC,3,49,30,255.00,"7,650.00"
2019-09-22,2019092201004513,EIC,17,49,82,255.00,"20,910.00"
2019-09-22,2019092201004681,EIC,36,7,100,252.00,"25,200.00"
2019-09-22,2019092201004680,EIC,26,7,200,252.00,"50,400.00"
2019-09-22,2019092201004679,EIC,28,7,100,252.00,"25,200.00"
2019-09-22,2019092201004678,EIC,14,7,106,252.00,"26,712.00"
2019-09-22,2019092201004519,EIC,14,49,94,252.00,"23,688.00"
2019-09-22,2019092201004518,EIC,26,49,200,253.00,"50,600.00"
2019-09-22,2019092201004412,GBBL,47,38,92,210.00,"19,320.00"
2019-09-22,2019092201004895,GFCL,59,58,500,133.00,"66,500.00"
2019-09-22,2019092201004888,GFCL,59,59,35,132.00,"4,620.00"
2019-09-22,2019092201004569,GLBSL,44,40,10,441.00,"4,410.00"
2019-09-22,2019092201004896,GLICL,13,10,50,367.00,"18,350.00"
2019-09-22,2019092201004870,GLICL,57,37,30,368.00,"11,040.00"
2019-09-22,2019092201004869,GLICL,57,37,150,368.00,"55,200.00"
2019-09-22,2019092201004483,GLICL,13,16,30,367.00,"11,010.00"
2019-09-22,2019092201004482,GLICL,43,16,50,368.00,"18,400.00"
2019-09-22,2019092201004481,GLICL,45,16,20,369.00,"7,380.00"
2019-09-22,2019092201004617,GMFBS,10,34,10,461.00,"4,610.00"
2019-09-22,2019092201004499,GMFBS,10,40,10,461.00,"4,610.00"
2019-09-22,2019092201004426,GMFBS,59,5,10,462.00,"4,620.00"
2019-09-22,2019092201004698,GMFIL,42,43,90,115.00,"10,350.00"
2019-09-22,2019092201004446,GMFIL,42,49,10,115.00,"1,150.00"
2019-09-22,2019092201004474,HGI,45,34,20,275.00,"5,500.00"
2019-09-22,2019092201004819,HIDCL,35,49,50,131.00,"6,550.00"
2019-09-22,2019092201004730,ICFC,14,55,100,154.00,"15,400.00"
2019-09-22,2019092201004729,ICFC,43,55,300,154.00,"46,200.00"
2019-09-22,2019092201004582,ICFC,57,58,300,156.00,"46,800.00"
2019-09-22,2019092201004687,ILBS,26,32,10,425.00,"4,250.00"
2019-09-22,2019092201004664,ILBS,26,32,10,425.00,"4,250.00"
2019-09-22,2019092201004654,ILBS,26,32,10,425.00,"4,250.00"
2019-09-22,2019092201004648,ILBS,26,32,10,425.00,"4,250.00"
2019-09-22,2019092201004638,ILBS,26,32,10,425.00,"4,250.00"
2019-09-22,2019092201004628,ILBS,26,32,10,425.00,"4,250.00"
2019-09-22,2019092201004554,ILBS,26,32,10,425.00,"4,250.00"
2019-09-22,2019092201004536,ILBS,26,32,10,425.00,"4,250.00"
2019-09-22,2019092201004625,ILBS,11,8,10,426.00,"4,260.00"
2019-09-22,2019092201004616,ILBS,26,32,10,425.00,"4,250.00"
2019-09-22,2019092201004583,ILBS,26,32,10,425.00,"4,250.00"
2019-09-22,2019092201004578,ILBS,26,32,10,425.00,"4,250.00"
2019-09-22,2019092201004562,ILBS,26,32,10,425.00,"4,250.00"
2019-09-22,2019092201004561,ILBS,26,13,10,425.00,"4,250.00"
2019-09-22,2019092201004695,JBBL,1,38,25,156.00,"3,900.00"
2019-09-22,2019092201004473,JBBL,58,28,200,156.00,"31,200.00"
2019-09-22,2019092201004744,JFL,52,58,20,198.00,"3,960.00"
2019-09-22,2019092201004444,KPCL,39,5,10,77.00,770.00
2019-09-22,2019092201004721,LBBL,28,38,60,170.00,"10,200.00"
2019-09-22,2019092201004720,LBBL,52,38,63,171.00,"10,773.00"
2019-09-22,2019092201004688,LBBL,52,6,37,171.00,"6,327.00"
2019-09-22,2019092201004791,LBL,4,25,704,212.00,"149,248.00"
2019-09-22,2019092201004790,LBL,34,25,359,212.00,"76,108.00"
2019-09-22,2019092201004591,LGIL,44,43,10,362.00,"3,620.00"
2019-09-22,2019092201004758,LICN,40,25,12,986.00,"11,832.00"
2019-09-22,2019092201004693,LLBS,36,44,60,654.00,"39,240.00"
2019-09-22,2019092201004692,LLBS,33,44,100,654.00,"65,400.00"
2019-09-22,2019092201004691,LLBS,40,44,50,655.00,"32,750.00"
2019-09-22,2019092201004690,LLBS,33,44,10,655.00,"6,550.00"
2019-09-22,2019092201004689,LLBS,51,44,10,655.00,"6,550.00"
2019-09-22,2019092201004887,MBL,37,45,200,248.00,"49,600.00"
2019-09-22,2019092201004886,MBL,38,45,50,248.00,"12,400.00"
2019-09-22,2019092201004885,MBL,29,45,50,248.00,"12,400.00"
2019-09-22,2019092201004884,MBL,19,45,30,248.00,"7,440.00"
2019-09-22,2019092201004883,MBL,11,45,20,248.00,"4,960.00"
2019-09-22,2019092201004882,MBL,52,45,200,248.00,"49,600.00"
2019-09-22,2019092201004775,MBL,44,51,80,249.00,"19,920.00"
2019-09-22,2019092201004725,MBL,58,51,20,249.00,"4,980.00"
2019-09-22,2019092201004881,MBL,48,45,"1,000",248.00,"248,000.00"
2019-09-22,2019092201004880,MBL,39,45,100,248.00,"24,800.00"
2019-09-22,2019092201004879,MBL,48,45,178,248.00,"44,144.00"
2019-09-22,2019092201004877,MBL,11,11,20,249.00,"4,980.00"
2019-09-22,2019092201004803,MBL,48,32,22,248.00,"5,456.00"
2019-09-22,2019092201004802,MBL,37,51,100,249.00,"24,900.00"
2019-09-22,2019092201004851,MEGA,57,45,500,193.00,"96,500.00"
2019-09-22,2019092201004440,MEGA,29,21,100,193.00,"19,300.00"
2019-09-22,2019092201004439,MEGA,29,21,50,193.00,"9,650.00"
2019-09-22,2019092201004766,MEGA,57,21,350,193.00,"67,550.00"
2019-09-22,2019092201004438,MERO,48,25,30,550.00,"16,500.00"
2019-09-22,2019092201004437,MERO,46,25,50,550.00,"27,500.00"
2019-09-22,2019092201004436,MERO,50,25,20,550.00,"11,000.00"
2019-09-22,2019092201004650,MLBL,48,35,105,210.00,"22,050.00"
2019-09-22,2019092201004649,MLBL,52,35,100,210.00,"21,000.00"
2019-09-22,2019092201004777,MNBBL,1,7,201,301.00,"60,501.00"
2019-09-22,2019092201004776,MNBBL,32,7,100,301.00,"30,100.00"
2019-09-22,2019092201004748,MNBBL,32,49,65,302.00,"19,630.00"
2019-09-22,2019092201004639,MSMBS,49,49,11,481.00,"5,291.00"
2019-09-22,2019092201004584,MSMBS,49,49,11,481.00,"5,291.00"
2019-09-22,2019092201004528,MSMBS,49,49,11,481.00,"5,291.00"
2019-09-22,2019092201004708,NABIL,26,51,100,763.00,"76,300.00"
2019-09-22,2019092201004556,NABIL,50,35,27,762.00,"20,574.00"
2019-09-22,2019092201004501,NABIL,50,22,55,762.00,"41,910.00"
2019-09-22,2019092201004470,NABIL,50,5,16,762.00,"12,192.00"
2019-09-22,2019092201004469,NABIL,51,5,40,763.00,"30,520.00"
2019-09-22,2019092201004420,NABIL,22,21,30,765.00,"22,950.00"
2019-09-22,2019092201004795,NADEP,14,43,40,403.00,"16,120.00"
2019-09-22,2019092201004558,NADEP,49,38,10,403.00,"4,030.00"
2019-09-22,2019092201004557,NADEP,43,38,10,403.00,"4,030.00"
2019-09-22,2019092201004706,NADEP,49,10,10,403.00,"4,030.00"
2019-09-22,2019092201004707,NADEP,14,10,10,403.00,"4,030.00"
2019-09-22,2019092201004520,NAGRO,34,50,10,740.00,"7,400.00"
2019-09-22,2019092201004553,NBB,4,48,855,208.00,"177,840.00"
2019-09-22,2019092201004552,NBB,17,48,145,208.00,"30,160.00"
2019-09-22,2019092201004398,NBB,32,55,303,209.00,"63,327.00"
2019-09-22,2019092201004669,NBL,26,16,125,312.00,"39,000.00"
2019-09-22,2019092201004668,NBL,26,34,375,312.00,"117,000.00"
2019-09-22,2019092201004854,NCCB,25,13,300,196.00,"58,800.00"
2019-09-22,2019092201004853,NCCB,25,38,74,195.00,"14,430.00"
2019-09-22,2019092201004817,NCCB,28,32,25,195.00,"4,875.00"
2019-09-22,2019092201004816,NCCB,6,13,200,196.00,"39,200.00"
2019-09-22,2019092201004592,NCCB,28,8,660,195.00,"128,700.00"
2019-09-22,2019092201004835,NGPL,29,49,11,99.00,"1,089.00"
2019-09-22,2019092201004827,NGPL,29,32,11,99.00,"1,089.00"
2019-09-22,2019092201004836,NIB,22,32,17,438.00,"7,446.00"
2019-09-22,2019092201004715,NIB,22,57,28,438.00,"12,264.00"
2019-09-22,2019092201004714,NIB,45,57,50,438.00,"21,900.00"
2019-09-22,2019092201004713,NIB,10,57,50,438.00,"21,900.00"
2019-09-22,2019092201004712,NIB,38,57,42,438.00,"18,396.00"
2019-09-22,2019092201004630,NIB,1,55,25,439.00,"10,975.00"
2019-09-22,2019092201004480,NIB,38,5,58,438.00,"25,404.00"
2019-09-22,2019092201004479,NIB,38,5,18,438.00,"7,884.00"
2019-09-22,2019092201004478,NIB,26,14,12,440.00,"5,280.00"
2019-09-22,2019092201004601,NIBPO,52,11,300,417.00,"125,100.00"
2019-09-22,2019092201004600,NIBPO,52,11,100,418.00,"41,800.00"
2019-09-22,2019092201004433,NIBPO,52,32,100,423.00,"42,300.00"
2019-09-22,2019092201004627,NICA,45,43,50,380.00,"19,000.00"
2019-09-22,2019092201004613,NICA,45,43,43,380.00,"16,340.00"
2019-09-22,2019092201004612,NICA,56,43,150,380.00,"57,000.00"
2019-09-22,2019092201004611,NICA,39,43,25,380.00,"9,500.00"
2019-09-22,2019092201004610,NICA,43,43,182,380.00,"69,160.00"
2019-09-22,2019092201004598,NICA,43,14,190,380.00,"72,200.00"
2019-09-22,2019092201004597,NICA,44,14,10,381.00,"3,810.00"
2019-09-22,2019092201004547,NIL,32,34,68,367.00,"24,956.00"
2019-09-22,2019092201004449,NLBBL,40,21,14,497.00,"6,958.00"
2019-09-22,2019092201004448,NLBBL,45,21,15,498.00,"7,470.00"
2019-09-22,2019092201004425,NLBBL,45,52,185,498.00,"92,130.00"
2019-09-22,2019092201004424,NLBBL,57,52,10,498.00,"4,980.00"
2019-09-22,2019092201004423,NLBBL,43,52,10,500.00,"5,000.00"
2019-09-22,2019092201004838,NLIC,58,35,25,755.00,"18,875.00"
2019-09-22,2019092201004765,NLIC,38,4,50,755.00,"37,750.00"
2019-09-22,2019092201004764,NLIC,38,4,50,755.00,"37,750.00"
2019-09-22,2019092201004717,NLIC,26,26,100,754.00,"75,400.00"
2019-09-22,2019092201004428,NLIC,38,4,38,756.00,"28,728.00"
2019-09-22,2019092201004427,NLIC,38,4,40,756.00,"30,240.00"
2019-09-22,2019092201004798,NLICL,21,55,17,465.00,"7,905.00"
2019-09-22,2019092201004796,NLICL,54,55,295,463.00,"136,585.00"
2019-09-22,2019092201004771,NLICL,54,38,150,463.00,"69,450.00"
2019-09-22,2019092201004770,NLICL,59,38,500,464.00,"232,000.00"
2019-09-22,2019092201004769,NLICL,55,38,50,464.00,"23,200.00"
2019-09-22,2019092201004635,NLICL,25,55,100,465.00,"46,500.00"
2019-09-22,2019092201004634,NLICL,51,55,50,465.00,"23,250.00"
2019-09-22,2019092201004633,NLICL,20,55,55,465.00,"25,575.00"
2019-09-22,2019092201004632,NLICL,28,55,73,467.00,"34,091.00"
2019-09-22,2019092201004511,NLICL,28,22,227,467.00,"106,009.00"
2019-09-22,2019092201004510,NLICL,43,22,14,467.00,"6,538.00"
2019-09-22,2019092201004570,NMBMF,28,6,25,"1,053.00","26,325.00"
2019-09-22,2019092201004476,NMBMF,28,45,36,"1,053.00","37,908.00"
2019-09-22,2019092201004445,NMBMF,28,38,20,"1,053.00","21,060.00"
2019-09-22,2019092201004399,NMFBS,57,42,10,"1,675.00","16,750.00"
2019-09-22,2019092201004859,NNLB,40,38,28,421.00,"11,788.00"
2019-09-22,2019092201004858,NNLB,1,38,200,422.00,"84,400.00"
2019-09-22,2019092201004857,NNLB,40,38,50,423.00,"21,150.00"
2019-09-22,2019092201004856,NNLB,40,38,100,423.00,"42,300.00"
2019-09-22,2019092201004813,NNLB,40,38,50,427.00,"21,350.00"
2019-09-22,2019092201004823,NTC,13,28,10,613.00,"6,130.00"
2019-09-22,2019092201004726,OHL,45,52,10,530.00,"5,300.00"
2019-09-22,2019092201004774,PCBL,32,35,300,263.00,"78,900.00"
2019-09-22,2019092201004773,PCBL,32,58,200,263.00,"52,600.00"
2019-09-22,2019092201004751,PCBL,38,58,150,263.00,"39,450.00"
2019-09-22,2019092201004435,PCBL,22,58,600,263.00,"157,800.00"
2019-09-22,2019092201004494,PIC,19,5,11,376.00,"4,136.00"
2019-09-22,2019092201004862,PLIC,28,55,50,324.00,"16,200.00"
2019-09-22,2019092201004815,PLIC,43,55,239,324.00,"77,436.00"
2019-09-22,2019092201004572,PPCL,45,40,10,92.00,920.00
2019-09-22,2019092201004509,PPCL,45,28,10,92.00,920.00
2019-09-22,2019092201004506,PPCL,58,40,10,91.00,910.00
2019-09-22,2019092201004434,PPCL,58,40,10,91.00,910.00
2019-09-22,2019092201004403,PPCL,58,40,10,91.00,910.00
2019-09-22,2019092201004810,PRIN,32,13,20,302.00,"6,040.00"
2019-09-22,2019092201004521,PRIN,45,36,50,302.00,"15,100.00"
2019-09-22,2019092201004864,PRVU,52,32,297,262.00,"77,814.00"
2019-09-22,2019092201004852,PRVU,52,38,24,262.00,"6,288.00"
2019-09-22,2019092201004808,PRVU,14,38,579,263.00,"152,277.00"
2019-09-22,2019092201004673,PRVU,4,38,21,263.00,"5,523.00"
2019-09-22,2019092201004672,PRVU,4,29,317,263.00,"83,371.00"
2019-09-22,2019092201004500,PRVU,4,52,"1,712",262.00,"448,544.00"
2019-09-22,2019092201004484,PRVU,17,29,70,263.00,"18,410.00"
2019-09-22,2019092201004503,RADHI,32,5,12,133.00,"1,596.00"
2019-09-22,2019092201004805,RBCLPO,49,59,10,"7,400.00","74,000.00"
2019-09-22,2019092201004532,RBCLPO,59,5,10,"7,401.00","74,010.00"
2019-09-22,2019092201004531,RBCLPO,59,5,10,"7,405.00","74,050.00"
2019-09-22,2019092201004530,RBCLPO,26,5,10,"7,406.00","74,060.00"
2019-09-22,2019092201004890,RHPL,56,51,90,155.00,"13,950.00"
2019-09-22,2019092201004889,RHPL,43,51,310,155.00,"48,050.00"
2019-09-22,2019092201004855,RHPL,43,1,40,155.00,"6,200.00"
2019-09-22,2019092201004849,RHPL,43,1,40,155.00,"6,200.00"
2019-09-22,2019092201004848,RHPL,43,51,110,155.00,"17,050.00"
2019-09-22,2019092201004847,RHPL,41,51,100,155.00,"15,500.00"
2019-09-22,2019092201004429,RHPL,26,51,10,156.00,"1,560.00"
2019-09-22,2019092201004411,RHPL,26,40,10,156.00,"1,560.00"
2019-09-22,2019092201004539,RHPL,26,1,20,156.00,"3,120.00"
2019-09-22,2019092201004534,RHPL,51,40,10,155.00,"1,550.00"
2019-09-22,2019092201004533,RHPL,51,49,40,155.00,"6,200.00"
2019-09-22,2019092201004507,RHPL,51,26,20,155.00,"3,100.00"
2019-09-22,2019092201004477,RHPL,51,40,10,155.00,"1,550.00"
2019-09-22,2019092201004475,RHPL,51,41,30,155.00,"4,650.00"
2019-09-22,2019092201004585,RHPL,51,34,10,155.00,"1,550.00"
2019-09-22,2019092201004580,RHPL,51,51,30,155.00,"4,650.00"
2019-09-22,2019092201004555,RHPL,51,5,20,155.00,"3,100.00"
2019-09-22,2019092201004551,RHPL,8,1,20,156.00,"3,120.00"
2019-09-22,2019092201004550,RHPL,8,1,40,156.00,"6,240.00"
2019-09-22,2019092201004549,RHPL,8,1,40,156.00,"6,240.00"
2019-09-22,2019092201004658,RHPL,26,1,20,156.00,"3,120.00"
2019-09-22,2019092201004647,RHPL,51,1,40,155.00,"6,200.00"
2019-09-22,2019092201004640,RHPL,51,21,30,155.00,"4,650.00"
2019-09-22,2019092201004637,RHPL,51,51,20,155.00,"3,100.00"
2019-09-22,2019092201004636,RHPL,51,26,20,155.00,"3,100.00"
2019-09-22,2019092201004589,RHPL,51,40,10,155.00,"1,550.00"
2019-09-22,2019092201004793,RHPL,51,1,40,155.00,"6,200.00"
2019-09-22,2019092201004772,RHPL,51,1,40,155.00,"6,200.00"
2019-09-22,2019092201004710,RHPL,42,1,10,156.00,"1,560.00"
2019-09-22,2019092201004709,RHPL,42,1,40,156.00,"6,240.00"
2019-09-22,2019092201004697,RHPL,51,51,20,155.00,"3,100.00"
2019-09-22,2019092201004665,RHPL,51,38,40,155.00,"6,200.00"
2019-09-22,2019092201004822,RHPL,26,1,10,156.00,"1,560.00"
2019-09-22,2019092201004821,RHPL,26,1,10,156.00,"1,560.00"
2019-09-22,2019092201004811,RHPL,51,1,40,155.00,"6,200.00"
2019-09-22,2019092201004806,RHPL,51,1,40,155.00,"6,200.00"
2019-09-22,2019092201004801,RHPL,51,1,40,155.00,"6,200.00"
2019-09-22,2019092201004800,RHPL,51,26,20,155.00,"3,100.00"
2019-09-22,2019092201004846,RHPL,38,51,100,155.00,"15,500.00"
2019-09-22,2019092201004845,RHPL,41,51,100,155.00,"15,500.00"
2019-09-22,2019092201004844,RHPL,51,51,10,155.00,"1,550.00"
2019-09-22,2019092201004840,RHPL,51,38,40,155.00,"6,200.00"
2019-09-22,2019092201004839,RHPL,51,1,40,155.00,"6,200.00"
2019-09-22,2019092201004826,RHPL,51,1,40,155.00,"6,200.00"
2019-09-22,2019092201004871,RLFL,7,32,90,110.00,"9,900.00"
2019-09-22,2019092201004767,RLFL,44,59,447,112.00,"50,064.00"
2019-09-22,2019092201004893,RMDC,5,50,200,606.00,"121,200.00"
2019-09-22,2019092201004892,RMDC,47,50,80,606.00,"48,480.00"
2019-09-22,2019092201004891,RMDC,45,50,20,607.00,"12,140.00"
2019-09-22,2019092201004546,RMDC,47,49,20,606.00,"12,120.00"
2019-09-22,2019092201004566,RRHP,47,5,10,102.00,"1,020.00"
2019-09-22,2019092201004560,RRHP,47,49,10,102.00,"1,020.00"
2019-09-22,2019092201004559,RRHP,47,40,10,102.00,"1,020.00"
2019-09-22,2019092201004794,RSDC,54,38,11,330.00,"3,630.00"
2019-09-22,2019092201004878,SABSL,50,49,10,452.00,"4,520.00"
2019-09-22,2019092201004876,SABSL,50,38,10,452.00,"4,520.00"
2019-09-22,2019092201004818,SABSL,57,32,10,451.00,"4,510.00"
2019-09-22,2019092201004784,SABSL,57,32,10,451.00,"4,510.00"
2019-09-22,2019092201004763,SABSL,28,32,10,452.00,"4,520.00"
2019-09-22,2019092201004754,SABSL,28,1,10,452.00,"4,520.00"
2019-09-22,2019092201004541,SABSL,45,1,10,451.00,"4,510.00"
2019-09-22,2019092201004631,SABSL,51,32,10,451.00,"4,510.00"
2019-09-22,2019092201004619,SABSL,51,32,10,451.00,"4,510.00"
2019-09-22,2019092201004599,SABSL,51,32,10,451.00,"4,510.00"
2019-09-22,2019092201004590,SABSL,51,1,10,451.00,"4,510.00"
2019-09-22,2019092201004568,SABSL,51,1,10,451.00,"4,510.00"
2019-09-22,2019092201004567,SABSL,48,38,10,451.00,"4,510.00"
2019-09-22,2019092201004743,SABSL,28,38,10,452.00,"4,520.00"
2019-09-22,2019092201004731,SABSL,28,32,10,452.00,"4,520.00"
2019-09-22,2019092201004716,SABSL,28,32,10,452.00,"4,520.00"
2019-09-22,2019092201004686,SABSL,57,32,10,451.00,"4,510.00"
2019-09-22,2019092201004660,SABSL,57,32,10,451.00,"4,510.00"
2019-09-22,2019092201004646,SABSL,57,32,10,451.00,"4,510.00"
2019-09-22,2019092201004792,SAEF,59,58,300,8.25,"2,475.00"
2019-09-22,2019092201004788,SANIMA,45,38,340,345.00,"117,300.00"
2019-09-22,2019092201004787,SANIMA,56,38,145,345.00,"50,025.00"
2019-09-22,2019092201004786,SANIMA,28,38,300,346.00,"103,800.00"
2019-09-22,2019092201004785,SANIMA,37,38,169,346.00,"58,474.00"
2019-09-22,2019092201004574,SANIMA,37,14,331,346.00,"114,526.00"
2019-09-22,2019092201004573,SANIMA,34,14,169,346.00,"58,474.00"
2019-09-22,2019092201004457,SANIMA,34,13,481,346.00,"166,426.00"
2019-09-22,2019092201004861,SBL,17,43,82,326.00,"26,732.00"
2019-09-22,2019092201004843,SBL,17,14,18,326.00,"5,868.00"
2019-09-22,2019092201004797,SBL,42,14,100,326.00,"32,600.00"
2019-09-22,2019092201004783,SBL,19,14,82,326.00,"26,732.00"
2019-09-22,2019092201004782,SBL,19,25,18,326.00,"5,868.00"
2019-09-22,2019092201004781,SBL,6,6,"1,400",326.00,"456,400.00"
2019-09-22,2019092201004671,SBL,33,25,218,326.00,"71,068.00"
2019-09-22,2019092201004670,SBL,33,25,282,326.00,"91,932.00"
2019-09-22,2019092201004745,SBL,32,25,82,326.00,"26,732.00"
2019-09-22,2019092201004705,SBL,32,36,118,326.00,"38,468.00"
2019-09-22,2019092201004704,SBL,45,36,100,326.00,"32,600.00"
2019-09-22,2019092201004703,SBL,45,36,100,326.00,"32,600.00"
2019-09-22,2019092201004702,SBL,33,36,500,326.00,"163,000.00"
2019-09-22,2019092201004701,SBL,33,36,282,326.00,"91,932.00"
2019-09-22,2019092201004807,SCB,42,50,150,554.00,"83,100.00"
2019-09-22,2019092201004742,SCB,17,33,20,550.00,"11,000.00"
2019-09-22,2019092201004741,SCB,41,33,50,550.00,"27,500.00"
2019-09-22,2019092201004740,SCB,34,33,50,550.00,"27,500.00"
2019-09-22,2019092201004739,SCB,28,33,100,550.00,"55,000.00"
2019-09-22,2019092201004401,SCB,41,49,20,553.00,"11,060.00"
2019-09-22,2019092201004455,SCB,17,36,100,552.00,"55,200.00"
2019-09-22,2019092201004454,SCB,41,36,55,553.00,"30,415.00"
2019-09-22,2019092201004453,SCB,41,36,30,553.00,"16,590.00"
2019-09-22,2019092201004452,SCB,13,36,600,553.00,"331,800.00"
2019-09-22,2019092201004451,SCB,41,36,26,553.00,"14,378.00"
2019-09-22,2019092201004418,SCB,50,50,100,554.00,"55,400.00"
2019-09-22,2019092201004577,SCB,45,5,39,552.00,"21,528.00"
2019-09-22,2019092201004576,SCB,38,5,11,552.00,"6,072.00"
2019-09-22,2019092201004456,SCB,38,36,189,552.00,"104,328.00"
2019-09-22,2019092201004624,SCB,50,41,469,551.00,"258,419.00"
2019-09-22,2019092201004623,SCB,7,41,200,551.00,"110,200.00"
2019-09-22,2019092201004622,SCB,21,41,20,551.00,"11,020.00"
2019-09-22,2019092201004621,SCB,32,41,200,551.00,"110,200.00"
2019-09-22,2019092201004620,SCB,45,41,11,552.00,"6,072.00"
2019-09-22,2019092201004738,SCB,37,33,500,550.00,"275,000.00"
2019-09-22,2019092201004737,SCB,13,33,100,551.00,"55,100.00"
2019-09-22,2019092201004736,SCB,45,33,100,551.00,"55,100.00"
2019-09-22,2019092201004735,SCB,36,33,50,551.00,"27,550.00"
2019-09-22,2019092201004734,SCB,50,33,30,551.00,"16,530.00"
2019-09-22,2019092201004653,SDESI,45,43,30,601.00,"18,030.00"
2019-09-22,2019092201004652,SDESI,45,43,20,601.00,"12,020.00"
2019-09-22,2019092201004407,SDESI,45,38,200,602.00,"120,400.00"
2019-09-22,2019092201004406,SDESI,51,38,50,605.00,"30,250.00"
2019-09-22,2019092201004405,SDESI,34,38,10,605.00,"6,050.00"
2019-09-22,2019092201004404,SDESI,45,38,15,605.00,"9,075.00"
2019-09-22,2019092201004824,SFFIL,6,41,40,250.00,"10,000.00"
2019-09-22,2019092201004804,SFFIL,29,41,50,250.00,"12,500.00"
2019-09-22,2019092201004700,SFFIL,58,41,10,250.00,"2,500.00"
2019-09-22,2019092201004593,SFFIL,53,41,200,250.00,"50,000.00"
2019-09-22,2019092201004502,SFFIL,22,5,300,248.00,"74,400.00"
2019-09-22,2019092201004493,SFFIL,22,5,260,248.00,"64,480.00"
2019-09-22,2019092201004492,SFFIL,38,5,15,249.00,"3,735.00"
2019-09-22,2019092201004491,SFFIL,38,5,25,249.00,"6,225.00"
2019-09-22,2019092201004850,SHIVM,40,58,70,544.00,"38,080.00"
2019-09-22,2019092201004834,SHIVM,1,58,100,544.00,"54,400.00"
2019-09-22,2019092201004833,SHIVM,38,58,100,544.00,"54,400.00"
2019-09-22,2019092201004832,SHIVM,6,58,10,544.00,"5,440.00"
2019-09-22,2019092201004831,SHIVM,39,58,20,545.00,"10,900.00"
2019-09-22,2019092201004728,SHIVM,39,10,30,545.00,"16,350.00"
2019-09-22,2019092201004430,SHIVM,36,22,100,543.00,"54,300.00"
2019-09-22,2019092201004410,SHIVM,10,22,30,544.00,"16,320.00"
2019-09-22,2019092201004727,SHIVM,38,10,20,545.00,"10,900.00"
2019-09-22,2019092201004512,SHIVM,42,58,100,545.00,"54,500.00"
2019-09-22,2019092201004497,SHIVM,1,52,180,548.00,"98,640.00"
2019-09-22,2019092201004442,SHIVM,45,34,50,545.00,"27,250.00"
2019-09-22,2019092201004432,SHIVM,50,22,200,543.00,"108,600.00"
2019-09-22,2019092201004431,SHIVM,45,22,100,543.00,"54,300.00"
2019-09-22,2019092201004837,SHPC,17,6,184,191.00,"35,144.00"
2019-09-22,2019092201004545,SICL,42,54,55,720.00,"39,600.00"
2019-09-22,2019092201004544,SICL,41,54,50,720.00,"36,000.00"
2019-09-22,2019092201004780,SIL,34,25,82,377.00,"30,914.00"
2019-09-22,2019092201004779,SIL,35,25,54,377.00,"20,358.00"
2019-09-22,2019092201004778,SIL,34,25,10,378.00,"3,780.00"
2019-09-22,2019092201004868,SJCL,11,51,140,166.00,"23,240.00"
2019-09-22,2019092201004866,SJCL,11,38,20,166.00,"3,320.00"
2019-09-22,2019092201004865,SJCL,11,1,20,166.00,"3,320.00"
2019-09-22,2019092201004841,SJCL,26,59,20,168.00,"3,360.00"
2019-09-22,2019092201004812,SJCL,11,1,20,166.00,"3,320.00"
2019-09-22,2019092201004414,SJCL,55,40,20,166.00,"3,320.00"
2019-09-22,2019092201004400,SJCL,55,1,20,166.00,"3,320.00"
2019-09-22,2019092201004397,SJCL,55,32,20,166.00,"3,320.00"
2019-09-22,2019092201004447,SJCL,55,1,20,166.00,"3,320.00"
2019-09-22,2019092201004441,SJCL,55,1,20,166.00,"3,320.00"
2019-09-22,2019092201004422,SJCL,55,1,20,166.00,"3,320.00"
2019-09-22,2019092201004421,SJCL,26,32,20,167.00,"3,340.00"
2019-09-22,2019092201004490,SJCL,11,1,10,166.00,"1,660.00"
2019-09-22,2019092201004489,SJCL,47,1,10,166.00,"1,660.00"
2019-09-22,2019092201004488,SJCL,47,40,20,166.00,"3,320.00"
2019-09-22,2019092201004487,SJCL,47,1,20,166.00,"3,320.00"
2019-09-22,2019092201004472,SJCL,47,1,10,166.00,"1,660.00"
2019-09-22,2019092201004471,SJCL,55,1,10,166.00,"1,660.00"
2019-09-22,2019092201004538,SJCL,11,38,10,166.00,"1,660.00"
2019-09-22,2019092201004529,SJCL,11,1,20,166.00,"3,320.00"
2019-09-22,2019092201004522,SJCL,11,26,20,166.00,"3,320.00"
2019-09-22,2019092201004508,SJCL,11,1,20,166.00,"3,320.00"
2019-09-22,2019092201004505,SJCL,11,1,20,166.00,"3,320.00"
2019-09-22,2019092201004495,SJCL,11,40,20,166.00,"3,320.00"
2019-09-22,2019092201004586,SJCL,11,5,20,166.00,"3,320.00"
2019-09-22,2019092201004581,SJCL,11,1,20,166.00,"3,320.00"
2019-09-22,2019092201004571,SJCL,11,1,20,166.00,"3,320.00"
2019-09-22,2019092201004564,SJCL,11,49,20,166.00,"3,320.00"
2019-09-22,2019092201004563,SJCL,26,59,20,168.00,"3,360.00"
2019-09-22,2019092201004543,SJCL,11,1,20,166.00,"3,320.00"
2019-09-22,2019092201004641,SJCL,11,26,20,166.00,"3,320.00"
2019-09-22,2019092201004618,SJCL,11,1,10,166.00,"1,660.00"
2019-09-22,2019092201004607,SJCL,11,40,20,166.00,"3,320.00"
2019-09-22,2019092201004596,SJCL,11,1,20,166.00,"3,320.00"
2019-09-22,2019092201004595,SJCL,11,34,10,166.00,"1,660.00"
2019-09-22,2019092201004594,SJCL,11,51,10,166.00,"1,660.00"
2019-09-22,2019092201004711,SJCL,11,38,20,166.00,"3,320.00"
2019-09-22,2019092201004699,SJCL,26,59,20,168.00,"3,360.00"
2019-09-22,2019092201004674,SJCL,11,51,10,166.00,"1,660.00"
2019-09-22,2019092201004667,SJCL,11,1,20,166.00,"3,320.00"
2019-09-22,2019092201004659,SJCL,11,1,20,166.00,"3,320.00"
2019-09-22,2019092201004651,SJCL,11,21,20,166.00,"3,320.00"
2019-09-22,2019092201004809,SJCL,11,26,20,166.00,"3,320.00"
2019-09-22,2019092201004749,SJCL,11,1,20,166.00,"3,320.00"
2019-09-22,2019092201004747,SJCL,11,1,20,166.00,"3,320.00"
2019-09-22,2019092201004724,SJCL,11,51,10,166.00,"1,660.00"
2019-09-22,2019092201004718,SJCL,11,1,20,166.00,"3,320.00"
2019-09-22,2019092201004750,SLICL,34,52,50,268.00,"13,400.00"
2019-09-22,2019092201004402,SMATA,35,25,10,569.00,"5,690.00"
2019-09-22,2019092201004615,SMFDB,33,32,200,515.00,"103,000.00"
2019-09-22,2019092201004548,SPARS,45,40,10,537.00,"5,370.00"
2019-09-22,2019092201004757,SPDL,49,49,10,69.00,690.00
2019-09-22,2019092201004498,SPDL,49,49,10,68.00,680.00
2019-09-22,2019092201004756,SRBL,45,45,100,236.00,"23,600.00"
2019-09-22,2019092201004755,SRBL,29,45,10,236.00,"2,360.00"
2019-09-22,2019092201004443,UMHL,53,51,14,102.00,"1,428.00"
2019-09-22,2019092201004409,UMHL,53,51,14,102.00,"1,428.00"
2019-09-22,2019092201004820,UNL,22,22,10,"19,000.00","190,000.00"
2019-09-22,2019092201004799,UPCL,22,14,60,80.00,"4,800.00"
2019-09-22,2019092201004768,UPCL,22,59,40,80.00,"3,200.00"
2019-09-22,2019092201004723,UPCL,22,52,50,80.00,"4,000.00"
2019-09-22,2019092201004722,UPCL,22,50,50,80.00,"4,000.00"
2019-09-22,2019092201004450,UPCL,58,19,410,80.00,"32,800.00"
2019-09-22,2019092201004746,UPPER,40,6,90,235.00,"21,150.00"
2019-09-22,2019092201004733,UPPER,40,10,12,235.00,"2,820.00"
2019-09-22,2019092201004732,UPPER,19,10,28,235.00,"6,580.00"
2019-09-22,2019092201004675,UPPER,43,59,100,236.00,"23,600.00"
2019-09-22,2019092201004626,UPPER,19,46,40,235.00,"9,400.00"
2019-09-22,2019092201004609,UPPER,19,5,50,235.00,"11,750.00"
2019-09-22,2019092201004608,UPPER,19,46,40,235.00,"9,400.00"
2019-09-22,2019092201004588,UPPER,19,46,42,235.00,"9,870.00"
2019-09-22,2019092201004587,UPPER,44,46,55,235.00,"12,925.00"
2019-09-22,2019092201004118,ADBL,14,43,221,413.00,"91,273.00"
2019-09-22,2019092201004117,ADBL,26,17,247,414.00,"102,258.00"
2019-09-22,2019092201004116,ADBL,26,36,253,414.00,"104,742.00"
2019-09-22,2019092201004081,ADBL,14,34,40,413.00,"16,520.00"
2019-09-22,2019092201003956,ADBL,14,58,300,413.00,"123,900.00"
2019-09-22,2019092201004377,AKBSL,14,1,10,413.00,"4,130.00"
2019-09-22,2019092201004347,AKBSL,14,1,10,413.00,"4,130.00"
2019-09-22,2019092201004329,AKBSL,14,1,10,413.00,"4,130.00"
2019-09-22,2019092201004304,AKBSL,14,1,10,413.00,"4,130.00"
2019-09-22,2019092201004291,AKBSL,14,1,10,413.00,"4,130.00"
2019-09-22,2019092201004285,AKBSL,14,51,10,413.00,"4,130.00"
2019-09-22,2019092201004050,AKBSL,55,47,10,414.00,"4,140.00"
2019-09-22,2019092201004394,AKJCL,43,5,20,58.00,"1,160.00"
2019-09-22,2019092201004395,ALBSL,26,49,10,430.00,"4,300.00"
2019-09-22,2019092201004330,ALBSL,16,26,10,424.00,"4,240.00"
2019-09-22,2019092201003963,ALBSL,16,16,10,425.00,"4,250.00"
2019-09-22,2019092201003899,ALBSL,16,22,10,424.00,"4,240.00"
2019-09-22,2019092201004382,BOKL,18,35,20,251.00,"5,020.00"
2019-09-22,2019092201004294,BOKL,13,49,200,251.00,"50,200.00"
2019-09-22,2019092201004293,BOKL,6,49,40,251.00,"10,040.00"
2019-09-22,2019092201004254,BPCL,48,42,100,358.00,"35,800.00"
2019-09-22,2019092201004059,BPCL,18,44,1,355.00,355.00
2019-09-22,2019092201003940,CBBL,41,36,50,957.00,"47,850.00"
2019-09-22,2019092201004348,CBL,26,40,51,142.00,"7,242.00"
2019-09-22,2019092201004029,CBL,43,34,"1,070",143.00,"153,010.00"
2019-09-22,2019092201003981,CBL,37,34,930,143.00,"132,990.00"
2019-09-22,2019092201004332,CCBL,26,55,550,154.00,"84,700.00"
2019-09-22,2019092201004331,CCBL,1,55,450,154.00,"69,300.00"
2019-09-22,2019092201003949,CCBL,1,34,50,154.00,"7,700.00"
2019-09-22,2019092201003948,CCBL,51,34,950,154.00,"146,300.00"
2019-09-22,2019092201004327,CHCL,52,25,154,422.00,"64,988.00"
2019-09-22,2019092201004326,CHCL,13,25,130,423.00,"54,990.00"
2019-09-22,2019092201004266,CHCL,13,21,70,423.00,"29,610.00"
2019-09-22,2019092201004265,CHCL,58,21,50,423.00,"21,150.00"
2019-09-22,2019092201004161,CHCL,46,55,254,425.00,"107,950.00"
2019-09-22,2019092201004393,CIT,47,59,100,"1,785.00","178,500.00"
2019-09-22,2019092201004232,CZBIL,50,45,100,195.00,"19,500.00"
2019-09-22,2019092201004158,CZBIL,1,22,10,194.00,"1,940.00"
2019-09-22,2019092201003988,CZBIL,1,22,10,194.00,"1,940.00"
2019-09-22,2019092201004305,DDBL,49,45,117,712.00,"83,304.00"
2019-09-22,2019092201004086,DDBL,49,4,10,712.00,"7,120.00"
2019-09-22,2019092201003951,DDBL,49,28,100,712.00,"71,200.00"
2019-09-22,2019092201004061,DHPL,58,6,10,57.00,570.00
2019-09-22,2019092201004290,EBL,32,21,100,564.00,"56,400.00"
2019-09-22,2019092201004279,EBL,22,4,50,567.00,"28,350.00"
2019-09-22,2019092201004252,EBL,32,32,100,566.00,"56,600.00"
2019-09-22,2019092201004251,EBL,32,25,100,565.00,"56,500.00"
2019-09-22,2019092201004176,EIC,17,13,100,255.00,"25,500.00"
2019-09-22,2019092201003932,EIC,17,45,818,255.00,"208,590.00"
2019-09-22,2019092201003931,EIC,37,45,20,255.00,"5,100.00"
2019-09-22,2019092201003930,EIC,45,45,200,255.00,"51,000.00"
2019-09-22,2019092201003929,EIC,26,45,178,255.00,"45,390.00"
2019-09-22,2019092201004230,FOWAD,28,45,25,"1,275.00","31,875.00"
2019-09-22,2019092201004229,FOWAD,42,45,10,"1,275.00","12,750.00"
2019-09-22,2019092201004228,FOWAD,17,45,20,"1,276.00","25,520.00"
2019-09-22,2019092201004227,FOWAD,47,45,40,"1,276.00","51,040.00"
2019-09-22,2019092201004226,FOWAD,16,45,101,"1,277.00","128,977.00"
2019-09-22,2019092201004359,GBLBS,51,50,500,320.00,"160,000.00"
2019-09-22,2019092201004082,GBLBS,18,34,100,321.00,"32,100.00"
2019-09-22,2019092201004284,GDBL,49,34,380,205.00,"77,900.00"
2019-09-22,2019092201004283,GDBL,49,34,120,205.00,"24,600.00"
2019-09-22,2019092201004223,GDBL,48,58,87,206.00,"17,922.00"
2019-09-22,2019092201004197,GDBL,48,55,213,206.00,"43,878.00"
2019-09-22,2019092201004195,GFCL,59,11,500,130.00,"65,000.00"
2019-09-22,2019092201004194,GFCL,1,11,500,131.00,"65,500.00"
2019-09-22,2019092201004392,GHL,51,40,20,64.00,"1,280.00"
2019-09-22,2019092201004391,GHL,22,40,10,65.00,650.00
2019-09-22,2019092201004124,GILB,49,7,26,703.00,"18,278.00"
2019-09-22,2019092201004309,GMFBS,59,40,10,462.00,"4,620.00"
2019-09-22,2019092201003906,GMFBS,10,22,10,461.00,"4,610.00"
2019-09-22,2019092201004012,HGI,35,34,20,275.00,"5,500.00"
2019-09-22,2019092201004235,HIDCL,35,49,50,131.00,"6,550.00"
2019-09-22,2019092201004222,HIDCL,35,55,259,131.00,"33,929.00"
2019-09-22,2019092201004221,HIDCL,32,55,100,131.00,"13,100.00"
2019-09-22,2019092201004220,HIDCL,26,55,200,131.00,"26,200.00"
2019-09-22,2019092201004219,HIDCL,52,55,10,131.00,"1,310.00"
2019-09-22,2019092201004218,HIDCL,6,55,200,132.00,"26,400.00"
2019-09-22,2019092201004217,HIDCL,38,55,82,132.00,"10,824.00"
2019-09-22,2019092201004166,HIDCL,38,49,50,132.00,"6,600.00"
2019-09-22,2019092201004047,HIDCL,38,6,16,132.00,"2,112.00"
2019-09-22,2019092201004011,HIDCL,38,49,50,132.00,"6,600.00"
2019-09-22,2019092201003914,HIDCL,38,49,50,132.00,"6,600.00"
2019-09-22,2019092201004258,ILBS,26,1,10,425.00,"4,250.00"
2019-09-22,2019092201004242,ILBS,26,1,10,425.00,"4,250.00"
2019-09-22,2019092201004209,ILBS,26,1,10,425.00,"4,250.00"
2019-09-22,2019092201004167,ILBS,50,22,10,424.00,"4,240.00"
2019-09-22,2019092201004060,ILBS,36,34,38,426.00,"16,188.00"
2019-09-22,2019092201004034,ILBS,39,22,10,424.00,"4,240.00"
2019-09-22,2019092201004015,ILBS,39,1,10,424.00,"4,240.00"
2019-09-22,2019092201004003,ILBS,39,1,10,424.00,"4,240.00"
2019-09-22,2019092201003986,ILBS,18,1,10,425.00,"4,250.00"
2019-09-22,2019092201003964,ILBS,18,1,10,425.00,"4,250.00"
2019-09-22,2019092201003945,ILBS,21,1,10,425.00,"4,250.00"
2019-09-22,2019092201003921,ILBS,21,1,10,425.00,"4,250.00"
2019-09-22,2019092201004062,JBBL,32,28,100,156.00,"15,600.00"
2019-09-22,2019092201004292,JOSHI,21,40,20,57.00,"1,140.00"
2019-09-22,2019092201004233,JOSHI,21,20,10,57.00,570.00
2019-09-22,2019092201004094,JOSHI,35,20,10,57.00,570.00
2019-09-22,2019092201004093,JOSHI,35,20,20,57.00,"1,140.00"
2019-09-22,2019092201004182,KBL,50,42,305,177.00,"53,985.00"
2019-09-22,2019092201004022,KBL,20,42,200,177.00,"35,400.00"
2019-09-22,2019092201004021,KBL,6,42,495,177.00,"87,615.00"
2019-09-22,2019092201003928,KBL,6,45,100,177.00,"17,700.00"
2019-09-22,2019092201003908,KBL,6,16,18,177.00,"3,186.00"
2019-09-22,2019092201003907,KBL,6,58,387,177.00,"68,499.00"
2019-09-22,2019092201004287,KKHC,56,49,16,49.00,784.00
2019-09-22,2019092201004173,KPCL,39,22,10,77.00,770.00
2019-09-22,2019092201004074,KPCL,50,22,10,76.00,760.00
2019-09-22,2019092201003992,KPCL,50,22,10,76.00,760.00
2019-09-22,2019092201003937,KPCL,50,22,10,76.00,760.00
2019-09-22,2019092201004311,KRBL,37,48,141,99.00,"13,959.00"
2019-09-22,2019092201004355,LBBL,28,42,76,170.00,"12,920.00"
2019-09-22,2019092201004361,LBL,34,55,141,212.00,"29,892.00"
2019-09-22,2019092201004120,LBL,32,34,612,213.00,"130,356.00"
2019-09-22,2019092201004299,MBL,37,51,800,249.00,"199,200.00"
2019-09-22,2019092201004358,MEGA,29,17,50,193.00,"9,650.00"
2019-09-22,2019092201004357,MEGA,58,17,44,193.00,"8,492.00"
2019-09-22,2019092201003938,MEGA,42,46,100,194.00,"19,400.00"
2019-09-22,2019092201004270,MEGA,56,45,40,193.00,"7,720.00"
2019-09-22,2019092201004269,MEGA,22,45,14,193.00,"2,702.00"
2019-09-22,2019092201004272,MEGA,58,45,156,193.00,"30,108.00"
2019-09-22,2019092201004271,MEGA,42,45,90,193.00,"17,370.00"
2019-09-22,2019092201004096,MHNL,59,28,20,81.00,"1,620.00"
2019-09-22,2019092201004095,MHNL,40,28,10,81.00,810.00
2019-09-22,2019092201003976,MHNL,40,25,40,81.00,"3,240.00"
2019-09-22,2019092201003957,MHNL,59,49,15,82.00,"1,230.00"
2019-09-22,2019092201004001,MLBBL,16,16,12,460.00,"5,520.00"
2019-09-22,2019092201004181,MLBL,13,5,155,209.00,"32,395.00"
2019-09-22,2019092201004180,MLBL,38,5,100,209.00,"20,900.00"
2019-09-22,2019092201004179,MLBL,43,5,123,209.00,"25,707.00"
2019-09-22,2019092201003971,MNBBL,32,28,100,301.00,"30,100.00"
2019-09-22,2019092201003970,MNBBL,14,28,100,301.00,"30,100.00"
2019-09-22,2019092201004346,NABIL,22,42,20,765.00,"15,300.00"
2019-09-22,2019092201004308,NABIL,22,42,30,765.00,"22,950.00"
2019-09-22,2019092201004298,NABIL,22,22,20,765.00,"15,300.00"
2019-09-22,2019092201004137,NABIL,51,34,10,763.00,"7,630.00"
