Date,Transact. No.,Symbol,Buyer,Seller,Quantity,Rate,Amount
2020-08-16,2020081601021552,ACLBSL,33,7,48,695.00,"33,360.00"
2020-08-16,2020081601021551,ACLBSL,13,7,100,695.00,"69,500.00"
2020-08-16,2020081601021550,ACLBSL,22,7,200,697.00,"139,400.00"
2020-08-16,2020081601021549,ACLBSL,45,7,100,697.00,"69,700.00"
2020-08-16,2020081601021548,ACLBSL,57,7,455,697.00,"317,135.00"
2020-08-16,2020081601021547,ACLBSL,45,7,97,698.00,"67,706.00"
2020-08-16,2020081601021567,ADBL,45,13,42,410.00,"17,220.00"
2020-08-16,2020081601021566,ADBL,38,13,100,410.00,"41,000.00"
2020-08-16,2020081601021565,ADBL,6,13,415,410.00,"170,150.00"
2020-08-16,2020081601021564,ADBL,57,13,100,411.00,"41,100.00"
2020-08-16,2020081601021563,ADBL,49,13,376,411.00,"154,536.00"
2020-08-16,2020081601021562,ADBL,38,13,500,412.00,"206,000.00"
2020-08-16,2020081601021190,ADBL,49,35,67,411.00,"27,537.00"
2020-08-16,2020081601021114,ADBL,25,13,14,412.00,"5,768.00"
2020-08-16,2020081601021523,AIL,52,49,65,492.00,"31,980.00"
2020-08-16,2020081601021522,AIL,52,21,10,492.00,"4,920.00"
2020-08-16,2020081601021521,AIL,52,35,25,492.00,"12,300.00"
2020-08-16,2020081601021520,AIL,52,41,20,492.00,"9,840.00"
2020-08-16,2020081601021519,AIL,52,1,50,492.00,"24,600.00"
2020-08-16,2020081601021518,AIL,52,41,20,492.00,"9,840.00"
2020-08-16,2020081601021152,AIL,57,46,10,491.00,"4,910.00"
2020-08-16,2020081601021147,AIL,57,33,10,491.00,"4,910.00"
2020-08-16,2020081601021132,AIL,57,48,10,491.00,"4,910.00"
2020-08-16,2020081601021110,AIL,57,38,10,491.00,"4,910.00"
2020-08-16,2020081601021229,AIL,57,46,10,491.00,"4,910.00"
2020-08-16,2020081601021217,AIL,57,48,10,491.00,"4,910.00"
2020-08-16,2020081601021211,AIL,51,34,200,492.00,"98,400.00"
2020-08-16,2020081601021195,AIL,57,55,10,491.00,"4,910.00"
2020-08-16,2020081601021165,AIL,57,34,10,491.00,"4,910.00"
2020-08-16,2020081601021153,AIL,57,55,90,491.00,"44,190.00"
2020-08-16,2020081601021316,AIL,57,45,50,491.00,"24,550.00"
2020-08-16,2020081601021289,AIL,57,52,10,491.00,"4,910.00"
2020-08-16,2020081601021279,AIL,57,48,10,491.00,"4,910.00"
2020-08-16,2020081601021270,AIL,57,38,10,491.00,"4,910.00"
2020-08-16,2020081601021241,AIL,26,32,20,492.00,"9,840.00"
2020-08-16,2020081601021234,AIL,57,11,10,491.00,"4,910.00"
2020-08-16,2020081601021517,AIL,52,34,10,492.00,"4,920.00"
2020-08-16,2020081601021472,AIL,57,32,100,491.00,"49,100.00"
2020-08-16,2020081601021394,AIL,57,48,10,491.00,"4,910.00"
2020-08-16,2020081601021368,AIL,57,37,50,491.00,"24,550.00"
2020-08-16,2020081601021366,AIL,57,42,50,491.00,"24,550.00"
2020-08-16,2020081601021364,AIL,57,41,20,491.00,"9,820.00"
2020-08-16,2020081601021555,AKPL,33,40,10,113.00,"1,130.00"
2020-08-16,2020081601021433,AKPL,14,40,"1,000",112.00,"112,000.00"
2020-08-16,2020081601021432,AKPL,55,40,200,112.00,"22,400.00"
2020-08-16,2020081601021431,AKPL,29,40,100,112.00,"11,200.00"
2020-08-16,2020081601021430,AKPL,56,40,"2,000",112.00,"224,000.00"
2020-08-16,2020081601021429,AKPL,40,40,100,112.00,"11,200.00"
2020-08-16,2020081601021177,AKPL,49,40,495,112.00,"55,440.00"
2020-08-16,2020081601021176,AKPL,56,40,150,112.00,"16,800.00"
2020-08-16,2020081601021175,AKPL,36,40,"1,500",113.00,"169,500.00"
2020-08-16,2020081601021162,AKPL,39,40,20,114.00,"2,280.00"
2020-08-16,2020081601021183,AKPL,25,40,"3,055",112.00,"342,160.00"
2020-08-16,2020081601021182,AKPL,1,40,100,112.00,"11,200.00"
2020-08-16,2020081601021181,AKPL,25,40,200,112.00,"22,400.00"
2020-08-16,2020081601021180,AKPL,48,40,500,112.00,"56,000.00"
2020-08-16,2020081601021179,AKPL,47,40,"2,000",112.00,"224,000.00"
2020-08-16,2020081601021178,AKPL,25,40,"4,000",112.00,"448,000.00"
2020-08-16,2020081601021422,AKPL,25,40,945,112.00,"105,840.00"
2020-08-16,2020081601021360,AKPL,25,40,"1,500",113.00,"169,500.00"
2020-08-16,2020081601021428,AKPL,45,40,100,112.00,"11,200.00"
2020-08-16,2020081601021427,AKPL,1,40,500,112.00,"56,000.00"
2020-08-16,2020081601021426,AKPL,40,40,30,112.00,"3,360.00"
2020-08-16,2020081601021425,AKPL,6,40,"1,000",112.00,"112,000.00"
2020-08-16,2020081601021424,AKPL,1,40,"1,000",112.00,"112,000.00"
2020-08-16,2020081601021423,AKPL,25,40,"1,300",112.00,"145,600.00"
2020-08-16,2020081601021120,ALBSL,5,50,50,645.00,"32,250.00"
2020-08-16,2020081601021266,ALBSL,13,25,51,643.00,"32,793.00"
2020-08-16,2020081601021265,ALBSL,14,25,100,643.00,"64,300.00"
2020-08-16,2020081601021264,ALBSL,22,25,10,643.00,"6,430.00"
2020-08-16,2020081601021263,ALBSL,8,25,39,644.00,"25,116.00"
2020-08-16,2020081601021557,ALICL,25,14,100,622.00,"62,200.00"
2020-08-16,2020081601021556,API,25,16,11,112.00,"1,232.00"
2020-08-16,2020081601021533,API,35,16,10,112.00,"1,120.00"
2020-08-16,2020081601021338,API,8,44,100,111.00,"11,100.00"
2020-08-16,2020081601021337,API,8,34,"1,000",111.00,"111,000.00"
2020-08-16,2020081601021336,API,8,42,50,111.00,"5,550.00"
2020-08-16,2020081601021335,API,8,41,500,111.00,"55,500.00"
2020-08-16,2020081601021322,API,8,5,18,111.00,"1,998.00"
2020-08-16,2020081601021321,API,8,37,200,111.00,"22,200.00"
2020-08-16,2020081601021320,API,8,4,308,111.00,"34,188.00"
2020-08-16,2020081601021328,API,8,17,300,111.00,"33,300.00"
2020-08-16,2020081601021327,API,8,42,"1,158",111.00,"128,538.00"
2020-08-16,2020081601021326,API,8,11,50,111.00,"5,550.00"
2020-08-16,2020081601021325,API,8,19,150,111.00,"16,650.00"
2020-08-16,2020081601021324,API,8,48,200,111.00,"22,200.00"
2020-08-16,2020081601021323,API,8,42,50,111.00,"5,550.00"
2020-08-16,2020081601021334,API,8,41,973,111.00,"108,003.00"
2020-08-16,2020081601021333,API,8,6,50,111.00,"5,550.00"
2020-08-16,2020081601021332,API,8,13,30,111.00,"3,330.00"
2020-08-16,2020081601021331,API,8,14,11,111.00,"1,221.00"
2020-08-16,2020081601021330,API,8,25,300,111.00,"33,300.00"
2020-08-16,2020081601021329,API,8,55,17,111.00,"1,887.00"
2020-08-16,2020081601021191,BFC,46,10,40,100.00,"4,000.00"
2020-08-16,2020081601021160,BFC,5,10,50,100.00,"5,000.00"
2020-08-16,2020081601021306,BOKL,29,39,200,226.00,"45,200.00"
2020-08-16,2020081601021601,BPCL,6,39,38,364.00,"13,832.00"
2020-08-16,2020081601021600,BPCL,6,39,26,364.00,"9,464.00"
2020-08-16,2020081601021599,BPCL,6,57,100,363.00,"36,300.00"
2020-08-16,2020081601021598,BPCL,6,50,336,363.00,"121,968.00"
2020-08-16,2020081601021435,CBBL,47,28,14,"1,022.00","14,308.00"
2020-08-16,2020081601021408,CBBL,19,7,50,"1,021.00","51,050.00"
2020-08-16,2020081601021268,CBBL,19,26,50,"1,021.00","51,050.00"
2020-08-16,2020081601021232,CBBL,56,7,12,"1,020.00","12,240.00"
2020-08-16,2020081601021340,CBL,57,17,500,144.00,"72,000.00"
2020-08-16,2020081601021215,CCBL,45,45,78,173.00,"13,494.00"
2020-08-16,2020081601021204,CCBL,45,4,22,174.00,"3,828.00"
2020-08-16,2020081601021203,CCBL,45,51,28,174.00,"4,872.00"
2020-08-16,2020081601021574,CHCL,16,25,10,386.00,"3,860.00"
2020-08-16,2020081601021187,CHCL,49,25,482,387.00,"186,534.00"
2020-08-16,2020081601021196,CIT,39,43,17,"2,585.00","43,945.00"
2020-08-16,2020081601021267,CORBL,21,59,100,114.00,"11,400.00"
2020-08-16,2020081601021150,CORBL,22,22,90,115.00,"10,350.00"
2020-08-16,2020081601021149,CORBL,22,22,410,115.00,"47,150.00"
2020-08-16,2020081601021345,CZBIL,48,19,370,194.00,"71,780.00"
2020-08-16,2020081601021534,DDBL,19,50,10,818.00,"8,180.00"
2020-08-16,2020081601021339,EBL,26,57,50,712.00,"35,600.00"
2020-08-16,2020081601021193,EBL,40,58,10,710.00,"7,100.00"
2020-08-16,2020081601021121,EBL,58,4,"1,880",711.00,"1,336,680.00"
2020-08-16,2020081601021491,EIC,47,58,18,430.00,"7,740.00"
2020-08-16,2020081601021490,EIC,22,58,72,430.00,"30,960.00"
2020-08-16,2020081601021470,FMDBL,10,21,100,514.00,"51,400.00"
2020-08-16,2020081601021186,FMDBL,28,26,100,513.00,"51,300.00"
2020-08-16,2020081601021302,FOWAD,38,41,50,"1,501.00","75,050.00"
2020-08-16,2020081601021164,GBBL,4,39,69,234.00,"16,146.00"
2020-08-16,2020081601021140,GBBL,4,59,50,234.00,"11,700.00"
2020-08-16,2020081601021139,GBBL,4,56,420,234.00,"98,280.00"
2020-08-16,2020081601021537,GBIME,58,37,10,252.00,"2,520.00"
2020-08-16,2020081601021535,GBIME,38,37,100,252.00,"25,200.00"
2020-08-16,2020081601021497,GBIME,11,37,20,252.00,"5,040.00"
2020-08-16,2020081601021448,GBIME,35,37,100,252.00,"25,200.00"
2020-08-16,2020081601021415,GBIME,19,37,220,252.00,"55,440.00"
2020-08-16,2020081601021356,GBIME,19,14,280,252.00,"70,560.00"
2020-08-16,2020081601021355,GBIME,42,14,100,252.00,"25,200.00"
2020-08-16,2020081601021354,GBIME,17,14,50,252.00,"12,600.00"
2020-08-16,2020081601021353,GBIME,59,14,70,252.00,"17,640.00"
2020-08-16,2020081601021159,GBIME,59,13,430,252.00,"108,360.00"
2020-08-16,2020081601021154,GBIME,46,13,200,252.00,"50,400.00"
2020-08-16,2020081601021240,GBLBS,52,48,100,464.00,"46,400.00"
2020-08-16,2020081601021239,GBLBS,52,42,15,464.00,"6,960.00"
2020-08-16,2020081601021238,GBLBS,52,22,200,464.00,"92,800.00"
2020-08-16,2020081601021237,GBLBS,52,18,60,464.00,"27,840.00"
2020-08-16,2020081601021553,GFCL,51,45,10,150.00,"1,500.00"
2020-08-16,2020081601021577,GILB,21,49,10,"1,177.00","11,770.00"
2020-08-16,2020081601021607,GLICL,26,53,50,470.00,"23,500.00"
2020-08-16,2020081601021358,GLICL,32,56,120,464.00,"55,680.00"
2020-08-16,2020081601021357,GLICL,42,56,20,465.00,"9,300.00"
2020-08-16,2020081601021236,GLICL,41,7,50,466.00,"23,300.00"
2020-08-16,2020081601021444,HBL,42,49,10,542.00,"5,420.00"
2020-08-16,2020081601021344,HBL,28,35,150,541.00,"81,150.00"
2020-08-16,2020081601021274,HBL,32,32,50,541.00,"27,050.00"
2020-08-16,2020081601021385,HDL,44,48,341,"1,640.00","559,240.00"
2020-08-16,2020081601021384,HDL,37,48,50,"1,640.00","82,000.00"
2020-08-16,2020081601021383,HDL,58,48,100,"1,640.00","164,000.00"
2020-08-16,2020081601021382,HDL,22,48,15,"1,640.00","24,600.00"
2020-08-16,2020081601021381,HDL,41,48,30,"1,641.00","49,230.00"
2020-08-16,2020081601021380,HDL,33,48,165,"1,641.00","270,765.00"
2020-08-16,2020081601021379,HDL,44,48,20,"1,642.00","32,840.00"
2020-08-16,2020081601021143,HDL,33,22,300,"1,641.00","492,300.00"
2020-08-16,2020081601021125,HDL,33,39,100,"1,644.00","164,400.00"
2020-08-16,2020081601021119,HDL,33,58,405,"1,641.00","664,605.00"
2020-08-16,2020081601021407,HGI,21,5,100,413.00,"41,300.00"
2020-08-16,2020081601021406,HGI,47,5,100,413.00,"41,300.00"
2020-08-16,2020081601021487,ILBS,36,36,1,710.00,710.00
2020-08-16,2020081601021486,JBBL,37,54,380,170.00,"64,600.00"
2020-08-16,2020081601021261,JBBL,35,54,100,170.00,"17,000.00"
2020-08-16,2020081601021532,JOSHI,49,25,20,59.00,"1,180.00"
2020-08-16,2020081601021531,JOSHI,49,22,95,59.00,"5,605.00"
2020-08-16,2020081601021477,JSLBB,17,10,50,"1,350.00","67,500.00"
2020-08-16,2020081601021476,JSLBB,35,10,15,"1,351.00","20,265.00"
2020-08-16,2020081601021475,JSLBB,32,10,34,"1,351.00","45,934.00"
2020-08-16,2020081601021474,JSLBB,5,10,10,"1,360.00","13,600.00"
2020-08-16,2020081601021473,JSLBB,11,10,10,"1,361.00","13,610.00"
2020-08-16,2020081601021597,KBL,14,21,170,184.00,"31,280.00"
2020-08-16,2020081601021595,KBL,25,14,270,183.00,"49,410.00"
2020-08-16,2020081601021594,KBL,38,14,120,183.00,"21,960.00"
2020-08-16,2020081601021593,KBL,52,14,500,183.00,"91,500.00"
2020-08-16,2020081601021592,KBL,8,14,190,183.00,"34,770.00"
2020-08-16,2020081601021591,KBL,44,14,333,183.00,"60,939.00"
2020-08-16,2020081601021235,KBL,10,46,200,183.00,"36,600.00"
2020-08-16,2020081601021128,KBL,10,34,200,183.00,"36,600.00"
2020-08-16,2020081601021590,KBL,50,14,"1,870",183.00,"342,210.00"
2020-08-16,2020081601021582,KBL,50,34,130,183.00,"23,790.00"
2020-08-16,2020081601021581,KBL,10,34,31,183.00,"5,673.00"
2020-08-16,2020081601021554,KBL,10,49,500,183.00,"91,500.00"
2020-08-16,2020081601021500,KBL,50,14,27,184.00,"4,968.00"
2020-08-16,2020081601021445,KBL,29,14,50,184.00,"9,200.00"
2020-08-16,2020081601021516,KPCL,39,58,10,107.00,"1,070.00"
2020-08-16,2020081601021515,KPCL,39,43,10,107.00,"1,070.00"
2020-08-16,2020081601021514,KPCL,39,58,10,106.00,"1,060.00"
2020-08-16,2020081601021513,KPCL,39,4,280,106.00,"29,680.00"
2020-08-16,2020081601021506,KPCL,39,52,10,106.00,"1,060.00"
2020-08-16,2020081601021365,KPCL,41,55,40,105.00,"4,200.00"
2020-08-16,2020081601021512,KPCL,39,41,10,106.00,"1,060.00"
2020-08-16,2020081601021511,KPCL,39,42,10,106.00,"1,060.00"
2020-08-16,2020081601021510,KPCL,39,25,10,106.00,"1,060.00"
2020-08-16,2020081601021509,KPCL,39,51,10,106.00,"1,060.00"
2020-08-16,2020081601021508,KPCL,39,51,10,106.00,"1,060.00"
2020-08-16,2020081601021507,KPCL,39,1,10,106.00,"1,060.00"
2020-08-16,2020081601021575,LBBL,45,39,11,182.00,"2,002.00"
2020-08-16,2020081601021447,LBBL,45,39,11,182.00,"2,002.00"
2020-08-16,2020081601021131,LBBL,1,43,150,183.00,"27,450.00"
2020-08-16,2020081601021483,LBL,34,34,242,226.00,"54,692.00"
2020-08-16,2020081601021482,LBL,34,1,15,226.00,"3,390.00"
2020-08-16,2020081601021481,LBL,34,19,420,226.00,"94,920.00"
2020-08-16,2020081601021399,LGIL,44,53,"1,200",450.00,"540,000.00"
2020-08-16,2020081601021398,LGIL,44,5,180,450.00,"81,000.00"
2020-08-16,2020081601021397,LGIL,45,5,10,450.00,"4,500.00"
2020-08-16,2020081601021396,LGIL,34,5,10,451.00,"4,510.00"
2020-08-16,2020081601021528,MBL,39,37,150,222.00,"33,300.00"
2020-08-16,2020081601021471,MBL,32,10,40,223.00,"8,920.00"
2020-08-16,2020081601021250,MBL,28,10,40,223.00,"8,920.00"
2020-08-16,2020081601021256,MDB,57,49,10,329.00,"3,290.00"
2020-08-16,2020081601021255,MDB,53,49,40,329.00,"13,160.00"
2020-08-16,2020081601021198,MDB,1,49,50,330.00,"16,500.00"
2020-08-16,2020081601021197,MDB,16,49,47,330.00,"15,510.00"
2020-08-16,2020081601021589,MEGA,13,21,40,217.00,"8,680.00"
2020-08-16,2020081601021583,MEGA,48,21,100,217.00,"21,700.00"
2020-08-16,2020081601021525,MEGA,52,21,50,217.00,"10,850.00"
2020-08-16,2020081601021460,MEGA,13,21,30,217.00,"6,510.00"
2020-08-16,2020081601021400,MEGA,45,21,100,217.00,"21,700.00"
2020-08-16,2020081601021342,MEGA,45,21,54,217.00,"11,718.00"
2020-08-16,2020081601021277,MEGA,11,21,100,217.00,"21,700.00"
2020-08-16,2020081601021359,MERO,32,25,10,629.00,"6,290.00"
2020-08-16,2020081601021174,MFIL,29,43,20,272.00,"5,440.00"
2020-08-16,2020081601021173,MFIL,29,57,80,271.00,"21,680.00"
2020-08-16,2020081601021536,MLBBL,57,44,10,740.00,"7,400.00"
2020-08-16,2020081601021311,MLBL,25,16,200,188.00,"37,600.00"
2020-08-16,2020081601021309,MLBL,58,16,"1,000",188.00,"188,000.00"
2020-08-16,2020081601021308,MLBL,58,16,100,188.00,"18,800.00"
2020-08-16,2020081601021307,MLBL,40,16,"1,000",188.00,"188,000.00"
2020-08-16,2020081601021224,MNBBL,53,58,156,319.00,"49,764.00"
2020-08-16,2020081601021223,MNBBL,53,32,44,319.00,"14,036.00"
2020-08-16,2020081601021441,MSMBS,46,45,100,650.00,"65,000.00"
2020-08-16,2020081601021375,MSMBS,36,28,50,650.00,"32,500.00"
2020-08-16,2020081601021505,NABIL,54,22,226,822.00,"185,772.00"
2020-08-16,2020081601021216,NADEP,38,13,23,597.00,"13,731.00"
2020-08-16,2020081601021136,NADEP,38,33,20,597.00,"11,940.00"
2020-08-16,2020081601021524,NBB,53,21,343,197.00,"67,571.00"
2020-08-16,2020081601021439,NBB,53,56,519,197.00,"102,243.00"
2020-08-16,2020081601021438,NBB,53,11,100,197.00,"19,700.00"
2020-08-16,2020081601021437,NBB,53,55,500,197.00,"98,500.00"
2020-08-16,2020081601021436,NBB,53,7,38,197.00,"7,486.00"
2020-08-16,2020081601021201,NBB,55,54,37,196.00,"7,252.00"
2020-08-16,2020081601021609,NBL,57,49,500,285.00,"142,500.00"
2020-08-16,2020081601021608,NBL,33,49,20,285.00,"5,700.00"
2020-08-16,2020081601021586,NBL,35,53,500,284.00,"142,000.00"
2020-08-16,2020081601021558,NBL,35,6,50,284.00,"14,200.00"
2020-08-16,2020081601021546,NBL,35,17,180,284.00,"51,120.00"
2020-08-16,2020081601021545,NBL,48,49,100,285.00,"28,500.00"
2020-08-16,2020081601021127,NBL,45,49,50,285.00,"14,250.00"
2020-08-16,2020081601021117,NBL,49,49,363,285.00,"103,455.00"
2020-08-16,2020081601021116,NBL,49,43,500,285.00,"142,500.00"
2020-08-16,2020081601021115,NBL,49,45,137,285.00,"39,045.00"
2020-08-16,2020081601021113,NBL,16,49,130,284.00,"36,920.00"
2020-08-16,2020081601021272,NBL,6,44,"1,750",284.00,"497,000.00"
2020-08-16,2020081601021269,NBL,54,44,300,284.00,"85,200.00"
2020-08-16,2020081601021247,NBL,52,44,188,284.00,"53,392.00"
2020-08-16,2020081601021246,NBL,52,28,62,284.00,"17,608.00"
2020-08-16,2020081601021222,NBL,41,28,200,284.00,"56,800.00"
2020-08-16,2020081601021141,NBL,16,28,238,284.00,"67,592.00"
2020-08-16,2020081601021386,NBL,33,1,100,283.00,"28,300.00"
2020-08-16,2020081601021370,NBL,33,11,10,283.00,"2,830.00"
2020-08-16,2020081601021369,NBL,35,11,40,283.00,"11,320.00"
2020-08-16,2020081601021367,NBL,42,44,262,284.00,"74,408.00"
2020-08-16,2020081601021361,NBL,26,44,50,284.00,"14,200.00"
2020-08-16,2020081601021288,NBL,35,42,60,283.00,"16,980.00"
2020-08-16,2020081601021411,NBL,35,49,150,284.00,"42,600.00"
2020-08-16,2020081601021410,NBL,35,34,253,284.00,"71,852.00"
2020-08-16,2020081601021391,NBL,25,34,322,284.00,"91,448.00"
2020-08-16,2020081601021390,NBL,25,56,200,284.00,"56,800.00"
2020-08-16,2020081601021389,NBL,25,45,400,284.00,"113,600.00"
2020-08-16,2020081601021388,NBL,25,44,"2,450",284.00,"695,800.00"
2020-08-16,2020081601021498,NBL,35,26,313,284.00,"88,892.00"
2020-08-16,2020081601021489,NBL,52,49,50,285.00,"14,250.00"
2020-08-16,2020081601021488,NBL,35,8,100,284.00,"28,400.00"
2020-08-16,2020081601021468,NBL,35,43,200,284.00,"56,800.00"
2020-08-16,2020081601021413,NBL,35,36,50,284.00,"14,200.00"
2020-08-16,2020081601021412,NBL,35,25,50,284.00,"14,200.00"
2020-08-16,2020081601021588,NCCB,58,49,18,192.00,"3,456.00"
2020-08-16,2020081601021587,NCCB,58,41,182,191.00,"34,762.00"
2020-08-16,2020081601021260,NCCB,34,16,63,190.00,"11,970.00"
2020-08-16,2020081601021259,NCCB,34,16,200,190.00,"38,000.00"
2020-08-16,2020081601021258,NCCB,43,16,100,190.00,"19,000.00"
2020-08-16,2020081601021257,NCCB,44,16,171,190.00,"32,490.00"
2020-08-16,2020081601021293,NEF,49,58,"1,497",8.95,"13,398.20"
2020-08-16,2020081601021529,NFS,29,25,10,163.00,"1,630.00"
2020-08-16,2020081601021295,NHDL,22,42,10,128.00,"1,280.00"
2020-08-16,2020081601021343,NHPC,48,5,10,54.00,540.00
2020-08-16,2020081601021254,NHPC,57,55,"1,000",53.00,"53,000.00"
2020-08-16,2020081601021561,NIB,17,57,110,417.00,"45,870.00"
2020-08-16,2020081601021560,NIB,33,57,90,417.00,"37,530.00"
2020-08-16,2020081601021530,NIB,29,51,139,418.00,"58,102.00"
2020-08-16,2020081601021527,NIB,26,44,100,417.00,"41,700.00"
2020-08-16,2020081601021526,NIB,34,44,100,417.00,"41,700.00"
2020-08-16,2020081601021405,NIB,58,51,654,418.00,"273,372.00"
2020-08-16,2020081601021184,NIB,57,51,55,418.00,"22,990.00"
2020-08-16,2020081601021138,NIB,57,34,245,418.00,"102,410.00"
2020-08-16,2020081601021137,NIB,13,34,106,418.00,"44,308.00"
2020-08-16,2020081601021124,NIB,13,34,94,418.00,"39,292.00"
2020-08-16,2020081601021123,NIB,55,34,"1,000",418.00,"418,000.00"
2020-08-16,2020081601021122,NIB,37,34,100,418.00,"41,800.00"
2020-08-16,2020081601021284,NIB,58,34,10,417.00,"4,170.00"
2020-08-16,2020081601021283,NIB,58,34,70,417.00,"29,190.00"
2020-08-16,2020081601021282,NIB,43,34,50,417.00,"20,850.00"
2020-08-16,2020081601021281,NIB,14,34,290,417.00,"120,930.00"
2020-08-16,2020081601021242,NIB,47,51,100,418.00,"41,800.00"
2020-08-16,2020081601021185,NIB,19,51,52,418.00,"21,736.00"
2020-08-16,2020081601021404,NIB,58,34,139,417.00,"57,963.00"
2020-08-16,2020081601021341,NIB,21,34,25,417.00,"10,425.00"
2020-08-16,2020081601021310,NIB,7,34,82,417.00,"34,194.00"
2020-08-16,2020081601021301,NIB,34,34,100,417.00,"41,700.00"
2020-08-16,2020081601021286,NIB,34,34,30,417.00,"12,510.00"
2020-08-16,2020081601021285,NIB,29,34,100,417.00,"41,700.00"
2020-08-16,2020081601021214,NIBLPF,49,26,"10,000",8.35,"83,500.00"
2020-08-16,2020081601021596,NICA,53,4,100,566.00,"56,600.00"
2020-08-16,2020081601021485,NICA,53,4,100,566.00,"56,600.00"
2020-08-16,2020081601021484,NICA,48,4,200,566.00,"113,200.00"
2020-08-16,2020081601021319,NICA,45,35,35,566.00,"19,810.00"
2020-08-16,2020081601021318,NICA,45,45,65,566.00,"36,790.00"
2020-08-16,2020081601021231,NICA,48,45,85,566.00,"48,110.00"
2020-08-16,2020081601021230,NICA,48,33,215,566.00,"121,690.00"
2020-08-16,2020081601021218,NICA,6,33,50,566.00,"28,300.00"
2020-08-16,2020081601021148,NICA,56,56,600,566.00,"339,600.00"
2020-08-16,2020081601021249,NICL,45,42,75,459.00,"34,425.00"
2020-08-16,2020081601021142,NICL,22,42,10,459.00,"4,590.00"
2020-08-16,2020081601021580,NIL,22,14,10,630.00,"6,300.00"
2020-08-16,2020081601021559,NIL,59,14,10,630.00,"6,300.00"
2020-08-16,2020081601021496,NIL,6,56,210,624.00,"131,040.00"
2020-08-16,2020081601021495,NIL,26,56,50,624.00,"31,200.00"
2020-08-16,2020081601021494,NIL,50,56,40,624.00,"24,960.00"
2020-08-16,2020081601021493,NIL,58,56,150,625.00,"93,750.00"
2020-08-16,2020081601021492,NIL,45,56,300,625.00,"187,500.00"
2020-08-16,2020081601021305,NIL,49,14,10,630.00,"6,300.00"
2020-08-16,2020081601021304,NIL,49,29,22,629.00,"13,838.00"
2020-08-16,2020081601021414,NLG,51,46,210,628.00,"131,880.00"
2020-08-16,2020081601021157,NLG,51,49,90,635.00,"57,150.00"
2020-08-16,2020081601021462,NLIC,32,28,20,"1,330.00","26,600.00"
2020-08-16,2020081601021459,NLIC,29,28,500,"1,330.00","665,000.00"
2020-08-16,2020081601021458,NLIC,32,28,100,"1,330.00","133,000.00"
2020-08-16,2020081601021457,NLIC,44,28,200,"1,330.00","266,000.00"
2020-08-16,2020081601021456,NLIC,59,28,500,"1,330.00","665,000.00"
2020-08-16,2020081601021455,NLIC,28,28,300,"1,330.00","399,000.00"
2020-08-16,2020081601021213,NLIC,58,39,35,"1,333.00","46,655.00"
2020-08-16,2020081601021454,NLIC,20,28,50,"1,330.00","66,500.00"
2020-08-16,2020081601021453,NLIC,28,28,200,"1,330.00","266,000.00"
2020-08-16,2020081601021452,NLIC,45,28,300,"1,331.00","399,300.00"
2020-08-16,2020081601021451,NLIC,49,28,100,"1,331.00","133,100.00"
2020-08-16,2020081601021450,NLIC,5,28,25,"1,333.00","33,325.00"
2020-08-16,2020081601021449,NLIC,58,28,115,"1,333.00","153,295.00"
2020-08-16,2020081601021467,NLICL,49,41,10,669.00,"6,690.00"
2020-08-16,2020081601021363,NLICL,43,55,465,670.00,"311,550.00"
2020-08-16,2020081601021362,NLICL,43,51,100,670.00,"67,000.00"
2020-08-16,2020081601021300,NLICL,42,45,122,668.00,"81,496.00"
2020-08-16,2020081601021278,NLICL,43,13,233,670.00,"156,110.00"
2020-08-16,2020081601021210,NLICL,28,56,200,668.00,"133,600.00"
2020-08-16,2020081601021168,NLICL,36,13,20,670.00,"13,400.00"
2020-08-16,2020081601021167,NLICL,58,13,100,670.00,"67,000.00"
2020-08-16,2020081601021166,NLICL,16,21,110,671.00,"73,810.00"
2020-08-16,2020081601021151,NLICL,57,21,10,671.00,"6,710.00"
2020-08-16,2020081601021209,NLICL,13,56,100,668.00,"66,800.00"
2020-08-16,2020081601021208,NLICL,39,56,60,669.00,"40,140.00"
2020-08-16,2020081601021207,NLICL,59,56,10,669.00,"6,690.00"
2020-08-16,2020081601021206,NLICL,22,56,30,669.00,"20,070.00"
2020-08-16,2020081601021170,NLICL,38,13,50,670.00,"33,500.00"
2020-08-16,2020081601021169,NLICL,49,13,100,670.00,"67,000.00"
2020-08-16,2020081601021603,NMB,55,48,36,410.00,"14,760.00"
2020-08-16,2020081601021602,NMB,26,48,464,410.00,"190,240.00"
2020-08-16,2020081601021572,NMB,32,48,47,412.00,"19,364.00"
2020-08-16,2020081601021571,NMB,32,38,300,412.00,"123,600.00"
2020-08-16,2020081601021570,NMB,32,13,38,412.00,"15,656.00"
2020-08-16,2020081601021569,NMB,32,58,615,411.00,"252,765.00"
2020-08-16,2020081601021442,NMB,19,58,235,411.00,"96,585.00"
2020-08-16,2020081601021420,NMB,53,5,181,410.00,"74,210.00"
2020-08-16,2020081601021419,NMB,6,5,10,410.00,"4,100.00"
2020-08-16,2020081601021418,NMB,44,5,109,410.00,"44,690.00"
2020-08-16,2020081601021226,NMB,44,46,605,410.00,"248,050.00"
2020-08-16,2020081601021568,NMB,53,58,50,411.00,"20,550.00"
2020-08-16,2020081601021503,NMB,26,34,39,410.00,"15,990.00"
2020-08-16,2020081601021502,NMB,21,34,19,410.00,"7,790.00"
2020-08-16,2020081601021465,NMB,21,38,181,410.00,"74,210.00"
2020-08-16,2020081601021464,NMB,53,38,819,410.00,"335,790.00"
2020-08-16,2020081601021463,NMB,45,58,100,411.00,"41,100.00"
2020-08-16,2020081601021194,NMFBS,6,39,30,"1,528.00","45,840.00"
2020-08-16,2020081601021443,NRIC,57,34,100,575.00,"57,500.00"
2020-08-16,2020081601021416,NRIC,38,34,50,575.00,"28,750.00"
2020-08-16,2020081601021403,NRIC,49,34,50,575.00,"28,750.00"
2020-08-16,2020081601021402,NRIC,29,34,20,575.00,"11,500.00"
2020-08-16,2020081601021401,NRIC,41,34,80,575.00,"46,000.00"
2020-08-16,2020081601021371,NRIC,50,50,500,576.00,"288,000.00"
2020-08-16,2020081601021111,NRIC,44,59,60,575.00,"34,500.00"
2020-08-16,2020081601021205,NRIC,53,7,100,575.00,"57,500.00"
2020-08-16,2020081601021163,NRIC,53,42,20,575.00,"11,500.00"
2020-08-16,2020081601021158,NRIC,53,47,50,575.00,"28,750.00"
2020-08-16,2020081601021146,NRIC,53,52,20,575.00,"11,500.00"
2020-08-16,2020081601021118,NRIC,53,25,50,575.00,"28,750.00"
2020-08-16,2020081601021112,NRIC,53,59,740,575.00,"425,500.00"
2020-08-16,2020081601021314,NRIC,41,7,20,575.00,"11,500.00"
2020-08-16,2020081601021313,NRIC,29,7,50,575.00,"28,750.00"
2020-08-16,2020081601021312,NRIC,45,7,30,575.00,"17,250.00"
2020-08-16,2020081601021296,NRIC,52,50,52,576.00,"29,952.00"
2020-08-16,2020081601021228,NRIC,45,38,20,575.00,"11,500.00"
2020-08-16,2020081601021227,NRIC,53,38,20,575.00,"11,500.00"
2020-08-16,2020081601021540,NSEWA,43,21,10,698.00,"6,980.00"
2020-08-16,2020081601021291,NUBL,49,43,100,960.00,"96,000.00"
2020-08-16,2020081601021245,NUBL,35,50,26,957.00,"24,882.00"
2020-08-16,2020081601021244,NUBL,6,50,14,957.00,"13,398.00"
2020-08-16,2020081601021243,NUBL,52,50,10,958.00,"9,580.00"
2020-08-16,2020081601021144,NUBL,1,51,30,959.00,"28,770.00"
2020-08-16,2020081601021541,PCBL,58,53,251,270.00,"67,770.00"
2020-08-16,2020081601021504,PCBL,58,25,30,271.00,"8,130.00"
2020-08-16,2020081601021446,PCBL,58,25,100,271.00,"27,100.00"
2020-08-16,2020081601021434,PCBL,58,25,10,271.00,"2,710.00"
2020-08-16,2020081601021303,PCBL,26,25,200,271.00,"54,200.00"
2020-08-16,2020081601021262,PCBL,45,25,50,271.00,"13,550.00"
2020-08-16,2020081601021248,PCBL,49,25,20,271.00,"5,420.00"
2020-08-16,2020081601021212,PCBL,58,16,100,270.00,"27,000.00"
2020-08-16,2020081601021189,PCBL,58,32,160,270.00,"43,200.00"
2020-08-16,2020081601021544,PIC,36,36,1,628.00,628.00
2020-08-16,2020081601021378,PIC,50,37,186,631.00,"117,366.00"
2020-08-16,2020081601021287,PIC,50,37,14,631.00,"8,834.00"
2020-08-16,2020081601021273,PIC,47,54,110,628.00,"69,080.00"
2020-08-16,2020081601021292,PICL,14,48,40,465.00,"18,600.00"
2020-08-16,2020081601021220,PPCL,52,10,30,113.00,"3,390.00"
2020-08-16,2020081601021573,PRIN,51,45,10,503.00,"5,030.00"
2020-08-16,2020081601021421,PRIN,37,17,45,502.00,"22,590.00"
2020-08-16,2020081601021276,PRIN,51,45,10,503.00,"5,030.00"
2020-08-16,2020081601021225,PRVU,50,25,400,226.00,"90,400.00"
2020-08-16,2020081601021192,PRVU,50,36,25,226.00,"5,650.00"
2020-08-16,2020081601021466,RADHI,38,14,12,174.00,"2,088.00"
2020-08-16,2020081601021393,RADHI,38,57,11,172.00,"1,892.00"
2020-08-16,2020081601021392,RADHI,38,55,13,172.00,"2,236.00"
2020-08-16,2020081601021579,RBCL,58,22,10,"9,380.00","93,800.00"
2020-08-16,2020081601021280,RBCLPO,39,38,100,"8,130.00","813,000.00"
2020-08-16,2020081601021233,RHPC,54,45,100,84.00,"8,400.00"
2020-08-16,2020081601021200,RHPL,6,47,20,147.00,"2,940.00"
2020-08-16,2020081601021374,SABSL,55,22,10,720.00,"7,200.00"
2020-08-16,2020081601021377,SADBL,59,29,27,142.00,"3,834.00"
2020-08-16,2020081601021376,SADBL,41,29,25,142.00,"3,550.00"
2020-08-16,2020081601021133,SADBL,6,32,100,143.00,"14,300.00"
2020-08-16,2020081601021543,SANIMA,1,36,61,337.00,"20,557.00"
2020-08-16,2020081601021542,SANIMA,1,36,77,337.00,"25,949.00"
2020-08-16,2020081601021480,SANIMA,1,26,223,337.00,"75,151.00"
2020-08-16,2020081601021479,SANIMA,47,26,77,337.00,"25,949.00"
2020-08-16,2020081601021135,SANIMA,41,32,200,338.00,"67,600.00"
2020-08-16,2020081601021469,SAPDBL,55,55,100,117.00,"11,700.00"
2020-08-16,2020081601021578,SBI,48,34,31,415.00,"12,865.00"
2020-08-16,2020081601021373,SBI,5,45,31,414.00,"12,834.00"
2020-08-16,2020081601021372,SBI,35,45,269,414.00,"111,366.00"
2020-08-16,2020081601021202,SBI,35,29,"1,142",414.00,"472,788.00"
2020-08-16,2020081601021315,SBL,50,49,400,293.00,"117,200.00"
2020-08-16,2020081601021290,SBL,38,49,600,294.00,"176,400.00"
2020-08-16,2020081601021219,SBL,38,19,300,294.00,"88,200.00"
2020-08-16,2020081601021161,SBL,38,57,100,294.00,"29,400.00"
2020-08-16,2020081601021294,SFCL,35,7,10,108.00,"1,080.00"
2020-08-16,2020081601021440,SHINE,36,37,50,232.00,"11,600.00"
2020-08-16,2020081601021387,SHIVM,34,57,20,575.00,"11,500.00"
2020-08-16,2020081601021499,SHPC,48,59,10,230.00,"2,300.00"
2020-08-16,2020081601021352,SHPC,57,14,27,226.00,"6,102.00"
2020-08-16,2020081601021351,SHPC,34,14,100,226.00,"22,600.00"
2020-08-16,2020081601021350,SHPC,11,14,100,227.00,"22,700.00"
2020-08-16,2020081601021349,SHPC,49,14,200,227.00,"45,400.00"
2020-08-16,2020081601021348,SHPC,33,14,50,227.00,"11,350.00"
2020-08-16,2020081601021347,SHPC,28,14,50,227.00,"11,350.00"
2020-08-16,2020081601021346,SHPC,25,14,200,228.00,"45,600.00"
2020-08-16,2020081601021461,SIC,45,25,120,749.00,"89,880.00"
2020-08-16,2020081601021317,SIC,45,34,10,745.00,"7,450.00"
2020-08-16,2020081601021145,SIC,45,58,23,742.00,"17,066.00"
2020-08-16,2020081601021221,SICL,45,10,50,"1,217.00","60,850.00"
2020-08-16,2020081601021155,SICL,7,26,11,"1,216.00","13,376.00"
2020-08-16,2020081601021134,SICL,10,10,20,"1,217.00","24,340.00"
2020-08-16,2020081601021129,SICL,17,10,50,"1,217.00","60,850.00"
2020-08-16,2020081601021156,SIL,44,44,100,613.00,"61,300.00"
2020-08-16,2020081601021130,SIL,44,32,60,610.00,"36,600.00"
2020-08-16,2020081601021576,SJCL,49,35,20,134.00,"2,680.00"
2020-08-16,2020081601021275,SLBS,42,44,40,898.00,"35,920.00"
2020-08-16,2020081601021395,SLICL,50,26,100,452.00,"45,200.00"
2020-08-16,2020081601021126,SLICL,34,26,10,452.00,"4,520.00"
2020-08-16,2020081601021605,SPDL,6,45,12,105.00,"1,260.00"
2020-08-16,2020081601021604,SPDL,45,45,88,106.00,"9,328.00"
2020-08-16,2020081601021188,SPDL,45,45,"1,000",106.00,"106,000.00"
2020-08-16,2020081601021271,SRBL,53,29,500,225.00,"112,500.00"
2020-08-16,2020081601021253,SRBL,45,49,772,224.00,"172,928.00"
2020-08-16,2020081601021252,SRBL,28,49,100,224.00,"22,400.00"
2020-08-16,2020081601021251,SRBL,26,49,128,224.00,"28,672.00"
2020-08-16,2020081601021409,SWBBL,22,22,50,"1,173.00","58,650.00"
2020-08-16,2020081601021172,SWBBL,34,5,150,"1,172.00","175,800.00"
2020-08-16,2020081601021171,SWBBL,37,5,50,"1,172.00","58,600.00"
2020-08-16,2020081601021501,UIC,52,58,100,396.00,"39,600.00"
2020-08-16,2020081601021417,UIC,44,49,700,395.00,"276,500.00"
2020-08-16,2020081601021299,UIC,44,14,118,395.00,"46,610.00"
2020-08-16,2020081601021298,UIC,56,14,200,395.00,"79,000.00"
2020-08-16,2020081601021297,UIC,6,14,715,395.00,"282,425.00"
2020-08-16,2020081601021199,UIC,6,54,100,395.00,"39,500.00"
2020-08-16,2020081601021606,UNHPL,43,41,10,55.00,550.00
2020-08-16,2020081601021585,UPCL,6,35,40,70.00,"2,800.00"
2020-08-16,2020081601021584,UPCL,17,35,10,70.00,700.00
2020-08-16,2020081601021539,UPPER,58,19,30,221.00,"6,630.00"
2020-08-16,2020081601021538,UPPER,41,19,10,222.00,"2,220.00"
2020-08-16,2020081601021478,UPPER,41,19,40,222.00,"8,880.00"
2020-08-16,2020081601020877,ACLBSL,45,58,21,698.00,"14,658.00"
2020-08-16,2020081601020847,ACLBSL,45,38,11,698.00,"7,678.00"
2020-08-16,2020081601020841,ACLBSL,17,47,90,699.00,"62,910.00"
2020-08-16,2020081601020762,ACLBSL,58,47,10,699.00,"6,990.00"
2020-08-16,2020081601020688,ACLBSL,45,38,10,699.00,"6,990.00"
2020-08-16,2020081601020672,ACLBSL,7,58,20,700.00,"14,000.00"
2020-08-16,2020081601021046,ADBL,49,45,57,411.00,"23,427.00"
2020-08-16,2020081601021045,ADBL,37,45,25,411.00,"10,275.00"
2020-08-16,2020081601021044,ADBL,26,45,18,411.00,"7,398.00"
2020-08-16,2020081601021104,AIL,57,34,10,491.00,"4,910.00"
2020-08-16,2020081601021102,AIL,57,55,10,491.00,"4,910.00"
2020-08-16,2020081601021082,AIL,57,46,10,491.00,"4,910.00"
2020-08-16,2020081601021042,AIL,38,55,10,491.00,"4,910.00"
2020-08-16,2020081601021031,AIL,48,33,10,490.00,"4,900.00"
2020-08-16,2020081601021029,AIL,48,21,10,490.00,"4,900.00"
2020-08-16,2020081601020655,AIL,7,26,10,491.00,"4,910.00"
2020-08-16,2020081601020654,AIL,7,58,10,491.00,"4,910.00"
2020-08-16,2020081601020643,AIL,48,39,10,490.00,"4,900.00"
2020-08-16,2020081601020642,AIL,48,17,10,490.00,"4,900.00"
2020-08-16,2020081601020712,AIL,50,55,10,491.00,"4,910.00"
2020-08-16,2020081601020696,AIL,50,58,30,491.00,"14,730.00"
2020-08-16,2020081601020695,AIL,7,58,20,491.00,"9,820.00"
2020-08-16,2020081601020680,AIL,7,42,40,491.00,"19,640.00"
2020-08-16,2020081601020673,AIL,7,39,10,491.00,"4,910.00"
2020-08-16,2020081601020664,AIL,7,21,10,491.00,"4,910.00"
2020-08-16,2020081601020807,AIL,50,21,10,491.00,"4,910.00"
2020-08-16,2020081601020795,AIL,34,34,10,492.00,"4,920.00"
2020-08-16,2020081601020794,AIL,34,5,10,492.00,"4,920.00"
2020-08-16,2020081601020774,AIL,50,55,10,491.00,"4,910.00"
2020-08-16,2020081601020745,AIL,50,56,10,491.00,"4,910.00"
2020-08-16,2020081601020714,AIL,50,41,10,491.00,"4,910.00"
2020-08-16,2020081601020929,AIL,50,38,10,491.00,"4,910.00"
2020-08-16,2020081601020928,AIL,50,55,10,491.00,"4,910.00"
2020-08-16,2020081601020921,AIL,21,32,15,492.00,"7,380.00"
2020-08-16,2020081601020908,AIL,50,16,10,491.00,"4,910.00"
2020-08-16,2020081601020886,AIL,50,29,10,491.00,"4,910.00"
2020-08-16,2020081601020812,AIL,50,40,10,491.00,"4,910.00"
2020-08-16,2020081601020995,AIL,45,5,10,491.00,"4,910.00"
2020-08-16,2020081601020959,AIL,45,52,20,491.00,"9,820.00"
2020-08-16,2020081601020958,AIL,55,52,100,491.00,"49,100.00"
2020-08-16,2020081601020945,AIL,34,46,10,491.00,"4,910.00"
2020-08-16,2020081601020942,AIL,50,38,10,491.00,"4,910.00"
2020-08-16,2020081601020940,AIL,50,41,10,491.00,"4,910.00"
2020-08-16,2020081601021018,AIL,49,46,10,491.00,"4,910.00"
2020-08-16,2020081601021000,AIL,48,5,420,490.00,"205,800.00"
2020-08-16,2020081601020999,AIL,11,5,50,491.00,"24,550.00"
2020-08-16,2020081601020998,AIL,54,5,100,491.00,"49,100.00"
2020-08-16,2020081601020997,AIL,42,5,20,491.00,"9,820.00"
2020-08-16,2020081601020996,AIL,57,5,100,491.00,"49,100.00"
2020-08-16,2020081601020851,AKPL,36,40,"1,500",113.00,"169,500.00"
2020-08-16,2020081601020825,AKPL,38,40,"1,000",113.00,"113,000.00"
2020-08-16,2020081601020658,AKPL,38,40,500,113.00,"56,500.00"
2020-08-16,2020081601021043,ALBSL,8,57,30,650.00,"19,500.00"
2020-08-16,2020081601020616,ALBSL,8,32,11,643.00,"7,073.00"
2020-08-16,2020081601020970,ALICL,34,57,10,625.00,"6,250.00"
2020-08-16,2020081601021013,API,25,4,13,111.00,"1,443.00"
2020-08-16,2020081601021006,API,35,4,10,111.00,"1,110.00"
2020-08-16,2020081601020876,API,8,39,54,109.00,"5,886.00"
2020-08-16,2020081601020875,API,34,39,36,109.00,"3,924.00"
2020-08-16,2020081601020874,API,8,39,10,110.00,"1,100.00"
2020-08-16,2020081601020797,API,8,55,100,110.00,"11,000.00"
2020-08-16,2020081601021052,BOKL,45,49,"1,000",226.00,"226,000.00"
2020-08-16,2020081601021051,BOKL,45,25,915,226.00,"206,790.00"
2020-08-16,2020081601020956,BOKL,45,25,"1,500",226.00,"339,000.00"
2020-08-16,2020081601021003,BPCL,11,39,36,360.00,"12,960.00"
2020-08-16,2020081601021002,BPCL,11,19,12,360.00,"4,320.00"
2020-08-16,2020081601020920,BPCL,26,26,1,360.00,360.00
2020-08-16,2020081601020703,BPCL,26,26,1,360.00,360.00
2020-08-16,2020081601021017,CBBL,53,7,38,"1,020.00","38,760.00"
2020-08-16,2020081601021016,CBBL,53,13,12,"1,020.00","12,240.00"
2020-08-16,2020081601020954,CBBL,47,13,35,"1,020.00","35,700.00"
2020-08-16,2020081601020896,CBBL,47,39,15,"1,020.00","15,300.00"
2020-08-16,2020081601020611,CBBL,32,7,50,"1,020.00","51,000.00"
2020-08-16,2020081601020853,CBBL,53,54,156,"1,021.00","159,276.00"
2020-08-16,2020081601020684,CBBL,49,54,10,"1,021.00","10,210.00"
2020-08-16,2020081601020662,CBBL,25,39,40,"1,019.00","40,760.00"
2020-08-16,2020081601020661,CBBL,45,39,10,"1,019.00","10,190.00"
2020-08-16,2020081601020916,CBL,34,13,671,143.00,"95,953.00"
2020-08-16,2020081601020915,CBL,19,13,500,143.00,"71,500.00"
2020-08-16,2020081601020914,CBL,44,13,"5,000",143.00,"715,000.00"
2020-08-16,2020081601020913,CBL,52,13,20,143.00,"2,860.00"
2020-08-16,2020081601020912,CBL,44,13,"1,809",143.00,"258,687.00"
2020-08-16,2020081601020747,CBL,57,17,"1,000",144.00,"144,000.00"
2020-08-16,2020081601020614,CBL,58,17,50,144.00,"7,200.00"
2020-08-16,2020081601020613,CBL,58,10,150,144.00,"21,600.00"
2020-08-16,2020081601020612,CBL,58,13,850,144.00,"122,400.00"
2020-08-16,2020081601021028,CCBL,45,59,152,173.00,"26,296.00"
2020-08-16,2020081601021027,CCBL,34,59,"1,000",173.00,"173,000.00"
2020-08-16,2020081601021026,CCBL,48,59,"1,000",173.00,"173,000.00"
2020-08-16,2020081601021025,CCBL,13,59,500,173.00,"86,500.00"
2020-08-16,2020081601021024,CCBL,56,59,248,173.00,"42,904.00"
2020-08-16,2020081601020862,CCBL,56,21,93,173.00,"16,089.00"
2020-08-16,2020081601020850,CCBL,45,51,50,174.00,"8,700.00"
2020-08-16,2020081601021066,CHCL,49,41,100,387.00,"38,700.00"
2020-08-16,2020081601021065,CHCL,49,25,200,387.00,"77,400.00"
2020-08-16,2020081601021036,CHL,49,41,50,91.00,"4,550.00"
2020-08-16,2020081601020700,CHL,1,50,10,90.00,900.00
2020-08-16,2020081601020957,CIT,43,17,19,"2,582.00","49,058.00"
2020-08-16,2020081601020723,CIT,43,45,50,"2,582.00","129,100.00"
2020-08-16,2020081601020732,CMF1,6,4,"5,000",10.11,"50,550.00"
2020-08-16,2020081601021022,CZBIL,48,39,987,194.00,"191,478.00"
2020-08-16,2020081601021021,CZBIL,34,39,473,194.00,"91,762.00"
2020-08-16,2020081601020813,CZBIL,13,19,100,195.00,"19,500.00"
2020-08-16,2020081601020792,CZBIL,34,19,128,194.00,"24,832.00"
2020-08-16,2020081601020702,CZBIL,19,19,700,195.00,"136,500.00"
2020-08-16,2020081601020806,DDBL,41,26,50,816.00,"40,800.00"
2020-08-16,2020081601021105,EBL,40,41,105,710.00,"74,550.00"
2020-08-16,2020081601020884,EBL,45,4,100,711.00,"71,100.00"
2020-08-16,2020081601020883,EBL,8,4,20,711.00,"14,220.00"
2020-08-16,2020081601020840,EBL,8,13,80,711.00,"56,880.00"
2020-08-16,2020081601020793,EBL,22,13,20,711.00,"14,220.00"
2020-08-16,2020081601021081,EDBL,49,14,441,308.00,"135,828.00"
2020-08-16,2020081601020856,EDBL,49,7,100,308.00,"30,800.00"
2020-08-16,2020081601020854,EIC,58,52,150,432.00,"64,800.00"
2020-08-16,2020081601021070,FMDBL,35,45,17,514.00,"8,738.00"
2020-08-16,2020081601021069,FMDBL,35,57,20,514.00,"10,280.00"
2020-08-16,2020081601020652,FMDBL,49,57,30,514.00,"15,420.00"
2020-08-16,2020081601020843,FOWAD,51,19,50,"1,500.00","75,000.00"
2020-08-16,2020081601021040,GBIME,8,45,84,251.00,"21,084.00"
2020-08-16,2020081601021039,GBIME,6,45,50,251.00,"12,550.00"
2020-08-16,2020081601021038,GBIME,56,45,100,251.00,"25,100.00"
2020-08-16,2020081601021037,GBIME,7,45,266,251.00,"66,766.00"
2020-08-16,2020081601021034,GBIME,58,13,60,252.00,"15,120.00"
2020-08-16,2020081601021030,GBIME,45,13,50,252.00,"12,600.00"
2020-08-16,2020081601021023,GBIME,53,13,50,252.00,"12,600.00"
2020-08-16,2020081601021020,GBIME,13,13,10,252.00,"2,520.00"
2020-08-16,2020081601020811,GBIME,55,13,100,252.00,"25,200.00"
2020-08-16,2020081601020791,GBIME,45,13,50,252.00,"12,600.00"
2020-08-16,2020081601020731,GBIME,38,13,50,252.00,"12,600.00"
2020-08-16,2020081601020730,GBIME,38,29,450,252.00,"113,400.00"
2020-08-16,2020081601021008,GBLBS,1,3,15,461.00,"6,915.00"
2020-08-16,2020081601020763,GHL,39,42,10,56.00,560.00
2020-08-16,2020081601020842,GLICL,1,48,50,466.00,"23,300.00"
2020-08-16,2020081601020676,GLICL,19,25,228,468.00,"106,704.00"
2020-08-16,2020081601020640,GLICL,19,38,80,467.00,"37,360.00"
2020-08-16,2020081601021090,HDL,33,41,110,"1,641.00","180,510.00"
2020-08-16,2020081601020980,HDL,33,41,20,"1,641.00","32,820.00"
2020-08-16,2020081601020979,HDL,41,41,30,"1,642.00","49,260.00"
2020-08-16,2020081601020978,HDL,32,41,100,"1,642.00","164,200.00"
2020-08-16,2020081601020686,HGI,7,34,100,415.00,"41,500.00"
2020-08-16,2020081601021014,HIDCL,6,11,100,127.00,"12,700.00"
2020-08-16,2020081601020964,HIDCL,29,36,15,126.00,"1,890.00"
2020-08-16,2020081601021088,IGI,45,13,500,463.00,"231,500.00"
2020-08-16,2020081601021080,ILBS,45,3,10,710.00,"7,100.00"
2020-08-16,2020081601020689,JBBL,37,14,120,169.00,"20,280.00"
2020-08-16,2020081601020900,JOSHI,17,22,410,59.00,"24,190.00"
2020-08-16,2020081601021087,KBL,33,14,100,184.00,"18,400.00"
2020-08-16,2020081601020991,KBL,32,14,40,184.00,"7,360.00"
2020-08-16,2020081601020931,KBL,32,43,10,184.00,"1,840.00"
2020-08-16,2020081601020906,KBL,38,43,500,184.00,"92,000.00"
2020-08-16,2020081601020828,KBL,6,43,100,184.00,"18,400.00"
2020-08-16,2020081601020827,KBL,1,43,300,184.00,"55,200.00"
2020-08-16,2020081601021103,KMCDB,58,38,10,729.00,"7,290.00"
2020-08-16,2020081601020902,KMCDB,28,10,10,730.00,"7,300.00"
2020-08-16,2020081601020711,KMCDB,58,14,10,729.00,"7,290.00"
2020-08-16,2020081601020615,KMCDB,58,10,10,729.00,"7,290.00"
2020-08-16,2020081601020610,KSBBL,50,29,731,145.00,"105,995.00"
2020-08-16,2020081601020895,LBBL,45,1,50,182.00,"9,100.00"
2020-08-16,2020081601020803,LBBL,45,10,50,182.00,"9,100.00"
2020-08-16,2020081601020802,LBBL,43,10,15,182.00,"2,730.00"
2020-08-16,2020081601020878,LBL,57,19,45,226.00,"10,170.00"
2020-08-16,2020081601020869,LICN,50,14,150,"1,444.00","216,600.00"
2020-08-16,2020081601021106,MBL,28,10,10,223.00,"2,230.00"
2020-08-16,2020081601021099,MBL,6,10,300,223.00,"66,900.00"
2020-08-16,2020081601021098,MBL,55,10,10,223.00,"2,230.00"
2020-08-16,2020081601020911,MBL,17,33,"1,000",224.00,"224,000.00"
2020-08-16,2020081601020910,MBL,17,49,700,224.00,"156,800.00"
2020-08-16,2020081601020909,MBL,17,28,950,224.00,"212,800.00"
2020-08-16,2020081601020939,MDB,16,38,20,330.00,"6,600.00"
2020-08-16,2020081601021074,MEGA,14,37,243,216.00,"52,488.00"
2020-08-16,2020081601021073,MEGA,35,37,12,216.00,"2,592.00"
2020-08-16,2020081601021072,MEGA,58,37,45,217.00,"9,765.00"
2020-08-16,2020081601020839,MEGA,14,45,500,216.00,"108,000.00"
2020-08-16,2020081601020720,MEGA,58,45,390,217.00,"84,630.00"
2020-08-16,2020081601020713,MEGA,38,45,45,217.00,"9,765.00"
2020-08-16,2020081601020743,MERO,32,38,73,628.00,"45,844.00"
2020-08-16,2020081601020742,MERO,32,42,50,628.00,"31,400.00"
2020-08-16,2020081601020741,MERO,32,45,27,626.00,"16,902.00"
2020-08-16,2020081601020715,MERO,32,29,350,625.00,"218,750.00"
2020-08-16,2020081601020989,MFIL,55,57,"1,000",270.00,"270,000.00"
2020-08-16,2020081601020889,MFIL,54,57,20,271.00,"5,420.00"
2020-08-16,2020081601020888,MFIL,54,43,980,271.00,"265,580.00"
2020-08-16,2020081601020671,MFIL,41,43,10,271.00,"2,710.00"
2020-08-16,2020081601020668,MHNL,1,42,40,82.00,"3,280.00"
2020-08-16,2020081601020667,MMFDB,56,26,100,900.00,"90,000.00"
2020-08-16,2020081601020698,MNBBL,28,32,10,319.00,"3,190.00"
2020-08-16,2020081601020678,MNBBL,45,32,16,319.00,"5,104.00"
2020-08-16,2020081601020677,MNBBL,45,28,84,319.00,"26,796.00"
2020-08-16,2020081601020722,MSMBS,14,56,100,651.00,"65,100.00"
2020-08-16,2020081601020721,MSMBS,38,56,50,651.00,"32,550.00"
2020-08-16,2020081601021108,NABIL,45,13,20,823.00,"16,460.00"
2020-08-16,2020081601021101,NABIL,1,51,38,823.00,"31,274.00"
2020-08-16,2020081601021035,NABIL,54,32,174,822.00,"143,028.00"
2020-08-16,2020081601020961,NABIL,17,32,50,822.00,"41,100.00"
2020-08-16,2020081601020649,NADEP,43,57,27,599.00,"16,173.00"
2020-08-16,2020081601020648,NADEP,43,25,23,599.00,"13,777.00"
2020-08-16,2020081601020955,NBB,55,49,30,196.00,"5,880.00"
2020-08-16,2020081601021096,NBL,16,25,50,284.00,"14,200.00"
2020-08-16,2020081601021064,NBL,16,32,"1,282",284.00,"364,088.00"
2020-08-16,2020081601021063,NBL,16,29,300,283.00,"84,900.00"
2020-08-16,2020081601021033,NBL,55,29,50,283.00,"14,150.00"
2020-08-16,2020081601021032,NBL,53,29,150,283.00,"42,450.00"
2020-08-16,2020081601020994,NBL,53,56,325,283.00,"91,975.00"
2020-08-16,2020081601020764,NBL,36,43,25,284.00,"7,100.00"
2020-08-16,2020081601020729,NBL,13,45,73,285.00,"20,805.00"
2020-08-16,2020081601020728,NBL,13,10,100,285.00,"28,500.00"
2020-08-16,2020081601020727,NBL,13,28,30,285.00,"8,550.00"
2020-08-16,2020081601020726,NBL,13,42,297,285.00,"84,645.00"
2020-08-16,2020081601020892,NBL,33,13,100,283.00,"28,300.00"
2020-08-16,2020081601020891,NBL,13,13,150,283.00,"42,450.00"
2020-08-16,2020081601020890,NBL,36,13,25,283.00,"7,075.00"
2020-08-16,2020081601020881,NBL,33,32,325,284.00,"92,300.00"
2020-08-16,2020081601020766,NBL,33,43,175,284.00,"49,700.00"
2020-08-16,2020081601020765,NBL,58,43,100,284.00,"28,400.00"
2020-08-16,2020081601020990,NBL,53,57,200,283.00,"56,600.00"
2020-08-16,2020081601020944,NBL,41,32,143,284.00,"40,612.00"
2020-08-16,2020081601020926,NBL,53,36,325,283.00,"91,975.00"
2020-08-16,2020081601020925,NBL,21,36,175,283.00,"49,525.00"
2020-08-16,2020081601020894,NBL,21,13,325,283.00,"91,975.00"
2020-08-16,2020081601020893,NBL,4,13,100,283.00,"28,300.00"
2020-08-16,2020081601020924,NCCB,16,56,316,191.00,"60,356.00"
2020-08-16,2020081601020923,NCCB,25,56,30,191.00,"5,730.00"
2020-08-16,2020081601020922,NCCB,18,56,133,191.00,"25,403.00"
2020-08-16,2020081601020977,NIB,14,34,75,417.00,"31,275.00"
2020-08-16,2020081601020976,NIB,33,34,50,418.00,"20,900.00"
2020-08-16,2020081601020975,NIB,57,34,43,418.00,"17,974.00"
2020-08-16,2020081601020960,NIB,57,36,57,418.00,"23,826.00"
2020-08-16,2020081601020863,NIB,34,32,44,418.00,"18,392.00"
2020-08-16,2020081601020858,NIB,14,48,50,417.00,"20,850.00"
2020-08-16,2020081601020697,NIB,47,32,100,418.00,"41,800.00"
2020-08-16,2020081601020751,NIB,22,46,30,417.00,"12,510.00"
2020-08-16,2020081601020750,NIB,50,46,50,417.00,"20,850.00"
2020-08-16,2020081601020749,NIB,42,46,50,417.00,"20,850.00"
2020-08-16,2020081601020746,NIB,7,32,20,418.00,"8,360.00"
2020-08-16,2020081601020716,NIB,42,32,20,418.00,"8,360.00"
2020-08-16,2020081601020757,NIB,52,46,100,417.00,"41,700.00"
2020-08-16,2020081601020756,NIB,33,46,50,417.00,"20,850.00"
2020-08-16,2020081601020755,NIB,13,46,100,417.00,"41,700.00"
2020-08-16,2020081601020754,NIB,10,46,50,417.00,"20,850.00"
2020-08-16,2020081601020753,NIB,42,46,100,417.00,"41,700.00"
2020-08-16,2020081601020752,NIB,34,46,20,417.00,"8,340.00"
2020-08-16,2020081601020852,NIB,14,34,350,417.00,"145,950.00"
2020-08-16,2020081601020831,NIB,51,32,16,418.00,"6,688.00"
2020-08-16,2020081601020805,NIB,1,32,100,418.00,"41,800.00"
2020-08-16,2020081601020775,NIB,35,32,100,418.00,"41,800.00"
2020-08-16,2020081601020759,NIB,14,46,235,417.00,"97,995.00"
2020-08-16,2020081601020758,NIB,19,46,215,417.00,"89,655.00"
2020-08-16,2020081601021094,NIBLPF,49,26,"10,000",8.35,"83,500.00"
2020-08-16,2020081601021078,NIBSF1,42,6,995,10.22,"10,168.90"
2020-08-16,2020081601021077,NIBSF1,10,6,"5,000",10.23,"51,150.00"
2020-08-16,2020081601021076,NIBSF1,25,6,"4,900",10.25,"50,225.00"
2020-08-16,2020081601020974,NIBSF1,34,7,300,10.30,"3,090.00"
2020-08-16,2020081601021012,NICA,50,56,400,566.00,"226,400.00"
2020-08-16,2020081601021011,NICA,50,10,100,566.00,"56,600.00"
2020-08-16,2020081601020861,NICA,34,28,300,566.00,"169,800.00"
2020-08-16,2020081601020733,NICA,28,28,700,566.00,"396,200.00"
2020-08-16,2020081601020657,NICA,48,45,50,565.00,"28,250.00"
2020-08-16,2020081601020647,NICA,48,34,51,565.00,"28,815.00"
2020-08-16,2020081601020880,NICL,40,34,"1,000",455.00,"455,000.00"
2020-08-16,2020081601020879,NICL,34,34,500,455.00,"227,500.00"
2020-08-16,2020081601020821,NICL,55,42,115,459.00,"52,785.00"
2020-08-16,2020081601020820,NICL,55,34,85,458.00,"38,930.00"
2020-08-16,2020081601020679,NIL,26,45,50,626.00,"31,300.00"
2020-08-16,2020081601021056,NLBBL,45,46,50,678.00,"33,900.00"
2020-08-16,2020081601021055,NLBBL,45,46,50,678.00,"33,900.00"
2020-08-16,2020081601021054,NLBBL,3,46,25,679.00,"16,975.00"
2020-08-16,2020081601021053,NLBBL,25,46,10,679.00,"6,790.00"
2020-08-16,2020081601020834,NLBBL,47,29,200,680.00,"136,000.00"
2020-08-16,2020081601021079,NLG,22,49,10,635.00,"6,350.00"
2020-08-16,2020081601021097,NLIC,49,28,100,"1,334.00","133,400.00"
2020-08-16,2020081601021009,NLIC,45,28,90,"1,334.00","120,060.00"
2020-08-16,2020081601020973,NLIC,45,28,10,"1,334.00","13,340.00"
2020-08-16,2020081601020972,NLIC,45,14,50,"1,334.00","66,700.00"
2020-08-16,2020081601020971,NLIC,45,18,200,"1,334.00","266,800.00"
2020-08-16,2020081601020822,NLIC,58,14,150,"1,333.00","199,950.00"
2020-08-16,2020081601020644,NLIC,50,38,119,"1,330.00","158,270.00"
2020-08-16,2020081601020635,NLIC,59,28,198,"1,332.00","263,736.00"
2020-08-16,2020081601020634,NLIC,59,55,102,"1,332.00","135,864.00"
2020-08-16,2020081601020887,NLICL,16,21,40,671.00,"26,840.00"
2020-08-16,2020081601021109,NMB,44,34,286,410.00,"117,260.00"
2020-08-16,2020081601021068,NMB,49,34,379,410.00,"155,390.00"
2020-08-16,2020081601021050,NMB,1,34,25,410.00,"10,250.00"
2020-08-16,2020081601021049,NMB,1,34,25,410.00,"10,250.00"
2020-08-16,2020081601020918,NMB,34,34,50,410.00,"20,500.00"
2020-08-16,2020081601020901,NMB,45,34,50,410.00,"20,500.00"
2020-08-16,2020081601020681,NMB,6,34,428,410.00,"175,480.00"
2020-08-16,2020081601020651,NMB,51,10,10,411.00,"4,110.00"
2020-08-16,2020081601020650,NMB,6,10,146,411.00,"60,006.00"
2020-08-16,2020081601020637,NMB,6,34,854,411.00,"350,994.00"
2020-08-16,2020081601020636,NMB,49,34,66,411.00,"27,126.00"
2020-08-16,2020081601020767,NMB,48,13,200,412.00,"82,400.00"
2020-08-16,2020081601020748,NMB,14,44,"1,000",411.00,"411,000.00"
2020-08-16,2020081601020694,NMB,25,13,27,412.00,"11,124.00"
2020-08-16,2020081601020693,NMB,25,10,73,411.00,"30,003.00"
2020-08-16,2020081601020683,NMB,17,34,246,410.00,"100,860.00"
2020-08-16,2020081601020682,NMB,56,34,200,410.00,"82,000.00"
2020-08-16,2020081601020776,NMB,17,58,357,410.00,"146,370.00"
2020-08-16,2020081601020773,NMB,17,11,397,410.00,"162,770.00"
2020-08-16,2020081601020772,NMB,51,11,30,411.00,"12,330.00"
2020-08-16,2020081601020771,NMB,40,11,73,411.00,"30,003.00"
2020-08-16,2020081601020769,NMB,56,13,100,412.00,"41,200.00"
2020-08-16,2020081601020768,NMB,11,13,200,412.00,"82,400.00"
2020-08-16,2020081601020782,NMB,36,58,300,410.00,"123,000.00"
2020-08-16,2020081601020781,NMB,34,58,10,410.00,"4,100.00"
2020-08-16,2020081601020780,NMB,53,58,50,410.00,"20,500.00"
2020-08-16,2020081601020779,NMB,56,58,200,410.00,"82,000.00"
2020-08-16,2020081601020778,NMB,17,58,200,410.00,"82,000.00"
2020-08-16,2020081601020777,NMB,53,58,250,410.00,"102,500.00"
2020-08-16,2020081601020788,NMB,49,58,50,410.00,"20,500.00"
2020-08-16,2020081601020787,NMB,26,58,500,410.00,"205,000.00"
2020-08-16,2020081601020786,NMB,41,58,100,410.00,"41,000.00"
2020-08-16,2020081601020785,NMB,44,58,"2,000",410.00,"820,000.00"
2020-08-16,2020081601020784,NMB,6,58,400,410.00,"164,000.00"
2020-08-16,2020081601020783,NMB,45,58,30,410.00,"12,300.00"
2020-08-16,2020081601020857,NMB,59,19,100,409.00,"40,900.00"
2020-08-16,2020081601020855,NMB,53,34,100,410.00,"41,000.00"
2020-08-16,2020081601020826,NMB,13,34,400,410.00,"164,000.00"
2020-08-16,2020081601020814,NMB,45,34,47,410.00,"19,270.00"
2020-08-16,2020081601020790,NMB,45,58,53,410.00,"21,730.00"
2020-08-16,2020081601020789,NMB,58,58,500,410.00,"205,000.00"
2020-08-16,2020081601020947,NMBHF1,49,42,"2,000",10.00,"20,000.00"
2020-08-16,2020081601020946,NMBHF1,49,4,"73,338",10.00,"733,380.00"
2020-08-16,2020081601020965,NMFBS,21,39,10,"1,528.00","15,280.00"
2020-08-16,2020081601020917,NMFBS,25,49,20,"1,523.00","30,460.00"
2020-08-16,2020081601020724,NMFBS,49,39,10,"1,528.00","15,280.00"
2020-08-16,2020081601021093,NRIC,44,42,40,575.00,"23,000.00"
2020-08-16,2020081601021075,NRIC,56,52,100,575.00,"57,500.00"
2020-08-16,2020081601021067,NRIC,6,17,100,574.00,"57,400.00"
2020-08-16,2020081601021062,NRIC,6,33,10,574.00,"5,740.00"
2020-08-16,2020081601021019,NRIC,6,38,40,574.00,"22,960.00"
2020-08-16,2020081601020963,NRIC,6,21,20,574.00,"11,480.00"
2020-08-16,2020081601020638,NRIC,28,26,40,574.00,"22,960.00"
2020-08-16,2020081601020734,NRIC,28,51,40,574.00,"22,960.00"
2020-08-16,2020081601020718,NRIC,28,13,40,574.00,"22,960.00"
2020-08-16,2020081601020701,NRIC,16,45,300,575.00,"172,500.00"
2020-08-16,2020081601020690,NRIC,40,45,20,575.00,"11,500.00"
2020-08-16,2020081601020685,NRIC,28,41,40,574.00,"22,960.00"
2020-08-16,2020081601020674,NRIC,32,45,200,575.00,"115,000.00"
2020-08-16,2020081601020832,NRIC,28,26,50,574.00,"28,700.00"
2020-08-16,2020081601020796,NRIC,28,40,40,574.00,"22,960.00"
2020-08-16,2020081601020770,NRIC,51,45,50,575.00,"28,750.00"
2020-08-16,2020081601020744,NRIC,28,54,450,574.00,"258,300.00"
2020-08-16,2020081601020739,NRIC,41,45,50,575.00,"28,750.00"
2020-08-16,2020081601020735,NRIC,28,45,50,574.00,"28,700.00"
2020-08-16,2020081601020870,NRIC,5,47,80,574.00,"45,920.00"
2020-08-16,2020081601020868,NRIC,5,57,20,574.00,"11,480.00"
2020-08-16,2020081601020867,NRIC,39,57,480,574.00,"275,520.00"
2020-08-16,2020081601020846,NRIC,39,14,20,574.00,"11,480.00"
2020-08-16,2020081601020845,NRIC,6,14,10,574.00,"5,740.00"
2020-08-16,2020081601020844,NRIC,28,14,10,574.00,"5,740.00"
2020-08-16,2020081601020948,NRIC,50,45,93,575.00,"53,475.00"
2020-08-16,2020081601020930,NRIC,17,45,40,575.00,"23,000.00"
2020-08-16,2020081601020905,NRIC,52,41,40,574.00,"22,960.00"
2020-08-16,2020081601020885,NRIC,52,38,40,574.00,"22,960.00"
2020-08-16,2020081601020872,NRIC,52,47,400,574.00,"229,600.00"
2020-08-16,2020081601020871,NRIC,48,47,20,574.00,"11,480.00"
2020-08-16,2020081601020962,NRIC,52,21,20,574.00,"11,480.00"
2020-08-16,2020081601020953,NRIC,21,52,100,575.00,"57,500.00"
2020-08-16,2020081601020952,NRIC,50,52,257,575.00,"147,775.00"
2020-08-16,2020081601020951,NRIC,50,11,40,575.00,"23,000.00"
2020-08-16,2020081601020950,NRIC,50,14,90,575.00,"51,750.00"
2020-08-16,2020081601020949,NRIC,50,42,20,575.00,"11,500.00"
2020-08-16,2020081601020815,NSEWA,8,13,10,686.00,"6,860.00"
2020-08-16,2020081601020653,NSEWA,8,20,10,686.00,"6,860.00"
2020-08-16,2020081601020969,NTC,22,28,206,665.00,"136,990.00"
2020-08-16,2020081601020968,NTC,22,49,66,665.00,"43,890.00"
2020-08-16,2020081601020967,NTC,22,53,20,665.00,"13,300.00"
2020-08-16,2020081601020966,NTC,22,28,48,665.00,"31,920.00"
2020-08-16,2020081601021100,OHL,38,18,34,339.00,"11,526.00"
2020-08-16,2020081601021004,PCBL,35,25,"1,000",271.00,"271,000.00"
2020-08-16,2020081601020919,PCBL,25,25,100,271.00,"27,100.00"
2020-08-16,2020081601020873,PCBL,29,25,"1,000",271.00,"271,000.00"
2020-08-16,2020081601020760,PCBL,58,39,50,270.00,"13,500.00"
2020-08-16,2020081601020670,PCBL,58,45,73,270.00,"19,710.00"
2020-08-16,2020081601020669,PCBL,58,45,127,270.00,"34,290.00"
2020-08-16,2020081601020621,PCBL,48,34,100,270.00,"27,000.00"
2020-08-16,2020081601020620,PCBL,22,34,50,270.00,"13,500.00"
2020-08-16,2020081601020619,PCBL,22,34,150,270.00,"40,500.00"
2020-08-16,2020081601020618,PCBL,38,34,200,270.00,"54,000.00"
2020-08-16,2020081601020617,PCBL,44,34,200,270.00,"54,000.00"
2020-08-16,2020081601020627,PCBL,38,34,100,270.00,"27,000.00"
2020-08-16,2020081601020626,PCBL,6,34,20,270.00,"5,400.00"
2020-08-16,2020081601020625,PCBL,59,34,"1,000",270.00,"270,000.00"
2020-08-16,2020081601020624,PCBL,41,34,16,270.00,"4,320.00"
2020-08-16,2020081601020623,PCBL,52,34,224,270.00,"60,480.00"
2020-08-16,2020081601020622,PCBL,49,34,750,270.00,"202,500.00"
2020-08-16,2020081601020633,PCBL,58,34,873,270.00,"235,710.00"
2020-08-16,2020081601020632,PCBL,46,34,50,270.00,"13,500.00"
2020-08-16,2020081601020631,PCBL,40,34,89,270.00,"24,030.00"
2020-08-16,2020081601020630,PCBL,25,34,"1,000",270.00,"270,000.00"
2020-08-16,2020081601020629,PCBL,50,34,"1,000",270.00,"270,000.00"
2020-08-16,2020081601020628,PCBL,43,34,"1,000",270.00,"270,000.00"
2020-08-16,2020081601021086,PIC,47,56,312,628.00,"195,936.00"
2020-08-16,2020081601021085,PIC,7,56,60,629.00,"37,740.00"
2020-08-16,2020081601021084,PIC,6,56,11,629.00,"6,919.00"
2020-08-16,2020081601021083,PIC,47,56,17,630.00,"10,710.00"
2020-08-16,2020081601021048,PIC,57,33,160,632.00,"101,120.00"
2020-08-16,2020081601021047,PIC,57,42,40,632.00,"25,280.00"
2020-08-16,2020081601020816,PIC,10,33,200,631.00,"126,200.00"
2020-08-16,2020081601020717,PIC,47,45,50,630.00,"31,500.00"
2020-08-16,2020081601020666,PLIC,50,35,25,535.00,"13,375.00"
2020-08-16,2020081601021107,PMHPL,45,13,10,72.00,720.00
2020-08-16,2020081601021041,PRVU,50,34,24,226.00,"5,424.00"
2020-08-16,2020081601020937,PRVU,8,32,102,225.00,"22,950.00"
2020-08-16,2020081601020936,PRVU,14,32,100,225.00,"22,500.00"
2020-08-16,2020081601020935,PRVU,14,32,100,225.00,"22,500.00"
2020-08-16,2020081601020934,PRVU,17,32,111,225.00,"24,975.00"
2020-08-16,2020081601020933,PRVU,42,32,87,225.00,"19,575.00"
2020-08-16,2020081601020725,PRVU,42,39,50,225.00,"11,250.00"
2020-08-16,2020081601020907,RADHI,33,13,12,169.00,"2,028.00"
2020-08-16,2020081601020692,RHPC,45,45,87,84.00,"7,308.00"
2020-08-16,2020081601020691,RHPC,45,10,13,84.00,"1,092.00"
2020-08-16,2020081601020817,RHPL,6,35,30,147.00,"4,410.00"
2020-08-16,2020081601021007,RRHP,41,42,10,91.00,910.00
2020-08-16,2020081601020941,SADBL,28,4,10,144.00,"1,440.00"
2020-08-16,2020081601020938,SADBL,41,39,50,142.00,"7,100.00"
2020-08-16,2020081601020838,SADBL,41,26,225,142.00,"31,950.00"
2020-08-16,2020081601020837,SADBL,32,26,25,142.00,"3,550.00"
2020-08-16,2020081601020836,SADBL,42,26,180,142.00,"25,560.00"
2020-08-16,2020081601020835,SADBL,28,26,70,142.00,"9,940.00"
2020-08-16,2020081601020761,SADBL,28,26,500,142.00,"71,000.00"
2020-08-16,2020081601020704,SADBL,28,39,50,142.00,"7,100.00"
2020-08-16,2020081601021015,SANIMA,42,32,100,338.00,"33,800.00"
2020-08-16,2020081601021005,SANIMA,1,32,100,338.00,"33,800.00"
2020-08-16,2020081601020943,SANIMA,1,32,200,338.00,"67,600.00"
2020-08-16,2020081601020859,SANIMA,47,34,143,337.00,"48,191.00"
2020-08-16,2020081601020819,SANIMA,47,19,80,337.00,"26,960.00"
2020-08-16,2020081601020818,SANIMA,52,19,20,337.00,"6,740.00"
2020-08-16,2020081601020740,SANIMA,34,22,192,337.00,"64,704.00"
2020-08-16,2020081601020656,SAPDBL,55,7,34,117.00,"3,978.00"
2020-08-16,2020081601020866,SBI,26,34,50,415.00,"20,750.00"
2020-08-16,2020081601020833,SBI,48,34,50,415.00,"20,750.00"
2020-08-16,2020081601020798,SBI,33,34,50,415.00,"20,750.00"
2020-08-16,2020081601020665,SBI,16,34,150,415.00,"62,250.00"
2020-08-16,2020081601020710,SBL,17,57,100,294.00,"29,400.00"
2020-08-16,2020081601020709,SBL,17,28,"1,050",294.00,"308,700.00"
2020-08-16,2020081601020708,SBL,17,36,25,293.00,"7,325.00"
2020-08-16,2020081601020707,SBL,17,57,100,293.00,"29,300.00"
2020-08-16,2020081601020706,SBL,17,48,20,293.00,"5,860.00"
2020-08-16,2020081601020705,SBL,17,38,60,293.00,"17,580.00"
2020-08-16,2020081601021010,SCB,1,45,60,641.00,"38,460.00"
2020-08-16,2020081601020830,SCB,42,45,40,641.00,"25,640.00"
2020-08-16,2020081601020663,SCB,14,11,200,640.00,"128,000.00"
2020-08-16,2020081601021071,SHINE,16,45,50,231.00,"11,550.00"
2020-08-16,2020081601020699,SHIVM,34,10,10,571.00,"5,710.00"
2020-08-16,2020081601020824,SHL,28,17,821,156.00,"128,076.00"
2020-08-16,2020081601020823,SHL,28,17,420,156.00,"65,520.00"
2020-08-16,2020081601020993,SHPC,47,14,"2,000",228.00,"456,000.00"
2020-08-16,2020081601020992,SHPC,33,14,273,228.00,"62,244.00"
2020-08-16,2020081601020860,SHPC,33,55,200,228.00,"45,600.00"
2020-08-16,2020081601020801,SHPC,33,25,27,228.00,"6,156.00"
2020-08-16,2020081601020800,SHPC,6,25,50,228.00,"11,400.00"
2020-08-16,2020081601020799,SHPC,58,25,323,228.00,"73,644.00"
2020-08-16,2020081601020988,SIC,16,56,470,739.00,"347,330.00"
2020-08-16,2020081601020987,SIC,45,56,200,740.00,"148,000.00"
2020-08-16,2020081601020675,SIC,37,10,500,740.00,"370,000.00"
2020-08-16,2020081601020659,SIC,14,10,200,740.00,"148,000.00"
2020-08-16,2020081601020646,SIC,37,10,500,740.00,"370,000.00"
2020-08-16,2020081601020927,SICL,44,58,122,"1,215.00","148,230.00"
2020-08-16,2020081601020899,SICL,46,10,80,"1,217.00","97,360.00"
2020-08-16,2020081601020882,SICL,45,38,100,"1,216.00","121,600.00"
2020-08-16,2020081601021089,SIL,44,32,72,607.00,"43,704.00"
2020-08-16,2020081601020810,SIL,35,49,448,598.00,"267,904.00"
2020-08-16,2020081601020809,SIL,45,49,500,599.00,"299,500.00"
2020-08-16,2020081601020808,SIL,3,49,200,600.00,"120,000.00"
2020-08-16,2020081601020719,SJCL,1,7,10,132.00,"1,320.00"
2020-08-16,2020081601020645,SJCL,1,44,20,132.00,"2,640.00"
2020-08-16,2020081601021092,SLBS,52,44,100,898.00,"89,800.00"
2020-08-16,2020081601021091,SLBS,50,44,126,899.00,"113,274.00"
2020-08-16,2020081601021001,SLBS,50,41,24,899.00,"21,576.00"
2020-08-16,2020081601021095,SLBSL,44,4,50,771.00,"38,550.00"
2020-08-16,2020081601020804,SLBSL,44,45,10,771.00,"7,710.00"
2020-08-16,2020081601020849,SLICL,45,38,231,450.00,"103,950.00"
2020-08-16,2020081601020848,SLICL,49,38,69,450.00,"31,050.00"
2020-08-16,2020081601020738,SLICL,19,34,50,451.00,"22,550.00"
2020-08-16,2020081601020737,SLICL,19,16,300,451.00,"135,300.00"
2020-08-16,2020081601020736,SLICL,19,51,30,451.00,"13,530.00"
2020-08-16,2020081601020986,SPDL,45,34,"2,412",106.00,"255,672.00"
2020-08-16,2020081601020985,SPDL,54,34,70,106.00,"7,420.00"
2020-08-16,2020081601020984,SPDL,19,34,"1,000",106.00,"106,000.00"
2020-08-16,2020081601020983,SPDL,29,34,200,106.00,"21,200.00"
2020-08-16,2020081601020982,SPDL,39,34,100,106.00,"10,600.00"
2020-08-16,2020081601020981,SPDL,35,34,"1,218",106.00,"129,108.00"
2020-08-16,2020081601020639,SPDL,35,51,50,106.00,"5,300.00"
2020-08-16,2020081601021057,SRBL,34,29,500,225.00,"112,500.00"
2020-08-16,2020081601020904,SRBL,26,21,72,224.00,"16,128.00"
2020-08-16,2020081601020903,SRBL,38,21,221,224.00,"49,504.00"
2020-08-16,2020081601020898,SRBL,38,32,279,224.00,"62,496.00"
2020-08-16,2020081601020897,SRBL,56,32,100,224.00,"22,400.00"
2020-08-16,2020081601020687,SRBL,48,29,10,225.00,"2,250.00"
2020-08-16,2020081601021061,STC,28,17,171,"2,703.00","462,213.00"
2020-08-16,2020081601021060,STC,28,39,49,"2,695.00","132,055.00"
2020-08-16,2020081601021059,STC,28,39,20,"2,694.00","53,880.00"
2020-08-16,2020081601021058,STC,28,22,60,"2,670.00","160,200.00"
2020-08-16,2020081601020829,UIC,21,14,100,397.00,"39,700.00"
2020-08-16,2020081601020641,UIC,10,14,120,397.00,"47,640.00"
2020-08-16,2020081601020932,UPPER,58,21,40,221.00,"8,840.00"
2020-08-16,2020081601020865,UPPER,49,42,150,222.00,"33,300.00"
2020-08-16,2020081601020864,UPPER,41,42,100,222.00,"22,200.00"
2020-08-16,2020081601020660,WOMI,44,42,50,864.00,"43,200.00"
2020-08-16,2020081601020512,ACLBSL,45,20,20,699.00,"13,980.00"
2020-08-16,2020081601020307,ACLBSL,45,21,20,699.00,"13,980.00"
2020-08-16,2020081601020258,ACLBSL,45,13,10,699.00,"6,990.00"
2020-08-16,2020081601020235,ACLBSL,45,21,10,699.00,"6,990.00"
2020-08-16,2020081601020554,ADBL,26,48,82,411.00,"33,702.00"
2020-08-16,2020081601020553,ADBL,57,48,78,411.00,"32,058.00"
2020-08-16,2020081601020552,ADBL,6,48,10,411.00,"4,110.00"
2020-08-16,2020081601020350,ADBL,49,13,70,412.00,"28,840.00"
2020-08-16,2020081601020349,ADBL,14,13,891,412.00,"367,092.00"
2020-08-16,2020081601020275,ADBL,36,42,179,413.00,"73,927.00"
2020-08-16,2020081601020255,ADBL,36,32,78,413.00,"32,214.00"
2020-08-16,2020081601020588,AIL,48,28,10,490.00,"4,900.00"
2020-08-16,2020081601020559,AIL,49,55,10,491.00,"4,910.00"
2020-08-16,2020081601020530,AIL,39,34,10,491.00,"4,910.00"
2020-08-16,2020081601020489,AIL,48,55,10,490.00,"4,900.00"
2020-08-16,2020081601020475,AIL,19,21,10,490.00,"4,900.00"
2020-08-16,2020081601020443,AIL,19,58,10,490.00,"4,900.00"
2020-08-16,2020081601020150,AIL,51,26,10,490.00,"4,900.00"
2020-08-16,2020081601020117,AIL,51,28,10,490.00,"4,900.00"
2020-08-16,2020081601020115,AIL,51,21,10,490.00,"4,900.00"
2020-08-16,2020081601020196,AIL,51,42,10,490.00,"4,900.00"
2020-08-16,2020081601020188,AIL,51,28,10,490.00,"4,900.00"
2020-08-16,2020081601020185,AIL,51,5,10,490.00,"4,900.00"
2020-08-16,2020081601020178,AIL,51,55,10,490.00,"4,900.00"
2020-08-16,2020081601020153,AIL,51,48,10,490.00,"4,900.00"
2020-08-16,2020081601020152,AIL,51,42,10,490.00,"4,900.00"
2020-08-16,2020081601020218,AIL,6,26,50,490.00,"24,500.00"
2020-08-16,2020081601020217,AIL,56,26,200,490.00,"98,000.00"
2020-08-16,2020081601020216,AIL,57,26,100,490.00,"49,000.00"
2020-08-16,2020081601020215,AIL,57,26,50,490.00,"24,500.00"
2020-08-16,2020081601020214,AIL,21,26,200,490.00,"98,000.00"
2020-08-16,2020081601020213,AIL,51,26,110,490.00,"53,900.00"
2020-08-16,2020081601020254,AIL,19,55,10,490.00,"4,900.00"
2020-08-16,2020081601020253,AIL,42,37,10,490.00,"4,900.00"
2020-08-16,2020081601020233,AIL,42,42,10,490.00,"4,900.00"
2020-08-16,2020081601020228,AIL,42,17,40,490.00,"19,600.00"
2020-08-16,2020081601020220,AIL,42,26,127,490.00,"62,230.00"
2020-08-16,2020081601020219,AIL,1,26,20,490.00,"9,800.00"
2020-08-16,2020081601020294,AIL,6,25,50,491.00,"24,550.00"
2020-08-16,2020081601020291,AIL,5,58,100,491.00,"49,100.00"
2020-08-16,2020081601020290,AIL,5,51,10,491.00,"4,910.00"
2020-08-16,2020081601020289,AIL,5,42,10,491.00,"4,910.00"
2020-08-16,2020081601020277,AIL,19,42,10,490.00,"4,900.00"
2020-08-16,2020081601020256,AIL,19,42,10,490.00,"4,900.00"
2020-08-16,2020081601020326,AIL,19,13,10,490.00,"4,900.00"
2020-08-16,2020081601020324,AIL,19,21,10,490.00,"4,900.00"
2020-08-16,2020081601020316,AIL,19,26,30,490.00,"14,700.00"
2020-08-16,2020081601020315,AIL,6,26,50,491.00,"24,550.00"
2020-08-16,2020081601020314,AIL,6,58,10,491.00,"4,910.00"
2020-08-16,2020081601020309,AIL,6,42,10,491.00,"4,910.00"
2020-08-16,2020081601020411,AIL,50,26,10,491.00,"4,910.00"
2020-08-16,2020081601020393,AIL,50,48,10,491.00,"4,910.00"
2020-08-16,2020081601020384,AIL,50,58,10,491.00,"4,910.00"
2020-08-16,2020081601020371,AIL,50,58,10,491.00,"4,910.00"
2020-08-16,2020081601020335,AIL,53,55,10,491.00,"4,910.00"
2020-08-16,2020081601020329,AIL,53,28,10,491.00,"4,910.00"
2020-08-16,2020081601020297,AKPL,14,40,"1,500",113.00,"169,500.00"
2020-08-16,2020081601020584,ALBSL,34,25,100,644.00,"64,400.00"
2020-08-16,2020081601020583,ALBSL,52,25,50,644.00,"32,200.00"
2020-08-16,2020081601020582,ALBSL,52,25,50,644.00,"32,200.00"
2020-08-16,2020081601020450,ALBSL,48,45,50,647.00,"32,350.00"
2020-08-16,2020081601020395,ALBSL,52,13,11,645.00,"7,095.00"
2020-08-16,2020081601020260,ALICL,28,10,33,620.00,"20,460.00"
2020-08-16,2020081601020604,API,46,58,340,110.00,"37,400.00"
2020-08-16,2020081601020529,API,48,58,200,110.00,"22,000.00"
2020-08-16,2020081601020488,BFC,43,10,110,100.00,"11,000.00"
2020-08-16,2020081601020367,BOKL,44,11,100,225.00,"22,500.00"
2020-08-16,2020081601020167,BOKL,44,7,250,225.00,"56,250.00"
2020-08-16,2020081601020505,BPCL,26,26,1,360.00,360.00
2020-08-16,2020081601020327,BPCL,26,26,1,360.00,360.00
2020-08-16,2020081601020161,BPCL,13,39,64,360.00,"23,040.00"
2020-08-16,2020081601020311,CBBL,32,38,18,"1,019.00","18,342.00"
2020-08-16,2020081601020310,CBBL,56,38,50,"1,021.00","51,050.00"
2020-08-16,2020081601020176,CBL,44,46,452,143.00,"64,636.00"
2020-08-16,2020081601020114,CBL,58,13,"1,050",144.00,"151,200.00"
2020-08-16,2020081601020596,CCBL,36,51,25,174.00,"4,350.00"
2020-08-16,2020081601020144,CCBL,35,34,64,175.00,"11,200.00"
2020-08-16,2020081601020143,CCBL,35,45,29,175.00,"5,075.00"
2020-08-16,2020081601020142,CCBL,35,11,40,174.00,"6,960.00"
2020-08-16,2020081601020306,CFCL,13,42,17,121.00,"2,057.00"
2020-08-16,2020081601020486,CHCL,49,25,300,387.00,"116,100.00"
2020-08-16,2020081601020485,CHCL,49,43,790,387.00,"305,730.00"
2020-08-16,2020081601020252,CHCL,49,43,350,387.00,"135,450.00"
2020-08-16,2020081601020239,CHL,34,45,390,89.00,"34,710.00"
2020-08-16,2020081601020148,CHL,34,34,600,89.00,"53,400.00"
2020-08-16,2020081601020449,CIT,43,7,50,"2,582.00","129,100.00"
2020-08-16,2020081601020151,CIT,43,51,79,"2,582.00","203,978.00"
2020-08-16,2020081601020560,CORBL,21,59,100,114.00,"11,400.00"
2020-08-16,2020081601020473,CZBIL,34,36,399,194.00,"77,406.00"
2020-08-16,2020081601020472,CZBIL,57,36,200,194.00,"38,800.00"
2020-08-16,2020081601020471,CZBIL,38,36,401,194.00,"77,794.00"
2020-08-16,2020081601020221,CZBIL,38,52,559,194.00,"108,446.00"
2020-08-16,2020081601020538,DDBL,26,1,50,817.00,"40,850.00"
2020-08-16,2020081601020348,EBL,40,46,332,710.00,"235,720.00"
2020-08-16,2020081601020347,EBL,36,46,20,710.00,"14,200.00"
2020-08-16,2020081601020346,EBL,58,46,50,710.00,"35,500.00"
2020-08-16,2020081601020345,EBL,18,46,50,711.00,"35,550.00"
2020-08-16,2020081601020344,EBL,44,46,39,711.00,"27,729.00"
2020-08-16,2020081601020343,EBL,33,46,100,711.00,"71,100.00"
2020-08-16,2020081601020342,EBL,53,46,150,711.00,"106,650.00"
2020-08-16,2020081601020341,EBL,44,46,50,711.00,"35,550.00"
2020-08-16,2020081601020340,EBL,45,46,200,711.00,"142,200.00"
2020-08-16,2020081601020339,EBL,57,46,80,711.00,"56,880.00"
2020-08-16,2020081601020508,EIC,46,52,150,432.00,"64,800.00"
2020-08-16,2020081601020195,EIC,56,52,200,432.00,"86,400.00"
2020-08-16,2020081601020263,FMDBL,45,5,17,515.00,"8,755.00"
2020-08-16,2020081601020537,FOWAD,59,19,50,"1,501.00","75,050.00"
2020-08-16,2020081601020531,GBBL,26,56,20,234.00,"4,680.00"
2020-08-16,2020081601020603,GBIME,10,29,100,252.00,"25,200.00"
2020-08-16,2020081601020528,GBIME,47,29,200,252.00,"50,400.00"
2020-08-16,2020081601020476,GBIME,38,29,50,252.00,"12,600.00"
2020-08-16,2020081601020460,GBIME,43,29,200,252.00,"50,400.00"
2020-08-16,2020081601020390,GBIME,7,51,124,251.00,"31,124.00"
2020-08-16,2020081601020333,GBIME,28,1,200,252.00,"50,400.00"
2020-08-16,2020081601020332,GBIME,28,45,200,252.00,"50,400.00"
2020-08-16,2020081601020331,GBIME,28,26,200,252.00,"50,400.00"
2020-08-16,2020081601020330,GBIME,28,26,392,252.00,"98,784.00"
2020-08-16,2020081601020300,GBIME,28,26,"1,000",252.00,"252,000.00"
2020-08-16,2020081601020589,GBLBS,1,35,350,461.00,"161,350.00"
2020-08-16,2020081601020377,GBLBS,1,7,589,461.00,"271,529.00"
2020-08-16,2020081601020376,GBLBS,44,7,200,461.00,"92,200.00"
2020-08-16,2020081601020375,GBLBS,56,7,200,461.00,"92,200.00"
2020-08-16,2020081601020374,GBLBS,26,7,150,461.00,"69,150.00"
2020-08-16,2020081601020373,GBLBS,45,7,61,461.00,"28,121.00"
2020-08-16,2020081601020278,GBLBS,45,8,10,461.00,"4,610.00"
2020-08-16,2020081601020276,GHL,39,42,20,56.00,"1,120.00"
2020-08-16,2020081601020160,GLBSL,17,46,20,770.00,"15,400.00"
2020-08-16,2020081601020159,GLBSL,54,46,20,770.00,"15,400.00"
2020-08-16,2020081601020158,GLBSL,19,46,30,770.00,"23,100.00"
2020-08-16,2020081601020157,GLBSL,37,46,100,770.00,"77,000.00"
2020-08-16,2020081601020156,GLBSL,52,46,50,773.00,"38,650.00"
2020-08-16,2020081601020155,GLBSL,43,46,50,773.00,"38,650.00"
2020-08-16,2020081601020154,GLBSL,49,46,30,774.00,"23,220.00"
2020-08-16,2020081601020183,GLICL,55,38,120,467.00,"56,040.00"
2020-08-16,2020081601020456,GRDBL,44,32,13,111.00,"1,443.00"
2020-08-16,2020081601020455,GRDBL,34,32,500,111.00,"55,500.00"
2020-08-16,2020081601020454,GRDBL,1,32,200,111.00,"22,200.00"
2020-08-16,2020081601020453,GRDBL,34,32,87,111.00,"9,657.00"
2020-08-16,2020081601020452,GRDBL,22,32,150,111.00,"16,650.00"
2020-08-16,2020081601020355,GRDBL,1,35,70,112.00,"7,840.00"
2020-08-16,2020081601020359,HDL,44,58,20,"1,645.00","32,900.00"
2020-08-16,2020081601020308,HDL,44,58,25,"1,645.00","41,125.00"
2020-08-16,2020081601020299,HDL,44,53,25,"1,645.00","41,125.00"
2020-08-16,2020081601020194,HDL,6,53,25,"1,645.00","41,125.00"
2020-08-16,2020081601020391,HGI,22,34,10,415.00,"4,150.00"
2020-08-16,2020081601020322,HPPL,45,8,20,135.00,"2,700.00"
2020-08-16,2020081601020467,IGI,45,49,142,463.00,"65,746.00"
2020-08-16,2020081601020466,IGI,44,49,100,463.00,"46,300.00"
2020-08-16,2020081601020189,IGI,49,7,"1,000",464.00,"464,000.00"
2020-08-16,2020081601020602,ILBS,45,21,11,710.00,"7,810.00"
2020-08-16,2020081601020392,JBBL,49,14,11,169.00,"1,859.00"
2020-08-16,2020081601020351,JBBL,58,38,249,168.00,"41,832.00"
2020-08-16,2020081601020251,JBBL,37,14,100,169.00,"16,900.00"
2020-08-16,2020081601020250,JBBL,58,14,100,169.00,"16,900.00"
2020-08-16,2020081601020249,JBBL,37,14,200,169.00,"33,800.00"
2020-08-16,2020081601020248,JBBL,35,14,469,169.00,"79,261.00"
2020-08-16,2020081601020404,JFL,6,34,354,162.00,"57,348.00"
2020-08-16,2020081601020403,JFL,6,56,46,162.00,"7,452.00"
2020-08-16,2020081601020383,JOSHI,45,42,10,58.00,580.00
2020-08-16,2020081601020382,JOSHI,26,42,10,58.00,580.00
2020-08-16,2020081601020211,JSLBB,32,38,16,"1,351.00","21,616.00"
2020-08-16,2020081601020558,KBL,1,43,800,184.00,"147,200.00"
2020-08-16,2020081601020425,KBL,38,43,200,184.00,"36,800.00"
2020-08-16,2020081601020424,KBL,38,38,100,184.00,"18,400.00"
2020-08-16,2020081601020292,KBL,10,41,69,183.00,"12,627.00"
2020-08-16,2020081601020259,KBL,45,41,50,183.00,"9,150.00"
2020-08-16,2020081601020257,KBL,26,26,5,183.00,915.00
2020-08-16,2020081601020232,KBL,58,41,100,183.00,"18,300.00"
2020-08-16,2020081601020231,KBL,35,41,300,183.00,"54,900.00"
2020-08-16,2020081601020230,KBL,14,41,100,183.00,"18,300.00"
2020-08-16,2020081601020229,KBL,38,41,281,183.00,"51,423.00"
2020-08-16,2020081601020487,KMCDB,25,13,10,728.00,"7,280.00"
2020-08-16,2020081601020420,KMCDB,25,28,10,728.00,"7,280.00"
2020-08-16,2020081601020378,KMCDB,25,28,10,728.00,"7,280.00"
2020-08-16,2020081601020585,KPCL,52,13,10,104.00,"1,040.00"
2020-08-16,2020081601020165,KPCL,35,55,30,105.00,"3,150.00"
2020-08-16,2020081601020609,KSBBL,50,19,600,145.00,"87,000.00"
2020-08-16,2020081601020566,KSBBL,28,38,70,144.00,"10,080.00"
2020-08-16,2020081601020490,KSBBL,28,34,400,144.00,"57,600.00"
2020-08-16,2020081601020458,KSBBL,28,59,"3,408",144.00,"490,752.00"
2020-08-16,2020081601020457,KSBBL,6,59,592,144.00,"85,248.00"
2020-08-16,2020081601020448,KSBBL,6,19,100,145.00,"14,500.00"
2020-08-16,2020081601020173,KSBBL,6,10,308,144.00,"44,352.00"
2020-08-16,2020081601020541,LBBL,43,5,35,182.00,"6,370.00"
2020-08-16,2020081601020540,LBBL,56,5,20,182.00,"3,640.00"
2020-08-16,2020081601020539,LBBL,4,5,195,182.00,"35,490.00"
2020-08-16,2020081601020279,LBBL,4,1,50,182.00,"9,100.00"
2020-08-16,2020081601020162,LBL,14,38,150,225.00,"33,750.00"
2020-08-16,2020081601020146,LBL,14,53,300,225.00,"67,500.00"
2020-08-16,2020081601020145,LBL,45,53,200,225.00,"45,000.00"
2020-08-16,2020081601020479,LGIL,45,34,10,453.00,"4,530.00"
2020-08-16,2020081601020536,LICN,50,16,200,"1,446.00","289,200.00"
2020-08-16,2020081601020535,LICN,50,16,300,"1,445.00","433,500.00"
2020-08-16,2020081601020402,LLBS,39,33,20,"1,080.00","21,600.00"
2020-08-16,2020081601020210,MBL,55,10,90,223.00,"20,070.00"
2020-08-16,2020081601020197,MBL,39,39,90,222.00,"19,980.00"
2020-08-16,2020081601020172,MBL,52,10,100,223.00,"22,300.00"
2020-08-16,2020081601020171,MBL,11,10,100,223.00,"22,300.00"
2020-08-16,2020081601020170,MBL,21,10,200,223.00,"44,600.00"
2020-08-16,2020081601020169,MBL,37,10,10,223.00,"2,230.00"
2020-08-16,2020081601020605,MEGA,58,45,65,217.00,"14,105.00"
2020-08-16,2020081601020551,MEGA,35,37,488,216.00,"105,408.00"
2020-08-16,2020081601020550,MEGA,4,37,100,216.00,"21,600.00"
2020-08-16,2020081601020549,MEGA,51,37,205,216.00,"44,280.00"
2020-08-16,2020081601020548,MEGA,14,37,150,216.00,"32,400.00"
2020-08-16,2020081601020417,MEGA,28,36,"2,000",217.00,"434,000.00"
2020-08-16,2020081601020416,MEGA,58,36,150,217.00,"32,550.00"
2020-08-16,2020081601020396,MEGA,58,3,50,217.00,"10,850.00"
2020-08-16,2020081601020212,MEGA,6,37,150,217.00,"32,550.00"
2020-08-16,2020081601020547,MEGA,36,37,100,216.00,"21,600.00"
2020-08-16,2020081601020546,MEGA,1,37,10,216.00,"2,160.00"
2020-08-16,2020081601020545,MEGA,39,37,947,216.00,"204,552.00"
2020-08-16,2020081601020509,MEGA,50,45,150,217.00,"32,550.00"
2020-08-16,2020081601020451,MEGA,50,36,50,217.00,"10,850.00"
2020-08-16,2020081601020388,MLBBL,57,14,100,730.00,"73,000.00"
2020-08-16,2020081601020387,MLBBL,42,14,50,731.00,"36,550.00"
2020-08-16,2020081601020386,MLBBL,22,14,10,731.00,"7,310.00"
2020-08-16,2020081601020385,MLBBL,49,14,30,732.00,"21,960.00"
2020-08-16,2020081601020247,MLBL,58,33,15,189.00,"2,835.00"
2020-08-16,2020081601020561,MNBBL,22,59,500,318.00,"159,000.00"
2020-08-16,2020081601020515,MNBBL,22,45,120,318.00,"38,160.00"
2020-08-16,2020081601020514,MNBBL,22,45,175,318.00,"55,650.00"
2020-08-16,2020081601020446,MNBBL,32,45,100,318.00,"31,800.00"
2020-08-16,2020081601020295,MNBBL,1,45,25,318.00,"7,950.00"
2020-08-16,2020081601020184,MNBBL,1,29,25,318.00,"7,950.00"
2020-08-16,2020081601020599,NABIL,17,51,50,823.00,"41,150.00"
2020-08-16,2020081601020527,NABIL,36,50,92,823.00,"75,716.00"
2020-08-16,2020081601020410,NABIL,46,50,108,823.00,"88,884.00"
2020-08-16,2020081601020409,NABIL,46,16,42,823.00,"34,566.00"
2020-08-16,2020081601020358,NABIL,45,42,5,822.00,"4,110.00"
2020-08-16,2020081601020182,NABIL,46,46,225,821.00,"184,725.00"
2020-08-16,2020081601020181,NABIL,58,46,444,821.00,"364,524.00"
2020-08-16,2020081601020180,NABIL,43,46,649,822.00,"533,478.00"
2020-08-16,2020081601020139,NABIL,58,16,158,823.00,"130,034.00"
2020-08-16,2020081601020138,NABIL,58,13,42,823.00,"34,566.00"
2020-08-16,2020081601020199,NADEP,38,58,77,597.00,"45,969.00"
2020-08-16,2020081601020354,NBB,38,13,718,196.00,"140,728.00"
2020-08-16,2020081601020296,NBB,28,51,35,195.00,"6,825.00"
2020-08-16,2020081601020597,NBL,7,48,47,283.00,"13,301.00"
2020-08-16,2020081601020543,NBL,45,42,53,285.00,"15,105.00"
2020-08-16,2020081601020542,NBL,45,33,247,285.00,"70,395.00"
2020-08-16,2020081601020504,NBL,36,45,500,284.00,"142,000.00"
2020-08-16,2020081601020447,NBL,45,35,50,282.00,"14,100.00"
2020-08-16,2020081601020445,NBL,56,26,50,282.00,"14,100.00"
2020-08-16,2020081601020112,NBL,29,42,175,282.00,"49,350.00"
2020-08-16,2020081601020246,NBL,22,49,100,282.00,"28,200.00"
2020-08-16,2020081601020191,NBL,45,49,50,282.00,"14,100.00"
2020-08-16,2020081601020177,NBL,13,49,"1,000",282.00,"282,000.00"
2020-08-16,2020081601020141,NBL,13,51,185,281.00,"51,985.00"
2020-08-16,2020081601020140,NBL,58,51,15,281.00,"4,215.00"
2020-08-16,2020081601020113,NBL,29,49,825,282.00,"232,650.00"
2020-08-16,2020081601020427,NBL,53,41,"1,255",283.00,"355,165.00"
2020-08-16,2020081601020426,NBL,53,28,"1,599",283.00,"452,517.00"
2020-08-16,2020081601020380,NBL,25,45,30,282.00,"8,460.00"
2020-08-16,2020081601020318,NBL,25,51,100,282.00,"28,200.00"
2020-08-16,2020081601020317,NBL,25,49,825,282.00,"232,650.00"
2020-08-16,2020081601020284,NBL,25,49,200,282.00,"56,400.00"
2020-08-16,2020081601020444,NBL,25,26,45,282.00,"12,690.00"
2020-08-16,2020081601020432,NBL,53,16,500,284.00,"142,000.00"
2020-08-16,2020081601020431,NBL,53,11,200,284.00,"56,800.00"
2020-08-16,2020081601020430,NBL,53,14,200,284.00,"56,800.00"
2020-08-16,2020081601020429,NBL,53,44,50,284.00,"14,200.00"
2020-08-16,2020081601020428,NBL,53,46,200,284.00,"56,800.00"
2020-08-16,2020081601020557,NCCB,18,36,25,191.00,"4,775.00"
2020-08-16,2020081601020556,NCCB,18,40,200,191.00,"38,200.00"
2020-08-16,2020081601020555,NCCB,18,55,242,191.00,"46,222.00"
2020-08-16,2020081601020372,NCCB,33,55,"1,000",191.00,"191,000.00"
2020-08-16,2020081601020325,NCCB,44,1,299,190.00,"56,810.00"
2020-08-16,2020081601020121,NCCB,38,55,33,191.00,"6,303.00"
2020-08-16,2020081601020120,NCCB,38,33,967,191.00,"184,697.00"
2020-08-16,2020081601020607,NFS,51,45,20,160.00,"3,200.00"
2020-08-16,2020081601020478,NGPL,33,45,500,118.00,"59,000.00"
2020-08-16,2020081601020398,NHDL,22,8,10,128.00,"1,280.00"
2020-08-16,2020081601020192,NHDL,22,25,10,128.00,"1,280.00"
2020-08-16,2020081601020598,NIB,6,51,100,418.00,"41,800.00"
2020-08-16,2020081601020477,NIB,48,51,"1,000",418.00,"418,000.00"
2020-08-16,2020081601020469,NIB,44,3,18,417.00,"7,506.00"
2020-08-16,2020081601020412,NIB,44,33,151,417.00,"62,967.00"
2020-08-16,2020081601020379,NIB,36,51,10,418.00,"4,180.00"
2020-08-16,2020081601020357,NIB,35,51,50,418.00,"20,900.00"
2020-08-16,2020081601020288,NIB,44,58,31,417.00,"12,927.00"
2020-08-16,2020081601020287,NIB,59,58,74,417.00,"30,858.00"
2020-08-16,2020081601020266,NIB,46,51,350,418.00,"146,300.00"
2020-08-16,2020081601020193,NIB,59,45,25,417.00,"10,425.00"
2020-08-16,2020081601020147,NIB,36,51,10,418.00,"4,180.00"
2020-08-16,2020081601020459,NIBLPF,49,14,"8,810",8.35,"73,563.50"
2020-08-16,2020081601020595,NICA,33,34,300,565.00,"169,500.00"
2020-08-16,2020081601020465,NICA,38,34,100,565.00,"56,500.00"
2020-08-16,2020081601020464,NICA,56,34,49,565.00,"27,685.00"
2020-08-16,2020081601020401,NICA,56,11,78,565.00,"44,070.00"
2020-08-16,2020081601020400,NICA,56,44,73,565.00,"41,245.00"
2020-08-16,2020081601020366,NICA,46,44,500,565.00,"282,500.00"
2020-08-16,2020081601020168,NICA,35,44,150,565.00,"84,750.00"
2020-08-16,2020081601020116,NICA,56,44,100,565.00,"56,500.00"
2020-08-16,2020081601020365,NIL,37,36,100,625.00,"62,500.00"
2020-08-16,2020081601020364,NIL,38,36,100,625.00,"62,500.00"
2020-08-16,2020081601020363,NIL,58,36,400,625.00,"250,000.00"
2020-08-16,2020081601020362,NIL,49,36,100,625.00,"62,500.00"
2020-08-16,2020081601020361,NIL,6,36,191,625.00,"119,375.00"
2020-08-16,2020081601020360,NIL,49,36,100,626.00,"62,600.00"
2020-08-16,2020081601020565,NLBBL,51,45,200,680.00,"136,000.00"
2020-08-16,2020081601020381,NLIC,50,51,20,"1,330.00","26,600.00"
2020-08-16,2020081601020321,NLIC,59,1,134,"1,331.00","178,354.00"
2020-08-16,2020081601020305,NLIC,50,10,61,"1,330.00","81,130.00"
2020-08-16,2020081601020304,NLIC,10,10,50,"1,330.00","66,500.00"
2020-08-16,2020081601020303,NLIC,45,10,50,"1,330.00","66,500.00"
2020-08-16,2020081601020302,NLIC,58,10,43,"1,330.00","57,190.00"
2020-08-16,2020081601020301,NLIC,53,10,200,"1,330.00","266,000.00"
2020-08-16,2020081601020224,NLIC,37,1,100,"1,331.00","133,100.00"
2020-08-16,2020081601020223,NLIC,49,1,25,"1,331.00","33,275.00"
2020-08-16,2020081601020222,NLIC,14,1,13,"1,331.00","17,303.00"
2020-08-16,2020081601020175,NLICL,47,45,28,672.00,"18,816.00"
2020-08-16,2020081601020174,NLICL,47,58,12,672.00,"8,064.00"
2020-08-16,2020081601020149,NLICL,58,1,50,670.00,"33,500.00"
2020-08-16,2020081601020593,NMB,49,19,14,411.00,"5,754.00"
2020-08-16,2020081601020592,NMB,4,19,15,411.00,"6,165.00"
2020-08-16,2020081601020591,NMB,11,19,419,411.00,"172,209.00"
2020-08-16,2020081601020338,NMB,11,32,81,411.00,"33,291.00"
2020-08-16,2020081601020337,NMB,42,32,10,411.00,"4,110.00"
2020-08-16,2020081601020336,NMB,32,32,215,411.00,"88,365.00"
2020-08-16,2020081601020262,NMB,32,34,101,411.00,"41,511.00"
2020-08-16,2020081601020238,NMB,58,13,135,412.00,"55,620.00"
2020-08-16,2020081601020237,NMB,58,38,100,412.00,"41,200.00"
2020-08-16,2020081601020236,NMB,58,51,265,412.00,"109,180.00"
2020-08-16,2020081601020422,NMBHF1,7,4,"25,662",10.00,"256,620.00"
2020-08-16,2020081601020319,NMBHF1,7,48,"3,155",10.00,"31,550.00"
2020-08-16,2020081601020274,NMBHF1,7,48,"3,155",10.00,"31,550.00"
2020-08-16,2020081601020227,NMBHF1,7,48,"8,028",10.00,"80,280.00"
2020-08-16,2020081601020226,NMBHF1,7,48,"4,591",10.00,"45,910.00"
2020-08-16,2020081601020608,NRIC,28,49,40,574.00,"22,960.00"
2020-08-16,2020081601020601,NRIC,28,51,40,574.00,"22,960.00"
2020-08-16,2020081601020594,NRIC,42,45,20,575.00,"11,500.00"
2020-08-16,2020081601020590,NRIC,28,44,40,574.00,"22,960.00"
2020-08-16,2020081601020510,NRIC,28,41,40,574.00,"22,960.00"
2020-08-16,2020081601020442,NRIC,25,45,100,575.00,"57,500.00"
2020-08-16,2020081601020164,NRIC,6,13,40,575.00,"23,000.00"
2020-08-16,2020081601020282,NRIC,54,36,500,575.00,"287,500.00"
2020-08-16,2020081601020281,NRIC,57,36,"2,000",575.00,"1,150,000.00"
2020-08-16,2020081601020280,NRIC,6,36,20,575.00,"11,500.00"
2020-08-16,2020081601020225,NRIC,29,50,200,576.00,"115,200.00"
2020-08-16,2020081601020209,NRIC,6,52,500,575.00,"287,500.00"
2020-08-16,2020081601020179,NRIC,6,40,50,575.00,"28,750.00"
2020-08-16,2020081601020369,NRIC,33,49,400,575.00,"230,000.00"
2020-08-16,2020081601020368,NRIC,33,26,40,575.00,"23,000.00"
2020-08-16,2020081601020334,NRIC,33,41,40,575.00,"23,000.00"
2020-08-16,2020081601020323,NRIC,21,50,120,576.00,"69,120.00"
2020-08-16,2020081601020320,NRIC,33,8,40,575.00,"23,000.00"
2020-08-16,2020081601020283,NRIC,33,36,480,575.00,"276,000.00"
2020-08-16,2020081601020435,NRIC,33,45,50,575.00,"28,750.00"
2020-08-16,2020081601020434,NRIC,53,45,200,575.00,"115,000.00"
2020-08-16,2020081601020433,NRIC,35,45,210,575.00,"120,750.00"
2020-08-16,2020081601020421,NRIC,35,44,40,575.00,"23,000.00"
2020-08-16,2020081601020413,NRIC,35,39,250,575.00,"143,750.00"
2020-08-16,2020081601020408,NRIC,25,50,100,576.00,"57,600.00"
2020-08-16,2020081601020441,NRIC,6,45,10,575.00,"5,750.00"
2020-08-16,2020081601020440,NRIC,50,45,50,575.00,"28,750.00"
2020-08-16,2020081601020439,NRIC,36,45,100,575.00,"57,500.00"
2020-08-16,2020081601020438,NRIC,56,45,12,575.00,"6,900.00"
2020-08-16,2020081601020437,NRIC,6,45,10,575.00,"5,750.00"
2020-08-16,2020081601020436,NRIC,13,45,10,575.00,"5,750.00"
2020-08-16,2020081601020564,NTC,22,58,110,663.00,"72,930.00"
2020-08-16,2020081601020563,NTC,22,49,50,662.00,"33,100.00"
2020-08-16,2020081601020261,NTC,45,1,86,660.00,"56,760.00"
2020-08-16,2020081601020111,NTC,7,1,14,660.00,"9,240.00"
2020-08-16,2020081601020581,PCBL,48,25,200,271.00,"54,200.00"
2020-08-16,2020081601020271,PCBL,56,33,50,270.00,"13,500.00"
2020-08-16,2020081601020270,PCBL,41,33,293,270.00,"79,110.00"
2020-08-16,2020081601020265,PCBL,41,10,407,270.00,"109,890.00"
2020-08-16,2020081601020264,PCBL,45,10,93,270.00,"25,110.00"
2020-08-16,2020081601020118,PCBL,35,25,210,271.00,"56,910.00"
2020-08-16,2020081601020480,PFL,58,42,10,147.00,"1,470.00"
2020-08-16,2020081601020587,PIC,47,55,36,630.00,"22,680.00"
2020-08-16,2020081601020513,PIC,47,33,200,630.00,"126,000.00"
2020-08-16,2020081601020419,PIC,47,8,11,630.00,"6,930.00"
2020-08-16,2020081601020484,PLIC,57,35,10,535.00,"5,350.00"
2020-08-16,2020081601020483,PLIC,57,35,10,535.00,"5,350.00"
2020-08-16,2020081601020482,PLIC,14,35,500,535.00,"267,500.00"
2020-08-16,2020081601020481,PLIC,36,35,24,535.00,"12,840.00"
2020-08-16,2020081601020474,PLIC,36,18,200,535.00,"107,000.00"
2020-08-16,2020081601020586,PMHPL,45,42,10,72.00,720.00
2020-08-16,2020081601020503,PRVU,42,26,63,225.00,"14,175.00"
2020-08-16,2020081601020502,PRVU,28,26,100,225.00,"22,500.00"
2020-08-16,2020081601020501,PRVU,54,26,100,225.00,"22,500.00"
2020-08-16,2020081601020500,PRVU,45,26,100,225.00,"22,500.00"
2020-08-16,2020081601020499,PRVU,45,26,100,225.00,"22,500.00"
2020-08-16,2020081601020498,PRVU,42,26,25,225.00,"5,625.00"
2020-08-16,2020081601020202,PRVU,29,36,50,225.00,"11,250.00"
2020-08-16,2020081601020201,PRVU,47,36,100,225.00,"22,500.00"
2020-08-16,2020081601020200,PRVU,45,36,153,225.00,"34,425.00"
2020-08-16,2020081601020110,PRVU,48,34,10,226.00,"2,260.00"
2020-08-16,2020081601020208,PRVU,51,36,34,225.00,"7,650.00"
2020-08-16,2020081601020207,PRVU,17,36,200,225.00,"45,000.00"
2020-08-16,2020081601020206,PRVU,53,36,700,225.00,"157,500.00"
2020-08-16,2020081601020205,PRVU,55,36,500,225.00,"112,500.00"
2020-08-16,2020081601020204,PRVU,45,36,50,225.00,"11,250.00"
2020-08-16,2020081601020203,PRVU,5,36,50,225.00,"11,250.00"
2020-08-16,2020081601020463,PRVU,47,46,268,225.00,"60,300.00"
2020-08-16,2020081601020462,PRVU,51,46,66,225.00,"14,850.00"
2020-08-16,2020081601020293,PRVU,58,34,100,226.00,"22,600.00"
2020-08-16,2020081601020273,PRVU,36,34,100,226.00,"22,600.00"
2020-08-16,2020081601020234,PRVU,49,34,50,226.00,"11,300.00"
2020-08-16,2020081601020497,PRVU,45,26,100,225.00,"22,500.00"
2020-08-16,2020081601020496,PRVU,59,26,200,225.00,"45,000.00"
2020-08-16,2020081601020495,PRVU,45,26,50,225.00,"11,250.00"
2020-08-16,2020081601020494,PRVU,44,26,100,225.00,"22,500.00"
2020-08-16,2020081601020493,PRVU,58,26,10,225.00,"2,250.00"
2020-08-16,2020081601020492,PRVU,47,26,32,225.00,"7,200.00"
2020-08-16,2020081601020544,RADHI,33,32,11,169.00,"1,859.00"
2020-08-16,2020081601020267,RBCL,42,57,20,"9,500.00","190,000.00"
2020-08-16,2020081601020606,RHPL,6,44,30,147.00,"4,410.00"
2020-08-16,2020081601020600,RHPL,6,29,40,147.00,"5,880.00"
2020-08-16,2020081601020468,RHPL,6,44,30,147.00,"4,410.00"
2020-08-16,2020081601020370,RHPL,6,7,20,147.00,"2,940.00"
2020-08-16,2020081601020507,RSDC,45,32,17,488.00,"8,296.00"
2020-08-16,2020081601020506,RSDC,45,32,50,488.00,"24,400.00"
2020-08-16,2020081601020119,SAPDBL,44,21,106,118.00,"12,508.00"
2020-08-16,2020081601020423,SBI,6,34,10,415.00,"4,150.00"
2020-08-16,2020081601020399,SBI,58,17,"10,000",414.00,"4,140,000.00"
2020-08-16,2020081601020397,SBI,14,34,159,415.00,"65,985.00"
2020-08-16,2020081601020389,SBI,14,10,24,415.00,"9,960.00"
2020-08-16,2020081601020394,SBL,57,41,350,292.00,"102,200.00"
2020-08-16,2020081601020353,SBL,57,57,400,292.00,"116,800.00"
2020-08-16,2020081601020328,SBL,16,38,300,293.00,"87,900.00"
2020-08-16,2020081601020517,SCB,16,49,50,639.00,"31,950.00"
2020-08-16,2020081601020516,SCB,16,32,20,639.00,"12,780.00"
2020-08-16,2020081601020415,SEF,19,47,"15,000",9.23,"138,450.00"
2020-08-16,2020081601020414,SEF,19,47,"15,000",9.25,"138,750.00"
2020-08-16,2020081601020511,SHINE,16,39,150,231.00,"34,650.00"
2020-08-16,2020081601020526,SHIVM,20,10,100,571.00,"57,100.00"
2020-08-16,2020081601020525,SHIVM,22,10,500,571.00,"285,500.00"
2020-08-16,2020081601020524,SHIVM,36,10,300,571.00,"171,300.00"
2020-08-16,2020081601020523,SHIVM,36,10,10,571.00,"5,710.00"
2020-08-16,2020081601020522,SHIVM,52,10,50,571.00,"28,550.00"
2020-08-16,2020081601020521,SHIVM,52,10,50,571.00,"28,550.00"
2020-08-16,2020081601020520,SHIVM,49,10,30,572.00,"17,160.00"
2020-08-16,2020081601020519,SHIVM,53,10,20,572.00,"11,440.00"
2020-08-16,2020081601020518,SHIVM,45,10,260,572.00,"148,720.00"
2020-08-16,2020081601020407,SHIVM,45,29,200,572.00,"114,400.00"
2020-08-16,2020081601020406,SHIVM,52,29,150,573.00,"85,950.00"
2020-08-16,2020081601020405,SHIVM,52,29,50,573.00,"28,650.00"
2020-08-16,2020081601020356,SIC,34,34,"1,447",740.00,"1,070,780.00"
2020-08-16,2020081601020245,SIC,10,34,11,740.00,"8,140.00"
2020-08-16,2020081601020244,SIC,34,34,500,740.00,"370,000.00"
2020-08-16,2020081601020243,SIC,19,34,100,740.00,"74,000.00"
2020-08-16,2020081601020242,SIC,14,34,200,741.00,"148,200.00"
2020-08-16,2020081601020241,SIC,33,34,100,741.00,"74,100.00"
2020-08-16,2020081601020240,SIC,38,34,100,741.00,"74,100.00"
2020-08-16,2020081601020190,SIC,45,58,77,742.00,"57,134.00"
2020-08-16,2020081601020137,SICL,39,39,30,"1,217.00","36,510.00"
2020-08-16,2020081601020136,SICL,6,38,325,"1,214.00","394,550.00"
2020-08-16,2020081601020135,SICL,59,38,100,"1,215.00","121,500.00"
2020-08-16,2020081601020134,SICL,45,38,100,"1,215.00","121,500.00"
2020-08-16,2020081601020133,SICL,55,38,60,"1,215.00","72,900.00"
2020-08-16,2020081601020132,SICL,43,38,10,"1,216.00","12,160.00"
2020-08-16,2020081601020131,SIL,44,34,"2,688",600.00,"1,612,800.00"
2020-08-16,2020081601020130,SIL,3,34,485,600.00,"291,000.00"
2020-08-16,2020081601020129,SIL,44,34,"1,000",601.00,"601,000.00"
2020-08-16,2020081601020128,SIL,28,34,100,601.00,"60,100.00"
2020-08-16,2020081601020127,SIL,44,34,100,601.00,"60,100.00"
2020-08-16,2020081601020126,SIL,3,34,200,602.00,"120,400.00"
2020-08-16,2020081601020125,SIL,42,34,100,602.00,"60,200.00"
2020-08-16,2020081601020124,SIL,34,34,200,602.00,"120,400.00"
2020-08-16,2020081601020123,SIL,44,34,100,603.00,"60,300.00"
2020-08-16,2020081601020122,SIL,38,34,27,605.00,"16,335.00"
2020-08-16,2020081601020562,SJCL,1,29,20,132.00,"2,640.00"
2020-08-16,2020081601020313,SJCL,57,49,10,134.00,"1,340.00"
2020-08-16,2020081601020312,SJCL,57,42,30,134.00,"4,020.00"
2020-08-16,2020081601020491,SJCL,1,44,20,132.00,"2,640.00"
2020-08-16,2020081601020534,SKBBL,58,20,200,"1,260.00","252,000.00"
2020-08-16,2020081601020533,SKBBL,58,14,80,"1,260.00","100,800.00"
2020-08-16,2020081601020532,SKBBL,58,44,226,"1,259.00","284,534.00"
2020-08-16,2020081601020418,SKBBL,52,40,272,"1,258.00","342,176.00"
2020-08-16,2020081601020352,SKBBL,52,20,197,"1,257.00","247,629.00"
2020-08-16,2020081601020298,SKBBL,5,25,40,"1,256.00","50,240.00"
2020-08-16,2020081601020286,SLBBL,59,7,64,800.00,"51,200.00"
2020-08-16,2020081601020285,SLBBL,59,55,36,800.00,"28,800.00"
2020-08-16,2020081601020163,SLBBL,37,43,100,798.00,"79,800.00"
2020-08-16,2020081601020470,SLBSL,26,32,10,770.00,"7,700.00"
2020-08-16,2020081601020198,SLICL,49,38,136,450.00,"61,200.00"
2020-08-16,2020081601020166,SPARS,10,49,10,839.00,"8,390.00"
2020-08-16,2020081601020580,SRBL,25,29,365,225.00,"82,125.00"
2020-08-16,2020081601020579,SRBL,44,29,"1,500",225.00,"337,500.00"
2020-08-16,2020081601020578,SRBL,59,29,100,225.00,"22,500.00"
2020-08-16,2020081601020577,SRBL,57,29,200,225.00,"45,000.00"
2020-08-16,2020081601020576,SRBL,36,29,100,225.00,"22,500.00"
2020-08-16,2020081601020575,SRBL,38,29,10,225.00,"2,250.00"
2020-08-16,2020081601020568,SRBL,57,29,100,225.00,"22,500.00"
2020-08-16,2020081601020567,SRBL,50,29,50,225.00,"11,250.00"
2020-08-16,2020081601020269,SRBL,50,16,450,225.00,"101,250.00"
2020-08-16,2020081601020268,SRBL,43,16,100,225.00,"22,500.00"
2020-08-16,2020081601020574,SRBL,29,29,20,225.00,"4,500.00"
2020-08-16,2020081601020573,SRBL,28,29,"2,000",225.00,"450,000.00"
2020-08-16,2020081601020572,SRBL,52,29,100,225.00,"22,500.00"
2020-08-16,2020081601020571,SRBL,10,29,50,225.00,"11,250.00"
2020-08-16,2020081601020570,SRBL,51,29,"1,000",225.00,"225,000.00"
2020-08-16,2020081601020569,SRBL,51,29,500,225.00,"112,500.00"
2020-08-16,2020081601020272,UIC,10,14,33,397.00,"13,101.00"
2020-08-16,2020081601020461,UPCL,29,42,50,69.00,"3,450.00"
2020-08-16,2020081601020187,UPPER,38,52,160,223.00,"35,680.00"
2020-08-16,2020081601020186,UPPER,38,25,40,222.00,"8,880.00"
2020-08-16,2020081601020109,ACLBSL,45,38,21,698.00,"14,658.00"
2020-08-16,2020081601019667,ACLBSL,45,28,10,698.00,"6,980.00"
2020-08-16,2020081601019666,ACLBSL,45,52,10,698.00,"6,980.00"
2020-08-16,2020081601019664,ACLBSL,45,38,10,698.00,"6,980.00"
2020-08-16,2020081601019953,ADBL,36,45,200,413.00,"82,600.00"
2020-08-16,2020081601019802,ADBL,36,1,200,413.00,"82,600.00"
2020-08-16,2020081601019801,ADBL,36,57,230,413.00,"94,990.00"
2020-08-16,2020081601019800,ADBL,36,56,50,413.00,"20,650.00"
2020-08-16,2020081601019799,ADBL,36,11,100,413.00,"41,300.00"
2020-08-16,2020081601019798,ADBL,36,7,117,413.00,"48,321.00"
2020-08-16,2020081601019797,ADBL,36,50,48,413.00,"19,824.00"
2020-08-16,2020081601019727,ADBL,14,51,50,412.00,"20,600.00"
2020-08-16,2020081601020108,AIL,51,42,10,490.00,"4,900.00"
2020-08-16,2020081601020105,AIL,51,48,10,490.00,"4,900.00"
2020-08-16,2020081601020101,AIL,51,22,10,490.00,"4,900.00"
2020-08-16,2020081601020100,AIL,51,7,10,490.00,"4,900.00"
2020-08-16,2020081601020048,AIL,51,7,10,490.00,"4,900.00"
2020-08-16,2020081601020046,AIL,51,28,10,490.00,"4,900.00"
2020-08-16,2020081601019657,AIL,22,26,100,491.00,"49,100.00"
2020-08-16,2020081601019656,AIL,39,26,70,491.00,"34,370.00"
2020-08-16,2020081601019643,AIL,39,40,10,491.00,"4,910.00"
2020-08-16,2020081601019640,AIL,39,55,10,491.00,"4,910.00"
2020-08-16,2020081601019636,AIL,39,21,10,491.00,"4,910.00"
2020-08-16,2020081601019623,AIL,34,39,10,491.00,"4,910.00"
2020-08-16,2020081601019668,AIL,51,40,10,491.00,"4,910.00"
2020-08-16,2020081601019662,AIL,11,26,40,491.00,"19,640.00"
2020-08-16,2020081601019661,AIL,42,26,100,491.00,"49,100.00"
2020-08-16,2020081601019660,AIL,56,26,50,491.00,"24,550.00"
2020-08-16,2020081601019659,AIL,34,26,10,491.00,"4,910.00"
2020-08-16,2020081601019658,AIL,48,26,30,491.00,"14,730.00"
2020-08-16,2020081601019792,AIL,51,26,200,491.00,"98,200.00"
2020-08-16,2020081601019791,AIL,6,26,250,491.00,"122,750.00"
2020-08-16,2020081601019741,AIL,51,5,10,491.00,"4,910.00"
2020-08-16,2020081601019734,AIL,51,28,10,491.00,"4,910.00"
2020-08-16,2020081601019729,AIL,51,40,10,491.00,"4,910.00"
2020-08-16,2020081601019697,AIL,51,14,10,491.00,"4,910.00"
2020-08-16,2020081601019836,AIL,58,10,80,492.00,"39,360.00"
2020-08-16,2020081601019830,AIL,22,28,10,491.00,"4,910.00"
2020-08-16,2020081601019796,AIL,22,26,440,491.00,"216,040.00"
2020-08-16,2020081601019795,AIL,26,26,50,491.00,"24,550.00"
2020-08-16,2020081601019794,AIL,6,26,50,491.00,"24,550.00"
2020-08-16,2020081601019793,AIL,6,26,10,491.00,"4,910.00"
2020-08-16,2020081601019862,AIL,22,40,10,491.00,"4,910.00"
2020-08-16,2020081601019859,AIL,22,52,10,491.00,"4,910.00"
2020-08-16,2020081601019848,AIL,22,35,10,491.00,"4,910.00"
2020-08-16,2020081601019839,AIL,58,55,10,492.00,"4,920.00"
2020-08-16,2020081601019838,AIL,58,49,80,492.00,"39,360.00"
2020-08-16,2020081601019837,AIL,58,51,10,492.00,"4,920.00"
2020-08-16,2020081601019889,AIL,36,42,10,491.00,"4,910.00"
2020-08-16,2020081601019886,AIL,36,20,10,491.00,"4,910.00"
2020-08-16,2020081601019884,AIL,36,52,10,491.00,"4,910.00"
2020-08-16,2020081601019883,AIL,36,21,10,491.00,"4,910.00"
2020-08-16,2020081601019870,AIL,36,26,227,491.00,"111,457.00"
2020-08-16,2020081601019869,AIL,22,26,20,491.00,"9,820.00"
2020-08-16,2020081601019990,AIL,36,26,643,491.00,"315,713.00"
2020-08-16,2020081601019964,AIL,36,47,10,491.00,"4,910.00"
2020-08-16,2020081601019963,AIL,36,5,10,491.00,"4,910.00"
2020-08-16,2020081601019947,AIL,36,20,10,491.00,"4,910.00"
2020-08-16,2020081601019926,AIL,36,48,10,491.00,"4,910.00"
2020-08-16,2020081601019918,AIL,36,25,50,491.00,"24,550.00"
2020-08-16,2020081601019856,AKJCL,6,42,10,50.00,500.00
2020-08-16,2020081601019925,AKPL,45,40,"2,500",113.00,"282,500.00"
2020-08-16,2020081601020008,ALICL,58,10,100,620.00,"62,000.00"
2020-08-16,2020081601020007,ALICL,17,10,154,620.00,"95,480.00"
2020-08-16,2020081601019915,ALICL,17,46,346,620.00,"214,520.00"
2020-08-16,2020081601019914,ALICL,11,46,50,620.00,"31,000.00"
2020-08-16,2020081601019913,ALICL,5,46,20,620.00,"12,400.00"
2020-08-16,2020081601019912,ALICL,38,46,100,620.00,"62,000.00"
2020-08-16,2020081601019899,ALICL,26,46,50,623.00,"31,150.00"
2020-08-16,2020081601019790,ALICL,26,19,50,623.00,"31,150.00"
2020-08-16,2020081601019905,ALICL,45,46,250,621.00,"155,250.00"
2020-08-16,2020081601019904,ALICL,6,46,500,622.00,"311,000.00"
2020-08-16,2020081601019903,ALICL,52,46,300,622.00,"186,600.00"
2020-08-16,2020081601019902,ALICL,25,46,100,622.00,"62,200.00"
2020-08-16,2020081601019901,ALICL,57,46,130,622.00,"80,860.00"
2020-08-16,2020081601019900,ALICL,55,46,100,623.00,"62,300.00"
2020-08-16,2020081601019911,ALICL,28,46,100,620.00,"62,000.00"
2020-08-16,2020081601019910,ALICL,6,46,30,620.00,"18,600.00"
2020-08-16,2020081601019909,ALICL,55,46,200,620.00,"124,000.00"
2020-08-16,2020081601019908,ALICL,22,46,110,620.00,"68,200.00"
2020-08-16,2020081601019907,ALICL,34,46,"1,000",621.00,"621,000.00"
2020-08-16,2020081601019906,ALICL,45,46,300,621.00,"186,300.00"
2020-08-16,2020081601020107,API,34,5,50,109.00,"5,450.00"
2020-08-16,2020081601020106,API,34,55,414,109.00,"45,126.00"
2020-08-16,2020081601019957,API,6,55,100,109.00,"10,900.00"
2020-08-16,2020081601019956,API,8,55,900,109.00,"98,100.00"
2020-08-16,2020081601019955,API,8,55,86,109.00,"9,374.00"
2020-08-16,2020081601019868,BFC,43,32,80,100.00,"8,000.00"
2020-08-16,2020081601019971,BOKL,44,26,376,225.00,"84,600.00"
2020-08-16,2020081601019970,BOKL,59,26,200,225.00,"45,000.00"
2020-08-16,2020081601019969,BOKL,25,26,200,225.00,"45,000.00"
2020-08-16,2020081601019968,BOKL,16,26,40,225.00,"9,000.00"
2020-08-16,2020081601019967,BOKL,44,26,970,225.00,"218,250.00"
2020-08-16,2020081601019679,BOKL,44,25,85,226.00,"19,210.00"
2020-08-16,2020081601019898,BPCL,26,50,3,360.00,"1,080.00"
2020-08-16,2020081601019818,CBBL,56,49,15,"1,021.00","15,315.00"
2020-08-16,2020081601019835,CBBL,51,6,10,"1,024.00","10,240.00"
2020-08-16,2020081601019874,CCBL,56,5,100,173.00,"17,300.00"
2020-08-16,2020081601019733,CCBL,56,39,59,173.00,"10,207.00"
2020-08-16,2020081601019732,CCBL,58,39,10,173.00,"1,730.00"
2020-08-16,2020081601019731,CCBL,48,39,31,173.00,"5,363.00"
2020-08-16,2020081601020025,CHL,34,34,"1,000",90.00,"90,000.00"
2020-08-16,2020081601020024,CHL,48,34,300,90.00,"27,000.00"
2020-08-16,2020081601019999,CHL,50,39,50,91.00,"4,550.00"
2020-08-16,2020081601019866,CHL,41,39,50,91.00,"4,550.00"
2020-08-16,2020081601019865,CHL,41,51,50,91.00,"4,550.00"
2020-08-16,2020081601019688,CHL,26,45,10,91.00,910.00
2020-08-16,2020081601019989,CZBIL,38,49,40,194.00,"7,760.00"
2020-08-16,2020081601019988,CZBIL,49,49,90,194.00,"17,460.00"
2020-08-16,2020081601019987,CZBIL,6,49,50,194.00,"9,700.00"
2020-08-16,2020081601019986,CZBIL,43,49,70,194.00,"13,580.00"
2020-08-16,2020081601019996,DDBL,49,26,10,818.00,"8,180.00"
2020-08-16,2020081601019867,EIC,44,19,100,432.00,"43,200.00"
2020-08-16,2020081601020067,GBIME,47,26,200,252.00,"50,400.00"
2020-08-16,2020081601020062,GBIME,7,10,110,251.00,"27,610.00"
2020-08-16,2020081601020061,GBIME,6,10,50,251.00,"12,550.00"
2020-08-16,2020081601020060,GBIME,38,10,100,251.00,"25,100.00"
2020-08-16,2020081601020059,GBIME,35,10,100,251.00,"25,100.00"
2020-08-16,2020081601020058,GBIME,22,10,187,251.00,"46,937.00"
2020-08-16,2020081601019736,GBIME,48,29,100,251.00,"25,100.00"
2020-08-16,2020081601019735,GBIME,39,29,37,251.00,"9,287.00"
2020-08-16,2020081601019972,GBIME,38,26,500,252.00,"126,000.00"
2020-08-16,2020081601019896,GBIME,32,26,100,252.00,"25,200.00"
2020-08-16,2020081601019890,GBIME,48,26,145,252.00,"36,540.00"
2020-08-16,2020081601019739,GBIME,22,29,313,251.00,"78,563.00"
2020-08-16,2020081601019738,GBIME,58,29,50,251.00,"12,550.00"
