Date,Transact. No.,Symbol,Buyer,Seller,Quantity,Rate,Amount
2020-01-29,2020012901013766,ADBL,45,38,30,384.00,"11,520.00"
2020-01-29,2020012901013708,ADBL,36,38,20,385.00,"7,700.00"
2020-01-29,2020012901013538,ADBL,5,35,10,387.00,"3,870.00"
2020-01-29,2020012901013407,AKPL,56,47,13,120.00,"1,560.00"
2020-01-29,2020012901013767,ALBSL,18,59,10,728.00,"7,280.00"
2020-01-29,2020012901013686,ALBSL,45,55,25,724.00,"18,100.00"
2020-01-29,2020012901013649,ALBSL,57,57,10,724.00,"7,240.00"
2020-01-29,2020012901013398,ALBSL,22,45,200,715.00,"143,000.00"
2020-01-29,2020012901013396,ALBSL,39,13,20,720.00,"14,400.00"
2020-01-29,2020012901013395,ALBSL,39,7,60,720.00,"43,200.00"
2020-01-29,2020012901013714,ALICL,53,5,20,534.00,"10,680.00"
2020-01-29,2020012901013539,ALICL,46,14,500,533.00,"266,500.00"
2020-01-29,2020012901013490,ALICL,46,16,300,532.00,"159,600.00"
2020-01-29,2020012901013439,ALICL,50,8,200,530.00,"106,000.00"
2020-01-29,2020012901013412,ALICL,50,8,200,530.00,"106,000.00"
2020-01-29,2020012901013402,ALICL,50,43,287,530.00,"152,110.00"
2020-01-29,2020012901013520,API,25,57,28,117.00,"3,276.00"
2020-01-29,2020012901013519,API,25,20,372,116.00,"43,152.00"
2020-01-29,2020012901013487,API,29,25,100,115.00,"11,500.00"
2020-01-29,2020012901013486,API,45,25,"1,000",115.00,"115,000.00"
2020-01-29,2020012901013485,API,41,25,250,115.00,"28,750.00"
2020-01-29,2020012901013489,BBC,3,58,30,"1,798.00","53,940.00"
2020-01-29,2020012901013484,BOKL,5,10,10,230.00,"2,300.00"
2020-01-29,2020012901013365,BOKL,34,58,955,228.00,"217,740.00"
2020-01-29,2020012901013663,BPCL,1,50,200,318.00,"63,600.00"
2020-01-29,2020012901013605,BPCL,29,3,100,317.00,"31,700.00"
2020-01-29,2020012901013774,CBBL,50,17,28,975.00,"27,300.00"
2020-01-29,2020012901013741,CBBL,45,17,30,975.00,"29,250.00"
2020-01-29,2020012901013548,CBL,43,46,10,145.00,"1,450.00"
2020-01-29,2020012901013301,CCBL,51,38,58,179.00,"10,382.00"
2020-01-29,2020012901013785,CHCL,28,4,684,418.00,"285,912.00"
2020-01-29,2020012901013715,CIT,43,56,10,"2,319.00","23,190.00"
2020-01-29,2020012901013691,CLBSL,38,45,18,935.00,"16,830.00"
2020-01-29,2020012901013690,CLBSL,38,36,208,927.00,"192,816.00"
2020-01-29,2020012901013689,CLBSL,38,44,24,926.00,"22,224.00"
2020-01-29,2020012901013586,CLBSL,13,25,100,925.00,"92,500.00"
2020-01-29,2020012901013638,CZBIL,38,42,50,192.00,"9,600.00"
2020-01-29,2020012901013345,CZBIL,38,6,178,192.00,"34,176.00"
2020-01-29,2020012901013344,CZBIL,11,6,100,193.00,"19,300.00"
2020-01-29,2020012901013717,DDBL,55,44,165,875.00,"144,375.00"
2020-01-29,2020012901013630,DDBL,7,44,160,875.00,"140,000.00"
2020-01-29,2020012901013626,DDBL,25,38,50,871.00,"43,550.00"
2020-01-29,2020012901013512,DDBL,25,6,30,871.00,"26,130.00"
2020-01-29,2020012901013391,DDBL,25,44,629,871.00,"547,859.00"
2020-01-29,2020012901013373,DDBL,53,44,200,871.00,"174,200.00"
2020-01-29,2020012901013352,DDBL,32,22,74,870.00,"64,380.00"
2020-01-29,2020012901013685,EBL,46,50,50,616.00,"30,800.00"
2020-01-29,2020012901013684,EBL,46,41,150,616.00,"92,400.00"
2020-01-29,2020012901013683,EBL,44,6,200,615.00,"123,000.00"
2020-01-29,2020012901013653,EBL,44,35,"4,650",615.00,"2,859,750.00"
2020-01-29,2020012901013652,EBL,6,35,50,615.00,"30,750.00"
2020-01-29,2020012901013651,EBL,6,35,200,615.00,"123,000.00"
2020-01-29,2020012901013650,EBL,43,35,100,615.00,"61,500.00"
2020-01-29,2020012901013662,EDBL,20,6,760,340.00,"258,400.00"
2020-01-29,2020012901013661,EDBL,20,47,"1,390",339.00,"471,210.00"
2020-01-29,2020012901013660,EDBL,20,28,162,339.00,"54,918.00"
2020-01-29,2020012901013659,EDBL,20,13,21,339.00,"7,119.00"
2020-01-29,2020012901013658,EDBL,20,39,500,336.00,"168,000.00"
2020-01-29,2020012901013562,EDBL,20,39,500,334.00,"167,000.00"
2020-01-29,2020012901013788,EIC,56,57,10,380.00,"3,800.00"
2020-01-29,2020012901013786,EIC,56,57,30,380.00,"11,400.00"
2020-01-29,2020012901013749,EIC,56,7,50,379.00,"18,950.00"
2020-01-29,2020012901013591,EIC,45,57,85,380.00,"32,300.00"
2020-01-29,2020012901013590,EIC,45,57,215,380.00,"81,700.00"
2020-01-29,2020012901013572,EIC,56,6,61,379.00,"23,119.00"
2020-01-29,2020012901013449,EIC,56,56,10,380.00,"3,800.00"
2020-01-29,2020012901013420,EIC,42,56,100,380.00,"38,000.00"
2020-01-29,2020012901013403,EIC,17,39,300,378.00,"113,400.00"
2020-01-29,2020012901013357,EIC,56,56,10,380.00,"3,800.00"
2020-01-29,2020012901013313,EIC,17,34,200,378.00,"75,600.00"
2020-01-29,2020012901013515,EIC,56,57,10,380.00,"3,800.00"
2020-01-29,2020012901013511,EIC,45,57,275,380.00,"104,500.00"
2020-01-29,2020012901013510,EIC,45,56,25,380.00,"9,500.00"
2020-01-29,2020012901013509,EIC,45,39,200,379.00,"75,800.00"
2020-01-29,2020012901013492,EIC,45,45,315,377.00,"118,755.00"
2020-01-29,2020012901013491,EIC,34,45,30,377.00,"11,310.00"
2020-01-29,2020012901013669,FMDBL,50,49,30,452.00,"13,560.00"
2020-01-29,2020012901013657,FMDBL,21,47,100,452.00,"45,200.00"
2020-01-29,2020012901013480,FMDBL,56,44,100,454.00,"45,400.00"
2020-01-29,2020012901013347,FMDBL,45,20,100,455.00,"45,500.00"
2020-01-29,2020012901013303,FMDBL,45,37,400,455.00,"182,000.00"
2020-01-29,2020012901013681,FOWAD,14,17,10,"1,315.00","13,150.00"
2020-01-29,2020012901013680,FOWAD,14,47,50,"1,315.00","65,750.00"
2020-01-29,2020012901013679,FOWAD,14,57,20,"1,315.00","26,300.00"
2020-01-29,2020012901013678,FOWAD,14,29,500,"1,315.00","657,500.00"
2020-01-29,2020012901013677,FOWAD,14,57,47,"1,315.00","61,805.00"
2020-01-29,2020012901013676,FOWAD,14,58,20,"1,314.00","26,280.00"
2020-01-29,2020012901013759,GBBL,7,22,435,230.00,"100,050.00"
2020-01-29,2020012901013390,GBBL,7,56,95,230.00,"21,850.00"
2020-01-29,2020012901013389,GBBL,48,56,305,230.00,"70,150.00"
2020-01-29,2020012901013632,GBIME,17,58,100,288.00,"28,800.00"
2020-01-29,2020012901013604,GBIME,13,58,55,288.00,"15,840.00"
2020-01-29,2020012901013500,GBIME,21,18,470,287.00,"134,890.00"
2020-01-29,2020012901013499,GBIME,54,18,20,287.00,"5,740.00"
2020-01-29,2020012901013498,GBIME,11,18,10,287.00,"2,870.00"
2020-01-29,2020012901013312,GBIME,11,39,60,287.00,"17,220.00"
2020-01-29,2020012901013800,GBLBS,57,36,33,460.00,"15,180.00"
2020-01-29,2020012901013699,GBLBS,33,36,200,460.00,"92,000.00"
2020-01-29,2020012901013668,GBLBS,10,36,67,460.00,"30,820.00"
2020-01-29,2020012901013629,GBLBS,10,34,15,460.00,"6,900.00"
2020-01-29,2020012901013552,GBLBS,10,34,15,460.00,"6,900.00"
2020-01-29,2020012901013506,GBLBS,10,43,103,460.00,"47,380.00"
2020-01-29,2020012901013436,GBLBS,55,46,300,462.00,"138,600.00"
2020-01-29,2020012901013343,GBLBS,55,46,100,462.00,"46,200.00"
2020-01-29,2020012901013328,GBLBS,55,37,100,462.00,"46,200.00"
2020-01-29,2020012901013327,GBLBS,53,37,100,462.00,"46,200.00"
2020-01-29,2020012901013505,GBLBS,25,43,200,460.00,"92,000.00"
2020-01-29,2020012901013504,GBLBS,39,43,100,460.00,"46,000.00"
2020-01-29,2020012901013503,GBLBS,41,43,100,460.00,"46,000.00"
2020-01-29,2020012901013476,GBLBS,40,43,200,461.00,"92,200.00"
2020-01-29,2020012901013475,GBLBS,50,43,200,461.00,"92,200.00"
2020-01-29,2020012901013474,GBLBS,39,43,"1,500",462.00,"693,000.00"
2020-01-29,2020012901013497,GGBSL,58,58,200,920.00,"184,000.00"
2020-01-29,2020012901013431,GGBSL,42,11,80,926.00,"74,080.00"
2020-01-29,2020012901013655,GILB,14,38,15,"1,314.00","19,710.00"
2020-01-29,2020012901013654,GILB,26,38,100,"1,314.00","131,400.00"
2020-01-29,2020012901013451,GILB,7,52,27,"1,327.00","35,829.00"
2020-01-29,2020012901013450,GILB,7,34,73,"1,325.00","96,725.00"
2020-01-29,2020012901013318,GILB,22,34,27,"1,325.00","35,775.00"
2020-01-29,2020012901013317,GILB,22,21,25,"1,325.00","33,125.00"
2020-01-29,2020012901013316,GILB,22,58,148,"1,325.00","196,100.00"
2020-01-29,2020012901013756,GLICL,44,43,39,691.00,"26,949.00"
2020-01-29,2020012901013755,GLICL,1,43,100,691.00,"69,100.00"
2020-01-29,2020012901013754,GLICL,26,43,176,691.00,"121,616.00"
2020-01-29,2020012901013753,GLICL,39,43,25,692.00,"17,300.00"
2020-01-29,2020012901013752,GLICL,46,43,100,692.00,"69,200.00"
2020-01-29,2020012901013518,GLICL,46,37,100,692.00,"69,200.00"
2020-01-29,2020012901013471,GLICL,46,37,100,692.00,"69,200.00"
2020-01-29,2020012901013596,HBL,41,58,189,498.00,"94,122.00"
2020-01-29,2020012901013595,HBL,57,58,100,499.00,"49,900.00"
2020-01-29,2020012901013746,HDL,50,38,100,"1,213.00","121,300.00"
2020-01-29,2020012901013748,HGI,26,28,339,386.00,"130,854.00"
2020-01-29,2020012901013747,HGI,26,34,190,386.00,"73,340.00"
2020-01-29,2020012901013601,HGI,45,34,10,386.00,"3,860.00"
2020-01-29,2020012901013600,HGI,45,7,500,380.00,"190,000.00"
2020-01-29,2020012901013468,HGI,16,48,200,385.00,"77,000.00"
2020-01-29,2020012901013467,HGI,16,50,200,385.00,"77,000.00"
2020-01-29,2020012901013334,HGI,58,35,250,380.00,"95,000.00"
2020-01-29,2020012901013370,HGI,14,38,500,382.00,"191,000.00"
2020-01-29,2020012901013369,HGI,14,39,190,382.00,"72,580.00"
2020-01-29,2020012901013338,HGI,58,39,10,382.00,"3,820.00"
2020-01-29,2020012901013337,HGI,58,53,100,381.00,"38,100.00"
2020-01-29,2020012901013336,HGI,58,45,200,380.00,"76,000.00"
2020-01-29,2020012901013335,HGI,58,59,200,380.00,"76,000.00"
2020-01-29,2020012901013447,HGI,58,37,32,383.00,"12,256.00"
2020-01-29,2020012901013446,HGI,58,41,100,383.00,"38,300.00"
2020-01-29,2020012901013445,HGI,58,5,200,383.00,"76,600.00"
2020-01-29,2020012901013419,HGI,58,59,90,382.00,"34,380.00"
2020-01-29,2020012901013372,HGI,14,59,110,382.00,"42,020.00"
2020-01-29,2020012901013371,HGI,14,26,200,382.00,"76,400.00"
2020-01-29,2020012901013466,HGI,16,17,200,385.00,"77,000.00"
2020-01-29,2020012901013465,HGI,16,53,100,384.00,"38,400.00"
2020-01-29,2020012901013464,HGI,16,57,200,384.00,"76,800.00"
2020-01-29,2020012901013463,HGI,16,37,100,384.00,"38,400.00"
2020-01-29,2020012901013455,HGI,58,37,100,384.00,"38,400.00"
2020-01-29,2020012901013454,HGI,58,35,100,384.00,"38,400.00"
2020-01-29,2020012901013760,HIDCL,45,58,17,134.00,"2,278.00"
2020-01-29,2020012901013320,HIDCL,41,5,250,135.00,"33,750.00"
2020-01-29,2020012901013366,HPPL,25,39,10,144.00,"1,440.00"
2020-01-29,2020012901013698,HURJA,17,36,40,112.00,"4,480.00"
2020-01-29,2020012901013697,HURJA,17,38,20,110.00,"2,200.00"
2020-01-29,2020012901013696,HURJA,17,49,20,110.00,"2,200.00"
2020-01-29,2020012901013695,HURJA,17,57,20,110.00,"2,200.00"
2020-01-29,2020012901013694,HURJA,17,39,20,110.00,"2,200.00"
2020-01-29,2020012901013693,HURJA,17,17,20,109.00,"2,180.00"
2020-01-29,2020012901013692,HURJA,17,52,10,109.00,"1,090.00"
2020-01-29,2020012901013795,IGI,34,55,10,429.00,"4,290.00"
2020-01-29,2020012901013794,IGI,34,41,10,429.00,"4,290.00"
2020-01-29,2020012901013772,IGI,58,41,20,429.00,"8,580.00"
2020-01-29,2020012901013771,IGI,58,54,80,428.00,"34,240.00"
2020-01-29,2020012901013458,IGI,34,41,10,429.00,"4,290.00"
2020-01-29,2020012901013457,IGI,34,47,50,428.00,"21,400.00"
2020-01-29,2020012901013456,IGI,34,45,52,422.00,"21,944.00"
2020-01-29,2020012901013763,IGI,38,3,100,422.00,"42,200.00"
2020-01-29,2020012901013758,IGI,34,54,20,428.00,"8,560.00"
2020-01-29,2020012901013744,IGI,38,16,50,422.00,"21,100.00"
2020-01-29,2020012901013765,KBL,17,35,88,193.00,"16,984.00"
2020-01-29,2020012901013488,KBL,21,17,51,194.00,"9,894.00"
2020-01-29,2020012901013417,KPCL,58,39,50,88.00,"4,400.00"
2020-01-29,2020012901013416,KPCL,29,39,20,88.00,"1,760.00"
2020-01-29,2020012901013718,KSBBL,52,20,250,154.00,"38,500.00"
2020-01-29,2020012901013647,LBL,33,21,550,211.00,"116,050.00"
2020-01-29,2020012901013646,LBL,35,21,129,211.00,"27,219.00"
2020-01-29,2020012901013496,LBL,17,42,"1,000",212.00,"212,000.00"
2020-01-29,2020012901013462,LBL,39,42,10,212.00,"2,120.00"
2020-01-29,2020012901013342,LBL,35,45,71,211.00,"14,981.00"
2020-01-29,2020012901013341,LBL,14,45,100,211.00,"21,100.00"
2020-01-29,2020012901013340,LBL,38,45,100,211.00,"21,100.00"
2020-01-29,2020012901013339,LBL,32,45,209,211.00,"44,099.00"
2020-01-29,2020012901013324,LEMF,5,32,"1,000",7.90,"7,900.00"
2020-01-29,2020012901013775,LGIL,38,8,10,452.00,"4,520.00"
2020-01-29,2020012901013720,LGIL,42,25,25,450.00,"11,250.00"
2020-01-29,2020012901013719,LGIL,14,25,25,450.00,"11,250.00"
2020-01-29,2020012901013621,LGIL,5,11,150,451.00,"67,650.00"
2020-01-29,2020012901013555,LGIL,5,51,100,451.00,"45,100.00"
2020-01-29,2020012901013411,LGIL,13,51,50,451.00,"22,550.00"
2020-01-29,2020012901013410,LGIL,38,51,50,452.00,"22,600.00"
2020-01-29,2020012901013459,LICN,52,43,20,"1,255.00","25,100.00"
2020-01-29,2020012901013361,LICN,47,56,50,"1,253.00","62,650.00"
2020-01-29,2020012901013349,LICN,25,43,10,"1,255.00","12,550.00"
2020-01-29,2020012901013547,LLBS,45,54,20,"1,068.00","21,360.00"
2020-01-29,2020012901013323,LLBS,39,49,50,"1,060.00","53,000.00"
2020-01-29,2020012901013322,LLBS,39,42,50,"1,060.00","53,000.00"
2020-01-29,2020012901013321,LLBS,39,49,40,"1,059.00","42,360.00"
2020-01-29,2020012901013781,MBL,56,36,589,230.00,"135,470.00"
2020-01-29,2020012901013780,MBL,29,36,200,230.00,"46,000.00"
2020-01-29,2020012901013779,MBL,57,36,211,230.00,"48,530.00"
2020-01-29,2020012901013666,MBL,57,42,789,230.00,"181,470.00"
2020-01-29,2020012901013665,MBL,10,42,50,230.00,"11,500.00"
2020-01-29,2020012901013664,MBL,44,42,590,230.00,"135,700.00"
2020-01-29,2020012901013495,MBL,44,39,410,230.00,"94,300.00"
2020-01-29,2020012901013494,MBL,55,39,200,230.00,"46,000.00"
2020-01-29,2020012901013761,MEGA,43,44,10,197.00,"1,970.00"
2020-01-29,2020012901013551,MEGA,25,39,157,196.00,"30,772.00"
2020-01-29,2020012901013550,MEGA,58,39,45,196.00,"8,820.00"
2020-01-29,2020012901013348,MERO,42,6,20,675.00,"13,500.00"
2020-01-29,2020012901013302,MERO,43,6,35,675.00,"23,625.00"
2020-01-29,2020012901013716,MFIL,6,40,10,197.00,"1,970.00"
2020-01-29,2020012901013643,MFIL,43,40,10,197.00,"1,970.00"
2020-01-29,2020012901013392,MFIL,47,16,200,196.00,"39,200.00"
2020-01-29,2020012901013387,MLBBL,52,47,100,706.00,"70,600.00"
2020-01-29,2020012901013386,MLBBL,21,47,10,706.00,"7,060.00"
2020-01-29,2020012901013631,MNBBL,11,52,50,321.00,"16,050.00"
2020-01-29,2020012901013477,MNBBL,42,51,100,320.00,"32,000.00"
2020-01-29,2020012901013619,MSMBS,49,47,10,768.00,"7,680.00"
2020-01-29,2020012901013560,MSMBS,49,11,87,756.00,"65,772.00"
2020-01-29,2020012901013430,MSMBS,49,38,13,756.00,"9,828.00"
2020-01-29,2020012901013346,MSMBS,49,35,50,768.00,"38,400.00"
2020-01-29,2020012901013597,NBB,38,35,300,200.00,"60,000.00"
2020-01-29,2020012901013438,NBB,38,41,665,200.00,"133,000.00"
2020-01-29,2020012901013437,NBB,55,41,335,200.00,"67,000.00"
2020-01-29,2020012901013791,NBL,33,44,20,270.00,"5,400.00"
2020-01-29,2020012901013592,NBL,6,38,50,269.00,"13,450.00"
2020-01-29,2020012901013514,NBL,49,38,150,269.00,"40,350.00"
2020-01-29,2020012901013513,NBL,49,6,350,269.00,"94,150.00"
2020-01-29,2020012901013501,NBL,39,6,"1,000",269.00,"269,000.00"
2020-01-29,2020012901013435,NBL,49,6,150,269.00,"40,350.00"
2020-01-29,2020012901013645,NCCB,33,41,10,198.00,"1,980.00"
2020-01-29,2020012901013644,NCCB,33,49,115,197.00,"22,655.00"
2020-01-29,2020012901013582,NIB,25,39,50,389.00,"19,450.00"
2020-01-29,2020012901013581,NIB,6,39,200,389.00,"77,800.00"
2020-01-29,2020012901013554,NIB,39,16,100,390.00,"39,000.00"
2020-01-29,2020012901013483,NIB,25,47,40,389.00,"15,560.00"
2020-01-29,2020012901013460,NIB,38,16,100,390.00,"39,000.00"
2020-01-29,2020012901013333,NIB,41,16,150,390.00,"58,500.00"
2020-01-29,2020012901013796,NICA,4,53,79,470.00,"37,130.00"
2020-01-29,2020012901013559,NICA,46,59,15,472.00,"7,080.00"
2020-01-29,2020012901013770,NICL,45,49,100,396.00,"39,600.00"
2020-01-29,2020012901013594,NICL,45,49,390,396.00,"154,440.00"
2020-01-29,2020012901013577,NICL,34,49,110,396.00,"43,560.00"
2020-01-29,2020012901013576,NICL,34,40,90,396.00,"35,640.00"
2020-01-29,2020012901013362,NICL,36,57,200,394.00,"78,800.00"
2020-01-29,2020012901013311,NICL,58,34,100,391.00,"39,100.00"
2020-01-29,2020012901013310,NICL,58,34,400,391.00,"156,400.00"
2020-01-29,2020012901013567,NICL,43,40,10,396.00,"3,960.00"
2020-01-29,2020012901013543,NICL,29,38,200,395.00,"79,000.00"
2020-01-29,2020012901013542,NICL,29,52,196,395.00,"77,420.00"
2020-01-29,2020012901013541,NICL,29,34,500,394.00,"197,000.00"
2020-01-29,2020012901013540,NICL,29,57,100,394.00,"39,400.00"
2020-01-29,2020012901013482,NICL,58,38,221,391.00,"86,411.00"
2020-01-29,2020012901013735,NIL,49,44,10,492.00,"4,920.00"
2020-01-29,2020012901013642,NIL,49,38,100,490.00,"49,000.00"
2020-01-29,2020012901013641,NIL,49,49,100,490.00,"49,000.00"
2020-01-29,2020012901013640,NIL,49,17,26,490.00,"12,740.00"
2020-01-29,2020012901013639,NIL,49,48,12,489.00,"5,868.00"
2020-01-29,2020012901013521,NIL,48,48,38,489.00,"18,582.00"
2020-01-29,2020012901013394,NIL,48,11,150,489.00,"73,350.00"
2020-01-29,2020012901013314,NIL,48,16,12,489.00,"5,868.00"
2020-01-29,2020012901013479,NLBBL,28,33,250,799.00,"199,750.00"
2020-01-29,2020012901013478,NLBBL,28,5,50,798.00,"39,900.00"
2020-01-29,2020012901013743,NLG,36,45,110,819.00,"90,090.00"
2020-01-29,2020012901013742,NLG,22,45,90,820.00,"73,800.00"
2020-01-29,2020012901013682,NLG,22,58,107,820.00,"87,740.00"
2020-01-29,2020012901013670,NLG,56,58,40,820.00,"32,800.00"
2020-01-29,2020012901013656,NLG,54,58,50,820.00,"41,000.00"
2020-01-29,2020012901013723,NLIC,44,58,100,"1,134.00","113,400.00"
2020-01-29,2020012901013588,NLIC,44,35,20,"1,134.00","22,680.00"
2020-01-29,2020012901013434,NLIC,56,48,837,"1,132.00","947,484.00"
2020-01-29,2020012901013433,NLIC,38,48,200,"1,132.00","226,400.00"
2020-01-29,2020012901013432,NLIC,51,48,163,"1,132.00","184,516.00"
2020-01-29,2020012901013400,NLIC,51,41,37,"1,132.00","41,884.00"
2020-01-29,2020012901013351,NLIC,50,56,178,"1,134.00","201,852.00"
2020-01-29,2020012901013618,NLICL,44,39,57,635.00,"36,195.00"
2020-01-29,2020012901013609,NLICL,43,59,10,640.00,"6,400.00"
2020-01-29,2020012901013585,NLICL,44,8,21,635.00,"13,335.00"
2020-01-29,2020012901013584,NLICL,37,8,54,635.00,"34,290.00"
2020-01-29,2020012901013583,NLICL,29,8,26,638.00,"16,588.00"
2020-01-29,2020012901013789,NMB,46,57,30,358.00,"10,740.00"
2020-01-29,2020012901013535,NMB,28,36,181,355.00,"64,255.00"
2020-01-29,2020012901013534,NMB,57,36,100,355.00,"35,500.00"
2020-01-29,2020012901013533,NMB,52,36,50,355.00,"17,750.00"
2020-01-29,2020012901013532,NMB,26,36,50,355.00,"17,750.00"
2020-01-29,2020012901013531,NMB,16,36,500,355.00,"177,500.00"
2020-01-29,2020012901013415,NMB,28,29,500,356.00,"178,000.00"
2020-01-29,2020012901013326,NMB,28,41,126,356.00,"44,856.00"
2020-01-29,2020012901013429,NMB,45,17,91,356.00,"32,396.00"
2020-01-29,2020012901013428,NMB,5,17,200,356.00,"71,200.00"
2020-01-29,2020012901013427,NMB,47,17,200,356.00,"71,200.00"
2020-01-29,2020012901013426,NMB,28,17,"1,000",356.00,"356,000.00"
2020-01-29,2020012901013425,NMB,10,17,200,356.00,"71,200.00"
2020-01-29,2020012901013424,NMB,28,17,309,356.00,"110,004.00"
2020-01-29,2020012901013530,NMB,45,36,200,355.00,"71,000.00"
2020-01-29,2020012901013529,NMB,6,36,300,355.00,"106,500.00"
2020-01-29,2020012901013528,NMB,59,36,40,355.00,"14,200.00"
2020-01-29,2020012901013527,NMB,35,36,100,355.00,"35,500.00"
2020-01-29,2020012901013526,NMB,45,36,50,355.00,"17,750.00"
2020-01-29,2020012901013525,NMB,45,36,409,356.00,"145,604.00"
2020-01-29,2020012901013580,NMBMF,45,56,100,904.00,"90,400.00"
2020-01-29,2020012901013579,NMBMF,45,57,100,903.00,"90,300.00"
2020-01-29,2020012901013557,NMBMF,45,10,100,899.00,"89,900.00"
2020-01-29,2020012901013556,NMBMF,45,7,200,899.00,"179,800.00"
2020-01-29,2020012901013517,NMBMF,45,48,50,887.00,"44,350.00"
2020-01-29,2020012901013422,NMBMF,14,35,200,880.00,"176,000.00"
2020-01-29,2020012901013564,NSEWA,45,1,10,690.00,"6,900.00"
2020-01-29,2020012901013355,NSEWA,29,16,130,681.00,"88,530.00"
2020-01-29,2020012901013354,NSEWA,29,56,10,680.00,"6,800.00"
2020-01-29,2020012901013620,NUBL,5,17,50,983.00,"49,150.00"
2020-01-29,2020012901013553,NUBL,58,17,10,983.00,"9,830.00"
2020-01-29,2020012901013306,NUBL,42,39,137,977.00,"133,849.00"
2020-01-29,2020012901013305,NUBL,50,39,130,978.00,"127,140.00"
2020-01-29,2020012901013304,NUBL,33,39,50,979.00,"48,950.00"
2020-01-29,2020012901013452,OHL,43,57,40,516.00,"20,640.00"
2020-01-29,2020012901013688,PCBL,39,58,10,269.00,"2,690.00"
2020-01-29,2020012901013516,PCBL,5,58,10,269.00,"2,690.00"
2020-01-29,2020012901013722,PLIC,53,49,10,543.00,"5,430.00"
2020-01-29,2020012901013709,PLIC,54,49,300,543.00,"162,900.00"
2020-01-29,2020012901013401,PLIC,38,34,"1,000",540.00,"540,000.00"
2020-01-29,2020012901013784,PRIN,44,45,10,408.00,"4,080.00"
2020-01-29,2020012901013731,PRVU,58,44,100,255.00,"25,500.00"
2020-01-29,2020012901013730,PRVU,4,44,"2,000",255.00,"510,000.00"
2020-01-29,2020012901013729,PRVU,51,44,30,255.00,"7,650.00"
2020-01-29,2020012901013728,PRVU,32,44,300,255.00,"76,500.00"
2020-01-29,2020012901013727,PRVU,49,44,"1,000",255.00,"255,000.00"
2020-01-29,2020012901013726,PRVU,58,44,611,255.00,"155,805.00"
2020-01-29,2020012901013378,PRVU,58,26,250,255.00,"63,750.00"
2020-01-29,2020012901013309,PRVU,58,46,"1,700",255.00,"433,500.00"
2020-01-29,2020012901013635,PRVU,6,44,100,256.00,"25,600.00"
2020-01-29,2020012901013593,PRVU,6,44,500,256.00,"128,000.00"
2020-01-29,2020012901013493,PRVU,58,48,200,255.00,"51,000.00"
2020-01-29,2020012901013423,PRVU,58,42,"1,500",255.00,"382,500.00"
2020-01-29,2020012901013409,PRVU,58,50,"1,000",255.00,"255,000.00"
2020-01-29,2020012901013608,RHPL,28,58,100,165.00,"16,500.00"
2020-01-29,2020012901013571,RHPL,28,29,"1,340",165.00,"221,100.00"
2020-01-29,2020012901013570,RHPL,6,29,560,165.00,"92,400.00"
2020-01-29,2020012901013569,RHPL,7,29,500,166.00,"83,000.00"
2020-01-29,2020012901013568,RHPL,32,29,100,166.00,"16,600.00"
2020-01-29,2020012901013360,RHPL,32,43,10,166.00,"1,660.00"
2020-01-29,2020012901013385,RLFL,48,55,193,140.00,"27,020.00"
2020-01-29,2020012901013384,RLFL,48,44,400,140.00,"56,000.00"
2020-01-29,2020012901013383,RLFL,48,1,200,140.00,"28,000.00"
2020-01-29,2020012901013382,RLFL,48,1,300,140.00,"42,000.00"
2020-01-29,2020012901013381,RLFL,48,32,83,140.00,"11,620.00"
2020-01-29,2020012901013380,RLFL,48,25,324,139.00,"45,036.00"
2020-01-29,2020012901013777,RMDC,49,26,850,690.00,"586,500.00"
2020-01-29,2020012901013776,RMDC,49,55,150,689.00,"103,350.00"
2020-01-29,2020012901013675,RMDC,49,49,67,688.00,"46,096.00"
2020-01-29,2020012901013674,RMDC,49,39,677,688.00,"465,776.00"
2020-01-29,2020012901013599,RMDC,22,49,33,688.00,"22,704.00"
2020-01-29,2020012901013561,RMDC,22,53,67,688.00,"46,096.00"
2020-01-29,2020012901013481,RMDC,1,39,234,688.00,"160,992.00"
2020-01-29,2020012901013448,RMDC,1,28,66,688.00,"45,408.00"
2020-01-29,2020012901013406,RMDC,45,28,234,688.00,"160,992.00"
2020-01-29,2020012901013405,RMDC,45,16,66,688.00,"45,408.00"
2020-01-29,2020012901013404,RMDC,45,43,200,688.00,"137,600.00"
2020-01-29,2020012901013793,RSDC,35,58,276,455.00,"125,580.00"
2020-01-29,2020012901013792,RSDC,16,49,100,454.00,"45,400.00"
2020-01-29,2020012901013769,RSDC,44,58,100,455.00,"45,500.00"
2020-01-29,2020012901013734,RSDC,59,58,50,455.00,"22,750.00"
2020-01-29,2020012901013633,RSDC,33,58,10,455.00,"4,550.00"
2020-01-29,2020012901013587,RSDC,16,47,15,454.00,"6,810.00"
2020-01-29,2020012901013461,RSDC,38,58,75,455.00,"34,125.00"
2020-01-29,2020012901013418,RSDC,16,41,20,454.00,"9,080.00"
2020-01-29,2020012901013364,RSDC,35,14,24,453.00,"10,872.00"
2020-01-29,2020012901013363,RSDC,38,14,76,453.00,"34,428.00"
2020-01-29,2020012901013325,RSDC,56,58,100,455.00,"45,500.00"
2020-01-29,2020012901013315,RSDC,38,37,200,453.00,"90,600.00"
2020-01-29,2020012901013733,SABSL,5,35,30,838.00,"25,140.00"
2020-01-29,2020012901013732,SABSL,5,13,10,837.00,"8,370.00"
2020-01-29,2020012901013700,SABSL,50,56,20,836.00,"16,720.00"
2020-01-29,2020012901013667,SABSL,34,34,10,829.00,"8,290.00"
2020-01-29,2020012901013634,SABSL,34,47,10,829.00,"8,290.00"
2020-01-29,2020012901013379,SABSL,50,45,10,829.00,"8,290.00"
2020-01-29,2020012901013353,SABSL,50,59,70,829.00,"58,030.00"
2020-01-29,2020012901013736,SBI,25,6,200,402.00,"80,400.00"
2020-01-29,2020012901013589,SCB,38,14,20,601.00,"12,020.00"
2020-01-29,2020012901013558,SCB,38,14,20,601.00,"12,020.00"
2020-01-29,2020012901013536,SCB,38,16,300,601.00,"180,300.00"
2020-01-29,2020012901013799,SDESI,41,45,20,869.00,"17,380.00"
2020-01-29,2020012901013787,SDESI,40,45,30,869.00,"26,070.00"
2020-01-29,2020012901013332,SDESI,40,45,50,869.00,"43,450.00"
2020-01-29,2020012901013330,SHINE,6,16,300,257.00,"77,100.00"
2020-01-29,2020012901013329,SHINE,6,16,120,257.00,"30,840.00"
2020-01-29,2020012901013778,SHIVM,45,7,300,508.00,"152,400.00"
2020-01-29,2020012901013636,SHIVM,47,43,500,508.00,"254,000.00"
2020-01-29,2020012901013578,SHIVM,38,43,50,509.00,"25,450.00"
2020-01-29,2020012901013421,SHIVM,47,36,500,508.00,"254,000.00"
2020-01-29,2020012901013359,SHIVM,6,41,50,507.00,"25,350.00"
2020-01-29,2020012901013350,SIC,25,6,50,679.00,"33,950.00"
2020-01-29,2020012901013790,SICL,58,5,50,"1,127.00","56,350.00"
2020-01-29,2020012901013745,SICL,5,5,10,"1,127.00","11,270.00"
2020-01-29,2020012901013738,SICL,57,58,50,"1,122.00","56,100.00"
2020-01-29,2020012901013737,SICL,56,58,50,"1,125.00","56,250.00"
2020-01-29,2020012901013603,SICL,57,45,61,"1,122.00","68,442.00"
2020-01-29,2020012901013602,SICL,39,45,39,"1,125.00","43,875.00"
2020-01-29,2020012901013549,SICL,42,5,100,"1,127.00","112,700.00"
2020-01-29,2020012901013393,SICL,4,4,100,"1,128.00","112,800.00"
2020-01-29,2020012901013356,SICL,4,5,400,"1,127.00","450,800.00"
2020-01-29,2020012901013757,SIFC,44,8,500,156.00,"78,000.00"
2020-01-29,2020012901013751,SIL,25,17,20,545.00,"10,900.00"
2020-01-29,2020012901013750,SIL,25,25,480,544.00,"261,120.00"
2020-01-29,2020012901013724,SIL,21,45,50,542.00,"27,100.00"
2020-01-29,2020012901013607,SIL,25,25,20,544.00,"10,880.00"
2020-01-29,2020012901013606,SIL,25,57,600,544.00,"326,400.00"
2020-01-29,2020012901013566,SIL,25,57,500,544.00,"272,000.00"
2020-01-29,2020012901013414,SIL,44,57,100,544.00,"54,400.00"
2020-01-29,2020012901013740,SJCL,35,33,260,157.00,"40,820.00"
2020-01-29,2020012901013739,SJCL,14,33,500,157.00,"78,500.00"
2020-01-29,2020012901013453,SJCL,54,56,100,158.00,"15,800.00"
2020-01-29,2020012901013308,SKBBL,50,34,30,980.00,"29,400.00"
2020-01-29,2020012901013307,SKBBL,50,58,50,980.00,"49,000.00"
2020-01-29,2020012901013783,SLBBL,54,6,200,803.00,"160,600.00"
2020-01-29,2020012901013782,SLBBL,54,14,50,803.00,"40,150.00"
2020-01-29,2020012901013408,SLBBL,22,11,100,800.00,"80,000.00"
2020-01-29,2020012901013399,SLBBL,40,35,20,801.00,"16,020.00"
2020-01-29,2020012901013537,SLBBL,40,44,17,802.00,"13,634.00"
2020-01-29,2020012901013673,SLBBL,34,57,50,803.00,"40,150.00"
2020-01-29,2020012901013721,SLBBL,34,21,10,801.00,"8,010.00"
2020-01-29,2020012901013648,SLBSL,22,49,120,817.00,"98,040.00"
2020-01-29,2020012901013470,SLBSL,47,49,50,817.00,"40,850.00"
2020-01-29,2020012901013469,SLBSL,47,48,50,815.00,"40,750.00"
2020-01-29,2020012901013797,SLICL,44,34,20,426.00,"8,520.00"
2020-01-29,2020012901013768,SLICL,1,52,50,425.00,"21,250.00"
2020-01-29,2020012901013575,SLICL,1,51,370,425.00,"157,250.00"
2020-01-29,2020012901013574,SLICL,43,51,100,425.00,"42,500.00"
2020-01-29,2020012901013573,SLICL,1,51,30,425.00,"12,750.00"
2020-01-29,2020012901013563,SLICL,1,37,270,425.00,"114,750.00"
2020-01-29,2020012901013523,SLICL,45,45,200,425.00,"85,000.00"
2020-01-29,2020012901013522,SLICL,45,45,100,425.00,"42,500.00"
2020-01-29,2020012901013397,SLICL,53,34,400,426.00,"170,400.00"
2020-01-29,2020012901013413,SMATA,29,37,80,790.00,"63,200.00"
2020-01-29,2020012901013524,SMFDB,42,55,50,735.00,"36,750.00"
2020-01-29,2020012901013798,SRBL,32,39,43,235.00,"10,105.00"
2020-01-29,2020012901013473,SRBL,32,41,832,235.00,"195,520.00"
2020-01-29,2020012901013472,SRBL,49,41,168,235.00,"39,480.00"
2020-01-29,2020012901013687,SWBBL,34,33,20,"1,123.00","22,460.00"
2020-01-29,2020012901013376,SWBBL,34,50,200,"1,122.00","224,400.00"
2020-01-29,2020012901013375,SWBBL,34,36,12,"1,122.00","13,464.00"
2020-01-29,2020012901013374,SWBBL,34,17,170,"1,120.00","190,400.00"
2020-01-29,2020012901013625,SWBBL,56,4,20,"1,116.00","22,320.00"
2020-01-29,2020012901013624,SWBBL,59,4,110,"1,116.00","122,760.00"
2020-01-29,2020012901013623,SWBBL,26,4,170,"1,117.00","189,890.00"
2020-01-29,2020012901013622,SWBBL,56,4,200,"1,118.00","223,600.00"
2020-01-29,2020012901013377,SWBBL,34,44,18,"1,124.00","20,232.00"
2020-01-29,2020012901013725,TMDBL,17,57,10,176.00,"1,760.00"
2020-01-29,2020012901013764,TRH,14,6,500,304.00,"152,000.00"
2020-01-29,2020012901013672,TRH,14,29,410,304.00,"124,640.00"
2020-01-29,2020012901013671,TRH,3,29,190,305.00,"57,950.00"
2020-01-29,2020012901013617,UFL,34,17,400,168.00,"67,200.00"
2020-01-29,2020012901013616,UFL,39,17,250,168.00,"42,000.00"
2020-01-29,2020012901013615,UFL,51,17,200,169.00,"33,800.00"
2020-01-29,2020012901013614,UFL,54,17,20,169.00,"3,380.00"
2020-01-29,2020012901013613,UFL,49,17,500,170.00,"85,000.00"
2020-01-29,2020012901013612,UFL,54,17,130,170.00,"22,100.00"
2020-01-29,2020012901013611,UFL,54,17,10,170.00,"1,700.00"
2020-01-29,2020012901013610,UFL,16,17,50,171.00,"8,550.00"
2020-01-29,2020012901013773,UIC,56,48,10,396.00,"3,960.00"
2020-01-29,2020012901013713,UIC,56,33,100,395.00,"39,500.00"
2020-01-29,2020012901013712,UIC,56,29,600,395.00,"237,000.00"
2020-01-29,2020012901013711,UIC,56,22,50,395.00,"19,750.00"
2020-01-29,2020012901013710,UIC,56,16,260,395.00,"102,700.00"
2020-01-29,2020012901013628,UIC,56,16,10,395.00,"3,950.00"
2020-01-29,2020012901013598,UIC,29,6,10,390.00,"3,900.00"
2020-01-29,2020012901013368,UIC,56,16,10,395.00,"3,950.00"
2020-01-29,2020012901013367,UIC,56,53,32,393.00,"12,576.00"
2020-01-29,2020012901013637,UMHL,7,47,14,107.00,"1,498.00"
2020-01-29,2020012901013508,UPPER,55,45,10,240.00,"2,400.00"
2020-01-29,2020012901013507,UPPER,39,45,35,240.00,"8,400.00"
2020-01-29,2020012901013706,UPPER,46,25,100,240.00,"24,000.00"
2020-01-29,2020012901013705,UPPER,52,25,250,240.00,"60,000.00"
2020-01-29,2020012901013704,UPPER,41,25,50,240.00,"12,000.00"
2020-01-29,2020012901013703,UPPER,16,25,500,240.00,"120,000.00"
2020-01-29,2020012901013702,UPPER,4,25,200,241.00,"48,200.00"
2020-01-29,2020012901013762,UPPER,58,39,140,240.00,"33,600.00"
2020-01-29,2020012901013707,UPPER,58,25,900,240.00,"216,000.00"
2020-01-29,2020012901013627,VLBS,34,33,13,929.00,"12,077.00"
2020-01-29,2020012901013701,WOMI,10,38,10,981.00,"9,810.00"
2020-01-29,2020012901013565,WOMI,34,59,10,982.00,"9,820.00"
2020-01-29,2020012901013546,WOMI,10,41,300,980.00,"294,000.00"
2020-01-29,2020012901013545,WOMI,10,48,590,980.00,"578,200.00"
2020-01-29,2020012901013544,WOMI,10,25,50,980.00,"49,000.00"
2020-01-29,2020012901013502,WOMI,34,48,10,980.00,"9,800.00"
2020-01-29,2020012901013358,WOMI,33,58,245,975.00,"238,875.00"
2020-01-29,2020012901013331,WOMI,52,58,90,975.00,"87,750.00"
2020-01-29,2020012901013319,WOMI,34,58,200,975.00,"195,000.00"
2020-01-29,2020012901013444,WOMI,10,40,288,978.00,"281,664.00"
2020-01-29,2020012901013443,WOMI,34,55,313,971.00,"303,923.00"
2020-01-29,2020012901013442,WOMI,34,55,10,971.00,"9,710.00"
2020-01-29,2020012901013441,WOMI,34,55,500,972.00,"486,000.00"
2020-01-29,2020012901013440,WOMI,34,55,61,975.00,"59,475.00"
2020-01-29,2020012901013388,WOMI,34,48,184,975.00,"179,400.00"
2020-01-29,2020012901013222,ADBL,13,17,850,386.00,"328,100.00"
2020-01-29,2020012901013221,ADBL,13,49,175,386.00,"67,550.00"
2020-01-29,2020012901013130,ADBL,38,38,148,385.00,"56,980.00"
2020-01-29,2020012901012803,AKJCL,58,38,20,55.00,"1,100.00"
2020-01-29,2020012901013239,ALBSL,22,7,150,720.00,"108,000.00"
2020-01-29,2020012901013238,ALBSL,22,55,50,719.00,"35,950.00"
2020-01-29,2020012901013070,ALBSL,32,7,40,720.00,"28,800.00"
2020-01-29,2020012901012826,ALBSL,32,38,10,720.00,"7,200.00"
2020-01-29,2020012901013291,ALICL,50,25,500,530.00,"265,000.00"
2020-01-29,2020012901013163,ALICL,50,25,"1,500",530.00,"795,000.00"
2020-01-29,2020012901013145,ALICL,25,43,500,531.00,"265,500.00"
2020-01-29,2020012901013073,ALICL,50,43,500,530.00,"265,000.00"
2020-01-29,2020012901013053,ALICL,50,5,50,530.00,"26,500.00"
2020-01-29,2020012901013001,ALICL,4,5,50,530.00,"26,500.00"
2020-01-29,2020012901012853,ALICL,4,25,450,530.00,"238,500.00"
2020-01-29,2020012901012852,ALICL,43,25,50,530.00,"26,500.00"
2020-01-29,2020012901012851,ALICL,55,25,500,530.00,"265,000.00"
2020-01-29,2020012901013031,API,33,20,300,116.00,"34,800.00"
2020-01-29,2020012901013300,BFC,8,6,10,96.00,960.00
2020-01-29,2020012901012881,BOKL,6,58,300,228.00,"68,400.00"
2020-01-29,2020012901012825,BOKL,11,58,500,228.00,"114,000.00"
2020-01-29,2020012901012824,BOKL,36,58,"1,000",228.00,"228,000.00"
2020-01-29,2020012901012823,BOKL,26,58,15,228.00,"3,420.00"
2020-01-29,2020012901012822,BOKL,17,58,100,229.00,"22,900.00"
2020-01-29,2020012901013099,BPCL,43,46,50,319.00,"15,950.00"
2020-01-29,2020012901012879,BPCL,38,46,150,319.00,"47,850.00"
2020-01-29,2020012901012917,CBBL,37,25,89,966.00,"85,974.00"
2020-01-29,2020012901012916,CBBL,57,25,66,966.00,"63,756.00"
2020-01-29,2020012901012915,CBBL,57,4,64,966.00,"61,824.00"
2020-01-29,2020012901012914,CBBL,5,4,20,967.00,"19,340.00"
2020-01-29,2020012901012913,CBBL,14,4,16,967.00,"15,472.00"
2020-01-29,2020012901012887,CBBL,14,4,484,967.00,"468,028.00"
2020-01-29,2020012901012886,CBBL,51,4,34,967.00,"32,878.00"
2020-01-29,2020012901012885,CBBL,17,4,182,968.00,"176,176.00"
2020-01-29,2020012901013218,CBL,43,39,304,144.00,"43,776.00"
2020-01-29,2020012901013096,CBL,33,46,458,145.00,"66,410.00"
2020-01-29,2020012901013264,CCBL,51,39,10,179.00,"1,790.00"
2020-01-29,2020012901013263,CCBL,33,39,10,179.00,"1,790.00"
2020-01-29,2020012901013262,CCBL,45,39,100,179.00,"17,900.00"
2020-01-29,2020012901013261,CCBL,45,39,29,179.00,"5,191.00"
2020-01-29,2020012901013107,CCBL,45,45,"1,971",179.00,"352,809.00"
2020-01-29,2020012901013106,CCBL,44,45,29,179.00,"5,191.00"
2020-01-29,2020012901013180,CHCL,45,48,99,415.00,"41,085.00"
2020-01-29,2020012901012992,CHCL,45,38,100,415.00,"41,500.00"
2020-01-29,2020012901013257,CIT,20,16,50,"2,315.00","115,750.00"
2020-01-29,2020012901012876,CZBIL,49,13,300,193.00,"57,900.00"
2020-01-29,2020012901012875,CZBIL,49,43,558,193.00,"107,694.00"
2020-01-29,2020012901012874,CZBIL,49,17,543,193.00,"104,799.00"
2020-01-29,2020012901013259,DDBL,33,22,100,870.00,"87,000.00"
2020-01-29,2020012901013119,DDBL,38,44,21,871.00,"18,291.00"
2020-01-29,2020012901012934,EBL,44,51,100,614.00,"61,400.00"
2020-01-29,2020012901012933,EBL,44,52,150,614.00,"92,100.00"
2020-01-29,2020012901013113,EDBL,20,32,264,334.00,"88,176.00"
2020-01-29,2020012901013244,EIC,39,34,100,378.00,"37,800.00"
2020-01-29,2020012901013234,EIC,17,34,50,378.00,"18,900.00"
2020-01-29,2020012901013233,EIC,56,34,450,378.00,"170,100.00"
2020-01-29,2020012901013232,EIC,1,34,100,379.00,"37,900.00"
2020-01-29,2020012901013231,EIC,45,34,100,379.00,"37,900.00"
2020-01-29,2020012901013043,EIC,56,38,50,378.00,"18,900.00"
2020-01-29,2020012901013042,EIC,50,38,300,378.00,"113,400.00"
2020-01-29,2020012901013041,EIC,52,38,300,378.00,"113,400.00"
2020-01-29,2020012901013040,EIC,10,38,300,378.00,"113,400.00"
2020-01-29,2020012901013039,EIC,45,38,50,378.00,"18,900.00"
2020-01-29,2020012901012854,EIC,45,22,100,378.00,"37,800.00"
2020-01-29,2020012901013283,FMDBL,25,53,81,453.00,"36,693.00"
2020-01-29,2020012901013278,FMDBL,49,3,91,450.00,"40,950.00"
2020-01-29,2020012901013277,FMDBL,59,3,20,450.00,"9,000.00"
2020-01-29,2020012901013276,FMDBL,40,3,200,450.00,"90,000.00"
2020-01-29,2020012901013275,FMDBL,14,3,500,450.00,"225,000.00"
2020-01-29,2020012901013274,FMDBL,39,3,100,452.00,"45,200.00"
2020-01-29,2020012901013026,FMDBL,6,41,117,455.00,"53,235.00"
2020-01-29,2020012901012982,FMDBL,34,25,56,453.00,"25,368.00"
2020-01-29,2020012901012981,FMDBL,25,25,61,454.00,"27,694.00"
2020-01-29,2020012901012898,FMDBL,49,51,50,456.00,"22,800.00"
2020-01-29,2020012901013273,FMDBL,39,3,100,452.00,"45,200.00"
2020-01-29,2020012901013200,FMDBL,34,53,327,453.00,"148,131.00"
2020-01-29,2020012901013129,FMDBL,34,35,617,453.00,"279,501.00"
2020-01-29,2020012901013128,FMDBL,44,35,100,455.00,"45,500.00"
2020-01-29,2020012901013127,FMDBL,6,35,283,455.00,"128,765.00"
2020-01-29,2020012901013055,FMDBL,34,51,30,456.00,"13,680.00"
2020-01-29,2020012901013220,GBBL,45,22,57,232.00,"13,224.00"
2020-01-29,2020012901013219,GBBL,45,33,43,232.00,"9,976.00"
2020-01-29,2020012901012918,GBBL,48,3,90,230.00,"20,700.00"
2020-01-29,2020012901012860,GBBL,48,4,50,230.00,"11,500.00"
2020-01-29,2020012901012814,GBBL,4,33,157,232.00,"36,424.00"
2020-01-29,2020012901012813,GBBL,4,46,19,232.00,"4,408.00"
2020-01-29,2020012901012812,GBBL,4,55,100,232.00,"23,200.00"
2020-01-29,2020012901012811,GBBL,4,1,598,232.00,"138,736.00"
2020-01-29,2020012901012810,GBBL,4,33,226,231.00,"52,206.00"
2020-01-29,2020012901012809,GBBL,4,39,"1,000",231.00,"231,000.00"
2020-01-29,2020012901013158,GBIME,11,35,30,287.00,"8,610.00"
2020-01-29,2020012901013157,GBIME,41,35,60,287.00,"17,220.00"
2020-01-29,2020012901013065,GBIME,44,58,50,288.00,"14,400.00"
2020-01-29,2020012901012912,GBIME,41,55,290,287.00,"83,230.00"
2020-01-29,2020012901012911,GBIME,42,55,275,287.00,"78,925.00"
2020-01-29,2020012901012862,GBIME,36,58,500,288.00,"144,000.00"
2020-01-29,2020012901013088,GBLBS,58,56,220,462.00,"101,640.00"
2020-01-29,2020012901013002,GBLBS,32,48,300,465.00,"139,500.00"
2020-01-29,2020012901012940,GBLBS,33,46,200,463.00,"92,600.00"
2020-01-29,2020012901012891,GBLBS,39,56,150,464.00,"69,600.00"
2020-01-29,2020012901012890,GBLBS,58,56,20,464.00,"9,280.00"
2020-01-29,2020012901012889,GBLBS,57,56,375,464.00,"174,000.00"
2020-01-29,2020012901013255,GGBSL,42,48,20,926.00,"18,520.00"
2020-01-29,2020012901013254,GGBSL,42,10,10,926.00,"9,260.00"
2020-01-29,2020012901013253,GGBSL,42,25,50,925.00,"46,250.00"
2020-01-29,2020012901013252,GGBSL,42,39,40,924.00,"36,960.00"
2020-01-29,2020012901012900,GGBSL,3,6,10,918.00,"9,180.00"
2020-01-29,2020012901012899,GGBSL,3,14,20,918.00,"18,360.00"
2020-01-29,2020012901012909,GILB,7,58,52,"1,325.00","68,900.00"
2020-01-29,2020012901012908,GILB,7,1,50,"1,325.00","66,250.00"
2020-01-29,2020012901012907,GILB,7,38,48,"1,324.00","63,552.00"
2020-01-29,2020012901012829,GLBSL,34,22,100,700.00,"70,000.00"
2020-01-29,2020012901013269,GLICL,26,43,324,691.00,"223,884.00"
2020-01-29,2020012901013268,GLICL,7,43,176,692.00,"121,792.00"
2020-01-29,2020012901013133,GMFBS,28,55,40,849.00,"33,960.00"
2020-01-29,2020012901013132,GMFBS,28,46,120,845.00,"101,400.00"
2020-01-29,2020012901013131,GMFBS,28,13,40,844.00,"33,760.00"
2020-01-29,2020012901012985,GRDBL,39,38,200,117.00,"23,400.00"
2020-01-29,2020012901012984,GRDBL,39,37,210,116.00,"24,360.00"
2020-01-29,2020012901012968,GRDBL,39,52,500,115.00,"57,500.00"
2020-01-29,2020012901012967,GRDBL,39,36,500,115.00,"57,500.00"
2020-01-29,2020012901012966,GRDBL,39,44,282,115.00,"32,430.00"
2020-01-29,2020012901012965,GRDBL,39,54,500,114.00,"57,000.00"
2020-01-29,2020012901013112,HBL,7,58,10,500.00,"5,000.00"
2020-01-29,2020012901013111,HBL,57,58,200,500.00,"100,000.00"
2020-01-29,2020012901013110,HBL,37,58,100,500.00,"50,000.00"
2020-01-29,2020012901013109,HBL,45,58,191,500.00,"95,500.00"
2020-01-29,2020012901013108,HBL,29,58,200,501.00,"100,200.00"
2020-01-29,2020012901013272,HDL,45,21,440,"1,212.00","533,280.00"
2020-01-29,2020012901013271,HDL,43,21,50,"1,212.00","60,600.00"
2020-01-29,2020012901013270,HDL,17,21,50,"1,213.00","60,650.00"
2020-01-29,2020012901013215,HDL,14,56,100,"1,217.00","121,700.00"
2020-01-29,2020012901013208,HDL,14,53,50,"1,217.00","60,850.00"
2020-01-29,2020012901013201,HDL,49,53,100,"1,217.00","121,700.00"
2020-01-29,2020012901013080,HDL,52,48,45,"1,213.00","54,585.00"
2020-01-29,2020012901013079,HDL,57,48,200,"1,213.00","242,600.00"
2020-01-29,2020012901013078,HDL,13,48,60,"1,213.00","72,780.00"
2020-01-29,2020012901013077,HDL,35,48,100,"1,215.00","121,500.00"
2020-01-29,2020012901013076,HDL,56,48,200,"1,215.00","243,000.00"
2020-01-29,2020012901013075,HDL,59,48,45,"1,216.00","54,720.00"
2020-01-29,2020012901013256,HGI,50,32,10,378.00,"3,780.00"
2020-01-29,2020012901013235,HGI,34,35,300,380.00,"114,000.00"
2020-01-29,2020012901013095,HGI,58,36,300,379.00,"113,700.00"
2020-01-29,2020012901013056,HGI,58,35,500,380.00,"190,000.00"
2020-01-29,2020012901013030,HGI,50,36,300,378.00,"113,400.00"
2020-01-29,2020012901012994,HGI,58,35,950,380.00,"361,000.00"
2020-01-29,2020012901012993,HGI,58,22,50,380.00,"19,000.00"
2020-01-29,2020012901013217,HIDCL,6,5,500,135.00,"67,500.00"
2020-01-29,2020012901013210,IGI,6,45,48,422.00,"20,256.00"
2020-01-29,2020012901013209,IGI,6,36,52,422.00,"21,944.00"
2020-01-29,2020012901012923,IGI,40,29,297,430.00,"127,710.00"
2020-01-29,2020012901012922,IGI,40,41,92,430.00,"39,560.00"
2020-01-29,2020012901012921,IGI,40,55,111,425.00,"47,175.00"
2020-01-29,2020012901012897,IGI,42,16,50,425.00,"21,250.00"
2020-01-29,2020012901012896,IGI,42,16,147,420.00,"61,740.00"
2020-01-29,2020012901012895,IGI,42,25,100,419.00,"41,900.00"
2020-01-29,2020012901013063,ILBS,41,25,10,829.00,"8,290.00"
2020-01-29,2020012901013062,ILBS,41,29,10,828.00,"8,280.00"
2020-01-29,2020012901013061,ILBS,41,13,10,827.00,"8,270.00"
2020-01-29,2020012901013060,ILBS,41,52,100,827.00,"82,700.00"
2020-01-29,2020012901013059,ILBS,41,38,150,825.00,"123,750.00"
2020-01-29,2020012901013295,KADBL,4,44,10,268.00,"2,680.00"
2020-01-29,2020012901013294,KADBL,4,57,90,265.00,"23,850.00"
2020-01-29,2020012901013267,KKHC,36,35,10,55.00,550.00
2020-01-29,2020012901012932,KPCL,29,38,10,88.00,880.00
2020-01-29,2020012901013176,KPCL,29,35,10,88.00,880.00
2020-01-29,2020012901013260,LBL,52,42,100,212.00,"21,200.00"
2020-01-29,2020012901012828,LBL,49,42,70,212.00,"14,840.00"
2020-01-29,2020012901013067,LGIL,13,17,150,451.00,"67,650.00"
2020-01-29,2020012901013024,LGIL,20,17,200,451.00,"90,200.00"
2020-01-29,2020012901012978,LGIL,26,17,200,451.00,"90,200.00"
2020-01-29,2020012901012977,LGIL,38,17,450,451.00,"202,950.00"
2020-01-29,2020012901013265,LICN,25,42,10,"1,253.00","12,530.00"
2020-01-29,2020012901012983,LLBS,39,39,101,"1,048.00","105,848.00"
2020-01-29,2020012901012991,MEGA,32,44,500,197.00,"98,500.00"
2020-01-29,2020012901012990,MEGA,32,44,82,197.00,"16,154.00"
2020-01-29,2020012901012954,MEGA,32,39,12,197.00,"2,364.00"
2020-01-29,2020012901012953,MEGA,32,29,406,197.00,"79,982.00"
2020-01-29,2020012901012952,MEGA,32,29,300,197.00,"59,100.00"
2020-01-29,2020012901012951,MEGA,56,29,57,197.00,"11,229.00"
2020-01-29,2020012901013214,MERO,16,6,200,675.00,"135,000.00"
2020-01-29,2020012901013213,MERO,16,42,121,675.00,"81,675.00"
2020-01-29,2020012901013212,MERO,16,7,50,675.00,"33,750.00"
2020-01-29,2020012901013199,MERO,41,42,14,675.00,"9,450.00"
2020-01-29,2020012901013198,MERO,41,32,186,675.00,"125,550.00"
2020-01-29,2020012901012980,MERO,41,35,20,671.00,"13,420.00"
2020-01-29,2020012901013094,MERO,55,26,50,675.00,"33,750.00"
2020-01-29,2020012901013074,MERO,55,43,50,674.00,"33,700.00"
2020-01-29,2020012901013139,MERO,16,42,50,675.00,"33,750.00"
2020-01-29,2020012901013138,MERO,16,58,300,675.00,"202,500.00"
2020-01-29,2020012901013137,MERO,16,57,150,675.00,"101,250.00"
2020-01-29,2020012901013136,MERO,16,41,30,675.00,"20,250.00"
2020-01-29,2020012901013135,MERO,16,26,154,675.00,"103,950.00"
2020-01-29,2020012901013134,MERO,16,49,49,674.00,"33,026.00"
2020-01-29,2020012901013171,MERO,41,43,10,671.00,"6,710.00"
2020-01-29,2020012901013144,MERO,16,32,14,675.00,"9,450.00"
2020-01-29,2020012901013143,MERO,16,44,30,675.00,"20,250.00"
2020-01-29,2020012901013142,MERO,16,32,50,675.00,"33,750.00"
2020-01-29,2020012901013141,MERO,16,49,23,675.00,"15,525.00"
2020-01-29,2020012901013140,MERO,16,1,50,675.00,"33,750.00"
2020-01-29,2020012901013034,MLBL,28,29,348,202.00,"70,296.00"
2020-01-29,2020012901013225,MNBBL,32,11,210,320.00,"67,200.00"
2020-01-29,2020012901013224,MNBBL,32,6,71,320.00,"22,720.00"
2020-01-29,2020012901013223,MNBBL,32,28,88,320.00,"28,160.00"
2020-01-29,2020012901012906,MPFL,36,57,165,153.00,"25,245.00"
2020-01-29,2020012901012905,MPFL,36,33,300,153.00,"45,900.00"
2020-01-29,2020012901012904,MPFL,36,28,35,153.00,"5,355.00"
2020-01-29,2020012901013245,MSMBS,17,47,10,768.00,"7,680.00"
2020-01-29,2020012901013205,NABIL,3,48,100,724.00,"72,400.00"
2020-01-29,2020012901013204,NABIL,3,6,23,724.00,"16,652.00"
2020-01-29,2020012901013100,NBB,55,14,500,200.00,"100,000.00"
2020-01-29,2020012901013038,NBB,55,56,165,200.00,"33,000.00"
2020-01-29,2020012901013037,NBB,48,56,185,200.00,"37,000.00"
2020-01-29,2020012901012919,NBB,45,49,48,201.00,"9,648.00"
2020-01-29,2020012901012866,NBB,48,16,315,200.00,"63,000.00"
2020-01-29,2020012901012865,NBB,6,16,290,200.00,"58,000.00"
2020-01-29,2020012901012827,NBB,6,25,"3,000",200.00,"600,000.00"
2020-01-29,2020012901012878,NBL,16,38,600,269.00,"161,400.00"
2020-01-29,2020012901012877,NBL,16,44,"4,700",269.00,"1,264,300.00"
2020-01-29,2020012901012964,NCCB,25,52,185,196.00,"36,260.00"
2020-01-29,2020012901012859,NCCB,54,44,277,195.00,"54,015.00"
2020-01-29,2020012901012858,NCCB,45,44,300,195.00,"58,500.00"
2020-01-29,2020012901012857,NCCB,21,44,261,195.00,"50,895.00"
2020-01-29,2020012901012856,NCCB,55,44,500,195.00,"97,500.00"
2020-01-29,2020012901012855,NCCB,47,44,400,195.00,"78,000.00"
2020-01-29,2020012901012836,NCCB,35,52,100,196.00,"19,600.00"
2020-01-29,2020012901013290,NIB,51,16,205,390.00,"79,950.00"
2020-01-29,2020012901013289,NIB,51,20,295,390.00,"115,050.00"
2020-01-29,2020012901012950,NIB,10,20,100,390.00,"39,000.00"
2020-01-29,2020012901012949,NIB,42,20,20,390.00,"7,800.00"
2020-01-29,2020012901012948,NIB,14,20,25,390.00,"9,750.00"
2020-01-29,2020012901012947,NIB,26,20,100,390.00,"39,000.00"
2020-01-29,2020012901012946,NIB,56,20,50,390.00,"19,500.00"
2020-01-29,2020012901012805,NIBPO,10,35,130,364.00,"47,320.00"
2020-01-29,2020012901013202,NICA,13,25,794,471.00,"373,974.00"
2020-01-29,2020012901013123,NICA,21,25,100,471.00,"47,100.00"
2020-01-29,2020012901013033,NICA,4,17,755,470.00,"354,850.00"
2020-01-29,2020012901013003,NICA,47,17,200,470.00,"94,000.00"
2020-01-29,2020012901012910,NICA,50,17,80,470.00,"37,600.00"
2020-01-29,2020012901013237,NIL,36,33,110,488.00,"53,680.00"
2020-01-29,2020012901013284,NLBBL,11,33,50,799.00,"39,950.00"
2020-01-29,2020012901012945,NLBBL,16,33,416,801.00,"333,216.00"
2020-01-29,2020012901012944,NLBBL,16,48,90,800.00,"72,000.00"
2020-01-29,2020012901012943,NLBBL,16,42,94,800.00,"75,200.00"
2020-01-29,2020012901012942,NLBBL,16,16,100,800.00,"80,000.00"
2020-01-29,2020012901013197,NLG,28,58,100,820.00,"82,000.00"
2020-01-29,2020012901013196,NLG,55,58,100,820.00,"82,000.00"
2020-01-29,2020012901013195,NLG,10,58,41,820.00,"33,620.00"
2020-01-29,2020012901013194,NLG,49,58,200,821.00,"164,200.00"
2020-01-29,2020012901013193,NLG,45,58,11,823.00,"9,053.00"
2020-01-29,2020012901013192,NLG,45,58,11,823.00,"9,053.00"
2020-01-29,2020012901013191,NLG,14,58,30,823.00,"24,690.00"
2020-01-29,2020012901013190,NLG,35,58,100,823.00,"82,300.00"
2020-01-29,2020012901013159,NLG,33,34,125,824.00,"103,000.00"
2020-01-29,2020012901013216,NLIC,50,44,922,"1,134.00","1,045,548.00"
2020-01-29,2020012901013120,NLIC,41,10,12,"1,133.00","13,596.00"
2020-01-29,2020012901013116,NLIC,48,44,10,"1,134.00","11,340.00"
2020-01-29,2020012901013105,NLIC,41,48,379,"1,133.00","429,407.00"
2020-01-29,2020012901013104,NLIC,38,48,200,"1,133.00","226,600.00"
2020-01-29,2020012901013066,NLIC,58,44,268,"1,134.00","303,912.00"
2020-01-29,2020012901013016,NLIC,58,46,265,"1,134.00","300,510.00"
2020-01-29,2020012901013015,NLIC,6,46,50,"1,135.00","56,750.00"
2020-01-29,2020012901013014,NLIC,48,46,128,"1,135.00","145,280.00"
2020-01-29,2020012901013000,NLIC,48,42,20,"1,135.00","22,700.00"
2020-01-29,2020012901013299,NLICL,29,37,100,638.00,"63,800.00"
2020-01-29,2020012901013298,NLICL,29,8,58,638.00,"37,004.00"
2020-01-29,2020012901013297,NLICL,38,8,50,638.00,"31,900.00"
2020-01-29,2020012901012888,NLICL,37,39,11,635.00,"6,985.00"
2020-01-29,2020012901013115,NMB,43,36,50,357.00,"17,850.00"
2020-01-29,2020012901012861,NMB,51,36,20,357.00,"7,140.00"
2020-01-29,2020012901012802,NMB,28,1,650,356.00,"231,400.00"
2020-01-29,2020012901012801,NMB,44,1,50,357.00,"17,850.00"
2020-01-29,2020012901013093,NMBMF,33,53,500,879.00,"439,500.00"
2020-01-29,2020012901013092,NMBMF,33,7,190,879.00,"167,010.00"
2020-01-29,2020012901012939,NMBMF,1,7,10,879.00,"8,790.00"
2020-01-29,2020012901013081,NMFBS,33,52,24,"1,649.00","39,576.00"
2020-01-29,2020012901013028,NMFBS,33,52,10,"1,649.00","16,490.00"
2020-01-29,2020012901013027,NMFBS,33,39,14,"1,640.00","22,960.00"
2020-01-29,2020012901012920,NTC,33,35,65,620.00,"40,300.00"
2020-01-29,2020012901012867,NTC,33,45,35,619.00,"21,665.00"
2020-01-29,2020012901012830,NTC,59,45,100,619.00,"61,900.00"
2020-01-29,2020012901012864,OHL,56,57,968,512.00,"495,616.00"
2020-01-29,2020012901012863,OHL,56,57,532,512.00,"272,384.00"
2020-01-29,2020012901013025,PCBL,21,5,470,268.00,"125,960.00"
2020-01-29,2020012901013005,PCBL,21,1,330,268.00,"88,440.00"
2020-01-29,2020012901012931,PCBL,32,5,"1,000",267.00,"267,000.00"
2020-01-29,2020012901012930,PCBL,49,5,50,267.00,"13,350.00"
2020-01-29,2020012901012929,PCBL,44,5,50,267.00,"13,350.00"
2020-01-29,2020012901012928,PCBL,42,5,50,267.00,"13,350.00"
2020-01-29,2020012901012927,PCBL,37,5,200,267.00,"53,400.00"
2020-01-29,2020012901012926,PCBL,32,5,141,267.00,"37,647.00"
2020-01-29,2020012901012925,PCBL,52,5,85,267.00,"22,695.00"
2020-01-29,2020012901012924,PCBL,59,5,100,268.00,"26,800.00"
2020-01-29,2020012901012963,PIC,56,3,154,537.00,"82,698.00"
2020-01-29,2020012901012962,PIC,21,3,46,537.00,"24,702.00"
2020-01-29,2020012901013236,PICL,34,58,10,670.00,"6,700.00"
2020-01-29,2020012901013052,PICL,34,58,"1,500",665.00,"997,500.00"
2020-01-29,2020012901013051,PICL,44,58,200,666.00,"133,200.00"
2020-01-29,2020012901013050,PICL,7,58,200,666.00,"133,200.00"
2020-01-29,2020012901013049,PICL,52,58,54,666.00,"35,964.00"
2020-01-29,2020012901013048,PICL,16,58,100,667.00,"66,700.00"
2020-01-29,2020012901013047,PICL,38,58,200,667.00,"133,400.00"
2020-01-29,2020012901013046,PICL,16,58,125,667.00,"83,375.00"
2020-01-29,2020012901013045,PICL,16,58,100,668.00,"66,800.00"
2020-01-29,2020012901013044,PICL,35,58,320,668.00,"213,760.00"
2020-01-29,2020012901013282,PLIC,38,49,500,540.00,"270,000.00"
2020-01-29,2020012901013281,PLIC,37,49,300,540.00,"162,000.00"
2020-01-29,2020012901013280,PLIC,16,49,500,540.00,"270,000.00"
2020-01-29,2020012901013279,PLIC,14,49,392,540.00,"211,680.00"
2020-01-29,2020012901013258,PLIC,14,22,40,540.00,"21,600.00"
2020-01-29,2020012901013179,PLIC,34,49,"1,000",541.00,"541,000.00"
2020-01-29,2020012901013150,PLIC,25,58,10,542.00,"5,420.00"
2020-01-29,2020012901013102,PLIC,58,58,500,543.00,"271,500.00"
2020-01-29,2020012901013101,PLIC,21,58,375,543.00,"203,625.00"
2020-01-29,2020012901013178,PLIC,16,49,500,541.00,"270,500.00"
2020-01-29,2020012901013161,PLIC,21,49,488,543.00,"264,984.00"
2020-01-29,2020012901013160,PLIC,21,8,12,542.00,"6,504.00"
2020-01-29,2020012901013153,PLIC,34,58,700,542.00,"379,400.00"
2020-01-29,2020012901013152,PLIC,40,58,190,542.00,"102,980.00"
2020-01-29,2020012901013151,PLIC,34,58,"1,000",542.00,"542,000.00"
2020-01-29,2020012901012955,PMHPL,39,38,10,86.00,860.00
2020-01-29,2020012901013146,PPCL,38,36,10,124.00,"1,240.00"
2020-01-29,2020012901013207,PRIN,36,17,800,407.00,"325,600.00"
2020-01-29,2020012901013064,PRIN,41,17,200,407.00,"81,400.00"
2020-01-29,2020012901012873,PROFL,1,39,889,103.00,"91,567.00"
2020-01-29,2020012901012872,PROFL,34,39,"1,000",103.00,"103,000.00"
2020-01-29,2020012901012871,PROFL,1,39,"1,000",104.00,"104,000.00"
2020-01-29,2020012901012850,PROFL,17,39,"1,000",105.00,"105,000.00"
2020-01-29,2020012901012849,PROFL,38,39,100,105.00,"10,500.00"
2020-01-29,2020012901012848,PROFL,1,39,"1,000",105.00,"105,000.00"
2020-01-29,2020012901012847,PROFL,52,39,364,105.00,"38,220.00"
2020-01-29,2020012901012846,PROFL,39,39,280,106.00,"29,680.00"
2020-01-29,2020012901012845,PROFL,55,39,167,106.00,"17,702.00"
2020-01-29,2020012901012835,PROFL,55,39,133,106.00,"14,098.00"
2020-01-29,2020012901013229,PRVU,58,53,"3,000",255.00,"765,000.00"
2020-01-29,2020012901012841,PRVU,58,42,50,255.00,"12,750.00"
2020-01-29,2020012901012831,PRVU,58,44,200,255.00,"51,000.00"
2020-01-29,2020012901013004,RBCL,20,40,10,"8,821.00","88,210.00"
2020-01-29,2020012901012938,RBCL,28,8,10,"8,831.00","88,310.00"
2020-01-29,2020012901012937,RBCL,32,8,10,"8,851.00","88,510.00"
2020-01-29,2020012901012936,RBCL,13,8,10,"8,860.00","88,600.00"
2020-01-29,2020012901012935,RBCL,14,8,40,"8,861.00","354,440.00"
2020-01-29,2020012901013091,RHPL,32,52,40,166.00,"6,640.00"
2020-01-29,2020012901013023,RHPL,8,43,"6,000",166.00,"996,000.00"
2020-01-29,2020012901012969,RHPL,32,38,40,166.00,"6,640.00"
2020-01-29,2020012901012840,RHPL,32,38,40,166.00,"6,640.00"
2020-01-29,2020012901012808,RHPL,36,38,30,167.00,"5,010.00"
2020-01-29,2020012901012807,RHPL,36,38,20,167.00,"3,340.00"
2020-01-29,2020012901012941,RMDC,17,42,20,682.00,"13,640.00"
2020-01-29,2020012901012838,RMDC,36,20,110,681.00,"74,910.00"
2020-01-29,2020012901013288,RSDC,54,58,100,455.00,"45,500.00"
2020-01-29,2020012901013162,RSDC,38,57,200,453.00,"90,600.00"
2020-01-29,2020012901013071,RSDC,38,8,14,453.00,"6,342.00"
2020-01-29,2020012901012868,RSDC,13,58,100,455.00,"45,500.00"
2020-01-29,2020012901012839,RSDC,58,58,25,455.00,"11,375.00"
2020-01-29,2020012901012834,RSDC,46,38,600,456.00,"273,600.00"
2020-01-29,2020012901012833,RSDC,46,46,100,456.00,"45,600.00"
2020-01-29,2020012901012832,RSDC,46,17,300,456.00,"136,800.00"
2020-01-29,2020012901013293,SABSL,18,59,980,827.00,"810,460.00"
2020-01-29,2020012901013292,SABSL,42,59,20,828.00,"16,560.00"
2020-01-29,2020012901013249,SABSL,18,59,500,829.00,"414,500.00"
2020-01-29,2020012901013248,SABSL,16,59,190,830.00,"157,700.00"
2020-01-29,2020012901013247,SABSL,50,59,40,830.00,"33,200.00"
2020-01-29,2020012901013246,SABSL,34,59,200,831.00,"166,200.00"
2020-01-29,2020012901012999,SABSL,50,42,10,830.00,"8,300.00"
2020-01-29,2020012901012995,SANIMA,25,20,500,343.00,"171,500.00"
2020-01-29,2020012901012870,SANIMA,3,49,100,344.00,"34,400.00"
2020-01-29,2020012901012884,SBL,25,45,68,310.00,"21,080.00"
2020-01-29,2020012901012883,SBL,58,45,50,310.00,"15,500.00"
2020-01-29,2020012901012882,SBL,50,45,482,310.00,"149,420.00"
2020-01-29,2020012901013230,SCB,38,47,20,601.00,"12,020.00"
2020-01-29,2020012901012817,SCB,52,44,18,602.00,"10,836.00"
2020-01-29,2020012901012816,SCB,42,44,100,603.00,"60,300.00"
2020-01-29,2020012901012815,SCB,58,44,54,603.00,"32,562.00"
2020-01-29,2020012901013057,SCB,3,44,60,602.00,"36,120.00"
2020-01-29,2020012901012821,SCB,39,44,50,602.00,"30,100.00"
2020-01-29,2020012901012820,SCB,29,44,100,602.00,"60,200.00"
2020-01-29,2020012901012819,SCB,29,44,100,602.00,"60,200.00"
2020-01-29,2020012901012818,SCB,35,44,30,602.00,"18,060.00"
2020-01-29,2020012901013068,SDESI,45,35,500,869.00,"434,500.00"
2020-01-29,2020012901013036,SDESI,16,35,500,869.00,"434,500.00"
2020-01-29,2020012901013035,SDESI,16,25,500,868.00,"434,000.00"
2020-01-29,2020012901013029,SDESI,40,51,23,867.00,"19,941.00"
2020-01-29,2020012901012979,SDESI,25,45,13,867.00,"11,271.00"
2020-01-29,2020012901012837,SDESI,40,36,42,856.00,"35,952.00"
2020-01-29,2020012901012998,SHIVM,6,52,55,507.00,"27,885.00"
2020-01-29,2020012901012997,SHIVM,40,52,45,507.00,"22,815.00"
2020-01-29,2020012901013175,SICL,39,5,11,"1,125.00","12,375.00"
2020-01-29,2020012901012987,SICL,51,4,100,"1,128.00","112,800.00"
2020-01-29,2020012901012986,SICL,39,4,17,"1,128.00","19,176.00"
2020-01-29,2020012901012893,SICL,35,17,60,"1,130.00","67,800.00"
2020-01-29,2020012901013010,SICL,6,5,50,"1,125.00","56,250.00"
2020-01-29,2020012901013009,SICL,40,5,18,"1,125.00","20,250.00"
2020-01-29,2020012901013008,SICL,50,5,50,"1,126.00","56,300.00"
2020-01-29,2020012901013007,SICL,50,5,50,"1,126.00","56,300.00"
2020-01-29,2020012901013006,SICL,33,5,100,"1,127.00","112,700.00"
2020-01-29,2020012901012988,SICL,58,4,200,"1,128.00","225,600.00"
2020-01-29,2020012901013013,SICL,45,5,50,"1,125.00","56,250.00"
2020-01-29,2020012901013012,SICL,38,5,50,"1,125.00","56,250.00"
2020-01-29,2020012901013011,SICL,58,5,150,"1,125.00","168,750.00"
2020-01-29,2020012901013122,SIL,25,57,75,544.00,"40,800.00"
2020-01-29,2020012901013121,SIL,25,43,25,543.00,"13,575.00"
2020-01-29,2020012901013054,SIL,34,44,"1,000",542.00,"542,000.00"
2020-01-29,2020012901012956,SIL,25,43,25,543.00,"13,575.00"
2020-01-29,2020012901012892,SIL,25,57,50,544.00,"27,200.00"
2020-01-29,2020012901013114,SJCL,34,56,250,158.00,"39,500.00"
2020-01-29,2020012901013069,SJCL,34,52,20,158.00,"3,160.00"
2020-01-29,2020012901012989,SJCL,34,38,20,158.00,"3,160.00"
2020-01-29,2020012901012976,SJCL,34,38,20,158.00,"3,160.00"
2020-01-29,2020012901012869,SJCL,34,38,20,158.00,"3,160.00"
2020-01-29,2020012901013174,SKBBL,25,4,50,966.00,"48,300.00"
2020-01-29,2020012901013173,SKBBL,17,4,200,970.00,"194,000.00"
2020-01-29,2020012901013172,SKBBL,49,4,50,970.00,"48,500.00"
2020-01-29,2020012901012894,SKBBL,42,58,50,980.00,"49,000.00"
2020-01-29,2020012901013287,SLBBL,37,33,200,800.00,"160,000.00"
2020-01-29,2020012901013251,SLBBL,16,33,20,800.00,"16,000.00"
2020-01-29,2020012901013206,SLBBL,16,44,180,800.00,"144,000.00"
2020-01-29,2020012901012844,SLBBL,40,46,672,798.00,"536,256.00"
2020-01-29,2020012901012843,SLBBL,40,44,200,798.00,"159,600.00"
2020-01-29,2020012901012842,SLBBL,40,58,133,798.00,"106,134.00"
2020-01-29,2020012901012959,SLBBL,40,47,61,800.00,"48,800.00"
2020-01-29,2020012901012958,SLBBL,40,6,79,800.00,"63,200.00"
2020-01-29,2020012901012957,SLBBL,40,38,60,800.00,"48,000.00"
2020-01-29,2020012901013089,SLBBL,37,47,89,800.00,"71,200.00"
2020-01-29,2020012901013203,SLBBL,34,44,20,800.00,"16,000.00"
2020-01-29,2020012901013149,SLBBL,1,48,20,800.00,"16,000.00"
2020-01-29,2020012901013148,SLBBL,1,8,100,800.00,"80,000.00"
2020-01-29,2020012901013147,SLBBL,1,53,89,800.00,"71,200.00"
2020-01-29,2020012901013090,SLBBL,37,53,411,800.00,"328,800.00"
2020-01-29,2020012901013211,SLICL,39,45,200,427.00,"85,400.00"
2020-01-29,2020012901013126,SLICL,45,45,200,426.00,"85,200.00"
2020-01-29,2020012901013098,SMFBS,42,6,10,990.00,"9,900.00"
2020-01-29,2020012901013097,SMFBS,25,6,10,990.00,"9,900.00"
2020-01-29,2020012901012804,SMFBS,45,21,10,"1,010.00","10,100.00"
2020-01-29,2020012901013243,SMFDB,34,39,50,749.00,"37,450.00"
2020-01-29,2020012901013242,SMFDB,34,25,152,740.00,"112,480.00"
2020-01-29,2020012901013241,SMFDB,34,34,100,740.00,"74,000.00"
2020-01-29,2020012901013240,SMFDB,34,44,40,740.00,"29,600.00"
2020-01-29,2020012901013181,SMFDB,58,28,400,739.00,"295,600.00"
2020-01-29,2020012901013154,SMFDB,11,28,100,739.00,"73,900.00"
2020-01-29,2020012901013228,SPARS,47,45,20,863.00,"17,260.00"
2020-01-29,2020012901013227,SPARS,47,47,20,860.00,"17,200.00"
2020-01-29,2020012901013226,SPARS,47,54,50,855.00,"42,750.00"
2020-01-29,2020012901013189,SPARS,47,34,113,852.00,"96,276.00"
2020-01-29,2020012901013188,SPARS,47,45,100,852.00,"85,200.00"
2020-01-29,2020012901013187,SPARS,47,14,20,852.00,"17,040.00"
2020-01-29,2020012901013086,SPARS,25,43,100,848.00,"84,800.00"
2020-01-29,2020012901013085,SPARS,25,35,100,845.00,"84,500.00"
2020-01-29,2020012901013084,SPARS,25,35,200,845.00,"169,000.00"
2020-01-29,2020012901013083,SPARS,25,41,28,844.00,"23,632.00"
2020-01-29,2020012901013082,SPARS,25,21,50,843.00,"42,150.00"
2020-01-29,2020012901013186,SPARS,47,25,90,851.00,"76,590.00"
2020-01-29,2020012901013185,SPARS,47,57,40,851.00,"34,040.00"
2020-01-29,2020012901013184,SPARS,47,49,40,850.00,"34,000.00"
2020-01-29,2020012901013183,SPARS,47,6,10,850.00,"8,500.00"
2020-01-29,2020012901013182,SPARS,47,10,100,850.00,"85,000.00"
2020-01-29,2020012901013087,SPARS,25,58,22,849.00,"18,678.00"
2020-01-29,2020012901013032,SPDL,13,46,70,102.00,"7,140.00"
2020-01-29,2020012901012903,SRBL,49,20,582,235.00,"136,770.00"
2020-01-29,2020012901012902,SRBL,47,20,100,235.00,"23,500.00"
2020-01-29,2020012901012901,SRBL,57,20,318,235.00,"74,730.00"
2020-01-29,2020012901013058,SWBBL,34,33,500,"1,121.00","560,500.00"
2020-01-29,2020012901012961,SWBBL,32,36,38,"1,122.00","42,636.00"
2020-01-29,2020012901012960,SWBBL,32,34,12,"1,121.00","13,452.00"
2020-01-29,2020012901012880,SWBBL,32,34,50,"1,121.00","56,050.00"
2020-01-29,2020012901013177,UIC,56,53,10,393.00,"3,930.00"
2020-01-29,2020012901013125,UIC,29,57,500,392.00,"196,000.00"
2020-01-29,2020012901013124,UIC,29,4,190,392.00,"74,480.00"
2020-01-29,2020012901012806,UIC,56,4,10,392.00,"3,920.00"
2020-01-29,2020012901013266,UMHL,7,47,14,107.00,"1,498.00"
2020-01-29,2020012901013117,UMHL,7,35,12,107.00,"1,284.00"
2020-01-29,2020012901013285,UPCL,49,56,50,74.00,"3,700.00"
2020-01-29,2020012901013103,UPCL,49,56,50,74.00,"3,700.00"
2020-01-29,2020012901013296,UPPER,55,43,40,240.00,"9,600.00"
2020-01-29,2020012901012971,UPPER,41,29,34,240.00,"8,160.00"
2020-01-29,2020012901012970,UPPER,25,29,443,241.00,"106,763.00"
2020-01-29,2020012901012996,UPPER,39,38,50,240.00,"12,000.00"
2020-01-29,2020012901012975,UPPER,39,29,15,240.00,"3,600.00"
2020-01-29,2020012901012974,UPPER,22,29,150,240.00,"36,000.00"
2020-01-29,2020012901012973,UPPER,45,29,200,240.00,"48,000.00"
2020-01-29,2020012901012972,UPPER,43,29,158,240.00,"37,920.00"
2020-01-29,2020012901013170,VLBS,22,18,70,939.00,"65,730.00"
2020-01-29,2020012901013169,VLBS,22,25,13,939.00,"12,207.00"
2020-01-29,2020012901013168,VLBS,22,25,13,939.00,"12,207.00"
2020-01-29,2020012901013167,VLBS,22,25,13,939.00,"12,207.00"
2020-01-29,2020012901013166,VLBS,22,25,22,939.00,"20,658.00"
2020-01-29,2020012901013165,VLBS,22,20,25,938.00,"23,450.00"
2020-01-29,2020012901013164,VLBS,22,55,112,938.00,"105,056.00"
2020-01-29,2020012901013286,WOMI,34,36,100,975.00,"97,500.00"
2020-01-29,2020012901013250,WOMI,38,48,80,979.00,"78,320.00"
2020-01-29,2020012901013156,WOMI,41,48,60,979.00,"58,740.00"
2020-01-29,2020012901013155,WOMI,41,6,40,979.00,"39,160.00"
2020-01-29,2020012901013118,WOMI,17,6,10,979.00,"9,790.00"
2020-01-29,2020012901013072,WOMI,34,43,76,976.00,"74,176.00"
2020-01-29,2020012901013022,WOMI,33,49,20,975.00,"19,500.00"
2020-01-29,2020012901013021,WOMI,33,32,200,975.00,"195,000.00"
2020-01-29,2020012901013020,WOMI,33,45,200,975.00,"195,000.00"
2020-01-29,2020012901013019,WOMI,33,34,50,975.00,"48,750.00"
2020-01-29,2020012901013018,WOMI,33,56,200,975.00,"195,000.00"
2020-01-29,2020012901013017,WOMI,33,44,261,975.00,"254,475.00"
2020-01-29,2020012901012367,ADBL,33,17,20,387.00,"7,740.00"
2020-01-29,2020012901012678,AKPL,45,21,948,121.00,"114,708.00"
2020-01-29,2020012901012639,AKPL,50,5,63,120.00,"7,560.00"
2020-01-29,2020012901012540,AKPL,4,45,67,119.00,"7,973.00"
2020-01-29,2020012901012459,AKPL,34,45,111,119.00,"13,209.00"
2020-01-29,2020012901012458,AKPL,43,45,"1,000",119.00,"119,000.00"
2020-01-29,2020012901012457,AKPL,35,45,100,119.00,"11,900.00"
2020-01-29,2020012901012456,AKPL,34,45,222,119.00,"26,418.00"
2020-01-29,2020012901012481,ALBSL,45,59,10,730.00,"7,300.00"
2020-01-29,2020012901012480,ALBSL,45,42,10,723.00,"7,230.00"
2020-01-29,2020012901012412,ALBSL,39,55,40,724.00,"28,960.00"
2020-01-29,2020012901012674,ALICL,43,14,150,530.00,"79,500.00"
2020-01-29,2020012901012622,ALICL,1,43,13,532.00,"6,916.00"
2020-01-29,2020012901012620,ALICL,26,43,200,532.00,"106,400.00"
2020-01-29,2020012901012539,ALICL,1,25,487,530.00,"258,110.00"
2020-01-29,2020012901012533,ALICL,58,25,13,530.00,"6,890.00"
2020-01-29,2020012901012430,ALICL,58,16,334,530.00,"177,020.00"
2020-01-29,2020012901012429,ALICL,48,16,100,530.00,"53,000.00"
2020-01-29,2020012901012428,ALICL,34,16,100,530.00,"53,000.00"
2020-01-29,2020012901012427,ALICL,43,16,100,530.00,"53,000.00"
2020-01-29,2020012901012379,ALICL,58,43,500,531.00,"265,500.00"
2020-01-29,2020012901012558,BOKL,38,53,20,229.00,"4,580.00"
2020-01-29,2020012901012649,BPCL,29,7,48,317.00,"15,216.00"
2020-01-29,2020012901012648,BPCL,36,7,300,317.00,"95,100.00"
2020-01-29,2020012901012647,BPCL,13,7,200,317.00,"63,400.00"
2020-01-29,2020012901012646,BPCL,7,7,47,317.00,"14,899.00"
2020-01-29,2020012901012645,BPCL,35,7,100,318.00,"31,800.00"
2020-01-29,2020012901012737,CBBL,17,4,818,968.00,"791,824.00"
2020-01-29,2020012901012736,CBBL,33,4,632,969.00,"612,408.00"
2020-01-29,2020012901012735,CBBL,33,4,50,970.00,"48,500.00"
2020-01-29,2020012901012725,CBBL,33,4,"1,240",970.00,"1,202,800.00"
2020-01-29,2020012901012723,CBBL,6,4,50,970.00,"48,500.00"
2020-01-29,2020012901012444,CBBL,41,54,224,970.00,"217,280.00"
2020-01-29,2020012901012443,CBBL,5,54,100,971.00,"97,100.00"
2020-01-29,2020012901012442,CBBL,7,54,239,971.00,"232,069.00"
2020-01-29,2020012901012395,CBBL,7,4,61,971.00,"59,231.00"
2020-01-29,2020012901012394,CBBL,29,4,39,972.00,"37,908.00"
2020-01-29,2020012901012627,CBBL,41,4,26,970.00,"25,220.00"
2020-01-29,2020012901012626,CBBL,42,4,40,971.00,"38,840.00"
2020-01-29,2020012901012568,CBBL,39,17,442,975.00,"430,950.00"
2020-01-29,2020012901012567,CBBL,39,59,38,975.00,"37,050.00"
2020-01-29,2020012901012566,CBBL,39,58,20,974.00,"19,480.00"
2020-01-29,2020012901012512,CBBL,41,34,50,970.00,"48,500.00"
2020-01-29,2020012901012710,CBBL,42,4,100,970.00,"97,000.00"
2020-01-29,2020012901012709,CBBL,14,4,100,970.00,"97,000.00"
2020-01-29,2020012901012708,CBBL,49,4,10,970.00,"9,700.00"
2020-01-29,2020012901012630,CBBL,33,4,368,969.00,"356,592.00"
2020-01-29,2020012901012629,CBBL,5,4,30,970.00,"29,100.00"
2020-01-29,2020012901012628,CBBL,42,4,36,970.00,"34,920.00"
2020-01-29,2020012901012663,CBL,33,50,"2,042",145.00,"296,090.00"
2020-01-29,2020012901012662,CBL,42,50,100,145.00,"14,500.00"
2020-01-29,2020012901012661,CBL,33,50,"1,248",145.00,"180,960.00"
2020-01-29,2020012901012525,CBL,33,17,46,145.00,"6,670.00"
2020-01-29,2020012901012518,CBL,33,46,300,145.00,"43,500.00"
2020-01-29,2020012901012739,CCBL,44,17,700,179.00,"125,300.00"
2020-01-29,2020012901012738,CCBL,50,17,300,179.00,"53,700.00"
2020-01-29,2020012901012419,CFCL,41,22,265,140.00,"37,100.00"
2020-01-29,2020012901012633,CHCL,45,51,200,415.00,"83,000.00"
2020-01-29,2020012901012632,CHCL,6,51,100,415.00,"41,500.00"
2020-01-29,2020012901012382,CIT,43,59,50,"2,319.00","115,950.00"
2020-01-29,2020012901012381,CIT,43,50,50,"2,319.00","115,950.00"
2020-01-29,2020012901012656,CLBSL,13,56,14,924.00,"12,936.00"
2020-01-29,2020012901012532,CZBIL,45,17,209,193.00,"40,337.00"
2020-01-29,2020012901012607,DDBL,34,44,100,871.00,"87,100.00"
2020-01-29,2020012901012565,DDBL,51,44,50,871.00,"43,550.00"
2020-01-29,2020012901012439,DDBL,16,45,100,870.00,"87,000.00"
2020-01-29,2020012901012438,DDBL,39,45,100,871.00,"87,100.00"
2020-01-29,2020012901012318,DDBL,6,44,25,875.00,"21,875.00"
2020-01-29,2020012901012769,EDBL,20,59,271,334.00,"90,514.00"
2020-01-29,2020012901012712,EDBL,20,39,40,334.00,"13,360.00"
2020-01-29,2020012901012787,EIC,45,49,50,378.00,"18,900.00"
2020-01-29,2020012901012786,EIC,50,49,50,378.00,"18,900.00"
2020-01-29,2020012901012785,EIC,6,49,200,378.00,"75,600.00"
2020-01-29,2020012901012784,EIC,56,49,100,378.00,"37,800.00"
2020-01-29,2020012901012783,EIC,13,49,100,379.00,"37,900.00"
2020-01-29,2020012901012750,EIC,50,56,355,380.00,"134,900.00"
2020-01-29,2020012901012422,EIC,34,45,10,379.00,"3,790.00"
2020-01-29,2020012901012351,EIC,59,58,500,380.00,"190,000.00"
2020-01-29,2020012901012514,EIC,48,57,27,380.00,"10,260.00"
2020-01-29,2020012901012513,EIC,48,58,33,380.00,"12,540.00"
2020-01-29,2020012901012452,EIC,8,51,200,379.00,"75,800.00"
2020-01-29,2020012901012451,EIC,8,45,120,379.00,"45,480.00"
2020-01-29,2020012901012436,EIC,13,45,500,379.00,"189,500.00"
2020-01-29,2020012901012435,EIC,13,52,500,378.00,"189,000.00"
2020-01-29,2020012901012680,EIC,56,17,500,379.00,"189,500.00"
2020-01-29,2020012901012679,EIC,56,45,270,379.00,"102,330.00"
2020-01-29,2020012901012655,EIC,52,45,40,379.00,"15,160.00"
2020-01-29,2020012901012625,EIC,52,42,60,379.00,"22,740.00"
2020-01-29,2020012901012542,EIC,8,55,130,379.00,"49,270.00"
2020-01-29,2020012901012515,EIC,8,56,50,379.00,"18,950.00"
2020-01-29,2020012901012749,EIC,50,4,200,380.00,"76,000.00"
2020-01-29,2020012901012748,EIC,50,1,100,380.00,"38,000.00"
2020-01-29,2020012901012747,EIC,50,38,250,380.00,"95,000.00"
2020-01-29,2020012901012746,EIC,50,51,50,380.00,"19,000.00"
2020-01-29,2020012901012745,EIC,50,48,22,380.00,"8,360.00"
2020-01-29,2020012901012744,EIC,50,57,23,380.00,"8,740.00"
2020-01-29,2020012901012694,FMDBL,6,22,275,457.00,"125,675.00"
2020-01-29,2020012901012693,FMDBL,6,13,25,455.00,"11,375.00"
2020-01-29,2020012901012594,FMDBL,25,5,239,456.00,"108,984.00"
2020-01-29,2020012901012593,FMDBL,25,50,100,455.00,"45,500.00"
2020-01-29,2020012901012445,FMDBL,48,5,100,455.00,"45,500.00"
2020-01-29,2020012901012431,FMDBL,1,14,50,456.00,"22,800.00"
2020-01-29,2020012901012400,FMDBL,48,39,300,455.00,"136,500.00"
2020-01-29,2020012901012399,FMDBL,48,17,40,455.00,"18,200.00"
2020-01-29,2020012901012371,FMDBL,32,42,500,455.00,"227,500.00"
2020-01-29,2020012901012418,FMDBL,48,47,140,455.00,"63,700.00"
2020-01-29,2020012901012417,FMDBL,48,54,260,454.00,"118,040.00"
2020-01-29,2020012901012416,FMDBL,6,54,274,454.00,"124,396.00"
2020-01-29,2020012901012403,FMDBL,6,51,100,454.00,"45,400.00"
2020-01-29,2020012901012402,FMDBL,48,47,60,455.00,"27,300.00"
2020-01-29,2020012901012401,FMDBL,48,45,100,455.00,"45,500.00"
2020-01-29,2020012901012534,FOWAD,43,10,210,"1,314.00","275,940.00"
2020-01-29,2020012901012398,FOWAD,56,58,93,"1,313.00","122,109.00"
2020-01-29,2020012901012397,FOWAD,43,58,100,"1,313.00","131,300.00"
2020-01-29,2020012901012353,FOWAD,43,40,49,"1,312.00","64,288.00"
2020-01-29,2020012901012325,FOWAD,36,40,51,"1,312.00","66,912.00"
2020-01-29,2020012901012324,FOWAD,36,39,100,"1,312.00","131,200.00"
2020-01-29,2020012901012323,FOWAD,36,39,39,"1,312.00","51,168.00"
2020-01-29,2020012901012643,GBBL,48,21,500,230.00,"115,000.00"
2020-01-29,2020012901012724,GBIME,45,58,100,288.00,"28,800.00"
2020-01-29,2020012901012666,GBIME,42,38,25,287.00,"7,175.00"
2020-01-29,2020012901012665,GBIME,46,38,200,287.00,"57,400.00"
2020-01-29,2020012901012664,GBIME,47,38,80,287.00,"22,960.00"
2020-01-29,2020012901012636,GBIME,47,16,20,287.00,"5,740.00"
2020-01-29,2020012901012596,GBIME,47,16,30,287.00,"8,610.00"
2020-01-29,2020012901012319,GBIME,32,58,50,288.00,"14,400.00"
2020-01-29,2020012901012591,GBIME,47,53,370,287.00,"106,190.00"
2020-01-29,2020012901012590,GBIME,38,53,30,287.00,"8,610.00"
2020-01-29,2020012901012589,GBIME,47,53,500,287.00,"143,500.00"
2020-01-29,2020012901012588,GBIME,4,53,100,287.00,"28,700.00"
2020-01-29,2020012901012340,GBIME,34,4,10,286.00,"2,860.00"
2020-01-29,2020012901012339,GBIME,51,4,355,287.00,"101,885.00"
2020-01-29,2020012901012799,GBLBS,47,48,100,465.00,"46,500.00"
2020-01-29,2020012901012524,GBLBS,57,17,90,464.00,"41,760.00"
2020-01-29,2020012901012523,GBLBS,57,8,500,464.00,"232,000.00"
2020-01-29,2020012901012522,GBLBS,57,52,200,464.00,"92,800.00"
2020-01-29,2020012901012521,GBLBS,57,45,135,463.00,"62,505.00"
2020-01-29,2020012901012404,GBLBS,35,45,700,463.00,"324,100.00"
2020-01-29,2020012901012373,GBLBS,56,45,165,463.00,"76,395.00"
2020-01-29,2020012901012372,GBLBS,56,3,35,463.00,"16,205.00"
2020-01-29,2020012901012702,GGBSL,56,44,100,908.00,"90,800.00"
2020-01-29,2020012901012701,GGBSL,56,11,100,908.00,"90,800.00"
2020-01-29,2020012901012621,GGBSL,56,28,220,900.00,"198,000.00"
2020-01-29,2020012901012528,GGBSL,3,28,10,900.00,"9,000.00"
2020-01-29,2020012901012376,GGBSL,17,34,425,897.00,"381,225.00"
2020-01-29,2020012901012375,GGBSL,17,47,10,897.00,"8,970.00"
2020-01-29,2020012901012355,GGBSL,17,1,100,896.00,"89,600.00"
2020-01-29,2020012901012354,GGBSL,17,34,160,896.00,"143,360.00"
2020-01-29,2020012901012727,GILB,48,38,152,"1,324.00","201,248.00"
2020-01-29,2020012901012552,GILB,33,38,100,"1,324.00","132,400.00"
2020-01-29,2020012901012531,GILB,21,38,150,"1,323.00","198,450.00"
2020-01-29,2020012901012779,GLBSL,53,22,100,700.00,"70,000.00"
2020-01-29,2020012901012778,GLBSL,53,47,10,700.00,"7,000.00"
2020-01-29,2020012901012777,GLBSL,53,37,10,700.00,"7,000.00"
2020-01-29,2020012901012776,GLBSL,53,41,100,700.00,"70,000.00"
2020-01-29,2020012901012775,GLBSL,53,59,200,700.00,"140,000.00"
2020-01-29,2020012901012774,GLBSL,53,51,80,700.00,"56,000.00"
2020-01-29,2020012901012734,GLBSL,38,51,10,700.00,"7,000.00"
2020-01-29,2020012901012733,GLBSL,38,17,10,699.00,"6,990.00"
2020-01-29,2020012901012732,GLBSL,38,17,10,699.00,"6,990.00"
2020-01-29,2020012901012731,GLBSL,38,55,10,699.00,"6,990.00"
2020-01-29,2020012901012711,GLBSL,38,41,10,695.00,"6,950.00"
2020-01-29,2020012901012657,GLBSL,50,29,10,684.00,"6,840.00"
2020-01-29,2020012901012673,GLICL,7,25,24,692.00,"16,608.00"
2020-01-29,2020012901012672,GLICL,57,25,150,692.00,"103,800.00"
2020-01-29,2020012901012671,GLICL,44,25,296,692.00,"204,832.00"
2020-01-29,2020012901012670,GLICL,55,25,30,693.00,"20,790.00"
2020-01-29,2020012901012487,GRDBL,34,1,480,113.00,"54,240.00"
2020-01-29,2020012901012721,GUFL,40,59,500,128.00,"64,000.00"
2020-01-29,2020012901012415,HBL,46,58,10,505.00,"5,050.00"
2020-01-29,2020012901012387,HDL,57,50,50,"1,218.00","60,900.00"
2020-01-29,2020012901012669,HGI,44,22,100,380.00,"38,000.00"
2020-01-29,2020012901012500,HGI,58,22,10,380.00,"3,800.00"
2020-01-29,2020012901012499,HGI,58,58,500,378.00,"189,000.00"
2020-01-29,2020012901012498,HGI,58,42,260,377.00,"98,020.00"
2020-01-29,2020012901012462,HGI,58,36,440,376.00,"165,440.00"
2020-01-29,2020012901012461,HGI,58,45,500,376.00,"188,000.00"
2020-01-29,2020012901012460,HGI,58,42,200,376.00,"75,200.00"
2020-01-29,2020012901012756,HIDCL,6,32,50,135.00,"6,750.00"
2020-01-29,2020012901012755,HIDCL,6,32,50,135.00,"6,750.00"
2020-01-29,2020012901012754,HIDCL,6,32,200,135.00,"27,000.00"
2020-01-29,2020012901012538,HIDCL,51,6,11,135.00,"1,485.00"
2020-01-29,2020012901012374,HURJA,58,48,20,107.00,"2,140.00"
2020-01-29,2020012901012341,IGI,53,8,72,418.00,"30,096.00"
2020-01-29,2020012901012378,IGI,42,43,481,423.00,"203,463.00"
2020-01-29,2020012901012377,IGI,42,22,819,418.00,"342,342.00"
2020-01-29,2020012901012345,IGI,53,22,181,418.00,"75,658.00"
2020-01-29,2020012901012344,IGI,53,14,50,418.00,"20,900.00"
2020-01-29,2020012901012343,IGI,53,10,100,418.00,"41,800.00"
2020-01-29,2020012901012342,IGI,53,28,97,418.00,"40,546.00"
2020-01-29,2020012901012642,ILBS,25,21,150,828.00,"124,200.00"
2020-01-29,2020012901012641,ILBS,25,38,10,828.00,"8,280.00"
2020-01-29,2020012901012640,ILBS,25,49,10,828.00,"8,280.00"
2020-01-29,2020012901012582,ILBS,51,55,10,826.00,"8,260.00"
2020-01-29,2020012901012581,ILBS,51,55,10,826.00,"8,260.00"
2020-01-29,2020012901012580,ILBS,51,55,10,826.00,"8,260.00"
2020-01-29,2020012901012349,ILBS,34,41,10,816.00,"8,160.00"
2020-01-29,2020012901012330,ILBS,34,7,10,816.00,"8,160.00"
2020-01-29,2020012901012302,ILBS,34,41,10,816.00,"8,160.00"
2020-01-29,2020012901012573,ILBS,51,43,100,824.00,"82,400.00"
2020-01-29,2020012901012572,ILBS,51,8,50,824.00,"41,200.00"
2020-01-29,2020012901012571,ILBS,51,25,30,823.00,"24,690.00"
2020-01-29,2020012901012570,ILBS,51,59,10,822.00,"8,220.00"
2020-01-29,2020012901012569,ILBS,51,59,25,822.00,"20,550.00"
2020-01-29,2020012901012492,ILBS,34,29,10,816.00,"8,160.00"
2020-01-29,2020012901012579,ILBS,51,28,10,826.00,"8,260.00"
2020-01-29,2020012901012578,ILBS,51,57,10,826.00,"8,260.00"
2020-01-29,2020012901012577,ILBS,51,42,50,825.00,"41,250.00"
2020-01-29,2020012901012576,ILBS,51,29,10,825.00,"8,250.00"
2020-01-29,2020012901012575,ILBS,51,57,10,825.00,"8,250.00"
2020-01-29,2020012901012574,ILBS,51,45,10,825.00,"8,250.00"
2020-01-29,2020012901012329,JBBL,58,56,439,178.00,"78,142.00"
2020-01-29,2020012901012482,KBL,33,4,10,195.00,"1,950.00"
2020-01-29,2020012901012306,KBL,57,17,"1,489",192.00,"285,888.00"
2020-01-29,2020012901012305,KBL,36,17,137,193.00,"26,441.00"
2020-01-29,2020012901012309,KBL,36,17,564,192.00,"108,288.00"
2020-01-29,2020012901012308,KBL,25,17,100,192.00,"19,200.00"
2020-01-29,2020012901012307,KBL,14,17,"1,000",192.00,"192,000.00"
2020-01-29,2020012901012322,KSBBL,52,51,47,153.00,"7,191.00"
2020-01-29,2020012901012600,LBBL,14,32,622,190.00,"118,180.00"
2020-01-29,2020012901012470,LBL,32,32,791,211.00,"166,901.00"
2020-01-29,2020012901012469,LBL,25,32,300,211.00,"63,300.00"
2020-01-29,2020012901012468,LBL,45,32,200,211.00,"42,200.00"
2020-01-29,2020012901012467,LBL,58,32,100,211.00,"21,100.00"
2020-01-29,2020012901012466,LBL,41,32,72,211.00,"15,192.00"
2020-01-29,2020012901012719,LGIL,38,11,50,451.00,"22,550.00"
2020-01-29,2020012901012718,LGIL,6,11,50,452.00,"22,600.00"
2020-01-29,2020012901012706,LLBS,40,42,50,"1,060.00","53,000.00"
2020-01-29,2020012901012705,LLBS,40,45,100,"1,059.00","105,900.00"
2020-01-29,2020012901012704,LLBS,40,49,50,"1,058.00","52,900.00"
2020-01-29,2020012901012551,MBL,55,51,50,230.00,"11,500.00"
2020-01-29,2020012901012328,MBL,50,42,550,231.00,"127,050.00"
2020-01-29,2020012901012321,MBL,56,42,521,231.00,"120,351.00"
2020-01-29,2020012901012550,MDB,40,34,10,295.00,"2,950.00"
2020-01-29,2020012901012549,MDB,6,34,118,295.00,"34,810.00"
2020-01-29,2020012901012506,MEGA,16,44,"1,000",198.00,"198,000.00"
2020-01-29,2020012901012421,MEGA,56,43,143,197.00,"28,171.00"
2020-01-29,2020012901012420,MEGA,22,43,668,197.00,"131,596.00"
2020-01-29,2020012901012447,MERO,59,45,150,674.00,"101,100.00"
2020-01-29,2020012901012446,MERO,59,17,212,674.00,"142,888.00"
2020-01-29,2020012901012338,MERO,35,58,200,673.00,"134,600.00"
2020-01-29,2020012901012660,MLBBL,50,58,100,720.00,"72,000.00"
2020-01-29,2020012901012659,MLBBL,33,58,96,720.00,"69,120.00"
2020-01-29,2020012901012599,MLBL,4,28,150,203.00,"30,450.00"
2020-01-29,2020012901012598,MLBL,6,28,12,203.00,"2,436.00"
2020-01-29,2020012901012722,MNBBL,6,3,60,319.00,"19,140.00"
2020-01-29,2020012901012554,MNBBL,42,28,50,320.00,"16,000.00"
2020-01-29,2020012901012553,MNBBL,54,28,100,320.00,"32,000.00"
2020-01-29,2020012901012364,MPFL,36,28,200,153.00,"30,600.00"
2020-01-29,2020012901012363,MPFL,36,11,300,153.00,"45,900.00"
2020-01-29,2020012901012586,NABIL,32,39,314,722.00,"226,708.00"
2020-01-29,2020012901012541,NABIL,32,16,35,722.00,"25,270.00"
2020-01-29,2020012901012448,NABIL,29,39,457,723.00,"330,411.00"
2020-01-29,2020012901012346,NABIL,33,39,20,723.00,"14,460.00"
2020-01-29,2020012901012681,NADEP,38,29,23,762.00,"17,526.00"
2020-01-29,2020012901012507,NADEP,38,56,20,762.00,"15,240.00"
2020-01-29,2020012901012450,NADEP,38,39,23,762.00,"17,526.00"
2020-01-29,2020012901012623,NBB,43,49,50,201.00,"10,050.00"
2020-01-29,2020012901012614,NBL,34,17,763,268.00,"204,484.00"
2020-01-29,2020012901012613,NBL,26,17,50,268.00,"13,400.00"
2020-01-29,2020012901012612,NBL,48,17,100,268.00,"26,800.00"
2020-01-29,2020012901012611,NBL,4,17,87,268.00,"23,316.00"
2020-01-29,2020012901012520,NBL,58,40,100,269.00,"26,900.00"
2020-01-29,2020012901012519,NBL,58,36,97,269.00,"26,093.00"
2020-01-29,2020012901012392,NBL,4,57,413,268.00,"110,684.00"
2020-01-29,2020012901012391,NBL,14,57,50,268.00,"13,400.00"
2020-01-29,2020012901012390,NBL,35,57,200,268.00,"53,600.00"
2020-01-29,2020012901012389,NBL,1,57,200,268.00,"53,600.00"
2020-01-29,2020012901012388,NBL,44,57,637,268.00,"170,716.00"
2020-01-29,2020012901012713,NCCB,38,52,53,196.00,"10,388.00"
2020-01-29,2020012901012592,NCCB,53,52,"1,000",196.00,"196,000.00"
2020-01-29,2020012901012408,NCCB,47,51,600,195.00,"117,000.00"
2020-01-29,2020012901012407,NCCB,57,51,100,195.00,"19,500.00"
2020-01-29,2020012901012406,NCCB,21,51,300,195.00,"58,500.00"
2020-01-29,2020012901012350,NCCB,45,52,300,196.00,"58,800.00"
2020-01-29,2020012901012638,NHDL,14,6,10,125.00,"1,250.00"
2020-01-29,2020012901012714,NHPC,25,7,"1,000",52.00,"52,000.00"
2020-01-29,2020012901012677,NHPC,1,7,"1,000",52.00,"52,000.00"
2020-01-29,2020012901012491,NIB,58,16,366,390.00,"142,740.00"
2020-01-29,2020012901012465,NIB,22,16,500,390.00,"195,000.00"
2020-01-29,2020012901012437,NIB,16,16,"1,000",390.00,"390,000.00"
2020-01-29,2020012901012370,NIB,4,38,18,389.00,"7,002.00"
2020-01-29,2020012901012362,NIB,42,56,48,389.00,"18,672.00"
2020-01-29,2020012901012361,NIB,1,56,22,389.00,"8,558.00"
2020-01-29,2020012901012360,NIB,34,56,101,389.00,"39,289.00"
2020-01-29,2020012901012637,NIBPO,14,35,50,364.00,"18,200.00"
2020-01-29,2020012901012780,NICA,28,17,500,470.00,"235,000.00"
2020-01-29,2020012901012743,NICA,13,17,333,470.00,"156,510.00"
2020-01-29,2020012901012742,NICA,13,17,267,470.00,"125,490.00"
2020-01-29,2020012901012692,NICA,45,40,106,469.00,"49,714.00"
2020-01-29,2020012901012479,NICA,25,17,200,470.00,"94,000.00"
2020-01-29,2020012901012478,NICA,34,17,100,470.00,"47,000.00"
2020-01-29,2020012901012471,NICA,34,17,200,470.00,"94,000.00"
2020-01-29,2020012901012358,NICA,25,25,106,471.00,"49,926.00"
2020-01-29,2020012901012357,NICA,25,35,44,471.00,"20,724.00"
2020-01-29,2020012901012336,NICA,25,35,100,471.00,"47,100.00"
2020-01-29,2020012901012477,NICA,50,17,500,470.00,"235,000.00"
2020-01-29,2020012901012476,NICA,45,17,500,470.00,"235,000.00"
2020-01-29,2020012901012475,NICA,44,17,100,470.00,"47,000.00"
2020-01-29,2020012901012474,NICA,40,17,"2,000",470.00,"940,000.00"
2020-01-29,2020012901012473,NICA,38,17,500,470.00,"235,000.00"
2020-01-29,2020012901012472,NICA,8,17,300,470.00,"141,000.00"
2020-01-29,2020012901012761,NICL,58,49,100,391.00,"39,100.00"
2020-01-29,2020012901012337,NIL,34,16,50,489.00,"24,450.00"
2020-01-29,2020012901012760,NLBBL,28,36,500,800.00,"400,000.00"
2020-01-29,2020012901012707,NLBBL,16,36,200,800.00,"160,000.00"
2020-01-29,2020012901012511,NLBBL,3,33,20,801.00,"16,020.00"
2020-01-29,2020012901012510,NLBBL,3,6,60,801.00,"48,060.00"
2020-01-29,2020012901012509,NLBBL,3,7,10,801.00,"8,010.00"
2020-01-29,2020012901012508,NLBBL,3,5,10,801.00,"8,010.00"
2020-01-29,2020012901012486,NLBBL,49,35,50,800.00,"40,000.00"
2020-01-29,2020012901012485,NLBBL,49,40,105,799.00,"83,895.00"
2020-01-29,2020012901012484,NLBBL,49,56,20,799.00,"15,980.00"
2020-01-29,2020012901012483,NLBBL,49,6,500,798.00,"399,000.00"
2020-01-29,2020012901012423,NLBBL,16,36,300,797.00,"239,100.00"
2020-01-29,2020012901012618,NLIC,58,34,17,"1,134.00","19,278.00"
2020-01-29,2020012901012617,NLIC,34,34,33,"1,134.00","37,422.00"
2020-01-29,2020012901012597,NLIC,34,41,40,"1,134.00","45,360.00"
2020-01-29,2020012901012530,NLIC,34,7,27,"1,134.00","30,618.00"
2020-01-29,2020012901012529,NLIC,58,7,73,"1,134.00","82,782.00"
2020-01-29,2020012901012517,NLIC,58,4,427,"1,134.00","484,218.00"
2020-01-29,2020012901012516,NLIC,56,4,73,"1,134.00","82,782.00"
2020-01-29,2020012901012413,NLIC,38,42,247,"1,135.00","280,345.00"
2020-01-29,2020012901012312,NLIC,20,42,78,"1,135.00","88,530.00"
2020-01-29,2020012901012311,NLIC,45,42,100,"1,135.00","113,500.00"
2020-01-29,2020012901012609,NLICL,37,44,435,635.00,"276,225.00"
2020-01-29,2020012901012310,NLICL,22,39,511,634.00,"323,974.00"
2020-01-29,2020012901012800,NMB,48,1,100,357.00,"35,700.00"
2020-01-29,2020012901012728,NMB,48,29,664,357.00,"237,048.00"
2020-01-29,2020012901012687,NMB,38,57,100,358.00,"35,800.00"
2020-01-29,2020012901012610,NMB,43,57,100,358.00,"35,800.00"
2020-01-29,2020012901012490,NMB,14,57,200,358.00,"71,600.00"
2020-01-29,2020012901012740,NMBMF,29,58,100,875.00,"87,500.00"
2020-01-29,2020012901012414,NMBMF,45,45,100,874.00,"87,400.00"
2020-01-29,2020012901012366,NMBMF,14,7,100,875.00,"87,500.00"
2020-01-29,2020012901012301,NMBMF,59,7,200,875.00,"175,000.00"
2020-01-29,2020012901012424,NNLB,45,25,50,714.00,"35,700.00"
2020-01-29,2020012901012410,NNLB,45,54,50,714.00,"35,700.00"
2020-01-29,2020012901012768,OHL,56,38,468,512.00,"239,616.00"
2020-01-29,2020012901012767,OHL,44,38,500,512.00,"256,000.00"
2020-01-29,2020012901012766,OHL,28,38,200,513.00,"102,600.00"
2020-01-29,2020012901012765,OHL,41,38,10,513.00,"5,130.00"
2020-01-29,2020012901012764,OHL,38,38,175,514.00,"89,950.00"
2020-01-29,2020012901012763,OHL,38,38,62,515.00,"31,930.00"
2020-01-29,2020012901012762,OHL,39,38,85,516.00,"43,860.00"
2020-01-29,2020012901012604,PFL,33,49,10,159.00,"1,590.00"
2020-01-29,2020012901012587,PIC,21,49,32,537.00,"17,184.00"
2020-01-29,2020012901012798,PLIC,21,43,125,543.00,"67,875.00"
2020-01-29,2020012901012797,PLIC,5,43,150,543.00,"81,450.00"
2020-01-29,2020012901012796,PLIC,21,43,25,543.00,"13,575.00"
2020-01-29,2020012901012703,PLIC,21,55,50,543.00,"27,150.00"
2020-01-29,2020012901012488,PLIC,21,51,107,543.00,"58,101.00"
2020-01-29,2020012901012455,PLIC,21,49,318,543.00,"172,674.00"
2020-01-29,2020012901012405,PLIC,29,58,274,544.00,"149,056.00"
2020-01-29,2020012901012385,PLIC,29,48,226,544.00,"122,944.00"
2020-01-29,2020012901012384,PLIC,20,48,100,544.00,"54,400.00"
2020-01-29,2020012901012383,PLIC,21,48,90,544.00,"48,960.00"
2020-01-29,2020012901012352,PLIC,59,34,200,545.00,"109,000.00"
2020-01-29,2020012901012726,PRIN,36,45,26,408.00,"10,608.00"
2020-01-29,2020012901012536,PRIN,36,34,274,408.00,"111,792.00"
2020-01-29,2020012901012493,PRVU,58,43,211,255.00,"53,805.00"
2020-01-29,2020012901012320,PRVU,58,22,500,255.00,"127,500.00"
2020-01-29,2020012901012753,PRVU,58,54,489,255.00,"124,695.00"
2020-01-29,2020012901012752,PRVU,3,54,300,255.00,"76,500.00"
2020-01-29,2020012901012751,PRVU,52,54,211,255.00,"53,805.00"
2020-01-29,2020012901012585,PRVU,59,44,450,256.00,"115,200.00"
2020-01-29,2020012901012494,PRVU,52,43,289,255.00,"73,695.00"
2020-01-29,2020012901012651,RBCL,13,18,20,"8,860.00","177,200.00"
2020-01-29,2020012901012650,RBCL,17,18,20,"8,860.00","177,200.00"
2020-01-29,2020012901012327,RBCL,17,40,10,"8,875.00","88,750.00"
2020-01-29,2020012901012326,RBCL,14,40,10,"8,876.00","88,760.00"
2020-01-29,2020012901012537,RHPC,16,40,60,76.00,"4,560.00"
2020-01-29,2020012901012782,RHPL,32,38,70,166.00,"11,620.00"
2020-01-29,2020012901012781,RHPL,4,38,130,166.00,"21,580.00"
2020-01-29,2020012901012658,RHPL,4,45,40,166.00,"6,640.00"
2020-01-29,2020012901012644,RHPL,4,38,40,166.00,"6,640.00"
2020-01-29,2020012901012535,RHPL,4,41,40,166.00,"6,640.00"
2020-01-29,2020012901012433,RHPL,4,41,40,166.00,"6,640.00"
2020-01-29,2020012901012386,RHPL,4,41,40,166.00,"6,640.00"
2020-01-29,2020012901012380,RHPL,4,38,30,166.00,"4,980.00"
2020-01-29,2020012901012543,RMDC,22,39,500,685.00,"342,500.00"
2020-01-29,2020012901012489,RMDC,22,58,20,684.00,"13,680.00"
2020-01-29,2020012901012759,RSDC,58,17,100,456.00,"45,600.00"
2020-01-29,2020012901012717,RSDC,58,50,75,455.00,"34,125.00"
2020-01-29,2020012901012716,RSDC,44,50,25,455.00,"11,375.00"
2020-01-29,2020012901012697,RSDC,44,57,165,455.00,"75,075.00"
2020-01-29,2020012901012696,RSDC,44,21,10,455.00,"4,550.00"
2020-01-29,2020012901012434,RSDC,38,51,100,453.00,"45,300.00"
2020-01-29,2020012901012409,SABSL,16,7,10,828.00,"8,280.00"
2020-01-29,2020012901012369,SABSL,56,59,290,840.00,"243,600.00"
2020-01-29,2020012901012368,SABSL,56,33,10,840.00,"8,400.00"
2020-01-29,2020012901012595,SAPDBL,52,56,62,143.00,"8,866.00"
2020-01-29,2020012901012304,SBI,33,6,20,402.00,"8,040.00"
2020-01-29,2020012901012730,SBL,50,55,100,310.00,"31,000.00"
2020-01-29,2020012901012432,SBL,50,56,171,310.00,"53,010.00"
2020-01-29,2020012901012691,SCB,58,13,46,603.00,"27,738.00"
2020-01-29,2020012901012690,SCB,56,13,100,603.00,"60,300.00"
2020-01-29,2020012901012689,SCB,14,13,160,603.00,"96,480.00"
2020-01-29,2020012901012411,SCB,45,13,180,604.00,"108,720.00"
2020-01-29,2020012901012335,SCB,45,45,20,604.00,"12,080.00"
2020-01-29,2020012901012770,SDESI,40,16,320,855.00,"273,600.00"
2020-01-29,2020012901012715,SDESI,14,6,50,850.00,"42,500.00"
2020-01-29,2020012901012700,SDESI,34,25,"1,000",854.00,"854,000.00"
2020-01-29,2020012901012606,SDESI,34,29,10,850.00,"8,500.00"
2020-01-29,2020012901012605,SDESI,34,42,11,849.00,"9,339.00"
2020-01-29,2020012901012772,SHINE,6,55,180,257.00,"46,260.00"
2020-01-29,2020012901012771,SHINE,32,55,20,257.00,"5,140.00"
2020-01-29,2020012901012527,SHINE,38,51,21,257.00,"5,397.00"
2020-01-29,2020012901012526,SHINE,32,51,79,257.00,"20,303.00"
2020-01-29,2020012901012695,SHIVM,40,34,50,507.00,"25,350.00"
2020-01-29,2020012901012561,SHIVM,40,58,105,507.00,"53,235.00"
2020-01-29,2020012901012560,SHIVM,50,58,100,507.00,"50,700.00"
2020-01-29,2020012901012559,SHIVM,51,58,295,507.00,"149,565.00"
2020-01-29,2020012901012497,SHL,50,14,500,205.00,"102,500.00"
2020-01-29,2020012901012496,SHL,50,58,200,205.00,"41,000.00"
2020-01-29,2020012901012495,SHL,50,25,100,205.00,"20,500.00"
2020-01-29,2020012901012332,SICL,39,45,46,"1,130.00","51,980.00"
2020-01-29,2020012901012331,SICL,44,45,873,"1,130.00","986,490.00"
2020-01-29,2020012901012317,SICL,58,58,170,"1,137.00","193,290.00"
2020-01-29,2020012901012316,SICL,58,25,200,"1,136.00","227,200.00"
2020-01-29,2020012901012315,SICL,58,1,100,"1,135.00","113,500.00"
2020-01-29,2020012901012314,SICL,58,44,50,"1,135.00","56,750.00"
2020-01-29,2020012901012313,SICL,58,49,480,"1,134.00","544,320.00"
2020-01-29,2020012901012683,SIL,42,45,500,539.00,"269,500.00"
2020-01-29,2020012901012682,SIL,46,45,"1,000",539.00,"539,000.00"
2020-01-29,2020012901012635,SIL,25,45,500,540.00,"270,000.00"
2020-01-29,2020012901012634,SIL,44,45,311,540.00,"167,940.00"
2020-01-29,2020012901012616,SIL,25,45,500,541.00,"270,500.00"
2020-01-29,2020012901012615,SIL,25,45,279,543.00,"151,497.00"
2020-01-29,2020012901012464,SIL,25,44,200,543.00,"108,600.00"
2020-01-29,2020012901012463,SIL,25,36,21,543.00,"11,403.00"
2020-01-29,2020012901012584,SINDU,29,57,150,128.00,"19,200.00"
2020-01-29,2020012901012667,SJCL,58,38,20,158.00,"3,160.00"
2020-01-29,2020012901012653,SJCL,58,38,20,158.00,"3,160.00"
2020-01-29,2020012901012608,SJCL,58,45,20,158.00,"3,160.00"
2020-01-29,2020012901012548,SJCL,58,41,20,158.00,"3,160.00"
2020-01-29,2020012901012449,SJCL,58,41,10,158.00,"1,580.00"
2020-01-29,2020012901012396,SJCL,58,38,10,158.00,"1,580.00"
2020-01-29,2020012901012359,SJCL,58,41,20,158.00,"3,160.00"
2020-01-29,2020012901012686,SKBBL,42,44,300,980.00,"294,000.00"
2020-01-29,2020012901012685,SKBBL,42,57,50,980.00,"49,000.00"
2020-01-29,2020012901012684,SKBBL,42,55,50,980.00,"49,000.00"
2020-01-29,2020012901012741,SLBBL,34,58,50,798.00,"39,900.00"
2020-01-29,2020012901012654,SLBBL,34,47,800,797.00,"637,600.00"
2020-01-29,2020012901012624,SLBBL,22,47,200,797.00,"159,400.00"
2020-01-29,2020012901012557,SLBBL,59,58,40,798.00,"31,920.00"
2020-01-29,2020012901012454,SLBBL,1,57,30,797.00,"23,910.00"
2020-01-29,2020012901012426,SLBSL,45,45,10,817.00,"8,170.00"
2020-01-29,2020012901012425,SLBSL,45,32,350,815.00,"285,250.00"
2020-01-29,2020012901012795,SLICL,33,51,250,426.00,"106,500.00"
2020-01-29,2020012901012794,SLICL,36,51,100,426.00,"42,600.00"
2020-01-29,2020012901012793,SLICL,54,51,100,426.00,"42,600.00"
2020-01-29,2020012901012792,SLICL,59,51,200,426.00,"85,200.00"
2020-01-29,2020012901012791,SLICL,55,51,320,426.00,"136,320.00"
2020-01-29,2020012901012758,SLICL,55,51,180,426.00,"76,680.00"
2020-01-29,2020012901012356,SLICL,52,5,68,428.00,"29,104.00"
2020-01-29,2020012901012334,SLICL,52,33,32,428.00,"13,696.00"
2020-01-29,2020012901012333,SLICL,41,33,68,428.00,"29,104.00"
2020-01-29,2020012901012555,SLICL,53,22,28,428.00,"11,984.00"
2020-01-29,2020012901012453,SLICL,53,56,140,428.00,"59,920.00"
2020-01-29,2020012901012441,SLICL,53,49,32,428.00,"13,696.00"
2020-01-29,2020012901012440,SLICL,26,49,168,428.00,"71,904.00"
2020-01-29,2020012901012393,SLICL,44,38,20,429.00,"8,580.00"
2020-01-29,2020012901012365,SLICL,26,5,132,428.00,"56,496.00"
2020-01-29,2020012901012757,SLICL,38,51,20,426.00,"8,520.00"
2020-01-29,2020012901012699,SLICL,34,51,100,427.00,"42,700.00"
2020-01-29,2020012901012698,SLICL,45,51,200,427.00,"85,400.00"
2020-01-29,2020012901012652,SLICL,33,51,28,428.00,"11,984.00"
2020-01-29,2020012901012556,SLICL,33,22,72,428.00,"30,816.00"
2020-01-29,2020012901012773,SMFDB,25,20,488,735.00,"358,680.00"
2020-01-29,2020012901012720,SMFDB,7,20,200,735.00,"147,000.00"
2020-01-29,2020012901012303,SPDL,29,22,10,104.00,"1,040.00"
2020-01-29,2020012901012544,SRBL,57,48,88,235.00,"20,680.00"
2020-01-29,2020012901012790,SWBBL,59,18,390,"1,116.00","435,240.00"
2020-01-29,2020012901012789,SWBBL,56,18,500,"1,118.00","559,000.00"
2020-01-29,2020012901012631,SWBBL,28,28,175,"1,120.00","196,000.00"
2020-01-29,2020012901012505,SWBBL,34,18,110,"1,123.00","123,530.00"
2020-01-29,2020012901012504,SWBBL,34,39,100,"1,122.00","112,200.00"
2020-01-29,2020012901012503,SWBBL,34,59,252,"1,122.00","282,744.00"
2020-01-29,2020012901012502,SWBBL,34,36,18,"1,122.00","20,196.00"
2020-01-29,2020012901012501,SWBBL,34,58,10,"1,121.00","11,210.00"
2020-01-29,2020012901012729,UIC,56,44,700,390.00,"273,000.00"
2020-01-29,2020012901012583,UIC,14,21,135,388.00,"52,380.00"
2020-01-29,2020012901012348,UIC,8,21,70,390.00,"27,300.00"
2020-01-29,2020012901012347,UIC,8,28,330,390.00,"128,700.00"
2020-01-29,2020012901012619,UMHL,45,37,12,108.00,"1,296.00"
2020-01-29,2020012901012788,UPPER,25,6,57,241.00,"13,737.00"
2020-01-29,2020012901012676,UPPER,41,38,16,240.00,"3,840.00"
2020-01-29,2020012901012675,UPPER,55,38,24,240.00,"5,760.00"
2020-01-29,2020012901012668,UPPER,55,39,926,240.00,"222,240.00"
2020-01-29,2020012901012564,UPPER,55,38,390,240.00,"93,600.00"
2020-01-29,2020012901012563,UPPER,7,38,50,241.00,"12,050.00"
2020-01-29,2020012901012562,UPPER,39,38,60,241.00,"14,460.00"
2020-01-29,2020012901012688,WOMI,34,44,10,975.00,"9,750.00"
2020-01-29,2020012901012603,WOMI,14,21,100,974.00,"97,400.00"
2020-01-29,2020012901012602,WOMI,14,17,27,974.00,"26,298.00"
2020-01-29,2020012901012601,WOMI,14,22,147,974.00,"143,178.00"
2020-01-29,2020012901012547,WOMI,38,17,63,974.00,"61,362.00"
2020-01-29,2020012901012546,WOMI,38,22,500,973.00,"486,500.00"
2020-01-29,2020012901012545,WOMI,38,44,37,973.00,"36,001.00"
2020-01-29,2020012901011827,ADBL,13,17,500,385.00,"192,500.00"
2020-01-29,2020012901012245,ALBSL,51,55,30,724.00,"21,720.00"
2020-01-29,2020012901011958,ALBSL,51,42,10,724.00,"7,240.00"
2020-01-29,2020012901012179,ALICL,43,29,100,530.00,"53,000.00"
2020-01-29,2020012901012178,ALICL,4,29,350,530.00,"185,500.00"
2020-01-29,2020012901012177,ALICL,18,29,50,531.00,"26,550.00"
2020-01-29,2020012901011893,ALICL,18,38,100,531.00,"53,100.00"
2020-01-29,2020012901011852,ALICL,18,45,50,531.00,"26,550.00"
2020-01-29,2020012901011937,API,22,25,50,115.00,"5,750.00"
2020-01-29,2020012901011936,API,55,25,"2,000",115.00,"230,000.00"
2020-01-29,2020012901011935,API,42,25,100,115.00,"11,500.00"
2020-01-29,2020012901011934,API,25,25,200,115.00,"23,000.00"
2020-01-29,2020012901011933,API,50,25,500,115.00,"57,500.00"
2020-01-29,2020012901011932,API,58,25,500,115.00,"57,500.00"
2020-01-29,2020012901011919,API,39,25,100,116.00,"11,600.00"
2020-01-29,2020012901011918,API,49,25,500,116.00,"58,000.00"
2020-01-29,2020012901011917,API,40,25,62,116.00,"7,192.00"
2020-01-29,2020012901011925,API,42,25,10,116.00,"1,160.00"
2020-01-29,2020012901011924,API,42,25,10,116.00,"1,160.00"
2020-01-29,2020012901011923,API,42,25,150,116.00,"17,400.00"
2020-01-29,2020012901011922,API,58,25,100,116.00,"11,600.00"
2020-01-29,2020012901011921,API,42,25,15,116.00,"1,740.00"
2020-01-29,2020012901011920,API,4,25,50,116.00,"5,800.00"
2020-01-29,2020012901011931,API,37,25,200,115.00,"23,000.00"
2020-01-29,2020012901011930,API,1,25,800,115.00,"92,000.00"
2020-01-29,2020012901011929,API,34,25,500,115.00,"57,500.00"
2020-01-29,2020012901011928,API,49,25,85,115.00,"9,775.00"
2020-01-29,2020012901011927,API,47,25,100,115.00,"11,500.00"
2020-01-29,2020012901011926,API,22,25,50,115.00,"5,750.00"
2020-01-29,2020012901012003,BOKL,26,34,150,228.00,"34,200.00"
2020-01-29,2020012901011806,BOKL,26,58,100,230.00,"23,000.00"
2020-01-29,2020012901012195,CBBL,14,4,500,975.00,"487,500.00"
2020-01-29,2020012901012187,CBBL,6,45,39,976.00,"38,064.00"
2020-01-29,2020012901012119,CBBL,7,45,211,976.00,"205,936.00"
2020-01-29,2020012901012030,CBBL,7,42,70,976.00,"68,320.00"
2020-01-29,2020012901011997,CBBL,58,29,100,977.00,"97,700.00"
2020-01-29,2020012901011996,CBBL,57,29,180,977.00,"175,860.00"
2020-01-29,2020012901012087,CCBL,56,56,46,179.00,"8,234.00"
2020-01-29,2020012901012086,CCBL,39,56,80,179.00,"14,320.00"
2020-01-29,2020012901011876,CCBL,39,28,20,179.00,"3,580.00"
2020-01-29,2020012901011875,CCBL,14,28,10,179.00,"1,790.00"
2020-01-29,2020012901012280,CFCL,20,22,225,140.00,"31,500.00"
2020-01-29,2020012901012239,CFCL,33,22,10,141.00,"1,410.00"
2020-01-29,2020012901012294,CHCL,28,45,835,414.00,"345,690.00"
2020-01-29,2020012901012293,CHCL,41,45,50,414.00,"20,700.00"
2020-01-29,2020012901012085,CHCL,17,45,100,415.00,"41,500.00"
2020-01-29,2020012901012084,CHCL,42,45,100,415.00,"41,500.00"
2020-01-29,2020012901012018,CHCL,43,51,100,417.00,"41,700.00"
2020-01-29,2020012901011995,CIT,46,42,40,"2,305.00","92,200.00"
2020-01-29,2020012901011994,CIT,59,42,50,"2,305.00","115,250.00"
2020-01-29,2020012901011993,CIT,33,42,100,"2,306.00","230,600.00"
2020-01-29,2020012901011992,CIT,58,42,200,"2,306.00","461,200.00"
2020-01-29,2020012901011991,CIT,33,42,500,"2,307.00","1,153,500.00"
2020-01-29,2020012901011990,CIT,38,42,110,"2,308.00","253,880.00"
2020-01-29,2020012901011871,CIT,38,42,12,"2,308.00","27,696.00"
2020-01-29,2020012901011870,CIT,7,42,10,"2,308.00","23,080.00"
2020-01-29,2020012901011869,CIT,8,42,40,"2,310.00","92,400.00"
2020-01-29,2020012901011868,CIT,43,42,10,"2,310.00","23,100.00"
2020-01-29,2020012901012182,CZBIL,44,17,294,193.00,"56,742.00"
2020-01-29,2020012901012181,CZBIL,44,33,490,193.00,"94,570.00"
2020-01-29,2020012901012180,CZBIL,44,17,216,193.00,"41,688.00"
2020-01-29,2020012901012244,DDBL,38,44,50,875.00,"43,750.00"
2020-01-29,2020012901012043,EDBL,20,51,400,334.00,"133,600.00"
2020-01-29,2020012901012298,EIC,45,55,150,379.00,"56,850.00"
2020-01-29,2020012901012276,EIC,56,55,100,379.00,"37,900.00"
2020-01-29,2020012901012274,EIC,56,22,150,379.00,"56,850.00"
2020-01-29,2020012901012183,EIC,56,16,500,379.00,"189,500.00"
2020-01-29,2020012901012124,EIC,47,58,500,380.00,"190,000.00"
2020-01-29,2020012901012120,EIC,56,37,250,379.00,"94,750.00"
2020-01-29,2020012901011967,EIC,33,17,90,379.00,"34,110.00"
2020-01-29,2020012901011966,EIC,21,17,10,379.00,"3,790.00"
2020-01-29,2020012901011940,EIC,14,58,107,380.00,"40,660.00"
2020-01-29,2020012901011905,EIC,45,58,50,380.00,"19,000.00"
2020-01-29,2020012901012069,EIC,45,58,100,380.00,"38,000.00"
2020-01-29,2020012901012016,EIC,22,58,910,380.00,"345,800.00"
2020-01-29,2020012901012015,EIC,22,16,90,379.00,"34,110.00"
2020-01-29,2020012901011987,EIC,33,16,100,379.00,"37,900.00"
2020-01-29,2020012901011986,EIC,33,16,810,379.00,"306,990.00"
2020-01-29,2020012901011976,EIC,33,28,100,379.00,"37,900.00"
2020-01-29,2020012901012292,FMDBL,6,37,100,454.00,"45,400.00"
2020-01-29,2020012901012193,FMDBL,47,17,160,455.00,"72,800.00"
2020-01-29,2020012901012192,FMDBL,47,39,40,455.00,"18,200.00"
2020-01-29,2020012901012167,FMDBL,41,39,100,455.00,"45,500.00"
2020-01-29,2020012901012145,FMDBL,55,39,60,455.00,"27,300.00"
2020-01-29,2020012901012144,FMDBL,55,8,90,455.00,"40,950.00"
2020-01-29,2020012901011857,FMDBL,6,42,"1,370",451.00,"617,870.00"
2020-01-29,2020012901011841,FMDBL,43,42,530,451.00,"239,030.00"
2020-01-29,2020012901011840,FMDBL,43,36,100,451.00,"45,100.00"
2020-01-29,2020012901011839,FMDBL,43,53,100,451.00,"45,100.00"
2020-01-29,2020012901011838,FMDBL,43,34,20,451.00,"9,020.00"
2020-01-29,2020012901011837,FMDBL,43,44,50,451.00,"22,550.00"
2020-01-29,2020012901011910,FMDBL,39,4,190,454.00,"86,260.00"
2020-01-29,2020012901011909,FMDBL,39,7,10,453.00,"4,530.00"
2020-01-29,2020012901011874,FMDBL,58,44,"2,653",452.00,"1,199,156.00"
2020-01-29,2020012901011873,FMDBL,58,47,358,452.00,"161,816.00"
2020-01-29,2020012901011867,FMDBL,18,47,50,452.00,"22,600.00"
2020-01-29,2020012901011866,FMDBL,18,32,50,452.00,"22,600.00"
2020-01-29,2020012901012068,FMDBL,52,11,215,453.00,"97,395.00"
2020-01-29,2020012901012013,FMDBL,6,48,146,451.00,"65,846.00"
2020-01-29,2020012901011954,FMDBL,6,21,10,451.00,"4,510.00"
2020-01-29,2020012901011952,FMDBL,58,11,100,452.00,"45,200.00"
2020-01-29,2020012901011916,FMDBL,58,8,10,455.00,"4,550.00"
2020-01-29,2020012901011915,FMDBL,58,4,10,454.00,"4,540.00"
2020-01-29,2020012901012070,FOWAD,54,32,150,"1,312.00","196,800.00"
2020-01-29,2020012901012287,GBIME,51,56,125,287.00,"35,875.00"
2020-01-29,2020012901012230,GBIME,51,33,150,287.00,"43,050.00"
2020-01-29,2020012901012217,GBIME,51,55,150,287.00,"43,050.00"
2020-01-29,2020012901012216,GBIME,51,49,220,287.00,"63,140.00"
2020-01-29,2020012901012212,GBIME,34,49,200,287.00,"57,400.00"
2020-01-29,2020012901012206,GBIME,51,49,580,287.00,"166,460.00"
2020-01-29,2020012901011968,GBIME,21,58,350,287.00,"100,450.00"
2020-01-29,2020012901011894,GBIME,34,28,30,286.00,"8,580.00"
