Date,Transact. No.,Symbol,Buyer,Seller,Quantity,Rate,Amount
2019-08-11,2019081101016937,ADBL,52,17,200,430.00,"86,000.00"
2019-08-11,2019081101016898,ADBL,52,17,261,430.00,"112,230.00"
2019-08-11,2019081101016897,ADBL,52,50,39,430.00,"16,770.00"
2019-08-11,2019081101016667,ADBL,53,49,500,429.00,"214,500.00"
2019-08-11,2019081101016609,ADBL,53,43,500,429.00,"214,500.00"
2019-08-11,2019081101016938,AHPC,26,43,392,104.00,"40,768.00"
2019-08-11,2019081101016603,AHPC,26,59,108,104.00,"11,232.00"
2019-08-11,2019081101016891,ALBSL,52,56,10,461.00,"4,610.00"
2019-08-11,2019081101016852,ALBSL,25,6,10,469.00,"4,690.00"
2019-08-11,2019081101016607,ALICL,41,34,50,352.00,"17,600.00"
2019-08-11,2019081101016584,ALICL,58,16,500,353.00,"176,500.00"
2019-08-11,2019081101016583,ALICL,11,16,50,353.00,"17,650.00"
2019-08-11,2019081101016582,ALICL,58,16,200,354.00,"70,800.00"
2019-08-11,2019081101016915,API,25,35,50,131.00,"6,550.00"
2019-08-11,2019081101016871,API,52,45,500,130.00,"65,000.00"
2019-08-11,2019081101016870,API,51,45,200,130.00,"26,000.00"
2019-08-11,2019081101016869,API,26,45,131,130.00,"17,030.00"
2019-08-11,2019081101016710,API,52,35,100,131.00,"13,100.00"
2019-08-11,2019081101016699,API,10,35,100,131.00,"13,100.00"
2019-08-11,2019081101016928,BOKL,48,52,972,260.00,"252,720.00"
2019-08-11,2019081101016927,BOKL,46,52,28,260.00,"7,280.00"
2019-08-11,2019081101016920,BOKL,46,49,72,260.00,"18,720.00"
2019-08-11,2019081101016919,BOKL,6,49,28,260.00,"7,280.00"
2019-08-11,2019081101016918,BOKL,22,49,100,261.00,"26,100.00"
2019-08-11,2019081101016982,BPCL,45,43,27,390.00,"10,530.00"
2019-08-11,2019081101016981,BPCL,43,43,150,390.00,"58,500.00"
2019-08-11,2019081101016980,BPCL,22,43,50,391.00,"19,550.00"
2019-08-11,2019081101016979,BPCL,20,43,50,391.00,"19,550.00"
2019-08-11,2019081101016978,BPCL,11,43,50,391.00,"19,550.00"
2019-08-11,2019081101016977,BPCL,39,43,100,391.00,"39,100.00"
2019-08-11,2019081101016976,BPCL,34,43,23,391.00,"8,993.00"
2019-08-11,2019081101016574,BPCL,58,35,13,393.00,"5,109.00"
2019-08-11,2019081101016843,CBBL,41,58,100,989.00,"98,900.00"
2019-08-11,2019081101016921,CBL,43,37,10,151.00,"1,510.00"
2019-08-11,2019081101016647,CIT,35,4,100,"2,406.00","240,600.00"
2019-08-11,2019081101016890,CZBIL,43,40,110,219.00,"24,090.00"
2019-08-11,2019081101016889,CZBIL,1,40,500,219.00,"109,500.00"
2019-08-11,2019081101016888,CZBIL,39,40,300,219.00,"65,700.00"
2019-08-11,2019081101016887,CZBIL,43,40,590,219.00,"129,210.00"
2019-08-11,2019081101016624,CZBIL,43,35,410,219.00,"89,790.00"
2019-08-11,2019081101016623,CZBIL,35,35,50,219.00,"10,950.00"
2019-08-11,2019081101016622,CZBIL,49,35,40,219.00,"8,760.00"
2019-08-11,2019081101016875,DBBL,32,42,100,142.00,"14,200.00"
2019-08-11,2019081101016811,EIC,19,17,30,340.00,"10,200.00"
2019-08-11,2019081101016867,FOWAD,48,5,100,"1,350.00","135,000.00"
2019-08-11,2019081101016866,FOWAD,34,5,50,"1,351.00","67,550.00"
2019-08-11,2019081101016865,FOWAD,45,5,15,"1,352.00","20,280.00"
2019-08-11,2019081101016824,FOWAD,34,6,34,"1,354.00","46,036.00"
2019-08-11,2019081101016626,GBLBS,16,58,50,371.00,"18,550.00"
2019-08-11,2019081101016573,GBLBS,57,38,135,368.00,"49,680.00"
2019-08-11,2019081101016572,GBLBS,52,38,200,368.00,"73,600.00"
2019-08-11,2019081101016571,GBLBS,14,38,200,369.00,"73,800.00"
2019-08-11,2019081101016570,GBLBS,28,38,10,369.00,"3,690.00"
2019-08-11,2019081101016569,GBLBS,13,38,55,369.00,"20,295.00"
2019-08-11,2019081101017016,GDBL,6,19,"1,000",208.00,"208,000.00"
2019-08-11,2019081101016679,GFCL,59,33,600,130.00,"78,000.00"
2019-08-11,2019081101016872,GLBSL,38,46,50,535.00,"26,750.00"
2019-08-11,2019081101016876,HBL,34,34,377,547.00,"206,219.00"
2019-08-11,2019081101016714,HBL,25,44,60,548.00,"32,880.00"
2019-08-11,2019081101016581,HBL,25,35,40,544.00,"21,760.00"
2019-08-11,2019081101016561,HBL,14,44,968,543.00,"525,624.00"
2019-08-11,2019081101017009,HDL,48,38,100,"1,501.00","150,100.00"
2019-08-11,2019081101017008,HDL,44,38,50,"1,501.00","75,050.00"
2019-08-11,2019081101017007,HDL,38,38,100,"1,501.00","150,100.00"
2019-08-11,2019081101017006,HDL,48,38,80,"1,505.00","120,400.00"
2019-08-11,2019081101017005,HDL,45,38,100,"1,515.00","151,500.00"
2019-08-11,2019081101017004,HDL,32,38,40,"1,515.00","60,600.00"
2019-08-11,2019081101017003,HDL,56,38,50,"1,516.00","75,800.00"
2019-08-11,2019081101016934,HDL,45,40,100,"1,525.00","152,500.00"
2019-08-11,2019081101016678,HDL,45,40,100,"1,529.00","152,900.00"
2019-08-11,2019081101017020,HGI,34,34,160,333.00,"53,280.00"
2019-08-11,2019081101016855,HGI,42,19,70,328.00,"22,960.00"
2019-08-11,2019081101016854,HGI,45,19,30,329.00,"9,870.00"
2019-08-11,2019081101016853,HGI,19,19,200,329.00,"65,800.00"
2019-08-11,2019081101016906,HIDCL,22,43,235,155.00,"36,425.00"
2019-08-11,2019081101016905,HIDCL,22,40,254,155.00,"39,370.00"
2019-08-11,2019081101016849,HIDCL,17,40,11,155.00,"1,705.00"
2019-08-11,2019081101016810,HIDCL,59,40,100,155.00,"15,500.00"
2019-08-11,2019081101016882,HURJA,52,1,20,132.00,"2,640.00"
2019-08-11,2019081101016800,ICFC,43,50,50,160.00,"8,000.00"
2019-08-11,2019081101016908,ILBS,52,44,10,474.00,"4,740.00"
2019-08-11,2019081101016873,ILBS,52,44,10,474.00,"4,740.00"
2019-08-11,2019081101016687,ILBS,38,20,30,476.00,"14,280.00"
2019-08-11,2019081101016651,ILBS,52,34,10,474.00,"4,740.00"
2019-08-11,2019081101016701,JBBL,44,44,10,154.00,"1,540.00"
2019-08-11,2019081101016686,JBBL,44,44,396,154.00,"60,984.00"
2019-08-11,2019081101016685,JBBL,45,44,10,154.00,"1,540.00"
2019-08-11,2019081101016684,JBBL,47,44,43,154.00,"6,622.00"
2019-08-11,2019081101016945,JFL,17,17,10,190.00,"1,900.00"
2019-08-11,2019081101017017,JOSHI,19,48,20,68.00,"1,360.00"
2019-08-11,2019081101016949,JOSHI,19,48,20,68.00,"1,360.00"
2019-08-11,2019081101016933,JOSHI,19,48,20,68.00,"1,360.00"
2019-08-11,2019081101016916,JOSHI,19,48,10,68.00,680.00
2019-08-11,2019081101016894,JOSHI,19,48,20,68.00,"1,360.00"
2019-08-11,2019081101016874,JOSHI,19,48,20,68.00,"1,360.00"
2019-08-11,2019081101016712,JOSHI,56,48,20,69.00,"1,380.00"
2019-08-11,2019081101016683,JOSHI,56,48,20,69.00,"1,380.00"
2019-08-11,2019081101016630,JOSHI,56,48,20,69.00,"1,380.00"
2019-08-11,2019081101016858,JOSHI,19,48,10,68.00,680.00
2019-08-11,2019081101016857,JOSHI,39,48,10,68.00,680.00
2019-08-11,2019081101016848,JOSHI,39,48,20,68.00,"1,360.00"
2019-08-11,2019081101016823,JOSHI,39,48,20,68.00,"1,360.00"
2019-08-11,2019081101016812,JOSHI,34,1,80,69.00,"5,520.00"
2019-08-11,2019081101016801,JOSHI,34,48,20,69.00,"1,380.00"
2019-08-11,2019081101016877,KBL,44,39,10,207.00,"2,070.00"
2019-08-11,2019081101016806,KBL,59,4,59,208.00,"12,272.00"
2019-08-11,2019081101016591,KSBBL,41,56,101,149.00,"15,049.00"
2019-08-11,2019081101016993,LBL,58,52,146,214.00,"31,244.00"
2019-08-11,2019081101016992,LBL,42,52,50,214.00,"10,700.00"
2019-08-11,2019081101016991,LBL,42,52,400,214.00,"85,600.00"
2019-08-11,2019081101016990,LBL,57,52,200,214.00,"42,800.00"
2019-08-11,2019081101016989,LBL,43,52,50,214.00,"10,700.00"
2019-08-11,2019081101016988,LBL,42,52,20,214.00,"4,280.00"
2019-08-11,2019081101016987,LBL,42,52,79,214.00,"16,906.00"
2019-08-11,2019081101016621,LBL,57,44,100,215.00,"21,500.00"
2019-08-11,2019081101016620,LBL,21,44,100,215.00,"21,500.00"
2019-08-11,2019081101017001,LLBS,49,49,12,751.00,"9,012.00"
2019-08-11,2019081101016963,MBL,38,13,356,257.00,"91,492.00"
2019-08-11,2019081101016962,MBL,44,13,200,257.00,"51,400.00"
2019-08-11,2019081101016961,MBL,55,13,500,257.00,"128,500.00"
2019-08-11,2019081101016960,MBL,57,13,359,257.00,"92,263.00"
2019-08-11,2019081101016670,MDB,56,11,192,235.00,"45,120.00"
2019-08-11,2019081101016669,MDB,47,11,38,236.00,"8,968.00"
2019-08-11,2019081101017012,MEGA,43,45,10,202.00,"2,020.00"
2019-08-11,2019081101016567,MEGA,57,28,647,201.00,"130,047.00"
2019-08-11,2019081101016632,MEGA,48,48,26,201.00,"5,226.00"
2019-08-11,2019081101016842,MEGA,39,19,229,200.00,"45,800.00"
2019-08-11,2019081101016841,MEGA,50,19,249,200.00,"49,800.00"
2019-08-11,2019081101016840,MEGA,48,19,22,201.00,"4,422.00"
2019-08-11,2019081101016803,MNBBL,52,56,33,368.00,"12,144.00"
2019-08-11,2019081101016802,MNBBL,49,56,46,368.00,"16,928.00"
2019-08-11,2019081101016695,MNBBL,49,56,54,368.00,"19,872.00"
2019-08-11,2019081101016694,MNBBL,32,56,100,368.00,"36,800.00"
2019-08-11,2019081101016693,MNBBL,59,56,41,368.00,"15,088.00"
2019-08-11,2019081101016692,MNBBL,1,56,100,368.00,"36,800.00"
2019-08-11,2019081101016691,MNBBL,41,56,34,368.00,"12,512.00"
2019-08-11,2019081101016588,MNBBL,6,56,350,369.00,"129,150.00"
2019-08-11,2019081101016942,MSLB,5,56,26,947.00,"24,622.00"
2019-08-11,2019081101016646,MSLB,38,59,13,946.00,"12,298.00"
2019-08-11,2019081101016948,NABIL,4,52,300,784.00,"235,200.00"
2019-08-11,2019081101016946,NABIL,4,47,200,785.00,"157,000.00"
2019-08-11,2019081101016816,NABIL,4,34,35,784.00,"27,440.00"
2019-08-11,2019081101016815,NABIL,22,34,50,784.00,"39,200.00"
2019-08-11,2019081101016997,NADEP,59,25,20,465.00,"9,300.00"
2019-08-11,2019081101016996,NADEP,59,25,20,465.00,"9,300.00"
2019-08-11,2019081101016995,NADEP,59,25,20,465.00,"9,300.00"
2019-08-11,2019081101016994,NADEP,59,40,25,464.00,"11,600.00"
2019-08-11,2019081101016936,NAGRO,25,57,10,859.00,"8,590.00"
2019-08-11,2019081101016628,NAGRO,49,57,50,850.00,"42,500.00"
2019-08-11,2019081101016975,NBB,11,18,100,218.00,"21,800.00"
2019-08-11,2019081101016585,NBB,56,22,"1,000",217.00,"217,000.00"
2019-08-11,2019081101016847,NBL,6,4,100,328.00,"32,800.00"
2019-08-11,2019081101016830,NBL,44,44,304,327.00,"99,408.00"
2019-08-11,2019081101016829,NBL,25,44,30,327.00,"9,810.00"
2019-08-11,2019081101016828,NBL,53,44,"2,000",327.00,"654,000.00"
2019-08-11,2019081101016827,NBL,45,44,200,327.00,"65,400.00"
2019-08-11,2019081101016826,NBL,6,44,300,327.00,"98,100.00"
2019-08-11,2019081101016702,NBL,32,10,"1,500",328.00,"492,000.00"
2019-08-11,2019081101016668,NBL,29,5,300,327.00,"98,100.00"
2019-08-11,2019081101016580,NBL,32,14,"2,000",328.00,"656,000.00"
2019-08-11,2019081101016825,NBL,43,44,166,327.00,"54,282.00"
2019-08-11,2019081101016820,NBL,50,4,459,328.00,"150,552.00"
2019-08-11,2019081101016809,NBL,43,4,334,327.00,"109,218.00"
2019-08-11,2019081101016808,NBL,29,4,500,327.00,"163,500.00"
2019-08-11,2019081101016807,NBL,29,4,166,327.00,"54,282.00"
2019-08-11,2019081101016703,NBL,32,4,440,328.00,"144,320.00"
2019-08-11,2019081101016604,NGPL,59,59,1,111.00,111.00
2019-08-11,2019081101016881,NHDL,10,59,10,115.00,"1,150.00"
2019-08-11,2019081101016972,NIB,42,17,364,507.00,"184,548.00"
2019-08-11,2019081101016613,NIBLPF,36,48,"1,000",7.40,"7,400.00"
2019-08-11,2019081101016940,NICA,21,49,73,449.00,"32,777.00"
2019-08-11,2019081101016939,NICA,7,49,127,450.00,"57,150.00"
2019-08-11,2019081101016912,NICA,58,22,22,452.00,"9,944.00"
2019-08-11,2019081101016903,NICA,58,1,178,452.00,"80,456.00"
2019-08-11,2019081101016709,NICA,22,1,22,452.00,"9,944.00"
2019-08-11,2019081101016708,NICA,22,13,78,452.00,"35,256.00"
2019-08-11,2019081101016635,NICA,22,28,500,451.00,"225,500.00"
2019-08-11,2019081101016590,NICA,7,36,73,450.00,"32,850.00"
2019-08-11,2019081101016589,NICA,52,36,27,450.00,"12,150.00"
2019-08-11,2019081101016851,NICL,43,52,10,322.00,"3,220.00"
2019-08-11,2019081101016705,NIL,29,11,280,463.00,"129,640.00"
2019-08-11,2019081101016704,NIL,41,11,20,464.00,"9,280.00"
2019-08-11,2019081101016661,NIL,42,16,210,465.00,"97,650.00"
2019-08-11,2019081101016660,NIL,34,16,20,465.00,"9,300.00"
2019-08-11,2019081101016688,NLBBL,51,38,150,573.00,"85,950.00"
2019-08-11,2019081101016985,NLIC,8,52,137,871.00,"119,327.00"
2019-08-11,2019081101016984,NLIC,50,52,50,872.00,"43,600.00"
2019-08-11,2019081101016983,NLIC,49,52,13,872.00,"11,336.00"
2019-08-11,2019081101016969,NLIC,17,44,20,873.00,"17,460.00"
2019-08-11,2019081101016909,NLIC,49,59,17,872.00,"14,824.00"
2019-08-11,2019081101016706,NLIC,33,54,100,874.00,"87,400.00"
2019-08-11,2019081101016663,NLIC,6,22,200,872.00,"174,400.00"
2019-08-11,2019081101016662,NLIC,6,44,265,872.00,"231,080.00"
2019-08-11,2019081101016659,NLIC,8,44,100,872.00,"87,200.00"
2019-08-11,2019081101016868,NLICL,43,8,10,570.00,"5,700.00"
2019-08-11,2019081101016690,NNLB,57,38,30,436.00,"13,080.00"
2019-08-11,2019081101016563,NNLB,57,59,35,436.00,"15,260.00"
2019-08-11,2019081101016958,NTC,43,40,10,689.00,"6,890.00"
2019-08-11,2019081101016951,NUBL,53,32,200,877.00,"175,400.00"
2019-08-11,2019081101016892,NUBL,53,32,200,877.00,"175,400.00"
2019-08-11,2019081101016902,PCBL,19,43,500,275.00,"137,500.00"
2019-08-11,2019081101016901,PCBL,56,43,500,275.00,"137,500.00"
2019-08-11,2019081101016900,PCBL,45,43,25,275.00,"6,875.00"
2019-08-11,2019081101016899,PCBL,53,43,337,275.00,"92,675.00"
2019-08-11,2019081101016863,PIC,28,39,10,473.00,"4,730.00"
2019-08-11,2019081101017000,PLIC,42,6,200,419.00,"83,800.00"
2019-08-11,2019081101016957,PLIC,58,11,93,415.00,"38,595.00"
2019-08-11,2019081101016956,PLIC,43,11,53,415.00,"21,995.00"
2019-08-11,2019081101016822,PLIC,35,50,97,416.00,"40,352.00"
2019-08-11,2019081101016821,PLIC,45,50,14,416.00,"5,824.00"
2019-08-11,2019081101016813,PMHPL,16,26,10,101.00,"1,010.00"
2019-08-11,2019081101016696,PMHPL,16,26,10,101.00,"1,010.00"
2019-08-11,2019081101016575,PPCL,39,39,10,126.00,"1,260.00"
2019-08-11,2019081101016805,PROFL,16,34,30,102.00,"3,060.00"
2019-08-11,2019081101016931,PRVU,4,41,100,269.00,"26,900.00"
2019-08-11,2019081101016711,PRVU,4,35,200,269.00,"53,800.00"
2019-08-11,2019081101016616,PRVU,4,45,357,269.00,"96,033.00"
2019-08-11,2019081101016615,PRVU,46,45,143,269.00,"38,467.00"
2019-08-11,2019081101016577,PRVU,42,50,135,270.00,"36,450.00"
2019-08-11,2019081101016839,RBCLPO,44,34,10,"8,233.00","82,330.00"
2019-08-11,2019081101017019,RHPL,34,58,10,214.00,"2,140.00"
2019-08-11,2019081101016971,RHPL,42,40,30,213.00,"6,390.00"
2019-08-11,2019081101016970,RHPL,6,45,30,213.00,"6,390.00"
2019-08-11,2019081101016944,RHPL,6,43,50,213.00,"10,650.00"
2019-08-11,2019081101016930,RHPL,6,40,30,213.00,"6,390.00"
2019-08-11,2019081101016923,RHPL,6,44,40,213.00,"8,520.00"
2019-08-11,2019081101016524,RHPL,34,51,40,215.00,"8,600.00"
2019-08-11,2019081101016523,RHPL,34,51,40,215.00,"8,600.00"
2019-08-11,2019081101016530,RHPL,34,47,40,215.00,"8,600.00"
2019-08-11,2019081101016529,RHPL,34,3,20,215.00,"4,300.00"
2019-08-11,2019081101016528,RHPL,34,3,20,215.00,"4,300.00"
2019-08-11,2019081101016527,RHPL,34,3,20,215.00,"4,300.00"
2019-08-11,2019081101016526,RHPL,34,3,10,215.00,"2,150.00"
2019-08-11,2019081101016525,RHPL,34,39,40,215.00,"8,600.00"
2019-08-11,2019081101016536,RHPL,34,35,50,215.00,"10,750.00"
2019-08-11,2019081101016535,RHPL,34,46,40,215.00,"8,600.00"
2019-08-11,2019081101016534,RHPL,34,46,40,215.00,"8,600.00"
2019-08-11,2019081101016533,RHPL,34,46,10,215.00,"2,150.00"
2019-08-11,2019081101016532,RHPL,34,45,40,215.00,"8,600.00"
2019-08-11,2019081101016531,RHPL,34,3,20,215.00,"4,300.00"
2019-08-11,2019081101016542,RHPL,34,37,40,215.00,"8,600.00"
2019-08-11,2019081101016541,RHPL,34,46,40,215.00,"8,600.00"
2019-08-11,2019081101016540,RHPL,34,35,30,215.00,"6,450.00"
2019-08-11,2019081101016539,RHPL,34,46,30,215.00,"6,450.00"
2019-08-11,2019081101016538,RHPL,34,35,30,215.00,"6,450.00"
2019-08-11,2019081101016537,RHPL,34,35,30,215.00,"6,450.00"
2019-08-11,2019081101016548,RHPL,34,11,50,216.00,"10,800.00"
2019-08-11,2019081101016547,RHPL,34,6,30,215.00,"6,450.00"
2019-08-11,2019081101016546,RHPL,34,14,40,215.00,"8,600.00"
2019-08-11,2019081101016545,RHPL,34,17,40,215.00,"8,600.00"
2019-08-11,2019081101016544,RHPL,34,39,50,215.00,"10,750.00"
2019-08-11,2019081101016543,RHPL,34,50,20,215.00,"4,300.00"
2019-08-11,2019081101016554,RHPL,34,49,40,216.00,"8,640.00"
2019-08-11,2019081101016553,RHPL,34,46,40,216.00,"8,640.00"
2019-08-11,2019081101016552,RHPL,34,49,40,216.00,"8,640.00"
2019-08-11,2019081101016551,RHPL,34,49,40,216.00,"8,640.00"
2019-08-11,2019081101016550,RHPL,34,46,40,216.00,"8,640.00"
2019-08-11,2019081101016549,RHPL,34,56,"2,000",216.00,"432,000.00"
2019-08-11,2019081101016592,RHPL,44,40,40,212.00,"8,480.00"
2019-08-11,2019081101016559,RHPL,34,46,10,216.00,"2,160.00"
2019-08-11,2019081101016558,RHPL,34,49,40,216.00,"8,640.00"
2019-08-11,2019081101016557,RHPL,34,49,40,216.00,"8,640.00"
2019-08-11,2019081101016556,RHPL,34,49,40,216.00,"8,640.00"
2019-08-11,2019081101016555,RHPL,34,46,40,216.00,"8,640.00"
2019-08-11,2019081101016601,RHPL,34,34,30,212.00,"6,360.00"
2019-08-11,2019081101016600,RHPL,34,11,40,212.00,"8,480.00"
2019-08-11,2019081101016599,RHPL,34,37,40,212.00,"8,480.00"
2019-08-11,2019081101016598,RHPL,34,52,20,212.00,"4,240.00"
2019-08-11,2019081101016594,RHPL,43,16,30,211.00,"6,330.00"
2019-08-11,2019081101016593,RHPL,44,52,20,212.00,"4,240.00"
2019-08-11,2019081101016631,RHPL,34,16,30,212.00,"6,360.00"
2019-08-11,2019081101016625,RHPL,34,52,40,212.00,"8,480.00"
2019-08-11,2019081101016617,RHPL,34,40,40,212.00,"8,480.00"
2019-08-11,2019081101016611,RHPL,34,42,20,212.00,"4,240.00"
2019-08-11,2019081101016606,RHPL,34,40,40,212.00,"8,480.00"
2019-08-11,2019081101016602,RHPL,34,50,20,212.00,"4,240.00"
2019-08-11,2019081101016804,RHPL,58,42,40,214.00,"8,560.00"
2019-08-11,2019081101016682,RHPL,34,42,20,212.00,"4,240.00"
2019-08-11,2019081101016673,RHPL,34,11,40,212.00,"8,480.00"
2019-08-11,2019081101016665,RHPL,34,42,40,212.00,"8,480.00"
2019-08-11,2019081101016652,RHPL,34,35,20,212.00,"4,240.00"
2019-08-11,2019081101016634,RHPL,34,48,30,212.00,"6,360.00"
2019-08-11,2019081101016893,RHPL,57,11,40,212.00,"8,480.00"
2019-08-11,2019081101016862,RHPL,57,26,10,212.00,"2,120.00"
2019-08-11,2019081101016850,RHPL,57,16,30,212.00,"6,360.00"
2019-08-11,2019081101016837,RHPL,57,40,30,212.00,"6,360.00"
2019-08-11,2019081101016817,RHPL,57,48,30,212.00,"6,360.00"
2019-08-11,2019081101016814,RHPL,34,58,30,212.00,"6,360.00"
2019-08-11,2019081101016999,RRHP,22,22,80,108.00,"8,640.00"
2019-08-11,2019081101016904,RRHP,22,26,10,108.00,"1,080.00"
2019-08-11,2019081101016629,RSDC,5,25,104,357.00,"37,128.00"
2019-08-11,2019081101017015,SANIMA,57,38,194,349.00,"67,706.00"
2019-08-11,2019081101017010,SBL,57,4,"1,500",319.00,"478,500.00"
2019-08-11,2019081101016907,SBL,57,4,500,319.00,"159,500.00"
2019-08-11,2019081101016832,SBL,57,1,"1,400",319.00,"446,600.00"
2019-08-11,2019081101016831,SBL,57,53,136,319.00,"43,384.00"
2019-08-11,2019081101016819,SBL,57,22,48,318.00,"15,264.00"
2019-08-11,2019081101016818,SBL,53,22,452,318.00,"143,736.00"
2019-08-11,2019081101016929,SCB,19,59,20,652.00,"13,040.00"
2019-08-11,2019081101016846,SCB,19,35,200,658.00,"131,600.00"
2019-08-11,2019081101016565,SFFIL,28,34,160,267.00,"42,720.00"
2019-08-11,2019081101017022,SHINE,35,34,"2,107",254.00,"535,178.00"
2019-08-11,2019081101016973,SHINE,35,34,50,255.00,"12,750.00"
2019-08-11,2019081101016605,SHIVM,41,40,250,578.00,"144,500.00"
2019-08-11,2019081101016586,SHIVM,41,28,250,578.00,"144,500.00"
2019-08-11,2019081101016860,SHIVM,29,47,50,575.00,"28,750.00"
2019-08-11,2019081101016859,SHIVM,42,47,150,576.00,"86,400.00"
2019-08-11,2019081101016666,SHIVM,25,26,400,577.00,"230,800.00"
2019-08-11,2019081101016627,SHIVM,25,26,600,577.00,"346,200.00"
2019-08-11,2019081101016941,SIC,4,7,80,597.00,"47,760.00"
2019-08-11,2019081101016658,SICL,42,16,349,765.00,"266,985.00"
2019-08-11,2019081101016657,SICL,42,38,39,765.00,"29,835.00"
2019-08-11,2019081101017018,SJCL,36,28,20,233.00,"4,660.00"
2019-08-11,2019081101017014,SJCL,36,48,20,233.00,"4,660.00"
2019-08-11,2019081101017013,SJCL,36,40,20,233.00,"4,660.00"
2019-08-11,2019081101017011,SJCL,36,58,20,233.00,"4,660.00"
2019-08-11,2019081101017002,SJCL,36,51,20,233.00,"4,660.00"
2019-08-11,2019081101016576,SJCL,34,57,20,227.00,"4,540.00"
2019-08-11,2019081101016568,SJCL,34,50,20,227.00,"4,540.00"
2019-08-11,2019081101016566,SJCL,34,16,20,227.00,"4,540.00"
2019-08-11,2019081101016562,SJCL,34,14,10,227.00,"2,270.00"
2019-08-11,2019081101016560,SJCL,34,18,20,227.00,"4,540.00"
2019-08-11,2019081101016612,SJCL,34,52,20,227.00,"4,540.00"
2019-08-11,2019081101016610,SJCL,34,37,20,227.00,"4,540.00"
2019-08-11,2019081101016608,SJCL,34,50,20,227.00,"4,540.00"
2019-08-11,2019081101016587,SJCL,34,14,20,227.00,"4,540.00"
2019-08-11,2019081101016579,SJCL,34,42,20,227.00,"4,540.00"
2019-08-11,2019081101016578,SJCL,34,6,20,227.00,"4,540.00"
2019-08-11,2019081101016664,SJCL,34,57,20,227.00,"4,540.00"
2019-08-11,2019081101016656,SJCL,34,11,20,227.00,"4,540.00"
2019-08-11,2019081101016654,SJCL,34,29,10,227.00,"2,270.00"
2019-08-11,2019081101016650,SJCL,34,16,20,227.00,"4,540.00"
2019-08-11,2019081101016614,SJCL,34,16,20,227.00,"4,540.00"
2019-08-11,2019081101016689,SJCL,34,28,20,227.00,"4,540.00"
2019-08-11,2019081101016680,SJCL,34,57,20,227.00,"4,540.00"
2019-08-11,2019081101016677,SJCL,34,28,20,227.00,"4,540.00"
2019-08-11,2019081101016676,SJCL,34,33,20,227.00,"4,540.00"
2019-08-11,2019081101016675,SJCL,34,57,20,227.00,"4,540.00"
2019-08-11,2019081101016674,SJCL,34,42,20,227.00,"4,540.00"
2019-08-11,2019081101016717,SJCL,34,34,20,228.00,"4,560.00"
2019-08-11,2019081101016716,SJCL,34,58,20,228.00,"4,560.00"
2019-08-11,2019081101016715,SJCL,34,33,20,228.00,"4,560.00"
2019-08-11,2019081101016713,SJCL,34,28,20,227.00,"4,540.00"
2019-08-11,2019081101016707,SJCL,34,57,10,227.00,"2,270.00"
2019-08-11,2019081101016700,SJCL,34,42,20,227.00,"4,540.00"
2019-08-11,2019081101016723,SJCL,34,39,20,229.00,"4,580.00"
2019-08-11,2019081101016722,SJCL,34,39,20,229.00,"4,580.00"
2019-08-11,2019081101016721,SJCL,34,39,10,229.00,"2,290.00"
2019-08-11,2019081101016720,SJCL,34,38,20,229.00,"4,580.00"
2019-08-11,2019081101016719,SJCL,34,39,20,228.00,"4,560.00"
2019-08-11,2019081101016718,SJCL,34,34,20,228.00,"4,560.00"
2019-08-11,2019081101016729,SJCL,34,44,10,230.00,"2,300.00"
2019-08-11,2019081101016728,SJCL,34,34,20,230.00,"4,600.00"
2019-08-11,2019081101016727,SJCL,34,49,20,230.00,"4,600.00"
2019-08-11,2019081101016726,SJCL,34,21,20,229.00,"4,580.00"
2019-08-11,2019081101016725,SJCL,34,34,20,229.00,"4,580.00"
2019-08-11,2019081101016724,SJCL,34,34,20,229.00,"4,580.00"
2019-08-11,2019081101016735,SJCL,34,42,20,230.00,"4,600.00"
2019-08-11,2019081101016734,SJCL,34,42,20,230.00,"4,600.00"
2019-08-11,2019081101016733,SJCL,34,44,20,230.00,"4,600.00"
2019-08-11,2019081101016732,SJCL,34,42,10,230.00,"2,300.00"
2019-08-11,2019081101016731,SJCL,34,42,20,230.00,"4,600.00"
2019-08-11,2019081101016730,SJCL,34,44,20,230.00,"4,600.00"
2019-08-11,2019081101016741,SJCL,34,41,20,230.00,"4,600.00"
2019-08-11,2019081101016740,SJCL,34,41,20,230.00,"4,600.00"
2019-08-11,2019081101016739,SJCL,34,52,200,230.00,"46,000.00"
2019-08-11,2019081101016738,SJCL,34,52,100,230.00,"23,000.00"
2019-08-11,2019081101016737,SJCL,34,52,200,230.00,"46,000.00"
2019-08-11,2019081101016736,SJCL,34,6,10,230.00,"2,300.00"
2019-08-11,2019081101016747,SJCL,34,29,20,231.00,"4,620.00"
2019-08-11,2019081101016746,SJCL,34,29,20,231.00,"4,620.00"
2019-08-11,2019081101016745,SJCL,34,55,10,231.00,"2,310.00"
2019-08-11,2019081101016744,SJCL,34,45,500,230.00,"115,000.00"
2019-08-11,2019081101016743,SJCL,34,34,20,230.00,"4,600.00"
2019-08-11,2019081101016742,SJCL,34,17,20,230.00,"4,600.00"
2019-08-11,2019081101016753,SJCL,34,34,20,231.00,"4,620.00"
2019-08-11,2019081101016752,SJCL,34,29,20,231.00,"4,620.00"
2019-08-11,2019081101016751,SJCL,34,34,20,231.00,"4,620.00"
2019-08-11,2019081101016750,SJCL,34,29,20,231.00,"4,620.00"
2019-08-11,2019081101016749,SJCL,34,29,20,231.00,"4,620.00"
2019-08-11,2019081101016748,SJCL,34,58,20,231.00,"4,620.00"
2019-08-11,2019081101016759,SJCL,34,57,"3,700",231.00,"854,700.00"
2019-08-11,2019081101016758,SJCL,34,29,20,231.00,"4,620.00"
2019-08-11,2019081101016757,SJCL,34,29,20,231.00,"4,620.00"
2019-08-11,2019081101016756,SJCL,34,29,20,231.00,"4,620.00"
2019-08-11,2019081101016755,SJCL,34,34,20,231.00,"4,620.00"
2019-08-11,2019081101016754,SJCL,34,29,20,231.00,"4,620.00"
2019-08-11,2019081101016765,SJCL,34,42,10,232.00,"2,320.00"
2019-08-11,2019081101016764,SJCL,34,42,10,232.00,"2,320.00"
2019-08-11,2019081101016763,SJCL,34,38,20,232.00,"4,640.00"
2019-08-11,2019081101016762,SJCL,34,46,20,232.00,"4,640.00"
2019-08-11,2019081101016761,SJCL,34,57,20,232.00,"4,640.00"
2019-08-11,2019081101016760,SJCL,34,14,20,231.00,"4,620.00"
2019-08-11,2019081101016771,SJCL,34,41,20,232.00,"4,640.00"
2019-08-11,2019081101016770,SJCL,34,41,20,232.00,"4,640.00"
2019-08-11,2019081101016769,SJCL,34,42,10,232.00,"2,320.00"
2019-08-11,2019081101016768,SJCL,34,42,10,232.00,"2,320.00"
2019-08-11,2019081101016767,SJCL,34,42,10,232.00,"2,320.00"
2019-08-11,2019081101016766,SJCL,34,42,10,232.00,"2,320.00"
2019-08-11,2019081101016777,SJCL,34,34,20,232.00,"4,640.00"
2019-08-11,2019081101016776,SJCL,34,34,20,232.00,"4,640.00"
2019-08-11,2019081101016775,SJCL,34,34,20,232.00,"4,640.00"
2019-08-11,2019081101016774,SJCL,34,34,500,232.00,"116,000.00"
2019-08-11,2019081101016773,SJCL,34,1,10,232.00,"2,320.00"
2019-08-11,2019081101016772,SJCL,34,17,20,232.00,"4,640.00"
2019-08-11,2019081101016783,SJCL,34,34,20,232.00,"4,640.00"
2019-08-11,2019081101016782,SJCL,34,34,20,232.00,"4,640.00"
2019-08-11,2019081101016781,SJCL,34,34,20,232.00,"4,640.00"
2019-08-11,2019081101016780,SJCL,34,34,20,232.00,"4,640.00"
2019-08-11,2019081101016779,SJCL,34,44,"2,000",232.00,"464,000.00"
2019-08-11,2019081101016778,SJCL,34,34,20,232.00,"4,640.00"
2019-08-11,2019081101016789,SJCL,34,43,500,232.00,"116,000.00"
2019-08-11,2019081101016788,SJCL,34,42,20,232.00,"4,640.00"
2019-08-11,2019081101016787,SJCL,34,42,10,232.00,"2,320.00"
2019-08-11,2019081101016786,SJCL,34,42,20,232.00,"4,640.00"
2019-08-11,2019081101016785,SJCL,34,42,20,232.00,"4,640.00"
2019-08-11,2019081101016784,SJCL,34,42,20,232.00,"4,640.00"
2019-08-11,2019081101016795,SJCL,34,50,10,233.00,"2,330.00"
2019-08-11,2019081101016794,SJCL,34,50,10,233.00,"2,330.00"
2019-08-11,2019081101016793,SJCL,34,59,20,233.00,"4,660.00"
2019-08-11,2019081101016792,SJCL,34,51,20,233.00,"4,660.00"
2019-08-11,2019081101016791,SJCL,34,56,20,233.00,"4,660.00"
2019-08-11,2019081101016790,SJCL,34,57,20,233.00,"4,660.00"
2019-08-11,2019081101016834,SJCL,38,16,10,229.00,"2,290.00"
2019-08-11,2019081101016833,SJCL,38,57,20,229.00,"4,580.00"
2019-08-11,2019081101016799,SJCL,34,46,10,233.00,"2,330.00"
2019-08-11,2019081101016798,SJCL,34,45,250,233.00,"58,250.00"
2019-08-11,2019081101016797,SJCL,34,16,100,233.00,"23,300.00"
2019-08-11,2019081101016796,SJCL,34,34,20,233.00,"4,660.00"
2019-08-11,2019081101016845,SJCL,34,58,10,232.00,"2,320.00"
2019-08-11,2019081101016836,SJCL,34,57,20,232.00,"4,640.00"
2019-08-11,2019081101016835,SJCL,34,32,500,232.00,"116,000.00"
2019-08-11,2019081101016884,SJCL,34,14,20,232.00,"4,640.00"
2019-08-11,2019081101016883,SJCL,34,14,10,232.00,"2,320.00"
2019-08-11,2019081101016878,SJCL,50,28,20,228.00,"4,560.00"
2019-08-11,2019081101016864,SJCL,38,11,20,228.00,"4,560.00"
2019-08-11,2019081101016861,SJCL,38,57,10,228.00,"2,280.00"
2019-08-11,2019081101016856,SJCL,38,40,20,228.00,"4,560.00"
2019-08-11,2019081101016922,SJCL,34,48,20,232.00,"4,640.00"
2019-08-11,2019081101016917,SJCL,34,43,10,232.00,"2,320.00"
2019-08-11,2019081101016914,SJCL,34,43,20,232.00,"4,640.00"
2019-08-11,2019081101016913,SJCL,34,38,10,232.00,"2,320.00"
2019-08-11,2019081101016896,SJCL,34,57,20,232.00,"4,640.00"
2019-08-11,2019081101016886,SJCL,34,14,20,232.00,"4,640.00"
2019-08-11,2019081101016959,SJCL,34,48,10,232.00,"2,320.00"
2019-08-11,2019081101016950,SJCL,34,58,20,232.00,"4,640.00"
2019-08-11,2019081101016947,SJCL,34,16,100,232.00,"23,200.00"
2019-08-11,2019081101016943,SJCL,34,40,20,232.00,"4,640.00"
2019-08-11,2019081101016935,SJCL,34,57,20,232.00,"4,640.00"
2019-08-11,2019081101016932,SJCL,34,28,20,232.00,"4,640.00"
2019-08-11,2019081101016986,SJCL,36,28,10,233.00,"2,330.00"
2019-08-11,2019081101016968,SJCL,36,43,20,233.00,"4,660.00"
2019-08-11,2019081101016967,SJCL,36,46,20,233.00,"4,660.00"
2019-08-11,2019081101016966,SJCL,36,57,20,233.00,"4,660.00"
2019-08-11,2019081101016965,SJCL,36,57,20,233.00,"4,660.00"
2019-08-11,2019081101016964,SJCL,36,57,20,233.00,"4,660.00"
2019-08-11,2019081101016880,SLBSL,52,44,160,627.00,"100,320.00"
2019-08-11,2019081101016879,SLBSL,52,44,30,628.00,"18,840.00"
2019-08-11,2019081101017021,SLICL,5,44,70,452.00,"31,640.00"
2019-08-11,2019081101016698,SLICL,32,6,29,452.00,"13,108.00"
2019-08-11,2019081101016697,SLICL,48,6,438,452.00,"197,976.00"
2019-08-11,2019081101016645,SLICL,50,6,100,453.00,"45,300.00"
2019-08-11,2019081101016644,SLICL,34,6,50,453.00,"22,650.00"
2019-08-11,2019081101016643,SLICL,42,6,30,453.00,"13,590.00"
2019-08-11,2019081101016636,SLICL,51,6,83,456.00,"37,848.00"
2019-08-11,2019081101016619,SLICL,51,38,117,456.00,"53,352.00"
2019-08-11,2019081101016618,SLICL,49,38,12,456.00,"5,472.00"
2019-08-11,2019081101016597,SLICL,49,38,64,456.00,"29,184.00"
2019-08-11,2019081101016596,SLICL,42,38,35,457.00,"15,995.00"
2019-08-11,2019081101016595,SLICL,33,38,30,457.00,"13,710.00"
2019-08-11,2019081101016642,SLICL,6,6,100,453.00,"45,300.00"
2019-08-11,2019081101016641,SLICL,35,6,38,453.00,"17,214.00"
2019-08-11,2019081101016640,SLICL,19,6,200,454.00,"90,800.00"
2019-08-11,2019081101016639,SLICL,43,6,50,454.00,"22,700.00"
2019-08-11,2019081101016638,SLICL,17,6,200,455.00,"91,000.00"
2019-08-11,2019081101016637,SLICL,19,6,60,455.00,"27,300.00"
2019-08-11,2019081101016844,SMATA,47,26,105,"1,305.00","137,025.00"
2019-08-11,2019081101016838,SMATA,47,17,45,"1,305.00","58,725.00"
2019-08-11,2019081101016633,SMFBS,58,13,10,837.00,"8,370.00"
2019-08-11,2019081101016911,SPARS,49,3,20,611.00,"12,220.00"
2019-08-11,2019081101016910,SPARS,57,3,30,611.00,"18,330.00"
2019-08-11,2019081101016653,SPARS,57,38,10,611.00,"6,110.00"
2019-08-11,2019081101016681,SRBL,37,4,"1,000",241.00,"241,000.00"
2019-08-11,2019081101016564,SRBL,46,39,16,240.00,"3,840.00"
2019-08-11,2019081101016649,SWBBL,44,41,50,925.00,"46,250.00"
2019-08-11,2019081101016648,SWBBL,44,45,37,923.00,"34,151.00"
2019-08-11,2019081101016998,UPPER,50,19,990,264.00,"261,360.00"
2019-08-11,2019081101016974,UPPER,25,16,20,265.00,"5,300.00"
2019-08-11,2019081101016895,UPPER,32,56,50,263.00,"13,150.00"
2019-08-11,2019081101016885,UPPER,33,16,20,265.00,"5,300.00"
2019-08-11,2019081101016672,UPPER,32,56,203,263.00,"53,389.00"
2019-08-11,2019081101016671,UPPER,35,56,30,264.00,"7,920.00"
2019-08-11,2019081101016955,VLBS,33,39,13,600.00,"7,800.00"
2019-08-11,2019081101016954,VLBS,33,39,15,600.00,"9,000.00"
2019-08-11,2019081101016953,VLBS,33,39,13,600.00,"7,800.00"
2019-08-11,2019081101016952,VLBS,33,28,13,600.00,"7,800.00"
2019-08-11,2019081101016926,VLBS,33,48,13,598.00,"7,774.00"
2019-08-11,2019081101016925,VLBS,33,48,13,598.00,"7,774.00"
2019-08-11,2019081101016924,VLBS,33,48,13,598.00,"7,774.00"
2019-08-11,2019081101016655,VLBS,33,34,30,595.00,"17,850.00"
2019-08-11,2019081101016117,ADBL,34,50,491,430.00,"211,130.00"
2019-08-11,2019081101016116,ADBL,34,14,392,430.00,"168,560.00"
2019-08-11,2019081101016115,ADBL,34,17,136,430.00,"58,480.00"
2019-08-11,2019081101016114,ADBL,34,50,81,430.00,"34,830.00"
2019-08-11,2019081101016240,AKJCL,1,21,10,67.00,670.00
2019-08-11,2019081101016129,AKJCL,1,21,20,67.00,"1,340.00"
2019-08-11,2019081101016125,AKJCL,1,48,20,67.00,"1,340.00"
2019-08-11,2019081101016093,AKJCL,1,48,20,67.00,"1,340.00"
2019-08-11,2019081101016075,AKJCL,1,48,10,67.00,670.00
2019-08-11,2019081101016067,AKJCL,1,21,20,67.00,"1,340.00"
2019-08-11,2019081101016182,ALBSL,11,36,10,461.00,"4,610.00"
2019-08-11,2019081101016111,API,25,16,18,132.00,"2,376.00"
2019-08-11,2019081101016349,BOKL,41,35,20,263.00,"5,260.00"
2019-08-11,2019081101016327,BOKL,34,34,"9,497",262.00,"2,488,214.00"
2019-08-11,2019081101016077,BOKL,6,6,972,260.00,"252,720.00"
2019-08-11,2019081101016076,BOKL,47,6,18,260.00,"4,680.00"
2019-08-11,2019081101016354,CBL,39,46,"1,126",150.00,"168,900.00"
2019-08-11,2019081101016265,CBL,39,35,200,150.00,"30,000.00"
2019-08-11,2019081101016110,CBL,39,36,253,150.00,"37,950.00"
2019-08-11,2019081101016109,CBL,19,36,100,150.00,"15,000.00"
2019-08-11,2019081101016108,CBL,25,36,"1,000",150.00,"150,000.00"
2019-08-11,2019081101016107,CBL,28,36,147,150.00,"22,050.00"
2019-08-11,2019081101016352,CCBL,34,38,11,165.00,"1,815.00"
2019-08-11,2019081101016256,CFCL,22,58,439,116.00,"50,924.00"
2019-08-11,2019081101016255,CFCL,22,58,61,116.00,"7,076.00"
2019-08-11,2019081101016361,CHCL,44,38,34,482.00,"16,388.00"
2019-08-11,2019081101016222,CHCL,52,17,36,484.00,"17,424.00"
2019-08-11,2019081101016145,CZBIL,49,1,160,219.00,"35,040.00"
2019-08-11,2019081101016144,CZBIL,42,1,40,219.00,"8,760.00"
2019-08-11,2019081101016054,DDBL,33,7,200,753.00,"150,600.00"
2019-08-11,2019081101016368,EBL,58,3,10,667.00,"6,670.00"
2019-08-11,2019081101016297,EBL,48,48,150,655.00,"98,250.00"
2019-08-11,2019081101016296,EBL,48,34,89,655.00,"58,295.00"
2019-08-11,2019081101016223,FMDBL,53,26,50,385.00,"19,250.00"
2019-08-11,2019081101016440,FOWAD,45,28,14,"1,352.00","18,928.00"
2019-08-11,2019081101016254,GBLBS,13,38,225,369.00,"83,025.00"
2019-08-11,2019081101016253,GBLBS,13,38,200,370.00,"74,000.00"
2019-08-11,2019081101016252,GBLBS,11,38,50,370.00,"18,500.00"
2019-08-11,2019081101016135,GMFBS,47,40,10,567.00,"5,670.00"
2019-08-11,2019081101016416,GMFIL,35,38,50,128.00,"6,400.00"
2019-08-11,2019081101016375,HBL,47,44,32,543.00,"17,376.00"
2019-08-11,2019081101016073,HBL,47,44,168,543.00,"91,224.00"
2019-08-11,2019081101016072,HBL,14,44,391,543.00,"212,313.00"
2019-08-11,2019081101016071,HBL,6,44,20,544.00,"10,880.00"
2019-08-11,2019081101016070,HBL,22,44,421,544.00,"229,024.00"
2019-08-11,2019081101016186,HDL,26,25,45,"1,528.00","68,760.00"
2019-08-11,2019081101016401,HIDCL,52,7,548,154.00,"84,392.00"
2019-08-11,2019081101016400,HIDCL,45,7,52,154.00,"8,008.00"
2019-08-11,2019081101016396,HIDCL,45,48,48,154.00,"7,392.00"
2019-08-11,2019081101016395,HIDCL,29,48,269,154.00,"41,426.00"
2019-08-11,2019081101016271,HIDCL,51,40,100,155.00,"15,500.00"
2019-08-11,2019081101016362,HURJA,11,42,20,131.00,"2,620.00"
2019-08-11,2019081101016344,HURJA,11,42,20,131.00,"2,620.00"
2019-08-11,2019081101016322,HURJA,11,42,20,131.00,"2,620.00"
2019-08-11,2019081101016427,ILBS,19,53,30,475.00,"14,250.00"
2019-08-11,2019081101016415,ILBS,52,40,10,474.00,"4,740.00"
2019-08-11,2019081101016389,ILBS,52,48,10,474.00,"4,740.00"
2019-08-11,2019081101016388,ILBS,38,48,50,474.00,"23,700.00"
2019-08-11,2019081101016387,ILBS,45,48,40,474.00,"18,960.00"
2019-08-11,2019081101016382,ILBS,45,42,10,474.00,"4,740.00"
2019-08-11,2019081101016381,ILBS,36,53,10,475.00,"4,750.00"
2019-08-11,2019081101016273,ILBS,45,53,10,474.00,"4,740.00"
2019-08-11,2019081101016226,ILBS,45,36,10,474.00,"4,740.00"
2019-08-11,2019081101016213,ILBS,36,53,10,475.00,"4,750.00"
2019-08-11,2019081101016130,ILBS,11,36,60,477.00,"28,620.00"
2019-08-11,2019081101016079,ILBS,16,36,100,477.00,"47,700.00"
2019-08-11,2019081101016402,JOSHI,56,39,20,69.00,"1,380.00"
2019-08-11,2019081101016058,JSLBB,13,39,10,"1,000.00","10,000.00"
2019-08-11,2019081101016057,JSLBB,13,17,10,"1,000.00","10,000.00"
2019-08-11,2019081101016343,KBL,45,4,100,208.00,"20,800.00"
2019-08-11,2019081101016029,KRBL,46,56,264,107.00,"28,248.00"
2019-08-11,2019081101016084,LBL,22,44,50,215.00,"10,750.00"
2019-08-11,2019081101016380,LICN,4,43,20,"1,135.00","22,700.00"
2019-08-11,2019081101016444,LLBS,18,17,24,740.00,"17,760.00"
2019-08-11,2019081101016408,MBL,22,13,800,258.00,"206,400.00"
2019-08-11,2019081101016243,MBL,26,13,200,258.00,"51,600.00"
2019-08-11,2019081101016101,MEGA,56,34,40,201.00,"8,040.00"
2019-08-11,2019081101016100,MEGA,35,34,"1,348",201.00,"270,948.00"
2019-08-11,2019081101016102,MEGA,38,34,612,201.00,"123,012.00"
2019-08-11,2019081101016179,MEGA,38,1,100,201.00,"20,100.00"
2019-08-11,2019081101016209,MEGA,34,52,162,201.00,"32,562.00"
2019-08-11,2019081101016208,MEGA,25,52,50,201.00,"10,050.00"
2019-08-11,2019081101016207,MEGA,48,52,500,201.00,"100,500.00"
2019-08-11,2019081101016206,MEGA,38,52,288,201.00,"57,888.00"
2019-08-11,2019081101016422,MEGA,34,28,138,201.00,"27,738.00"
2019-08-11,2019081101016234,MFIL,17,43,200,122.00,"24,400.00"
2019-08-11,2019081101016326,MHNL,29,39,30,102.00,"3,060.00"
2019-08-11,2019081101016430,MNBBL,10,41,632,368.00,"232,576.00"
2019-08-11,2019081101016220,MPFL,48,46,10,114.00,"1,140.00"
2019-08-11,2019081101016334,MSLB,59,59,3,941.00,"2,823.00"
2019-08-11,2019081101016299,MSLB,59,59,3,941.00,"2,823.00"
2019-08-11,2019081101016230,MSLB,59,59,3,941.00,"2,823.00"
2019-08-11,2019081101016118,MSLB,59,59,3,941.00,"2,823.00"
2019-08-11,2019081101016040,MSLB,59,59,3,941.00,"2,823.00"
2019-08-11,2019081101016420,NADEP,59,59,200,457.00,"91,400.00"
2019-08-11,2019081101016439,NAGRO,28,38,50,854.00,"42,700.00"
2019-08-11,2019081101016318,NAGRO,6,21,50,850.00,"42,500.00"
2019-08-11,2019081101016227,NAGRO,6,3,10,849.00,"8,490.00"
2019-08-11,2019081101016131,NAGRO,6,49,20,848.00,"16,960.00"
2019-08-11,2019081101016418,NBB,56,33,425,217.00,"92,225.00"
2019-08-11,2019081101016281,NBB,56,54,500,217.00,"108,500.00"
2019-08-11,2019081101016236,NBB,56,57,38,217.00,"8,246.00"
2019-08-11,2019081101016235,NBB,56,57,229,217.00,"49,693.00"
2019-08-11,2019081101016164,NBB,1,18,10,218.00,"2,180.00"
2019-08-11,2019081101016163,NBB,1,29,40,218.00,"8,720.00"
2019-08-11,2019081101016136,NBB,56,45,41,217.00,"8,897.00"
2019-08-11,2019081101016123,NBB,56,53,500,217.00,"108,500.00"
2019-08-11,2019081101016083,NBB,56,40,29,217.00,"6,293.00"
2019-08-11,2019081101016399,NBL,29,42,50,327.00,"16,350.00"
2019-08-11,2019081101016038,NBL,32,1,"1,000",328.00,"328,000.00"
2019-08-11,2019081101016037,NBL,32,47,50,328.00,"16,400.00"
2019-08-11,2019081101016036,NBL,32,4,"1,000",328.00,"328,000.00"
2019-08-11,2019081101016035,NBL,32,58,210,328.00,"68,880.00"
2019-08-11,2019081101016034,NBL,32,4,800,328.00,"262,400.00"
2019-08-11,2019081101016028,NBL,29,43,124,327.00,"40,548.00"
2019-08-11,2019081101016356,NEF,36,49,"1,000",8.11,"8,110.00"
2019-08-11,2019081101016394,NGPL,48,40,11,113.00,"1,243.00"
2019-08-11,2019081101016376,NIB,10,4,890,506.00,"450,340.00"
2019-08-11,2019081101016357,NIB,48,51,25,505.00,"12,625.00"
2019-08-11,2019081101016185,NIB,48,37,422,505.00,"213,110.00"
2019-08-11,2019081101016184,NIB,17,37,200,505.00,"101,000.00"
2019-08-11,2019081101016183,NIB,44,37,49,505.00,"24,745.00"
2019-08-11,2019081101016160,NIB,16,4,10,506.00,"5,060.00"
2019-08-11,2019081101016159,NIB,16,4,54,506.00,"27,324.00"
2019-08-11,2019081101016056,NIB,51,4,30,506.00,"15,180.00"
2019-08-11,2019081101016055,NIB,44,43,15,505.00,"7,575.00"
2019-08-11,2019081101016032,NIB,22,4,200,506.00,"101,200.00"
2019-08-11,2019081101016385,NICA,52,21,48,450.00,"21,600.00"
2019-08-11,2019081101016365,NICA,52,7,25,450.00,"11,250.00"
2019-08-11,2019081101016338,NICA,38,7,50,450.00,"22,500.00"
2019-08-11,2019081101016200,NICA,59,7,421,450.00,"189,450.00"
2019-08-11,2019081101016189,NICA,59,43,29,450.00,"13,050.00"
2019-08-11,2019081101016188,NICA,40,43,50,450.00,"22,500.00"
2019-08-11,2019081101016187,NICA,22,43,86,450.00,"38,700.00"
2019-08-11,2019081101016124,NICA,55,7,504,451.00,"227,304.00"
2019-08-11,2019081101016085,NICL,13,1,310,321.00,"99,510.00"
2019-08-11,2019081101016412,NLIC,49,44,20,872.00,"17,440.00"
2019-08-11,2019081101016411,NLIC,11,44,50,872.00,"43,600.00"
2019-08-11,2019081101016410,NLIC,1,44,274,872.00,"238,928.00"
2019-08-11,2019081101016350,NLIC,1,35,50,872.00,"43,600.00"
2019-08-11,2019081101016162,NLICL,22,59,100,568.00,"56,800.00"
2019-08-11,2019081101016161,NLICL,52,59,40,569.00,"22,760.00"
2019-08-11,2019081101016263,NMBMF,45,58,100,"1,052.00","105,200.00"
2019-08-11,2019081101016314,PIC,18,35,180,473.00,"85,140.00"
2019-08-11,2019081101016313,PIC,51,35,20,473.00,"9,460.00"
2019-08-11,2019081101016304,PPCL,39,39,10,126.00,"1,260.00"
2019-08-11,2019081101016198,PPCL,39,6,10,126.00,"1,260.00"
2019-08-11,2019081101016103,PPCL,39,56,30,126.00,"3,780.00"
2019-08-11,2019081101016092,PPCL,39,41,30,126.00,"3,780.00"
2019-08-11,2019081101016156,PRIN,13,43,42,352.00,"14,784.00"
2019-08-11,2019081101016155,PRIN,34,43,100,352.00,"35,200.00"
2019-08-11,2019081101016154,PRIN,45,43,100,352.00,"35,200.00"
2019-08-11,2019081101016153,PRIN,25,43,100,352.00,"35,200.00"
2019-08-11,2019081101016152,PRIN,1,43,25,352.00,"8,800.00"
2019-08-11,2019081101016431,PRVU,57,1,300,270.00,"81,000.00"
2019-08-11,2019081101016363,PRVU,46,14,300,269.00,"80,700.00"
2019-08-11,2019081101016262,PRVU,4,50,46,270.00,"12,420.00"
2019-08-11,2019081101016261,PRVU,4,25,430,270.00,"116,100.00"
2019-08-11,2019081101016260,PRVU,4,41,215,270.00,"58,050.00"
2019-08-11,2019081101016259,PRVU,4,56,856,270.00,"231,120.00"
2019-08-11,2019081101016258,PRVU,4,41,453,270.00,"122,310.00"
2019-08-11,2019081101016522,RHPL,34,51,40,215.00,"8,600.00"
2019-08-11,2019081101016521,RHPL,34,51,40,215.00,"8,600.00"
2019-08-11,2019081101016520,RHPL,34,11,50,215.00,"10,750.00"
2019-08-11,2019081101016519,RHPL,34,54,40,215.00,"8,600.00"
2019-08-11,2019081101016518,RHPL,34,36,40,215.00,"8,600.00"
2019-08-11,2019081101016517,RHPL,34,1,40,215.00,"8,600.00"
2019-08-11,2019081101016060,RHPL,22,40,30,210.00,"6,300.00"
2019-08-11,2019081101016033,RHPL,22,42,40,210.00,"8,400.00"
2019-08-11,2019081101016030,RHPL,22,21,40,210.00,"8,400.00"
2019-08-11,2019081101016025,RHPL,22,40,30,210.00,"6,300.00"
2019-08-11,2019081101016024,RHPL,22,40,30,210.00,"6,300.00"
2019-08-11,2019081101016088,RHPL,22,40,30,210.00,"6,300.00"
2019-08-11,2019081101016082,RHPL,22,40,30,210.00,"6,300.00"
2019-08-11,2019081101016078,RHPL,22,10,50,210.00,"10,500.00"
2019-08-11,2019081101016074,RHPL,22,40,40,210.00,"8,400.00"
2019-08-11,2019081101016068,RHPL,22,37,40,210.00,"8,400.00"
2019-08-11,2019081101016065,RHPL,22,42,20,210.00,"4,200.00"
2019-08-11,2019081101016121,RHPL,36,40,30,210.00,"6,300.00"
2019-08-11,2019081101016112,RHPL,52,35,20,211.00,"4,220.00"
2019-08-11,2019081101016105,RHPL,36,21,40,210.00,"8,400.00"
2019-08-11,2019081101016099,RHPL,36,42,30,210.00,"6,300.00"
2019-08-11,2019081101016098,RHPL,22,42,10,210.00,"2,100.00"
2019-08-11,2019081101016094,RHPL,22,10,50,210.00,"10,500.00"
2019-08-11,2019081101016141,RHPL,56,10,10,210.00,"2,100.00"
2019-08-11,2019081101016140,RHPL,41,10,30,210.00,"6,300.00"
2019-08-11,2019081101016133,RHPL,41,29,40,210.00,"8,400.00"
2019-08-11,2019081101016128,RHPL,41,40,30,210.00,"6,300.00"
2019-08-11,2019081101016126,RHPL,41,10,40,210.00,"8,400.00"
2019-08-11,2019081101016122,RHPL,41,40,10,210.00,"2,100.00"
2019-08-11,2019081101016181,RHPL,57,16,30,210.00,"6,300.00"
2019-08-11,2019081101016177,RHPL,57,29,40,210.00,"8,400.00"
2019-08-11,2019081101016173,RHPL,57,42,20,210.00,"4,200.00"
2019-08-11,2019081101016172,RHPL,17,42,20,210.00,"4,200.00"
2019-08-11,2019081101016158,RHPL,17,40,30,210.00,"6,300.00"
2019-08-11,2019081101016148,RHPL,56,40,30,210.00,"6,300.00"
2019-08-11,2019081101016225,RHPL,58,40,30,211.00,"6,330.00"
2019-08-11,2019081101016216,RHPL,58,21,50,211.00,"10,550.00"
2019-08-11,2019081101016214,RHPL,58,44,40,211.00,"8,440.00"
2019-08-11,2019081101016192,RHPL,58,40,30,211.00,"6,330.00"
2019-08-11,2019081101016191,RHPL,58,39,30,211.00,"6,330.00"
2019-08-11,2019081101016190,RHPL,58,39,30,211.00,"6,330.00"
2019-08-11,2019081101016239,RHPL,58,38,30,211.00,"6,330.00"
2019-08-11,2019081101016238,RHPL,58,42,40,211.00,"8,440.00"
2019-08-11,2019081101016232,RHPL,58,44,50,211.00,"10,550.00"
2019-08-11,2019081101016231,RHPL,58,42,40,211.00,"8,440.00"
2019-08-11,2019081101016229,RHPL,58,11,30,211.00,"6,330.00"
2019-08-11,2019081101016228,RHPL,58,7,400,211.00,"84,400.00"
2019-08-11,2019081101016267,RHPL,58,21,30,211.00,"6,330.00"
2019-08-11,2019081101016257,RHPL,58,38,40,211.00,"8,440.00"
2019-08-11,2019081101016251,RHPL,58,39,30,211.00,"6,330.00"
2019-08-11,2019081101016249,RHPL,58,35,40,211.00,"8,440.00"
2019-08-11,2019081101016248,RHPL,58,44,40,211.00,"8,440.00"
2019-08-11,2019081101016241,RHPL,58,6,20,211.00,"4,220.00"
2019-08-11,2019081101016298,RHPL,34,16,30,211.00,"6,330.00"
2019-08-11,2019081101016292,RHPL,34,42,40,211.00,"8,440.00"
2019-08-11,2019081101016279,RHPL,34,29,40,211.00,"8,440.00"
2019-08-11,2019081101016277,RHPL,34,40,30,211.00,"6,330.00"
2019-08-11,2019081101016276,RHPL,34,44,40,211.00,"8,440.00"
2019-08-11,2019081101016268,RHPL,34,21,10,211.00,"2,110.00"
2019-08-11,2019081101016312,RHPL,34,21,40,211.00,"8,440.00"
2019-08-11,2019081101016311,RHPL,34,29,40,211.00,"8,440.00"
2019-08-11,2019081101016306,RHPL,34,6,20,211.00,"4,220.00"
2019-08-11,2019081101016305,RHPL,34,40,40,211.00,"8,440.00"
2019-08-11,2019081101016303,RHPL,34,44,40,211.00,"8,440.00"
2019-08-11,2019081101016302,RHPL,34,1,10,211.00,"2,110.00"
2019-08-11,2019081101016337,RHPL,43,22,40,211.00,"8,440.00"
2019-08-11,2019081101016335,RHPL,43,29,40,211.00,"8,440.00"
2019-08-11,2019081101016331,RHPL,43,32,40,211.00,"8,440.00"
2019-08-11,2019081101016329,RHPL,34,29,40,211.00,"8,440.00"
2019-08-11,2019081101016323,RHPL,34,11,40,211.00,"8,440.00"
2019-08-11,2019081101016320,RHPL,34,44,40,211.00,"8,440.00"
2019-08-11,2019081101016360,RHPL,43,40,40,211.00,"8,440.00"
2019-08-11,2019081101016355,RHPL,43,29,40,211.00,"8,440.00"
2019-08-11,2019081101016348,RHPL,43,18,30,211.00,"6,330.00"
2019-08-11,2019081101016342,RHPL,43,40,30,211.00,"6,330.00"
2019-08-11,2019081101016340,RHPL,43,37,40,211.00,"8,440.00"
2019-08-11,2019081101016339,RHPL,43,40,40,211.00,"8,440.00"
2019-08-11,2019081101016384,RHPL,43,16,30,211.00,"6,330.00"
2019-08-11,2019081101016383,RHPL,43,29,40,211.00,"8,440.00"
2019-08-11,2019081101016378,RHPL,43,39,30,211.00,"6,330.00"
2019-08-11,2019081101016377,RHPL,43,40,30,211.00,"6,330.00"
2019-08-11,2019081101016371,RHPL,43,1,40,211.00,"8,440.00"
2019-08-11,2019081101016370,RHPL,43,37,40,211.00,"8,440.00"
2019-08-11,2019081101016432,RHPL,43,26,50,211.00,"10,550.00"
2019-08-11,2019081101016426,RHPL,43,48,30,211.00,"6,330.00"
2019-08-11,2019081101016423,RHPL,43,34,30,211.00,"6,330.00"
2019-08-11,2019081101016419,RHPL,43,40,40,211.00,"8,440.00"
2019-08-11,2019081101016417,RHPL,43,44,40,211.00,"8,440.00"
2019-08-11,2019081101016393,RHPL,43,29,40,211.00,"8,440.00"
2019-08-11,2019081101016450,RHPL,34,41,50,212.00,"10,600.00"
2019-08-11,2019081101016449,RHPL,34,35,40,212.00,"8,480.00"
2019-08-11,2019081101016448,RHPL,34,40,20,212.00,"4,240.00"
2019-08-11,2019081101016445,RHPL,43,16,30,211.00,"6,330.00"
2019-08-11,2019081101016438,RHPL,43,40,40,211.00,"8,440.00"
2019-08-11,2019081101016437,RHPL,43,44,40,211.00,"8,440.00"
2019-08-11,2019081101016456,RHPL,34,37,20,212.00,"4,240.00"
2019-08-11,2019081101016455,RHPL,34,37,40,212.00,"8,480.00"
2019-08-11,2019081101016454,RHPL,34,37,40,212.00,"8,480.00"
2019-08-11,2019081101016453,RHPL,34,37,40,212.00,"8,480.00"
2019-08-11,2019081101016452,RHPL,34,41,50,212.00,"10,600.00"
2019-08-11,2019081101016451,RHPL,34,37,40,212.00,"8,480.00"
2019-08-11,2019081101016462,RHPL,34,14,20,212.00,"4,240.00"
2019-08-11,2019081101016461,RHPL,34,14,40,212.00,"8,480.00"
2019-08-11,2019081101016460,RHPL,34,21,40,212.00,"8,480.00"
2019-08-11,2019081101016459,RHPL,34,6,10,212.00,"2,120.00"
2019-08-11,2019081101016458,RHPL,34,37,40,212.00,"8,480.00"
2019-08-11,2019081101016457,RHPL,34,41,70,212.00,"14,840.00"
2019-08-11,2019081101016468,RHPL,34,29,40,213.00,"8,520.00"
2019-08-11,2019081101016467,RHPL,34,54,30,213.00,"6,390.00"
2019-08-11,2019081101016466,RHPL,34,29,40,213.00,"8,520.00"
2019-08-11,2019081101016465,RHPL,34,29,40,213.00,"8,520.00"
2019-08-11,2019081101016464,RHPL,34,6,30,213.00,"6,390.00"
2019-08-11,2019081101016463,RHPL,34,29,40,213.00,"8,520.00"
2019-08-11,2019081101016474,RHPL,34,54,30,213.00,"6,390.00"
2019-08-11,2019081101016473,RHPL,34,29,40,213.00,"8,520.00"
2019-08-11,2019081101016472,RHPL,34,29,40,213.00,"8,520.00"
2019-08-11,2019081101016471,RHPL,34,54,20,213.00,"4,260.00"
2019-08-11,2019081101016470,RHPL,34,37,40,213.00,"8,520.00"
2019-08-11,2019081101016469,RHPL,34,29,40,213.00,"8,520.00"
2019-08-11,2019081101016480,RHPL,34,29,40,213.00,"8,520.00"
2019-08-11,2019081101016479,RHPL,34,29,40,213.00,"8,520.00"
2019-08-11,2019081101016478,RHPL,34,54,30,213.00,"6,390.00"
2019-08-11,2019081101016477,RHPL,34,29,40,213.00,"8,520.00"
2019-08-11,2019081101016476,RHPL,34,29,40,213.00,"8,520.00"
2019-08-11,2019081101016475,RHPL,34,29,40,213.00,"8,520.00"
2019-08-11,2019081101016486,RHPL,34,35,40,214.00,"8,560.00"
2019-08-11,2019081101016485,RHPL,34,1,30,214.00,"6,420.00"
2019-08-11,2019081101016484,RHPL,34,38,40,213.00,"8,520.00"
2019-08-11,2019081101016483,RHPL,34,20,30,213.00,"6,390.00"
2019-08-11,2019081101016482,RHPL,34,29,40,213.00,"8,520.00"
2019-08-11,2019081101016481,RHPL,34,54,30,213.00,"6,390.00"
2019-08-11,2019081101016492,RHPL,34,37,40,214.00,"8,560.00"
2019-08-11,2019081101016491,RHPL,34,6,20,214.00,"4,280.00"
2019-08-11,2019081101016490,RHPL,34,46,20,214.00,"4,280.00"
2019-08-11,2019081101016489,RHPL,34,25,20,214.00,"4,280.00"
2019-08-11,2019081101016488,RHPL,34,54,10,214.00,"2,140.00"
2019-08-11,2019081101016487,RHPL,34,34,40,214.00,"8,560.00"
2019-08-11,2019081101016498,RHPL,34,37,40,214.00,"8,560.00"
2019-08-11,2019081101016497,RHPL,34,37,40,214.00,"8,560.00"
2019-08-11,2019081101016496,RHPL,34,37,40,214.00,"8,560.00"
2019-08-11,2019081101016495,RHPL,34,37,40,214.00,"8,560.00"
2019-08-11,2019081101016494,RHPL,34,37,40,214.00,"8,560.00"
2019-08-11,2019081101016493,RHPL,34,37,40,214.00,"8,560.00"
2019-08-11,2019081101016504,RHPL,34,37,40,214.00,"8,560.00"
2019-08-11,2019081101016503,RHPL,34,37,40,214.00,"8,560.00"
2019-08-11,2019081101016502,RHPL,34,37,40,214.00,"8,560.00"
2019-08-11,2019081101016501,RHPL,34,46,40,214.00,"8,560.00"
2019-08-11,2019081101016500,RHPL,34,37,40,214.00,"8,560.00"
2019-08-11,2019081101016499,RHPL,34,37,40,214.00,"8,560.00"
2019-08-11,2019081101016510,RHPL,34,42,30,214.00,"6,420.00"
2019-08-11,2019081101016509,RHPL,34,37,40,214.00,"8,560.00"
2019-08-11,2019081101016508,RHPL,34,37,40,214.00,"8,560.00"
2019-08-11,2019081101016507,RHPL,34,37,40,214.00,"8,560.00"
2019-08-11,2019081101016506,RHPL,34,37,40,214.00,"8,560.00"
2019-08-11,2019081101016505,RHPL,34,37,40,214.00,"8,560.00"
2019-08-11,2019081101016516,RHPL,34,57,70,214.00,"14,980.00"
2019-08-11,2019081101016515,RHPL,34,52,"1,000",214.00,"214,000.00"
2019-08-11,2019081101016514,RHPL,34,39,40,214.00,"8,560.00"
2019-08-11,2019081101016513,RHPL,34,39,40,214.00,"8,560.00"
2019-08-11,2019081101016512,RHPL,34,33,40,214.00,"8,560.00"
2019-08-11,2019081101016511,RHPL,34,33,40,214.00,"8,560.00"
2019-08-11,2019081101016165,RRHP,22,56,10,108.00,"1,080.00"
2019-08-11,2019081101016414,RSDC,42,25,100,360.00,"36,000.00"
2019-08-11,2019081101016413,RSDC,49,25,100,360.00,"36,000.00"
2019-08-11,2019081101016291,RSDC,41,25,50,362.00,"18,100.00"
2019-08-11,2019081101016290,RSDC,57,25,200,362.00,"72,400.00"
2019-08-11,2019081101016289,RSDC,19,25,157,362.00,"56,834.00"
2019-08-11,2019081101016288,RSDC,57,25,50,364.00,"18,200.00"
2019-08-11,2019081101016027,RSDC,39,39,63,365.00,"22,995.00"
2019-08-11,2019081101016287,RSDC,3,25,290,364.00,"105,560.00"
2019-08-11,2019081101016286,RSDC,14,25,150,365.00,"54,750.00"
2019-08-11,2019081101016285,RSDC,39,25,399,365.00,"145,635.00"
2019-08-11,2019081101016284,RSDC,22,25,400,366.00,"146,400.00"
2019-08-11,2019081101016064,RSDC,39,38,15,365.00,"5,475.00"
2019-08-11,2019081101016059,RSDC,39,39,43,365.00,"15,695.00"
2019-08-11,2019081101016143,SANIMA,44,51,415,350.00,"145,250.00"
2019-08-11,2019081101016405,SBI,19,56,96,444.00,"42,624.00"
2019-08-11,2019081101016404,SBI,50,56,100,445.00,"44,500.00"
2019-08-11,2019081101016367,SBI,25,52,120,446.00,"53,520.00"
2019-08-11,2019081101016366,SBI,54,52,20,446.00,"8,920.00"
2019-08-11,2019081101016151,SBL,53,57,488,318.00,"155,184.00"
2019-08-11,2019081101016066,SBL,53,1,200,318.00,"63,600.00"
2019-08-11,2019081101016210,SDESI,45,59,12,609.00,"7,308.00"
2019-08-11,2019081101016170,SDESI,36,34,231,620.00,"143,220.00"
2019-08-11,2019081101016169,SDESI,36,34,100,619.00,"61,900.00"
2019-08-11,2019081101016168,SDESI,36,14,23,615.00,"14,145.00"
2019-08-11,2019081101016167,SDESI,36,14,23,615.00,"14,145.00"
2019-08-11,2019081101016166,SDESI,36,14,23,615.00,"14,145.00"
2019-08-11,2019081101016407,SEF,25,48,"3,000",10.10,"30,300.00"
2019-08-11,2019081101016406,SEF,25,21,500,10.10,"5,050.00"
2019-08-11,2019081101016433,SFFIL,28,38,500,266.00,"133,000.00"
2019-08-11,2019081101016398,SFFIL,28,6,240,265.00,"63,600.00"
2019-08-11,2019081101016333,SHIVM,42,41,50,576.00,"28,800.00"
2019-08-11,2019081101016332,SHIVM,22,41,50,577.00,"28,850.00"
2019-08-11,2019081101016218,SHIVM,42,26,300,576.00,"172,800.00"
2019-08-11,2019081101016052,SHIVM,41,43,275,573.00,"157,575.00"
2019-08-11,2019081101016051,SHIVM,48,43,100,573.00,"57,300.00"
2019-08-11,2019081101016050,SHIVM,10,43,25,573.00,"14,325.00"
2019-08-11,2019081101016049,SHIVM,25,43,"1,000",574.00,"574,000.00"
2019-08-11,2019081101016048,SHIVM,44,43,300,574.00,"172,200.00"
2019-08-11,2019081101016047,SHIVM,45,43,50,574.00,"28,700.00"
2019-08-11,2019081101016046,SHIVM,58,43,200,574.00,"114,800.00"
2019-08-11,2019081101016045,SHIVM,34,43,50,574.00,"28,700.00"
2019-08-11,2019081101016023,SHIVM,22,26,180,575.00,"103,500.00"
2019-08-11,2019081101016308,SIC,4,41,500,597.00,"298,500.00"
2019-08-11,2019081101016219,SIC,20,41,50,598.00,"29,900.00"
2019-08-11,2019081101016157,SIC,45,41,20,598.00,"11,960.00"
2019-08-11,2019081101016309,SICL,28,38,50,765.00,"38,250.00"
2019-08-11,2019081101016178,SICL,16,57,207,763.00,"157,941.00"
2019-08-11,2019081101016087,SICL,16,57,28,763.00,"21,364.00"
2019-08-11,2019081101016086,SICL,56,57,187,763.00,"142,681.00"
2019-08-11,2019081101016341,SIL,25,40,10,447.00,"4,470.00"
2019-08-11,2019081101016247,SIL,25,40,10,439.00,"4,390.00"
2019-08-11,2019081101016201,SIL,44,56,"1,786",431.00,"769,766.00"
2019-08-11,2019081101016127,SIL,44,43,173,431.00,"74,563.00"
2019-08-11,2019081101016091,SIL,19,43,50,435.00,"21,750.00"
2019-08-11,2019081101016090,SIL,34,43,20,436.00,"8,720.00"
2019-08-11,2019081101016321,SINDU,34,41,509,132.00,"67,188.00"
2019-08-11,2019081101016237,SINDU,34,40,110,134.00,"14,740.00"
2019-08-11,2019081101016447,SJCL,34,34,20,227.00,"4,540.00"
2019-08-11,2019081101016446,SJCL,34,40,20,227.00,"4,540.00"
2019-08-11,2019081101016443,SJCL,34,35,10,227.00,"2,270.00"
2019-08-11,2019081101016442,SJCL,34,11,20,227.00,"4,540.00"
2019-08-11,2019081101016441,SJCL,34,52,20,227.00,"4,540.00"
2019-08-11,2019081101016429,SJCL,34,1,20,227.00,"4,540.00"
2019-08-11,2019081101016041,SJCL,39,40,20,226.00,"4,520.00"
2019-08-11,2019081101016031,SJCL,39,47,20,226.00,"4,520.00"
2019-08-11,2019081101016080,SJCL,41,28,20,226.00,"4,520.00"
2019-08-11,2019081101016069,SJCL,41,42,20,226.00,"4,520.00"
2019-08-11,2019081101016053,SJCL,41,28,20,226.00,"4,520.00"
2019-08-11,2019081101016044,SJCL,41,26,20,226.00,"4,520.00"
2019-08-11,2019081101016043,SJCL,41,38,20,226.00,"4,520.00"
2019-08-11,2019081101016042,SJCL,39,40,20,226.00,"4,520.00"
2019-08-11,2019081101016097,SJCL,39,37,10,226.00,"2,260.00"
2019-08-11,2019081101016096,SJCL,41,37,10,226.00,"2,260.00"
2019-08-11,2019081101016095,SJCL,41,40,20,226.00,"4,520.00"
2019-08-11,2019081101016089,SJCL,41,47,20,226.00,"4,520.00"
2019-08-11,2019081101016137,SJCL,39,28,10,226.00,"2,260.00"
2019-08-11,2019081101016132,SJCL,39,42,20,226.00,"4,520.00"
2019-08-11,2019081101016113,SJCL,39,28,20,226.00,"4,520.00"
2019-08-11,2019081101016106,SJCL,39,40,20,226.00,"4,520.00"
2019-08-11,2019081101016104,SJCL,39,26,20,226.00,"4,520.00"
2019-08-11,2019081101016171,SJCL,39,29,20,226.00,"4,520.00"
2019-08-11,2019081101016147,SJCL,39,26,20,226.00,"4,520.00"
2019-08-11,2019081101016146,SJCL,39,7,20,226.00,"4,520.00"
2019-08-11,2019081101016142,SJCL,39,18,20,226.00,"4,520.00"
2019-08-11,2019081101016139,SJCL,39,47,10,226.00,"2,260.00"
2019-08-11,2019081101016138,SJCL,39,28,10,226.00,"2,260.00"
2019-08-11,2019081101016195,SJCL,14,42,20,227.00,"4,540.00"
2019-08-11,2019081101016194,SJCL,14,32,20,227.00,"4,540.00"
2019-08-11,2019081101016193,SJCL,14,40,20,227.00,"4,540.00"
2019-08-11,2019081101016180,SJCL,40,40,20,226.00,"4,520.00"
2019-08-11,2019081101016176,SJCL,40,21,20,226.00,"4,520.00"
2019-08-11,2019081101016205,SJCL,40,11,20,226.00,"4,520.00"
2019-08-11,2019081101016203,SJCL,40,28,20,226.00,"4,520.00"
2019-08-11,2019081101016202,SJCL,40,42,20,226.00,"4,520.00"
2019-08-11,2019081101016199,SJCL,40,26,20,226.00,"4,520.00"
2019-08-11,2019081101016197,SJCL,14,39,20,227.00,"4,540.00"
2019-08-11,2019081101016196,SJCL,14,33,10,227.00,"2,270.00"
2019-08-11,2019081101016221,SJCL,40,57,20,226.00,"4,520.00"
2019-08-11,2019081101016217,SJCL,40,16,20,226.00,"4,520.00"
2019-08-11,2019081101016246,SJCL,38,28,10,226.00,"2,260.00"
2019-08-11,2019081101016245,SJCL,54,28,10,226.00,"2,260.00"
2019-08-11,2019081101016244,SJCL,54,36,20,226.00,"4,520.00"
2019-08-11,2019081101016242,SJCL,54,40,20,226.00,"4,520.00"
2019-08-11,2019081101016233,SJCL,40,28,20,226.00,"4,520.00"
2019-08-11,2019081101016224,SJCL,40,21,20,226.00,"4,520.00"
2019-08-11,2019081101016278,SJCL,38,39,20,226.00,"4,520.00"
2019-08-11,2019081101016272,SJCL,38,38,20,226.00,"4,520.00"
2019-08-11,2019081101016269,SJCL,38,45,20,226.00,"4,520.00"
2019-08-11,2019081101016266,SJCL,38,28,10,226.00,"2,260.00"
2019-08-11,2019081101016264,SJCL,38,42,20,226.00,"4,520.00"
2019-08-11,2019081101016250,SJCL,38,42,20,226.00,"4,520.00"
2019-08-11,2019081101016301,SJCL,38,40,20,226.00,"4,520.00"
2019-08-11,2019081101016295,SJCL,38,11,20,226.00,"4,520.00"
2019-08-11,2019081101016294,SJCL,38,18,10,226.00,"2,260.00"
2019-08-11,2019081101016293,SJCL,38,28,20,226.00,"4,520.00"
2019-08-11,2019081101016282,SJCL,38,21,20,226.00,"4,520.00"
2019-08-11,2019081101016280,SJCL,38,40,20,226.00,"4,520.00"
2019-08-11,2019081101016345,SJCL,38,21,20,226.00,"4,520.00"
2019-08-11,2019081101016325,SJCL,38,40,20,226.00,"4,520.00"
2019-08-11,2019081101016324,SJCL,38,21,20,226.00,"4,520.00"
2019-08-11,2019081101016317,SJCL,38,16,20,226.00,"4,520.00"
2019-08-11,2019081101016316,SJCL,38,32,20,226.00,"4,520.00"
2019-08-11,2019081101016310,SJCL,38,42,20,226.00,"4,520.00"
2019-08-11,2019081101016372,SJCL,39,35,20,227.00,"4,540.00"
2019-08-11,2019081101016369,SJCL,38,29,10,226.00,"2,260.00"
2019-08-11,2019081101016353,SJCL,38,40,20,226.00,"4,520.00"
2019-08-11,2019081101016351,SJCL,38,40,20,226.00,"4,520.00"
2019-08-11,2019081101016347,SJCL,38,29,10,226.00,"2,260.00"
2019-08-11,2019081101016346,SJCL,38,22,20,226.00,"4,520.00"
2019-08-11,2019081101016403,SJCL,38,57,20,226.00,"4,520.00"
2019-08-11,2019081101016397,SJCL,38,18,20,226.00,"4,520.00"
2019-08-11,2019081101016386,SJCL,38,40,10,226.00,"2,260.00"
2019-08-11,2019081101016379,SJCL,38,40,20,226.00,"4,520.00"
2019-08-11,2019081101016374,SJCL,39,6,10,227.00,"2,270.00"
2019-08-11,2019081101016373,SJCL,39,6,20,227.00,"4,540.00"
2019-08-11,2019081101016428,SJCL,34,6,10,227.00,"2,270.00"
2019-08-11,2019081101016425,SJCL,38,57,20,226.00,"4,520.00"
2019-08-11,2019081101016424,SJCL,38,37,20,226.00,"4,520.00"
2019-08-11,2019081101016421,SJCL,38,29,20,226.00,"4,520.00"
2019-08-11,2019081101016409,SJCL,38,16,20,226.00,"4,520.00"
2019-08-11,2019081101016215,SLBBL,57,25,10,559.00,"5,590.00"
2019-08-11,2019081101016039,SLBBL,7,45,10,550.00,"5,500.00"
2019-08-11,2019081101016212,SLBSL,52,56,10,628.00,"6,280.00"
2019-08-11,2019081101016364,SLICL,22,57,24,457.00,"10,968.00"
2019-08-11,2019081101016359,SLICL,49,38,98,456.00,"44,688.00"
2019-08-11,2019081101016275,SLICL,49,41,126,456.00,"57,456.00"
2019-08-11,2019081101016274,SLICL,42,41,26,457.00,"11,882.00"
2019-08-11,2019081101016120,SLICL,50,38,31,459.00,"14,229.00"
2019-08-11,2019081101016119,SLICL,50,38,69,459.00,"31,671.00"
2019-08-11,2019081101016063,SMB,19,38,10,500.00,"5,000.00"
2019-08-11,2019081101016062,SMB,19,28,10,500.00,"5,000.00"
2019-08-11,2019081101016061,SMB,19,34,50,500.00,"25,000.00"
2019-08-11,2019081101016392,SMFBS,43,58,10,836.00,"8,360.00"
2019-08-11,2019081101016391,SMFBS,38,58,50,837.00,"41,850.00"
2019-08-11,2019081101016390,SMFBS,7,58,50,838.00,"41,900.00"
2019-08-11,2019081101016328,SMFBS,38,3,10,837.00,"8,370.00"
2019-08-11,2019081101016319,SMFBS,38,40,10,837.00,"8,370.00"
2019-08-11,2019081101016315,SMFBS,38,3,10,837.00,"8,370.00"
2019-08-11,2019081101016283,SMFBS,38,3,10,837.00,"8,370.00"
2019-08-11,2019081101016026,SMFBS,25,14,10,840.00,"8,400.00"
2019-08-11,2019081101016307,SPARS,57,53,10,611.00,"6,110.00"
2019-08-11,2019081101016300,SPARS,57,56,10,611.00,"6,110.00"
2019-08-11,2019081101016204,SPARS,57,36,10,611.00,"6,110.00"
2019-08-11,2019081101016336,SPDL,45,56,11,86.00,946.00
2019-08-11,2019081101016134,SRBL,22,4,70,242.00,"16,940.00"
2019-08-11,2019081101016081,SRBL,46,4,"1,000",241.00,"241,000.00"
2019-08-11,2019081101016330,STC,42,5,209,575.00,"120,175.00"
2019-08-11,2019081101016270,STC,35,5,10,564.00,"5,640.00"
2019-08-11,2019081101016175,SWBBL,8,39,100,920.00,"92,000.00"
2019-08-11,2019081101016174,SWBBL,8,49,185,920.00,"170,200.00"
2019-08-11,2019081101016358,UMHL,29,56,23,106.00,"2,438.00"
2019-08-11,2019081101016436,UPCL,41,37,100,88.00,"8,800.00"
2019-08-11,2019081101016435,UPCL,41,54,50,88.00,"4,400.00"
2019-08-11,2019081101016434,UPCL,41,48,50,88.00,"4,400.00"
2019-08-11,2019081101016211,UPPER,32,43,50,263.00,"13,150.00"
2019-08-11,2019081101016150,UPPER,32,7,675,263.00,"177,525.00"
2019-08-11,2019081101016149,UPPER,13,7,725,263.00,"190,675.00"
2019-08-11,2019081101015537,ADBL,53,1,25,429.00,"10,725.00"
2019-08-11,2019081101015536,ADBL,50,1,75,429.00,"32,175.00"
2019-08-11,2019081101015523,ADBL,39,50,100,430.00,"43,000.00"
2019-08-11,2019081101015801,AKJCL,1,47,20,67.00,"1,340.00"
2019-08-11,2019081101015797,AKJCL,1,21,10,67.00,670.00
2019-08-11,2019081101015826,ALBSL,8,16,10,460.00,"4,600.00"
2019-08-11,2019081101015662,ALBSL,1,56,20,462.00,"9,240.00"
2019-08-11,2019081101016019,API,6,45,200,131.00,"26,200.00"
2019-08-11,2019081101016018,API,58,45,500,131.00,"65,500.00"
2019-08-11,2019081101016017,API,33,45,282,131.00,"36,942.00"
2019-08-11,2019081101015771,BARUN,56,47,50,88.00,"4,400.00"
2019-08-11,2019081101015760,BOKL,47,43,82,260.00,"21,320.00"
2019-08-11,2019081101015759,BOKL,16,43,72,260.00,"18,720.00"
2019-08-11,2019081101015720,BOKL,16,57,250,260.00,"65,000.00"
2019-08-11,2019081101015698,BOKL,16,1,18,260.00,"4,680.00"
2019-08-11,2019081101015545,BPCL,58,51,22,392.00,"8,624.00"
2019-08-11,2019081101015987,CBBL,59,22,100,988.00,"98,800.00"
2019-08-11,2019081101015700,CBL,28,40,65,150.00,"9,750.00"
2019-08-11,2019081101015651,CBL,42,37,42,151.00,"6,342.00"
2019-08-11,2019081101015929,CCBL,48,45,116,165.00,"19,140.00"
2019-08-11,2019081101015928,CCBL,48,4,200,165.00,"33,000.00"
2019-08-11,2019081101015899,CHCL,47,54,31,483.00,"14,973.00"
2019-08-11,2019081101015580,CHCL,47,39,69,483.00,"33,327.00"
2019-08-11,2019081101015753,CHL,39,56,13,82.00,"1,066.00"
2019-08-11,2019081101015895,CZBIL,34,44,500,220.00,"110,000.00"
2019-08-11,2019081101015729,CZBIL,42,47,10,219.00,"2,190.00"
2019-08-11,2019081101015975,DDBL,58,4,204,751.00,"153,204.00"
2019-08-11,2019081101015735,DHPL,7,43,10,63.00,630.00
2019-08-11,2019081101015848,EBL,25,16,15,653.00,"9,795.00"
2019-08-11,2019081101015847,EBL,48,16,10,653.00,"6,530.00"
2019-08-11,2019081101015665,FMDBL,35,6,10,391.00,"3,910.00"
2019-08-11,2019081101015796,FOWAD,35,11,50,"1,350.00","67,500.00"
2019-08-11,2019081101015795,FOWAD,35,11,50,"1,350.00","67,500.00"
2019-08-11,2019081101015883,GBBL,26,7,68,219.00,"14,892.00"
2019-08-11,2019081101015816,GBLBS,13,58,10,369.00,"3,690.00"
2019-08-11,2019081101015667,GBLBS,19,38,180,370.00,"66,600.00"
2019-08-11,2019081101015535,GBLBS,13,56,10,369.00,"3,690.00"
2019-08-11,2019081101015945,GDBL,6,32,440,208.00,"91,520.00"
2019-08-11,2019081101015613,GDBL,6,22,"1,000",208.00,"208,000.00"
2019-08-11,2019081101015758,GLBSL,22,45,10,535.00,"5,350.00"
2019-08-11,2019081101015664,GLBSL,46,51,10,540.00,"5,400.00"
2019-08-11,2019081101015567,GLBSL,46,56,10,535.00,"5,350.00"
2019-08-11,2019081101015745,GMFBS,47,4,10,567.00,"5,670.00"
2019-08-11,2019081101015731,HBL,22,16,50,544.00,"27,200.00"
2019-08-11,2019081101015841,HGI,29,6,700,330.00,"231,000.00"
2019-08-11,2019081101015618,HGI,34,40,218,329.00,"71,722.00"
2019-08-11,2019081101015604,HGI,42,11,27,328.00,"8,856.00"
2019-08-11,2019081101015603,HGI,17,11,23,328.00,"7,544.00"
2019-08-11,2019081101015775,HIDCL,45,40,35,155.00,"5,425.00"
2019-08-11,2019081101015766,HIDCL,29,45,35,154.00,"5,390.00"
2019-08-11,2019081101015750,HIDCL,42,40,300,155.00,"46,500.00"
2019-08-11,2019081101015583,HIDCL,29,37,61,154.00,"9,394.00"
2019-08-11,2019081101015965,HPPL,26,43,20,168.00,"3,360.00"
2019-08-11,2019081101015605,HPPL,26,56,10,168.00,"1,680.00"
2019-08-11,2019081101015884,HURJA,11,35,20,132.00,"2,640.00"
2019-08-11,2019081101015865,HURJA,25,32,20,130.00,"2,600.00"
2019-08-11,2019081101015802,HURJA,25,1,20,130.00,"2,600.00"
2019-08-11,2019081101015770,HURJA,25,32,20,130.00,"2,600.00"
2019-08-11,2019081101015661,HURJA,25,56,20,130.00,"2,600.00"
2019-08-11,2019081101015877,ILBS,38,52,100,486.00,"48,600.00"
2019-08-11,2019081101015800,ILBS,38,45,10,483.00,"4,830.00"
2019-08-11,2019081101015799,ILBS,38,14,10,483.00,"4,830.00"
2019-08-11,2019081101015789,ILBS,38,40,10,483.00,"4,830.00"
2019-08-11,2019081101015787,ILBS,38,52,50,483.00,"24,150.00"
2019-08-11,2019081101015786,ILBS,38,39,30,482.00,"14,460.00"
2019-08-11,2019081101015785,ILBS,38,19,50,481.00,"24,050.00"
2019-08-11,2019081101015784,ILBS,38,41,10,480.00,"4,800.00"
2019-08-11,2019081101015779,ILBS,48,4,10,476.00,"4,760.00"
2019-08-11,2019081101015671,ILBS,48,26,10,476.00,"4,760.00"
2019-08-11,2019081101015862,JBBL,47,16,12,154.00,"1,848.00"
2019-08-11,2019081101015722,JBBL,47,56,54,154.00,"8,316.00"
2019-08-11,2019081101015721,JBBL,51,56,100,155.00,"15,500.00"
2019-08-11,2019081101015550,JOSHI,32,39,20,70.00,"1,400.00"
2019-08-11,2019081101015549,JOSHI,32,5,20,70.00,"1,400.00"
2019-08-11,2019081101015548,JOSHI,32,48,20,70.00,"1,400.00"
2019-08-11,2019081101015547,JOSHI,32,48,20,70.00,"1,400.00"
2019-08-11,2019081101015546,JOSHI,32,22,20,70.00,"1,400.00"
2019-08-11,2019081101015891,KBL,44,16,48,207.00,"9,936.00"
2019-08-11,2019081101015741,KBL,44,1,42,207.00,"8,694.00"
2019-08-11,2019081101015691,KBL,34,4,554,208.00,"115,232.00"
2019-08-11,2019081101015879,KPCL,34,32,10,86.00,860.00
2019-08-11,2019081101015805,KPCL,34,56,10,86.00,860.00
2019-08-11,2019081101015694,KPCL,34,47,10,86.00,860.00
2019-08-11,2019081101015762,KSBBL,14,40,445,149.00,"66,305.00"
2019-08-11,2019081101016013,LBBL,50,57,24,171.00,"4,104.00"
2019-08-11,2019081101015998,LBBL,50,35,500,171.00,"85,500.00"
2019-08-11,2019081101015977,LBBL,50,43,50,171.00,"8,550.00"
2019-08-11,2019081101015919,LBBL,59,43,450,171.00,"76,950.00"
2019-08-11,2019081101015859,LBBL,59,28,50,171.00,"8,550.00"
2019-08-11,2019081101015908,LBL,42,16,38,214.00,"8,132.00"
2019-08-11,2019081101015911,LGIL,29,19,75,413.00,"30,975.00"
2019-08-11,2019081101015529,LGIL,29,11,73,413.00,"30,149.00"
2019-08-11,2019081101015528,LGIL,51,11,33,415.00,"13,695.00"
2019-08-11,2019081101015905,LICN,8,43,27,"1,135.00","30,645.00"
2019-08-11,2019081101015887,LICN,8,28,20,"1,135.00","22,700.00"
2019-08-11,2019081101015875,MBL,44,57,73,258.00,"18,834.00"
2019-08-11,2019081101015695,MBL,44,57,247,258.00,"63,726.00"
2019-08-11,2019081101015644,MBL,44,40,653,258.00,"168,474.00"
2019-08-11,2019081101015602,MEGA,41,19,852,201.00,"171,252.00"
2019-08-11,2019081101015601,MEGA,34,19,148,201.00,"29,748.00"
2019-08-11,2019081101015871,MEGA,7,43,300,201.00,"60,300.00"
2019-08-11,2019081101015870,MEGA,41,43,148,201.00,"29,748.00"
2019-08-11,2019081101015874,MEGA,35,43,252,201.00,"50,652.00"
2019-08-11,2019081101015873,MEGA,26,43,200,201.00,"40,200.00"
2019-08-11,2019081101015872,MEGA,52,43,100,201.00,"20,100.00"
2019-08-11,2019081101015985,MERO,42,39,100,530.00,"53,000.00"
2019-08-11,2019081101015984,MERO,46,39,35,531.00,"18,585.00"
2019-08-11,2019081101015888,MHNL,29,56,30,102.00,"3,060.00"
2019-08-11,2019081101015591,MHNL,56,39,20,103.00,"2,060.00"
2019-08-11,2019081101015769,MLBBL,49,39,50,480.00,"24,000.00"
2019-08-11,2019081101015980,MNBBL,44,56,40,370.00,"14,800.00"
2019-08-11,2019081101015794,MNBBL,10,56,10,370.00,"3,700.00"
2019-08-11,2019081101015754,MNBBL,34,4,356,369.00,"131,364.00"
2019-08-11,2019081101015711,MSMBS,45,45,10,515.00,"5,150.00"
2019-08-11,2019081101015687,NABIL,4,16,50,783.00,"39,150.00"
2019-08-11,2019081101015684,NABIL,4,28,640,783.00,"501,120.00"
2019-08-11,2019081101015683,NABIL,35,28,50,783.00,"39,150.00"
2019-08-11,2019081101015682,NABIL,38,28,10,783.00,"7,830.00"
2019-08-11,2019081101015680,NABIL,4,28,"2,668",785.00,"2,094,380.00"
2019-08-11,2019081101015679,NABIL,4,32,200,784.00,"156,800.00"
2019-08-11,2019081101015678,NABIL,4,37,50,784.00,"39,200.00"
2019-08-11,2019081101015677,NABIL,4,41,80,784.00,"62,720.00"
2019-08-11,2019081101015935,NADEP,59,56,20,457.00,"9,140.00"
2019-08-11,2019081101015774,NADEP,59,14,20,457.00,"9,140.00"
2019-08-11,2019081101016006,NBB,56,43,384,217.00,"83,328.00"
2019-08-11,2019081101016005,NBB,7,43,150,217.00,"32,550.00"
2019-08-11,2019081101015972,NBB,10,29,30,218.00,"6,540.00"
2019-08-11,2019081101015756,NBB,7,28,100,217.00,"21,700.00"
2019-08-11,2019081101015956,NHPC,26,16,100,62.00,"6,200.00"
2019-08-11,2019081101015813,NHPC,34,36,500,63.00,"31,500.00"
2019-08-11,2019081101015812,NHPC,34,36,"1,000",63.00,"63,000.00"
2019-08-11,2019081101015983,NIB,22,4,400,506.00,"202,400.00"
2019-08-11,2019081101015938,NIB,6,4,50,506.00,"25,300.00"
2019-08-11,2019081101015855,NIB,44,11,136,505.00,"68,680.00"
2019-08-11,2019081101015755,NIB,21,4,60,506.00,"30,360.00"
2019-08-11,2019081101015704,NIB,17,13,92,505.00,"46,460.00"
2019-08-11,2019081101015703,NIB,34,13,88,505.00,"44,440.00"
2019-08-11,2019081101015590,NIB,34,40,23,505.00,"11,615.00"
2019-08-11,2019081101015978,NICL,51,1,20,321.00,"6,420.00"
2019-08-11,2019081101015819,NLICL,39,53,700,570.00,"399,000.00"
2019-08-11,2019081101015818,NLICL,25,53,500,571.00,"285,500.00"
2019-08-11,2019081101015607,NLICL,39,6,300,570.00,"171,000.00"
2019-08-11,2019081101015563,NLICL,57,6,100,570.00,"57,000.00"
2019-08-11,2019081101015974,NMBHF1,32,43,"6,661",9.76,"65,011.36"
2019-08-11,2019081101015973,NMBHF1,34,43,"2,500",9.78,"24,450.00"
2019-08-11,2019081101015778,OHL,16,41,50,601.00,"30,050.00"
2019-08-11,2019081101015990,PCBL,53,56,11,275.00,"3,025.00"
2019-08-11,2019081101015712,PIC,39,43,11,470.00,"5,170.00"
2019-08-11,2019081101016022,PMHPL,16,56,10,101.00,"1,010.00"
2019-08-11,2019081101015924,PMHPL,16,32,10,101.00,"1,010.00"
2019-08-11,2019081101015815,PMHPL,16,32,10,101.00,"1,010.00"
2019-08-11,2019081101015736,PPCL,39,43,10,126.00,"1,260.00"
2019-08-11,2019081101015526,PPCL,39,5,20,126.00,"2,520.00"
2019-08-11,2019081101015944,PRVU,46,42,118,269.00,"31,742.00"
2019-08-11,2019081101015589,PRVU,47,56,15,270.00,"4,050.00"
2019-08-11,2019081101015532,RHPC,52,48,12,86.00,"1,032.00"
2019-08-11,2019081101016012,RHPL,22,40,40,210.00,"8,400.00"
2019-08-11,2019081101016010,RHPL,39,39,30,211.00,"6,330.00"
2019-08-11,2019081101016009,RHPL,39,33,40,211.00,"8,440.00"
2019-08-11,2019081101016007,RHPL,22,11,30,210.00,"6,300.00"
2019-08-11,2019081101016003,RHPL,22,26,40,210.00,"8,400.00"
2019-08-11,2019081101016001,RHPL,22,40,30,210.00,"6,300.00"
2019-08-11,2019081101015542,RHPL,34,40,40,210.00,"8,400.00"
2019-08-11,2019081101015540,RHPL,34,33,40,210.00,"8,400.00"
2019-08-11,2019081101015539,RHPL,34,40,30,210.00,"6,300.00"
2019-08-11,2019081101015538,RHPL,34,26,40,210.00,"8,400.00"
2019-08-11,2019081101015534,RHPL,34,40,30,210.00,"6,300.00"
2019-08-11,2019081101015531,RHPL,34,34,10,210.00,"2,100.00"
2019-08-11,2019081101015565,RHPL,34,42,40,210.00,"8,400.00"
2019-08-11,2019081101015562,RHPL,34,38,40,210.00,"8,400.00"
2019-08-11,2019081101015560,RHPL,34,5,40,210.00,"8,400.00"
2019-08-11,2019081101015556,RHPL,34,51,50,210.00,"10,500.00"
2019-08-11,2019081101015555,RHPL,34,20,40,210.00,"8,400.00"
2019-08-11,2019081101015553,RHPL,34,42,40,210.00,"8,400.00"
2019-08-11,2019081101015593,RHPL,34,40,30,210.00,"6,300.00"
2019-08-11,2019081101015588,RHPL,34,40,40,210.00,"8,400.00"
2019-08-11,2019081101015587,RHPL,34,40,20,210.00,"4,200.00"
2019-08-11,2019081101015586,RHPL,34,40,10,210.00,"2,100.00"
2019-08-11,2019081101015578,RHPL,34,39,40,210.00,"8,400.00"
2019-08-11,2019081101015573,RHPL,34,32,10,210.00,"2,100.00"
2019-08-11,2019081101015623,RHPL,34,40,40,210.00,"8,400.00"
2019-08-11,2019081101015620,RHPL,34,40,30,210.00,"6,300.00"
2019-08-11,2019081101015615,RHPL,34,38,40,210.00,"8,400.00"
2019-08-11,2019081101015614,RHPL,34,58,40,210.00,"8,400.00"
2019-08-11,2019081101015612,RHPL,34,42,40,210.00,"8,400.00"
2019-08-11,2019081101015596,RHPL,34,33,40,210.00,"8,400.00"
2019-08-11,2019081101015630,RHPL,18,37,40,211.00,"8,440.00"
2019-08-11,2019081101015629,RHPL,18,37,40,211.00,"8,440.00"
2019-08-11,2019081101015628,RHPL,18,33,40,211.00,"8,440.00"
2019-08-11,2019081101015627,RHPL,18,7,30,211.00,"6,330.00"
2019-08-11,2019081101015626,RHPL,18,33,15,211.00,"3,165.00"
2019-08-11,2019081101015624,RHPL,34,37,40,210.00,"8,400.00"
2019-08-11,2019081101015636,RHPL,18,37,40,211.00,"8,440.00"
2019-08-11,2019081101015635,RHPL,18,19,50,211.00,"10,550.00"
2019-08-11,2019081101015634,RHPL,18,37,40,211.00,"8,440.00"
2019-08-11,2019081101015633,RHPL,18,19,40,211.00,"8,440.00"
2019-08-11,2019081101015632,RHPL,18,37,40,211.00,"8,440.00"
2019-08-11,2019081101015631,RHPL,18,19,40,211.00,"8,440.00"
2019-08-11,2019081101015660,RHPL,32,40,30,211.00,"6,330.00"
2019-08-11,2019081101015658,RHPL,32,39,10,211.00,"2,110.00"
2019-08-11,2019081101015646,RHPL,34,42,40,210.00,"8,400.00"
2019-08-11,2019081101015642,RHPL,34,40,30,210.00,"6,300.00"
2019-08-11,2019081101015638,RHPL,18,39,40,211.00,"8,440.00"
2019-08-11,2019081101015637,RHPL,18,37,40,211.00,"8,440.00"
2019-08-11,2019081101015689,RHPL,29,54,10,211.00,"2,110.00"
2019-08-11,2019081101015688,RHPL,29,40,30,211.00,"6,330.00"
2019-08-11,2019081101015674,RHPL,29,46,510,211.00,"107,610.00"
2019-08-11,2019081101015673,RHPL,32,46,390,211.00,"82,290.00"
2019-08-11,2019081101015666,RHPL,32,33,30,211.00,"6,330.00"
2019-08-11,2019081101015663,RHPL,32,42,40,211.00,"8,440.00"
2019-08-11,2019081101015719,RHPL,29,42,40,211.00,"8,440.00"
2019-08-11,2019081101015710,RHPL,29,45,40,211.00,"8,440.00"
2019-08-11,2019081101015709,RHPL,29,40,40,211.00,"8,440.00"
2019-08-11,2019081101015706,RHPL,29,37,40,211.00,"8,440.00"
2019-08-11,2019081101015705,RHPL,29,40,30,211.00,"6,330.00"
2019-08-11,2019081101015692,RHPL,29,26,40,211.00,"8,440.00"
2019-08-11,2019081101015733,RHPL,29,22,50,211.00,"10,550.00"
2019-08-11,2019081101015728,RHPL,29,21,40,211.00,"8,440.00"
2019-08-11,2019081101015727,RHPL,29,33,30,211.00,"6,330.00"
2019-08-11,2019081101015726,RHPL,29,40,30,211.00,"6,330.00"
2019-08-11,2019081101015725,RHPL,29,40,30,211.00,"6,330.00"
2019-08-11,2019081101015724,RHPL,29,18,30,211.00,"6,330.00"
2019-08-11,2019081101015761,RHPL,51,40,30,210.00,"6,300.00"
2019-08-11,2019081101015749,RHPL,51,44,30,210.00,"6,300.00"
2019-08-11,2019081101015748,RHPL,51,40,30,210.00,"6,300.00"
2019-08-11,2019081101015747,RHPL,34,40,40,210.00,"8,400.00"
2019-08-11,2019081101015739,RHPL,34,38,30,210.00,"6,300.00"
2019-08-11,2019081101015738,RHPL,29,38,10,211.00,"2,110.00"
2019-08-11,2019081101015788,RHPL,51,38,40,210.00,"8,400.00"
2019-08-11,2019081101015783,RHPL,51,44,30,210.00,"6,300.00"
2019-08-11,2019081101015777,RHPL,51,37,40,210.00,"8,400.00"
2019-08-11,2019081101015767,RHPL,51,18,30,210.00,"6,300.00"
2019-08-11,2019081101015765,RHPL,51,21,40,210.00,"8,400.00"
2019-08-11,2019081101015763,RHPL,51,22,10,210.00,"2,100.00"
2019-08-11,2019081101015817,RHPL,51,18,30,210.00,"6,300.00"
2019-08-11,2019081101015814,RHPL,51,40,30,210.00,"6,300.00"
2019-08-11,2019081101015807,RHPL,51,42,40,210.00,"8,400.00"
2019-08-11,2019081101015806,RHPL,51,42,40,210.00,"8,400.00"
2019-08-11,2019081101015793,RHPL,51,40,30,210.00,"6,300.00"
2019-08-11,2019081101015791,RHPL,51,40,40,210.00,"8,400.00"
2019-08-11,2019081101015830,RHPL,18,38,40,210.00,"8,400.00"
2019-08-11,2019081101015829,RHPL,18,32,10,210.00,"2,100.00"
2019-08-11,2019081101015828,RHPL,19,32,30,210.00,"6,300.00"
2019-08-11,2019081101015824,RHPL,19,21,40,210.00,"8,400.00"
2019-08-11,2019081101015823,RHPL,19,45,30,210.00,"6,300.00"
2019-08-11,2019081101015822,RHPL,51,45,10,210.00,"2,100.00"
2019-08-11,2019081101015845,RHPL,18,42,40,210.00,"8,400.00"
2019-08-11,2019081101015844,RHPL,18,40,30,210.00,"6,300.00"
2019-08-11,2019081101015838,RHPL,18,40,40,210.00,"8,400.00"
2019-08-11,2019081101015836,RHPL,18,47,40,210.00,"8,400.00"
2019-08-11,2019081101015833,RHPL,18,11,30,210.00,"6,300.00"
2019-08-11,2019081101015832,RHPL,18,51,50,210.00,"10,500.00"
2019-08-11,2019081101015863,RHPL,18,40,30,210.00,"6,300.00"
2019-08-11,2019081101015858,RHPL,18,42,40,210.00,"8,400.00"
2019-08-11,2019081101015854,RHPL,18,21,40,210.00,"8,400.00"
2019-08-11,2019081101015853,RHPL,18,40,30,210.00,"6,300.00"
2019-08-11,2019081101015849,RHPL,18,33,30,210.00,"6,300.00"
2019-08-11,2019081101015846,RHPL,18,42,40,210.00,"8,400.00"
2019-08-11,2019081101015885,RHPL,52,38,40,210.00,"8,400.00"
2019-08-11,2019081101015882,RHPL,52,40,10,210.00,"2,100.00"
2019-08-11,2019081101015881,RHPL,51,40,30,210.00,"6,300.00"
2019-08-11,2019081101015878,RHPL,51,42,40,210.00,"8,400.00"
2019-08-11,2019081101015876,RHPL,51,11,30,210.00,"6,300.00"
2019-08-11,2019081101015867,RHPL,18,55,10,210.00,"2,100.00"
2019-08-11,2019081101015902,RHPL,52,26,40,210.00,"8,400.00"
2019-08-11,2019081101015900,RHPL,52,36,40,210.00,"8,400.00"
2019-08-11,2019081101015898,RHPL,52,40,30,210.00,"6,300.00"
2019-08-11,2019081101015892,RHPL,52,32,40,210.00,"8,400.00"
2019-08-11,2019081101015890,RHPL,52,40,30,210.00,"6,300.00"
2019-08-11,2019081101015886,RHPL,52,21,40,210.00,"8,400.00"
2019-08-11,2019081101015925,RHPL,52,29,20,210.00,"4,200.00"
2019-08-11,2019081101015918,RHPL,52,40,40,210.00,"8,400.00"
2019-08-11,2019081101015913,RHPL,52,42,40,210.00,"8,400.00"
2019-08-11,2019081101015912,RHPL,52,42,40,210.00,"8,400.00"
2019-08-11,2019081101015910,RHPL,52,40,30,210.00,"6,300.00"
2019-08-11,2019081101015904,RHPL,52,33,30,210.00,"6,300.00"
2019-08-11,2019081101015943,RHPL,22,42,40,210.00,"8,400.00"
2019-08-11,2019081101015942,RHPL,22,40,40,210.00,"8,400.00"
2019-08-11,2019081101015941,RHPL,22,42,40,210.00,"8,400.00"
2019-08-11,2019081101015939,RHPL,22,40,30,210.00,"6,300.00"
2019-08-11,2019081101015937,RHPL,22,40,30,210.00,"6,300.00"
2019-08-11,2019081101015926,RHPL,52,40,30,210.00,"6,300.00"
2019-08-11,2019081101015963,RHPL,22,40,10,210.00,"2,100.00"
2019-08-11,2019081101015962,RHPL,14,40,20,211.00,"4,220.00"
2019-08-11,2019081101015959,RHPL,14,56,10,211.00,"2,110.00"
2019-08-11,2019081101015958,RHPL,14,39,30,211.00,"6,330.00"
2019-08-11,2019081101015957,RHPL,14,33,40,211.00,"8,440.00"
2019-08-11,2019081101015949,RHPL,22,22,20,210.00,"4,200.00"
2019-08-11,2019081101015996,RHPL,22,42,40,210.00,"8,400.00"
2019-08-11,2019081101015994,RHPL,22,32,20,210.00,"4,200.00"
2019-08-11,2019081101015989,RHPL,22,42,40,210.00,"8,400.00"
2019-08-11,2019081101015986,RHPL,22,40,40,210.00,"8,400.00"
2019-08-11,2019081101015982,RHPL,22,40,30,210.00,"6,300.00"
2019-08-11,2019081101015981,RHPL,22,38,40,210.00,"8,400.00"
2019-08-11,2019081101015570,RMDC,29,7,300,670.00,"201,000.00"
2019-08-11,2019081101015569,RMDC,29,13,55,668.00,"36,740.00"
2019-08-11,2019081101015568,RMDC,29,40,111,667.00,"74,037.00"
2019-08-11,2019081101015840,RRHP,22,43,10,108.00,"1,080.00"
2019-08-11,2019081101015947,RSDC,39,39,80,365.00,"29,200.00"
2019-08-11,2019081101015946,RSDC,8,39,10,365.00,"3,650.00"
2019-08-11,2019081101015831,SAEF,16,47,"1,000",9.89,"9,890.00"
2019-08-11,2019081101015880,SANIMA,44,47,35,350.00,"12,250.00"
2019-08-11,2019081101015625,SANIMA,44,51,200,350.00,"70,000.00"
2019-08-11,2019081101015592,SANIMA,44,59,"1,000",350.00,"350,000.00"
2019-08-11,2019081101015533,SANIMA,44,34,350,350.00,"122,500.00"
2019-08-11,2019081101015781,SBI,25,42,10,450.00,"4,500.00"
2019-08-11,2019081101015780,SBI,25,47,370,450.00,"166,500.00"
2019-08-11,2019081101015597,SBL,53,10,274,318.00,"87,132.00"
2019-08-11,2019081101015650,SCB,19,11,80,649.00,"51,920.00"
2019-08-11,2019081101015649,SCB,6,11,20,652.00,"13,040.00"
2019-08-11,2019081101015686,SFFIL,6,38,100,265.00,"26,500.00"
2019-08-11,2019081101015685,SFFIL,6,38,15,265.00,"3,975.00"
2019-08-11,2019081101016015,SHINE,35,50,150,255.00,"38,250.00"
2019-08-11,2019081101016014,SHINE,21,50,50,255.00,"12,750.00"
2019-08-11,2019081101015776,SHINE,35,45,40,254.00,"10,160.00"
2019-08-11,2019081101015993,SHIVM,22,34,20,575.00,"11,500.00"
2019-08-11,2019081101015954,SHIVM,41,34,100,575.00,"57,500.00"
2019-08-11,2019081101015953,SHIVM,40,34,30,575.00,"17,250.00"
2019-08-11,2019081101015713,SHIVM,14,28,50,578.00,"28,900.00"
2019-08-11,2019081101015676,SHIVM,40,39,50,575.00,"28,750.00"
2019-08-11,2019081101015659,SHIVM,35,50,25,576.00,"14,400.00"
2019-08-11,2019081101015896,SHL,46,26,100,232.00,"23,200.00"
2019-08-11,2019081101015971,SHPC,34,43,20,238.00,"4,760.00"
2019-08-11,2019081101015970,SHPC,26,43,500,238.00,"119,000.00"
2019-08-11,2019081101015969,SHPC,49,43,16,238.00,"3,808.00"
2019-08-11,2019081101015968,SHPC,6,43,200,239.00,"47,800.00"
2019-08-11,2019081101015967,SHPC,16,43,"1,000",240.00,"240,000.00"
2019-08-11,2019081101015966,SHPC,32,43,268,240.00,"64,320.00"
2019-08-11,2019081101015901,SHPC,32,47,50,240.00,"12,000.00"
2019-08-11,2019081101015581,SHPC,32,11,110,240.00,"26,400.00"
2019-08-11,2019081101015648,SIL,25,40,10,443.00,"4,430.00"
2019-08-11,2019081101015571,SIL,34,56,90,440.00,"39,600.00"
2019-08-11,2019081101015558,SIL,33,56,40,440.00,"17,600.00"
2019-08-11,2019081101015557,SIL,25,56,10,440.00,"4,400.00"
2019-08-11,2019081101016021,SJCL,34,39,10,226.00,"2,260.00"
2019-08-11,2019081101016020,SJCL,34,26,20,226.00,"4,520.00"
2019-08-11,2019081101016016,SJCL,34,28,20,226.00,"4,520.00"
2019-08-11,2019081101016008,SJCL,34,42,10,226.00,"2,260.00"
2019-08-11,2019081101016004,SJCL,34,26,20,226.00,"4,520.00"
2019-08-11,2019081101016002,SJCL,34,47,20,226.00,"4,520.00"
2019-08-11,2019081101015524,SJCL,4,28,20,226.00,"4,520.00"
2019-08-11,2019081101015551,SJCL,4,26,20,226.00,"4,520.00"
2019-08-11,2019081101015544,SJCL,4,28,20,226.00,"4,520.00"
2019-08-11,2019081101015541,SJCL,4,37,20,226.00,"4,520.00"
2019-08-11,2019081101015530,SJCL,4,40,20,226.00,"4,520.00"
2019-08-11,2019081101015527,SJCL,4,38,20,226.00,"4,520.00"
2019-08-11,2019081101015525,SJCL,4,26,20,226.00,"4,520.00"
2019-08-11,2019081101015572,SJCL,4,47,20,226.00,"4,520.00"
2019-08-11,2019081101015566,SJCL,4,33,20,226.00,"4,520.00"
2019-08-11,2019081101015564,SJCL,4,26,20,226.00,"4,520.00"
2019-08-11,2019081101015561,SJCL,4,18,20,226.00,"4,520.00"
2019-08-11,2019081101015554,SJCL,4,42,20,226.00,"4,520.00"
2019-08-11,2019081101015552,SJCL,4,40,20,226.00,"4,520.00"
2019-08-11,2019081101015582,SJCL,4,14,20,226.00,"4,520.00"
2019-08-11,2019081101015579,SJCL,4,51,10,226.00,"2,260.00"
2019-08-11,2019081101015577,SJCL,4,40,20,226.00,"4,520.00"
2019-08-11,2019081101015576,SJCL,4,20,20,226.00,"4,520.00"
2019-08-11,2019081101015575,SJCL,4,42,10,226.00,"2,260.00"
2019-08-11,2019081101015574,SJCL,4,38,20,226.00,"4,520.00"
2019-08-11,2019081101015600,SJCL,59,5,20,226.00,"4,520.00"
2019-08-11,2019081101015599,SJCL,59,28,20,226.00,"4,520.00"
2019-08-11,2019081101015598,SJCL,59,39,20,226.00,"4,520.00"
2019-08-11,2019081101015595,SJCL,59,47,20,226.00,"4,520.00"
2019-08-11,2019081101015594,SJCL,4,26,20,226.00,"4,520.00"
2019-08-11,2019081101015585,SJCL,4,42,20,226.00,"4,520.00"
2019-08-11,2019081101015616,SJCL,59,42,20,226.00,"4,520.00"
2019-08-11,2019081101015611,SJCL,59,14,20,226.00,"4,520.00"
2019-08-11,2019081101015608,SJCL,59,40,20,226.00,"4,520.00"
2019-08-11,2019081101015606,SJCL,59,40,10,226.00,"2,260.00"
2019-08-11,2019081101015641,SJCL,34,58,20,226.00,"4,520.00"
2019-08-11,2019081101015640,SJCL,34,38,10,226.00,"2,260.00"
2019-08-11,2019081101015639,SJCL,59,38,10,226.00,"2,260.00"
2019-08-11,2019081101015622,SJCL,59,33,10,226.00,"2,260.00"
2019-08-11,2019081101015621,SJCL,59,47,20,226.00,"4,520.00"
2019-08-11,2019081101015617,SJCL,59,28,10,226.00,"2,260.00"
2019-08-11,2019081101015656,SJCL,34,40,20,226.00,"4,520.00"
2019-08-11,2019081101015655,SJCL,34,47,20,226.00,"4,520.00"
2019-08-11,2019081101015652,SJCL,34,28,20,226.00,"4,520.00"
2019-08-11,2019081101015647,SJCL,34,29,20,226.00,"4,520.00"
2019-08-11,2019081101015645,SJCL,34,14,20,226.00,"4,520.00"
2019-08-11,2019081101015643,SJCL,34,42,20,226.00,"4,520.00"
2019-08-11,2019081101015681,SJCL,32,42,20,227.00,"4,540.00"
2019-08-11,2019081101015675,SJCL,32,47,20,227.00,"4,540.00"
2019-08-11,2019081101015670,SJCL,32,33,20,227.00,"4,540.00"
2019-08-11,2019081101015669,SJCL,32,33,20,227.00,"4,540.00"
2019-08-11,2019081101015668,SJCL,32,43,20,227.00,"4,540.00"
2019-08-11,2019081101015657,SJCL,34,37,20,226.00,"4,520.00"
2019-08-11,2019081101015707,SJCL,32,26,20,227.00,"4,540.00"
2019-08-11,2019081101015699,SJCL,32,39,10,227.00,"2,270.00"
2019-08-11,2019081101015697,SJCL,32,47,20,227.00,"4,540.00"
2019-08-11,2019081101015696,SJCL,32,40,20,227.00,"4,540.00"
2019-08-11,2019081101015693,SJCL,32,28,20,227.00,"4,540.00"
2019-08-11,2019081101015690,SJCL,32,33,20,227.00,"4,540.00"
2019-08-11,2019081101015730,SJCL,32,40,20,227.00,"4,540.00"
2019-08-11,2019081101015723,SJCL,32,28,20,227.00,"4,540.00"
2019-08-11,2019081101015717,SJCL,59,33,20,228.00,"4,560.00"
2019-08-11,2019081101015716,SJCL,59,33,20,228.00,"4,560.00"
2019-08-11,2019081101015715,SJCL,59,35,20,228.00,"4,560.00"
2019-08-11,2019081101015714,SJCL,59,35,20,228.00,"4,560.00"
2019-08-11,2019081101015743,SJCL,32,40,20,227.00,"4,540.00"
2019-08-11,2019081101015742,SJCL,32,28,20,227.00,"4,540.00"
2019-08-11,2019081101015740,SJCL,32,21,20,227.00,"4,540.00"
2019-08-11,2019081101015737,SJCL,32,18,20,227.00,"4,540.00"
2019-08-11,2019081101015734,SJCL,32,45,20,227.00,"4,540.00"
2019-08-11,2019081101015732,SJCL,32,37,20,227.00,"4,540.00"
2019-08-11,2019081101015768,SJCL,32,28,20,227.00,"4,540.00"
2019-08-11,2019081101015764,SJCL,32,44,20,227.00,"4,540.00"
2019-08-11,2019081101015757,SJCL,32,22,20,227.00,"4,540.00"
2019-08-11,2019081101015752,SJCL,32,38,20,227.00,"4,540.00"
2019-08-11,2019081101015746,SJCL,32,22,10,227.00,"2,270.00"
2019-08-11,2019081101015744,SJCL,32,33,20,227.00,"4,540.00"
2019-08-11,2019081101015804,SJCL,50,38,20,227.00,"4,540.00"
2019-08-11,2019081101015803,SJCL,50,37,20,227.00,"4,540.00"
2019-08-11,2019081101015798,SJCL,50,18,20,227.00,"4,540.00"
2019-08-11,2019081101015792,SJCL,50,11,20,227.00,"4,540.00"
2019-08-11,2019081101015782,SJCL,50,21,20,227.00,"4,540.00"
2019-08-11,2019081101015773,SJCL,32,40,20,227.00,"4,540.00"
2019-08-11,2019081101015825,SJCL,50,28,20,227.00,"4,540.00"
2019-08-11,2019081101015821,SJCL,50,42,20,227.00,"4,540.00"
2019-08-11,2019081101015820,SJCL,50,42,20,227.00,"4,540.00"
2019-08-11,2019081101015811,SJCL,50,51,20,227.00,"4,540.00"
2019-08-11,2019081101015809,SJCL,50,28,20,227.00,"4,540.00"
2019-08-11,2019081101015808,SJCL,50,40,20,227.00,"4,540.00"
2019-08-11,2019081101015842,SJCL,50,28,10,227.00,"2,270.00"
2019-08-11,2019081101015839,SJCL,50,32,20,227.00,"4,540.00"
2019-08-11,2019081101015837,SJCL,50,18,20,227.00,"4,540.00"
2019-08-11,2019081101015835,SJCL,50,45,20,227.00,"4,540.00"
2019-08-11,2019081101015834,SJCL,50,21,20,227.00,"4,540.00"
2019-08-11,2019081101015827,SJCL,50,40,20,227.00,"4,540.00"
2019-08-11,2019081101015861,SJCL,50,33,20,227.00,"4,540.00"
2019-08-11,2019081101015860,SJCL,50,42,20,227.00,"4,540.00"
2019-08-11,2019081101015857,SJCL,50,11,20,227.00,"4,540.00"
2019-08-11,2019081101015856,SJCL,50,42,20,227.00,"4,540.00"
2019-08-11,2019081101015851,SJCL,50,47,20,227.00,"4,540.00"
2019-08-11,2019081101015843,SJCL,50,38,20,227.00,"4,540.00"
2019-08-11,2019081101015869,SJCL,50,40,20,227.00,"4,540.00"
2019-08-11,2019081101015868,SJCL,50,47,20,227.00,"4,540.00"
2019-08-11,2019081101015866,SJCL,50,40,20,227.00,"4,540.00"
2019-08-11,2019081101015864,SJCL,50,21,20,227.00,"4,540.00"
2019-08-11,2019081101015894,SJCL,50,21,20,227.00,"4,540.00"
2019-08-11,2019081101015893,SJCL,50,42,20,227.00,"4,540.00"
2019-08-11,2019081101015889,SJCL,50,57,20,227.00,"4,540.00"
2019-08-11,2019081101015914,SJCL,50,40,20,227.00,"4,540.00"
2019-08-11,2019081101015909,SJCL,50,47,20,227.00,"4,540.00"
2019-08-11,2019081101015907,SJCL,50,40,20,227.00,"4,540.00"
2019-08-11,2019081101015906,SJCL,50,29,20,227.00,"4,540.00"
2019-08-11,2019081101015903,SJCL,50,32,20,227.00,"4,540.00"
2019-08-11,2019081101015897,SJCL,50,38,20,227.00,"4,540.00"
2019-08-11,2019081101015923,SJCL,50,42,20,227.00,"4,540.00"
2019-08-11,2019081101015922,SJCL,50,28,20,227.00,"4,540.00"
2019-08-11,2019081101015921,SJCL,50,34,10,227.00,"2,270.00"
2019-08-11,2019081101015920,SJCL,50,33,20,227.00,"4,540.00"
2019-08-11,2019081101015917,SJCL,50,35,20,227.00,"4,540.00"
2019-08-11,2019081101015915,SJCL,50,26,20,227.00,"4,540.00"
2019-08-11,2019081101015934,SJCL,50,40,20,227.00,"4,540.00"
2019-08-11,2019081101015933,SJCL,50,39,20,227.00,"4,540.00"
2019-08-11,2019081101015932,SJCL,50,34,20,227.00,"4,540.00"
2019-08-11,2019081101015931,SJCL,50,42,10,227.00,"2,270.00"
2019-08-11,2019081101015930,SJCL,50,55,10,227.00,"2,270.00"
2019-08-11,2019081101015927,SJCL,50,42,20,227.00,"4,540.00"
2019-08-11,2019081101015955,SJCL,34,26,20,226.00,"4,520.00"
2019-08-11,2019081101015952,SJCL,34,57,20,226.00,"4,520.00"
2019-08-11,2019081101015950,SJCL,50,44,20,227.00,"4,540.00"
2019-08-11,2019081101015948,SJCL,50,34,20,227.00,"4,540.00"
2019-08-11,2019081101015940,SJCL,50,57,20,227.00,"4,540.00"
2019-08-11,2019081101015936,SJCL,50,47,20,227.00,"4,540.00"
2019-08-11,2019081101015988,SJCL,34,26,20,226.00,"4,520.00"
2019-08-11,2019081101015979,SJCL,34,47,20,226.00,"4,520.00"
2019-08-11,2019081101015976,SJCL,34,18,20,226.00,"4,520.00"
2019-08-11,2019081101015964,SJCL,34,22,20,226.00,"4,520.00"
2019-08-11,2019081101015961,SJCL,34,40,20,226.00,"4,520.00"
2019-08-11,2019081101015960,SJCL,34,42,20,226.00,"4,520.00"
2019-08-11,2019081101016000,SJCL,34,40,20,226.00,"4,520.00"
2019-08-11,2019081101015999,SJCL,34,42,20,226.00,"4,520.00"
2019-08-11,2019081101015997,SJCL,34,40,20,226.00,"4,520.00"
2019-08-11,2019081101015995,SJCL,34,38,20,226.00,"4,520.00"
2019-08-11,2019081101015992,SJCL,34,11,20,226.00,"4,520.00"
2019-08-11,2019081101015991,SJCL,34,57,20,226.00,"4,520.00"
2019-08-11,2019081101015850,SLBSL,52,58,10,628.00,"6,280.00"
2019-08-11,2019081101015718,SLBSL,25,39,10,629.00,"6,290.00"
2019-08-11,2019081101016011,SLICL,13,43,55,458.00,"25,190.00"
2019-08-11,2019081101015810,SLICL,13,26,50,458.00,"22,900.00"
2019-08-11,2019081101015702,SLICL,42,38,60,459.00,"27,540.00"
2019-08-11,2019081101015701,SLICL,42,38,90,459.00,"41,310.00"
2019-08-11,2019081101015584,SLICL,42,44,42,458.00,"19,236.00"
2019-08-11,2019081101015543,SLICL,11,38,13,459.00,"5,967.00"
2019-08-11,2019081101015772,SMATA,4,48,21,"1,310.00","27,510.00"
2019-08-11,2019081101015619,SMATA,4,20,19,"1,310.00","24,890.00"
2019-08-11,2019081101015951,SMFBS,38,57,10,837.00,"8,370.00"
2019-08-11,2019081101015708,SMFBS,43,45,10,836.00,"8,360.00"
2019-08-11,2019081101015672,SMFBS,43,22,10,836.00,"8,360.00"
2019-08-11,2019081101015653,SMFBS,43,26,10,836.00,"8,360.00"
2019-08-11,2019081101015559,SRBL,44,43,199,240.00,"47,760.00"
2019-08-11,2019081101015654,UNHPL,37,5,50,67.00,"3,350.00"
2019-08-11,2019081101015916,UPPER,13,43,50,263.00,"13,150.00"
2019-08-11,2019081101015852,UPPER,13,51,40,263.00,"10,520.00"
2019-08-11,2019081101015790,UPPER,13,39,40,263.00,"10,520.00"
2019-08-11,2019081101015751,UPPER,13,56,50,263.00,"13,150.00"
2019-08-11,2019081101015610,UPPER,25,6,30,264.00,"7,920.00"
2019-08-11,2019081101015609,UPPER,36,6,100,264.00,"26,400.00"
2019-08-11,2019081101015514,ADBL,58,50,35,430.00,"15,050.00"
2019-08-11,2019081101015393,ADBL,50,57,400,429.00,"171,600.00"
2019-08-11,2019081101015284,ADBL,50,4,625,429.00,"268,125.00"
2019-08-11,2019081101015283,ADBL,59,4,100,429.00,"42,900.00"
2019-08-11,2019081101015282,ADBL,45,4,275,429.00,"117,975.00"
2019-08-11,2019081101015239,ADBL,45,6,75,429.00,"32,175.00"
2019-08-11,2019081101015034,ADBL,45,50,150,430.00,"64,500.00"
2019-08-11,2019081101015517,AHPC,34,56,180,104.00,"18,720.00"
2019-08-11,2019081101015516,AHPC,34,43,279,104.00,"29,016.00"
2019-08-11,2019081101015186,AKJCL,1,49,20,67.00,"1,340.00"
2019-08-11,2019081101015172,AKJCL,1,43,20,67.00,"1,340.00"
2019-08-11,2019081101015461,AKPL,21,56,11,164.00,"1,804.00"
2019-08-11,2019081101015139,ALBSL,46,21,120,465.00,"55,800.00"
2019-08-11,2019081101015068,ALICL,45,28,300,355.00,"106,500.00"
2019-08-11,2019081101015160,API,25,16,100,132.00,"13,200.00"
2019-08-11,2019081101015238,BOKL,16,41,60,260.00,"15,600.00"
2019-08-11,2019081101015237,BOKL,57,41,50,260.00,"13,000.00"
2019-08-11,2019081101015236,BOKL,36,41,50,260.00,"13,000.00"
2019-08-11,2019081101015235,BOKL,58,41,50,260.00,"13,000.00"
2019-08-11,2019081101015234,BOKL,28,41,190,260.00,"49,400.00"
2019-08-11,2019081101015519,BPCL,16,6,200,394.00,"78,800.00"
2019-08-11,2019081101015188,BPCL,34,39,33,391.00,"12,903.00"
2019-08-11,2019081101015362,CBL,28,57,342,150.00,"51,300.00"
2019-08-11,2019081101015180,CEFL,59,46,200,109.00,"21,800.00"
2019-08-11,2019081101015193,CIT,22,22,20,"2,400.00","48,000.00"
2019-08-11,2019081101015192,CIT,7,22,50,"2,400.00","120,000.00"
2019-08-11,2019081101015191,CIT,49,22,20,"2,400.00","48,000.00"
2019-08-11,2019081101015190,CIT,35,22,10,"2,401.00","24,010.00"
2019-08-11,2019081101015126,CZBIL,42,57,150,219.00,"32,850.00"
2019-08-11,2019081101015064,DBBL,53,37,960,141.00,"135,360.00"
2019-08-11,2019081101015063,DBBL,53,6,103,141.00,"14,523.00"
2019-08-11,2019081101015062,DBBL,53,11,186,141.00,"26,226.00"
2019-08-11,2019081101015120,DDBL,6,6,375,751.00,"281,625.00"
2019-08-11,2019081101015091,DDBL,56,6,13,750.00,"9,750.00"
2019-08-11,2019081101015090,DDBL,53,6,87,750.00,"65,250.00"
2019-08-11,2019081101015391,EBL,48,4,450,653.00,"293,850.00"
2019-08-11,2019081101015390,EBL,48,34,140,653.00,"91,420.00"
2019-08-11,2019081101015405,GBLBS,51,38,10,370.00,"3,700.00"
2019-08-11,2019081101015403,GBLBS,51,41,10,370.00,"3,700.00"
2019-08-11,2019081101015127,GDBL,6,55,102,208.00,"21,216.00"
2019-08-11,2019081101015174,GLBSL,46,38,30,530.00,"15,900.00"
2019-08-11,2019081101015485,GLICL,43,34,16,475.00,"7,600.00"
2019-08-11,2019081101015484,GLICL,55,34,73,476.00,"34,748.00"
2019-08-11,2019081101015374,GMFBS,1,41,10,567.00,"5,670.00"
2019-08-11,2019081101015505,HGI,17,21,27,328.00,"8,856.00"
2019-08-11,2019081101015504,HGI,48,21,50,328.00,"16,400.00"
2019-08-11,2019081101015503,HGI,49,21,73,328.00,"23,944.00"
2019-08-11,2019081101015387,HGI,6,40,432,329.00,"142,128.00"
2019-08-11,2019081101015149,HIDCL,29,57,61,154.00,"9,394.00"
2019-08-11,2019081101015042,HIDCL,29,35,300,154.00,"46,200.00"
2019-08-11,2019081101015456,HURJA,25,5,20,130.00,"2,600.00"
2019-08-11,2019081101015330,HURJA,25,32,20,130.00,"2,600.00"
2019-08-11,2019081101015219,HURJA,25,59,20,130.00,"2,600.00"
2019-08-11,2019081101015225,ILBS,48,25,10,476.00,"4,760.00"
2019-08-11,2019081101015202,ILBS,48,49,10,476.00,"4,760.00"
2019-08-11,2019081101015124,ILBS,48,39,10,476.00,"4,760.00"
2019-08-11,2019081101015204,JOSHI,56,43,20,69.00,"1,380.00"
2019-08-11,2019081101015472,KBL,25,4,446,208.00,"92,768.00"
2019-08-11,2019081101015471,KBL,25,34,54,208.00,"11,232.00"
2019-08-11,2019081101015075,KBL,33,34,100,208.00,"20,800.00"
2019-08-11,2019081101015074,KBL,45,34,120,208.00,"24,960.00"
2019-08-11,2019081101015073,KBL,46,34,100,208.00,"20,800.00"
2019-08-11,2019081101015072,KBL,35,34,122,208.00,"25,376.00"
2019-08-11,2019081101015402,KPCL,34,39,10,86.00,860.00
2019-08-11,2019081101015141,KPCL,34,39,10,86.00,860.00
2019-08-11,2019081101015027,KPCL,34,39,10,86.00,860.00
2019-08-11,2019081101015447,KRBL,41,56,36,107.00,"3,852.00"
2019-08-11,2019081101015198,LBBL,28,57,10,172.00,"1,720.00"
2019-08-11,2019081101015213,LBL,42,39,40,214.00,"8,560.00"
2019-08-11,2019081101015210,LBL,59,44,17,215.00,"3,655.00"
2019-08-11,2019081101015498,LICN,25,38,10,"1,135.00","11,350.00"
2019-08-11,2019081101015443,LLBS,19,4,50,735.00,"36,750.00"
2019-08-11,2019081101015437,MBL,44,29,100,258.00,"25,800.00"
2019-08-11,2019081101015436,MBL,44,13,"1,000",258.00,"258,000.00"
2019-08-11,2019081101015222,MEGA,6,45,50,202.00,"10,100.00"
2019-08-11,2019081101015232,MEGA,34,39,43,201.00,"8,643.00"
2019-08-11,2019081101015359,MEGA,34,34,200,201.00,"40,200.00"
2019-08-11,2019081101015048,MERO,22,4,100,530.00,"53,000.00"
2019-08-11,2019081101015448,MHNL,56,43,30,103.00,"3,090.00"
2019-08-11,2019081101015483,MNBBL,16,4,100,369.00,"36,900.00"
2019-08-11,2019081101015478,MNBBL,41,34,91,368.00,"33,488.00"
2019-08-11,2019081101015477,MNBBL,45,34,37,368.00,"13,616.00"
2019-08-11,2019081101015476,MNBBL,26,34,250,368.00,"92,000.00"
2019-08-11,2019081101015475,MNBBL,34,34,200,368.00,"73,600.00"
2019-08-11,2019081101015474,MNBBL,46,34,30,368.00,"11,040.00"
2019-08-11,2019081101015473,MNBBL,14,34,200,368.00,"73,600.00"
2019-08-11,2019081101015424,MNBBL,14,4,33,369.00,"12,177.00"
2019-08-11,2019081101015345,MNBBL,41,4,11,369.00,"4,059.00"
2019-08-11,2019081101015278,MNBBL,14,39,100,368.00,"36,800.00"
2019-08-11,2019081101015244,MNBBL,42,4,300,369.00,"110,700.00"
2019-08-11,2019081101015460,NAGRO,6,36,20,840.00,"16,800.00"
2019-08-11,2019081101015430,NAGRO,34,5,10,836.00,"8,360.00"
2019-08-11,2019081101015399,NAGRO,42,36,10,840.00,"8,400.00"
2019-08-11,2019081101015099,NBB,7,35,200,217.00,"43,400.00"
2019-08-11,2019081101015469,NBL,29,35,100,327.00,"32,700.00"
2019-08-11,2019081101015029,NBL,29,4,10,327.00,"3,270.00"
2019-08-11,2019081101015028,NBL,6,4,990,327.00,"323,730.00"
2019-08-11,2019081101015449,NEF,54,57,"2,414",8.10,"19,553.40"
2019-08-11,2019081101015093,NEF,54,58,"6,758",8.10,"54,739.80"
2019-08-11,2019081101015512,NIB,54,4,50,506.00,"25,300.00"
2019-08-11,2019081101015507,NIB,45,4,100,506.00,"50,600.00"
2019-08-11,2019081101015450,NIB,57,4,39,506.00,"19,734.00"
2019-08-11,2019081101015428,NIB,34,57,39,505.00,"19,695.00"
2019-08-11,2019081101015381,NIB,45,4,200,506.00,"101,200.00"
2019-08-11,2019081101015327,NIB,51,4,50,506.00,"25,300.00"
2019-08-11,2019081101015078,NIB,42,4,10,506.00,"5,060.00"
2019-08-11,2019081101015077,NIB,57,4,327,506.00,"165,462.00"
2019-08-11,2019081101015084,NIB,40,4,100,506.00,"50,600.00"
2019-08-11,2019081101015083,NIB,25,4,50,506.00,"25,300.00"
2019-08-11,2019081101015082,NIB,58,4,20,506.00,"10,120.00"
2019-08-11,2019081101015081,NIB,52,4,300,506.00,"151,800.00"
2019-08-11,2019081101015080,NIB,26,4,100,506.00,"50,600.00"
2019-08-11,2019081101015079,NIB,38,4,100,506.00,"50,600.00"
2019-08-11,2019081101015312,NIB,22,4,50,506.00,"25,300.00"
2019-08-11,2019081101015298,NIB,34,39,50,505.00,"25,250.00"
2019-08-11,2019081101015184,NIB,6,4,10,506.00,"5,060.00"
2019-08-11,2019081101015161,NIB,41,57,44,505.00,"22,220.00"
2019-08-11,2019081101015086,NIB,8,4,100,506.00,"50,600.00"
2019-08-11,2019081101015085,NIB,14,4,100,506.00,"50,600.00"
2019-08-11,2019081101015394,NIL,29,44,79,463.00,"36,577.00"
2019-08-11,2019081101015373,NLIC,6,44,291,873.00,"254,043.00"
2019-08-11,2019081101015179,NLIC,6,57,17,873.00,"14,841.00"
2019-08-11,2019081101015151,NLIC,6,6,100,873.00,"87,300.00"
2019-08-11,2019081101015143,NLICL,45,16,100,572.00,"57,200.00"
2019-08-11,2019081101015415,NMFBS,49,38,100,"1,470.00","147,000.00"
2019-08-11,2019081101015414,NMFBS,29,38,20,"1,471.00","29,420.00"
2019-08-11,2019081101015413,NMFBS,16,38,20,"1,471.00","29,420.00"
2019-08-11,2019081101015412,NMFBS,16,38,20,"1,471.00","29,420.00"
2019-08-11,2019081101015411,NMFBS,52,38,85,"1,472.00","125,120.00"
2019-08-11,2019081101015410,NMFBS,40,38,20,"1,473.00","29,460.00"
2019-08-11,2019081101015308,NTC,6,34,517,686.00,"354,662.00"
2019-08-11,2019081101015307,NTC,48,34,140,686.00,"96,040.00"
2019-08-11,2019081101015102,PCBL,53,55,101,275.00,"27,775.00"
2019-08-11,2019081101015492,PIC,39,50,10,470.00,"4,700.00"
2019-08-11,2019081101015491,PIC,39,35,35,470.00,"16,450.00"
2019-08-11,2019081101015199,PIC,42,57,11,464.00,"5,104.00"
2019-08-11,2019081101015043,PIC,42,57,11,464.00,"5,104.00"
2019-08-11,2019081101015417,PMHPL,16,39,10,101.00,"1,010.00"
2019-08-11,2019081101015109,PMHPL,20,39,10,101.00,"1,010.00"
2019-08-11,2019081101015427,PPCL,39,46,10,126.00,"1,260.00"
2019-08-11,2019081101015271,PPCL,43,36,90,127.00,"11,430.00"
2019-08-11,2019081101015026,PPCL,39,56,30,126.00,"3,780.00"
2019-08-11,2019081101015371,PRVU,56,56,100,270.00,"27,000.00"
2019-08-11,2019081101015369,PRVU,46,39,124,269.00,"33,356.00"
2019-08-11,2019081101015209,PRVU,6,56,50,270.00,"13,500.00"
2019-08-11,2019081101015522,RHPL,39,40,30,210.00,"6,300.00"
