Date,Transact. No.,Symbol,Buyer,Seller,Quantity,Rate,Amount
2021-03-14,2021031405009407,CGH,57,45,10,884.00,"8,840.00"
2021-03-14,2021031405009395,CGH,57,52,10,884.00,"8,840.00"
2021-03-14,2021031405009331,CGH,57,34,10,884.00,"8,840.00"
2021-03-14,2021031405009106,CGH,57,44,10,884.00,"8,840.00"
2021-03-14,2021031405009092,CGH,57,35,10,884.00,"8,840.00"
2021-03-14,2021031405009078,CGH,57,55,10,884.00,"8,840.00"
2021-03-14,2021031405009560,NIFRA,45,6,50,523.00,"26,150.00"
2021-03-14,2021031405009559,NIFRA,33,26,56,524.00,"29,344.00"
2021-03-14,2021031405009558,NIFRA,33,32,44,524.00,"23,056.00"
2021-03-14,2021031405009556,NIFRA,45,6,40,523.00,"20,920.00"
2021-03-14,2021031405009555,NIFRA,22,6,10,523.00,"5,230.00"
2021-03-14,2021031405009554,NIFRA,58,6,40,523.00,"20,920.00"
2021-03-14,2021031405009065,NIFRA,29,58,20,522.00,"10,440.00"
2021-03-14,2021031405009064,NIFRA,38,45,100,523.00,"52,300.00"
2021-03-14,2021031405009063,NIFRA,57,45,760,523.00,"397,480.00"
2021-03-14,2021031405009062,NIFRA,29,22,60,522.00,"31,320.00"
2021-03-14,2021031405009061,NIFRA,29,21,50,522.00,"26,100.00"
2021-03-14,2021031405009071,NIFRA,53,48,50,522.00,"26,100.00"
2021-03-14,2021031405009070,NIFRA,53,51,50,522.00,"26,100.00"
2021-03-14,2021031405009069,NIFRA,53,21,35,522.00,"18,270.00"
2021-03-14,2021031405009068,NIFRA,47,21,15,522.00,"7,830.00"
2021-03-14,2021031405009067,NIFRA,47,39,25,522.00,"13,050.00"
2021-03-14,2021031405009066,NIFRA,29,39,35,522.00,"18,270.00"
2021-03-14,2021031405009080,NIFRA,57,45,110,523.00,"57,530.00"
2021-03-14,2021031405009077,NIFRA,53,57,50,522.00,"26,100.00"
2021-03-14,2021031405009075,NIFRA,53,51,50,522.00,"26,100.00"
2021-03-14,2021031405009074,NIFRA,42,45,53,523.00,"27,719.00"
2021-03-14,2021031405009073,NIFRA,53,58,50,522.00,"26,100.00"
2021-03-14,2021031405009072,NIFRA,11,45,100,523.00,"52,300.00"
2021-03-14,2021031405009086,NIFRA,57,13,400,523.00,"209,200.00"
2021-03-14,2021031405009085,NIFRA,57,56,60,523.00,"31,380.00"
2021-03-14,2021031405009084,NIFRA,57,58,50,523.00,"26,150.00"
2021-03-14,2021031405009083,NIFRA,57,43,50,523.00,"26,150.00"
2021-03-14,2021031405009082,NIFRA,57,1,50,523.00,"26,150.00"
2021-03-14,2021031405009081,NIFRA,57,13,50,523.00,"26,150.00"
2021-03-14,2021031405009093,NIFRA,53,48,60,522.00,"31,320.00"
2021-03-14,2021031405009091,NIFRA,57,55,20,523.00,"10,460.00"
2021-03-14,2021031405009090,NIFRA,57,21,50,523.00,"26,150.00"
2021-03-14,2021031405009089,NIFRA,57,14,50,523.00,"26,150.00"
2021-03-14,2021031405009088,NIFRA,57,39,50,523.00,"26,150.00"
2021-03-14,2021031405009087,NIFRA,57,58,60,523.00,"31,380.00"
2021-03-14,2021031405009099,NIFRA,55,38,800,523.00,"418,400.00"
2021-03-14,2021031405009098,NIFRA,55,58,20,523.00,"10,460.00"
2021-03-14,2021031405009097,NIFRA,55,34,80,523.00,"41,840.00"
2021-03-14,2021031405009096,NIFRA,53,21,60,522.00,"31,320.00"
2021-03-14,2021031405009095,NIFRA,57,34,70,523.00,"36,610.00"
2021-03-14,2021031405009094,NIFRA,57,55,30,523.00,"15,690.00"
2021-03-14,2021031405009105,NIFRA,55,44,40,523.00,"20,920.00"
2021-03-14,2021031405009104,NIFRA,55,52,50,523.00,"26,150.00"
2021-03-14,2021031405009103,NIFRA,55,10,40,523.00,"20,920.00"
2021-03-14,2021031405009102,NIFRA,55,57,50,523.00,"26,150.00"
2021-03-14,2021031405009101,NIFRA,55,13,50,523.00,"26,150.00"
2021-03-14,2021031405009100,NIFRA,55,14,30,523.00,"15,690.00"
2021-03-14,2021031405009112,NIFRA,57,34,100,524.00,"52,400.00"
2021-03-14,2021031405009111,NIFRA,55,39,60,523.00,"31,380.00"
2021-03-14,2021031405009110,NIFRA,55,21,20,523.00,"10,460.00"
2021-03-14,2021031405009109,NIFRA,55,8,60,523.00,"31,380.00"
2021-03-14,2021031405009108,NIFRA,55,25,10,523.00,"5,230.00"
2021-03-14,2021031405009107,NIFRA,55,46,30,523.00,"15,690.00"
2021-03-14,2021031405009118,NIFRA,42,34,15,524.00,"7,860.00"
2021-03-14,2021031405009117,NIFRA,55,48,60,523.00,"31,380.00"
2021-03-14,2021031405009116,NIFRA,55,58,60,523.00,"31,380.00"
2021-03-14,2021031405009115,NIFRA,55,45,60,523.00,"31,380.00"
2021-03-14,2021031405009114,NIFRA,57,34,200,524.00,"104,800.00"
2021-03-14,2021031405009113,NIFRA,55,21,60,523.00,"31,380.00"
2021-03-14,2021031405009126,NIFRA,16,32,60,524.00,"31,440.00"
2021-03-14,2021031405009125,NIFRA,16,22,60,524.00,"31,440.00"
2021-03-14,2021031405009124,NIFRA,16,8,60,524.00,"31,440.00"
2021-03-14,2021031405009123,NIFRA,16,36,65,524.00,"34,060.00"
2021-03-14,2021031405009120,NIFRA,55,36,50,523.00,"26,150.00"
2021-03-14,2021031405009119,NIFRA,42,36,35,524.00,"18,340.00"
2021-03-14,2021031405009133,NIFRA,55,21,60,523.00,"31,380.00"
2021-03-14,2021031405009132,NIFRA,55,45,60,523.00,"31,380.00"
2021-03-14,2021031405009130,NIFRA,55,51,60,523.00,"31,380.00"
2021-03-14,2021031405009129,NIFRA,16,1,155,524.00,"81,220.00"
2021-03-14,2021031405009128,NIFRA,16,26,50,524.00,"26,200.00"
2021-03-14,2021031405009127,NIFRA,16,58,50,524.00,"26,200.00"
2021-03-14,2021031405009139,NIFRA,45,52,50,524.00,"26,200.00"
2021-03-14,2021031405009138,NIFRA,45,50,50,524.00,"26,200.00"
2021-03-14,2021031405009137,NIFRA,45,32,50,524.00,"26,200.00"
2021-03-14,2021031405009136,NIFRA,45,17,50,524.00,"26,200.00"
2021-03-14,2021031405009135,NIFRA,45,1,45,524.00,"23,580.00"
2021-03-14,2021031405009134,NIFRA,55,47,50,523.00,"26,150.00"
2021-03-14,2021031405009146,NIFRA,45,55,25,524.00,"13,100.00"
2021-03-14,2021031405009145,NIFRA,45,21,10,524.00,"5,240.00"
2021-03-14,2021031405009143,NIFRA,45,38,60,524.00,"31,440.00"
2021-03-14,2021031405009142,NIFRA,45,6,50,524.00,"26,200.00"
2021-03-14,2021031405009141,NIFRA,45,14,50,524.00,"26,200.00"
2021-03-14,2021031405009140,NIFRA,45,41,60,524.00,"31,440.00"
2021-03-14,2021031405009154,NIFRA,55,45,50,523.00,"26,150.00"
2021-03-14,2021031405009153,NIFRA,55,1,50,523.00,"26,150.00"
2021-03-14,2021031405009150,NIFRA,55,21,60,523.00,"31,380.00"
2021-03-14,2021031405009149,NIFRA,55,21,35,523.00,"18,305.00"
2021-03-14,2021031405009148,NIFRA,58,21,15,524.00,"7,860.00"
2021-03-14,2021031405009147,NIFRA,58,55,15,524.00,"7,860.00"
2021-03-14,2021031405009161,NIFRA,28,21,60,524.00,"31,440.00"
2021-03-14,2021031405009160,NIFRA,28,29,50,524.00,"26,200.00"
2021-03-14,2021031405009159,NIFRA,28,36,60,524.00,"31,440.00"
2021-03-14,2021031405009158,NIFRA,55,47,50,523.00,"26,150.00"
2021-03-14,2021031405009156,NIFRA,55,21,60,523.00,"31,380.00"
2021-03-14,2021031405009155,NIFRA,55,51,60,523.00,"31,380.00"
2021-03-14,2021031405009167,NIFRA,32,54,70,525.00,"36,750.00"
2021-03-14,2021031405009166,NIFRA,55,48,20,523.00,"10,460.00"
2021-03-14,2021031405009165,NIFRA,45,48,30,524.00,"15,720.00"
2021-03-14,2021031405009164,NIFRA,45,55,50,524.00,"26,200.00"
2021-03-14,2021031405009163,NIFRA,45,45,20,524.00,"10,480.00"
2021-03-14,2021031405009162,NIFRA,28,45,30,524.00,"15,720.00"
2021-03-14,2021031405009174,NIFRA,45,32,10,524.00,"5,240.00"
2021-03-14,2021031405009173,NIFRA,45,21,50,524.00,"26,200.00"
2021-03-14,2021031405009172,NIFRA,45,39,10,524.00,"5,240.00"
2021-03-14,2021031405009171,NIFRA,29,39,50,524.00,"26,200.00"
2021-03-14,2021031405009170,NIFRA,55,34,30,523.00,"15,690.00"
2021-03-14,2021031405009168,NIFRA,32,58,30,525.00,"15,750.00"
2021-03-14,2021031405009183,NIFRA,45,21,50,524.00,"26,200.00"
2021-03-14,2021031405009181,NIFRA,45,32,50,524.00,"26,200.00"
2021-03-14,2021031405009180,NIFRA,45,3,60,524.00,"31,440.00"
2021-03-14,2021031405009179,NIFRA,45,6,60,524.00,"31,440.00"
2021-03-14,2021031405009178,NIFRA,45,58,20,524.00,"10,480.00"
2021-03-14,2021031405009175,NIFRA,45,47,50,524.00,"26,200.00"
2021-03-14,2021031405009189,NIFRA,42,48,60,524.00,"31,440.00"
2021-03-14,2021031405009188,NIFRA,42,36,40,524.00,"20,960.00"
2021-03-14,2021031405009187,NIFRA,45,36,10,524.00,"5,240.00"
2021-03-14,2021031405009186,NIFRA,45,52,30,524.00,"15,720.00"
2021-03-14,2021031405009185,NIFRA,45,54,50,524.00,"26,200.00"
2021-03-14,2021031405009184,NIFRA,45,29,50,524.00,"26,200.00"
2021-03-14,2021031405009195,NIFRA,38,57,25,524.00,"13,100.00"
2021-03-14,2021031405009194,NIFRA,42,57,25,524.00,"13,100.00"
2021-03-14,2021031405009193,NIFRA,6,52,10,525.00,"5,250.00"
2021-03-14,2021031405009192,NIFRA,6,49,60,525.00,"31,500.00"
2021-03-14,2021031405009191,NIFRA,6,58,30,525.00,"15,750.00"
2021-03-14,2021031405009190,NIFRA,42,47,50,524.00,"26,200.00"
2021-03-14,2021031405009203,NIFRA,50,39,50,524.00,"26,200.00"
2021-03-14,2021031405009202,NIFRA,50,11,40,524.00,"20,960.00"
2021-03-14,2021031405009201,NIFRA,51,6,15,524.00,"7,860.00"
2021-03-14,2021031405009198,NIFRA,51,56,10,524.00,"5,240.00"
2021-03-14,2021031405009197,NIFRA,51,49,25,524.00,"13,100.00"
2021-03-14,2021031405009196,NIFRA,38,49,25,524.00,"13,100.00"
2021-03-14,2021031405009211,NIFRA,50,48,60,524.00,"31,440.00"
2021-03-14,2021031405009210,NIFRA,50,22,50,524.00,"26,200.00"
2021-03-14,2021031405009209,NIFRA,50,55,50,524.00,"26,200.00"
2021-03-14,2021031405009208,NIFRA,50,47,50,524.00,"26,200.00"
2021-03-14,2021031405009206,NIFRA,50,35,50,524.00,"26,200.00"
2021-03-14,2021031405009204,NIFRA,50,21,50,524.00,"26,200.00"
2021-03-14,2021031405009218,NIFRA,49,21,30,524.00,"15,720.00"
2021-03-14,2021031405009217,NIFRA,40,21,30,524.00,"15,720.00"
2021-03-14,2021031405009216,NIFRA,40,57,60,524.00,"31,440.00"
2021-03-14,2021031405009215,NIFRA,40,32,10,524.00,"5,240.00"
2021-03-14,2021031405009214,NIFRA,50,32,50,524.00,"26,200.00"
2021-03-14,2021031405009212,NIFRA,50,45,50,524.00,"26,200.00"
2021-03-14,2021031405009226,NIFRA,21,39,60,524.00,"31,440.00"
2021-03-14,2021031405009225,NIFRA,34,34,20,524.00,"10,480.00"
2021-03-14,2021031405009224,NIFRA,34,50,30,524.00,"15,720.00"
2021-03-14,2021031405009223,NIFRA,34,36,50,524.00,"26,200.00"
2021-03-14,2021031405009221,NIFRA,55,21,60,523.00,"31,380.00"
2021-03-14,2021031405009219,NIFRA,49,50,20,524.00,"10,480.00"
2021-03-14,2021031405009234,NIFRA,45,21,50,523.00,"26,150.00"
2021-03-14,2021031405009232,NIFRA,45,38,50,523.00,"26,150.00"
2021-03-14,2021031405009230,NIFRA,21,56,30,524.00,"15,720.00"
2021-03-14,2021031405009229,NIFRA,21,38,50,524.00,"26,200.00"
2021-03-14,2021031405009228,NIFRA,21,58,30,524.00,"15,720.00"
2021-03-14,2021031405009227,NIFRA,21,34,30,524.00,"15,720.00"
2021-03-14,2021031405009242,NIFRA,53,38,50,524.00,"26,200.00"
2021-03-14,2021031405009241,NIFRA,53,11,30,524.00,"15,720.00"
2021-03-14,2021031405009240,NIFRA,53,57,20,524.00,"10,480.00"
2021-03-14,2021031405009239,NIFRA,53,48,50,524.00,"26,200.00"
2021-03-14,2021031405009238,NIFRA,53,56,30,524.00,"15,720.00"
2021-03-14,2021031405009236,NIFRA,45,21,50,523.00,"26,150.00"
2021-03-14,2021031405009248,NIFRA,53,58,50,524.00,"26,200.00"
2021-03-14,2021031405009247,NIFRA,53,56,50,524.00,"26,200.00"
2021-03-14,2021031405009246,NIFRA,53,38,50,524.00,"26,200.00"
2021-03-14,2021031405009245,NIFRA,53,56,20,524.00,"10,480.00"
2021-03-14,2021031405009244,NIFRA,53,34,50,524.00,"26,200.00"
2021-03-14,2021031405009243,NIFRA,53,58,20,524.00,"10,480.00"
2021-03-14,2021031405009256,NIFRA,57,52,5,525.00,"2,625.00"
2021-03-14,2021031405009255,NIFRA,13,52,35,525.00,"18,375.00"
2021-03-14,2021031405009254,NIFRA,13,14,40,525.00,"21,000.00"
2021-03-14,2021031405009253,NIFRA,58,20,500,524.00,"262,000.00"
2021-03-14,2021031405009250,NIFRA,53,43,60,524.00,"31,440.00"
2021-03-14,2021031405009249,NIFRA,57,14,40,525.00,"21,000.00"
2021-03-14,2021031405009262,NIFRA,45,48,60,523.00,"31,380.00"
2021-03-14,2021031405009261,NIFRA,57,55,10,524.00,"5,240.00"
2021-03-14,2021031405009260,NIFRA,26,55,200,524.00,"104,800.00"
2021-03-14,2021031405009259,NIFRA,41,41,5,524.00,"2,620.00"
2021-03-14,2021031405009258,NIFRA,41,51,45,524.00,"23,580.00"
2021-03-14,2021031405009257,NIFRA,53,51,15,524.00,"7,860.00"
2021-03-14,2021031405009271,NIFRA,42,55,100,523.00,"52,300.00"
2021-03-14,2021031405009270,NIFRA,45,55,80,523.00,"41,840.00"
2021-03-14,2021031405009269,NIFRA,45,56,60,523.00,"31,380.00"
2021-03-14,2021031405009268,NIFRA,45,21,50,523.00,"26,150.00"
2021-03-14,2021031405009265,NIFRA,45,17,50,523.00,"26,150.00"
2021-03-14,2021031405009264,NIFRA,45,17,50,523.00,"26,150.00"
2021-03-14,2021031405009277,NIFRA,49,55,300,523.00,"156,900.00"
2021-03-14,2021031405009276,NIFRA,52,55,200,523.00,"104,600.00"
2021-03-14,2021031405009275,NIFRA,58,55,500,523.00,"261,500.00"
2021-03-14,2021031405009274,NIFRA,29,55,20,523.00,"10,460.00"
2021-03-14,2021031405009273,NIFRA,11,55,50,523.00,"26,150.00"
2021-03-14,2021031405009272,NIFRA,42,55,500,523.00,"261,500.00"
2021-03-14,2021031405009283,NIFRA,41,55,10,523.00,"5,230.00"
2021-03-14,2021031405009282,NIFRA,1,55,100,523.00,"52,300.00"
2021-03-14,2021031405009281,NIFRA,26,55,200,523.00,"104,600.00"
2021-03-14,2021031405009280,NIFRA,52,55,500,523.00,"261,500.00"
2021-03-14,2021031405009279,NIFRA,32,55,350,523.00,"183,050.00"
2021-03-14,2021031405009278,NIFRA,40,55,25,523.00,"13,075.00"
2021-03-14,2021031405009289,NIFRA,39,34,10,524.00,"5,240.00"
2021-03-14,2021031405009288,NIFRA,39,38,50,524.00,"26,200.00"
2021-03-14,2021031405009287,NIFRA,39,55,415,524.00,"217,460.00"
2021-03-14,2021031405009286,NIFRA,39,55,35,523.00,"18,305.00"
2021-03-14,2021031405009285,NIFRA,16,55,20,523.00,"10,460.00"
2021-03-14,2021031405009284,NIFRA,17,55,10,523.00,"5,230.00"
2021-03-14,2021031405009298,NIFRA,47,49,50,524.00,"26,200.00"
2021-03-14,2021031405009297,NIFRA,47,39,50,524.00,"26,200.00"
2021-03-14,2021031405009294,NIFRA,1,38,60,523.00,"31,380.00"
2021-03-14,2021031405009293,NIFRA,1,21,60,523.00,"31,380.00"
2021-03-14,2021031405009292,NIFRA,1,36,50,523.00,"26,150.00"
2021-03-14,2021031405009290,NIFRA,39,6,5,524.00,"2,620.00"
2021-03-14,2021031405009309,NIFRA,1,21,50,523.00,"26,150.00"
2021-03-14,2021031405009308,NIFRA,1,46,60,523.00,"31,380.00"
2021-03-14,2021031405009305,NIFRA,51,49,10,524.00,"5,240.00"
2021-03-14,2021031405009303,NIFRA,1,21,50,523.00,"26,150.00"
2021-03-14,2021031405009302,NIFRA,1,50,60,523.00,"31,380.00"
2021-03-14,2021031405009301,NIFRA,1,39,60,523.00,"31,380.00"
2021-03-14,2021031405009315,NIFRA,1,38,50,523.00,"26,150.00"
2021-03-14,2021031405009314,NIFRA,1,45,60,523.00,"31,380.00"
2021-03-14,2021031405009313,NIFRA,1,22,50,523.00,"26,150.00"
2021-03-14,2021031405009312,NIFRA,1,48,50,523.00,"26,150.00"
2021-03-14,2021031405009311,NIFRA,1,51,50,523.00,"26,150.00"
2021-03-14,2021031405009310,NIFRA,1,38,20,523.00,"10,460.00"
2021-03-14,2021031405009323,NIFRA,11,22,200,524.00,"104,800.00"
2021-03-14,2021031405009322,NIFRA,1,32,60,523.00,"31,380.00"
2021-03-14,2021031405009321,NIFRA,44,22,30,524.00,"15,720.00"
2021-03-14,2021031405009320,NIFRA,1,18,50,523.00,"26,150.00"
2021-03-14,2021031405009319,NIFRA,1,36,50,523.00,"26,150.00"
2021-03-14,2021031405009316,NIFRA,1,21,60,523.00,"31,380.00"
2021-03-14,2021031405009329,NIFRA,22,55,130,523.00,"67,990.00"
2021-03-14,2021031405009328,NIFRA,22,3,100,523.00,"52,300.00"
2021-03-14,2021031405009327,NIFRA,22,56,50,523.00,"26,150.00"
2021-03-14,2021031405009326,NIFRA,22,49,60,523.00,"31,380.00"
2021-03-14,2021031405009325,NIFRA,22,21,10,523.00,"5,230.00"
2021-03-14,2021031405009324,NIFRA,1,21,50,523.00,"26,150.00"
2021-03-14,2021031405009336,NIFRA,37,21,60,523.00,"31,380.00"
2021-03-14,2021031405009335,NIFRA,37,58,430,523.00,"224,890.00"
2021-03-14,2021031405009334,NIFRA,25,58,70,523.00,"36,610.00"
2021-03-14,2021031405009333,NIFRA,25,39,30,523.00,"15,690.00"
2021-03-14,2021031405009332,NIFRA,56,39,30,523.00,"15,690.00"
2021-03-14,2021031405009330,NIFRA,56,55,70,523.00,"36,610.00"
2021-03-14,2021031405009342,NIFRA,57,21,50,524.00,"26,200.00"
2021-03-14,2021031405009341,NIFRA,57,38,50,524.00,"26,200.00"
2021-03-14,2021031405009340,NIFRA,57,49,50,524.00,"26,200.00"
2021-03-14,2021031405009339,NIFRA,57,22,60,524.00,"31,440.00"
2021-03-14,2021031405009338,NIFRA,57,42,60,524.00,"31,440.00"
2021-03-14,2021031405009337,NIFRA,57,22,220,524.00,"115,280.00"
2021-03-14,2021031405009350,NIFRA,55,21,60,523.00,"31,380.00"
2021-03-14,2021031405009349,NIFRA,53,44,40,524.00,"20,960.00"
2021-03-14,2021031405009348,NIFRA,53,8,60,524.00,"31,440.00"
2021-03-14,2021031405009346,NIFRA,55,38,40,523.00,"20,920.00"
2021-03-14,2021031405009345,NIFRA,37,38,10,523.00,"5,230.00"
2021-03-14,2021031405009343,NIFRA,57,57,10,524.00,"5,240.00"
2021-03-14,2021031405009356,NIFRA,16,56,15,523.00,"7,845.00"
2021-03-14,2021031405009355,NIFRA,6,56,20,523.00,"10,460.00"
2021-03-14,2021031405009354,NIFRA,57,56,15,523.00,"7,845.00"
2021-03-14,2021031405009353,NIFRA,57,44,100,524.00,"52,400.00"
2021-03-14,2021031405009352,NIFRA,57,17,35,523.00,"18,305.00"
2021-03-14,2021031405009351,NIFRA,38,17,15,523.00,"7,845.00"
2021-03-14,2021031405009362,NIFRA,46,36,30,523.00,"15,690.00"
2021-03-14,2021031405009361,NIFRA,50,36,105,523.00,"54,915.00"
2021-03-14,2021031405009360,NIFRA,50,52,50,523.00,"26,150.00"
2021-03-14,2021031405009359,NIFRA,50,38,20,523.00,"10,460.00"
2021-03-14,2021031405009358,NIFRA,50,38,25,523.00,"13,075.00"
2021-03-14,2021031405009357,NIFRA,16,38,25,523.00,"13,075.00"
2021-03-14,2021031405009370,NIFRA,49,44,360,524.00,"188,640.00"
2021-03-14,2021031405009369,NIFRA,49,36,50,523.00,"26,150.00"
2021-03-14,2021031405009368,NIFRA,49,49,60,523.00,"31,380.00"
2021-03-14,2021031405009367,NIFRA,6,46,10,523.00,"5,230.00"
2021-03-14,2021031405009366,NIFRA,36,46,35,523.00,"18,305.00"
2021-03-14,2021031405009365,NIFRA,36,36,165,523.00,"86,295.00"
2021-03-14,2021031405009376,NIFRA,49,58,250,524.00,"131,000.00"
2021-03-14,2021031405009375,NIFRA,49,42,50,524.00,"26,200.00"
2021-03-14,2021031405009374,NIFRA,49,57,"1,000",524.00,"524,000.00"
2021-03-14,2021031405009373,NIFRA,49,38,20,524.00,"10,480.00"
2021-03-14,2021031405009372,NIFRA,49,58,10,524.00,"5,240.00"
2021-03-14,2021031405009371,NIFRA,49,51,50,524.00,"26,200.00"
2021-03-14,2021031405009383,NIFRA,49,55,820,524.00,"429,680.00"
2021-03-14,2021031405009382,NIFRA,49,49,50,524.00,"26,200.00"
2021-03-14,2021031405009381,NIFRA,49,56,50,524.00,"26,200.00"
2021-03-14,2021031405009379,NIFRA,49,7,150,524.00,"78,600.00"
2021-03-14,2021031405009378,NIFRA,49,56,30,524.00,"15,720.00"
2021-03-14,2021031405009377,NIFRA,49,21,50,524.00,"26,200.00"
2021-03-14,2021031405009390,NIFRA,47,51,20,523.00,"10,460.00"
2021-03-14,2021031405009389,NIFRA,34,51,30,523.00,"15,690.00"
2021-03-14,2021031405009387,NIFRA,34,22,60,523.00,"31,380.00"
2021-03-14,2021031405009386,NIFRA,34,52,50,523.00,"26,150.00"
2021-03-14,2021031405009385,NIFRA,34,21,60,523.00,"31,380.00"
2021-03-14,2021031405009384,NIFRA,34,55,50,523.00,"26,150.00"
2021-03-14,2021031405009408,NIFRA,33,55,60,524.00,"31,440.00"
2021-03-14,2021031405009406,NIFRA,58,55,100,524.00,"52,400.00"
2021-03-14,2021031405009396,NIFRA,55,21,50,523.00,"26,150.00"
2021-03-14,2021031405009393,NIFRA,35,55,"2,000",523.00,"1,046,000.00"
2021-03-14,2021031405009392,NIFRA,55,56,20,523.00,"10,460.00"
2021-03-14,2021031405009391,NIFRA,47,56,30,523.00,"15,690.00"
2021-03-14,2021031405009414,NIFRA,58,45,50,524.00,"26,200.00"
2021-03-14,2021031405009413,NIFRA,58,46,50,524.00,"26,200.00"
2021-03-14,2021031405009412,NIFRA,42,50,60,524.00,"31,440.00"
2021-03-14,2021031405009411,NIFRA,42,55,20,524.00,"10,480.00"
2021-03-14,2021031405009410,NIFRA,22,21,30,523.00,"15,690.00"
2021-03-14,2021031405009409,NIFRA,55,21,30,523.00,"15,690.00"
2021-03-14,2021031405009420,NIFRA,22,17,50,523.00,"26,150.00"
2021-03-14,2021031405009419,NIFRA,22,21,60,523.00,"31,380.00"
2021-03-14,2021031405009418,NIFRA,58,58,50,524.00,"26,200.00"
2021-03-14,2021031405009417,NIFRA,58,58,15,524.00,"7,860.00"
2021-03-14,2021031405009416,NIFRA,58,51,50,524.00,"26,200.00"
2021-03-14,2021031405009415,NIFRA,58,6,25,524.00,"13,100.00"
2021-03-14,2021031405009427,NIFRA,8,45,60,524.00,"31,440.00"
2021-03-14,2021031405009426,NIFRA,32,6,20,523.00,"10,460.00"
2021-03-14,2021031405009425,NIFRA,17,49,100,524.00,"52,400.00"
2021-03-14,2021031405009424,NIFRA,32,58,10,523.00,"5,230.00"
2021-03-14,2021031405009423,NIFRA,22,58,10,523.00,"5,230.00"
2021-03-14,2021031405009422,NIFRA,22,21,50,523.00,"26,150.00"
2021-03-14,2021031405009433,NIFRA,32,55,440,523.00,"230,120.00"
2021-03-14,2021031405009432,NIFRA,32,29,30,523.00,"15,690.00"
2021-03-14,2021031405009431,NIFRA,8,29,30,524.00,"15,720.00"
2021-03-14,2021031405009430,NIFRA,8,6,50,524.00,"26,200.00"
2021-03-14,2021031405009429,NIFRA,8,25,10,524.00,"5,240.00"
2021-03-14,2021031405009428,NIFRA,8,59,50,524.00,"26,200.00"
2021-03-14,2021031405009439,NIFRA,25,52,50,524.00,"26,200.00"
2021-03-14,2021031405009438,NIFRA,21,55,20,523.00,"10,460.00"
2021-03-14,2021031405009437,NIFRA,21,55,400,523.00,"209,200.00"
2021-03-14,2021031405009436,NIFRA,48,55,140,523.00,"73,220.00"
2021-03-14,2021031405009435,NIFRA,21,55,900,523.00,"470,700.00"
2021-03-14,2021031405009434,NIFRA,38,55,100,523.00,"52,300.00"
2021-03-14,2021031405009445,NIFRA,21,52,50,524.00,"26,200.00"
2021-03-14,2021031405009444,NIFRA,21,17,35,524.00,"18,340.00"
2021-03-14,2021031405009443,NIFRA,32,17,15,524.00,"7,860.00"
2021-03-14,2021031405009442,NIFRA,32,51,60,524.00,"31,440.00"
2021-03-14,2021031405009441,NIFRA,32,21,25,524.00,"13,100.00"
2021-03-14,2021031405009440,NIFRA,25,21,25,524.00,"13,100.00"
2021-03-14,2021031405009452,NIFRA,42,13,60,524.00,"31,440.00"
2021-03-14,2021031405009451,NIFRA,42,51,50,524.00,"26,200.00"
2021-03-14,2021031405009450,NIFRA,42,55,65,524.00,"34,060.00"
2021-03-14,2021031405009448,NIFRA,7,21,40,523.00,"20,920.00"
2021-03-14,2021031405009447,NIFRA,21,21,20,523.00,"10,460.00"
2021-03-14,2021031405009446,NIFRA,21,34,10,524.00,"5,240.00"
2021-03-14,2021031405009460,NIFRA,7,10,60,523.00,"31,380.00"
2021-03-14,2021031405009459,NIFRA,7,25,200,523.00,"104,600.00"
2021-03-14,2021031405009458,NIFRA,7,29,50,523.00,"26,150.00"
2021-03-14,2021031405009457,NIFRA,7,42,60,523.00,"31,380.00"
2021-03-14,2021031405009456,NIFRA,7,39,60,523.00,"31,380.00"
2021-03-14,2021031405009453,NIFRA,42,46,25,524.00,"13,100.00"
2021-03-14,2021031405009471,NIFRA,29,55,20,523.00,"10,460.00"
2021-03-14,2021031405009470,NIFRA,6,55,80,523.00,"41,840.00"
2021-03-14,2021031405009469,NIFRA,57,55,45,523.00,"23,535.00"
2021-03-14,2021031405009468,NIFRA,21,55,100,523.00,"52,300.00"
2021-03-14,2021031405009467,NIFRA,28,55,191,523.00,"99,893.00"
2021-03-14,2021031405009466,NIFRA,7,55,30,523.00,"15,690.00"
2021-03-14,2021031405009477,NIFRA,28,55,850,523.00,"444,550.00"
2021-03-14,2021031405009476,NIFRA,34,55,200,523.00,"104,600.00"
2021-03-14,2021031405009475,NIFRA,38,55,200,523.00,"104,600.00"
2021-03-14,2021031405009474,NIFRA,33,55,50,523.00,"26,150.00"
2021-03-14,2021031405009473,NIFRA,42,55,500,523.00,"261,500.00"
2021-03-14,2021031405009472,NIFRA,7,55,50,523.00,"26,150.00"
2021-03-14,2021031405009484,NIFRA,37,32,50,523.00,"26,150.00"
2021-03-14,2021031405009483,NIFRA,52,32,166,523.00,"86,818.00"
2021-03-14,2021031405009482,NIFRA,52,21,50,523.00,"26,150.00"
2021-03-14,2021031405009480,NIFRA,52,55,84,523.00,"43,932.00"
2021-03-14,2021031405009479,NIFRA,48,55,500,523.00,"261,500.00"
2021-03-14,2021031405009478,NIFRA,55,55,100,523.00,"52,300.00"
2021-03-14,2021031405009490,NIFRA,57,21,15,524.00,"7,860.00"
2021-03-14,2021031405009489,NIFRA,57,42,50,524.00,"26,200.00"
2021-03-14,2021031405009488,NIFRA,57,51,50,524.00,"26,200.00"
2021-03-14,2021031405009487,NIFRA,57,29,50,524.00,"26,200.00"
2021-03-14,2021031405009486,NIFRA,57,46,25,524.00,"13,100.00"
2021-03-14,2021031405009485,NIFRA,33,32,284,523.00,"148,532.00"
2021-03-14,2021031405009496,NIFRA,47,55,150,523.00,"78,450.00"
2021-03-14,2021031405009495,NIFRA,33,55,96,523.00,"50,208.00"
2021-03-14,2021031405009494,NIFRA,33,56,500,523.00,"261,500.00"
2021-03-14,2021031405009493,NIFRA,33,17,60,523.00,"31,380.00"
2021-03-14,2021031405009492,NIFRA,33,52,60,523.00,"31,380.00"
2021-03-14,2021031405009491,NIFRA,48,21,20,524.00,"10,480.00"
2021-03-14,2021031405009502,NIFRA,34,55,50,523.00,"26,150.00"
2021-03-14,2021031405009501,NIFRA,22,55,55,523.00,"28,765.00"
2021-03-14,2021031405009500,NIFRA,36,55,20,523.00,"10,460.00"
2021-03-14,2021031405009499,NIFRA,47,55,200,523.00,"104,600.00"
2021-03-14,2021031405009498,NIFRA,33,55,200,523.00,"104,600.00"
2021-03-14,2021031405009497,NIFRA,6,55,50,523.00,"26,150.00"
2021-03-14,2021031405009510,NIFRA,20,58,60,523.00,"31,380.00"
2021-03-14,2021031405009509,NIFRA,20,49,50,523.00,"26,150.00"
2021-03-14,2021031405009506,NIFRA,20,58,50,523.00,"26,150.00"
2021-03-14,2021031405009505,NIFRA,57,21,15,524.00,"7,860.00"
2021-03-14,2021031405009504,NIFRA,20,39,50,523.00,"26,150.00"
2021-03-14,2021031405009503,NIFRA,20,55,179,523.00,"93,617.00"
2021-03-14,2021031405009518,NIFRA,46,21,36,524.00,"18,864.00"
2021-03-14,2021031405009517,NIFRA,46,42,14,524.00,"7,336.00"
2021-03-14,2021031405009515,NIFRA,32,42,46,524.00,"24,104.00"
2021-03-14,2021031405009514,NIFRA,32,36,30,524.00,"15,720.00"
2021-03-14,2021031405009513,NIFRA,32,34,10,524.00,"5,240.00"
2021-03-14,2021031405009512,NIFRA,32,49,14,524.00,"7,336.00"
2021-03-14,2021031405009524,NIFRA,55,21,24,524.00,"12,576.00"
2021-03-14,2021031405009523,NIFRA,6,10,39,523.00,"20,397.00"
2021-03-14,2021031405009522,NIFRA,20,10,11,523.00,"5,753.00"
2021-03-14,2021031405009521,NIFRA,20,40,50,523.00,"26,150.00"
2021-03-14,2021031405009520,NIFRA,20,38,50,523.00,"26,150.00"
2021-03-14,2021031405009519,NIFRA,20,55,500,523.00,"261,500.00"
2021-03-14,2021031405009531,NIFRA,58,51,60,523.00,"31,380.00"
2021-03-14,2021031405009529,NIFRA,21,45,11,523.00,"5,753.00"
2021-03-14,2021031405009528,NIFRA,21,39,50,523.00,"26,150.00"
2021-03-14,2021031405009527,NIFRA,21,46,39,523.00,"20,397.00"
2021-03-14,2021031405009526,NIFRA,6,46,11,523.00,"5,753.00"
2021-03-14,2021031405009525,NIFRA,55,48,26,524.00,"13,624.00"
2021-03-14,2021031405009539,NIFRA,6,55,100,523.00,"52,300.00"
2021-03-14,2021031405009538,NIFRA,21,55,47,523.00,"24,581.00"
2021-03-14,2021031405009537,NIFRA,21,55,10,523.00,"5,230.00"
2021-03-14,2021031405009536,NIFRA,40,55,40,523.00,"20,920.00"
2021-03-14,2021031405009535,NIFRA,40,6,10,523.00,"5,230.00"
2021-03-14,2021031405009534,NIFRA,58,6,40,523.00,"20,920.00"
2021-03-14,2021031405009545,NIFRA,46,55,60,523.00,"31,380.00"
2021-03-14,2021031405009544,NIFRA,36,55,108,523.00,"56,484.00"
2021-03-14,2021031405009543,NIFRA,58,55,500,523.00,"261,500.00"
2021-03-14,2021031405009542,NIFRA,22,55,231,523.00,"120,813.00"
2021-03-14,2021031405009541,NIFRA,49,55,90,523.00,"47,070.00"
2021-03-14,2021031405009540,NIFRA,44,55,10,523.00,"5,230.00"
2021-03-14,2021031405009552,NIFRA,58,52,10,523.00,"5,230.00"
2021-03-14,2021031405009551,NIFRA,22,52,50,523.00,"26,150.00"
2021-03-14,2021031405009550,NIFRA,44,32,166,524.00,"86,984.00"
2021-03-14,2021031405009549,NIFRA,44,48,34,524.00,"17,816.00"
2021-03-14,2021031405009547,NIFRA,58,22,46,523.00,"24,058.00"
2021-03-14,2021031405009546,NIFRA,58,55,354,523.00,"185,142.00"
2021-03-14,2021031405009557,PLI,42,36,30,732.00,"21,960.00"
2021-03-14,2021031405009553,PLI,22,36,50,732.00,"36,600.00"
2021-03-14,2021031405009548,PLI,32,36,50,732.00,"36,600.00"
2021-03-14,2021031405009533,PLI,49,36,100,732.00,"73,200.00"
2021-03-14,2021031405009532,PLI,21,38,10,731.00,"7,310.00"
2021-03-14,2021031405009530,PLI,57,44,10,730.00,"7,300.00"
2021-03-14,2021031405009121,PLI,57,48,10,725.00,"7,250.00"
2021-03-14,2021031405009079,PLI,42,48,10,725.00,"7,250.00"
2021-03-14,2021031405009076,PLI,42,48,10,725.00,"7,250.00"
2021-03-14,2021031405009157,PLI,57,48,10,725.00,"7,250.00"
2021-03-14,2021031405009152,PLI,57,22,10,725.00,"7,250.00"
2021-03-14,2021031405009151,PLI,57,36,10,725.00,"7,250.00"
2021-03-14,2021031405009144,PLI,57,46,10,725.00,"7,250.00"
2021-03-14,2021031405009131,PLI,57,41,10,725.00,"7,250.00"
2021-03-14,2021031405009122,PLI,57,14,10,725.00,"7,250.00"
2021-03-14,2021031405009200,PLI,41,48,10,726.00,"7,260.00"
2021-03-14,2021031405009199,PLI,41,42,10,726.00,"7,260.00"
2021-03-14,2021031405009182,PLI,41,58,10,726.00,"7,260.00"
2021-03-14,2021031405009177,PLI,41,21,10,726.00,"7,260.00"
2021-03-14,2021031405009176,PLI,41,39,10,726.00,"7,260.00"
2021-03-14,2021031405009169,PLI,57,1,10,725.00,"7,250.00"
2021-03-14,2021031405009231,PLI,21,42,10,726.00,"7,260.00"
2021-03-14,2021031405009222,PLI,21,36,10,726.00,"7,260.00"
2021-03-14,2021031405009220,PLI,21,54,10,726.00,"7,260.00"
2021-03-14,2021031405009213,PLI,21,52,10,726.00,"7,260.00"
2021-03-14,2021031405009207,PLI,21,48,10,726.00,"7,260.00"
2021-03-14,2021031405009205,PLI,21,36,10,726.00,"7,260.00"
2021-03-14,2021031405009263,PLI,55,21,30,727.00,"21,810.00"
2021-03-14,2021031405009252,PLI,55,48,10,727.00,"7,270.00"
2021-03-14,2021031405009251,PLI,55,42,10,727.00,"7,270.00"
2021-03-14,2021031405009237,PLI,21,45,10,726.00,"7,260.00"
2021-03-14,2021031405009235,PLI,21,48,10,726.00,"7,260.00"
2021-03-14,2021031405009233,PLI,21,48,10,726.00,"7,260.00"
2021-03-14,2021031405009299,PLI,14,52,10,728.00,"7,280.00"
2021-03-14,2021031405009296,PLI,14,54,10,728.00,"7,280.00"
2021-03-14,2021031405009295,PLI,55,50,10,727.00,"7,270.00"
2021-03-14,2021031405009291,PLI,55,38,10,727.00,"7,270.00"
2021-03-14,2021031405009267,PLI,55,48,10,727.00,"7,270.00"
2021-03-14,2021031405009266,PLI,55,26,10,727.00,"7,270.00"
2021-03-14,2021031405009318,PLI,55,52,10,727.00,"7,270.00"
2021-03-14,2021031405009317,PLI,55,26,10,727.00,"7,270.00"
2021-03-14,2021031405009307,PLI,55,52,10,727.00,"7,270.00"
2021-03-14,2021031405009306,PLI,14,38,10,728.00,"7,280.00"
2021-03-14,2021031405009304,PLI,14,17,10,728.00,"7,280.00"
2021-03-14,2021031405009300,PLI,14,36,10,728.00,"7,280.00"
2021-03-14,2021031405009388,PLI,55,50,10,727.00,"7,270.00"
2021-03-14,2021031405009380,PLI,45,58,10,728.00,"7,280.00"
2021-03-14,2021031405009364,PLI,36,48,10,728.00,"7,280.00"
2021-03-14,2021031405009363,PLI,55,36,10,727.00,"7,270.00"
2021-03-14,2021031405009347,PLI,55,45,10,727.00,"7,270.00"
2021-03-14,2021031405009344,PLI,55,26,10,727.00,"7,270.00"
2021-03-14,2021031405009401,PLI,42,17,10,730.00,"7,300.00"
2021-03-14,2021031405009400,PLI,42,20,20,730.00,"14,600.00"
2021-03-14,2021031405009399,PLI,42,20,10,730.00,"7,300.00"
2021-03-14,2021031405009398,PLI,42,58,10,729.00,"7,290.00"
2021-03-14,2021031405009397,PLI,55,42,10,727.00,"7,270.00"
2021-03-14,2021031405009394,PLI,55,42,60,727.00,"43,620.00"
2021-03-14,2021031405009449,PLI,44,51,10,729.00,"7,290.00"
2021-03-14,2021031405009421,PLI,45,55,10,729.00,"7,290.00"
2021-03-14,2021031405009405,PLI,42,32,20,730.00,"14,600.00"
2021-03-14,2021031405009404,PLI,42,56,10,730.00,"7,300.00"
2021-03-14,2021031405009403,PLI,42,49,10,730.00,"7,300.00"
2021-03-14,2021031405009402,PLI,42,45,10,730.00,"7,300.00"
2021-03-14,2021031405009464,PLI,45,57,10,731.00,"7,310.00"
2021-03-14,2021031405009463,PLI,45,8,10,731.00,"7,310.00"
2021-03-14,2021031405009462,PLI,45,45,10,731.00,"7,310.00"
2021-03-14,2021031405009461,PLI,45,42,10,731.00,"7,310.00"
2021-03-14,2021031405009455,PLI,57,32,110,730.00,"80,300.00"
2021-03-14,2021031405009454,PLI,44,42,10,729.00,"7,290.00"
2021-03-14,2021031405009516,PLI,57,57,10,730.00,"7,300.00"
2021-03-14,2021031405009511,PLI,57,34,10,730.00,"7,300.00"
2021-03-14,2021031405009508,PLI,42,57,10,731.00,"7,310.00"
2021-03-14,2021031405009507,PLI,42,39,10,731.00,"7,310.00"
2021-03-14,2021031405009481,PLI,57,57,10,730.00,"7,300.00"
2021-03-14,2021031405009465,PLI,45,7,10,731.00,"7,310.00"
2021-03-14,2021031405009025,CGH,57,41,10,884.00,"8,840.00"
2021-03-14,2021031405009015,CGH,57,58,10,884.00,"8,840.00"
2021-03-14,2021031405009013,CGH,57,55,10,884.00,"8,840.00"
2021-03-14,2021031405008990,CGH,57,41,10,884.00,"8,840.00"
2021-03-14,2021031405008928,CGH,57,54,10,884.00,"8,840.00"
2021-03-14,2021031405008862,CGH,57,25,10,884.00,"8,840.00"
2021-03-14,2021031405008627,CGH,57,19,10,884.00,"8,840.00"
2021-03-14,2021031405008568,CGH,57,58,10,884.00,"8,840.00"
2021-03-14,2021031405008848,CGH,57,51,10,884.00,"8,840.00"
2021-03-14,2021031405008794,CGH,57,34,10,884.00,"8,840.00"
2021-03-14,2021031405008731,CGH,57,36,10,884.00,"8,840.00"
2021-03-14,2021031405008680,CGH,57,36,10,884.00,"8,840.00"
2021-03-14,2021031405008673,CGH,57,19,10,884.00,"8,840.00"
2021-03-14,2021031405008636,CGH,57,58,10,884.00,"8,840.00"
2021-03-14,2021031405009060,NIFRA,29,36,500,522.00,"261,000.00"
2021-03-14,2021031405009058,NIFRA,58,45,300,523.00,"156,900.00"
2021-03-14,2021031405009057,NIFRA,29,21,60,522.00,"31,320.00"
2021-03-14,2021031405009055,NIFRA,29,36,60,522.00,"31,320.00"
2021-03-14,2021031405009054,NIFRA,29,51,50,522.00,"26,100.00"
2021-03-14,2021031405009053,NIFRA,29,1,50,522.00,"26,100.00"
2021-03-14,2021031405008564,NIFRA,14,38,50,523.00,"26,150.00"
2021-03-14,2021031405008563,NIFRA,14,52,30,523.00,"15,690.00"
2021-03-14,2021031405008562,NIFRA,21,52,10,523.00,"5,230.00"
2021-03-14,2021031405008561,NIFRA,25,52,10,523.00,"5,230.00"
2021-03-14,2021031405008571,NIFRA,1,44,50,523.00,"26,150.00"
2021-03-14,2021031405008570,NIFRA,1,58,10,523.00,"5,230.00"
2021-03-14,2021031405008569,NIFRA,54,58,10,523.00,"5,230.00"
2021-03-14,2021031405008567,NIFRA,54,58,50,523.00,"26,150.00"
2021-03-14,2021031405008566,NIFRA,54,13,40,523.00,"20,920.00"
2021-03-14,2021031405008565,NIFRA,14,13,20,523.00,"10,460.00"
2021-03-14,2021031405008581,NIFRA,58,57,50,524.00,"26,200.00"
2021-03-14,2021031405008580,NIFRA,57,39,60,523.00,"31,380.00"
2021-03-14,2021031405008579,NIFRA,57,14,30,523.00,"15,690.00"
2021-03-14,2021031405008578,NIFRA,1,14,20,523.00,"10,460.00"
2021-03-14,2021031405008577,NIFRA,1,40,60,523.00,"31,380.00"
2021-03-14,2021031405008576,NIFRA,1,13,60,523.00,"31,380.00"
2021-03-14,2021031405008588,NIFRA,32,45,50,523.00,"26,150.00"
2021-03-14,2021031405008587,NIFRA,32,42,50,523.00,"26,150.00"
2021-03-14,2021031405008586,NIFRA,32,42,50,523.00,"26,150.00"
2021-03-14,2021031405008585,NIFRA,57,42,10,523.00,"5,230.00"
2021-03-14,2021031405008584,NIFRA,57,44,50,523.00,"26,150.00"
2021-03-14,2021031405008583,NIFRA,47,22,50,524.00,"26,200.00"
2021-03-14,2021031405008596,NIFRA,8,49,50,524.00,"26,200.00"
2021-03-14,2021031405008595,NIFRA,8,14,60,524.00,"31,440.00"
2021-03-14,2021031405008594,NIFRA,8,39,60,524.00,"31,440.00"
2021-03-14,2021031405008591,NIFRA,32,48,60,523.00,"31,380.00"
2021-03-14,2021031405008590,NIFRA,32,56,30,523.00,"15,690.00"
2021-03-14,2021031405008589,NIFRA,52,22,10,524.00,"5,240.00"
2021-03-14,2021031405008603,NIFRA,32,3,"1,360",523.00,"711,280.00"
2021-03-14,2021031405008602,NIFRA,19,3,300,523.00,"156,900.00"
2021-03-14,2021031405008601,NIFRA,45,3,100,524.00,"52,400.00"
2021-03-14,2021031405008600,NIFRA,8,3,230,524.00,"120,520.00"
2021-03-14,2021031405008598,NIFRA,8,45,50,524.00,"26,200.00"
2021-03-14,2021031405008597,NIFRA,8,52,50,524.00,"26,200.00"
2021-03-14,2021031405008613,NIFRA,21,36,100,524.00,"52,400.00"
2021-03-14,2021031405008611,NIFRA,32,38,50,523.00,"26,150.00"
2021-03-14,2021031405008607,NIFRA,32,3,735,523.00,"384,405.00"
2021-03-14,2021031405008606,NIFRA,38,3,200,523.00,"104,600.00"
2021-03-14,2021031405008605,NIFRA,57,3,45,523.00,"23,535.00"
2021-03-14,2021031405008604,NIFRA,1,3,30,523.00,"15,690.00"
2021-03-14,2021031405008619,NIFRA,21,52,10,525.00,"5,250.00"
2021-03-14,2021031405008618,NIFRA,21,38,200,525.00,"105,000.00"
2021-03-14,2021031405008617,NIFRA,21,51,50,525.00,"26,250.00"
2021-03-14,2021031405008616,NIFRA,21,35,50,525.00,"26,250.00"
2021-03-14,2021031405008615,NIFRA,21,55,50,525.00,"26,250.00"
2021-03-14,2021031405008614,NIFRA,21,43,40,525.00,"21,000.00"
2021-03-14,2021031405008629,NIFRA,55,39,40,522.00,"20,880.00"
2021-03-14,2021031405008628,NIFRA,38,39,20,524.00,"10,480.00"
2021-03-14,2021031405008625,NIFRA,55,58,50,522.00,"26,100.00"
2021-03-14,2021031405008624,NIFRA,19,57,13,524.00,"6,812.00"
2021-03-14,2021031405008623,NIFRA,55,40,60,522.00,"31,320.00"
2021-03-14,2021031405008622,NIFRA,55,36,50,522.00,"26,100.00"
2021-03-14,2021031405008635,NIFRA,42,14,60,524.00,"31,440.00"
2021-03-14,2021031405008634,NIFRA,42,21,50,524.00,"26,200.00"
2021-03-14,2021031405008633,NIFRA,42,36,50,524.00,"26,200.00"
2021-03-14,2021031405008632,NIFRA,42,57,17,524.00,"8,908.00"
2021-03-14,2021031405008631,NIFRA,42,57,50,524.00,"26,200.00"
2021-03-14,2021031405008630,NIFRA,55,58,60,522.00,"31,320.00"
2021-03-14,2021031405008643,NIFRA,51,42,30,525.00,"15,750.00"
2021-03-14,2021031405008642,NIFRA,51,52,40,525.00,"21,000.00"
2021-03-14,2021031405008641,NIFRA,42,36,60,524.00,"31,440.00"
2021-03-14,2021031405008640,NIFRA,42,50,60,524.00,"31,440.00"
2021-03-14,2021031405008638,NIFRA,42,36,50,524.00,"26,200.00"
2021-03-14,2021031405008637,NIFRA,42,10,60,524.00,"31,440.00"
2021-03-14,2021031405008650,NIFRA,42,36,60,524.00,"31,440.00"
2021-03-14,2021031405008649,NIFRA,49,48,30,525.00,"15,750.00"
2021-03-14,2021031405008648,NIFRA,49,52,20,525.00,"10,500.00"
2021-03-14,2021031405008647,NIFRA,49,17,50,525.00,"26,250.00"
2021-03-14,2021031405008645,NIFRA,42,39,50,524.00,"26,200.00"
2021-03-14,2021031405008644,NIFRA,51,52,30,525.00,"15,750.00"
2021-03-14,2021031405008658,NIFRA,51,58,50,525.00,"26,250.00"
2021-03-14,2021031405008657,NIFRA,51,14,50,525.00,"26,250.00"
2021-03-14,2021031405008656,NIFRA,51,48,20,525.00,"10,500.00"
2021-03-14,2021031405008655,NIFRA,42,43,50,524.00,"26,200.00"
2021-03-14,2021031405008653,NIFRA,42,49,50,524.00,"26,200.00"
2021-03-14,2021031405008652,NIFRA,42,1,50,524.00,"26,200.00"
2021-03-14,2021031405008664,NIFRA,22,54,190,525.00,"99,750.00"
2021-03-14,2021031405008663,NIFRA,22,14,50,525.00,"26,250.00"
2021-03-14,2021031405008662,NIFRA,22,14,60,525.00,"31,500.00"
2021-03-14,2021031405008661,NIFRA,51,54,20,525.00,"10,500.00"
2021-03-14,2021031405008660,NIFRA,51,25,10,525.00,"5,250.00"
2021-03-14,2021031405008659,NIFRA,51,14,50,525.00,"26,250.00"
2021-03-14,2021031405008670,NIFRA,57,34,50,524.00,"26,200.00"
2021-03-14,2021031405008669,NIFRA,57,32,17,524.00,"8,908.00"
2021-03-14,2021031405008668,NIFRA,21,32,23,524.00,"12,052.00"
2021-03-14,2021031405008667,NIFRA,21,36,27,524.00,"14,148.00"
2021-03-14,2021031405008666,NIFRA,42,36,23,524.00,"12,052.00"
2021-03-14,2021031405008665,NIFRA,42,39,60,524.00,"31,440.00"
2021-03-14,2021031405008679,NIFRA,7,39,50,523.00,"26,150.00"
2021-03-14,2021031405008676,NIFRA,7,26,10,523.00,"5,230.00"
2021-03-14,2021031405008675,NIFRA,7,4,60,523.00,"31,380.00"
2021-03-14,2021031405008674,NIFRA,57,48,53,524.00,"27,772.00"
2021-03-14,2021031405008672,NIFRA,57,42,60,524.00,"31,440.00"
2021-03-14,2021031405008671,NIFRA,57,43,60,524.00,"31,440.00"
2021-03-14,2021031405008686,NIFRA,45,42,20,523.00,"10,460.00"
2021-03-14,2021031405008685,NIFRA,45,57,40,523.00,"20,920.00"
2021-03-14,2021031405008684,NIFRA,7,57,20,523.00,"10,460.00"
2021-03-14,2021031405008683,NIFRA,7,38,260,523.00,"135,980.00"
2021-03-14,2021031405008682,NIFRA,7,6,50,523.00,"26,150.00"
2021-03-14,2021031405008681,NIFRA,7,35,50,523.00,"26,150.00"
2021-03-14,2021031405008693,NIFRA,59,17,50,523.00,"26,150.00"
2021-03-14,2021031405008692,NIFRA,59,50,60,523.00,"31,380.00"
2021-03-14,2021031405008690,NIFRA,59,44,10,523.00,"5,230.00"
2021-03-14,2021031405008689,NIFRA,22,44,40,523.00,"20,920.00"
2021-03-14,2021031405008688,NIFRA,22,1,60,523.00,"31,380.00"
2021-03-14,2021031405008687,NIFRA,29,42,30,523.00,"15,690.00"
2021-03-14,2021031405008701,NIFRA,11,6,10,523.00,"5,230.00"
2021-03-14,2021031405008700,NIFRA,59,6,40,523.00,"20,920.00"
2021-03-14,2021031405008699,NIFRA,59,42,30,523.00,"15,690.00"
2021-03-14,2021031405008697,NIFRA,59,39,50,523.00,"26,150.00"
2021-03-14,2021031405008695,NIFRA,32,7,25,524.00,"13,100.00"
2021-03-14,2021031405008694,NIFRA,59,36,60,523.00,"31,380.00"
2021-03-14,2021031405008708,NIFRA,36,36,40,524.00,"20,960.00"
2021-03-14,2021031405008707,NIFRA,19,36,20,524.00,"10,480.00"
2021-03-14,2021031405008706,NIFRA,49,10,50,523.00,"26,150.00"
2021-03-14,2021031405008705,NIFRA,49,36,50,523.00,"26,150.00"
2021-03-14,2021031405008704,NIFRA,11,36,10,523.00,"5,230.00"
2021-03-14,2021031405008702,NIFRA,11,42,40,523.00,"20,920.00"
2021-03-14,2021031405008716,NIFRA,43,28,40,523.00,"20,920.00"
2021-03-14,2021031405008715,NIFRA,43,20,50,523.00,"26,150.00"
2021-03-14,2021031405008712,NIFRA,43,59,10,523.00,"5,230.00"
2021-03-14,2021031405008711,NIFRA,49,59,30,523.00,"15,690.00"
2021-03-14,2021031405008710,NIFRA,36,41,45,524.00,"23,580.00"
2021-03-14,2021031405008709,NIFRA,36,7,15,524.00,"7,860.00"
2021-03-14,2021031405008725,NIFRA,58,13,50,523.00,"26,150.00"
2021-03-14,2021031405008723,NIFRA,58,39,60,523.00,"31,380.00"
2021-03-14,2021031405008722,NIFRA,58,44,50,523.00,"26,150.00"
2021-03-14,2021031405008720,NIFRA,32,36,20,524.00,"10,480.00"
2021-03-14,2021031405008718,NIFRA,58,37,50,523.00,"26,150.00"
2021-03-14,2021031405008717,NIFRA,58,28,10,523.00,"5,230.00"
2021-03-14,2021031405008734,NIFRA,58,36,50,523.00,"26,150.00"
2021-03-14,2021031405008733,NIFRA,58,52,50,523.00,"26,150.00"
2021-03-14,2021031405008730,NIFRA,55,22,10,524.00,"5,240.00"
2021-03-14,2021031405008729,NIFRA,55,5,50,524.00,"26,200.00"
2021-03-14,2021031405008728,NIFRA,55,36,40,524.00,"20,960.00"
2021-03-14,2021031405008727,NIFRA,58,37,10,523.00,"5,230.00"
2021-03-14,2021031405008740,NIFRA,16,38,50,524.00,"26,200.00"
2021-03-14,2021031405008739,NIFRA,16,57,40,524.00,"20,960.00"
2021-03-14,2021031405008738,NIFRA,16,10,50,524.00,"26,200.00"
2021-03-14,2021031405008737,NIFRA,16,47,50,524.00,"26,200.00"
2021-03-14,2021031405008736,NIFRA,16,29,50,524.00,"26,200.00"
2021-03-14,2021031405008735,NIFRA,16,22,50,524.00,"26,200.00"
2021-03-14,2021031405008746,NIFRA,32,54,20,525.00,"10,500.00"
2021-03-14,2021031405008745,NIFRA,58,39,60,523.00,"31,380.00"
2021-03-14,2021031405008744,NIFRA,58,38,10,523.00,"5,230.00"
2021-03-14,2021031405008743,NIFRA,58,49,60,523.00,"31,380.00"
2021-03-14,2021031405008742,NIFRA,58,58,40,523.00,"20,920.00"
2021-03-14,2021031405008741,NIFRA,16,58,10,524.00,"5,240.00"
2021-03-14,2021031405008770,NIFRA,33,36,50,523.00,"26,150.00"
2021-03-14,2021031405008769,NIFRA,33,29,10,523.00,"5,230.00"
2021-03-14,2021031405008768,NIFRA,25,29,90,523.00,"47,070.00"
2021-03-14,2021031405008749,NIFRA,33,44,20,523.00,"10,460.00"
2021-03-14,2021031405008748,NIFRA,50,44,40,523.00,"20,920.00"
2021-03-14,2021031405008747,NIFRA,21,42,50,523.00,"26,150.00"
2021-03-14,2021031405008776,NIFRA,16,38,40,523.00,"20,920.00"
2021-03-14,2021031405008775,NIFRA,28,38,20,523.00,"10,460.00"
2021-03-14,2021031405008774,NIFRA,28,55,30,523.00,"15,690.00"
2021-03-14,2021031405008773,NIFRA,5,55,970,523.00,"507,310.00"
2021-03-14,2021031405008772,NIFRA,5,19,30,523.00,"15,690.00"
2021-03-14,2021031405008771,NIFRA,33,19,20,523.00,"10,460.00"
2021-03-14,2021031405008798,NIFRA,21,17,20,523.00,"10,460.00"
2021-03-14,2021031405008797,NIFRA,16,17,40,523.00,"20,920.00"
2021-03-14,2021031405008795,NIFRA,16,25,60,523.00,"31,380.00"
2021-03-14,2021031405008793,NIFRA,32,42,15,524.00,"7,860.00"
2021-03-14,2021031405008792,NIFRA,16,58,60,523.00,"31,380.00"
2021-03-14,2021031405008778,NIFRA,19,57,50,524.00,"26,200.00"
2021-03-14,2021031405008804,NIFRA,59,39,50,523.00,"26,150.00"
2021-03-14,2021031405008803,NIFRA,59,10,50,523.00,"26,150.00"
2021-03-14,2021031405008802,NIFRA,59,25,20,523.00,"10,460.00"
2021-03-14,2021031405008801,NIFRA,59,7,10,523.00,"5,230.00"
2021-03-14,2021031405008800,NIFRA,59,21,20,523.00,"10,460.00"
2021-03-14,2021031405008799,NIFRA,21,21,30,523.00,"15,690.00"
2021-03-14,2021031405008810,NIFRA,33,17,50,523.00,"26,150.00"
2021-03-14,2021031405008809,NIFRA,33,16,40,523.00,"20,920.00"
2021-03-14,2021031405008808,NIFRA,59,48,300,523.00,"156,900.00"
2021-03-14,2021031405008807,NIFRA,57,34,35,524.00,"18,340.00"
2021-03-14,2021031405008806,NIFRA,57,42,35,524.00,"18,340.00"
2021-03-14,2021031405008805,NIFRA,59,21,50,523.00,"26,150.00"
2021-03-14,2021031405008817,NIFRA,33,48,60,523.00,"31,380.00"
2021-03-14,2021031405008816,NIFRA,33,58,50,523.00,"26,150.00"
2021-03-14,2021031405008815,NIFRA,33,21,50,523.00,"26,150.00"
2021-03-14,2021031405008814,NIFRA,33,49,60,523.00,"31,380.00"
2021-03-14,2021031405008813,NIFRA,33,44,60,523.00,"31,380.00"
2021-03-14,2021031405008812,NIFRA,33,58,50,523.00,"26,150.00"
2021-03-14,2021031405008824,NIFRA,28,21,39,523.00,"20,397.00"
2021-03-14,2021031405008823,NIFRA,52,21,11,523.00,"5,753.00"
2021-03-14,2021031405008822,NIFRA,33,13,5,523.00,"2,615.00"
2021-03-14,2021031405008821,NIFRA,33,44,50,523.00,"26,150.00"
2021-03-14,2021031405008819,NIFRA,33,55,500,523.00,"261,500.00"
2021-03-14,2021031405008818,NIFRA,33,39,25,523.00,"13,075.00"
2021-03-14,2021031405008832,NIFRA,25,21,60,522.00,"31,320.00"
2021-03-14,2021031405008830,NIFRA,11,34,50,523.00,"26,150.00"
2021-03-14,2021031405008828,NIFRA,34,34,205,523.00,"107,215.00"
2021-03-14,2021031405008827,NIFRA,28,34,11,523.00,"5,753.00"
2021-03-14,2021031405008826,NIFRA,28,39,50,523.00,"26,150.00"
2021-03-14,2021031405008825,NIFRA,32,34,50,524.00,"26,200.00"
2021-03-14,2021031405008838,NIFRA,32,46,50,523.00,"26,150.00"
2021-03-14,2021031405008837,NIFRA,32,55,60,523.00,"31,380.00"
2021-03-14,2021031405008836,NIFRA,32,34,94,523.00,"49,162.00"
2021-03-14,2021031405008835,NIFRA,25,48,50,522.00,"26,100.00"
2021-03-14,2021031405008834,NIFRA,25,38,50,522.00,"26,100.00"
2021-03-14,2021031405008833,NIFRA,25,48,60,522.00,"31,320.00"
2021-03-14,2021031405008844,NIFRA,32,7,96,523.00,"50,208.00"
2021-03-14,2021031405008843,NIFRA,32,59,50,523.00,"26,150.00"
2021-03-14,2021031405008842,NIFRA,32,49,50,523.00,"26,150.00"
2021-03-14,2021031405008841,NIFRA,32,8,10,523.00,"5,230.00"
2021-03-14,2021031405008840,NIFRA,32,21,50,523.00,"26,150.00"
2021-03-14,2021031405008839,NIFRA,32,11,40,523.00,"20,920.00"
2021-03-14,2021031405008852,NIFRA,5,58,50,522.00,"26,100.00"
2021-03-14,2021031405008851,NIFRA,5,34,534,522.00,"278,748.00"
2021-03-14,2021031405008850,NIFRA,52,34,50,522.00,"26,100.00"
2021-03-14,2021031405008849,NIFRA,45,34,416,522.00,"217,152.00"
2021-03-14,2021031405008846,NIFRA,45,7,84,522.00,"43,848.00"
2021-03-14,2021031405008845,NIFRA,25,7,280,522.00,"146,160.00"
2021-03-14,2021031405008861,NIFRA,5,41,10,522.00,"5,220.00"
2021-03-14,2021031405008860,NIFRA,41,50,50,523.00,"26,150.00"
2021-03-14,2021031405008858,NIFRA,5,43,50,522.00,"26,100.00"
2021-03-14,2021031405008856,NIFRA,5,20,50,522.00,"26,100.00"
2021-03-14,2021031405008855,NIFRA,56,50,290,523.00,"151,670.00"
2021-03-14,2021031405008854,NIFRA,56,55,10,523.00,"5,230.00"
2021-03-14,2021031405008870,NIFRA,5,11,36,522.00,"18,792.00"
2021-03-14,2021031405008868,NIFRA,5,21,50,522.00,"26,100.00"
2021-03-14,2021031405008867,NIFRA,5,48,60,522.00,"31,320.00"
2021-03-14,2021031405008866,NIFRA,5,38,50,522.00,"26,100.00"
2021-03-14,2021031405008865,NIFRA,5,51,50,522.00,"26,100.00"
2021-03-14,2021031405008863,NIFRA,5,39,60,522.00,"31,320.00"
2021-03-14,2021031405008878,NIFRA,34,8,50,522.00,"26,100.00"
2021-03-14,2021031405008877,NIFRA,21,50,200,523.00,"104,600.00"
2021-03-14,2021031405008875,NIFRA,34,44,60,522.00,"31,320.00"
2021-03-14,2021031405008873,NIFRA,58,50,100,523.00,"52,300.00"
2021-03-14,2021031405008872,NIFRA,34,48,50,522.00,"26,100.00"
2021-03-14,2021031405008871,NIFRA,34,11,14,522.00,"7,308.00"
2021-03-14,2021031405008887,NIFRA,35,22,60,523.00,"31,380.00"
2021-03-14,2021031405008886,NIFRA,35,50,160,523.00,"83,680.00"
2021-03-14,2021031405008885,NIFRA,34,48,60,522.00,"31,320.00"
2021-03-14,2021031405008884,NIFRA,34,58,50,522.00,"26,100.00"
2021-03-14,2021031405008880,NIFRA,34,39,50,522.00,"26,100.00"
2021-03-14,2021031405008879,NIFRA,34,38,60,522.00,"31,320.00"
2021-03-14,2021031405008894,NIFRA,47,48,24,522.00,"12,528.00"
2021-03-14,2021031405008893,NIFRA,34,48,36,522.00,"18,792.00"
2021-03-14,2021031405008892,NIFRA,34,47,10,522.00,"5,220.00"
2021-03-14,2021031405008891,NIFRA,34,38,60,522.00,"31,320.00"
2021-03-14,2021031405008889,NIFRA,35,58,30,523.00,"15,690.00"
2021-03-14,2021031405008888,NIFRA,35,58,50,523.00,"26,150.00"
2021-03-14,2021031405008900,NIFRA,6,41,40,522.00,"20,880.00"
2021-03-14,2021031405008899,NIFRA,58,41,20,523.00,"10,460.00"
2021-03-14,2021031405008898,NIFRA,58,50,50,523.00,"26,150.00"
2021-03-14,2021031405008897,NIFRA,58,58,30,523.00,"15,690.00"
2021-03-14,2021031405008896,NIFRA,6,14,24,522.00,"12,528.00"
2021-03-14,2021031405008895,NIFRA,47,14,26,522.00,"13,572.00"
2021-03-14,2021031405008908,NIFRA,16,34,50,522.00,"26,100.00"
2021-03-14,2021031405008906,NIFRA,58,58,10,523.00,"5,230.00"
2021-03-14,2021031405008905,NIFRA,16,21,44,522.00,"22,968.00"
2021-03-14,2021031405008904,NIFRA,6,21,16,522.00,"8,352.00"
2021-03-14,2021031405008902,NIFRA,6,8,60,522.00,"31,320.00"
2021-03-14,2021031405008901,NIFRA,6,20,60,522.00,"31,320.00"
2021-03-14,2021031405008915,NIFRA,16,57,50,522.00,"26,100.00"
2021-03-14,2021031405008914,NIFRA,44,58,50,523.00,"26,150.00"
2021-03-14,2021031405008913,NIFRA,16,21,50,522.00,"26,100.00"
2021-03-14,2021031405008912,NIFRA,16,48,50,522.00,"26,100.00"
2021-03-14,2021031405008911,NIFRA,16,39,50,522.00,"26,100.00"
2021-03-14,2021031405008910,NIFRA,16,25,10,522.00,"5,220.00"
2021-03-14,2021031405008922,NIFRA,8,42,10,523.00,"5,230.00"
2021-03-14,2021031405008921,NIFRA,8,56,10,523.00,"5,230.00"
2021-03-14,2021031405008920,NIFRA,8,55,40,523.00,"20,920.00"
2021-03-14,2021031405008918,NIFRA,8,36,100,523.00,"52,300.00"
2021-03-14,2021031405008917,NIFRA,16,21,60,522.00,"31,320.00"
2021-03-14,2021031405008916,NIFRA,16,34,60,522.00,"31,320.00"
2021-03-14,2021031405008930,NIFRA,8,8,50,523.00,"26,150.00"
2021-03-14,2021031405008929,NIFRA,8,57,50,523.00,"26,150.00"
2021-03-14,2021031405008927,NIFRA,8,25,10,523.00,"5,230.00"
2021-03-14,2021031405008925,NIFRA,8,56,20,523.00,"10,460.00"
2021-03-14,2021031405008924,NIFRA,8,48,50,523.00,"26,150.00"
2021-03-14,2021031405008923,NIFRA,8,45,60,523.00,"31,380.00"
2021-03-14,2021031405008937,NIFRA,16,39,26,522.00,"13,572.00"
2021-03-14,2021031405008935,NIFRA,16,32,50,522.00,"26,100.00"
2021-03-14,2021031405008934,NIFRA,16,21,50,522.00,"26,100.00"
2021-03-14,2021031405008933,NIFRA,16,41,200,522.00,"104,400.00"
2021-03-14,2021031405008932,NIFRA,8,41,50,523.00,"26,150.00"
2021-03-14,2021031405008931,NIFRA,8,38,50,523.00,"26,150.00"
2021-03-14,2021031405008945,NIFRA,57,32,10,522.00,"5,220.00"
2021-03-14,2021031405008944,NIFRA,57,21,60,522.00,"31,320.00"
2021-03-14,2021031405008943,NIFRA,57,48,60,522.00,"31,320.00"
2021-03-14,2021031405008940,NIFRA,57,34,50,522.00,"26,100.00"
2021-03-14,2021031405008939,NIFRA,57,39,14,522.00,"7,308.00"
2021-03-14,2021031405008938,NIFRA,52,39,10,522.00,"5,220.00"
2021-03-14,2021031405008951,NIFRA,44,41,20,522.00,"10,440.00"
2021-03-14,2021031405008950,NIFRA,16,41,10,522.00,"5,220.00"
2021-03-14,2021031405008949,NIFRA,16,48,50,522.00,"26,100.00"
2021-03-14,2021031405008948,NIFRA,16,41,40,522.00,"20,880.00"
2021-03-14,2021031405008947,NIFRA,57,38,46,522.00,"24,012.00"
2021-03-14,2021031405008946,NIFRA,57,8,60,522.00,"31,320.00"
2021-03-14,2021031405008959,NIFRA,44,38,60,522.00,"31,320.00"
2021-03-14,2021031405008958,NIFRA,44,21,60,522.00,"31,320.00"
2021-03-14,2021031405008955,NIFRA,44,21,50,522.00,"26,100.00"
2021-03-14,2021031405008954,NIFRA,44,58,50,522.00,"26,100.00"
2021-03-14,2021031405008953,NIFRA,44,48,50,522.00,"26,100.00"
2021-03-14,2021031405008952,NIFRA,44,11,50,522.00,"26,100.00"
2021-03-14,2021031405008966,NIFRA,44,21,50,522.00,"26,100.00"
2021-03-14,2021031405008965,NIFRA,44,49,60,522.00,"31,320.00"
2021-03-14,2021031405008964,NIFRA,44,41,20,522.00,"10,440.00"
2021-03-14,2021031405008963,NIFRA,44,36,50,522.00,"26,100.00"
2021-03-14,2021031405008962,NIFRA,44,20,50,522.00,"26,100.00"
2021-03-14,2021031405008961,NIFRA,44,39,50,522.00,"26,100.00"
2021-03-14,2021031405008973,NIFRA,44,6,60,522.00,"31,320.00"
2021-03-14,2021031405008972,NIFRA,44,19,50,522.00,"26,100.00"
2021-03-14,2021031405008971,NIFRA,44,21,50,522.00,"26,100.00"
2021-03-14,2021031405008969,NIFRA,44,38,"1,020",522.00,"532,440.00"
2021-03-14,2021031405008968,NIFRA,44,43,200,522.00,"104,400.00"
2021-03-14,2021031405008967,NIFRA,42,43,500,522.00,"261,000.00"
2021-03-14,2021031405008980,NIFRA,14,45,10,522.00,"5,220.00"
2021-03-14,2021031405008979,NIFRA,14,45,50,522.00,"26,100.00"
2021-03-14,2021031405008977,NIFRA,14,3,50,522.00,"26,100.00"
2021-03-14,2021031405008976,NIFRA,17,3,10,522.00,"5,220.00"
2021-03-14,2021031405008975,NIFRA,17,25,60,522.00,"31,320.00"
2021-03-14,2021031405008974,NIFRA,49,45,10,523.00,"5,230.00"
2021-03-14,2021031405008986,NIFRA,53,8,20,522.00,"10,440.00"
2021-03-14,2021031405008985,NIFRA,53,21,50,522.00,"26,100.00"
2021-03-14,2021031405008984,NIFRA,53,14,50,522.00,"26,100.00"
2021-03-14,2021031405008983,NIFRA,53,6,50,522.00,"26,100.00"
2021-03-14,2021031405008982,NIFRA,53,45,30,522.00,"15,660.00"
2021-03-14,2021031405008981,NIFRA,14,45,20,522.00,"10,440.00"
2021-03-14,2021031405008993,NIFRA,21,45,200,522.00,"104,400.00"
2021-03-14,2021031405008992,NIFRA,21,45,500,522.00,"261,000.00"
2021-03-14,2021031405008991,NIFRA,21,45,860,522.00,"448,920.00"
2021-03-14,2021031405008989,NIFRA,21,49,50,522.00,"26,100.00"
2021-03-14,2021031405008988,NIFRA,21,28,50,522.00,"26,100.00"
2021-03-14,2021031405008987,NIFRA,21,8,40,522.00,"20,880.00"
2021-03-14,2021031405009000,NIFRA,56,28,50,522.00,"26,100.00"
2021-03-14,2021031405008999,NIFRA,56,21,40,522.00,"20,880.00"
2021-03-14,2021031405008998,NIFRA,42,21,10,522.00,"5,220.00"
2021-03-14,2021031405008996,NIFRA,42,45,40,522.00,"20,880.00"
2021-03-14,2021031405008995,NIFRA,1,45,100,522.00,"52,200.00"
2021-03-14,2021031405008994,NIFRA,22,45,300,522.00,"156,600.00"
2021-03-14,2021031405009006,NIFRA,58,52,10,522.00,"5,220.00"
2021-03-14,2021031405009005,NIFRA,58,4,50,522.00,"26,100.00"
2021-03-14,2021031405009004,NIFRA,58,39,30,522.00,"15,660.00"
2021-03-14,2021031405009003,NIFRA,33,39,30,522.00,"15,660.00"
2021-03-14,2021031405009002,NIFRA,38,50,50,522.00,"26,100.00"
2021-03-14,2021031405009001,NIFRA,56,50,10,522.00,"5,220.00"
2021-03-14,2021031405009012,NIFRA,43,45,180,523.00,"94,140.00"
2021-03-14,2021031405009011,NIFRA,42,10,50,522.00,"26,100.00"
2021-03-14,2021031405009010,NIFRA,42,21,20,522.00,"10,440.00"
2021-03-14,2021031405009009,NIFRA,22,21,40,522.00,"20,880.00"
2021-03-14,2021031405009008,NIFRA,22,57,10,522.00,"5,220.00"
2021-03-14,2021031405009007,NIFRA,21,57,50,522.00,"26,100.00"
2021-03-14,2021031405009020,NIFRA,57,58,40,522.00,"20,880.00"
2021-03-14,2021031405009019,NIFRA,42,58,10,522.00,"5,220.00"
2021-03-14,2021031405009018,NIFRA,42,36,60,522.00,"31,320.00"
2021-03-14,2021031405009017,NIFRA,42,1,50,522.00,"26,100.00"
2021-03-14,2021031405009016,NIFRA,8,45,200,523.00,"104,600.00"
2021-03-14,2021031405009014,NIFRA,42,36,60,522.00,"31,320.00"
2021-03-14,2021031405009028,NIFRA,13,57,60,522.00,"31,320.00"
2021-03-14,2021031405009027,NIFRA,25,58,500,522.00,"261,000.00"
2021-03-14,2021031405009026,NIFRA,13,45,50,522.00,"26,100.00"
2021-03-14,2021031405009023,NIFRA,13,21,10,522.00,"5,220.00"
2021-03-14,2021031405009022,NIFRA,51,21,50,522.00,"26,100.00"
2021-03-14,2021031405009021,NIFRA,57,36,60,522.00,"31,320.00"
2021-03-14,2021031405009034,NIFRA,42,42,50,522.00,"26,100.00"
2021-03-14,2021031405009033,NIFRA,55,38,20,522.00,"10,440.00"
2021-03-14,2021031405009032,NIFRA,29,38,20,522.00,"10,440.00"
2021-03-14,2021031405009031,NIFRA,13,38,20,522.00,"10,440.00"
2021-03-14,2021031405009030,NIFRA,13,41,300,522.00,"156,600.00"
2021-03-14,2021031405009029,NIFRA,13,36,60,522.00,"31,320.00"
2021-03-14,2021031405009040,NIFRA,57,45,5,522.00,"2,610.00"
2021-03-14,2021031405009039,NIFRA,57,51,40,522.00,"20,880.00"
2021-03-14,2021031405009038,NIFRA,32,51,10,522.00,"5,220.00"
2021-03-14,2021031405009037,NIFRA,32,21,30,522.00,"15,660.00"
2021-03-14,2021031405009036,NIFRA,32,21,60,522.00,"31,320.00"
2021-03-14,2021031405009035,NIFRA,51,42,70,522.00,"36,540.00"
2021-03-14,2021031405009046,NIFRA,6,45,150,522.00,"78,300.00"
2021-03-14,2021031405009045,NIFRA,36,45,25,522.00,"13,050.00"
2021-03-14,2021031405009044,NIFRA,21,39,23,522.00,"12,006.00"
2021-03-14,2021031405009043,NIFRA,59,39,27,522.00,"14,094.00"
2021-03-14,2021031405009042,NIFRA,1,39,10,522.00,"5,220.00"
2021-03-14,2021031405009041,NIFRA,32,45,500,523.00,"261,500.00"
2021-03-14,2021031405009052,NIFRA,29,21,50,522.00,"26,100.00"
2021-03-14,2021031405009051,NIFRA,50,45,100,523.00,"52,300.00"
2021-03-14,2021031405009050,NIFRA,29,57,30,522.00,"15,660.00"
2021-03-14,2021031405009049,NIFRA,29,25,10,522.00,"5,220.00"
2021-03-14,2021031405009048,NIFRA,32,45,25,523.00,"13,075.00"
2021-03-14,2021031405009047,NIFRA,29,45,25,522.00,"13,050.00"
2021-03-14,2021031405009059,PLI,11,57,10,725.00,"7,250.00"
2021-03-14,2021031405009056,PLI,11,48,10,725.00,"7,250.00"
2021-03-14,2021031405009024,PLI,11,21,10,725.00,"7,250.00"
2021-03-14,2021031405008997,PLI,11,48,10,725.00,"7,250.00"
2021-03-14,2021031405008978,PLI,42,39,10,726.00,"7,260.00"
2021-03-14,2021031405008970,PLI,11,20,10,725.00,"7,250.00"
2021-03-14,2021031405008573,PLI,35,45,10,729.00,"7,290.00"
2021-03-14,2021031405008572,PLI,35,38,10,729.00,"7,290.00"
2021-03-14,2021031405008599,PLI,21,45,10,729.00,"7,290.00"
2021-03-14,2021031405008593,PLI,49,48,10,728.00,"7,280.00"
2021-03-14,2021031405008592,PLI,49,41,10,728.00,"7,280.00"
2021-03-14,2021031405008582,PLI,44,58,10,728.00,"7,280.00"
2021-03-14,2021031405008575,PLI,35,41,10,729.00,"7,290.00"
2021-03-14,2021031405008574,PLI,35,29,10,729.00,"7,290.00"
2021-03-14,2021031405008621,PLI,57,38,10,728.00,"7,280.00"
2021-03-14,2021031405008620,PLI,57,38,10,728.00,"7,280.00"
2021-03-14,2021031405008612,PLI,49,14,10,728.00,"7,280.00"
2021-03-14,2021031405008610,PLI,59,45,10,730.00,"7,300.00"
2021-03-14,2021031405008609,PLI,59,41,10,730.00,"7,300.00"
2021-03-14,2021031405008608,PLI,59,45,10,730.00,"7,300.00"
2021-03-14,2021031405008677,PLI,57,36,10,728.00,"7,280.00"
2021-03-14,2021031405008654,PLI,19,8,10,730.00,"7,300.00"
2021-03-14,2021031405008651,PLI,57,50,10,728.00,"7,280.00"
2021-03-14,2021031405008646,PLI,57,58,10,728.00,"7,280.00"
2021-03-14,2021031405008639,PLI,57,48,10,728.00,"7,280.00"
2021-03-14,2021031405008626,PLI,57,41,10,728.00,"7,280.00"
2021-03-14,2021031405008713,PLI,42,36,10,728.00,"7,280.00"
2021-03-14,2021031405008703,PLI,42,1,10,728.00,"7,280.00"
2021-03-14,2021031405008698,PLI,42,11,10,728.00,"7,280.00"
2021-03-14,2021031405008696,PLI,53,39,10,728.00,"7,280.00"
2021-03-14,2021031405008691,PLI,57,36,10,728.00,"7,280.00"
2021-03-14,2021031405008678,PLI,57,38,10,728.00,"7,280.00"
2021-03-14,2021031405008732,PLI,42,44,10,728.00,"7,280.00"
2021-03-14,2021031405008726,PLI,42,11,10,728.00,"7,280.00"
2021-03-14,2021031405008724,PLI,42,36,10,728.00,"7,280.00"
2021-03-14,2021031405008721,PLI,42,42,10,728.00,"7,280.00"
2021-03-14,2021031405008719,PLI,42,48,10,728.00,"7,280.00"
2021-03-14,2021031405008714,PLI,42,42,10,728.00,"7,280.00"
2021-03-14,2021031405008755,PLI,45,57,10,730.00,"7,300.00"
2021-03-14,2021031405008754,PLI,45,4,10,730.00,"7,300.00"
2021-03-14,2021031405008753,PLI,45,32,10,730.00,"7,300.00"
2021-03-14,2021031405008752,PLI,45,55,10,730.00,"7,300.00"
2021-03-14,2021031405008751,PLI,41,39,10,728.00,"7,280.00"
2021-03-14,2021031405008750,PLI,42,49,10,728.00,"7,280.00"
2021-03-14,2021031405008761,PLI,45,39,100,730.00,"73,000.00"
2021-03-14,2021031405008760,PLI,45,54,10,730.00,"7,300.00"
2021-03-14,2021031405008759,PLI,45,49,10,730.00,"7,300.00"
2021-03-14,2021031405008758,PLI,45,1,10,730.00,"7,300.00"
2021-03-14,2021031405008757,PLI,45,6,10,730.00,"7,300.00"
2021-03-14,2021031405008756,PLI,45,41,100,730.00,"73,000.00"
2021-03-14,2021031405008767,PLI,45,36,10,730.00,"7,300.00"
2021-03-14,2021031405008766,PLI,45,57,10,730.00,"7,300.00"
2021-03-14,2021031405008765,PLI,45,49,10,730.00,"7,300.00"
2021-03-14,2021031405008764,PLI,45,46,10,730.00,"7,300.00"
2021-03-14,2021031405008763,PLI,45,41,100,730.00,"73,000.00"
2021-03-14,2021031405008762,PLI,45,58,10,730.00,"7,300.00"
2021-03-14,2021031405008783,PLI,58,29,10,728.00,"7,280.00"
2021-03-14,2021031405008782,PLI,42,29,15,728.00,"10,920.00"
2021-03-14,2021031405008781,PLI,36,29,10,728.00,"7,280.00"
2021-03-14,2021031405008780,PLI,41,29,40,728.00,"29,120.00"
2021-03-14,2021031405008779,PLI,45,29,760,730.00,"554,800.00"
2021-03-14,2021031405008777,PLI,45,36,10,730.00,"7,300.00"
2021-03-14,2021031405008789,PLI,26,29,100,726.00,"72,600.00"
2021-03-14,2021031405008788,PLI,36,29,100,726.00,"72,600.00"
2021-03-14,2021031405008787,PLI,57,29,10,727.00,"7,270.00"
2021-03-14,2021031405008786,PLI,42,29,20,727.00,"14,540.00"
2021-03-14,2021031405008785,PLI,3,29,50,727.00,"36,350.00"
2021-03-14,2021031405008784,PLI,50,29,590,727.00,"428,930.00"
2021-03-14,2021031405008829,PLI,26,48,10,726.00,"7,260.00"
2021-03-14,2021031405008820,PLI,26,48,10,726.00,"7,260.00"
2021-03-14,2021031405008811,PLI,26,56,10,726.00,"7,260.00"
2021-03-14,2021031405008796,PLI,26,58,10,726.00,"7,260.00"
2021-03-14,2021031405008791,PLI,26,29,55,726.00,"39,930.00"
2021-03-14,2021031405008790,PLI,35,29,200,726.00,"145,200.00"
2021-03-14,2021031405008864,PLI,13,48,10,725.00,"7,250.00"
2021-03-14,2021031405008859,PLI,13,19,10,725.00,"7,250.00"
2021-03-14,2021031405008857,PLI,13,25,10,725.00,"7,250.00"
2021-03-14,2021031405008853,PLI,13,48,10,725.00,"7,250.00"
2021-03-14,2021031405008847,PLI,16,48,10,726.00,"7,260.00"
2021-03-14,2021031405008831,PLI,39,48,10,726.00,"7,260.00"
2021-03-14,2021031405008883,PLI,48,48,10,725.00,"7,250.00"
2021-03-14,2021031405008882,PLI,48,44,10,725.00,"7,250.00"
2021-03-14,2021031405008881,PLI,48,14,10,725.00,"7,250.00"
2021-03-14,2021031405008876,PLI,48,20,10,725.00,"7,250.00"
2021-03-14,2021031405008874,PLI,48,48,10,725.00,"7,250.00"
2021-03-14,2021031405008869,PLI,13,58,10,725.00,"7,250.00"
2021-03-14,2021031405008926,PLI,11,48,10,725.00,"7,250.00"
2021-03-14,2021031405008919,PLI,48,38,10,725.00,"7,250.00"
2021-03-14,2021031405008909,PLI,48,48,10,725.00,"7,250.00"
2021-03-14,2021031405008907,PLI,48,58,10,725.00,"7,250.00"
2021-03-14,2021031405008903,PLI,48,48,10,725.00,"7,250.00"
2021-03-14,2021031405008890,PLI,48,41,10,725.00,"7,250.00"
2021-03-14,2021031405008960,PLI,11,25,10,725.00,"7,250.00"
2021-03-14,2021031405008957,PLI,11,8,10,725.00,"7,250.00"
2021-03-14,2021031405008956,PLI,11,48,10,725.00,"7,250.00"
2021-03-14,2021031405008942,PLI,25,39,40,726.00,"29,040.00"
2021-03-14,2021031405008941,PLI,25,42,10,726.00,"7,260.00"
2021-03-14,2021031405008936,PLI,11,48,10,725.00,"7,250.00"
2021-03-14,2021031405008533,CGH,57,58,10,884.00,"8,840.00"
2021-03-14,2021031405008529,CGH,57,38,10,884.00,"8,840.00"
2021-03-14,2021031405008456,CGH,57,58,10,884.00,"8,840.00"
2021-03-14,2021031405008414,CGH,57,38,10,884.00,"8,840.00"
2021-03-14,2021031405008389,CGH,57,58,10,884.00,"8,840.00"
2021-03-14,2021031405008315,CGH,57,58,10,884.00,"8,840.00"
2021-03-14,2021031405008267,CGH,57,21,10,884.00,"8,840.00"
2021-03-14,2021031405008231,CGH,57,45,10,884.00,"8,840.00"
2021-03-14,2021031405008225,CGH,57,58,10,884.00,"8,840.00"
2021-03-14,2021031405008153,CGH,57,58,10,884.00,"8,840.00"
2021-03-14,2021031405008126,CGH,57,45,10,884.00,"8,840.00"
2021-03-14,2021031405008560,NIFRA,25,44,50,523.00,"26,150.00"
2021-03-14,2021031405008559,NIFRA,58,41,50,524.00,"26,200.00"
2021-03-14,2021031405008558,NIFRA,25,6,60,523.00,"31,380.00"
2021-03-14,2021031405008557,NIFRA,25,39,50,523.00,"26,150.00"
2021-03-14,2021031405008556,NIFRA,25,14,30,523.00,"15,690.00"
2021-03-14,2021031405008555,NIFRA,34,14,30,523.00,"15,690.00"
2021-03-14,2021031405008067,NIFRA,50,28,50,522.00,"26,100.00"
2021-03-14,2021031405008066,NIFRA,1,42,10,523.00,"5,230.00"
2021-03-14,2021031405008065,NIFRA,1,21,40,523.00,"20,920.00"
2021-03-14,2021031405008064,NIFRA,56,21,10,523.00,"5,230.00"
2021-03-14,2021031405008063,NIFRA,56,11,30,523.00,"15,690.00"
2021-03-14,2021031405008074,NIFRA,50,17,50,522.00,"26,100.00"
2021-03-14,2021031405008073,NIFRA,56,42,40,523.00,"20,920.00"
2021-03-14,2021031405008072,NIFRA,50,57,60,522.00,"31,320.00"
2021-03-14,2021031405008071,NIFRA,50,57,60,522.00,"31,320.00"
2021-03-14,2021031405008070,NIFRA,50,58,50,522.00,"26,100.00"
2021-03-14,2021031405008068,NIFRA,50,34,50,522.00,"26,100.00"
2021-03-14,2021031405008080,NIFRA,57,45,200,522.00,"104,400.00"
2021-03-14,2021031405008079,NIFRA,45,45,20,522.00,"10,440.00"
2021-03-14,2021031405008078,NIFRA,45,45,50,522.00,"26,100.00"
2021-03-14,2021031405008077,NIFRA,22,45,450,522.00,"234,900.00"
2021-03-14,2021031405008076,NIFRA,22,42,50,522.00,"26,100.00"
2021-03-14,2021031405008075,NIFRA,50,45,55,522.00,"28,710.00"
2021-03-14,2021031405008086,NIFRA,38,45,20,522.00,"10,440.00"
2021-03-14,2021031405008085,NIFRA,28,45,200,522.00,"104,400.00"
2021-03-14,2021031405008084,NIFRA,58,45,32,522.00,"16,704.00"
2021-03-14,2021031405008083,NIFRA,56,45,100,522.00,"52,200.00"
2021-03-14,2021031405008082,NIFRA,57,45,10,522.00,"5,220.00"
2021-03-14,2021031405008081,NIFRA,55,45,20,522.00,"10,440.00"
2021-03-14,2021031405008092,NIFRA,13,28,50,522.00,"26,100.00"
2021-03-14,2021031405008091,NIFRA,4,45,498,522.00,"259,956.00"
2021-03-14,2021031405008090,NIFRA,36,45,200,522.00,"104,400.00"
2021-03-14,2021031405008089,NIFRA,55,45,50,522.00,"26,100.00"
2021-03-14,2021031405008088,NIFRA,34,45,150,522.00,"78,300.00"
2021-03-14,2021031405008087,NIFRA,22,45,20,522.00,"10,440.00"
2021-03-14,2021031405008100,NIFRA,18,46,50,522.00,"26,100.00"
2021-03-14,2021031405008099,NIFRA,44,46,35,523.00,"18,305.00"
2021-03-14,2021031405008098,NIFRA,56,46,10,523.00,"5,230.00"
2021-03-14,2021031405008097,NIFRA,56,41,40,523.00,"20,920.00"
2021-03-14,2021031405008096,NIFRA,18,44,60,522.00,"31,320.00"
2021-03-14,2021031405008095,NIFRA,18,20,60,522.00,"31,320.00"
2021-03-14,2021031405008107,NIFRA,58,29,60,523.00,"31,380.00"
2021-03-14,2021031405008106,NIFRA,58,46,30,523.00,"15,690.00"
2021-03-14,2021031405008105,NIFRA,25,28,60,522.00,"31,320.00"
2021-03-14,2021031405008104,NIFRA,25,48,20,522.00,"10,440.00"
2021-03-14,2021031405008103,NIFRA,18,48,30,522.00,"15,660.00"
2021-03-14,2021031405008101,NIFRA,18,21,50,522.00,"26,100.00"
2021-03-14,2021031405008113,NIFRA,54,59,150,522.00,"78,300.00"
2021-03-14,2021031405008112,NIFRA,21,59,10,522.00,"5,220.00"
2021-03-14,2021031405008111,NIFRA,10,59,"1,000",522.00,"522,000.00"
2021-03-14,2021031405008110,NIFRA,29,59,20,522.00,"10,440.00"
2021-03-14,2021031405008109,NIFRA,25,59,120,522.00,"62,640.00"
2021-03-14,2021031405008108,NIFRA,58,49,110,523.00,"57,530.00"
2021-03-14,2021031405008119,NIFRA,29,59,100,522.00,"52,200.00"
2021-03-14,2021031405008118,NIFRA,42,59,10,522.00,"5,220.00"
2021-03-14,2021031405008117,NIFRA,1,59,40,522.00,"20,880.00"
2021-03-14,2021031405008116,NIFRA,46,59,10,522.00,"5,220.00"
2021-03-14,2021031405008115,NIFRA,14,59,20,522.00,"10,440.00"
2021-03-14,2021031405008114,NIFRA,20,59,800,522.00,"417,600.00"
2021-03-14,2021031405008125,NIFRA,51,59,500,522.00,"261,000.00"
2021-03-14,2021031405008124,NIFRA,19,59,400,522.00,"208,800.00"
2021-03-14,2021031405008123,NIFRA,33,59,20,522.00,"10,440.00"
2021-03-14,2021031405008122,NIFRA,41,59,200,522.00,"104,400.00"
2021-03-14,2021031405008121,NIFRA,57,59,45,522.00,"23,490.00"
2021-03-14,2021031405008120,NIFRA,42,59,120,522.00,"62,640.00"
2021-03-14,2021031405008135,NIFRA,5,19,40,521.00,"20,840.00"
2021-03-14,2021031405008134,NIFRA,5,51,10,521.00,"5,210.00"
2021-03-14,2021031405008133,NIFRA,19,51,50,521.00,"26,050.00"
2021-03-14,2021031405008132,NIFRA,41,59,200,522.00,"104,400.00"
2021-03-14,2021031405008130,NIFRA,41,59,100,522.00,"52,200.00"
2021-03-14,2021031405008128,NIFRA,16,59,50,522.00,"26,100.00"
2021-03-14,2021031405008143,NIFRA,16,52,10,521.00,"5,210.00"
2021-03-14,2021031405008142,NIFRA,16,48,60,521.00,"31,260.00"
2021-03-14,2021031405008140,NIFRA,53,59,230,522.00,"120,060.00"
2021-03-14,2021031405008138,NIFRA,16,19,140,521.00,"72,940.00"
2021-03-14,2021031405008137,NIFRA,45,19,60,521.00,"31,260.00"
2021-03-14,2021031405008136,NIFRA,22,19,10,521.00,"5,210.00"
2021-03-14,2021031405008151,NIFRA,16,10,50,521.00,"26,050.00"
2021-03-14,2021031405008150,NIFRA,39,59,100,522.00,"52,200.00"
2021-03-14,2021031405008148,NIFRA,16,39,60,521.00,"31,260.00"
2021-03-14,2021031405008147,NIFRA,56,59,50,522.00,"26,100.00"
2021-03-14,2021031405008146,NIFRA,16,57,50,521.00,"26,050.00"
2021-03-14,2021031405008144,NIFRA,16,44,50,521.00,"26,050.00"
2021-03-14,2021031405008160,NIFRA,41,25,10,521.00,"5,210.00"
2021-03-14,2021031405008159,NIFRA,16,25,30,521.00,"15,630.00"
2021-03-14,2021031405008157,NIFRA,16,48,50,521.00,"26,050.00"
2021-03-14,2021031405008155,NIFRA,16,16,20,521.00,"10,420.00"
2021-03-14,2021031405008154,NIFRA,16,16,30,521.00,"15,630.00"
2021-03-14,2021031405008152,NIFRA,16,34,50,521.00,"26,050.00"
2021-03-14,2021031405008167,NIFRA,6,16,50,521.00,"26,050.00"
2021-03-14,2021031405008165,NIFRA,6,16,60,521.00,"31,260.00"
2021-03-14,2021031405008164,NIFRA,6,10,20,521.00,"10,420.00"
2021-03-14,2021031405008163,NIFRA,6,19,50,521.00,"26,050.00"
2021-03-14,2021031405008162,NIFRA,6,44,50,521.00,"26,050.00"
2021-03-14,2021031405008161,NIFRA,6,25,10,521.00,"5,210.00"
2021-03-14,2021031405008173,NIFRA,6,47,50,521.00,"26,050.00"
2021-03-14,2021031405008172,NIFRA,6,44,60,521.00,"31,260.00"
2021-03-14,2021031405008171,NIFRA,6,51,20,521.00,"10,420.00"
2021-03-14,2021031405008170,NIFRA,6,51,30,521.00,"15,630.00"
2021-03-14,2021031405008169,NIFRA,42,59,100,522.00,"52,200.00"
2021-03-14,2021031405008168,NIFRA,6,36,30,521.00,"15,630.00"
2021-03-14,2021031405008180,NIFRA,6,42,50,521.00,"26,050.00"
2021-03-14,2021031405008179,NIFRA,6,59,50,522.00,"26,100.00"
2021-03-14,2021031405008178,NIFRA,6,49,10,521.00,"5,210.00"
2021-03-14,2021031405008177,NIFRA,6,57,50,521.00,"26,050.00"
2021-03-14,2021031405008176,NIFRA,35,59,200,522.00,"104,400.00"
2021-03-14,2021031405008175,NIFRA,58,59,250,522.00,"130,500.00"
2021-03-14,2021031405008186,NIFRA,45,10,50,521.00,"26,050.00"
2021-03-14,2021031405008185,NIFRA,52,10,100,521.00,"52,100.00"
2021-03-14,2021031405008184,NIFRA,39,10,"1,040",521.00,"541,840.00"
2021-03-14,2021031405008183,NIFRA,34,10,40,521.00,"20,840.00"
2021-03-14,2021031405008182,NIFRA,34,34,60,521.00,"31,260.00"
2021-03-14,2021031405008181,NIFRA,6,28,60,521.00,"31,260.00"
2021-03-14,2021031405008192,NIFRA,6,10,50,521.00,"26,050.00"
2021-03-14,2021031405008191,NIFRA,32,10,25,521.00,"13,025.00"
2021-03-14,2021031405008190,NIFRA,41,10,50,521.00,"26,050.00"
2021-03-14,2021031405008189,NIFRA,21,10,20,521.00,"10,420.00"
2021-03-14,2021031405008188,NIFRA,34,10,200,521.00,"104,200.00"
2021-03-14,2021031405008187,NIFRA,44,10,40,521.00,"20,840.00"
2021-03-14,2021031405008198,NIFRA,1,10,100,521.00,"52,100.00"
2021-03-14,2021031405008197,NIFRA,50,10,33,521.00,"17,193.00"
2021-03-14,2021031405008196,NIFRA,22,10,40,521.00,"20,840.00"
2021-03-14,2021031405008195,NIFRA,45,10,100,521.00,"52,100.00"
2021-03-14,2021031405008194,NIFRA,19,10,52,521.00,"27,092.00"
2021-03-14,2021031405008193,NIFRA,58,10,40,521.00,"20,840.00"
2021-03-14,2021031405008204,NIFRA,18,10,250,521.00,"130,250.00"
2021-03-14,2021031405008203,NIFRA,3,10,20,521.00,"10,420.00"
2021-03-14,2021031405008202,NIFRA,49,10,200,521.00,"104,200.00"
2021-03-14,2021031405008201,NIFRA,54,10,50,521.00,"26,050.00"
2021-03-14,2021031405008200,NIFRA,59,10,100,521.00,"52,100.00"
2021-03-14,2021031405008199,NIFRA,19,10,600,521.00,"312,600.00"
2021-03-14,2021031405008210,NIFRA,22,10,"1,000",521.00,"521,000.00"
2021-03-14,2021031405008209,NIFRA,45,10,40,521.00,"20,840.00"
2021-03-14,2021031405008208,NIFRA,45,10,120,521.00,"62,520.00"
2021-03-14,2021031405008207,NIFRA,28,10,100,521.00,"52,100.00"
2021-03-14,2021031405008206,NIFRA,18,10,100,521.00,"52,100.00"
2021-03-14,2021031405008205,NIFRA,21,10,50,521.00,"26,050.00"
2021-03-14,2021031405008216,NIFRA,20,14,50,521.00,"26,050.00"
2021-03-14,2021031405008215,NIFRA,20,10,40,521.00,"20,840.00"
2021-03-14,2021031405008214,NIFRA,45,10,10,521.00,"5,210.00"
2021-03-14,2021031405008213,NIFRA,29,10,20,521.00,"10,420.00"
2021-03-14,2021031405008212,NIFRA,33,10,10,521.00,"5,210.00"
2021-03-14,2021031405008211,NIFRA,57,10,10,521.00,"5,210.00"
2021-03-14,2021031405008223,NIFRA,20,51,60,521.00,"31,260.00"
2021-03-14,2021031405008222,NIFRA,20,16,60,521.00,"31,260.00"
2021-03-14,2021031405008221,NIFRA,20,44,50,521.00,"26,050.00"
2021-03-14,2021031405008220,NIFRA,20,47,50,521.00,"26,050.00"
2021-03-14,2021031405008219,NIFRA,20,57,50,521.00,"26,050.00"
2021-03-14,2021031405008217,NIFRA,20,48,60,521.00,"31,260.00"
2021-03-14,2021031405008232,NIFRA,57,36,20,521.00,"10,420.00"
2021-03-14,2021031405008229,NIFRA,57,26,50,521.00,"26,050.00"
2021-03-14,2021031405008228,NIFRA,57,19,90,521.00,"46,890.00"
2021-03-14,2021031405008227,NIFRA,20,19,460,521.00,"239,660.00"
2021-03-14,2021031405008226,NIFRA,20,50,60,521.00,"31,260.00"
2021-03-14,2021031405008224,NIFRA,20,11,60,521.00,"31,260.00"
2021-03-14,2021031405008238,NIFRA,21,11,40,521.00,"20,840.00"
2021-03-14,2021031405008237,NIFRA,21,16,50,521.00,"26,050.00"
2021-03-14,2021031405008236,NIFRA,21,47,10,521.00,"5,210.00"
2021-03-14,2021031405008235,NIFRA,57,47,40,521.00,"20,840.00"
2021-03-14,2021031405008234,NIFRA,57,21,50,521.00,"26,050.00"
2021-03-14,2021031405008233,NIFRA,57,44,50,521.00,"26,050.00"
2021-03-14,2021031405008246,NIFRA,49,50,100,521.00,"52,100.00"
2021-03-14,2021031405008245,NIFRA,42,50,100,521.00,"52,100.00"
2021-03-14,2021031405008243,NIFRA,57,33,40,521.00,"20,840.00"
2021-03-14,2021031405008242,NIFRA,13,33,10,521.00,"5,210.00"
2021-03-14,2021031405008241,NIFRA,49,59,25,522.00,"13,050.00"
2021-03-14,2021031405008239,NIFRA,21,11,10,521.00,"5,210.00"
2021-03-14,2021031405008253,NIFRA,17,45,50,521.00,"26,050.00"
2021-03-14,2021031405008252,NIFRA,17,21,50,521.00,"26,050.00"
2021-03-14,2021031405008251,NIFRA,17,16,60,521.00,"31,260.00"
2021-03-14,2021031405008250,NIFRA,17,45,50,521.00,"26,050.00"
2021-03-14,2021031405008248,NIFRA,17,50,150,521.00,"78,150.00"
2021-03-14,2021031405008247,NIFRA,58,50,200,521.00,"104,200.00"
2021-03-14,2021031405008261,NIFRA,17,6,50,521.00,"26,050.00"
2021-03-14,2021031405008260,NIFRA,17,28,60,521.00,"31,260.00"
2021-03-14,2021031405008259,NIFRA,17,58,60,521.00,"31,260.00"
2021-03-14,2021031405008258,NIFRA,17,40,60,521.00,"31,260.00"
2021-03-14,2021031405008255,NIFRA,17,56,50,521.00,"26,050.00"
2021-03-14,2021031405008254,NIFRA,17,21,50,521.00,"26,050.00"
2021-03-14,2021031405008268,NIFRA,17,47,60,521.00,"31,260.00"
2021-03-14,2021031405008266,NIFRA,17,51,30,521.00,"15,630.00"
2021-03-14,2021031405008265,NIFRA,48,59,20,522.00,"10,440.00"
2021-03-14,2021031405008264,NIFRA,17,44,100,521.00,"52,100.00"
2021-03-14,2021031405008263,NIFRA,17,16,60,521.00,"31,260.00"
2021-03-14,2021031405008262,NIFRA,17,32,50,521.00,"26,050.00"
2021-03-14,2021031405008276,NIFRA,5,51,50,521.00,"26,050.00"
2021-03-14,2021031405008274,NIFRA,5,36,20,521.00,"10,420.00"
2021-03-14,2021031405008273,NIFRA,5,16,50,521.00,"26,050.00"
2021-03-14,2021031405008272,NIFRA,5,53,30,521.00,"15,630.00"
2021-03-14,2021031405008270,NIFRA,5,57,40,521.00,"20,840.00"
2021-03-14,2021031405008269,NIFRA,17,57,10,521.00,"5,210.00"
2021-03-14,2021031405008284,NIFRA,5,25,50,521.00,"26,050.00"
2021-03-14,2021031405008282,NIFRA,5,16,60,521.00,"31,260.00"
2021-03-14,2021031405008281,NIFRA,32,59,"4,000",522.00,"2,088,000.00"
2021-03-14,2021031405008280,NIFRA,5,47,50,521.00,"26,050.00"
2021-03-14,2021031405008279,NIFRA,5,35,50,521.00,"26,050.00"
2021-03-14,2021031405008277,NIFRA,34,59,25,522.00,"13,050.00"
2021-03-14,2021031405008291,NIFRA,5,44,50,521.00,"26,050.00"
2021-03-14,2021031405008290,NIFRA,5,58,50,521.00,"26,050.00"
2021-03-14,2021031405008289,NIFRA,5,50,10,521.00,"5,210.00"
2021-03-14,2021031405008288,NIFRA,5,16,60,521.00,"31,260.00"
2021-03-14,2021031405008287,NIFRA,5,58,60,521.00,"31,260.00"
2021-03-14,2021031405008285,NIFRA,5,52,60,521.00,"31,260.00"
2021-03-14,2021031405008297,NIFRA,5,49,30,521.00,"15,630.00"
2021-03-14,2021031405008296,NIFRA,5,38,60,521.00,"31,260.00"
2021-03-14,2021031405008295,NIFRA,5,39,60,521.00,"31,260.00"
2021-03-14,2021031405008294,NIFRA,5,44,50,521.00,"26,050.00"
2021-03-14,2021031405008293,NIFRA,5,45,60,521.00,"31,260.00"
2021-03-14,2021031405008292,NIFRA,5,3,50,521.00,"26,050.00"
2021-03-14,2021031405008303,NIFRA,4,57,20,521.00,"10,420.00"
2021-03-14,2021031405008302,NIFRA,39,57,30,521.00,"15,630.00"
2021-03-14,2021031405008301,NIFRA,39,16,30,521.00,"15,630.00"
2021-03-14,2021031405008300,NIFRA,46,16,20,521.00,"10,420.00"
2021-03-14,2021031405008299,NIFRA,46,21,10,521.00,"5,210.00"
2021-03-14,2021031405008298,NIFRA,46,49,20,521.00,"10,420.00"
2021-03-14,2021031405008309,NIFRA,25,6,30,521.00,"15,630.00"
2021-03-14,2021031405008308,NIFRA,21,6,30,521.00,"15,630.00"
2021-03-14,2021031405008307,NIFRA,21,44,20,521.00,"10,420.00"
2021-03-14,2021031405008306,NIFRA,58,44,40,521.00,"20,840.00"
2021-03-14,2021031405008305,NIFRA,4,38,60,521.00,"31,260.00"
2021-03-14,2021031405008304,NIFRA,4,45,20,521.00,"10,420.00"
2021-03-14,2021031405008316,NIFRA,5,26,10,521.00,"5,210.00"
2021-03-14,2021031405008314,NIFRA,5,58,60,521.00,"31,260.00"
2021-03-14,2021031405008313,NIFRA,5,50,10,521.00,"5,210.00"
2021-03-14,2021031405008312,NIFRA,40,50,50,521.00,"26,050.00"
2021-03-14,2021031405008311,NIFRA,40,41,50,521.00,"26,050.00"
2021-03-14,2021031405008310,NIFRA,59,59,50,522.00,"26,100.00"
2021-03-14,2021031405008324,NIFRA,5,34,50,521.00,"26,050.00"
2021-03-14,2021031405008322,NIFRA,5,16,50,521.00,"26,050.00"
2021-03-14,2021031405008321,NIFRA,5,38,50,521.00,"26,050.00"
2021-03-14,2021031405008320,NIFRA,5,10,50,521.00,"26,050.00"
2021-03-14,2021031405008319,NIFRA,5,21,60,521.00,"31,260.00"
2021-03-14,2021031405008318,NIFRA,5,49,30,521.00,"15,630.00"
2021-03-14,2021031405008332,NIFRA,5,32,50,521.00,"26,050.00"
2021-03-14,2021031405008331,NIFRA,5,26,20,521.00,"10,420.00"
2021-03-14,2021031405008330,NIFRA,5,16,50,521.00,"26,050.00"
2021-03-14,2021031405008329,NIFRA,5,10,60,521.00,"31,260.00"
2021-03-14,2021031405008328,NIFRA,5,41,30,521.00,"15,630.00"
2021-03-14,2021031405008327,NIFRA,5,58,50,521.00,"26,050.00"
2021-03-14,2021031405008340,NIFRA,5,57,50,521.00,"26,050.00"
2021-03-14,2021031405008337,NIFRA,5,39,50,521.00,"26,050.00"
2021-03-14,2021031405008336,NIFRA,6,59,500,522.00,"261,000.00"
2021-03-14,2021031405008335,NIFRA,5,8,50,521.00,"26,050.00"
2021-03-14,2021031405008334,NIFRA,5,57,50,521.00,"26,050.00"
2021-03-14,2021031405008333,NIFRA,5,58,110,521.00,"57,310.00"
2021-03-14,2021031405008347,NIFRA,58,8,25,521.00,"13,025.00"
2021-03-14,2021031405008346,NIFRA,8,8,15,521.00,"7,815.00"
2021-03-14,2021031405008345,NIFRA,5,8,10,521.00,"5,210.00"
2021-03-14,2021031405008344,NIFRA,32,59,100,522.00,"52,200.00"
2021-03-14,2021031405008342,NIFRA,5,6,50,521.00,"26,050.00"
2021-03-14,2021031405008341,NIFRA,47,59,60,522.00,"31,320.00"
2021-03-14,2021031405008354,NIFRA,17,58,13,521.00,"6,773.00"
2021-03-14,2021031405008353,NIFRA,17,11,60,521.00,"31,260.00"
2021-03-14,2021031405008352,NIFRA,17,25,25,521.00,"13,025.00"
2021-03-14,2021031405008351,NIFRA,58,25,25,521.00,"13,025.00"
2021-03-14,2021031405008349,NIFRA,43,59,10,522.00,"5,220.00"
2021-03-14,2021031405008348,NIFRA,58,4,50,521.00,"26,050.00"
2021-03-14,2021031405008360,NIFRA,47,44,25,521.00,"13,025.00"
2021-03-14,2021031405008359,NIFRA,53,44,25,521.00,"13,025.00"
2021-03-14,2021031405008358,NIFRA,53,53,50,521.00,"26,050.00"
2021-03-14,2021031405008357,NIFRA,53,44,25,521.00,"13,025.00"
2021-03-14,2021031405008356,NIFRA,17,58,50,521.00,"26,050.00"
2021-03-14,2021031405008355,NIFRA,17,44,50,521.00,"26,050.00"
2021-03-14,2021031405008366,NIFRA,47,48,50,521.00,"26,050.00"
2021-03-14,2021031405008365,NIFRA,47,11,50,521.00,"26,050.00"
2021-03-14,2021031405008364,NIFRA,47,33,50,521.00,"26,050.00"
2021-03-14,2021031405008363,NIFRA,47,49,60,521.00,"31,260.00"
2021-03-14,2021031405008362,NIFRA,47,58,10,521.00,"5,210.00"
2021-03-14,2021031405008361,NIFRA,47,41,60,521.00,"31,260.00"
2021-03-14,2021031405008373,NIFRA,47,45,60,521.00,"31,260.00"
2021-03-14,2021031405008372,NIFRA,47,50,50,521.00,"26,050.00"
2021-03-14,2021031405008371,NIFRA,47,39,50,521.00,"26,050.00"
2021-03-14,2021031405008369,NIFRA,47,44,50,521.00,"26,050.00"
2021-03-14,2021031405008368,NIFRA,47,25,10,521.00,"5,210.00"
2021-03-14,2021031405008367,NIFRA,47,58,50,521.00,"26,050.00"
2021-03-14,2021031405008380,NIFRA,47,45,50,521.00,"26,050.00"
2021-03-14,2021031405008379,NIFRA,47,58,60,521.00,"31,260.00"
2021-03-14,2021031405008378,NIFRA,42,36,450,522.00,"234,900.00"
2021-03-14,2021031405008377,NIFRA,42,44,60,522.00,"31,320.00"
2021-03-14,2021031405008376,NIFRA,42,59,315,522.00,"164,430.00"
2021-03-14,2021031405008374,NIFRA,47,38,50,521.00,"26,050.00"
2021-03-14,2021031405008386,NIFRA,36,33,20,521.00,"10,420.00"
2021-03-14,2021031405008385,NIFRA,47,38,45,521.00,"23,445.00"
2021-03-14,2021031405008384,NIFRA,47,49,50,521.00,"26,050.00"
2021-03-14,2021031405008383,NIFRA,47,58,50,521.00,"26,050.00"
2021-03-14,2021031405008382,NIFRA,47,37,60,521.00,"31,260.00"
2021-03-14,2021031405008381,NIFRA,47,44,60,521.00,"31,260.00"
2021-03-14,2021031405008393,NIFRA,48,25,260,521.00,"135,460.00"
2021-03-14,2021031405008392,NIFRA,48,52,10,521.00,"5,210.00"
2021-03-14,2021031405008391,NIFRA,48,44,50,521.00,"26,050.00"
2021-03-14,2021031405008390,NIFRA,34,36,65,522.00,"33,930.00"
2021-03-14,2021031405008388,NIFRA,48,44,50,521.00,"26,050.00"
2021-03-14,2021031405008387,NIFRA,48,33,40,521.00,"20,840.00"
2021-03-14,2021031405008399,NIFRA,6,32,60,521.00,"31,260.00"
2021-03-14,2021031405008398,NIFRA,6,4,60,521.00,"31,260.00"
2021-03-14,2021031405008397,NIFRA,6,33,10,521.00,"5,210.00"
2021-03-14,2021031405008396,NIFRA,48,33,40,521.00,"20,840.00"
2021-03-14,2021031405008395,NIFRA,48,58,50,521.00,"26,050.00"
2021-03-14,2021031405008394,NIFRA,58,36,600,522.00,"313,200.00"
2021-03-14,2021031405008405,NIFRA,6,37,60,521.00,"31,260.00"
2021-03-14,2021031405008404,NIFRA,6,34,10,521.00,"5,210.00"
2021-03-14,2021031405008403,NIFRA,6,44,50,521.00,"26,050.00"
2021-03-14,2021031405008402,NIFRA,6,44,50,521.00,"26,050.00"
2021-03-14,2021031405008401,NIFRA,6,38,50,521.00,"26,050.00"
2021-03-14,2021031405008400,NIFRA,6,17,50,521.00,"26,050.00"
2021-03-14,2021031405008411,NIFRA,34,37,275,521.00,"143,275.00"
2021-03-14,2021031405008410,NIFRA,45,37,300,521.00,"156,300.00"
2021-03-14,2021031405008409,NIFRA,6,37,100,521.00,"52,100.00"
2021-03-14,2021031405008408,NIFRA,35,37,200,521.00,"104,200.00"
2021-03-14,2021031405008407,NIFRA,52,37,50,521.00,"26,050.00"
2021-03-14,2021031405008406,NIFRA,53,37,15,521.00,"7,815.00"
2021-03-14,2021031405008420,NIFRA,57,36,30,522.00,"15,660.00"
2021-03-14,2021031405008419,NIFRA,34,48,60,521.00,"31,260.00"
2021-03-14,2021031405008417,NIFRA,34,52,50,521.00,"26,050.00"
2021-03-14,2021031405008416,NIFRA,34,22,60,521.00,"31,260.00"
2021-03-14,2021031405008415,NIFRA,34,48,50,521.00,"26,050.00"
2021-03-14,2021031405008413,NIFRA,34,45,50,521.00,"26,050.00"
2021-03-14,2021031405008428,NIFRA,55,49,60,522.00,"31,320.00"
2021-03-14,2021031405008427,NIFRA,55,57,50,522.00,"26,100.00"
2021-03-14,2021031405008426,NIFRA,55,36,855,522.00,"446,310.00"
2021-03-14,2021031405008425,NIFRA,34,41,50,521.00,"26,050.00"
2021-03-14,2021031405008424,NIFRA,34,58,50,521.00,"26,050.00"
2021-03-14,2021031405008421,NIFRA,34,44,50,521.00,"26,050.00"
2021-03-14,2021031405008434,NIFRA,55,25,10,522.00,"5,220.00"
2021-03-14,2021031405008433,NIFRA,55,55,900,522.00,"469,800.00"
2021-03-14,2021031405008432,NIFRA,55,48,300,522.00,"156,600.00"
2021-03-14,2021031405008431,NIFRA,55,6,60,522.00,"31,320.00"
2021-03-14,2021031405008430,NIFRA,55,58,30,522.00,"15,660.00"
2021-03-14,2021031405008429,NIFRA,55,16,10,522.00,"5,220.00"
2021-03-14,2021031405008440,NIFRA,55,52,50,522.00,"26,100.00"
2021-03-14,2021031405008439,NIFRA,55,58,60,522.00,"31,320.00"
2021-03-14,2021031405008438,NIFRA,55,5,60,522.00,"31,320.00"
2021-03-14,2021031405008437,NIFRA,55,34,150,522.00,"78,300.00"
2021-03-14,2021031405008436,NIFRA,55,41,20,522.00,"10,440.00"
2021-03-14,2021031405008435,NIFRA,55,21,560,522.00,"292,320.00"
2021-03-14,2021031405008448,NIFRA,55,32,60,522.00,"31,320.00"
2021-03-14,2021031405008445,NIFRA,55,38,50,522.00,"26,100.00"
2021-03-14,2021031405008444,NIFRA,55,58,60,522.00,"31,320.00"
2021-03-14,2021031405008443,NIFRA,55,58,50,522.00,"26,100.00"
2021-03-14,2021031405008442,NIFRA,55,14,60,522.00,"31,320.00"
2021-03-14,2021031405008441,NIFRA,55,41,200,522.00,"104,400.00"
2021-03-14,2021031405008455,NIFRA,55,52,60,522.00,"31,320.00"
2021-03-14,2021031405008454,NIFRA,55,21,50,522.00,"26,100.00"
2021-03-14,2021031405008452,NIFRA,55,14,50,522.00,"26,100.00"
2021-03-14,2021031405008451,NIFRA,55,16,20,522.00,"10,440.00"
2021-03-14,2021031405008450,NIFRA,55,45,30,522.00,"15,660.00"
2021-03-14,2021031405008449,NIFRA,55,44,50,522.00,"26,100.00"
2021-03-14,2021031405008462,NIFRA,55,28,50,522.00,"26,100.00"
2021-03-14,2021031405008461,NIFRA,55,34,50,522.00,"26,100.00"
2021-03-14,2021031405008460,NIFRA,32,33,84,523.00,"43,932.00"
2021-03-14,2021031405008459,NIFRA,32,49,50,523.00,"26,150.00"
2021-03-14,2021031405008458,NIFRA,55,38,50,522.00,"26,100.00"
2021-03-14,2021031405008457,NIFRA,55,45,50,522.00,"26,100.00"
2021-03-14,2021031405008468,NIFRA,58,22,50,523.00,"26,150.00"
2021-03-14,2021031405008467,NIFRA,58,8,10,523.00,"5,230.00"
2021-03-14,2021031405008466,NIFRA,58,21,50,523.00,"26,150.00"
2021-03-14,2021031405008465,NIFRA,58,49,60,523.00,"31,380.00"
2021-03-14,2021031405008464,NIFRA,55,14,60,522.00,"31,320.00"
2021-03-14,2021031405008463,NIFRA,55,38,30,522.00,"15,660.00"
2021-03-14,2021031405008474,NIFRA,55,58,20,522.00,"10,440.00"
2021-03-14,2021031405008473,NIFRA,58,1,100,523.00,"52,300.00"
2021-03-14,2021031405008472,NIFRA,58,6,60,523.00,"31,380.00"
2021-03-14,2021031405008471,NIFRA,58,11,60,523.00,"31,380.00"
2021-03-14,2021031405008470,NIFRA,58,54,60,523.00,"31,380.00"
2021-03-14,2021031405008469,NIFRA,58,38,50,523.00,"26,150.00"
2021-03-14,2021031405008481,NIFRA,55,49,50,522.00,"26,100.00"
2021-03-14,2021031405008480,NIFRA,55,38,60,522.00,"31,320.00"
2021-03-14,2021031405008478,NIFRA,55,48,60,522.00,"31,320.00"
2021-03-14,2021031405008477,NIFRA,55,44,60,522.00,"31,320.00"
2021-03-14,2021031405008476,NIFRA,55,44,50,522.00,"26,100.00"
2021-03-14,2021031405008475,NIFRA,32,1,20,523.00,"10,460.00"
2021-03-14,2021031405008488,NIFRA,11,52,10,524.00,"5,240.00"
2021-03-14,2021031405008487,NIFRA,11,19,40,524.00,"20,960.00"
2021-03-14,2021031405008486,NIFRA,11,1,68,523.00,"35,564.00"
2021-03-14,2021031405008484,NIFRA,55,45,50,522.00,"26,100.00"
2021-03-14,2021031405008483,NIFRA,55,40,50,522.00,"26,100.00"
2021-03-14,2021031405008482,NIFRA,38,1,12,523.00,"6,276.00"
2021-03-14,2021031405008494,NIFRA,11,21,60,525.00,"31,500.00"
2021-03-14,2021031405008493,NIFRA,11,25,10,524.00,"5,240.00"
2021-03-14,2021031405008492,NIFRA,11,25,30,524.00,"15,720.00"
2021-03-14,2021031405008491,NIFRA,11,50,50,524.00,"26,200.00"
2021-03-14,2021031405008490,NIFRA,11,53,30,524.00,"15,720.00"
2021-03-14,2021031405008489,NIFRA,11,44,50,524.00,"26,200.00"
2021-03-14,2021031405008500,NIFRA,55,55,50,522.00,"26,100.00"
2021-03-14,2021031405008499,NIFRA,55,42,50,522.00,"26,100.00"
2021-03-14,2021031405008498,NIFRA,21,6,50,523.00,"26,150.00"
2021-03-14,2021031405008497,NIFRA,11,45,52,525.00,"27,300.00"
2021-03-14,2021031405008496,NIFRA,11,58,50,525.00,"26,250.00"
2021-03-14,2021031405008495,NIFRA,11,21,50,525.00,"26,250.00"
2021-03-14,2021031405008506,NIFRA,36,14,50,523.00,"26,150.00"
2021-03-14,2021031405008505,NIFRA,36,4,60,523.00,"31,380.00"
2021-03-14,2021031405008504,NIFRA,36,45,20,523.00,"10,460.00"
2021-03-14,2021031405008503,NIFRA,36,49,50,523.00,"26,150.00"
2021-03-14,2021031405008502,NIFRA,36,45,60,523.00,"31,380.00"
2021-03-14,2021031405008501,NIFRA,55,58,60,522.00,"31,320.00"
2021-03-14,2021031405008512,NIFRA,59,14,10,523.00,"5,230.00"
2021-03-14,2021031405008511,NIFRA,36,14,50,523.00,"26,150.00"
2021-03-14,2021031405008510,NIFRA,36,14,60,523.00,"31,380.00"
2021-03-14,2021031405008509,NIFRA,36,40,50,523.00,"26,150.00"
2021-03-14,2021031405008508,NIFRA,36,44,50,523.00,"26,150.00"
2021-03-14,2021031405008507,NIFRA,36,38,50,523.00,"26,150.00"
2021-03-14,2021031405008518,NIFRA,5,45,10,523.00,"5,230.00"
2021-03-14,2021031405008517,NIFRA,45,45,40,523.00,"20,920.00"
2021-03-14,2021031405008516,NIFRA,45,38,50,523.00,"26,150.00"
2021-03-14,2021031405008515,NIFRA,45,52,10,523.00,"5,230.00"
2021-03-14,2021031405008514,NIFRA,59,52,40,523.00,"20,920.00"
2021-03-14,2021031405008513,NIFRA,59,42,50,523.00,"26,150.00"
2021-03-14,2021031405008526,NIFRA,34,32,40,523.00,"20,920.00"
2021-03-14,2021031405008524,NIFRA,34,42,60,523.00,"31,380.00"
2021-03-14,2021031405008523,NIFRA,34,44,50,523.00,"26,150.00"
2021-03-14,2021031405008522,NIFRA,34,42,50,523.00,"26,150.00"
2021-03-14,2021031405008521,NIFRA,34,42,130,523.00,"67,990.00"
2021-03-14,2021031405008520,NIFRA,5,42,70,523.00,"36,610.00"
2021-03-14,2021031405008534,NIFRA,34,52,50,523.00,"26,150.00"
2021-03-14,2021031405008532,NIFRA,34,44,50,523.00,"26,150.00"
2021-03-14,2021031405008531,NIFRA,34,38,60,523.00,"31,380.00"
2021-03-14,2021031405008530,NIFRA,34,5,60,523.00,"31,380.00"
2021-03-14,2021031405008528,NIFRA,34,42,50,523.00,"26,150.00"
2021-03-14,2021031405008527,NIFRA,34,32,50,523.00,"26,150.00"
2021-03-14,2021031405008540,NIFRA,34,49,40,523.00,"20,920.00"
2021-03-14,2021031405008539,NIFRA,34,6,60,523.00,"31,380.00"
2021-03-14,2021031405008538,NIFRA,34,42,50,523.00,"26,150.00"
2021-03-14,2021031405008537,NIFRA,34,34,50,523.00,"26,150.00"
2021-03-14,2021031405008536,NIFRA,34,11,50,523.00,"26,150.00"
2021-03-14,2021031405008535,NIFRA,22,43,10,525.00,"5,250.00"
2021-03-14,2021031405008546,NIFRA,34,41,60,523.00,"31,380.00"
2021-03-14,2021031405008545,NIFRA,34,32,40,523.00,"20,920.00"
2021-03-14,2021031405008544,NIFRA,34,58,50,523.00,"26,150.00"
2021-03-14,2021031405008543,NIFRA,34,44,50,523.00,"26,150.00"
2021-03-14,2021031405008542,NIFRA,34,40,50,523.00,"26,150.00"
2021-03-14,2021031405008541,NIFRA,34,34,20,523.00,"10,460.00"
2021-03-14,2021031405008553,NIFRA,34,3,50,523.00,"26,150.00"
2021-03-14,2021031405008552,NIFRA,34,14,50,523.00,"26,150.00"
2021-03-14,2021031405008551,NIFRA,34,48,50,523.00,"26,150.00"
2021-03-14,2021031405008550,NIFRA,34,42,50,523.00,"26,150.00"
2021-03-14,2021031405008549,NIFRA,34,4,50,523.00,"26,150.00"
2021-03-14,2021031405008548,NIFRA,34,44,50,523.00,"26,150.00"
2021-03-14,2021031405008554,PLI,44,21,10,728.00,"7,280.00"
2021-03-14,2021031405008547,PLI,44,42,30,728.00,"21,840.00"
2021-03-14,2021031405008525,PLI,44,45,10,728.00,"7,280.00"
2021-03-14,2021031405008519,PLI,44,40,10,728.00,"7,280.00"
2021-03-14,2021031405008485,PLI,44,11,10,728.00,"7,280.00"
2021-03-14,2021031405008479,PLI,44,14,10,728.00,"7,280.00"
2021-03-14,2021031405008093,PLI,44,14,10,728.00,"7,280.00"
2021-03-14,2021031405008069,PLI,1,21,10,728.00,"7,280.00"
2021-03-14,2021031405008062,PLI,1,35,10,728.00,"7,280.00"
2021-03-14,2021031405008061,PLI,1,14,10,728.00,"7,280.00"
2021-03-14,2021031405008139,PLI,44,44,10,728.00,"7,280.00"
2021-03-14,2021031405008131,PLI,44,34,10,728.00,"7,280.00"
2021-03-14,2021031405008129,PLI,44,8,10,728.00,"7,280.00"
2021-03-14,2021031405008127,PLI,44,14,10,728.00,"7,280.00"
2021-03-14,2021031405008102,PLI,44,20,10,728.00,"7,280.00"
2021-03-14,2021031405008094,PLI,44,19,10,728.00,"7,280.00"
2021-03-14,2021031405008166,PLI,48,49,44,729.00,"32,076.00"
2021-03-14,2021031405008158,PLI,42,49,20,729.00,"14,580.00"
2021-03-14,2021031405008156,PLI,44,57,10,728.00,"7,280.00"
2021-03-14,2021031405008149,PLI,44,8,10,728.00,"7,280.00"
2021-03-14,2021031405008145,PLI,53,49,10,729.00,"7,290.00"
2021-03-14,2021031405008141,PLI,44,49,10,728.00,"7,280.00"
2021-03-14,2021031405008249,PLI,44,19,10,728.00,"7,280.00"
2021-03-14,2021031405008244,PLI,44,47,10,728.00,"7,280.00"
2021-03-14,2021031405008240,PLI,44,50,10,728.00,"7,280.00"
2021-03-14,2021031405008230,PLI,44,51,10,728.00,"7,280.00"
2021-03-14,2021031405008218,PLI,44,39,10,728.00,"7,280.00"
2021-03-14,2021031405008174,PLI,44,45,30,728.00,"21,840.00"
2021-03-14,2021031405008283,PLI,44,1,10,728.00,"7,280.00"
2021-03-14,2021031405008278,PLI,44,44,10,728.00,"7,280.00"
2021-03-14,2021031405008275,PLI,44,57,10,728.00,"7,280.00"
2021-03-14,2021031405008271,PLI,44,58,10,728.00,"7,280.00"
2021-03-14,2021031405008257,PLI,44,39,10,728.00,"7,280.00"
2021-03-14,2021031405008256,PLI,44,47,10,728.00,"7,280.00"
2021-03-14,2021031405008338,PLI,44,4,10,728.00,"7,280.00"
2021-03-14,2021031405008326,PLI,44,38,10,728.00,"7,280.00"
2021-03-14,2021031405008325,PLI,44,39,10,728.00,"7,280.00"
2021-03-14,2021031405008323,PLI,44,25,10,728.00,"7,280.00"
2021-03-14,2021031405008317,PLI,44,39,10,728.00,"7,280.00"
2021-03-14,2021031405008286,PLI,44,47,10,728.00,"7,280.00"
2021-03-14,2021031405008412,PLI,44,58,10,728.00,"7,280.00"
2021-03-14,2021031405008375,PLI,57,56,10,729.00,"7,290.00"
2021-03-14,2021031405008370,PLI,44,36,10,728.00,"7,280.00"
2021-03-14,2021031405008350,PLI,44,6,10,728.00,"7,280.00"
2021-03-14,2021031405008343,PLI,44,50,10,728.00,"7,280.00"
2021-03-14,2021031405008339,PLI,44,21,10,728.00,"7,280.00"
2021-03-14,2021031405008453,PLI,44,58,10,728.00,"7,280.00"
2021-03-14,2021031405008447,PLI,44,14,10,728.00,"7,280.00"
2021-03-14,2021031405008446,PLI,44,41,10,728.00,"7,280.00"
2021-03-14,2021031405008423,PLI,44,22,10,728.00,"7,280.00"
2021-03-14,2021031405008422,PLI,44,4,10,728.00,"7,280.00"
2021-03-14,2021031405008418,PLI,44,39,10,728.00,"7,280.00"
2021-03-14,2021031405008013,CGH,57,32,10,884.00,"8,840.00"
2021-03-14,2021031405007986,CGH,57,5,10,884.00,"8,840.00"
2021-03-14,2021031405007955,CGH,57,58,10,884.00,"8,840.00"
2021-03-14,2021031405007919,CGH,57,36,10,884.00,"8,840.00"
2021-03-14,2021031405007910,CGH,57,43,10,884.00,"8,840.00"
2021-03-14,2021031405007887,CGH,57,58,10,884.00,"8,840.00"
2021-03-14,2021031405007873,CGH,57,1,10,884.00,"8,840.00"
2021-03-14,2021031405007696,CGH,57,21,10,884.00,"8,840.00"
2021-03-14,2021031405007695,CGH,57,38,10,884.00,"8,840.00"
2021-03-14,2021031405007670,CGH,57,49,10,884.00,"8,840.00"
2021-03-14,2021031405007619,CGH,57,49,10,884.00,"8,840.00"
2021-03-14,2021031405008060,NIFRA,50,28,50,522.00,"26,100.00"
2021-03-14,2021031405008059,NIFRA,50,44,50,522.00,"26,100.00"
2021-03-14,2021031405008058,NIFRA,50,19,50,522.00,"26,100.00"
2021-03-14,2021031405008057,NIFRA,50,25,20,522.00,"10,440.00"
2021-03-14,2021031405008056,NIFRA,50,57,50,522.00,"26,100.00"
2021-03-14,2021031405008055,NIFRA,50,48,50,522.00,"26,100.00"
2021-03-14,2021031405007561,NIFRA,54,34,100,525.00,"52,500.00"
2021-03-14,2021031405007567,NIFRA,32,34,10,525.00,"5,250.00"
2021-03-14,2021031405007566,NIFRA,42,34,24,525.00,"12,600.00"
2021-03-14,2021031405007565,NIFRA,13,34,100,525.00,"52,500.00"
2021-03-14,2021031405007564,NIFRA,49,34,50,525.00,"26,250.00"
2021-03-14,2021031405007563,NIFRA,16,34,50,525.00,"26,250.00"
2021-03-14,2021031405007562,NIFRA,35,34,100,525.00,"52,500.00"
2021-03-14,2021031405007573,NIFRA,34,34,50,525.00,"26,250.00"
2021-03-14,2021031405007572,NIFRA,34,34,40,525.00,"21,000.00"
2021-03-14,2021031405007571,NIFRA,35,34,123,525.00,"64,575.00"
2021-03-14,2021031405007570,NIFRA,36,34,100,525.00,"52,500.00"
2021-03-14,2021031405007569,NIFRA,59,34,100,525.00,"52,500.00"
2021-03-14,2021031405007568,NIFRA,58,34,40,525.00,"21,000.00"
2021-03-14,2021031405007579,NIFRA,17,34,100,525.00,"52,500.00"
2021-03-14,2021031405007578,NIFRA,22,34,10,525.00,"5,250.00"
2021-03-14,2021031405007577,NIFRA,35,34,100,525.00,"52,500.00"
2021-03-14,2021031405007576,NIFRA,17,34,100,525.00,"52,500.00"
2021-03-14,2021031405007575,NIFRA,32,34,100,525.00,"52,500.00"
2021-03-14,2021031405007574,NIFRA,17,34,40,525.00,"21,000.00"
2021-03-14,2021031405007585,NIFRA,47,34,45,525.00,"23,625.00"
2021-03-14,2021031405007584,NIFRA,41,34,100,525.00,"52,500.00"
2021-03-14,2021031405007583,NIFRA,45,34,100,525.00,"52,500.00"
2021-03-14,2021031405007582,NIFRA,17,34,60,525.00,"31,500.00"
2021-03-14,2021031405007581,NIFRA,4,34,40,525.00,"21,000.00"
2021-03-14,2021031405007580,NIFRA,21,34,50,525.00,"26,250.00"
2021-03-14,2021031405007591,NIFRA,51,6,30,526.00,"15,780.00"
2021-03-14,2021031405007590,NIFRA,51,55,60,526.00,"31,560.00"
2021-03-14,2021031405007589,NIFRA,51,38,400,526.00,"210,400.00"
2021-03-14,2021031405007588,NIFRA,58,5,50,525.00,"26,250.00"
2021-03-14,2021031405007587,NIFRA,58,34,568,525.00,"298,200.00"
2021-03-14,2021031405007586,NIFRA,57,34,45,525.00,"23,625.00"
2021-03-14,2021031405007599,NIFRA,58,39,60,525.00,"31,500.00"
2021-03-14,2021031405007598,NIFRA,58,55,10,526.00,"5,260.00"
2021-03-14,2021031405007597,NIFRA,17,55,80,526.00,"42,080.00"
2021-03-14,2021031405007596,NIFRA,17,28,40,526.00,"21,040.00"
2021-03-14,2021031405007595,NIFRA,51,28,10,526.00,"5,260.00"
2021-03-14,2021031405007594,NIFRA,51,7,500,526.00,"263,000.00"
2021-03-14,2021031405007606,NIFRA,6,55,50,526.00,"26,300.00"
2021-03-14,2021031405007605,NIFRA,6,51,30,526.00,"15,780.00"
2021-03-14,2021031405007603,NIFRA,48,51,30,526.00,"15,780.00"
2021-03-14,2021031405007602,NIFRA,48,55,70,526.00,"36,820.00"
2021-03-14,2021031405007601,NIFRA,46,55,300,526.00,"157,800.00"
2021-03-14,2021031405007600,NIFRA,8,55,50,526.00,"26,300.00"
2021-03-14,2021031405007613,NIFRA,6,51,50,526.00,"26,300.00"
2021-03-14,2021031405007612,NIFRA,6,26,160,526.00,"84,160.00"
2021-03-14,2021031405007610,NIFRA,6,28,50,526.00,"26,300.00"
2021-03-14,2021031405007609,NIFRA,6,52,10,526.00,"5,260.00"
2021-03-14,2021031405007608,NIFRA,6,35,50,526.00,"26,300.00"
2021-03-14,2021031405007607,NIFRA,6,55,60,526.00,"31,560.00"
2021-03-14,2021031405007622,NIFRA,58,35,30,525.00,"15,750.00"
2021-03-14,2021031405007621,NIFRA,54,55,100,526.00,"52,600.00"
2021-03-14,2021031405007620,NIFRA,58,28,50,525.00,"26,250.00"
2021-03-14,2021031405007618,NIFRA,6,55,30,526.00,"15,780.00"
2021-03-14,2021031405007617,NIFRA,58,16,50,525.00,"26,250.00"
2021-03-14,2021031405007614,NIFRA,6,55,40,526.00,"21,040.00"
2021-03-14,2021031405007628,NIFRA,44,52,100,526.00,"52,600.00"
2021-03-14,2021031405007627,NIFRA,44,17,50,526.00,"26,300.00"
2021-03-14,2021031405007626,NIFRA,44,51,60,526.00,"31,560.00"
2021-03-14,2021031405007625,NIFRA,44,55,80,526.00,"42,080.00"
2021-03-14,2021031405007624,NIFRA,58,28,50,525.00,"26,250.00"
2021-03-14,2021031405007623,NIFRA,58,41,50,525.00,"26,250.00"
2021-03-14,2021031405007635,NIFRA,54,51,60,525.00,"31,500.00"
2021-03-14,2021031405007634,NIFRA,54,25,20,525.00,"10,500.00"
2021-03-14,2021031405007633,NIFRA,13,28,50,525.00,"26,250.00"
2021-03-14,2021031405007632,NIFRA,13,39,50,525.00,"26,250.00"
2021-03-14,2021031405007631,NIFRA,58,8,40,525.00,"21,000.00"
2021-03-14,2021031405007630,NIFRA,58,14,50,525.00,"26,250.00"
2021-03-14,2021031405007641,NIFRA,54,16,50,525.00,"26,250.00"
2021-03-14,2021031405007640,NIFRA,54,44,60,525.00,"31,500.00"
2021-03-14,2021031405007639,NIFRA,54,21,50,525.00,"26,250.00"
2021-03-14,2021031405007638,NIFRA,44,56,50,526.00,"26,300.00"
2021-03-14,2021031405007637,NIFRA,44,32,50,526.00,"26,300.00"
2021-03-14,2021031405007636,NIFRA,54,3,50,525.00,"26,250.00"
2021-03-14,2021031405007648,NIFRA,4,25,10,525.00,"5,250.00"
2021-03-14,2021031405007647,NIFRA,6,25,10,525.00,"5,250.00"
2021-03-14,2021031405007646,NIFRA,6,33,290,525.00,"152,250.00"
2021-03-14,2021031405007645,NIFRA,40,33,50,525.00,"26,250.00"
2021-03-14,2021031405007644,NIFRA,54,33,660,525.00,"346,500.00"
2021-03-14,2021031405007643,NIFRA,54,28,50,525.00,"26,250.00"
2021-03-14,2021031405007656,NIFRA,36,44,60,525.00,"31,500.00"
2021-03-14,2021031405007655,NIFRA,36,21,30,525.00,"15,750.00"
2021-03-14,2021031405007654,NIFRA,22,21,20,525.00,"10,500.00"
2021-03-14,2021031405007651,NIFRA,22,41,60,525.00,"31,500.00"
2021-03-14,2021031405007650,NIFRA,22,58,50,525.00,"26,250.00"
2021-03-14,2021031405007649,NIFRA,22,25,170,525.00,"89,250.00"
2021-03-14,2021031405007663,NIFRA,38,36,100,525.00,"52,500.00"
2021-03-14,2021031405007662,NIFRA,35,36,100,525.00,"52,500.00"
2021-03-14,2021031405007661,NIFRA,50,36,500,525.00,"262,500.00"
2021-03-14,2021031405007660,NIFRA,5,36,100,525.00,"52,500.00"
2021-03-14,2021031405007659,NIFRA,36,36,50,525.00,"26,250.00"
2021-03-14,2021031405007658,NIFRA,36,53,60,525.00,"31,500.00"
2021-03-14,2021031405007669,NIFRA,36,44,60,524.00,"31,440.00"
2021-03-14,2021031405007668,NIFRA,54,36,100,525.00,"52,500.00"
2021-03-14,2021031405007667,NIFRA,16,36,10,525.00,"5,250.00"
2021-03-14,2021031405007666,NIFRA,51,36,200,525.00,"105,000.00"
2021-03-14,2021031405007665,NIFRA,33,36,100,525.00,"52,500.00"
2021-03-14,2021031405007664,NIFRA,29,36,20,525.00,"10,500.00"
2021-03-14,2021031405007676,NIFRA,16,44,60,524.00,"31,440.00"
2021-03-14,2021031405007675,NIFRA,16,44,20,524.00,"10,480.00"
2021-03-14,2021031405007674,NIFRA,41,44,40,524.00,"20,960.00"
2021-03-14,2021031405007673,NIFRA,41,48,10,524.00,"5,240.00"
2021-03-14,2021031405007672,NIFRA,36,48,40,524.00,"20,960.00"
2021-03-14,2021031405007671,NIFRA,44,36,20,525.00,"10,500.00"
2021-03-14,2021031405007683,NIFRA,51,29,10,524.00,"5,240.00"
2021-03-14,2021031405007682,NIFRA,41,29,10,524.00,"5,240.00"
2021-03-14,2021031405007681,NIFRA,39,29,100,524.00,"52,400.00"
2021-03-14,2021031405007680,NIFRA,8,29,40,524.00,"20,960.00"
2021-03-14,2021031405007679,NIFRA,16,29,360,524.00,"188,640.00"
2021-03-14,2021031405007678,NIFRA,16,44,60,524.00,"31,440.00"
