Date,Transact. No.,Symbol,Buyer,Seller,Quantity,Rate,Amount
2019-04-25,2019042501013011,ADBL,36,26,350,388.00,"135,800.00"
2019-04-25,2019042501012943,ADBL,49,42,150,389.00,"58,350.00"
2019-04-25,2019042501012784,ADBL,49,42,100,389.00,"38,900.00"
2019-04-25,2019042501012757,ADBL,45,39,12,385.00,"4,620.00"
2019-04-25,2019042501012748,ADBL,50,42,413,389.00,"160,657.00"
2019-04-25,2019042501012747,ADBL,50,40,17,389.00,"6,613.00"
2019-04-25,2019042501012746,ADBL,50,42,70,388.00,"27,160.00"
2019-04-25,2019042501012685,ADBL,50,40,383,389.00,"148,987.00"
2019-04-25,2019042501012684,ADBL,50,32,17,389.00,"6,613.00"
2019-04-25,2019042501012651,ADBL,58,36,45,389.00,"17,505.00"
2019-04-25,2019042501013059,AKPL,52,41,13,167.00,"2,171.00"
2019-04-25,2019042501012977,ALBSL,57,7,10,462.00,"4,620.00"
2019-04-25,2019042501012762,ALBSL,57,7,10,462.00,"4,620.00"
2019-04-25,2019042501012711,ALBSL,57,7,10,462.00,"4,620.00"
2019-04-25,2019042501012770,ALICL,51,51,100,420.00,"42,000.00"
2019-04-25,2019042501013078,AMFI,34,41,90,560.00,"50,400.00"
2019-04-25,2019042501013077,AMFI,34,41,60,560.00,"33,600.00"
2019-04-25,2019042501013076,AMFI,34,54,50,559.00,"27,950.00"
2019-04-25,2019042501012941,AMFI,38,39,10,556.00,"5,560.00"
2019-04-25,2019042501012769,AMFI,38,34,10,556.00,"5,560.00"
2019-04-25,2019042501012972,API,25,44,300,132.00,"39,600.00"
2019-04-25,2019042501012704,API,25,44,75,132.00,"9,900.00"
2019-04-25,2019042501012683,API,25,45,400,130.00,"52,000.00"
2019-04-25,2019042501012666,API,6,25,"2,790",129.00,"359,910.00"
2019-04-25,2019042501012665,API,54,25,600,129.00,"77,400.00"
2019-04-25,2019042501012664,API,43,25,110,129.00,"14,190.00"
2019-04-25,2019042501012653,BARUN,22,39,241,90.00,"21,690.00"
2019-04-25,2019042501013009,BOKL,21,26,50,295.00,"14,750.00"
2019-04-25,2019042501012969,BOKL,28,42,52,294.00,"15,288.00"
2019-04-25,2019042501012968,BOKL,34,42,100,294.00,"29,400.00"
2019-04-25,2019042501012779,BOKL,7,26,50,295.00,"14,750.00"
2019-04-25,2019042501012778,BOKL,16,26,351,295.00,"103,545.00"
2019-04-25,2019042501012669,BOKL,10,32,12,297.00,"3,564.00"
2019-04-25,2019042501012668,BOKL,10,39,488,297.00,"144,936.00"
2019-04-25,2019042501012654,BPCL,42,21,110,366.00,"40,260.00"
2019-04-25,2019042501013123,CBBL,34,40,390,"1,044.00","407,160.00"
2019-04-25,2019042501013122,CBBL,44,40,50,"1,044.00","52,200.00"
2019-04-25,2019042501013112,CBBL,34,48,50,"1,036.00","51,800.00"
2019-04-25,2019042501013075,CBBL,56,40,60,"1,044.00","62,640.00"
2019-04-25,2019042501012673,CBBL,5,7,50,"1,031.00","51,550.00"
2019-04-25,2019042501012723,CBBL,5,29,10,"1,034.00","10,340.00"
2019-04-25,2019042501012701,CBBL,48,58,920,"1,035.00","952,200.00"
2019-04-25,2019042501012700,CBBL,48,8,30,"1,035.00","31,050.00"
2019-04-25,2019042501012699,CBBL,48,41,100,"1,034.00","103,400.00"
2019-04-25,2019042501012698,CBBL,48,58,350,"1,032.00","361,200.00"
2019-04-25,2019042501012697,CBBL,48,7,100,"1,031.00","103,100.00"
2019-04-25,2019042501012783,CBBL,56,36,200,"1,040.00","208,000.00"
2019-04-25,2019042501012782,CBBL,56,33,100,"1,040.00","104,000.00"
2019-04-25,2019042501012781,CBBL,56,22,250,"1,040.00","260,000.00"
2019-04-25,2019042501012780,CBBL,56,6,50,"1,040.00","52,000.00"
2019-04-25,2019042501012753,CBBL,48,58,80,"1,035.00","82,800.00"
2019-04-25,2019042501012752,CBBL,48,29,90,"1,034.00","93,060.00"
2019-04-25,2019042501013074,CBBL,56,17,40,"1,043.00","41,720.00"
2019-04-25,2019042501013024,CBBL,48,44,140,"1,035.00","144,900.00"
2019-04-25,2019042501013023,CBBL,56,44,350,"1,036.00","362,600.00"
2019-04-25,2019042501012989,CBBL,56,56,50,"1,036.00","51,800.00"
2019-04-25,2019042501012933,CBBL,44,56,50,"1,040.00","52,000.00"
2019-04-25,2019042501013130,CBL,26,58,990,163.00,"161,370.00"
2019-04-25,2019042501013124,CBL,56,58,10,163.00,"1,630.00"
2019-04-25,2019042501013067,CBL,48,58,"1,500",163.00,"244,500.00"
2019-04-25,2019042501013066,CBL,49,58,100,163.00,"16,300.00"
2019-04-25,2019042501013050,CCBL,59,1,"3,117",181.00,"564,177.00"
2019-04-25,2019042501013045,CCBL,42,1,19,181.00,"3,439.00"
2019-04-25,2019042501013044,CCBL,42,58,481,181.00,"87,061.00"
2019-04-25,2019042501012880,CCBL,54,58,100,181.00,"18,100.00"
2019-04-25,2019042501012879,CCBL,54,58,"2,000",181.00,"362,000.00"
2019-04-25,2019042501012878,CCBL,59,58,"1,000",181.00,"181,000.00"
2019-04-25,2019042501012877,CCBL,56,58,71,181.00,"12,851.00"
2019-04-25,2019042501012825,CCBL,41,39,100,182.00,"18,200.00"
2019-04-25,2019042501012708,CCBL,1,39,18,182.00,"3,276.00"
2019-04-25,2019042501012964,CFCL,32,57,480,110.00,"52,800.00"
2019-04-25,2019042501012798,CFCL,16,57,20,111.00,"2,220.00"
2019-04-25,2019042501013020,CIT,16,16,545,"2,470.00","1,346,150.00"
2019-04-25,2019042501013019,CIT,41,16,20,"2,470.00","49,400.00"
2019-04-25,2019042501013018,CIT,55,16,30,"2,470.00","74,100.00"
2019-04-25,2019042501013017,CIT,41,16,200,"2,471.00","494,200.00"
2019-04-25,2019042501013016,CIT,41,16,20,"2,473.00","49,460.00"
2019-04-25,2019042501013015,CIT,39,16,50,"2,473.00","123,650.00"
2019-04-25,2019042501013014,CIT,43,16,25,"2,474.00","61,850.00"
2019-04-25,2019042501013013,CIT,40,16,10,"2,475.00","24,750.00"
2019-04-25,2019042501012992,CZBIL,17,32,15,235.00,"3,525.00"
2019-04-25,2019042501012991,CZBIL,5,32,80,236.00,"18,880.00"
2019-04-25,2019042501012730,CZBIL,5,41,10,236.00,"2,360.00"
2019-04-25,2019042501013090,DBBL,38,28,436,136.00,"59,296.00"
2019-04-25,2019042501013089,DBBL,32,28,100,136.00,"13,600.00"
2019-04-25,2019042501013088,DBBL,1,28,464,136.00,"63,104.00"
2019-04-25,2019042501013042,DBBL,35,29,500,138.00,"69,000.00"
2019-04-25,2019042501012922,DBBL,10,45,890,139.00,"123,710.00"
2019-04-25,2019042501012921,DBBL,10,58,"2,000",138.00,"276,000.00"
2019-04-25,2019042501012920,DBBL,10,50,11,138.00,"1,518.00"
2019-04-25,2019042501012919,DBBL,10,54,"1,265",138.00,"174,570.00"
2019-04-25,2019042501012908,DBBL,10,41,164,137.00,"22,468.00"
2019-04-25,2019042501012828,DBBL,10,16,70,137.00,"9,590.00"
2019-04-25,2019042501012823,DBBL,10,48,500,137.00,"68,500.00"
2019-04-25,2019042501012675,DDBL,54,48,200,690.00,"138,000.00"
2019-04-25,2019042501013073,EBL,14,16,95,671.00,"63,745.00"
2019-04-25,2019042501013072,EBL,52,16,50,671.00,"33,550.00"
2019-04-25,2019042501013071,EBL,34,16,30,671.00,"20,130.00"
2019-04-25,2019042501013070,EBL,3,16,25,672.00,"16,800.00"
2019-04-25,2019042501012693,EBL,41,29,150,672.00,"100,800.00"
2019-04-25,2019042501012692,EBL,14,29,150,673.00,"100,950.00"
2019-04-25,2019042501012691,EBL,57,29,100,674.00,"67,400.00"
2019-04-25,2019042501012865,EBL,3,32,85,672.00,"57,120.00"
2019-04-25,2019042501012710,EBL,3,50,90,672.00,"60,480.00"
2019-04-25,2019042501012709,EBL,14,50,110,672.00,"73,920.00"
2019-04-25,2019042501012694,EBL,14,29,90,672.00,"60,480.00"
2019-04-25,2019042501012652,EDBL,28,14,400,299.00,"119,600.00"
2019-04-25,2019042501012660,EIC,1,46,53,469.00,"24,857.00"
2019-04-25,2019042501012659,EIC,38,46,200,469.00,"93,800.00"
2019-04-25,2019042501012658,EIC,45,46,300,469.00,"140,700.00"
2019-04-25,2019042501012657,EIC,55,46,100,469.00,"46,900.00"
2019-04-25,2019042501012656,EIC,17,46,50,469.00,"23,450.00"
2019-04-25,2019042501012655,EIC,57,46,97,469.00,"45,493.00"
2019-04-25,2019042501012824,GBBL,25,39,"1,451",220.00,"319,220.00"
2019-04-25,2019042501013060,GBIME,18,39,100,322.00,"32,200.00"
2019-04-25,2019042501012976,GBIME,21,59,50,324.00,"16,200.00"
2019-04-25,2019042501012915,GBIME,18,39,500,322.00,"161,000.00"
2019-04-25,2019042501012890,GBIME,29,59,10,324.00,"3,240.00"
2019-04-25,2019042501012889,GBIME,29,21,100,324.00,"32,400.00"
2019-04-25,2019042501012888,GBIME,29,1,90,324.00,"29,160.00"
2019-04-25,2019042501012882,GBIME,18,39,200,322.00,"64,400.00"
2019-04-25,2019042501012807,GBIME,34,26,93,322.00,"29,946.00"
2019-04-25,2019042501013148,GDBL,58,11,50,216.00,"10,800.00"
2019-04-25,2019042501013120,GDBL,58,11,150,216.00,"32,400.00"
2019-04-25,2019042501013119,GDBL,58,32,350,215.00,"75,250.00"
2019-04-25,2019042501013118,GDBL,58,52,100,214.00,"21,400.00"
2019-04-25,2019042501013092,GDBL,17,58,161,213.00,"34,293.00"
2019-04-25,2019042501013091,GDBL,58,58,39,213.00,"8,307.00"
2019-04-25,2019042501012717,GDBL,53,32,500,215.00,"107,500.00"
2019-04-25,2019042501012679,GDBL,17,34,461,214.00,"98,654.00"
2019-04-25,2019042501012678,GDBL,58,34,"1,239",214.00,"265,146.00"
2019-04-25,2019042501012790,GDBL,58,44,"1,950",213.00,"415,350.00"
2019-04-25,2019042501012789,GDBL,58,44,50,213.00,"10,650.00"
2019-04-25,2019042501012788,GDBL,28,44,"1,000",214.00,"214,000.00"
2019-04-25,2019042501012787,GDBL,32,44,200,214.00,"42,800.00"
2019-04-25,2019042501012786,GDBL,17,44,200,214.00,"42,800.00"
2019-04-25,2019042501012785,GDBL,17,44,"1,539",214.00,"329,346.00"
2019-04-25,2019042501012907,GDBL,58,1,"1,000",213.00,"213,000.00"
2019-04-25,2019042501012897,GDBL,58,52,300,213.00,"63,900.00"
2019-04-25,2019042501012791,GDBL,58,44,"1,661",213.00,"353,793.00"
2019-04-25,2019042501012874,GFCL,57,43,81,123.00,"9,963.00"
2019-04-25,2019042501012963,GILB,42,58,300,"1,160.00","348,000.00"
2019-04-25,2019042501012962,GILB,57,58,181,"1,167.00","211,227.00"
2019-04-25,2019042501012961,GILB,45,58,10,"1,168.00","11,680.00"
2019-04-25,2019042501012814,GLICL,51,22,33,543.00,"17,919.00"
2019-04-25,2019042501012813,GLICL,51,42,100,543.00,"54,300.00"
2019-04-25,2019042501012829,GRDBL,26,7,10,110.00,"1,100.00"
2019-04-25,2019042501012820,HBL,59,43,50,570.00,"28,500.00"
2019-04-25,2019042501012819,HBL,45,43,100,570.00,"57,000.00"
2019-04-25,2019042501012818,HBL,16,43,400,571.00,"228,400.00"
2019-04-25,2019042501012817,HBL,41,43,20,572.00,"11,440.00"
2019-04-25,2019042501012816,HBL,16,43,500,573.00,"286,500.00"
2019-04-25,2019042501012866,HGI,39,42,200,392.00,"78,400.00"
2019-04-25,2019042501013107,HIDCL,5,50,159,139.00,"22,101.00"
2019-04-25,2019042501013106,HIDCL,5,42,61,139.00,"8,479.00"
2019-04-25,2019042501012837,HPPL,42,22,10,176.00,"1,760.00"
2019-04-25,2019042501012836,HPPL,42,46,20,175.00,"3,500.00"
2019-04-25,2019042501012835,HPPL,42,42,10,174.00,"1,740.00"
2019-04-25,2019042501013057,JBBL,38,7,100,147.00,"14,700.00"
2019-04-25,2019042501012777,JBBL,29,48,266,145.00,"38,570.00"
2019-04-25,2019042501012776,JBBL,52,44,291,146.00,"42,486.00"
2019-04-25,2019042501012743,JBBL,38,44,"2,000",146.00,"292,000.00"
2019-04-25,2019042501012742,JBBL,7,44,500,146.00,"73,000.00"
2019-04-25,2019042501012741,JBBL,7,44,209,146.00,"30,514.00"
2019-04-25,2019042501012663,JBBL,7,29,291,146.00,"42,486.00"
2019-04-25,2019042501012662,JBBL,38,29,697,146.00,"101,762.00"
2019-04-25,2019042501012661,JBBL,38,29,12,147.00,"1,764.00"
2019-04-25,2019042501013061,JBNL,40,14,50,207.00,"10,350.00"
2019-04-25,2019042501013010,JBNL,40,42,180,207.00,"37,260.00"
2019-04-25,2019042501012845,JBNL,19,32,400,208.00,"83,200.00"
2019-04-25,2019042501012772,JBNL,52,34,"1,000",207.00,"207,000.00"
2019-04-25,2019042501012771,JBNL,50,34,300,207.00,"62,100.00"
2019-04-25,2019042501013052,JBNLPO,49,58,"6,954",100.00,"695,400.00"
2019-04-25,2019042501012797,JFL,59,58,34,174.00,"5,916.00"
2019-04-25,2019042501012913,KBL,43,58,300,234.00,"70,200.00"
2019-04-25,2019042501012871,KBL,49,58,50,234.00,"11,700.00"
2019-04-25,2019042501012851,KBL,7,58,50,234.00,"11,700.00"
2019-04-25,2019042501013046,KSBBL,55,32,14,153.00,"2,142.00"
2019-04-25,2019042501012987,KSBBL,29,29,165,151.00,"24,915.00"
2019-04-25,2019042501012986,KSBBL,32,29,37,152.00,"5,624.00"
2019-04-25,2019042501012812,KSBBL,38,32,500,153.00,"76,500.00"
2019-04-25,2019042501012811,KSBBL,38,32,500,153.00,"76,500.00"
2019-04-25,2019042501013082,LBBL,28,45,730,197.00,"143,810.00"
2019-04-25,2019042501013081,LBBL,28,34,200,197.00,"39,400.00"
2019-04-25,2019042501013080,LBBL,28,46,"1,070",197.00,"210,790.00"
2019-04-25,2019042501013037,LBBL,13,28,62,196.00,"12,152.00"
2019-04-25,2019042501012737,LBBL,59,53,18,195.00,"3,510.00"
2019-04-25,2019042501012736,LBBL,52,53,300,195.00,"58,500.00"
2019-04-25,2019042501012735,LBBL,45,53,198,195.00,"38,610.00"
2019-04-25,2019042501012734,LBBL,50,53,484,195.00,"94,380.00"
2019-04-25,2019042501012690,LBBL,49,28,100,196.00,"19,600.00"
2019-04-25,2019042501013048,LBL,47,50,50,241.00,"12,050.00"
2019-04-25,2019042501012896,LBL,39,50,200,240.00,"48,000.00"
2019-04-25,2019042501013150,LGIL,48,39,10,527.00,"5,270.00"
2019-04-25,2019042501013147,LGIL,44,48,965,519.00,"500,835.00"
2019-04-25,2019042501012869,LGIL,44,14,60,519.00,"31,140.00"
2019-04-25,2019042501012868,LGIL,25,14,300,520.00,"156,000.00"
2019-04-25,2019042501012867,LGIL,42,14,40,521.00,"20,840.00"
2019-04-25,2019042501012739,LGIL,42,21,60,521.00,"31,260.00"
2019-04-25,2019042501012808,LICN,42,35,114,"1,691.00","192,774.00"
2019-04-25,2019042501013049,MBL,28,32,12,272.00,"3,264.00"
2019-04-25,2019042501012914,MBL,49,59,100,275.00,"27,500.00"
2019-04-25,2019042501012843,MBL,28,43,332,272.00,"90,304.00"
2019-04-25,2019042501012842,MBL,51,43,168,273.00,"45,864.00"
2019-04-25,2019042501012815,MBL,49,59,100,275.00,"27,500.00"
2019-04-25,2019042501013129,MEGA,45,22,43,194.00,"8,342.00"
2019-04-25,2019042501013128,MEGA,45,13,100,194.00,"19,400.00"
2019-04-25,2019042501013127,MEGA,45,48,857,194.00,"166,258.00"
2019-04-25,2019042501013121,MEGA,34,13,100,193.00,"19,300.00"
2019-04-25,2019042501013021,MEGA,34,13,100,193.00,"19,300.00"
2019-04-25,2019042501012672,MEGA,14,48,143,194.00,"27,742.00"
2019-04-25,2019042501013051,MERO,33,25,50,630.00,"31,500.00"
2019-04-25,2019042501012926,MERO,33,25,50,630.00,"31,500.00"
2019-04-25,2019042501012716,MERO,51,41,38,625.00,"23,750.00"
2019-04-25,2019042501012715,MERO,51,58,266,625.00,"166,250.00"
2019-04-25,2019042501012714,MERO,52,58,34,625.00,"21,250.00"
2019-04-25,2019042501012671,MLBL,32,32,30,197.00,"5,910.00"
2019-04-25,2019042501012894,MMFDB,57,28,200,949.00,"189,800.00"
2019-04-25,2019042501013026,MNBBL,1,57,100,390.00,"39,000.00"
2019-04-25,2019042501012712,MNBBL,22,32,200,392.00,"78,400.00"
2019-04-25,2019042501012702,MNBBL,57,32,250,392.00,"98,000.00"
2019-04-25,2019042501012999,NABIL,41,28,10,880.00,"8,800.00"
2019-04-25,2019042501012998,NABIL,58,28,30,881.00,"26,430.00"
2019-04-25,2019042501012997,NABIL,13,28,100,881.00,"88,100.00"
2019-04-25,2019042501012996,NABIL,25,28,167,881.00,"147,127.00"
2019-04-25,2019042501012995,NABIL,29,28,193,882.00,"170,226.00"
2019-04-25,2019042501012883,NABIL,29,19,100,882.00,"88,200.00"
2019-04-25,2019042501012755,NABIL,29,34,207,882.00,"182,574.00"
2019-04-25,2019042501012754,NABIL,29,34,293,882.00,"258,426.00"
2019-04-25,2019042501013028,NABILP,56,28,190,839.00,"159,410.00"
2019-04-25,2019042501013027,NABILP,32,28,110,840.00,"92,400.00"
2019-04-25,2019042501012990,NABILP,58,28,200,841.00,"168,200.00"
2019-04-25,2019042501012875,NABILP,7,59,10,846.00,"8,460.00"
2019-04-25,2019042501012740,NADEP,43,41,20,522.00,"10,440.00"
2019-04-25,2019042501013058,NBB,25,34,500,239.00,"119,500.00"
2019-04-25,2019042501012988,NBB,58,43,10,240.00,"2,400.00"
2019-04-25,2019042501012970,NBB,38,50,200,238.00,"47,600.00"
2019-04-25,2019042501012767,NBB,16,43,"1,433",236.00,"338,188.00"
2019-04-25,2019042501012766,NBB,25,43,67,237.00,"15,879.00"
2019-04-25,2019042501012765,NBB,34,43,500,237.00,"118,500.00"
2019-04-25,2019042501013146,NBL,44,4,100,315.00,"31,500.00"
2019-04-25,2019042501013125,NBL,33,4,100,317.00,"31,700.00"
2019-04-25,2019042501013069,NBL,44,4,"1,350",315.00,"425,250.00"
2019-04-25,2019042501013068,NBL,34,4,650,316.00,"205,400.00"
2019-04-25,2019042501013065,NBL,34,44,350,316.00,"110,600.00"
2019-04-25,2019042501013064,NBL,1,44,200,316.00,"63,200.00"
2019-04-25,2019042501013063,NBL,48,44,200,316.00,"63,200.00"
2019-04-25,2019042501013062,NBL,5,44,250,316.00,"79,000.00"
2019-04-25,2019042501012774,NBL,41,4,"1,500",317.00,"475,500.00"
2019-04-25,2019042501012756,NBL,5,52,400,316.00,"126,400.00"
2019-04-25,2019042501012713,NBL,5,57,200,316.00,"63,200.00"
2019-04-25,2019042501013116,NCCB,34,32,200,241.00,"48,200.00"
2019-04-25,2019042501013102,NCCB,7,58,"1,000",242.00,"242,000.00"
2019-04-25,2019042501013087,NCCB,5,34,100,241.00,"24,100.00"
2019-04-25,2019042501013039,NCCB,59,58,500,242.00,"121,000.00"
2019-04-25,2019042501013036,NCCB,34,58,775,242.00,"187,550.00"
2019-04-25,2019042501013022,NCCB,34,38,125,242.00,"30,250.00"
2019-04-25,2019042501012827,NCCB,1,34,200,242.00,"48,400.00"
2019-04-25,2019042501012795,NCCB,1,34,248,242.00,"60,016.00"
2019-04-25,2019042501012751,NCCB,1,34,100,242.00,"24,200.00"
2019-04-25,2019042501012703,NCCB,51,36,600,242.00,"145,200.00"
2019-04-25,2019042501012674,NCCB,51,58,"1,275",242.00,"308,550.00"
2019-04-25,2019042501012994,NCCB,34,43,"2,000",242.00,"484,000.00"
2019-04-25,2019042501012993,NCCB,34,50,100,242.00,"24,200.00"
2019-04-25,2019042501012876,NCCB,4,50,200,242.00,"48,400.00"
2019-04-25,2019042501012870,NCCB,5,58,559,243.00,"135,837.00"
2019-04-25,2019042501012838,NCCB,1,58,10,243.00,"2,430.00"
2019-04-25,2019042501012834,NCCB,4,34,"1,452",242.00,"351,384.00"
2019-04-25,2019042501013043,NCDB,5,19,484,139.00,"67,276.00"
2019-04-25,2019042501013109,NHPC,7,48,195,69.00,"13,455.00"
2019-04-25,2019042501013108,NHPC,52,48,305,69.00,"21,045.00"
2019-04-25,2019042501013145,NICA,58,34,10,507.00,"5,070.00"
2019-04-25,2019042501013105,NICA,41,49,346,503.00,"174,038.00"
2019-04-25,2019042501013104,NICA,49,49,500,504.00,"252,000.00"
2019-04-25,2019042501013103,NICA,25,49,600,504.00,"302,400.00"
2019-04-25,2019042501012936,NICA,25,56,350,504.00,"176,400.00"
2019-04-25,2019042501012935,NICA,44,56,450,504.00,"226,800.00"
2019-04-25,2019042501012796,NICA,44,52,200,504.00,"100,800.00"
2019-04-25,2019042501012794,NICA,5,49,200,505.00,"101,000.00"
2019-04-25,2019042501012793,NICA,47,49,200,505.00,"101,000.00"
2019-04-25,2019042501012792,NICA,21,49,445,505.00,"224,725.00"
2019-04-25,2019042501012745,NICA,21,44,55,505.00,"27,775.00"
2019-04-25,2019042501013101,NICL,39,58,50,394.00,"19,700.00"
2019-04-25,2019042501013100,NICL,39,19,50,393.00,"19,650.00"
2019-04-25,2019042501012840,NICL,34,19,100,393.00,"39,300.00"
2019-04-25,2019042501012863,NIL,53,52,521,524.00,"273,004.00"
2019-04-25,2019042501012862,NIL,8,52,100,524.00,"52,400.00"
2019-04-25,2019042501012861,NIL,10,52,100,525.00,"52,500.00"
2019-04-25,2019042501012860,NIL,32,52,250,525.00,"131,250.00"
2019-04-25,2019042501012859,NIL,38,52,100,525.00,"52,500.00"
2019-04-25,2019042501012858,NIL,34,52,429,525.00,"225,225.00"
2019-04-25,2019042501012857,NIL,26,52,500,526.00,"263,000.00"
2019-04-25,2019042501012918,NLBBL,26,26,126,473.00,"59,598.00"
2019-04-25,2019042501013012,NLICL,39,3,100,629.00,"62,900.00"
2019-04-25,2019042501012975,NLICL,42,25,450,627.00,"282,150.00"
2019-04-25,2019042501012974,NLICL,42,3,200,627.00,"125,400.00"
2019-04-25,2019042501012973,NLICL,42,16,658,627.00,"412,566.00"
2019-04-25,2019042501012696,NLICL,19,16,122,627.00,"76,494.00"
2019-04-25,2019042501012695,NLICL,19,34,28,626.00,"17,528.00"
2019-04-25,2019042501013111,NMB,5,22,100,396.00,"39,600.00"
2019-04-25,2019042501012971,NMB,5,50,100,396.00,"39,600.00"
2019-04-25,2019042501012763,NMB,49,50,100,396.00,"39,600.00"
2019-04-25,2019042501012758,NMB,54,45,46,395.00,"18,170.00"
2019-04-25,2019042501012733,NMB,45,45,54,396.00,"21,384.00"
2019-04-25,2019042501012830,NNLB,52,50,10,442.00,"4,420.00"
2019-04-25,2019042501013126,PCBL,49,34,200,363.00,"72,600.00"
2019-04-25,2019042501012873,PCBL,51,53,200,361.00,"72,200.00"
2019-04-25,2019042501012872,PCBL,46,53,300,362.00,"108,600.00"
2019-04-25,2019042501012856,PCBL,46,25,250,362.00,"90,500.00"
2019-04-25,2019042501012855,PCBL,47,25,250,362.00,"90,500.00"
2019-04-25,2019042501012854,PCBL,47,58,50,362.00,"18,100.00"
2019-04-25,2019042501012768,PCBL,47,5,300,361.00,"108,300.00"
2019-04-25,2019042501012728,PCBL,50,58,100,362.00,"36,200.00"
2019-04-25,2019042501012727,PCBL,50,43,400,362.00,"144,800.00"
2019-04-25,2019042501012677,PCBL,38,57,191,361.00,"68,951.00"
2019-04-25,2019042501013047,PFL,58,39,10,141.00,"1,410.00"
2019-04-25,2019042501013115,PIC,6,39,346,"1,033.00","357,418.00"
2019-04-25,2019042501013114,PIC,6,39,116,"1,033.00","119,828.00"
2019-04-25,2019042501013113,PIC,38,39,38,"1,034.00","39,292.00"
2019-04-25,2019042501012984,PIC,6,48,70,"1,039.00","72,730.00"
2019-04-25,2019042501012934,PIC,54,54,60,"1,035.00","62,100.00"
2019-04-25,2019042501012809,PIC,54,54,40,"1,035.00","41,400.00"
2019-04-25,2019042501012806,PIC,54,39,60,"1,035.00","62,100.00"
2019-04-25,2019042501012729,PIC,38,59,62,"1,034.00","64,108.00"
2019-04-25,2019042501012804,PLIC,25,29,192,473.00,"90,816.00"
2019-04-25,2019042501012803,PLIC,58,29,10,473.00,"4,730.00"
2019-04-25,2019042501012802,PLIC,58,29,10,473.00,"4,730.00"
2019-04-25,2019042501012801,PLIC,33,29,500,474.00,"237,000.00"
2019-04-25,2019042501012800,PLIC,49,29,200,475.00,"95,000.00"
2019-04-25,2019042501012799,PLIC,1,29,88,478.00,"42,064.00"
2019-04-25,2019042501012864,PMHPL,56,16,10,109.00,"1,090.00"
2019-04-25,2019042501012759,PMHPL,56,41,10,109.00,"1,090.00"
2019-04-25,2019042501013030,PRIN,28,26,50,430.00,"21,500.00"
2019-04-25,2019042501013005,PRIN,13,56,100,427.00,"42,700.00"
2019-04-25,2019042501013004,PRIN,32,56,50,427.00,"21,350.00"
2019-04-25,2019042501013003,PRIN,16,56,500,427.00,"213,500.00"
2019-04-25,2019042501013002,PRIN,54,56,83,427.00,"35,441.00"
2019-04-25,2019042501013001,PRIN,41,56,50,428.00,"21,400.00"
2019-04-25,2019042501013000,PRIN,57,56,50,428.00,"21,400.00"
2019-04-25,2019042501012844,PRIN,38,26,200,430.00,"86,000.00"
2019-04-25,2019042501012761,PRIN,57,58,150,428.00,"64,200.00"
2019-04-25,2019042501012760,PRIN,58,58,150,428.00,"64,200.00"
2019-04-25,2019042501012676,PRVU,5,26,12,297.00,"3,564.00"
2019-04-25,2019042501012719,PRVU,5,34,188,297.00,"55,836.00"
2019-04-25,2019042501012681,PRVU,49,21,250,298.00,"74,500.00"
2019-04-25,2019042501012680,PRVU,49,58,750,298.00,"223,500.00"
2019-04-25,2019042501012848,PRVU,50,21,548,298.00,"163,304.00"
2019-04-25,2019042501012847,PRVU,50,39,300,297.00,"89,100.00"
2019-04-25,2019042501012846,PRVU,50,34,812,297.00,"241,164.00"
2019-04-25,2019042501012689,RBCLPO,37,4,30,"8,250.00","247,500.00"
2019-04-25,2019042501012688,RBCLPO,33,4,20,"8,260.00","165,200.00"
2019-04-25,2019042501012687,RBCLPO,7,4,20,"8,262.00","165,240.00"
2019-04-25,2019042501012686,RBCLPO,25,4,10,"8,265.00","82,650.00"
2019-04-25,2019042501013008,RMDC,47,10,200,580.00,"116,000.00"
2019-04-25,2019042501013007,RMDC,19,10,200,580.00,"116,000.00"
2019-04-25,2019042501013006,RMDC,25,10,100,583.00,"58,300.00"
2019-04-25,2019042501012917,RSDC,41,13,8,394.00,"3,152.00"
2019-04-25,2019042501012916,RSDC,34,13,80,395.00,"31,600.00"
2019-04-25,2019042501012899,RSDC,34,29,43,389.00,"16,727.00"
2019-04-25,2019042501013117,SADBL,38,42,100,162.00,"16,200.00"
2019-04-25,2019042501013034,SADBL,59,59,300,164.00,"49,200.00"
2019-04-25,2019042501013033,SADBL,59,59,246,162.00,"39,852.00"
2019-04-25,2019042501012985,SADBL,59,59,254,162.00,"41,148.00"
2019-04-25,2019042501012983,SADBL,59,47,200,162.00,"32,400.00"
2019-04-25,2019042501012982,SADBL,59,58,"2,400",162.00,"388,800.00"
2019-04-25,2019042501012929,SADBL,59,34,"1,000",156.00,"156,000.00"
2019-04-25,2019042501012928,SADBL,59,42,204,156.00,"31,824.00"
2019-04-25,2019042501012927,SADBL,59,58,"1,000",155.00,"155,000.00"
2019-04-25,2019042501012946,SADBL,59,28,"1,000",157.00,"157,000.00"
2019-04-25,2019042501012945,SADBL,59,33,"1,000",157.00,"157,000.00"
2019-04-25,2019042501012944,SADBL,59,34,100,157.00,"15,700.00"
2019-04-25,2019042501012932,SADBL,59,43,200,156.00,"31,200.00"
2019-04-25,2019042501012931,SADBL,59,49,120,156.00,"18,720.00"
2019-04-25,2019042501012930,SADBL,59,42,"2,000",156.00,"312,000.00"
2019-04-25,2019042501012952,SADBL,59,6,200,159.00,"31,800.00"
2019-04-25,2019042501012951,SADBL,59,33,533,159.00,"84,747.00"
2019-04-25,2019042501012950,SADBL,59,58,"1,000",159.00,"159,000.00"
2019-04-25,2019042501012949,SADBL,59,47,349,158.00,"55,142.00"
2019-04-25,2019042501012948,SADBL,59,39,"1,400",158.00,"221,200.00"
2019-04-25,2019042501012947,SADBL,59,16,150,158.00,"23,700.00"
2019-04-25,2019042501012981,SADBL,59,59,300,162.00,"48,600.00"
2019-04-25,2019042501012980,SADBL,59,39,100,161.00,"16,100.00"
2019-04-25,2019042501012979,SADBL,59,28,990,161.00,"159,390.00"
2019-04-25,2019042501012978,SADBL,59,47,500,160.00,"80,000.00"
2019-04-25,2019042501012942,SANIMA,21,43,50,363.00,"18,150.00"
2019-04-25,2019042501012764,SANIMA,29,52,100,361.00,"36,100.00"
2019-04-25,2019042501012726,SANIMA,29,29,88,361.00,"31,768.00"
2019-04-25,2019042501012725,SANIMA,39,29,94,361.00,"33,934.00"
2019-04-25,2019042501012724,SANIMA,34,29,120,362.00,"43,440.00"
2019-04-25,2019042501012722,SANIMA,22,43,330,363.00,"119,790.00"
2019-04-25,2019042501012721,SANIMA,22,6,400,363.00,"145,200.00"
2019-04-25,2019042501012720,SANIMA,22,45,270,363.00,"98,010.00"
2019-04-25,2019042501012670,SANIMA,19,45,105,363.00,"38,115.00"
2019-04-25,2019042501012667,SANIMA,34,45,30,362.00,"10,860.00"
2019-04-25,2019042501012906,SBI,42,32,50,508.00,"25,400.00"
2019-04-25,2019042501012905,SBI,44,32,20,513.00,"10,260.00"
2019-04-25,2019042501012887,SBI,44,3,200,513.00,"102,600.00"
2019-04-25,2019042501012886,SBI,44,25,84,513.00,"43,092.00"
2019-04-25,2019042501012885,SBI,44,35,96,513.00,"49,248.00"
2019-04-25,2019042501012884,SBI,44,22,100,513.00,"51,300.00"
2019-04-25,2019042501012805,SBI,41,57,"1,000",509.00,"509,000.00"
2019-04-25,2019042501012732,SBI,34,43,500,512.00,"256,000.00"
2019-04-25,2019042501012731,SBI,34,55,30,512.00,"15,360.00"
2019-04-25,2019042501013149,SBL,43,52,204,350.00,"71,400.00"
2019-04-25,2019042501013144,SBL,43,26,244,350.00,"85,400.00"
2019-04-25,2019042501013143,SBL,48,26,100,350.00,"35,000.00"
2019-04-25,2019042501013142,SBL,47,26,100,350.00,"35,000.00"
2019-04-25,2019042501013141,SBL,13,26,500,350.00,"175,000.00"
2019-04-25,2019042501013140,SBL,47,26,500,350.00,"175,000.00"
2019-04-25,2019042501012831,SBL,43,52,17,351.00,"5,967.00"
2019-04-25,2019042501012744,SBL,52,52,91,352.00,"32,032.00"
2019-04-25,2019042501012707,SBL,52,19,250,352.00,"88,000.00"
2019-04-25,2019042501012706,SBL,38,19,200,352.00,"70,400.00"
2019-04-25,2019042501012705,SBL,59,19,100,352.00,"35,200.00"
2019-04-25,2019042501012954,SBL,45,43,500,351.00,"175,500.00"
2019-04-25,2019042501012953,SBL,48,43,167,351.00,"58,617.00"
2019-04-25,2019042501012909,SBL,21,4,50,352.00,"17,600.00"
2019-04-25,2019042501012881,SBL,52,4,100,352.00,"35,200.00"
2019-04-25,2019042501012833,SBL,48,52,133,351.00,"46,683.00"
2019-04-25,2019042501012832,SBL,48,52,100,351.00,"35,100.00"
2019-04-25,2019042501013133,SBL,39,26,150,351.00,"52,650.00"
2019-04-25,2019042501013132,SBL,25,26,667,351.00,"234,117.00"
2019-04-25,2019042501013079,SBL,39,21,200,353.00,"70,600.00"
2019-04-25,2019042501013054,SBL,20,21,100,353.00,"35,300.00"
2019-04-25,2019042501013035,SBL,25,4,996,352.00,"350,592.00"
2019-04-25,2019042501012955,SBL,25,43,333,351.00,"116,883.00"
2019-04-25,2019042501013139,SBL,42,26,200,350.00,"70,000.00"
2019-04-25,2019042501013138,SBL,53,26,300,350.00,"105,000.00"
2019-04-25,2019042501013137,SBL,46,26,200,350.00,"70,000.00"
2019-04-25,2019042501013136,SBL,39,26,50,350.00,"17,500.00"
2019-04-25,2019042501013135,SBL,39,26,500,350.00,"175,000.00"
2019-04-25,2019042501013134,SBL,26,26,489,350.00,"171,150.00"
2019-04-25,2019042501013025,SCB,28,56,123,723.00,"88,929.00"
2019-04-25,2019042501012960,SCB,14,32,50,724.00,"36,200.00"
2019-04-25,2019042501012957,SCB,46,32,100,724.00,"72,400.00"
2019-04-25,2019042501012956,SCB,52,32,100,724.00,"72,400.00"
2019-04-25,2019042501012810,SCB,28,29,24,724.00,"17,376.00"
2019-04-25,2019042501012959,SEF,1,40,"7,000",9.96,"69,720.00"
2019-04-25,2019042501012958,SEF,1,7,"3,000",9.94,"29,820.00"
2019-04-25,2019042501012967,SHL,40,54,200,222.00,"44,400.00"
2019-04-25,2019042501012966,SHL,40,43,100,222.00,"22,200.00"
2019-04-25,2019042501012965,SHL,40,58,"1,000",222.00,"222,000.00"
2019-04-25,2019042501012911,SHL,40,56,680,221.00,"150,280.00"
2019-04-25,2019042501013083,SIC,52,55,139,"1,325.00","184,175.00"
2019-04-25,2019042501013038,SIL,44,17,50,615.00,"30,750.00"
2019-04-25,2019042501013110,SKBBL,17,48,305,"1,009.00","307,745.00"
2019-04-25,2019042501013041,SKBBL,41,48,90,"1,009.00","90,810.00"
2019-04-25,2019042501013040,SKBBL,41,56,10,"1,009.00","10,090.00"
2019-04-25,2019042501012910,SKBBL,5,56,20,"1,009.00","20,180.00"
2019-04-25,2019042501012821,SKBBL,42,55,500,"1,002.00","501,000.00"
2019-04-25,2019042501012912,SLICL,7,48,97,549.00,"53,253.00"
2019-04-25,2019042501012891,SLICL,40,48,200,551.00,"110,200.00"
2019-04-25,2019042501012775,SLICL,6,48,100,551.00,"55,100.00"
2019-04-25,2019042501013131,SMATA,41,39,10,"1,245.00","12,450.00"
2019-04-25,2019042501013099,SRBL,43,41,500,272.00,"136,000.00"
2019-04-25,2019042501013098,SRBL,43,11,"1,000",272.00,"272,000.00"
2019-04-25,2019042501013097,SRBL,43,49,100,272.00,"27,200.00"
2019-04-25,2019042501013096,SRBL,43,28,20,271.00,"5,420.00"
2019-04-25,2019042501013095,SRBL,43,43,"1,000",270.00,"270,000.00"
2019-04-25,2019042501013094,SRBL,43,21,185,270.00,"49,950.00"
2019-04-25,2019042501012893,SRBL,4,34,876,268.00,"234,768.00"
2019-04-25,2019042501012892,SRBL,44,34,124,268.00,"33,232.00"
2019-04-25,2019042501012850,SRBL,44,50,876,268.00,"234,768.00"
2019-04-25,2019042501012849,SRBL,4,50,124,268.00,"33,232.00"
2019-04-25,2019042501012738,SRBL,4,19,98,268.00,"26,264.00"
2019-04-25,2019042501013093,SRBL,43,34,198,267.00,"52,866.00"
2019-04-25,2019042501013056,SRBL,53,34,500,267.00,"133,500.00"
2019-04-25,2019042501013055,SRBL,4,34,653,267.00,"174,351.00"
2019-04-25,2019042501012925,SRBL,4,53,347,267.00,"92,649.00"
2019-04-25,2019042501012924,SRBL,53,53,29,267.00,"7,743.00"
2019-04-25,2019042501012923,SRBL,4,53,124,268.00,"33,232.00"
2019-04-25,2019042501012939,SWBBL,49,25,50,918.00,"45,900.00"
2019-04-25,2019042501012938,SWBBL,49,34,20,918.00,"18,360.00"
2019-04-25,2019042501012937,SWBBL,49,21,30,910.00,"27,300.00"
2019-04-25,2019042501012904,SWBBL,49,21,70,910.00,"63,700.00"
2019-04-25,2019042501012903,SWBBL,49,32,100,910.00,"91,000.00"
2019-04-25,2019042501012902,SWBBL,49,55,500,901.00,"450,500.00"
2019-04-25,2019042501012901,SWBBL,49,25,100,900.00,"90,000.00"
2019-04-25,2019042501012900,SWBBL,49,29,10,900.00,"9,000.00"
2019-04-25,2019042501013032,TRH,45,6,50,234.00,"11,700.00"
2019-04-25,2019042501012750,UFL,36,28,520,195.00,"101,400.00"
2019-04-25,2019042501012841,UIC,34,32,100,935.00,"93,500.00"
2019-04-25,2019042501012682,UIC,53,41,50,930.00,"46,500.00"
2019-04-25,2019042501013086,UPCL,5,25,10,94.00,940.00
2019-04-25,2019042501013085,UPCL,5,39,100,93.00,"9,300.00"
2019-04-25,2019042501013084,UPCL,5,54,100,92.00,"9,200.00"
2019-04-25,2019042501013029,UPCL,42,57,"1,100",90.00,"99,000.00"
2019-04-25,2019042501012895,UPCL,59,6,700,89.00,"62,300.00"
2019-04-25,2019042501013053,UPPER,34,44,40,227.00,"9,080.00"
2019-04-25,2019042501013031,UPPER,34,39,50,227.00,"11,350.00"
2019-04-25,2019042501012940,UPPER,34,44,40,227.00,"9,080.00"
2019-04-25,2019042501012898,UPPER,34,44,40,227.00,"9,080.00"
2019-04-25,2019042501012853,UPPER,34,49,918,227.00,"208,386.00"
2019-04-25,2019042501012852,UPPER,53,49,82,228.00,"18,696.00"
2019-04-25,2019042501012839,UPPER,53,33,293,228.00,"66,804.00"
2019-04-25,2019042501012826,UPPER,53,44,50,228.00,"11,400.00"
2019-04-25,2019042501012822,UPPER,53,41,40,228.00,"9,120.00"
2019-04-25,2019042501012773,UPPER,53,41,40,228.00,"9,120.00"
2019-04-25,2019042501012749,UPPER,53,44,50,228.00,"11,400.00"
2019-04-25,2019042501012718,UPPER,53,44,40,228.00,"9,120.00"
2019-04-25,2019042501012650,ADBL,58,40,55,389.00,"21,395.00"
2019-04-25,2019042501012649,ADBL,58,42,500,388.00,"194,000.00"
2019-04-25,2019042501012648,ADBL,58,43,100,387.00,"38,700.00"
2019-04-25,2019042501012501,ADBL,45,51,30,385.00,"11,550.00"
2019-04-25,2019042501012457,ADBL,45,43,"1,000",385.00,"385,000.00"
2019-04-25,2019042501012456,ADBL,29,43,"1,000",385.00,"385,000.00"
2019-04-25,2019042501012341,ADBL,14,42,75,388.00,"29,100.00"
2019-04-25,2019042501012340,ADBL,14,42,100,388.00,"38,800.00"
2019-04-25,2019042501012339,ADBL,14,22,130,387.00,"50,310.00"
2019-04-25,2019042501012455,ADBL,57,43,400,386.00,"154,400.00"
2019-04-25,2019042501012454,ADBL,6,43,100,386.00,"38,600.00"
2019-04-25,2019042501012453,ADBL,43,43,500,387.00,"193,500.00"
2019-04-25,2019042501012344,ADBL,14,40,445,389.00,"173,105.00"
2019-04-25,2019042501012343,ADBL,14,41,200,389.00,"77,800.00"
2019-04-25,2019042501012342,ADBL,14,47,50,389.00,"19,450.00"
2019-04-25,2019042501012235,AHPC,13,51,64,100.00,"6,400.00"
2019-04-25,2019042501012234,AHPC,26,51,48,100.00,"4,800.00"
2019-04-25,2019042501012184,AKPL,52,45,287,167.00,"47,929.00"
2019-04-25,2019042501012647,ALBSL,57,7,10,462.00,"4,620.00"
2019-04-25,2019042501012514,ALBSL,25,7,10,463.00,"4,630.00"
2019-04-25,2019042501012483,ALBSL,25,7,10,463.00,"4,630.00"
2019-04-25,2019042501012261,ALBSL,25,41,10,463.00,"4,630.00"
2019-04-25,2019042501012407,ALICL,45,28,100,421.00,"42,100.00"
2019-04-25,2019042501012383,ALICL,45,25,100,420.00,"42,000.00"
2019-04-25,2019042501012299,ALICL,17,56,32,417.00,"13,344.00"
2019-04-25,2019042501012298,ALICL,32,56,100,418.00,"41,800.00"
2019-04-25,2019042501012297,ALICL,25,56,500,418.00,"209,000.00"
2019-04-25,2019042501012296,ALICL,43,56,200,419.00,"83,800.00"
2019-04-25,2019042501012420,API,25,45,52,131.00,"6,812.00"
2019-04-25,2019042501012287,API,43,25,190,129.00,"24,510.00"
2019-04-25,2019042501012286,API,42,25,"1,239",129.00,"159,831.00"
2019-04-25,2019042501012285,API,29,25,71,130.00,"9,230.00"
2019-04-25,2019042501012422,BHBL,4,57,50,171.00,"8,550.00"
2019-04-25,2019042501012157,BHBL,40,33,"1,000",169.00,"169,000.00"
2019-04-25,2019042501012505,BOKL,32,39,12,297.00,"3,564.00"
2019-04-25,2019042501012482,BOKL,16,43,149,295.00,"43,955.00"
2019-04-25,2019042501012481,BOKL,16,43,300,295.00,"88,500.00"
2019-04-25,2019042501012480,BOKL,19,43,300,295.00,"88,500.00"
2019-04-25,2019042501012479,BOKL,6,43,680,295.00,"200,600.00"
2019-04-25,2019042501012478,BOKL,7,43,71,295.00,"20,945.00"
2019-04-25,2019042501012477,BOKL,51,43,500,296.00,"148,000.00"
2019-04-25,2019042501012212,BOKL,39,5,331,296.00,"97,976.00"
2019-04-25,2019042501012211,BOKL,39,51,300,296.00,"88,800.00"
2019-04-25,2019042501012210,BOKL,39,48,300,296.00,"88,800.00"
2019-04-25,2019042501012332,BPCL,39,58,500,368.00,"184,000.00"
2019-04-25,2019042501012331,BPCL,39,51,13,368.00,"4,784.00"
2019-04-25,2019042501012541,CBBL,32,19,400,"1,030.00","412,000.00"
2019-04-25,2019042501012504,CBBL,32,54,50,"1,028.00","51,400.00"
2019-04-25,2019042501012484,CBBL,56,39,130,"1,022.00","132,860.00"
2019-04-25,2019042501012471,CBBL,50,39,421,"1,022.00","430,262.00"
2019-04-25,2019042501012470,CBBL,59,39,50,"1,023.00","51,150.00"
2019-04-25,2019042501012444,CBBL,50,42,379,"1,022.00","387,338.00"
2019-04-25,2019042501012213,CBBL,32,44,300,"1,024.00","307,200.00"
2019-04-25,2019042501012333,CBBL,25,5,100,"1,022.00","102,200.00"
2019-04-25,2019042501012320,CBBL,1,19,15,"1,025.00","15,375.00"
2019-04-25,2019042501012242,CBBL,21,19,10,"1,025.00","10,250.00"
2019-04-25,2019042501012231,CBBL,32,19,141,"1,025.00","144,525.00"
2019-04-25,2019042501012230,CBBL,32,34,259,"1,025.00","265,475.00"
2019-04-25,2019042501012229,CBBL,44,34,50,"1,025.00","51,250.00"
2019-04-25,2019042501012443,CBBL,51,42,121,"1,022.00","123,662.00"
2019-04-25,2019042501012437,CBBL,32,54,400,"1,028.00","411,200.00"
2019-04-25,2019042501012385,CBBL,44,54,50,"1,028.00","51,400.00"
2019-04-25,2019042501012381,CBBL,32,13,300,"1,027.00","308,100.00"
2019-04-25,2019042501012361,CBBL,32,19,234,"1,025.00","239,850.00"
2019-04-25,2019042501012334,CBBL,51,5,179,"1,022.00","182,938.00"
2019-04-25,2019042501012613,CBL,41,42,906,162.00,"146,772.00"
2019-04-25,2019042501012612,CBL,55,42,94,162.00,"15,228.00"
2019-04-25,2019042501012592,CBL,50,58,100,163.00,"16,300.00"
2019-04-25,2019042501012556,CBL,55,5,331,162.00,"53,622.00"
2019-04-25,2019042501012486,CBL,55,57,75,161.00,"12,075.00"
2019-04-25,2019042501012485,CBL,26,57,25,161.00,"4,025.00"
2019-04-25,2019042501012278,CBL,42,43,150,162.00,"24,300.00"
2019-04-25,2019042501012277,CBL,48,43,"2,000",162.00,"324,000.00"
2019-04-25,2019042501012276,CBL,48,43,"1,000",162.00,"162,000.00"
2019-04-25,2019042501012275,CBL,38,43,"2,000",162.00,"324,000.00"
2019-04-25,2019042501012274,CBL,41,43,650,162.00,"105,300.00"
2019-04-25,2019042501012273,CBL,21,43,145,162.00,"23,490.00"
2019-04-25,2019042501012645,CCBL,56,34,429,181.00,"77,649.00"
2019-04-25,2019042501012644,CCBL,32,34,"1,000",181.00,"181,000.00"
2019-04-25,2019042501012643,CCBL,16,34,500,181.00,"90,500.00"
2019-04-25,2019042501012642,CCBL,57,34,465,181.00,"84,165.00"
2019-04-25,2019042501012604,CCBL,32,39,13,182.00,"2,366.00"
2019-04-25,2019042501012566,CCBL,59,39,300,182.00,"54,600.00"
2019-04-25,2019042501012410,CCBL,58,17,50,183.00,"9,150.00"
2019-04-25,2019042501012374,CCBL,52,17,100,183.00,"18,300.00"
2019-04-25,2019042501012373,CCBL,52,1,100,182.00,"18,200.00"
2019-04-25,2019042501012348,CCBL,59,1,200,182.00,"36,400.00"
2019-04-25,2019042501012303,CCBL,59,22,100,182.00,"18,200.00"
2019-04-25,2019042501012636,CFCL,59,22,223,109.00,"24,307.00"
2019-04-25,2019042501012438,CFCL,1,22,500,110.00,"55,000.00"
2019-04-25,2019042501012218,CHCL,14,48,84,511.00,"42,924.00"
2019-04-25,2019042501012546,CHLBS,7,52,30,490.00,"14,700.00"
2019-04-25,2019042501012545,CHLBS,8,52,20,491.00,"9,820.00"
2019-04-25,2019042501012597,CIT,22,6,40,"2,488.00","99,520.00"
2019-04-25,2019042501012311,CIT,41,41,75,"2,490.00","186,750.00"
2019-04-25,2019042501012232,CIT,16,16,60,"2,480.00","148,800.00"
2019-04-25,2019042501012161,CIT,55,16,10,"2,480.00","24,800.00"
2019-04-25,2019042501012421,CZBIL,5,25,10,236.00,"2,360.00"
2019-04-25,2019042501012380,CZBIL,17,41,10,235.00,"2,350.00"
2019-04-25,2019042501012319,CZBIL,58,25,50,236.00,"11,800.00"
2019-04-25,2019042501012318,CZBIL,33,25,"2,000",236.00,"472,000.00"
2019-04-25,2019042501012317,CZBIL,22,25,500,236.00,"118,000.00"
2019-04-25,2019042501012164,CZBIL,59,25,598,238.00,"142,324.00"
2019-04-25,2019042501012160,CZBIL,59,41,10,238.00,"2,380.00"
2019-04-25,2019042501012153,CZBIL,59,38,32,238.00,"7,616.00"
2019-04-25,2019042501012316,CZBIL,59,25,613,236.00,"144,668.00"
2019-04-25,2019042501012315,CZBIL,35,25,150,237.00,"35,550.00"
2019-04-25,2019042501012314,CZBIL,52,25,100,237.00,"23,700.00"
2019-04-25,2019042501012313,CZBIL,40,25,77,237.00,"18,249.00"
2019-04-25,2019042501012294,CZBIL,40,41,10,237.00,"2,370.00"
2019-04-25,2019042501012182,CZBIL,40,41,10,237.00,"2,370.00"
2019-04-25,2019042501012560,DBBL,10,52,100,137.00,"13,700.00"
2019-04-25,2019042501012465,DBBL,10,58,"4,050",137.00,"554,850.00"
2019-04-25,2019042501012447,DBBL,51,54,100,138.00,"13,800.00"
2019-04-25,2019042501012392,DBBL,29,54,315,138.00,"43,470.00"
2019-04-25,2019042501012391,DBBL,29,54,685,138.00,"94,530.00"
2019-04-25,2019042501012336,DBBL,29,54,100,138.00,"13,800.00"
2019-04-25,2019042501012154,DBBL,10,58,50,137.00,"6,850.00"
2019-04-25,2019042501012335,DBBL,29,55,900,138.00,"124,200.00"
2019-04-25,2019042501012269,DBBL,10,58,950,137.00,"130,150.00"
2019-04-25,2019042501012178,DBBL,1,58,36,136.00,"4,896.00"
2019-04-25,2019042501012177,DBBL,38,58,"1,000",136.00,"136,000.00"
2019-04-25,2019042501012176,DBBL,5,58,964,136.00,"131,104.00"
2019-04-25,2019042501012162,DBBL,5,45,36,136.00,"4,896.00"
2019-04-25,2019042501012617,EBL,14,11,50,673.00,"33,650.00"
2019-04-25,2019042501012616,EBL,22,11,50,674.00,"33,700.00"
2019-04-25,2019042501012558,GBBL,32,35,200,219.00,"43,800.00"
2019-04-25,2019042501012389,GBBL,6,10,"2,000",219.00,"438,000.00"
2019-04-25,2019042501012272,GBBL,1,39,100,221.00,"22,100.00"
2019-04-25,2019042501012552,GBIME,29,38,106,323.00,"34,238.00"
2019-04-25,2019042501012506,GBIME,45,1,100,324.00,"32,400.00"
2019-04-25,2019042501012354,GBIME,38,1,50,324.00,"16,200.00"
2019-04-25,2019042501012351,GBIME,45,1,200,324.00,"64,800.00"
2019-04-25,2019042501012295,GBIME,38,32,200,323.00,"64,600.00"
2019-04-25,2019042501012159,GBIME,38,26,400,323.00,"129,200.00"
2019-04-25,2019042501012158,GBIME,38,58,249,323.00,"80,427.00"
2019-04-25,2019042501012166,GBLBS,22,53,50,345.00,"17,250.00"
2019-04-25,2019042501012165,GBLBS,38,38,10,344.00,"3,440.00"
2019-04-25,2019042501012151,GBLBS,42,58,10,343.00,"3,430.00"
2019-04-25,2019042501012347,GDBL,21,32,100,215.00,"21,500.00"
2019-04-25,2019042501012425,GDBL,38,32,50,215.00,"10,750.00"
2019-04-25,2019042501012569,HBL,34,36,30,580.00,"17,400.00"
2019-04-25,2019042501012240,HBL,6,36,157,580.00,"91,060.00"
2019-04-25,2019042501012239,HBL,6,32,10,580.00,"5,800.00"
2019-04-25,2019042501012238,HBL,6,3,300,580.00,"174,000.00"
2019-04-25,2019042501012279,IGI,17,41,100,415.00,"41,500.00"
2019-04-25,2019042501012259,IGI,58,13,30,417.00,"12,510.00"
2019-04-25,2019042501012280,IGI,5,41,400,414.00,"165,600.00"
2019-04-25,2019042501012608,JBBL,38,47,83,147.00,"12,201.00"
2019-04-25,2019042501012607,JBBL,38,50,15,147.00,"2,205.00"
2019-04-25,2019042501012606,JBBL,38,7,400,147.00,"58,800.00"
2019-04-25,2019042501012382,JBBL,38,47,50,147.00,"7,350.00"
2019-04-25,2019042501012329,JBBL,38,51,216,146.00,"31,536.00"
2019-04-25,2019042501012540,JBNL,25,25,500,208.00,"104,000.00"
2019-04-25,2019042501012539,JBNL,25,56,200,208.00,"41,600.00"
2019-04-25,2019042501012538,JBNL,25,49,572,208.00,"118,976.00"
2019-04-25,2019042501012537,JBNL,25,34,500,208.00,"104,000.00"
2019-04-25,2019042501012536,JBNL,25,33,472,208.00,"98,176.00"
2019-04-25,2019042501012535,JBNL,25,43,500,208.00,"104,000.00"
2019-04-25,2019042501012474,JBNL,40,54,250,207.00,"51,750.00"
2019-04-25,2019042501012404,JBNL,40,39,860,206.00,"177,160.00"
2019-04-25,2019042501012403,JBNL,32,39,140,206.00,"28,840.00"
2019-04-25,2019042501012367,JBNL,38,54,50,207.00,"10,350.00"
2019-04-25,2019042501012301,JBNL,32,50,860,206.00,"177,160.00"
2019-04-25,2019042501012300,JBNL,25,50,140,206.00,"28,840.00"
2019-04-25,2019042501012534,JBNL,25,1,300,208.00,"62,400.00"
2019-04-25,2019042501012533,JBNL,25,6,100,208.00,"20,800.00"
2019-04-25,2019042501012532,JBNL,25,51,150,208.00,"31,200.00"
2019-04-25,2019042501012531,JBNL,25,47,500,208.00,"104,000.00"
2019-04-25,2019042501012476,JBNL,40,39,"1,000",207.00,"207,000.00"
2019-04-25,2019042501012475,JBNL,40,4,"2,000",207.00,"414,000.00"
2019-04-25,2019042501012530,KBL,45,58,100,235.00,"23,500.00"
2019-04-25,2019042501012503,KBL,43,51,"1,027",234.00,"240,318.00"
2019-04-25,2019042501012355,KBL,43,51,673,234.00,"157,482.00"
2019-04-25,2019042501012350,KBL,21,58,200,235.00,"47,000.00"
2019-04-25,2019042501012179,KBL,43,51,327,234.00,"76,518.00"
2019-04-25,2019042501012565,KSBBL,8,32,290,153.00,"44,370.00"
2019-04-25,2019042501012386,KSBBL,32,32,500,152.00,"76,000.00"
2019-04-25,2019042501012262,KSBBL,32,32,200,153.00,"30,600.00"
2019-04-25,2019042501012632,LBBL,44,28,100,196.00,"19,600.00"
2019-04-25,2019042501012596,LBBL,56,28,400,196.00,"78,400.00"
2019-04-25,2019042501012488,LBBL,39,28,50,196.00,"9,800.00"
2019-04-25,2019042501012387,LBBL,34,28,200,196.00,"39,200.00"
2019-04-25,2019042501012369,LBBL,49,28,88,196.00,"17,248.00"
2019-04-25,2019042501012174,LBBL,49,19,12,196.00,"2,352.00"
2019-04-25,2019042501012173,LBBL,59,19,50,196.00,"9,800.00"
2019-04-25,2019042501012183,LBL,38,38,30,240.00,"7,200.00"
2019-04-25,2019042501012594,LGIL,22,21,40,520.00,"20,800.00"
2019-04-25,2019042501012584,LGIL,22,21,50,520.00,"26,000.00"
2019-04-25,2019042501012555,LGIL,45,45,100,527.00,"52,700.00"
2019-04-25,2019042501012393,LGIL,42,45,55,527.00,"28,985.00"
2019-04-25,2019042501012378,LGIL,16,38,500,526.00,"263,000.00"
2019-04-25,2019042501012370,LICN,42,35,168,"1,690.00","283,920.00"
2019-04-25,2019042501012568,MBL,51,43,750,273.00,"204,750.00"
2019-04-25,2019042501012547,MBL,51,35,82,273.00,"22,386.00"
2019-04-25,2019042501012415,MBL,21,26,20,274.00,"5,480.00"
2019-04-25,2019042501012414,MBL,34,26,800,274.00,"219,200.00"
2019-04-25,2019042501012413,MBL,36,26,300,275.00,"82,500.00"
2019-04-25,2019042501012379,MDB,14,16,100,255.00,"25,500.00"
2019-04-25,2019042501012302,MDB,14,1,100,254.00,"25,400.00"
2019-04-25,2019042501012291,MDB,50,1,100,254.00,"25,400.00"
2019-04-25,2019042501012186,MDB,50,28,500,254.00,"127,000.00"
2019-04-25,2019042501012631,MEGA,14,34,357,194.00,"69,258.00"
2019-04-25,2019042501012630,MEGA,46,34,643,194.00,"124,742.00"
2019-04-25,2019042501012293,MEGA,46,13,311,194.00,"60,334.00"
2019-04-25,2019042501012412,MERO,52,25,16,625.00,"10,000.00"
2019-04-25,2019042501012209,MLBBL,46,47,175,475.00,"83,125.00"
2019-04-25,2019042501012564,MLBL,59,11,70,195.00,"13,650.00"
2019-04-25,2019042501012188,MLBL,33,11,500,196.00,"98,000.00"
2019-04-25,2019042501012310,MNBBL,1,32,200,392.00,"78,400.00"
2019-04-25,2019042501012260,MNBBL,28,32,150,394.00,"59,100.00"
2019-04-25,2019042501012418,MSLB,58,26,50,"1,220.00","61,000.00"
2019-04-25,2019042501012563,MSMBS,48,45,440,520.00,"228,800.00"
2019-04-25,2019042501012562,MSMBS,48,50,11,517.00,"5,687.00"
2019-04-25,2019042501012561,MSMBS,48,52,49,517.00,"25,333.00"
2019-04-25,2019042501012500,NABIL,29,19,207,882.00,"182,574.00"
2019-04-25,2019042501012185,NABIL,41,41,200,882.00,"176,400.00"
2019-04-25,2019042501012473,NABILP,44,42,450,841.00,"378,450.00"
2019-04-25,2019042501012588,NADEP,43,44,10,522.00,"5,220.00"
2019-04-25,2019042501012554,NADEP,43,44,10,522.00,"5,220.00"
2019-04-25,2019042501012496,NADEP,28,6,50,528.00,"26,400.00"
2019-04-25,2019042501012495,NADEP,28,4,20,528.00,"10,560.00"
2019-04-25,2019042501012494,NADEP,28,44,10,523.00,"5,230.00"
2019-04-25,2019042501012493,NADEP,28,44,10,523.00,"5,230.00"
2019-04-25,2019042501012492,NADEP,28,44,10,523.00,"5,230.00"
2019-04-25,2019042501012337,NADEP,43,41,25,522.00,"13,050.00"
2019-04-25,2019042501012330,NADEP,43,41,20,522.00,"10,440.00"
2019-04-25,2019042501012434,NBB,45,43,49,240.00,"11,760.00"
2019-04-25,2019042501012433,NBB,45,45,51,239.00,"12,189.00"
2019-04-25,2019042501012309,NBB,25,50,100,238.00,"23,800.00"
2019-04-25,2019042501012308,NBB,1,50,500,238.00,"119,000.00"
2019-04-25,2019042501012217,NBB,22,43,200,240.00,"48,000.00"
2019-04-25,2019042501012629,NBL,5,44,150,316.00,"47,400.00"
2019-04-25,2019042501012628,NBL,5,44,"1,000",316.00,"316,000.00"
2019-04-25,2019042501012627,NBL,5,44,"1,000",316.00,"316,000.00"
2019-04-25,2019042501012626,NBL,5,44,350,316.00,"110,600.00"
2019-04-25,2019042501012605,NBL,51,4,"1,300",317.00,"412,100.00"
2019-04-25,2019042501012603,NBL,5,44,650,316.00,"205,400.00"
2019-04-25,2019042501012171,NBL,40,7,310,317.00,"98,270.00"
2019-04-25,2019042501012193,NBL,37,4,150,316.00,"47,400.00"
2019-04-25,2019042501012192,NBL,7,4,"1,000",316.00,"316,000.00"
2019-04-25,2019042501012191,NBL,36,4,"1,000",316.00,"316,000.00"
2019-04-25,2019042501012190,NBL,7,4,"1,000",316.00,"316,000.00"
2019-04-25,2019042501012189,NBL,50,4,500,316.00,"158,000.00"
2019-04-25,2019042501012172,NBL,40,32,20,317.00,"6,340.00"
2019-04-25,2019042501012199,NBL,19,4,"1,000",316.00,"316,000.00"
2019-04-25,2019042501012198,NBL,38,4,50,316.00,"15,800.00"
2019-04-25,2019042501012197,NBL,16,4,500,316.00,"158,000.00"
2019-04-25,2019042501012196,NBL,6,4,650,316.00,"205,400.00"
2019-04-25,2019042501012195,NBL,28,4,"1,000",316.00,"316,000.00"
2019-04-25,2019042501012194,NBL,39,4,500,316.00,"158,000.00"
2019-04-25,2019042501012222,NBL,17,4,20,317.00,"6,340.00"
2019-04-25,2019042501012221,NBL,17,32,480,317.00,"152,160.00"
2019-04-25,2019042501012203,NBL,39,4,950,316.00,"300,200.00"
2019-04-25,2019042501012202,NBL,32,4,500,316.00,"158,000.00"
2019-04-25,2019042501012201,NBL,32,4,200,316.00,"63,200.00"
2019-04-25,2019042501012200,NBL,34,4,"1,000",316.00,"316,000.00"
2019-04-25,2019042501012325,NBL,59,4,700,316.00,"221,200.00"
2019-04-25,2019042501012324,NBL,5,4,"1,000",316.00,"316,000.00"
2019-04-25,2019042501012323,NBL,5,4,"1,000",316.00,"316,000.00"
2019-04-25,2019042501012322,NBL,5,4,"1,000",316.00,"316,000.00"
2019-04-25,2019042501012321,NBL,39,4,50,316.00,"15,800.00"
2019-04-25,2019042501012312,NBL,36,4,"1,000",317.00,"317,000.00"
2019-04-25,2019042501012602,NBL,5,44,"1,000",316.00,"316,000.00"
2019-04-25,2019042501012601,NBL,17,44,400,316.00,"126,400.00"
2019-04-25,2019042501012600,NBL,5,44,200,316.00,"63,200.00"
2019-04-25,2019042501012599,NBL,58,44,250,316.00,"79,000.00"
2019-04-25,2019042501012368,NBL,45,4,100,317.00,"31,700.00"
2019-04-25,2019042501012326,NBL,58,4,750,316.00,"237,000.00"
2019-04-25,2019042501012550,NCCB,32,58,12,242.00,"2,904.00"
2019-04-25,2019042501012459,NCCB,34,58,100,242.00,"24,200.00"
2019-04-25,2019042501012284,NCCB,57,5,"1,320",240.00,"316,800.00"
2019-04-25,2019042501012283,NCCB,14,5,500,240.00,"120,000.00"
2019-04-25,2019042501012282,NCCB,11,5,80,240.00,"19,200.00"
2019-04-25,2019042501012281,NCCB,51,5,100,240.00,"24,000.00"
2019-04-25,2019042501012207,NCCB,44,39,254,242.00,"61,468.00"
2019-04-25,2019042501012206,NCCB,39,39,300,242.00,"72,600.00"
2019-04-25,2019042501012205,NCCB,53,39,300,242.00,"72,600.00"
2019-04-25,2019042501012204,NCCB,1,39,146,242.00,"35,332.00"
2019-04-25,2019042501012267,NCCB,51,32,900,240.00,"216,000.00"
2019-04-25,2019042501012266,NCCB,11,32,100,241.00,"24,100.00"
2019-04-25,2019042501012237,NCCB,58,58,100,242.00,"24,200.00"
2019-04-25,2019042501012225,NCCB,44,58,"1,259",242.00,"304,678.00"
2019-04-25,2019042501012220,NCCB,44,5,487,242.00,"117,854.00"
2019-04-25,2019042501012219,NCCB,44,39,"1,000",242.00,"242,000.00"
2019-04-25,2019042501012156,NCDB,58,28,10,141.00,"1,410.00"
2019-04-25,2019042501012466,NGPL,1,52,11,122.00,"1,342.00"
2019-04-25,2019042501012598,NIB,28,46,466,577.00,"268,882.00"
2019-04-25,2019042501012581,NIB,28,53,534,577.00,"308,118.00"
2019-04-25,2019042501012580,NIB,28,53,466,577.00,"268,882.00"
2019-04-25,2019042501012513,NIB,45,17,34,578.00,"19,652.00"
2019-04-25,2019042501012472,NIB,45,39,166,578.00,"95,948.00"
2019-04-25,2019042501012461,NIB,51,39,10,578.00,"5,780.00"
2019-04-25,2019042501012224,NIB,38,38,5,574.00,"2,870.00"
2019-04-25,2019042501012152,NIB,29,4,650,574.00,"373,100.00"
2019-04-25,2019042501012428,NIB,28,17,123,575.00,"70,725.00"
2019-04-25,2019042501012427,NIB,28,11,165,575.00,"94,875.00"
2019-04-25,2019042501012366,NIB,22,50,329,573.00,"188,517.00"
2019-04-25,2019042501012365,NIB,11,50,101,573.00,"57,873.00"
2019-04-25,2019042501012364,NIB,45,50,70,574.00,"40,180.00"
2019-04-25,2019042501012338,NIB,45,4,130,574.00,"74,620.00"
2019-04-25,2019042501012440,NIB,45,39,36,578.00,"20,808.00"
2019-04-25,2019042501012439,NIB,45,46,164,578.00,"94,792.00"
2019-04-25,2019042501012432,NIB,28,1,"1,000",577.00,"577,000.00"
2019-04-25,2019042501012431,NIB,28,56,100,577.00,"57,700.00"
2019-04-25,2019042501012430,NIB,28,35,830,577.00,"478,910.00"
2019-04-25,2019042501012429,NIB,28,28,316,577.00,"182,332.00"
2019-04-25,2019042501012452,NIBPO,28,43,810,530.00,"429,300.00"
2019-04-25,2019042501012451,NIBPO,28,42,220,528.00,"116,160.00"
2019-04-25,2019042501012450,NIBPO,28,21,100,527.00,"52,700.00"
2019-04-25,2019042501012446,NICA,28,29,500,506.00,"253,000.00"
2019-04-25,2019042501012445,NICA,28,4,100,506.00,"50,600.00"
2019-04-25,2019042501012363,NICA,28,4,400,506.00,"202,400.00"
2019-04-25,2019042501012362,NICA,28,5,100,506.00,"50,600.00"
2019-04-25,2019042501012346,NICA,21,50,500,505.00,"252,500.00"
2019-04-25,2019042501012345,NICA,42,50,500,505.00,"252,500.00"
2019-04-25,2019042501012170,NICL,25,37,17,395.00,"6,715.00"
2019-04-25,2019042501012169,NICL,25,14,31,394.00,"12,214.00"
2019-04-25,2019042501012168,NICL,25,46,12,393.00,"4,716.00"
2019-04-25,2019042501012575,NIL,34,28,371,525.00,"194,775.00"
2019-04-25,2019042501012574,NIL,13,28,500,525.00,"262,500.00"
2019-04-25,2019042501012573,NIL,44,28,50,525.00,"26,250.00"
2019-04-25,2019042501012572,NIL,14,28,29,526.00,"15,254.00"
2019-04-25,2019042501012571,NIL,45,28,50,529.00,"26,450.00"
2019-04-25,2019042501012570,NIL,45,40,50,529.00,"26,450.00"
2019-04-25,2019042501012448,NLG,28,42,100,835.00,"83,500.00"
2019-04-25,2019042501012233,NLG,38,38,46,829.00,"38,134.00"
2019-04-25,2019042501012638,NLIC,32,26,406,"1,145.00","464,870.00"
2019-04-25,2019042501012637,NLIC,32,25,17,"1,144.00","19,448.00"
2019-04-25,2019042501012544,NLIC,34,26,100,"1,145.00","114,500.00"
2019-04-25,2019042501012543,NLIC,35,26,300,"1,145.00","343,500.00"
2019-04-25,2019042501012542,NLIC,37,26,47,"1,145.00","53,815.00"
2019-04-25,2019042501012292,NLIC,38,38,17,"1,147.00","19,499.00"
2019-04-25,2019042501012625,NMB,26,45,500,397.00,"198,500.00"
2019-04-25,2019042501012585,NMB,45,45,200,397.00,"79,400.00"
2019-04-25,2019042501012419,NMB,45,45,200,397.00,"79,400.00"
2019-04-25,2019042501012376,NMB,45,11,100,396.00,"39,600.00"
2019-04-25,2019042501012375,NMB,45,17,46,396.00,"18,216.00"
2019-04-25,2019042501012265,NMB,32,55,495,395.00,"195,525.00"
2019-04-25,2019042501012264,NMB,25,55,100,395.00,"39,500.00"
2019-04-25,2019042501012263,NMB,34,55,405,395.00,"159,975.00"
2019-04-25,2019042501012187,NMB,34,41,63,395.00,"24,885.00"
2019-04-25,2019042501012525,NMBMF,40,28,13,"1,005.00","13,065.00"
2019-04-25,2019042501012524,NMBMF,33,28,83,"1,010.00","83,830.00"
2019-04-25,2019042501012449,NMBMF,33,50,17,"1,010.00","17,170.00"
2019-04-25,2019042501012255,NMBSF1,35,1,"5,000",10.99,"54,950.00"
2019-04-25,2019042501012167,NMFBS,49,33,10,"1,685.00","16,850.00"
2019-04-25,2019042501012180,OHL,46,45,17,487.00,"8,279.00"
2019-04-25,2019042501012624,PCBL,48,7,94,360.00,"33,840.00"
2019-04-25,2019042501012623,PCBL,49,7,100,360.00,"36,000.00"
2019-04-25,2019042501012622,PCBL,49,7,100,360.00,"36,000.00"
2019-04-25,2019042501012621,PCBL,54,7,50,360.00,"18,000.00"
2019-04-25,2019042501012620,PCBL,58,7,36,360.00,"12,960.00"
2019-04-25,2019042501012515,PCBL,5,57,"1,000",361.00,"361,000.00"
2019-04-25,2019042501012246,PCBL,25,5,"1,000",361.00,"361,000.00"
2019-04-25,2019042501012245,PCBL,5,5,"1,000",361.00,"361,000.00"
2019-04-25,2019042501012244,PCBL,21,5,20,361.00,"7,220.00"
2019-04-25,2019042501012243,PCBL,11,5,100,361.00,"36,100.00"
2019-04-25,2019042501012307,PCBL,58,53,64,360.00,"23,040.00"
2019-04-25,2019042501012306,PCBL,26,53,200,360.00,"72,000.00"
2019-04-25,2019042501012305,PCBL,33,53,86,360.00,"30,960.00"
2019-04-25,2019042501012304,PCBL,45,53,150,361.00,"54,150.00"
2019-04-25,2019042501012248,PCBL,33,5,880,360.00,"316,800.00"
2019-04-25,2019042501012247,PCBL,17,5,"1,000",361.00,"361,000.00"
2019-04-25,2019042501012469,PFL,26,58,200,139.00,"27,800.00"
2019-04-25,2019042501012641,PICL,22,43,50,724.00,"36,200.00"
2019-04-25,2019042501012640,PICL,22,37,12,720.00,"8,640.00"
2019-04-25,2019042501012388,PMHPL,56,41,10,109.00,"1,090.00"
2019-04-25,2019042501012377,PMHPL,56,6,10,109.00,"1,090.00"
2019-04-25,2019042501012349,PMHPL,56,41,10,109.00,"1,090.00"
2019-04-25,2019042501012214,PMHPL,56,41,10,109.00,"1,090.00"
2019-04-25,2019042501012639,PRIN,34,26,100,430.00,"43,000.00"
2019-04-25,2019042501012635,PRIN,35,26,100,430.00,"43,000.00"
2019-04-25,2019042501012633,PRIN,59,32,500,431.00,"215,500.00"
2019-04-25,2019042501012611,PRIN,35,35,100,430.00,"43,000.00"
2019-04-25,2019042501012458,PRIN,45,32,200,430.00,"86,000.00"
2019-04-25,2019042501012390,PRIN,45,32,100,430.00,"43,000.00"
2019-04-25,2019042501012587,PRVU,32,26,19,297.00,"5,643.00"
2019-04-25,2019042501012576,PRVU,5,26,69,297.00,"20,493.00"
2019-04-25,2019042501012512,PRVU,5,8,131,297.00,"38,907.00"
2019-04-25,2019042501012511,PRVU,58,8,100,297.00,"29,700.00"
2019-04-25,2019042501012510,PRVU,56,8,100,297.00,"29,700.00"
2019-04-25,2019042501012509,PRVU,58,8,20,297.00,"5,940.00"
2019-04-25,2019042501012258,PRVU,42,58,100,298.00,"29,800.00"
2019-04-25,2019042501012181,PRVU,42,58,50,298.00,"14,900.00"
2019-04-25,2019042501012155,PRVU,45,58,500,298.00,"149,000.00"
2019-04-25,2019042501012405,PRVU,50,58,500,298.00,"149,000.00"
2019-04-25,2019042501012397,PRVU,1,50,226,297.00,"67,122.00"
2019-04-25,2019042501012396,PRVU,25,50,100,297.00,"29,700.00"
2019-04-25,2019042501012395,PRVU,43,50,200,297.00,"59,400.00"
2019-04-25,2019042501012394,PRVU,55,50,474,297.00,"140,778.00"
2019-04-25,2019042501012508,PRVU,26,8,149,297.00,"44,253.00"
2019-04-25,2019042501012464,PRVU,26,26,851,297.00,"252,747.00"
2019-04-25,2019042501012463,PRVU,25,26,500,297.00,"148,500.00"
2019-04-25,2019042501012462,PRVU,1,26,149,297.00,"44,253.00"
2019-04-25,2019042501012436,PRVU,34,58,100,298.00,"29,800.00"
2019-04-25,2019042501012460,RLFL,57,44,500,128.00,"64,000.00"
2019-04-25,2019042501012559,RSDC,39,26,174,396.00,"68,904.00"
2019-04-25,2019042501012523,RSDC,39,42,50,395.00,"19,750.00"
2019-04-25,2019042501012522,RSDC,39,50,45,393.00,"17,685.00"
2019-04-25,2019042501012521,RSDC,39,47,92,392.00,"36,064.00"
2019-04-25,2019042501012520,RSDC,39,36,50,390.00,"19,500.00"
2019-04-25,2019042501012519,RSDC,39,33,300,390.00,"117,000.00"
2019-04-25,2019042501012518,RSDC,39,3,10,390.00,"3,900.00"
2019-04-25,2019042501012517,RSDC,39,22,100,390.00,"39,000.00"
2019-04-25,2019042501012516,RSDC,39,41,29,390.00,"11,310.00"
2019-04-25,2019042501012426,RSDC,34,32,177,389.00,"68,853.00"
2019-04-25,2019042501012610,SADBL,59,55,61,153.00,"9,333.00"
2019-04-25,2019042501012582,SADBL,59,55,200,153.00,"30,600.00"
2019-04-25,2019042501012549,SADBL,48,55,400,153.00,"61,200.00"
2019-04-25,2019042501012548,SADBL,38,55,339,153.00,"51,867.00"
2019-04-25,2019042501012491,SADBL,38,44,161,153.00,"24,633.00"
2019-04-25,2019042501012490,SADBL,35,44,190,153.00,"29,070.00"
2019-04-25,2019042501012411,SADBL,38,44,149,154.00,"22,946.00"
2019-04-25,2019042501012609,SANIMA,48,6,300,362.00,"108,600.00"
2019-04-25,2019042501012579,SANIMA,39,29,106,361.00,"38,266.00"
2019-04-25,2019042501012578,SANIMA,14,29,51,361.00,"18,411.00"
2019-04-25,2019042501012557,SANIMA,7,6,500,362.00,"181,000.00"
2019-04-25,2019042501012507,SANIMA,28,6,200,362.00,"72,400.00"
2019-04-25,2019042501012372,SANIMA,56,38,100,362.00,"36,200.00"
2019-04-25,2019042501012371,SANIMA,48,38,99,362.00,"35,838.00"
2019-04-25,2019042501012268,SANIMA,48,45,501,362.00,"181,362.00"
2019-04-25,2019042501012591,SBBLJ,59,21,20,208.00,"4,160.00"
2019-04-25,2019042501012577,SBBLJ,59,37,20,205.00,"4,100.00"
2019-04-25,2019042501012583,SBI,42,29,95,508.00,"48,260.00"
2019-04-25,2019042501012253,SBI,42,41,523,508.00,"265,684.00"
2019-04-25,2019042501012252,SBI,3,41,200,509.00,"101,800.00"
2019-04-25,2019042501012251,SBI,48,41,200,509.00,"101,800.00"
2019-04-25,2019042501012250,SBI,7,41,10,509.00,"5,090.00"
2019-04-25,2019042501012249,SBI,5,41,17,509.00,"8,653.00"
2019-04-25,2019042501012646,SBL,55,21,100,353.00,"35,300.00"
2019-04-25,2019042501012567,SBL,32,21,14,353.00,"4,942.00"
2019-04-25,2019042501012526,SBL,59,50,500,352.00,"176,000.00"
2019-04-25,2019042501012498,SBL,59,38,400,352.00,"140,800.00"
2019-04-25,2019042501012489,SBL,4,50,800,352.00,"281,600.00"
2019-04-25,2019042501012468,SBL,48,50,200,352.00,"70,400.00"
2019-04-25,2019042501012467,SBL,48,43,200,352.00,"70,400.00"
2019-04-25,2019042501012416,SBL,51,26,"1,000",352.00,"352,000.00"
2019-04-25,2019042501012328,SBL,52,21,50,353.00,"17,650.00"
2019-04-25,2019042501012327,SBL,52,5,150,352.00,"52,800.00"
2019-04-25,2019042501012271,SBL,58,5,100,352.00,"35,200.00"
2019-04-25,2019042501012270,SBL,51,5,50,352.00,"17,600.00"
2019-04-25,2019042501012290,SCB,52,56,87,728.00,"63,336.00"
2019-04-25,2019042501012289,SCB,52,22,20,727.00,"14,540.00"
2019-04-25,2019042501012288,SCB,52,20,93,725.00,"67,425.00"
2019-04-25,2019042501012424,SDESI,58,39,50,629.00,"31,450.00"
2019-04-25,2019042501012551,SFFIL,59,59,10,229.00,"2,290.00"
2019-04-25,2019042501012619,SHINE,34,45,100,256.00,"25,600.00"
2019-04-25,2019042501012618,SHINE,34,29,116,256.00,"29,696.00"
2019-04-25,2019042501012401,SHINE,34,13,235,255.00,"59,925.00"
2019-04-25,2019042501012400,SHINE,34,29,41,255.00,"10,455.00"
2019-04-25,2019042501012399,SHINE,34,16,70,255.00,"17,850.00"
2019-04-25,2019042501012398,SHINE,34,29,177,255.00,"45,135.00"
2019-04-25,2019042501012586,SHIVM,19,58,100,310.00,"31,000.00"
2019-04-25,2019042501012553,SHIVM,19,56,60,310.00,"18,600.00"
2019-04-25,2019042501012527,SHIVM,19,56,60,310.00,"18,600.00"
2019-04-25,2019042501012502,SHIVM,19,56,60,310.00,"18,600.00"
2019-04-25,2019042501012497,SHIVM,19,56,60,310.00,"18,600.00"
2019-04-25,2019042501012409,SHIVM,58,39,950,311.00,"295,450.00"
2019-04-25,2019042501012417,SHL,34,25,122,220.00,"26,840.00"
2019-04-25,2019042501012406,SHPC,11,1,52,229.00,"11,908.00"
2019-04-25,2019042501012384,SHPC,11,28,10,229.00,"2,290.00"
2019-04-25,2019042501012175,SHPC,11,57,50,229.00,"11,450.00"
2019-04-25,2019042501012529,SICL,52,22,35,894.00,"31,290.00"
2019-04-25,2019042501012528,SICL,22,22,20,894.00,"17,880.00"
2019-04-25,2019042501012254,SICL,56,6,57,894.00,"50,958.00"
2019-04-25,2019042501012614,SKBBL,5,56,20,"1,009.00","20,180.00"
2019-04-25,2019042501012435,SKBBL,5,42,30,"1,005.00","30,150.00"
2019-04-25,2019042501012595,SLBBL,33,32,100,501.00,"50,100.00"
2019-04-25,2019042501012257,SLBBL,57,32,10,501.00,"5,010.00"
2019-04-25,2019042501012256,SLBBL,57,57,50,500.00,"25,000.00"
2019-04-25,2019042501012499,SLICL,7,54,103,549.00,"56,547.00"
2019-04-25,2019042501012227,SLICL,48,48,21,549.00,"11,529.00"
2019-04-25,2019042501012226,SLICL,26,48,50,550.00,"27,500.00"
2019-04-25,2019042501012215,SPDL,7,45,160,97.00,"15,520.00"
2019-04-25,2019042501012615,SRBL,52,29,500,269.00,"134,500.00"
2019-04-25,2019042501012593,SRBL,25,19,200,270.00,"54,000.00"
2019-04-25,2019042501012359,SRBL,52,21,15,272.00,"4,080.00"
2019-04-25,2019042501012358,SRBL,52,44,100,272.00,"27,200.00"
2019-04-25,2019042501012357,SRBL,52,54,25,271.00,"6,775.00"
2019-04-25,2019042501012356,SRBL,52,49,60,270.00,"16,200.00"
2019-04-25,2019042501012228,UIC,7,44,50,937.00,"46,850.00"
2019-04-25,2019042501012634,UPPER,53,44,50,228.00,"11,400.00"
2019-04-25,2019042501012590,UPPER,53,35,55,228.00,"12,540.00"
2019-04-25,2019042501012589,UPPER,16,35,145,228.00,"33,060.00"
2019-04-25,2019042501012487,UPPER,16,41,50,228.00,"11,400.00"
2019-04-25,2019042501012423,UPPER,16,56,305,228.00,"69,540.00"
2019-04-25,2019042501012223,UPPER,34,41,40,227.00,"9,080.00"
2019-04-25,2019042501012216,UPPER,34,14,"1,050",227.00,"238,350.00"
2019-04-25,2019042501012208,UPPER,34,57,50,227.00,"11,350.00"
2019-04-25,2019042501012163,UPPER,34,41,40,227.00,"9,080.00"
2019-04-25,2019042501012241,UPPER,14,25,100,228.00,"22,800.00"
2019-04-25,2019042501012236,UPPER,34,41,50,227.00,"11,350.00"
2019-04-25,2019042501012408,UPPER,19,56,495,228.00,"112,860.00"
2019-04-25,2019042501012402,UPPER,19,41,50,228.00,"11,400.00"
2019-04-25,2019042501012360,UPPER,19,41,50,228.00,"11,400.00"
2019-04-25,2019042501012353,UPPER,19,44,50,228.00,"11,400.00"
2019-04-25,2019042501012352,UPPER,19,25,355,228.00,"80,940.00"
2019-04-25,2019042501012442,VLBS,21,50,88,580.00,"51,040.00"
2019-04-25,2019042501012441,VLBS,21,32,12,580.00,"6,960.00"
2019-04-25,2019042501012135,ADBL,39,48,150,388.00,"58,200.00"
2019-04-25,2019042501012134,ADBL,39,45,200,388.00,"77,600.00"
2019-04-25,2019042501012133,ADBL,39,53,200,388.00,"77,600.00"
2019-04-25,2019042501012132,ADBL,39,53,100,388.00,"38,800.00"
2019-04-25,2019042501012122,ADBL,34,22,50,386.00,"19,300.00"
2019-04-25,2019042501011721,ADBL,59,47,184,385.00,"70,840.00"
2019-04-25,2019042501011710,ADBL,59,10,54,385.00,"20,790.00"
2019-04-25,2019042501011680,ADBL,59,35,520,385.00,"200,200.00"
2019-04-25,2019042501011678,ADBL,50,35,480,385.00,"184,800.00"
2019-04-25,2019042501011677,ADBL,50,59,20,385.00,"7,700.00"
2019-04-25,2019042501011910,ADBL,6,6,"3,000",385.00,"1,155,000.00"
2019-04-25,2019042501011849,ADBL,49,42,850,386.00,"328,100.00"
2019-04-25,2019042501011848,ADBL,49,36,150,386.00,"57,900.00"
2019-04-25,2019042501011805,ADBL,58,50,300,384.00,"115,200.00"
2019-04-25,2019042501011750,ADBL,59,52,112,385.00,"43,120.00"
2019-04-25,2019042501011729,ADBL,59,49,130,385.00,"50,050.00"
2019-04-25,2019042501012079,ADBL,34,52,150,386.00,"57,900.00"
2019-04-25,2019042501012020,ADBL,34,41,144,386.00,"55,584.00"
2019-04-25,2019042501011965,ADBL,28,39,200,387.00,"77,400.00"
2019-04-25,2019042501011959,ADBL,34,42,"1,150",386.00,"443,900.00"
2019-04-25,2019042501011952,ADBL,45,39,50,385.00,"19,250.00"
2019-04-25,2019042501011951,ADBL,45,33,300,385.00,"115,500.00"
2019-04-25,2019042501012059,AHPC,38,28,117,101.00,"11,817.00"
2019-04-25,2019042501012057,AHPC,26,38,117,100.00,"11,700.00"
2019-04-25,2019042501011915,AKJCL,25,50,20,78.00,"1,560.00"
2019-04-25,2019042501011652,AKJCL,25,58,20,78.00,"1,560.00"
2019-04-25,2019042501012081,AKPL,38,38,13,168.00,"2,184.00"
2019-04-25,2019042501011982,AKPL,52,41,13,170.00,"2,210.00"
2019-04-25,2019042501011981,AKPL,52,41,13,170.00,"2,210.00"
2019-04-25,2019042501011980,AKPL,52,41,99,170.00,"16,830.00"
2019-04-25,2019042501011979,AKPL,52,26,13,170.00,"2,210.00"
2019-04-25,2019042501011978,AKPL,52,26,13,170.00,"2,210.00"
2019-04-25,2019042501011977,AKPL,52,22,13,170.00,"2,210.00"
2019-04-25,2019042501011976,AKPL,52,22,10,170.00,"1,700.00"
2019-04-25,2019042501011975,AKPL,52,17,13,170.00,"2,210.00"
2019-04-25,2019042501011974,AKPL,52,17,13,170.00,"2,210.00"
2019-04-25,2019042501012035,ALBSL,25,41,10,463.00,"4,630.00"
2019-04-25,2019042501011777,ALBSL,25,1,10,465.00,"4,650.00"
2019-04-25,2019042501011964,ALBSL,25,17,10,463.00,"4,630.00"
2019-04-25,2019042501011971,AMFI,28,17,10,555.00,"5,550.00"
2019-04-25,2019042501012149,API,29,45,130,130.00,"16,900.00"
2019-04-25,2019042501012148,API,29,50,29,130.00,"3,770.00"
2019-04-25,2019042501012147,API,29,55,70,130.00,"9,100.00"
2019-04-25,2019042501012145,API,42,25,"2,761",129.00,"356,169.00"
2019-04-25,2019042501012144,API,57,25,100,129.00,"12,900.00"
2019-04-25,2019042501012143,API,37,25,100,129.00,"12,900.00"
2019-04-25,2019042501012142,API,46,25,250,129.00,"32,250.00"
2019-04-25,2019042501012141,API,47,25,789,129.00,"101,781.00"
2019-04-25,2019042501012021,API,26,55,200,130.00,"26,000.00"
2019-04-25,2019042501011925,API,45,55,30,130.00,"3,900.00"
2019-04-25,2019042501011924,API,45,32,70,130.00,"9,100.00"
2019-04-25,2019042501011984,BARUN,19,17,10,89.00,890.00
2019-04-25,2019042501011732,BHBL,4,57,50,171.00,"8,550.00"
2019-04-25,2019042501011731,BHBL,4,1,450,170.00,"76,500.00"
2019-04-25,2019042501011694,BOKL,29,43,600,296.00,"177,600.00"
2019-04-25,2019042501011693,BOKL,29,11,40,296.00,"11,840.00"
2019-04-25,2019042501011692,BOKL,29,41,300,296.00,"88,800.00"
2019-04-25,2019042501011973,BPCL,1,19,55,367.00,"20,185.00"
2019-04-25,2019042501012080,CBBL,32,44,200,"1,024.00","204,800.00"
2019-04-25,2019042501012049,CBBL,25,34,50,"1,025.00","51,250.00"
2019-04-25,2019042501012040,CBBL,25,34,100,"1,025.00","102,500.00"
2019-04-25,2019042501012024,CBBL,53,34,50,"1,025.00","51,250.00"
2019-04-25,2019042501011983,CBBL,52,47,25,"1,025.00","25,625.00"
2019-04-25,2019042501011863,CBBL,54,47,25,"1,025.00","25,625.00"
2019-04-25,2019042501011862,CBBL,54,34,25,"1,025.00","25,625.00"
2019-04-25,2019042501011818,CBBL,26,34,25,"1,025.00","25,625.00"
2019-04-25,2019042501011667,CBBL,58,34,50,"1,025.00","51,250.00"
2019-04-25,2019042501012083,CBL,47,58,100,163.00,"16,300.00"
2019-04-25,2019042501012053,CBL,48,58,200,163.00,"32,600.00"
2019-04-25,2019042501011914,CBL,48,1,300,163.00,"48,900.00"
2019-04-25,2019042501011767,CBL,21,49,55,162.00,"8,910.00"
2019-04-25,2019042501011766,CBL,42,49,45,162.00,"7,290.00"
2019-04-25,2019042501011709,CBL,33,1,200,163.00,"32,600.00"
2019-04-25,2019042501012098,CCBL,1,38,48,182.00,"8,736.00"
2019-04-25,2019042501012091,CCBL,1,25,444,182.00,"80,808.00"
2019-04-25,2019042501012090,CCBL,13,25,"1,000",182.00,"182,000.00"
2019-04-25,2019042501012089,CCBL,45,25,238,182.00,"43,316.00"
2019-04-25,2019042501012088,CCBL,38,17,48,183.00,"8,784.00"
2019-04-25,2019042501012030,CCBL,45,25,"1,462",182.00,"266,084.00"
2019-04-25,2019042501011990,CCBL,49,25,500,182.00,"91,000.00"
2019-04-25,2019042501011989,CCBL,19,25,188,182.00,"34,216.00"
2019-04-25,2019042501011793,CCBL,19,38,100,182.00,"18,200.00"
2019-04-25,2019042501012029,CCBL,8,25,38,182.00,"6,916.00"
2019-04-25,2019042501011995,CCBL,8,25,"1,962",182.00,"357,084.00"
2019-04-25,2019042501011994,CCBL,21,25,400,182.00,"72,800.00"
2019-04-25,2019042501011993,CCBL,57,25,200,182.00,"36,400.00"
2019-04-25,2019042501011992,CCBL,29,25,50,182.00,"9,100.00"
2019-04-25,2019042501011991,CCBL,59,25,700,182.00,"127,400.00"
2019-04-25,2019042501012009,CHCL,56,4,211,510.00,"107,610.00"
2019-04-25,2019042501011972,CHCL,17,4,289,510.00,"147,390.00"
2019-04-25,2019042501011830,CHCL,1,48,56,511.00,"28,616.00"
2019-04-25,2019042501011782,CHCL,1,17,54,511.00,"27,594.00"
2019-04-25,2019042501011837,CHL,45,14,10,99.00,990.00
2019-04-25,2019042501012150,CHLBS,8,41,10,491.00,"4,910.00"
2019-04-25,2019042501011718,CHLBS,8,8,10,491.00,"4,910.00"
2019-04-25,2019042501011699,CHLBS,8,8,10,491.00,"4,910.00"
2019-04-25,2019042501012106,CIT,17,16,20,"2,480.00","49,600.00"
2019-04-25,2019042501012105,CIT,43,16,50,"2,480.00","124,000.00"
2019-04-25,2019042501012104,CIT,8,16,50,"2,481.00","124,050.00"
2019-04-25,2019042501012103,CIT,6,16,100,"2,481.00","248,100.00"
2019-04-25,2019042501012102,CIT,57,16,100,"2,485.00","248,500.00"
2019-04-25,2019042501012101,CIT,5,16,10,"2,485.00","24,850.00"
2019-04-25,2019042501011923,CIT,16,20,96,"2,486.00","238,656.00"
2019-04-25,2019042501011908,CIT,41,20,70,"2,487.00","174,090.00"
2019-04-25,2019042501011824,CIT,20,20,50,"2,488.00","124,400.00"
2019-04-25,2019042501011727,CIT,19,7,50,"2,488.00","124,400.00"
2019-04-25,2019042501011819,CLBSL,44,38,10,566.00,"5,660.00"
2019-04-25,2019042501012139,CZBIL,59,39,50,238.00,"11,900.00"
2019-04-25,2019042501012138,CZBIL,59,17,310,238.00,"73,780.00"
2019-04-25,2019042501012051,CZBIL,40,43,103,237.00,"24,411.00"
2019-04-25,2019042501011706,CZBIL,58,28,500,237.00,"118,500.00"
2019-04-25,2019042501011705,CZBIL,35,28,689,237.00,"163,293.00"
2019-04-25,2019042501011961,DBBL,10,37,"2,000",137.00,"274,000.00"
2019-04-25,2019042501011960,DBBL,10,51,150,137.00,"20,550.00"
2019-04-25,2019042501011955,DBBL,29,51,50,137.00,"6,850.00"
2019-04-25,2019042501011772,DBBL,57,58,"1,000",137.00,"137,000.00"
2019-04-25,2019042501011717,DBBL,20,7,357,137.00,"48,909.00"
2019-04-25,2019042501012018,EBL,34,29,270,671.00,"181,170.00"
2019-04-25,2019042501012017,EBL,14,29,500,671.00,"335,500.00"
2019-04-25,2019042501012016,EBL,45,29,100,673.00,"67,300.00"
2019-04-25,2019042501012015,EBL,14,29,130,675.00,"87,750.00"
2019-04-25,2019042501012013,EBL,14,4,206,679.00,"139,874.00"
2019-04-25,2019042501011838,EBL,14,50,70,675.00,"47,250.00"
2019-04-25,2019042501011753,EBL,14,4,200,679.00,"135,800.00"
2019-04-25,2019042501011941,EDBL,26,14,300,301.00,"90,300.00"
2019-04-25,2019042501012039,GBBL,22,22,982,221.00,"217,022.00"
2019-04-25,2019042501012038,GBBL,22,1,18,221.00,"3,978.00"
2019-04-25,2019042501012027,GBBL,22,1,482,221.00,"106,522.00"
2019-04-25,2019042501012026,GBBL,22,32,500,221.00,"110,500.00"
2019-04-25,2019042501012025,GBBL,22,29,18,221.00,"3,978.00"
2019-04-25,2019042501011847,GBBL,32,49,100,220.00,"22,000.00"
2019-04-25,2019042501011749,GBBL,52,29,400,221.00,"88,400.00"
2019-04-25,2019042501011728,GBBL,32,52,240,220.00,"52,800.00"
2019-04-25,2019042501011670,GBBL,33,52,160,220.00,"35,200.00"
2019-04-25,2019042501012096,GBIME,50,58,150,323.00,"48,450.00"
2019-04-25,2019042501012054,GBIME,41,58,250,323.00,"80,750.00"
2019-04-25,2019042501012043,GBIME,34,18,11,322.00,"3,542.00"
2019-04-25,2019042501012033,GBIME,6,58,300,323.00,"96,900.00"
2019-04-25,2019042501012022,GBIME,34,17,35,322.00,"11,270.00"
2019-04-25,2019042501011864,GBIME,52,58,"1,500",323.00,"484,500.00"
2019-04-25,2019042501011734,GBIME,29,58,500,323.00,"161,500.00"
2019-04-25,2019042501011726,GBIME,43,58,100,323.00,"32,300.00"
2019-04-25,2019042501011781,GBLBS,42,26,400,343.00,"137,200.00"
2019-04-25,2019042501011780,GBLBS,44,26,80,343.00,"27,440.00"
2019-04-25,2019042501011779,GBLBS,17,26,10,343.00,"3,430.00"
2019-04-25,2019042501011778,GBLBS,26,26,10,344.00,"3,440.00"
2019-04-25,2019042501011804,GDBL,58,11,70,216.00,"15,120.00"
2019-04-25,2019042501011930,GMFIL,32,52,950,123.00,"116,850.00"
2019-04-25,2019042501011929,GMFIL,53,52,50,124.00,"6,200.00"
2019-04-25,2019042501011921,HBL,16,1,110,579.00,"63,690.00"
2019-04-25,2019042501011920,HBL,16,39,490,579.00,"283,710.00"
2019-04-25,2019042501011905,HBL,16,39,10,579.00,"5,790.00"
2019-04-25,2019042501011904,HBL,16,49,440,578.00,"254,320.00"
2019-04-25,2019042501011903,HBL,16,11,294,578.00,"169,932.00"
2019-04-25,2019042501011902,HBL,16,39,100,578.00,"57,800.00"
2019-04-25,2019042501011901,HBL,16,6,100,578.00,"57,800.00"
2019-04-25,2019042501011900,HBL,16,28,100,578.00,"57,800.00"
2019-04-25,2019042501011899,HBL,16,7,150,578.00,"86,700.00"
2019-04-25,2019042501011822,HBL,21,43,300,577.00,"173,100.00"
2019-04-25,2019042501011821,HBL,21,59,200,577.00,"115,400.00"
2019-04-25,2019042501011820,HBL,21,13,100,576.00,"57,600.00"
2019-04-25,2019042501012119,HDL,58,46,100,"1,395.00","139,500.00"
2019-04-25,2019042501012118,HDL,58,55,100,"1,380.00","138,000.00"
2019-04-25,2019042501011935,HGI,53,43,500,390.00,"195,000.00"
2019-04-25,2019042501011934,HGI,46,43,140,390.00,"54,600.00"
2019-04-25,2019042501011933,HGI,1,43,10,390.00,"3,900.00"
2019-04-25,2019042501011932,HGI,41,43,100,391.00,"39,100.00"
2019-04-25,2019042501011931,HGI,41,43,200,392.00,"78,400.00"
2019-04-25,2019042501011919,HGI,36,22,100,394.00,"39,400.00"
2019-04-25,2019042501012028,HIDCL,32,17,31,138.00,"4,278.00"
2019-04-25,2019042501011851,HPPL,1,14,10,173.00,"1,730.00"
2019-04-25,2019042501011825,IGI,5,39,16,416.00,"6,656.00"
2019-04-25,2019042501011827,IGI,5,6,200,417.00,"83,400.00"
2019-04-25,2019042501011826,IGI,5,56,60,417.00,"25,020.00"
2019-04-25,2019042501011840,JBBL,38,49,87,146.00,"12,702.00"
2019-04-25,2019042501011839,JBBL,52,49,13,146.00,"1,898.00"
2019-04-25,2019042501012097,JBNL,40,25,"2,000",207.00,"414,000.00"
2019-04-25,2019042501012055,JBNL,40,58,364,207.00,"75,348.00"
2019-04-25,2019042501011966,JBNL,19,48,100,207.00,"20,700.00"
2019-04-25,2019042501011916,JBNL,19,52,100,207.00,"20,700.00"
2019-04-25,2019042501011898,JBNL,29,4,295,207.00,"61,065.00"
2019-04-25,2019042501011897,JBNL,29,47,450,207.00,"93,150.00"
2019-04-25,2019042501011653,JBNL,34,42,55,206.00,"11,330.00"
2019-04-25,2019042501011666,JBNL,22,34,100,207.00,"20,700.00"
2019-04-25,2019042501011664,JBNL,17,41,133,206.00,"27,398.00"
2019-04-25,2019042501011657,JBNL,17,42,475,206.00,"97,850.00"
2019-04-25,2019042501011656,JBNL,25,42,100,206.00,"20,600.00"
2019-04-25,2019042501011655,JBNL,19,42,350,206.00,"72,100.00"
2019-04-25,2019042501011654,JBNL,21,42,20,206.00,"4,120.00"
2019-04-25,2019042501011896,JBNL,29,47,400,207.00,"82,800.00"
2019-04-25,2019042501011895,JBNL,29,34,"1,900",207.00,"393,300.00"
2019-04-25,2019042501011894,JBNL,29,13,752,207.00,"155,664.00"
2019-04-25,2019042501011799,JBNL,25,48,160,206.00,"32,960.00"
2019-04-25,2019042501011798,JBNL,17,48,340,206.00,"70,040.00"
2019-04-25,2019042501011783,JBNL,17,38,52,206.00,"10,712.00"
2019-04-25,2019042501012086,KBL,10,48,300,233.00,"69,900.00"
2019-04-25,2019042501012004,KBL,25,51,100,234.00,"23,400.00"
2019-04-25,2019042501012003,KBL,43,51,500,234.00,"117,000.00"
2019-04-25,2019042501012002,KBL,57,51,300,234.00,"70,200.00"
2019-04-25,2019042501012001,KBL,11,51,200,234.00,"46,800.00"
2019-04-25,2019042501012000,KBL,58,51,373,234.00,"87,282.00"
2019-04-25,2019042501012146,KMCDB,41,58,20,735.00,"14,700.00"
2019-04-25,2019042501011708,KMFL,42,7,100,810.00,"81,000.00"
2019-04-25,2019042501012032,KPCL,57,17,10,90.00,900.00
2019-04-25,2019042501012041,KSBBL,32,17,88,152.00,"13,376.00"
2019-04-25,2019042501011846,KSBBL,32,25,400,154.00,"61,600.00"
2019-04-25,2019042501011845,KSBBL,32,57,232,154.00,"35,728.00"
2019-04-25,2019042501011844,KSBBL,32,54,"1,000",154.00,"154,000.00"
2019-04-25,2019042501011843,KSBBL,32,14,193,154.00,"29,722.00"
2019-04-25,2019042501011776,KSBBL,29,25,639,153.00,"97,767.00"
2019-04-25,2019042501011775,KSBBL,29,28,950,153.00,"145,350.00"
2019-04-25,2019042501012115,LBL,56,57,50,242.00,"12,100.00"
2019-04-25,2019042501012114,LBL,56,50,459,242.00,"111,078.00"
2019-04-25,2019042501012113,LBL,56,43,600,242.00,"145,200.00"
2019-04-25,2019042501012112,LBL,56,11,500,242.00,"121,000.00"
2019-04-25,2019042501012111,LBL,56,4,100,242.00,"24,200.00"
2019-04-25,2019042501012110,LBL,56,37,100,242.00,"24,200.00"
2019-04-25,2019042501012023,LBL,50,52,100,241.00,"24,100.00"
2019-04-25,2019042501011949,LBL,56,14,28,240.00,"6,720.00"
2019-04-25,2019042501011808,LBL,17,54,700,241.00,"168,700.00"
2019-04-25,2019042501011946,LGIL,55,28,200,521.00,"104,200.00"
2019-04-25,2019042501011945,LGIL,17,28,100,523.00,"52,300.00"
2019-04-25,2019042501011944,LGIL,44,28,45,523.00,"23,535.00"
2019-04-25,2019042501011943,LGIL,53,28,50,524.00,"26,200.00"
2019-04-25,2019042501011942,LGIL,58,28,51,524.00,"26,724.00"
2019-04-25,2019042501011746,LGIL,58,11,249,524.00,"130,476.00"
2019-04-25,2019042501011745,LGIL,59,11,251,524.00,"131,524.00"
2019-04-25,2019042501012077,LICN,42,42,120,"1,690.00","202,800.00"
2019-04-25,2019042501012076,LICN,42,59,136,"1,685.00","229,160.00"
2019-04-25,2019042501012075,LICN,42,1,100,"1,680.00","168,000.00"
2019-04-25,2019042501012074,LICN,42,16,63,"1,675.00","105,525.00"
2019-04-25,2019042501012073,LICN,42,32,13,"1,660.00","21,580.00"
2019-04-25,2019042501012092,MBL,34,43,200,274.00,"54,800.00"
2019-04-25,2019042501012008,MBL,36,26,"1,881",275.00,"517,275.00"
2019-04-25,2019042501011962,MBL,36,26,54,276.00,"14,904.00"
2019-04-25,2019042501011810,MBL,48,32,600,276.00,"165,600.00"
2019-04-25,2019042501011679,MBL,25,32,100,276.00,"27,600.00"
2019-04-25,2019042501011671,MBL,22,32,300,277.00,"83,100.00"
2019-04-25,2019042501012007,MEGA,42,5,176,195.00,"34,320.00"
2019-04-25,2019042501012006,MEGA,42,13,100,195.00,"19,500.00"
2019-04-25,2019042501012005,MEGA,42,35,924,195.00,"180,180.00"
2019-04-25,2019042501011866,MEGA,46,34,46,194.00,"8,924.00"
2019-04-25,2019042501011865,MEGA,34,34,454,194.00,"88,076.00"
2019-04-25,2019042501011836,MEGA,33,35,76,195.00,"14,820.00"
2019-04-25,2019042501011835,MEGA,33,49,100,195.00,"19,500.00"
2019-04-25,2019042501011834,MEGA,33,13,474,195.00,"92,430.00"
2019-04-25,2019042501011833,MEGA,33,11,500,195.00,"97,500.00"
2019-04-25,2019042501011832,MEGA,33,51,300,195.00,"58,500.00"
2019-04-25,2019042501011831,MEGA,33,28,550,195.00,"107,250.00"
2019-04-25,2019042501011658,MEGA,22,28,100,195.00,"19,500.00"
2019-04-25,2019042501011926,MERO,55,25,445,630.00,"280,350.00"
2019-04-25,2019042501011792,MERO,55,33,30,630.00,"18,900.00"
2019-04-25,2019042501011791,MERO,55,43,25,629.00,"15,725.00"
2019-04-25,2019042501011773,MERO,17,21,10,624.00,"6,240.00"
2019-04-25,2019042501011651,MERO,17,42,16,624.00,"9,984.00"
2019-04-25,2019042501011771,MLBBL,28,52,14,479.00,"6,706.00"
2019-04-25,2019042501011859,MNBBL,35,48,749,395.00,"295,855.00"
2019-04-25,2019042501011858,MNBBL,35,47,100,395.00,"39,500.00"
2019-04-25,2019042501011857,MNBBL,35,45,131,395.00,"51,745.00"
2019-04-25,2019042501011856,MNBBL,35,49,220,394.00,"86,680.00"
2019-04-25,2019042501011970,MSLB,16,26,50,"1,220.00","61,000.00"
2019-04-25,2019042501011969,MSLB,18,26,200,"1,221.00","244,200.00"
2019-04-25,2019042501011968,MSLB,18,26,30,"1,222.00","36,660.00"
2019-04-25,2019042501011770,MSLB,18,51,23,"1,230.00","28,290.00"
2019-04-25,2019042501012047,MSMBS,50,17,11,512.00,"5,632.00"
2019-04-25,2019042501011769,NABIL,41,42,100,882.00,"88,200.00"
2019-04-25,2019042501011762,NABIL,41,56,20,884.00,"17,680.00"
2019-04-25,2019042501011761,NABIL,41,52,50,884.00,"44,200.00"
2019-04-25,2019042501011760,NABIL,41,14,50,883.00,"44,150.00"
2019-04-25,2019042501011841,NABILP,59,59,20,846.00,"16,920.00"
2019-04-25,2019042501011988,NBB,21,43,300,239.00,"71,700.00"
2019-04-25,2019042501011987,NBB,6,43,450,239.00,"107,550.00"
2019-04-25,2019042501011950,NBB,6,39,50,239.00,"11,950.00"
2019-04-25,2019042501011829,NBB,25,48,500,240.00,"120,000.00"
2019-04-25,2019042501011724,NBB,20,17,100,242.00,"24,200.00"
2019-04-25,2019042501011722,NBB,34,7,290,240.00,"69,600.00"
2019-04-25,2019042501012117,NBL,16,7,"1,000",317.00,"317,000.00"
2019-04-25,2019042501012087,NBL,52,7,300,317.00,"95,100.00"
2019-04-25,2019042501012069,NBL,36,7,390,317.00,"123,630.00"
2019-04-25,2019042501012068,NBL,36,4,610,317.00,"193,370.00"
2019-04-25,2019042501012060,NBL,3,4,250,317.00,"79,250.00"
2019-04-25,2019042501012056,NBL,52,4,100,317.00,"31,700.00"
2019-04-25,2019042501011743,NBL,28,28,340,317.00,"107,780.00"
2019-04-25,2019042501011669,NBL,28,29,660,317.00,"209,220.00"
2019-04-25,2019042501011668,NBL,59,29,340,317.00,"107,780.00"
2019-04-25,2019042501011660,NBL,59,29,660,317.00,"209,220.00"
2019-04-25,2019042501011659,NBL,28,29,340,317.00,"107,780.00"
2019-04-25,2019042501011868,NBL,47,25,80,317.00,"25,360.00"
2019-04-25,2019042501011867,NBL,47,25,20,317.00,"6,340.00"
2019-04-25,2019042501011796,NBL,47,16,60,317.00,"19,020.00"
2019-04-25,2019042501011795,NBL,47,16,140,317.00,"44,380.00"
2019-04-25,2019042501011794,NBL,52,34,200,318.00,"63,600.00"
2019-04-25,2019042501011744,NBL,47,28,10,317.00,"3,170.00"
2019-04-25,2019042501011874,NBL,33,25,"1,300",317.00,"412,100.00"
2019-04-25,2019042501011873,NBL,47,25,"2,000",317.00,"634,000.00"
2019-04-25,2019042501011872,NBL,21,25,500,317.00,"158,500.00"
2019-04-25,2019042501011871,NBL,47,25,"2,000",317.00,"634,000.00"
2019-04-25,2019042501011870,NBL,47,25,70,317.00,"22,190.00"
2019-04-25,2019042501011869,NBL,47,25,70,317.00,"22,190.00"
2019-04-25,2019042501011880,NBL,47,25,200,317.00,"63,400.00"
2019-04-25,2019042501011879,NBL,47,25,380,317.00,"120,460.00"
2019-04-25,2019042501011878,NBL,33,25,"5,000",317.00,"1,585,000.00"
2019-04-25,2019042501011877,NBL,50,25,300,317.00,"95,100.00"
2019-04-25,2019042501011876,NBL,47,25,180,317.00,"57,060.00"
2019-04-25,2019042501011875,NBL,47,25,90,317.00,"28,530.00"
2019-04-25,2019042501011892,NBL,33,4,200,317.00,"63,400.00"
2019-04-25,2019042501011891,NBL,47,4,"1,000",317.00,"317,000.00"
2019-04-25,2019042501011890,NBL,47,4,100,317.00,"31,700.00"
2019-04-25,2019042501011883,NBL,47,25,30,317.00,"9,510.00"
2019-04-25,2019042501011882,NBL,47,25,180,317.00,"57,060.00"
2019-04-25,2019042501011881,NBL,47,25,100,317.00,"31,700.00"
2019-04-25,2019042501011996,NBL,33,4,100,317.00,"31,700.00"
2019-04-25,2019042501011967,NBL,22,4,200,317.00,"63,400.00"
2019-04-25,2019042501011963,NBL,33,4,350,317.00,"110,950.00"
2019-04-25,2019042501011958,NBL,50,55,96,316.00,"30,336.00"
2019-04-25,2019042501011922,NBL,45,4,90,317.00,"28,530.00"
2019-04-25,2019042501011893,NBL,33,4,"2,000",317.00,"634,000.00"
2019-04-25,2019042501012061,NCCB,45,58,500,243.00,"121,500.00"
2019-04-25,2019042501012031,NCCB,1,45,200,242.00,"48,400.00"
2019-04-25,2019042501011999,NCCB,8,58,150,243.00,"36,450.00"
2019-04-25,2019042501011998,NCCB,28,58,404,243.00,"98,172.00"
2019-04-25,2019042501011817,NCCB,28,53,20,244.00,"4,880.00"
2019-04-25,2019042501011813,NCCB,28,48,596,243.00,"144,828.00"
2019-04-25,2019042501011812,NCCB,42,48,200,243.00,"48,600.00"
2019-04-25,2019042501011811,NCCB,51,48,250,243.00,"60,750.00"
2019-04-25,2019042501011730,NCCB,4,53,500,244.00,"122,000.00"
2019-04-25,2019042501012095,NCDB,58,28,10,143.00,"1,430.00"
2019-04-25,2019042501012082,NGPL,57,50,989,120.00,"118,680.00"
2019-04-25,2019042501012012,NGPL,1,50,11,120.00,"1,320.00"
2019-04-25,2019042501012011,NGPL,1,21,11,119.00,"1,309.00"
2019-04-25,2019042501011986,NGPL,1,51,11,118.00,"1,298.00"
2019-04-25,2019042501012130,NIB,29,20,150,574.00,"86,100.00"
2019-04-25,2019042501012129,NIB,29,53,200,574.00,"114,800.00"
2019-04-25,2019042501012071,NIB,41,53,100,574.00,"57,400.00"
2019-04-25,2019042501011913,NIB,3,53,200,574.00,"114,800.00"
2019-04-25,2019042501011754,NIB,11,22,71,573.00,"40,683.00"
2019-04-25,2019042501012137,NICA,42,34,190,507.00,"96,330.00"
2019-04-25,2019042501012136,NICA,42,57,210,507.00,"106,470.00"
2019-04-25,2019042501012128,NICA,48,28,350,506.00,"177,100.00"
2019-04-25,2019042501012045,NICA,48,5,50,506.00,"25,300.00"
2019-04-25,2019042501012044,NICA,48,40,100,506.00,"50,600.00"
2019-04-25,2019042501011681,NICA,11,57,100,507.00,"50,700.00"
2019-04-25,2019042501011707,NICL,21,46,188,393.00,"73,884.00"
2019-04-25,2019042501011940,NIL,14,46,571,526.00,"300,346.00"
2019-04-25,2019042501011939,NIL,37,46,500,526.00,"263,000.00"
2019-04-25,2019042501011938,NIL,56,46,89,526.00,"46,814.00"
2019-04-25,2019042501011937,NIL,59,46,500,528.00,"264,000.00"
2019-04-25,2019042501011936,NIL,28,46,40,528.00,"21,120.00"
2019-04-25,2019042501011861,NLBBL,38,26,100,473.00,"47,300.00"
2019-04-25,2019042501011790,NLIC,37,22,10,"1,145.00","11,450.00"
2019-04-25,2019042501011661,NLIC,37,18,14,"1,146.00","16,044.00"
2019-04-25,2019042501012042,NLICL,16,26,100,625.00,"62,500.00"
2019-04-25,2019042501011889,NLICL,16,21,10,625.00,"6,250.00"
2019-04-25,2019042501011850,NLICL,41,44,100,626.00,"62,600.00"
2019-04-25,2019042501011698,NLICL,5,42,315,624.00,"196,560.00"
2019-04-25,2019042501011697,NLICL,50,42,20,625.00,"12,500.00"
2019-04-25,2019042501011696,NLICL,41,42,70,625.00,"43,750.00"
2019-04-25,2019042501011665,NLICL,57,3,100,626.00,"62,600.00"
2019-04-25,2019042501012131,NMB,34,58,28,395.00,"11,060.00"
2019-04-25,2019042501012019,NMB,34,45,50,395.00,"19,750.00"
2019-04-25,2019042501011801,NMB,34,42,800,395.00,"316,000.00"
2019-04-25,2019042501011765,NMB,34,22,63,395.00,"24,885.00"
2019-04-25,2019042501011737,NMB,34,28,55,395.00,"21,725.00"
2019-04-25,2019042501011723,NMB,34,28,110,395.00,"43,450.00"
2019-04-25,2019042501011704,NMB,34,52,25,395.00,"9,875.00"
2019-04-25,2019042501012140,NMBHF1,29,40,"10,572",9.90,"104,662.80"
2019-04-25,2019042501012063,NNLB,38,37,60,434.00,"26,040.00"
2019-04-25,2019042501012062,NNLB,14,37,20,435.00,"8,700.00"
2019-04-25,2019042501012072,NSEWA,17,14,10,489.00,"4,890.00"
2019-04-25,2019042501011736,NTC,7,47,15,704.00,"10,560.00"
2019-04-25,2019042501012050,NUBL,40,11,40,829.00,"33,160.00"
2019-04-25,2019042501012037,PCBL,37,43,500,362.00,"181,000.00"
2019-04-25,2019042501012036,PCBL,11,43,100,362.00,"36,200.00"
2019-04-25,2019042501012070,PIC,6,17,11,"1,033.00","11,363.00"
2019-04-25,2019042501011912,PIC,6,6,373,"1,033.00","385,309.00"
2019-04-25,2019042501011911,PIC,6,6,27,"1,034.00","27,918.00"
2019-04-25,2019042501011802,PIC,58,22,11,"1,035.00","11,385.00"
2019-04-25,2019042501011927,PICL,32,41,100,716.00,"71,600.00"
2019-04-25,2019042501012048,PLIC,1,26,100,475.00,"47,500.00"
2019-04-25,2019042501012010,PLIC,1,16,62,475.00,"29,450.00"
2019-04-25,2019042501012046,PMHPL,56,41,10,109.00,"1,090.00"
2019-04-25,2019042501012093,PRIN,25,41,50,428.00,"21,400.00"
2019-04-25,2019042501012084,PRIN,25,57,100,428.00,"42,800.00"
2019-04-25,2019042501011842,PRIN,25,26,348,428.00,"148,944.00"
2019-04-25,2019042501011768,PRIN,33,45,200,429.00,"85,800.00"
2019-04-25,2019042501012116,PRVU,29,50,"1,000",298.00,"298,000.00"
2019-04-25,2019042501011888,PRVU,33,46,300,298.00,"89,400.00"
2019-04-25,2019042501011855,PRVU,14,46,700,298.00,"208,600.00"
2019-04-25,2019042501011854,PRVU,14,43,500,298.00,"149,000.00"
2019-04-25,2019042501011853,PRVU,14,34,800,298.00,"238,400.00"
2019-04-25,2019042501011823,PRVU,34,34,300,298.00,"89,400.00"
2019-04-25,2019042501011758,PRVU,42,34,100,298.00,"29,800.00"
2019-04-25,2019042501011719,PRVU,55,41,26,297.00,"7,722.00"
2019-04-25,2019042501012085,RHPC,43,17,19,90.00,"1,710.00"
2019-04-25,2019042501011742,RLFL,57,47,125,130.00,"16,250.00"
2019-04-25,2019042501011741,RLFL,57,47,571,130.00,"74,230.00"
2019-04-25,2019042501011740,RLFL,57,59,100,130.00,"13,000.00"
2019-04-25,2019042501011739,RLFL,57,58,28,130.00,"3,640.00"
2019-04-25,2019042501011720,RLFL,57,47,100,128.00,"12,800.00"
2019-04-25,2019042501011691,RLFL,57,59,300,127.00,"38,100.00"
2019-04-25,2019042501011684,RLFL,57,39,129,125.00,"16,125.00"
2019-04-25,2019042501011683,RLFL,57,22,"1,561",124.00,"193,564.00"
2019-04-25,2019042501011682,RLFL,57,39,500,124.00,"62,000.00"
2019-04-25,2019042501011690,RLFL,57,41,"1,191",127.00,"151,257.00"
2019-04-25,2019042501011689,RLFL,57,22,50,127.00,"6,350.00"
2019-04-25,2019042501011688,RLFL,57,39,200,126.00,"25,200.00"
2019-04-25,2019042501011687,RLFL,57,25,17,126.00,"2,142.00"
2019-04-25,2019042501011686,RLFL,57,39,156,126.00,"19,656.00"
2019-04-25,2019042501011685,RLFL,57,25,500,125.00,"62,500.00"
2019-04-25,2019042501012099,RRHP,57,17,10,91.00,910.00
2019-04-25,2019042501012109,RSDC,58,39,42,388.00,"16,296.00"
2019-04-25,2019042501012034,RSDC,14,21,80,387.00,"30,960.00"
2019-04-25,2019042501011809,RSDC,45,21,20,387.00,"7,740.00"
2019-04-25,2019042501012014,SADBL,38,42,"1,000",156.00,"156,000.00"
2019-04-25,2019042501011907,SADBL,38,43,351,154.00,"54,054.00"
2019-04-25,2019042501011906,SADBL,32,43,49,155.00,"7,595.00"
2019-04-25,2019042501011887,SADBL,32,59,"1,000",155.00,"155,000.00"
2019-04-25,2019042501011886,SADBL,32,28,"1,000",155.00,"155,000.00"
2019-04-25,2019042501011885,SADBL,32,5,613,155.00,"95,015.00"
2019-04-25,2019042501011884,SADBL,32,49,338,155.00,"52,390.00"
2019-04-25,2019042501011751,SADBL,38,39,500,154.00,"77,000.00"
2019-04-25,2019042501011695,SADBL,56,49,500,155.00,"77,500.00"
2019-04-25,2019042501011816,SAEF,46,56,"1,000",9.90,"9,900.00"
2019-04-25,2019042501011815,SAEF,46,25,"5,000",9.87,"49,350.00"
2019-04-25,2019042501011814,SAEF,46,56,"9,500",9.85,"93,575.00"
2019-04-25,2019042501012121,SANIMA,14,42,25,361.00,"9,025.00"
2019-04-25,2019042501011788,SANIMA,14,47,24,361.00,"8,664.00"
2019-04-25,2019042501011787,SANIMA,42,47,100,361.00,"36,100.00"
2019-04-25,2019042501011786,SANIMA,26,47,50,361.00,"18,050.00"
2019-04-25,2019042501011785,SANIMA,35,47,26,361.00,"9,386.00"
2019-04-25,2019042501011757,SANIMA,35,42,74,361.00,"26,714.00"
2019-04-25,2019042501011756,SANIMA,6,42,26,361.00,"9,386.00"
2019-04-25,2019042501011918,SBI,7,41,100,510.00,"51,000.00"
2019-04-25,2019042501011917,SBI,50,41,200,510.00,"102,000.00"
2019-04-25,2019042501011763,SBI,33,17,44,512.00,"22,528.00"
2019-04-25,2019042501012107,SBL,51,41,150,352.00,"52,800.00"
2019-04-25,2019042501012100,SBL,51,25,800,352.00,"281,600.00"
2019-04-25,2019042501011985,SBL,59,32,"1,000",352.00,"352,000.00"
2019-04-25,2019042501011954,SBL,25,59,52,352.00,"18,304.00"
2019-04-25,2019042501011953,SBL,25,32,"1,000",352.00,"352,000.00"
2019-04-25,2019042501011807,SBL,51,43,500,352.00,"176,000.00"
2019-04-25,2019042501011806,SBL,51,28,500,352.00,"176,000.00"
2019-04-25,2019042501011755,SBL,43,32,"1,000",351.00,"351,000.00"
2019-04-25,2019042501011738,SBL,43,17,50,351.00,"17,550.00"
2019-04-25,2019042501011803,SCB,28,56,10,728.00,"7,280.00"
2019-04-25,2019042501011789,SCB,28,42,100,724.00,"72,400.00"
2019-04-25,2019042501011725,SCB,42,4,"1,350",725.00,"978,750.00"
2019-04-25,2019042501011663,SCB,28,17,20,724.00,"14,480.00"
2019-04-25,2019042501011662,SCB,26,17,80,724.00,"57,920.00"
2019-04-25,2019042501011909,SHIVM,58,39,"1,000",311.00,"311,000.00"
2019-04-25,2019042501011860,SHIVM,19,50,100,310.00,"31,000.00"
2019-04-25,2019042501011774,SHIVM,19,22,50,310.00,"15,500.00"
2019-04-25,2019042501011764,SHIVM,58,39,"1,363",311.00,"423,893.00"
2019-04-25,2019042501011747,SHIVM,19,34,50,310.00,"15,500.00"
2019-04-25,2019042501011928,SHL,40,56,500,221.00,"110,500.00"
2019-04-25,2019042501011800,SHPC,11,38,19,229.00,"4,351.00"
2019-04-25,2019042501011748,SHPC,11,58,20,229.00,"4,580.00"
2019-04-25,2019042501011948,SICL,41,6,200,894.00,"178,800.00"
2019-04-25,2019042501012094,SKBBL,42,42,200,"1,002.00","200,400.00"
2019-04-25,2019042501011997,SKBBL,57,42,10,"1,005.00","10,050.00"
2019-04-25,2019042501012058,SLICL,26,5,50,550.00,"27,500.00"
2019-04-25,2019042501012123,SPDL,7,17,15,97.00,"1,455.00"
2019-04-25,2019042501012067,SRBL,4,19,278,268.00,"74,504.00"
2019-04-25,2019042501012066,SRBL,26,19,500,268.00,"134,000.00"
2019-04-25,2019042501012065,SRBL,52,19,100,268.00,"26,800.00"
2019-04-25,2019042501012064,SRBL,48,19,382,269.00,"102,758.00"
2019-04-25,2019042501011752,SRBL,57,49,40,270.00,"10,800.00"
2019-04-25,2019042501011676,SRBL,50,54,410,271.00,"111,110.00"
2019-04-25,2019042501011675,SRBL,50,43,600,271.00,"162,600.00"
2019-04-25,2019042501011674,SRBL,50,40,500,271.00,"135,500.00"
2019-04-25,2019042501011673,SRBL,50,56,148,271.00,"40,108.00"
2019-04-25,2019042501011672,SRBL,50,14,342,271.00,"92,682.00"
2019-04-25,2019042501011957,UIC,22,4,30,937.00,"28,110.00"
2019-04-25,2019042501011956,UIC,22,44,100,937.00,"93,700.00"
2019-04-25,2019042501011947,UIC,53,39,10,930.00,"9,300.00"
2019-04-25,2019042501011703,UIC,48,25,10,938.00,"9,380.00"
2019-04-25,2019042501011702,UIC,48,6,50,935.00,"46,750.00"
2019-04-25,2019042501011701,UIC,48,56,100,933.00,"93,300.00"
2019-04-25,2019042501011700,UIC,48,29,20,930.00,"18,600.00"
2019-04-25,2019042501012078,UNL,3,17,10,"20,298.00","202,980.00"
2019-04-25,2019042501012127,UPPER,58,25,20,228.00,"4,560.00"
2019-04-25,2019042501012126,UPPER,37,25,"1,000",228.00,"228,000.00"
2019-04-25,2019042501012125,UPPER,11,25,200,228.00,"45,600.00"
2019-04-25,2019042501012124,UPPER,11,25,325,228.00,"74,100.00"
2019-04-25,2019042501012120,UPPER,11,44,40,228.00,"9,120.00"
2019-04-25,2019042501012108,UPPER,11,48,50,228.00,"11,400.00"
2019-04-25,2019042501011716,UPPER,11,32,500,228.00,"114,000.00"
2019-04-25,2019042501011715,UPPER,11,43,"1,430",228.00,"326,040.00"
2019-04-25,2019042501011714,UPPER,1,43,70,228.00,"15,960.00"
2019-04-25,2019042501011713,UPPER,1,35,100,228.00,"22,800.00"
2019-04-25,2019042501011712,UPPER,58,35,80,228.00,"18,240.00"
2019-04-25,2019042501011711,UPPER,16,35,320,228.00,"72,960.00"
2019-04-25,2019042501011797,UPPER,11,45,107,228.00,"24,396.00"
2019-04-25,2019042501011784,UPPER,11,43,"1,200",228.00,"273,600.00"
2019-04-25,2019042501011759,UPPER,58,50,20,229.00,"4,580.00"
2019-04-25,2019042501011735,UPPER,11,45,58,228.00,"13,224.00"
2019-04-25,2019042501011733,UPPER,33,50,40,229.00,"9,160.00"
2019-04-25,2019042501012052,UPPER,11,41,50,228.00,"11,400.00"
2019-04-25,2019042501011852,UPPER,11,19,200,228.00,"45,600.00"
2019-04-25,2019042501011828,UPPER,11,22,40,228.00,"9,120.00"
2019-04-25,2019042501011623,ADBL,6,55,"2,000",383.00,"766,000.00"
2019-04-25,2019042501011561,ADBL,58,59,30,385.00,"11,550.00"
2019-04-25,2019042501011560,ADBL,58,49,200,385.00,"77,000.00"
2019-04-25,2019042501011559,ADBL,58,25,200,385.00,"77,000.00"
2019-04-25,2019042501011558,ADBL,58,5,400,385.00,"154,000.00"
2019-04-25,2019042501011557,ADBL,58,41,300,385.00,"115,500.00"
2019-04-25,2019042501011304,ADBL,49,6,100,381.00,"38,100.00"
2019-04-25,2019042501011303,ADBL,49,34,200,381.00,"76,200.00"
2019-04-25,2019042501011302,ADBL,49,51,50,380.00,"19,000.00"
2019-04-25,2019042501011301,ADBL,49,43,20,380.00,"7,600.00"
2019-04-25,2019042501011310,ADBL,49,38,50,382.00,"19,100.00"
2019-04-25,2019042501011309,ADBL,49,29,"1,000",382.00,"382,000.00"
2019-04-25,2019042501011308,ADBL,49,41,10,382.00,"3,820.00"
2019-04-25,2019042501011307,ADBL,49,29,"1,000",382.00,"382,000.00"
2019-04-25,2019042501011306,ADBL,49,38,210,382.00,"80,220.00"
2019-04-25,2019042501011305,ADBL,49,47,360,381.00,"137,160.00"
2019-04-25,2019042501011355,ADBL,49,44,561,383.00,"214,863.00"
2019-04-25,2019042501011354,ADBL,49,17,580,382.00,"221,560.00"
2019-04-25,2019042501011353,ADBL,49,17,350,382.00,"133,700.00"
2019-04-25,2019042501011352,ADBL,49,14,360,382.00,"137,520.00"
2019-04-25,2019042501011351,ADBL,49,38,70,382.00,"26,740.00"
2019-04-25,2019042501011350,ADBL,49,38,50,382.00,"19,100.00"
2019-04-25,2019042501011394,ADBL,34,10,432,383.00,"165,456.00"
2019-04-25,2019042501011393,ADBL,34,14,36,383.00,"13,788.00"
2019-04-25,2019042501011392,ADBL,35,35,"1,000",380.00,"380,000.00"
2019-04-25,2019042501011358,ADBL,35,35,"2,000",380.00,"760,000.00"
2019-04-25,2019042501011357,ADBL,49,14,464,383.00,"177,712.00"
2019-04-25,2019042501011356,ADBL,49,22,565,383.00,"216,395.00"
2019-04-25,2019042501011533,ADBL,19,51,170,384.00,"65,280.00"
2019-04-25,2019042501011509,ADBL,57,32,200,382.00,"76,400.00"
2019-04-25,2019042501011435,ADBL,58,29,500,384.00,"192,000.00"
2019-04-25,2019042501011434,ADBL,58,39,200,384.00,"76,800.00"
2019-04-25,2019042501011433,ADBL,58,38,100,384.00,"38,400.00"
2019-04-25,2019042501011432,ADBL,58,42,200,384.00,"76,800.00"
2019-04-25,2019042501011556,ADBL,58,29,"1,000",385.00,"385,000.00"
2019-04-25,2019042501011555,ADBL,58,28,200,385.00,"77,000.00"
2019-04-25,2019042501011554,ADBL,58,6,400,385.00,"154,000.00"
2019-04-25,2019042501011553,ADBL,58,6,200,385.00,"77,000.00"
2019-04-25,2019042501011552,ADBL,58,26,70,385.00,"26,950.00"
2019-04-25,2019042501011534,ADBL,19,26,130,385.00,"50,050.00"
2019-04-25,2019042501011410,ALBSL,57,50,10,462.00,"4,620.00"
2019-04-25,2019042501011251,ALBSL,32,56,10,462.00,"4,620.00"
2019-04-25,2019042501011248,ALBSL,32,39,10,462.00,"4,620.00"
2019-04-25,2019042501011235,ALBSL,32,39,10,462.00,"4,620.00"
2019-04-25,2019042501011223,ALBSL,32,39,10,462.00,"4,620.00"
2019-04-25,2019042501011202,ALBSL,32,39,10,462.00,"4,620.00"
2019-04-25,2019042501011187,ALBSL,32,39,10,462.00,"4,620.00"
2019-04-25,2019042501011178,ALBSL,32,39,10,462.00,"4,620.00"
2019-04-25,2019042501011160,ALBSL,32,39,10,462.00,"4,620.00"
2019-04-25,2019042501011546,ALICL,58,33,100,420.00,"42,000.00"
2019-04-25,2019042501011528,ALICL,21,7,200,420.00,"84,000.00"
2019-04-25,2019042501011229,ALICL,46,7,300,420.00,"126,000.00"
2019-04-25,2019042501011578,API,47,6,11,129.00,"1,419.00"
2019-04-25,2019042501011502,API,42,45,"1,548",131.00,"202,788.00"
2019-04-25,2019042501011490,API,42,45,452,130.00,"58,760.00"
2019-04-25,2019042501011486,API,7,45,400,130.00,"52,000.00"
2019-04-25,2019042501011485,API,6,45,100,130.00,"13,000.00"
2019-04-25,2019042501011484,API,42,45,100,130.00,"13,000.00"
2019-04-25,2019042501011359,API,22,45,105,131.00,"13,755.00"
2019-04-25,2019042501011458,API,29,45,100,130.00,"13,000.00"
2019-04-25,2019042501011439,API,58,45,300,131.00,"39,300.00"
2019-04-25,2019042501011412,API,47,45,23,131.00,"3,013.00"
2019-04-25,2019042501011362,API,41,45,"1,000",131.00,"131,000.00"
2019-04-25,2019042501011361,API,47,45,20,131.00,"2,620.00"
2019-04-25,2019042501011360,API,34,45,100,131.00,"13,100.00"
2019-04-25,2019042501011483,API,40,45,200,130.00,"26,000.00"
2019-04-25,2019042501011482,API,41,45,748,130.00,"97,240.00"
2019-04-25,2019042501011462,API,41,45,252,130.00,"32,760.00"
2019-04-25,2019042501011461,API,34,45,500,130.00,"65,000.00"
2019-04-25,2019042501011460,API,39,45,250,130.00,"32,500.00"
2019-04-25,2019042501011459,API,53,45,200,130.00,"26,000.00"
2019-04-25,2019042501011600,BARUN,25,39,"1,000",89.00,"89,000.00"
2019-04-25,2019042501011599,BARUN,1,39,90,89.00,"8,010.00"
2019-04-25,2019042501011598,BARUN,21,39,990,90.00,"89,100.00"
2019-04-25,2019042501011605,BOKL,7,58,129,295.00,"38,055.00"
2019-04-25,2019042501011291,BOKL,28,59,250,295.00,"73,750.00"
2019-04-25,2019042501011259,BOKL,28,17,464,295.00,"136,880.00"
2019-04-25,2019042501011228,BOKL,34,58,100,294.00,"29,400.00"
2019-04-25,2019042501011180,BOKL,43,17,500,295.00,"147,500.00"
2019-04-25,2019042501011612,BPCL,1,44,22,367.00,"8,074.00"
2019-04-25,2019042501011611,BPCL,1,14,22,367.00,"8,074.00"
2019-04-25,2019042501011188,BPCL,42,7,300,366.00,"109,800.00"
2019-04-25,2019042501011625,CBBL,25,13,200,"1,025.00","205,000.00"
2019-04-25,2019042501011537,CBBL,25,22,50,"1,024.00","51,200.00"
2019-04-25,2019042501011536,CBBL,44,22,50,"1,024.00","51,200.00"
2019-04-25,2019042501011276,CBBL,48,13,480,"1,023.00","491,040.00"
2019-04-25,2019042501011266,CBBL,39,13,20,"1,023.00","20,460.00"
2019-04-25,2019042501011255,CBBL,32,42,50,"1,021.00","51,050.00"
2019-04-25,2019042501011641,CBL,22,41,91,163.00,"14,833.00"
2019-04-25,2019042501011507,CBL,33,19,"1,900",163.00,"309,700.00"
2019-04-25,2019042501011436,CBL,33,19,100,163.00,"16,300.00"
2019-04-25,2019042501011373,CBL,33,19,500,163.00,"81,500.00"
2019-04-25,2019042501011316,CBL,42,45,32,162.00,"5,184.00"
2019-04-25,2019042501011218,CBL,42,33,23,162.00,"3,726.00"
2019-04-25,2019042501011650,CCBL,19,41,89,182.00,"16,198.00"
2019-04-25,2019042501011643,CCBL,22,17,100,183.00,"18,300.00"
2019-04-25,2019042501011520,CCBL,19,17,100,183.00,"18,300.00"
2019-04-25,2019042501011448,CHCL,1,42,150,511.00,"76,650.00"
2019-04-25,2019042501011313,CHCL,17,35,246,510.00,"125,460.00"
2019-04-25,2019042501011294,CHCL,14,35,443,510.00,"225,930.00"
2019-04-25,2019042501011615,CZBIL,35,58,10,237.00,"2,370.00"
2019-04-25,2019042501011274,CZBIL,35,22,201,237.00,"47,637.00"
2019-04-25,2019042501011550,DBBL,10,7,43,137.00,"5,891.00"
2019-04-25,2019042501011547,DBBL,55,55,100,138.00,"13,800.00"
2019-04-25,2019042501011521,DBBL,10,49,"4,957",137.00,"679,109.00"
2019-04-25,2019042501011515,DBBL,35,49,43,137.00,"5,891.00"
2019-04-25,2019042501011438,DBBL,5,58,305,136.00,"41,480.00"
2019-04-25,2019042501011409,DBBL,42,58,150,136.00,"20,400.00"
