Date,Transact. No.,Symbol,Buyer,Seller,Quantity,Rate,Amount
2019-09-24,2019092401003805,ADBL,36,34,13,412.00,"5,356.00"
2019-09-24,2019092401003753,ADBL,56,45,52,411.00,"21,372.00"
2019-09-24,2019092401003897,AHPC,22,45,294,97.00,"28,518.00"
2019-09-24,2019092401003896,AHPC,22,33,106,97.00,"10,282.00"
2019-09-24,2019092401003675,AKBSL,14,56,10,412.00,"4,120.00"
2019-09-24,2019092401003591,AKBSL,14,28,10,412.00,"4,120.00"
2019-09-24,2019092401003503,AKBSL,14,26,10,412.00,"4,120.00"
2019-09-24,2019092401003492,AKBSL,14,26,10,412.00,"4,120.00"
2019-09-24,2019092401003479,AKBSL,14,28,10,412.00,"4,120.00"
2019-09-24,2019092401003476,AKBSL,48,44,10,415.00,"4,150.00"
2019-09-24,2019092401003871,ALICL,25,38,200,312.00,"62,400.00"
2019-09-24,2019092401003831,ALICL,44,16,443,312.00,"138,216.00"
2019-09-24,2019092401003667,ALICL,44,34,50,312.00,"15,600.00"
2019-09-24,2019092401003578,ALICL,25,46,84,311.00,"26,124.00"
2019-09-24,2019092401003577,ALICL,37,46,16,312.00,"4,992.00"
2019-09-24,2019092401003632,API,25,25,12,115.00,"1,380.00"
2019-09-24,2019092401003491,API,49,34,100,113.00,"11,300.00"
2019-09-24,2019092401003490,API,6,34,100,113.00,"11,300.00"
2019-09-24,2019092401003827,BBC,14,35,10,"1,478.00","14,780.00"
2019-09-24,2019092401003706,BFC,8,39,700,89.00,"62,300.00"
2019-09-24,2019092401003719,BOKL,10,43,148,248.00,"36,704.00"
2019-09-24,2019092401003718,BOKL,49,43,500,248.00,"124,000.00"
2019-09-24,2019092401003717,BOKL,55,43,30,248.00,"7,440.00"
2019-09-24,2019092401003716,BOKL,34,43,100,248.00,"24,800.00"
2019-09-24,2019092401003715,BOKL,55,43,222,248.00,"55,056.00"
2019-09-24,2019092401003679,BOKL,56,37,10,249.00,"2,490.00"
2019-09-24,2019092401003668,BOKL,55,48,78,248.00,"19,344.00"
2019-09-24,2019092401003659,BOKL,40,37,300,249.00,"74,700.00"
2019-09-24,2019092401003514,BOKL,39,37,100,249.00,"24,900.00"
2019-09-24,2019092401003795,BPCL,21,45,11,357.00,"3,927.00"
2019-09-24,2019092401003905,CBBL,45,58,20,961.00,"19,220.00"
2019-09-24,2019092401003849,CBBL,6,58,200,961.00,"192,200.00"
2019-09-24,2019092401003793,CBBL,43,51,14,964.00,"13,496.00"
2019-09-24,2019092401003787,CBBL,20,51,100,964.00,"96,400.00"
2019-09-24,2019092401003629,CBBL,45,51,10,964.00,"9,640.00"
2019-09-24,2019092401003618,CBBL,45,51,30,964.00,"28,920.00"
2019-09-24,2019092401003960,CBL,43,55,10,143.00,"1,430.00"
2019-09-24,2019092401003914,CBL,56,34,823,142.00,"116,866.00"
2019-09-24,2019092401003908,CBL,58,34,"2,000",142.00,"284,000.00"
2019-09-24,2019092401003701,CBL,36,34,98,142.00,"13,916.00"
2019-09-24,2019092401003700,CBL,36,25,102,142.00,"14,484.00"
2019-09-24,2019092401003590,CCBL,58,17,313,153.00,"47,889.00"
2019-09-24,2019092401003494,CCBL,52,17,55,153.00,"8,415.00"
2019-09-24,2019092401003493,CCBL,52,38,45,153.00,"6,885.00"
2019-09-24,2019092401003672,CEFL,4,5,100,103.00,"10,300.00"
2019-09-24,2019092401003877,CIT,46,38,50,"1,790.00","89,500.00"
2019-09-24,2019092401003876,CIT,4,38,10,"1,790.00","17,900.00"
2019-09-24,2019092401003833,CZBIL,44,20,100,193.00,"19,300.00"
2019-09-24,2019092401003832,CZBIL,46,20,100,193.00,"19,300.00"
2019-09-24,2019092401003798,CZBIL,1,38,13,196.00,"2,548.00"
2019-09-24,2019092401003765,CZBIL,1,20,50,194.00,"9,700.00"
2019-09-24,2019092401003779,DDBL,49,45,10,716.00,"7,160.00"
2019-09-24,2019092401003657,DDBL,49,43,200,716.00,"143,200.00"
2019-09-24,2019092401003542,DDBL,45,45,20,717.00,"14,340.00"
2019-09-24,2019092401003926,EBL,32,44,100,565.00,"56,500.00"
2019-09-24,2019092401003703,EBL,1,44,50,565.00,"28,250.00"
2019-09-24,2019092401003548,EBL,34,44,500,565.00,"282,500.00"
2019-09-24,2019092401003527,EBL,34,44,500,565.00,"282,500.00"
2019-09-24,2019092401003818,EIC,49,6,34,246.00,"8,364.00"
2019-09-24,2019092401003817,EIC,7,6,262,246.00,"64,452.00"
2019-09-24,2019092401003816,EIC,36,6,100,247.00,"24,700.00"
2019-09-24,2019092401003553,EIC,7,21,15,246.00,"3,690.00"
2019-09-24,2019092401003512,EIC,7,56,23,246.00,"5,658.00"
2019-09-24,2019092401003511,EIC,58,56,52,246.00,"12,792.00"
2019-09-24,2019092401003510,EIC,17,56,100,247.00,"24,700.00"
2019-09-24,2019092401003509,EIC,13,56,10,249.00,"2,490.00"
2019-09-24,2019092401003508,EIC,49,56,15,249.00,"3,735.00"
2019-09-24,2019092401003487,EIC,49,42,35,249.00,"8,715.00"
2019-09-24,2019092401003962,GBLBS,6,48,100,318.00,"31,800.00"
2019-09-24,2019092401003936,GBLBS,38,45,200,318.00,"63,600.00"
2019-09-24,2019092401003890,GBLBS,57,54,90,317.00,"28,530.00"
2019-09-24,2019092401003825,GBLBS,57,57,35,317.00,"11,095.00"
2019-09-24,2019092401003763,GBLBS,42,45,15,316.00,"4,740.00"
2019-09-24,2019092401003570,GBLBS,42,58,115,316.00,"36,340.00"
2019-09-24,2019092401003484,GBLBS,22,17,25,315.00,"7,875.00"
2019-09-24,2019092401003483,GBLBS,29,17,15,316.00,"4,740.00"
2019-09-24,2019092401003482,GBLBS,38,17,100,316.00,"31,600.00"
2019-09-24,2019092401003481,GBLBS,45,17,20,317.00,"6,340.00"
2019-09-24,2019092401003480,GBLBS,26,17,155,317.00,"49,135.00"
2019-09-24,2019092401003489,GDBL,28,29,200,203.00,"40,600.00"
2019-09-24,2019092401003951,GFCL,32,39,60,131.00,"7,860.00"
2019-09-24,2019092401003950,GFCL,1,39,"1,000",132.00,"132,000.00"
2019-09-24,2019092401003517,GILB,58,51,30,708.00,"21,240.00"
2019-09-24,2019092401003904,GLBSL,38,40,10,445.00,"4,450.00"
2019-09-24,2019092401003880,GLICL,25,53,500,360.00,"180,000.00"
2019-09-24,2019092401003879,GLICL,25,7,66,358.00,"23,628.00"
2019-09-24,2019092401003842,GLICL,22,42,66,356.00,"23,496.00"
2019-09-24,2019092401003528,GLICL,54,42,24,358.00,"8,592.00"
2019-09-24,2019092401003954,GMFBS,56,39,10,475.00,"4,750.00"
2019-09-24,2019092401003953,GMFBS,56,39,10,475.00,"4,750.00"
2019-09-24,2019092401003952,GMFBS,56,38,10,474.00,"4,740.00"
2019-09-24,2019092401003811,GMFBS,10,56,10,473.00,"4,730.00"
2019-09-24,2019092401003752,GMFBS,33,56,20,472.00,"9,440.00"
2019-09-24,2019092401003859,GRDBL,1,43,10,103.00,"1,030.00"
2019-09-24,2019092401003889,HDL,22,34,25,"1,431.00","35,775.00"
2019-09-24,2019092401003888,HDL,45,34,25,"1,431.00","35,775.00"
2019-09-24,2019092401003887,HDL,33,13,10,"1,453.00","14,530.00"
2019-09-24,2019092401003906,HGI,49,32,50,273.00,"13,650.00"
2019-09-24,2019092401003652,HGI,41,34,70,271.00,"18,970.00"
2019-09-24,2019092401003565,HGI,49,34,30,275.00,"8,250.00"
2019-09-24,2019092401003705,HIDCL,48,28,200,130.00,"26,000.00"
2019-09-24,2019092401003631,HIDCL,14,43,400,131.00,"52,400.00"
2019-09-24,2019092401003630,HIDCL,50,43,46,131.00,"6,026.00"
2019-09-24,2019092401003722,HURJA,41,34,180,106.00,"19,080.00"
2019-09-24,2019092401003621,ICFC,47,29,22,152.00,"3,344.00"
2019-09-24,2019092401003620,ICFC,35,29,10,152.00,"1,520.00"
2019-09-24,2019092401003785,IGI,33,13,20,295.00,"5,900.00"
2019-09-24,2019092401003784,IGI,49,13,50,295.00,"14,750.00"
2019-09-24,2019092401003783,IGI,35,13,30,296.00,"8,880.00"
2019-09-24,2019092401003964,ILBS,6,36,39,435.00,"16,965.00"
2019-09-24,2019092401003935,ILBS,6,13,11,435.00,"4,785.00"
2019-09-24,2019092401003934,ILBS,6,45,10,434.00,"4,340.00"
2019-09-24,2019092401003886,ILBS,6,46,10,433.00,"4,330.00"
2019-09-24,2019092401003885,ILBS,6,46,10,433.00,"4,330.00"
2019-09-24,2019092401003870,JBBL,49,46,10,156.00,"1,560.00"
2019-09-24,2019092401003739,JBBL,6,26,392,153.00,"59,976.00"
2019-09-24,2019092401003572,JBBL,49,46,10,156.00,"1,560.00"
2019-09-24,2019092401003571,JBBL,49,22,60,155.00,"9,300.00"
2019-09-24,2019092401003555,JBBL,6,32,92,153.00,"14,076.00"
2019-09-24,2019092401003554,JBBL,32,32,88,153.00,"13,464.00"
2019-09-24,2019092401003927,JFL,20,58,10,194.00,"1,940.00"
2019-09-24,2019092401003690,JFL,19,34,85,192.00,"16,320.00"
2019-09-24,2019092401003689,JFL,57,34,100,192.00,"19,200.00"
2019-09-24,2019092401003688,JFL,57,34,100,192.00,"19,200.00"
2019-09-24,2019092401003713,KADBL,45,48,121,174.00,"21,054.00"
2019-09-24,2019092401003712,KADBL,42,48,100,175.00,"17,500.00"
2019-09-24,2019092401003972,KBL,48,45,10,178.00,"1,780.00"
2019-09-24,2019092401003899,KBL,17,38,984,176.00,"173,184.00"
2019-09-24,2019092401003898,KBL,1,38,50,177.00,"8,850.00"
2019-09-24,2019092401003875,KBL,1,57,21,177.00,"3,717.00"
2019-09-24,2019092401003666,KBL,1,42,70,177.00,"12,390.00"
2019-09-24,2019092401003665,KBL,1,17,107,177.00,"18,939.00"
2019-09-24,2019092401003664,KBL,1,35,110,177.00,"19,470.00"
2019-09-24,2019092401003663,KBL,1,44,200,177.00,"35,400.00"
2019-09-24,2019092401003662,KBL,1,6,200,177.00,"35,400.00"
2019-09-24,2019092401003661,KBL,1,6,200,177.00,"35,400.00"
2019-09-24,2019092401003660,KBL,1,7,42,177.00,"7,434.00"
2019-09-24,2019092401003546,KBL,17,38,390,176.00,"68,640.00"
2019-09-24,2019092401003650,KKHC,46,58,50,53.00,"2,650.00"
2019-09-24,2019092401003649,KKHC,46,58,50,53.00,"2,650.00"
2019-09-24,2019092401003648,KKHC,29,58,100,53.00,"5,300.00"
2019-09-24,2019092401003966,LBBL,32,57,10,171.00,"1,710.00"
2019-09-24,2019092401003884,LBBL,14,4,98,169.00,"16,562.00"
2019-09-24,2019092401003883,LBBL,49,4,382,169.00,"64,558.00"
2019-09-24,2019092401003882,LBBL,33,4,500,170.00,"85,000.00"
2019-09-24,2019092401003881,LBBL,46,4,100,170.00,"17,000.00"
2019-09-24,2019092401003864,LBL,34,50,50,212.00,"10,600.00"
2019-09-24,2019092401003834,LBL,36,50,25,212.00,"5,300.00"
2019-09-24,2019092401003724,LBL,44,43,104,211.00,"21,944.00"
2019-09-24,2019092401003671,LBL,36,43,50,211.00,"10,550.00"
2019-09-24,2019092401003633,LBL,1,43,50,211.00,"10,550.00"
2019-09-24,2019092401003589,LBL,32,43,296,211.00,"62,456.00"
2019-09-24,2019092401003958,LICN,41,59,40,990.00,"39,600.00"
2019-09-24,2019092401003957,LICN,36,59,30,991.00,"29,730.00"
2019-09-24,2019092401003707,LICN,25,25,10,999.00,"9,990.00"
2019-09-24,2019092401003561,LICN,56,14,290,991.00,"287,390.00"
2019-09-24,2019092401003560,LICN,26,14,30,991.00,"29,730.00"
2019-09-24,2019092401003902,LLBS,33,39,100,653.00,"65,300.00"
2019-09-24,2019092401003874,LLBS,33,41,300,657.00,"197,100.00"
2019-09-24,2019092401003702,MBL,48,48,23,246.00,"5,658.00"
2019-09-24,2019092401003670,MBL,48,44,"1,000",246.00,"246,000.00"
2019-09-24,2019092401003647,MBL,48,44,152,246.00,"37,392.00"
2019-09-24,2019092401003646,MBL,48,44,300,246.00,"73,800.00"
2019-09-24,2019092401003645,MBL,25,44,23,246.00,"5,658.00"
2019-09-24,2019092401003973,MEGA,14,6,420,193.00,"81,060.00"
2019-09-24,2019092401003963,MEGA,51,6,100,193.00,"19,300.00"
2019-09-24,2019092401003939,MEGA,19,6,750,193.00,"144,750.00"
2019-09-24,2019092401003599,MEGA,11,6,100,193.00,"19,300.00"
2019-09-24,2019092401003520,MEGA,6,29,125,192.00,"24,000.00"
2019-09-24,2019092401003496,MEGA,49,6,100,193.00,"19,300.00"
2019-09-24,2019092401003616,MEGA,45,6,500,193.00,"96,500.00"
2019-09-24,2019092401003602,MEGA,6,29,35,192.00,"6,720.00"
2019-09-24,2019092401003669,MEGA,14,6,300,193.00,"57,900.00"
2019-09-24,2019092401003644,MEGA,6,48,221,192.00,"42,432.00"
2019-09-24,2019092401003721,MEGA,40,57,196,192.00,"37,632.00"
2019-09-24,2019092401003720,MEGA,6,57,304,192.00,"58,368.00"
2019-09-24,2019092401003766,MEGA,38,6,200,193.00,"38,600.00"
2019-09-24,2019092401003723,MEGA,1,6,200,193.00,"38,600.00"
2019-09-24,2019092401003801,MERO,17,45,161,550.00,"88,550.00"
2019-09-24,2019092401003800,MERO,43,45,100,550.00,"55,000.00"
2019-09-24,2019092401003799,MERO,46,45,39,550.00,"21,450.00"
2019-09-24,2019092401003788,MERO,46,21,10,550.00,"5,500.00"
2019-09-24,2019092401003714,MERO,38,39,10,554.00,"5,540.00"
2019-09-24,2019092401003583,MERO,46,6,31,550.00,"17,050.00"
2019-09-24,2019092401003828,MFIL,1,38,50,122.00,"6,100.00"
2019-09-24,2019092401003895,MNBBL,45,13,176,303.00,"53,328.00"
2019-09-24,2019092401003894,MNBBL,35,13,24,303.00,"7,272.00"
2019-09-24,2019092401003929,MSMBS,40,39,50,460.00,"23,000.00"
2019-09-24,2019092401003944,NABIL,25,6,200,760.00,"152,000.00"
2019-09-24,2019092401003943,NABIL,25,45,500,760.00,"380,000.00"
2019-09-24,2019092401003942,NABIL,25,53,250,759.00,"189,750.00"
2019-09-24,2019092401003941,NABIL,25,25,50,758.00,"37,900.00"
2019-09-24,2019092401003863,NABIL,34,57,12,758.00,"9,096.00"
2019-09-24,2019092401003610,NABIL,1,53,50,759.00,"37,950.00"
2019-09-24,2019092401003955,NADEP,59,26,81,410.00,"33,210.00"
2019-09-24,2019092401003852,NADEP,59,56,100,410.00,"41,000.00"
2019-09-24,2019092401003851,NADEP,59,32,80,409.00,"32,720.00"
2019-09-24,2019092401003913,NAGRO,34,19,10,739.00,"7,390.00"
2019-09-24,2019092401003930,NBB,56,56,20,210.00,"4,200.00"
2019-09-24,2019092401003836,NBB,56,51,415,209.00,"86,735.00"
2019-09-24,2019092401003835,NBB,56,57,200,209.00,"41,800.00"
2019-09-24,2019092401003676,NBL,3,16,60,312.00,"18,720.00"
2019-09-24,2019092401003641,NBL,42,16,50,312.00,"15,600.00"
2019-09-24,2019092401003607,NBL,50,16,100,312.00,"31,200.00"
2019-09-24,2019092401003593,NBL,21,16,790,312.00,"246,480.00"
2019-09-24,2019092401003592,NBL,21,44,210,312.00,"65,520.00"
2019-09-24,2019092401003588,NBL,40,57,200,311.00,"62,200.00"
2019-09-24,2019092401003975,NCCB,25,52,500,194.00,"97,000.00"
2019-09-24,2019092401003965,NCCB,33,34,10,195.00,"1,950.00"
2019-09-24,2019092401003918,NCCB,25,44,190,194.00,"36,860.00"
2019-09-24,2019092401003917,NCCB,49,44,100,194.00,"19,400.00"
2019-09-24,2019092401003916,NCCB,13,44,10,194.00,"1,940.00"
2019-09-24,2019092401003915,NCCB,46,44,100,194.00,"19,400.00"
2019-09-24,2019092401003580,NCCB,11,34,200,195.00,"39,000.00"
2019-09-24,2019092401003499,NCCB,29,34,450,195.00,"87,750.00"
2019-09-24,2019092401003498,NCCB,29,58,150,195.00,"29,250.00"
2019-09-24,2019092401003794,NEF,25,41,"4,152",7.68,"31,887.36"
2019-09-24,2019092401003778,NEF,8,41,814,7.70,"6,267.80"
2019-09-24,2019092401003777,NEF,8,50,414,7.70,"3,187.80"
2019-09-24,2019092401003776,NEF,8,28,483,7.70,"3,719.10"
2019-09-24,2019092401003892,NIB,34,57,32,439.00,"14,048.00"
2019-09-24,2019092401003891,NIB,45,57,62,439.00,"27,218.00"
2019-09-24,2019092401003658,NIB,45,39,38,439.00,"16,682.00"
2019-09-24,2019092401003640,NIB,45,44,200,439.00,"87,800.00"
2019-09-24,2019092401003507,NIB,32,47,200,439.00,"87,800.00"
2019-09-24,2019092401003506,NIB,28,47,100,439.00,"43,900.00"
2019-09-24,2019092401003505,NIB,55,47,10,439.00,"4,390.00"
2019-09-24,2019092401003504,NIB,26,47,57,439.00,"25,023.00"
2019-09-24,2019092401003515,NIBSF1,22,43,"2,786",8.65,"24,098.90"
2019-09-24,2019092401003967,NICA,46,4,12,379.00,"4,548.00"
2019-09-24,2019092401003907,NICA,44,57,15,376.00,"5,640.00"
2019-09-24,2019092401003727,NICA,36,4,13,379.00,"4,927.00"
2019-09-24,2019092401003698,NICA,45,17,415,378.00,"156,870.00"
2019-09-24,2019092401003697,NICA,45,57,"1,585",377.00,"597,545.00"
2019-09-24,2019092401003655,NICA,51,57,60,377.00,"22,620.00"
2019-09-24,2019092401003522,NICA,54,17,76,378.00,"28,728.00"
2019-09-24,2019092401003495,NICA,54,44,200,378.00,"75,600.00"
2019-09-24,2019092401003488,NICA,49,4,100,379.00,"37,900.00"
2019-09-24,2019092401003654,NICA,42,57,500,377.00,"188,500.00"
2019-09-24,2019092401003597,NICA,34,57,100,377.00,"37,700.00"
2019-09-24,2019092401003596,NICA,6,57,105,377.00,"39,585.00"
2019-09-24,2019092401003595,NICA,33,57,250,377.00,"94,250.00"
2019-09-24,2019092401003587,NICA,33,17,500,377.00,"188,500.00"
2019-09-24,2019092401003579,NICA,33,57,250,377.00,"94,250.00"
2019-09-24,2019092401003843,NICL,43,57,10,267.00,"2,670.00"
2019-09-24,2019092401003809,NICL,49,45,95,265.00,"25,175.00"
2019-09-24,2019092401003808,NICL,47,45,70,265.00,"18,550.00"
2019-09-24,2019092401003806,NICL,22,57,22,267.00,"5,874.00"
2019-09-24,2019092401003615,NICL,58,57,400,267.00,"106,800.00"
2019-09-24,2019092401003959,NIL,43,7,90,356.00,"32,040.00"
2019-09-24,2019092401003946,NIL,3,7,10,356.00,"3,560.00"
2019-09-24,2019092401003924,NIL,45,7,100,356.00,"35,600.00"
2019-09-24,2019092401003923,NIL,29,7,300,356.00,"106,800.00"
2019-09-24,2019092401003922,NIL,43,7,100,356.00,"35,600.00"
2019-09-24,2019092401003921,NIL,42,7,50,357.00,"17,850.00"
2019-09-24,2019092401003920,NIL,35,7,50,357.00,"17,850.00"
2019-09-24,2019092401003919,NIL,51,7,100,357.00,"35,700.00"
2019-09-24,2019092401003619,NIL,43,21,51,358.00,"18,258.00"
2019-09-24,2019092401003478,NIL,57,21,500,358.00,"179,000.00"
2019-09-24,2019092401003678,NLG,6,19,10,585.00,"5,850.00"
2019-09-24,2019092401003563,NLG,10,42,20,579.00,"11,580.00"
2019-09-24,2019092401003562,NLG,33,42,10,580.00,"5,800.00"
2019-09-24,2019092401003938,NLIC,13,22,67,757.00,"50,719.00"
2019-09-24,2019092401003937,NLIC,25,22,133,757.00,"100,681.00"
2019-09-24,2019092401003878,NLIC,51,6,100,758.00,"75,800.00"
2019-09-24,2019092401003872,NLIC,6,6,100,758.00,"75,800.00"
2019-09-24,2019092401003696,NLIC,25,42,21,757.00,"15,897.00"
2019-09-24,2019092401003674,NLIC,25,42,21,757.00,"15,897.00"
2019-09-24,2019092401003586,NLIC,25,56,25,757.00,"18,925.00"
2019-09-24,2019092401003585,NLIC,11,56,10,757.00,"7,570.00"
2019-09-24,2019092401003524,NLIC,7,5,48,760.00,"36,480.00"
2019-09-24,2019092401003523,NLIC,7,35,52,760.00,"39,520.00"
2019-09-24,2019092401003940,NLICL,43,56,10,472.00,"4,720.00"
2019-09-24,2019092401003925,NLICL,25,56,10,472.00,"4,720.00"
2019-09-24,2019092401003708,NMBMF,28,58,295,"1,055.00","311,225.00"
2019-09-24,2019092401003848,NMFBS,45,57,10,"1,660.00","16,600.00"
2019-09-24,2019092401003847,NMFBS,26,57,10,"1,665.00","16,650.00"
2019-09-24,2019092401003680,NNLB,40,38,250,423.00,"105,750.00"
2019-09-24,2019092401003584,NTC,59,43,10,622.00,"6,220.00"
2019-09-24,2019092401003516,NUBL,6,11,24,843.00,"20,232.00"
2019-09-24,2019092401003771,OHL,29,38,20,521.00,"10,420.00"
2019-09-24,2019092401003770,OHL,16,38,200,525.00,"105,000.00"
2019-09-24,2019092401003769,OHL,14,38,50,525.00,"26,250.00"
2019-09-24,2019092401003768,OHL,54,38,50,530.00,"26,500.00"
2019-09-24,2019092401003767,OHL,46,38,20,532.00,"10,640.00"
2019-09-24,2019092401003773,OHL,45,38,10,521.00,"5,210.00"
2019-09-24,2019092401003772,OHL,45,38,100,521.00,"52,100.00"
2019-09-24,2019092401003681,PCBL,46,29,35,263.00,"9,205.00"
2019-09-24,2019092401003862,PIC,8,53,16,369.00,"5,904.00"
2019-09-24,2019092401003861,PIC,51,53,200,370.00,"74,000.00"
2019-09-24,2019092401003860,PIC,47,53,45,370.00,"16,650.00"
2019-09-24,2019092401003838,PIC,49,57,26,371.00,"9,646.00"
2019-09-24,2019092401003609,PICL,42,26,10,441.00,"4,410.00"
2019-09-24,2019092401003608,PICL,33,26,10,445.00,"4,450.00"
2019-09-24,2019092401003613,PLIC,22,40,200,318.00,"63,600.00"
2019-09-24,2019092401003911,PRIN,33,45,15,306.00,"4,590.00"
2019-09-24,2019092401003910,PRIN,33,57,230,305.00,"70,150.00"
2019-09-24,2019092401003909,PRIN,33,25,100,305.00,"30,500.00"
2019-09-24,2019092401003933,PRVU,46,10,200,259.00,"51,800.00"
2019-09-24,2019092401003932,PRVU,46,10,100,259.00,"25,900.00"
2019-09-24,2019092401003931,PRVU,37,10,300,259.00,"77,700.00"
2019-09-24,2019092401003846,PRVU,37,49,700,259.00,"181,300.00"
2019-09-24,2019092401003845,PRVU,52,49,500,259.00,"129,500.00"
2019-09-24,2019092401003844,PRVU,56,49,500,259.00,"129,500.00"
2019-09-24,2019092401003569,PRVU,6,44,362,259.00,"93,758.00"
2019-09-24,2019092401003568,PRVU,43,44,638,259.00,"165,242.00"
2019-09-24,2019092401003559,PRVU,43,44,362,259.00,"93,758.00"
2019-09-24,2019092401003558,PRVU,49,44,100,259.00,"25,900.00"
2019-09-24,2019092401003557,PRVU,45,44,500,259.00,"129,500.00"
2019-09-24,2019092401003556,PRVU,44,44,"1,538",259.00,"398,342.00"
2019-09-24,2019092401003758,PRVU,28,43,500,259.00,"129,500.00"
2019-09-24,2019092401003653,PRVU,42,13,50,260.00,"13,000.00"
2019-09-24,2019092401003600,PRVU,54,44,500,259.00,"129,500.00"
2019-09-24,2019092401003594,PRVU,54,26,137,259.00,"35,483.00"
2019-09-24,2019092401003574,PRVU,54,44,362,259.00,"93,758.00"
2019-09-24,2019092401003573,PRVU,6,44,138,259.00,"35,742.00"
2019-09-24,2019092401003759,PRVU,56,43,500,259.00,"129,500.00"
2019-09-24,2019092401003822,PRVU,49,56,242,260.00,"62,920.00"
2019-09-24,2019092401003821,PRVU,49,46,500,260.00,"130,000.00"
2019-09-24,2019092401003820,PRVU,49,44,100,260.00,"26,000.00"
2019-09-24,2019092401003819,PRVU,49,13,158,260.00,"41,080.00"
2019-09-24,2019092401003728,RBCL,55,42,10,"8,500.00","85,000.00"
2019-09-24,2019092401003704,RBCL,25,45,11,"8,500.00","93,500.00"
2019-09-24,2019092401003567,RBCL,19,29,24,"8,455.00","202,920.00"
2019-09-24,2019092401003566,RBCL,35,29,10,"8,461.00","84,610.00"
2019-09-24,2019092401003543,RBCL,13,29,10,"8,500.00","85,000.00"
2019-09-24,2019092401003502,RBCL,51,45,10,"8,501.00","85,010.00"
2019-09-24,2019092401003501,RBCL,8,45,10,"8,505.00","85,050.00"
2019-09-24,2019092401003500,RBCL,51,45,10,"8,510.00","85,100.00"
2019-09-24,2019092401003547,RBCLPO,40,43,10,"7,256.00","72,560.00"
2019-09-24,2019092401003949,RHPL,44,21,10,155.00,"1,550.00"
2019-09-24,2019092401003948,RHPL,29,21,20,156.00,"3,120.00"
2019-09-24,2019092401003792,RHPL,29,34,100,156.00,"15,600.00"
2019-09-24,2019092401003791,RHPL,29,45,40,156.00,"6,240.00"
2019-09-24,2019092401003790,RHPL,29,28,40,156.00,"6,240.00"
2019-09-24,2019092401003789,RHPL,29,34,300,156.00,"46,800.00"
2019-09-24,2019092401003513,RHPL,44,39,20,155.00,"3,100.00"
2019-09-24,2019092401003774,RHPL,44,21,30,155.00,"4,650.00"
2019-09-24,2019092401003729,RHPL,42,34,200,156.00,"31,200.00"
2019-09-24,2019092401003612,RHPL,44,38,500,155.00,"77,500.00"
2019-09-24,2019092401003552,RHPL,44,21,30,155.00,"4,650.00"
2019-09-24,2019092401003530,RHPL,44,47,30,155.00,"4,650.00"
2019-09-24,2019092401003519,RHPL,44,39,20,155.00,"3,100.00"
2019-09-24,2019092401003710,RLFL,32,21,54,110.00,"5,940.00"
2019-09-24,2019092401003477,RLFL,53,17,56,111.00,"6,216.00"
2019-09-24,2019092401003684,RSDC,22,42,30,323.00,"9,690.00"
2019-09-24,2019092401003686,SABSL,5,56,10,451.00,"4,510.00"
2019-09-24,2019092401003541,SABSL,33,45,10,455.00,"4,550.00"
2019-09-24,2019092401003540,SABSL,33,47,10,455.00,"4,550.00"
2019-09-24,2019092401003539,SABSL,33,47,10,454.00,"4,540.00"
2019-09-24,2019092401003538,SABSL,33,47,10,454.00,"4,540.00"
2019-09-24,2019092401003537,SABSL,33,16,10,453.00,"4,530.00"
2019-09-24,2019092401003536,SABSL,33,16,10,453.00,"4,530.00"
2019-09-24,2019092401003535,SABSL,33,16,10,453.00,"4,530.00"
2019-09-24,2019092401003534,SABSL,33,16,10,453.00,"4,530.00"
2019-09-24,2019092401003533,SABSL,33,16,10,453.00,"4,530.00"
2019-09-24,2019092401003532,SABSL,33,16,10,453.00,"4,530.00"
2019-09-24,2019092401003531,SABSL,33,16,10,453.00,"4,530.00"
2019-09-24,2019092401003971,SANIMA,1,57,157,348.00,"54,636.00"
2019-09-24,2019092401003970,SANIMA,35,57,40,348.00,"13,920.00"
2019-09-24,2019092401003969,SANIMA,17,57,43,348.00,"14,964.00"
2019-09-24,2019092401003968,SANIMA,14,57,20,349.00,"6,980.00"
2019-09-24,2019092401003830,SANIMA,14,8,"1,480",349.00,"516,520.00"
2019-09-24,2019092401003829,SANIMA,56,8,20,349.00,"6,980.00"
2019-09-24,2019092401003901,SBI,45,45,343,403.00,"138,229.00"
2019-09-24,2019092401003900,SBI,37,45,100,403.00,"40,300.00"
2019-09-24,2019092401003866,SBI,50,45,200,404.00,"80,800.00"
2019-09-24,2019092401003865,SBI,13,45,62,404.00,"25,048.00"
2019-09-24,2019092401003841,SBI,13,4,38,404.00,"15,352.00"
2019-09-24,2019092401003840,SBI,25,4,200,405.00,"81,000.00"
2019-09-24,2019092401003839,SBI,1,4,200,405.00,"81,000.00"
2019-09-24,2019092401003709,SBI,21,42,10,406.00,"4,060.00"
2019-09-24,2019092401003956,SBL,44,57,16,326.00,"5,216.00"
2019-09-24,2019092401003873,SBL,50,11,500,327.00,"163,500.00"
2019-09-24,2019092401003853,SBL,26,11,300,327.00,"98,100.00"
2019-09-24,2019092401003726,SBL,36,11,100,327.00,"32,700.00"
2019-09-24,2019092401003685,SBL,44,48,537,326.00,"175,062.00"
2019-09-24,2019092401003606,SBL,39,11,77,327.00,"25,179.00"
2019-09-24,2019092401003605,SBL,39,46,200,327.00,"65,400.00"
2019-09-24,2019092401003604,SBL,39,13,223,327.00,"72,921.00"
2019-09-24,2019092401003529,SBL,44,11,90,326.00,"29,340.00"
2019-09-24,2019092401003754,SCB,56,49,15,562.00,"8,430.00"
2019-09-24,2019092401003854,SDESI,45,39,23,600.00,"13,800.00"
2019-09-24,2019092401003762,SDESI,1,29,11,597.00,"6,567.00"
2019-09-24,2019092401003603,SDESI,1,29,13,597.00,"7,761.00"
2019-09-24,2019092401003601,SDESI,19,39,50,600.00,"30,000.00"
2019-09-24,2019092401003526,SDESI,5,39,100,600.00,"60,000.00"
2019-09-24,2019092401003525,SDESI,1,39,23,600.00,"13,800.00"
2019-09-24,2019092401003549,SFFIL,21,58,125,198.00,"24,750.00"
2019-09-24,2019092401003803,SHINE,33,57,141,246.00,"34,686.00"
2019-09-24,2019092401003564,SHINE,17,17,100,250.00,"25,000.00"
2019-09-24,2019092401003802,SHIVM,39,16,535,547.00,"292,645.00"
2019-09-24,2019092401003781,SHIVM,22,29,200,544.00,"108,800.00"
2019-09-24,2019092401003780,SHIVM,44,29,500,544.00,"272,000.00"
2019-09-24,2019092401003764,SHIVM,4,16,11,547.00,"6,017.00"
2019-09-24,2019092401003486,SHIVM,45,45,776,543.00,"421,368.00"
2019-09-24,2019092401003485,SHIVM,25,45,100,543.00,"54,300.00"
2019-09-24,2019092401003974,SHPC,17,45,10,185.00,"1,850.00"
2019-09-24,2019092401003945,SHPC,34,14,10,188.00,"1,880.00"
2019-09-24,2019092401003912,SHPC,29,16,100,186.00,"18,600.00"
2019-09-24,2019092401003796,SHPC,40,57,128,184.00,"23,552.00"
2019-09-24,2019092401003757,SHPC,10,57,100,184.00,"18,400.00"
2019-09-24,2019092401003694,SHPC,17,28,500,186.00,"93,000.00"
2019-09-24,2019092401003693,SHPC,33,28,200,186.00,"37,200.00"
2019-09-24,2019092401003692,SHPC,6,28,100,186.00,"18,600.00"
2019-09-24,2019092401003691,SHPC,6,28,200,186.00,"37,200.00"
2019-09-24,2019092401003734,SHPC,28,57,"1,000",185.00,"185,000.00"
2019-09-24,2019092401003733,SHPC,16,57,22,185.00,"4,070.00"
2019-09-24,2019092401003732,SHPC,10,57,100,185.00,"18,500.00"
2019-09-24,2019092401003731,SHPC,49,57,50,185.00,"9,250.00"
2019-09-24,2019092401003730,SHPC,43,57,40,185.00,"7,400.00"
2019-09-24,2019092401003695,SHPC,17,28,"1,000",186.00,"186,000.00"
2019-09-24,2019092401003756,SHPC,42,57,100,184.00,"18,400.00"
2019-09-24,2019092401003755,SHPC,59,57,40,184.00,"7,360.00"
2019-09-24,2019092401003738,SHPC,35,57,100,185.00,"18,500.00"
2019-09-24,2019092401003737,SHPC,36,57,50,185.00,"9,250.00"
2019-09-24,2019092401003736,SHPC,37,57,"1,500",185.00,"277,500.00"
2019-09-24,2019092401003735,SHPC,56,57,100,185.00,"18,500.00"
2019-09-24,2019092401003521,SIC,34,56,50,471.00,"23,550.00"
2019-09-24,2019092401003815,SICL,17,35,200,715.00,"143,000.00"
2019-09-24,2019092401003699,SICL,58,25,50,713.00,"35,650.00"
2019-09-24,2019092401003582,SIL,25,44,10,377.00,"3,770.00"
2019-09-24,2019092401003961,SJCL,35,34,10,166.00,"1,660.00"
2019-09-24,2019092401003869,SJCL,35,28,20,165.00,"3,300.00"
2019-09-24,2019092401003868,SJCL,35,40,20,165.00,"3,300.00"
2019-09-24,2019092401003581,SJCL,35,21,20,163.00,"3,260.00"
2019-09-24,2019092401003551,SJCL,55,20,200,164.00,"32,800.00"
2019-09-24,2019092401003518,SJCL,35,47,20,163.00,"3,260.00"
2019-09-24,2019092401003625,SJCL,45,39,20,164.00,"3,280.00"
2019-09-24,2019092401003624,SJCL,45,39,10,164.00,"1,640.00"
2019-09-24,2019092401003623,SJCL,45,39,20,164.00,"3,280.00"
2019-09-24,2019092401003622,SJCL,45,20,290,164.00,"47,560.00"
2019-09-24,2019092401003651,SJCL,45,34,120,164.00,"19,680.00"
2019-09-24,2019092401003628,SJCL,45,39,10,164.00,"1,640.00"
2019-09-24,2019092401003627,SJCL,45,39,10,164.00,"1,640.00"
2019-09-24,2019092401003626,SJCL,45,39,20,164.00,"3,280.00"
2019-09-24,2019092401003683,SJCL,35,34,40,163.00,"6,520.00"
2019-09-24,2019092401003682,SJCL,39,34,60,164.00,"9,840.00"
2019-09-24,2019092401003677,SJCL,39,10,10,164.00,"1,640.00"
2019-09-24,2019092401003673,SJCL,39,34,170,164.00,"27,880.00"
2019-09-24,2019092401003867,SJCL,35,13,10,165.00,"1,650.00"
2019-09-24,2019092401003824,SJCL,51,39,10,164.00,"1,640.00"
2019-09-24,2019092401003804,SJCL,35,21,20,163.00,"3,260.00"
2019-09-24,2019092401003786,SJCL,35,42,100,163.00,"16,300.00"
2019-09-24,2019092401003611,SLBBL,28,53,100,540.00,"54,000.00"
2019-09-24,2019092401003775,SLBSL,28,57,50,670.00,"33,500.00"
2019-09-24,2019092401003550,SLBSL,54,19,15,670.00,"10,050.00"
2019-09-24,2019092401003545,SLICL,34,56,27,268.00,"7,236.00"
2019-09-24,2019092401003544,SLICL,13,56,10,269.00,"2,690.00"
2019-09-24,2019092401003639,SMATA,1,50,200,525.00,"105,000.00"
2019-09-24,2019092401003638,SMATA,22,50,10,525.00,"5,250.00"
2019-09-24,2019092401003637,SMATA,22,50,30,526.00,"15,780.00"
2019-09-24,2019092401003636,SMATA,39,50,20,526.00,"10,520.00"
2019-09-24,2019092401003635,SMATA,38,50,11,530.00,"5,830.00"
2019-09-24,2019092401003634,SMATA,58,50,50,535.00,"26,750.00"
2019-09-24,2019092401003711,SMB,34,29,10,425.00,"4,250.00"
2019-09-24,2019092401003858,SMFBS,34,21,10,800.00,"8,000.00"
2019-09-24,2019092401003857,SMFBS,34,46,10,800.00,"8,000.00"
2019-09-24,2019092401003856,SMFBS,34,39,10,800.00,"8,000.00"
2019-09-24,2019092401003855,SMFBS,34,22,10,800.00,"8,000.00"
2019-09-24,2019092401003893,SMFDB,55,56,60,505.00,"30,300.00"
2019-09-24,2019092401003598,SPARS,22,43,50,545.00,"27,250.00"
2019-09-24,2019092401003826,SRBL,48,48,"1,500",233.00,"349,500.00"
2019-09-24,2019092401003810,SRBL,6,4,26,233.00,"6,058.00"
2019-09-24,2019092401003813,SWBBL,41,7,20,900.00,"18,000.00"
2019-09-24,2019092401003812,SWBBL,37,7,30,900.00,"27,000.00"
2019-09-24,2019092401003576,SWBBL,57,7,100,901.00,"90,100.00"
2019-09-24,2019092401003575,SWBBL,6,7,100,902.00,"90,200.00"
2019-09-24,2019092401003850,TRH,33,21,10,278.00,"2,780.00"
2019-09-24,2019092401003761,TRH,46,58,400,274.00,"109,600.00"
2019-09-24,2019092401003760,TRH,55,58,100,274.00,"27,400.00"
2019-09-24,2019092401003814,UFL,41,32,50,179.00,"8,950.00"
2019-09-24,2019092401003751,UIC,32,28,30,260.00,"7,800.00"
2019-09-24,2019092401003947,UMHL,43,34,14,107.00,"1,498.00"
2019-09-24,2019092401003928,UPPER,50,34,40,232.00,"9,280.00"
2019-09-24,2019092401003903,UPPER,49,49,150,234.00,"35,100.00"
2019-09-24,2019092401003837,UPPER,35,34,40,233.00,"9,320.00"
2019-09-24,2019092401003823,UPPER,25,49,20,234.00,"4,680.00"
2019-09-24,2019092401003807,UPPER,49,34,36,233.00,"8,388.00"
2019-09-24,2019092401003497,UPPER,17,34,40,233.00,"9,320.00"
2019-09-24,2019092401003741,UPPER,26,59,100,233.00,"23,300.00"
2019-09-24,2019092401003740,UPPER,17,59,400,233.00,"93,200.00"
2019-09-24,2019092401003725,UPPER,17,34,40,233.00,"9,320.00"
2019-09-24,2019092401003687,UPPER,55,49,200,234.00,"46,800.00"
2019-09-24,2019092401003617,UPPER,17,34,40,233.00,"9,320.00"
2019-09-24,2019092401003747,UPPER,38,59,50,233.00,"11,650.00"
2019-09-24,2019092401003746,UPPER,56,59,60,233.00,"13,980.00"
2019-09-24,2019092401003745,UPPER,54,59,100,233.00,"23,300.00"
2019-09-24,2019092401003744,UPPER,6,59,100,233.00,"23,300.00"
2019-09-24,2019092401003743,UPPER,50,59,30,233.00,"6,990.00"
2019-09-24,2019092401003742,UPPER,33,59,100,233.00,"23,300.00"
2019-09-24,2019092401003782,UPPER,50,45,40,232.00,"9,280.00"
2019-09-24,2019092401003750,UPPER,39,59,250,233.00,"58,250.00"
2019-09-24,2019092401003749,UPPER,35,59,100,233.00,"23,300.00"
2019-09-24,2019092401003748,UPPER,58,59,500,233.00,"116,500.00"
2019-09-24,2019092401003797,VLBS,54,33,10,550.00,"5,500.00"
2019-09-24,2019092401003656,VLBS,29,29,13,541.00,"7,033.00"
2019-09-24,2019092401003643,VLBS,29,39,30,541.00,"16,230.00"
2019-09-24,2019092401003642,VLBS,17,39,20,541.00,"10,820.00"
2019-09-24,2019092401003614,VLBS,57,45,50,542.00,"27,100.00"
2019-09-24,2019092401003230,ADBL,40,17,110,410.00,"45,100.00"
2019-09-24,2019092401003179,ADBL,40,6,50,410.00,"20,500.00"
2019-09-24,2019092401003155,ADBL,40,45,25,410.00,"10,250.00"
2019-09-24,2019092401003028,ADBL,40,22,178,410.00,"72,980.00"
2019-09-24,2019092401003264,AHPC,28,41,"1,000",96.00,"96,000.00"
2019-09-24,2019092401003475,AKBSL,48,46,10,415.00,"4,150.00"
2019-09-24,2019092401003474,AKBSL,48,46,10,415.00,"4,150.00"
2019-09-24,2019092401003473,AKBSL,48,57,10,414.00,"4,140.00"
2019-09-24,2019092401003472,AKBSL,48,57,10,414.00,"4,140.00"
2019-09-24,2019092401003471,AKBSL,48,57,10,414.00,"4,140.00"
2019-09-24,2019092401003470,AKBSL,48,57,10,414.00,"4,140.00"
2019-09-24,2019092401002985,AKBSL,34,42,10,413.00,"4,130.00"
2019-09-24,2019092401003324,AKBSL,34,29,10,413.00,"4,130.00"
2019-09-24,2019092401003282,AKBSL,34,34,10,413.00,"4,130.00"
2019-09-24,2019092401003246,AKBSL,34,57,10,413.00,"4,130.00"
2019-09-24,2019092401003188,AKBSL,34,26,10,413.00,"4,130.00"
2019-09-24,2019092401003181,AKBSL,34,26,10,413.00,"4,130.00"
2019-09-24,2019092401003078,AKBSL,34,6,10,413.00,"4,130.00"
2019-09-24,2019092401003469,AKBSL,48,57,10,414.00,"4,140.00"
2019-09-24,2019092401003468,AKBSL,48,57,10,414.00,"4,140.00"
2019-09-24,2019092401003461,AKBSL,14,26,10,412.00,"4,120.00"
2019-09-24,2019092401003460,AKBSL,14,1,10,412.00,"4,120.00"
2019-09-24,2019092401003454,AKBSL,34,26,10,413.00,"4,130.00"
2019-09-24,2019092401003355,AKBSL,34,28,10,413.00,"4,130.00"
2019-09-24,2019092401003453,AKJCL,39,39,20,55.00,"1,100.00"
2019-09-24,2019092401003452,AKJCL,39,39,20,55.00,"1,100.00"
2019-09-24,2019092401003451,AKJCL,39,39,20,55.00,"1,100.00"
2019-09-24,2019092401003450,AKJCL,39,39,10,55.00,550.00
2019-09-24,2019092401003449,AKJCL,39,39,20,55.00,"1,100.00"
2019-09-24,2019092401003448,AKJCL,39,39,20,55.00,"1,100.00"
2019-09-24,2019092401003441,AKJCL,39,39,20,55.00,"1,100.00"
2019-09-24,2019092401003440,AKJCL,39,39,20,55.00,"1,100.00"
2019-09-24,2019092401003447,AKJCL,39,39,20,55.00,"1,100.00"
2019-09-24,2019092401003446,AKJCL,39,39,20,55.00,"1,100.00"
2019-09-24,2019092401003445,AKJCL,39,39,20,55.00,"1,100.00"
2019-09-24,2019092401003444,AKJCL,39,39,20,55.00,"1,100.00"
2019-09-24,2019092401003443,AKJCL,39,39,10,55.00,550.00
2019-09-24,2019092401003442,AKJCL,39,39,20,55.00,"1,100.00"
2019-09-24,2019092401003231,ALBSL,22,38,10,418.00,"4,180.00"
2019-09-24,2019092401003008,API,25,25,15,115.00,"1,725.00"
2019-09-24,2019092401003007,API,25,58,185,114.00,"21,090.00"
2019-09-24,2019092401003413,BFC,41,39,300,89.00,"26,700.00"
2019-09-24,2019092401003457,BOKL,49,37,100,249.00,"24,900.00"
2019-09-24,2019092401003414,BPCL,56,34,10,360.00,"3,600.00"
2019-09-24,2019092401003359,BPCL,14,45,32,356.00,"11,392.00"
2019-09-24,2019092401003358,BPCL,43,45,100,356.00,"35,600.00"
2019-09-24,2019092401003350,BPCL,26,45,50,357.00,"17,850.00"
2019-09-24,2019092401003349,BPCL,22,45,212,357.00,"75,684.00"
2019-09-24,2019092401003337,BPCL,42,45,28,358.00,"10,024.00"
2019-09-24,2019092401003336,BPCL,33,45,278,358.00,"99,524.00"
2019-09-24,2019092401003335,BPCL,33,42,500,358.00,"179,000.00"
2019-09-24,2019092401003243,BPCL,33,1,22,358.00,"7,876.00"
2019-09-24,2019092401003158,BPCL,42,45,200,359.00,"71,800.00"
2019-09-24,2019092401003157,BPCL,34,45,50,359.00,"17,950.00"
2019-09-24,2019092401003156,BPCL,51,45,50,359.00,"17,950.00"
2019-09-24,2019092401003415,CBBL,44,51,41,964.00,"39,524.00"
2019-09-24,2019092401003269,CBBL,38,50,10,960.00,"9,600.00"
2019-09-24,2019092401003268,CBBL,29,50,40,960.00,"38,400.00"
2019-09-24,2019092401003267,CBBL,6,50,100,962.00,"96,200.00"
2019-09-24,2019092401003266,CBBL,13,50,50,963.00,"48,150.00"
2019-09-24,2019092401003252,CBBL,14,51,20,964.00,"19,280.00"
2019-09-24,2019092401003082,CBBL,44,58,41,965.00,"39,565.00"
2019-09-24,2019092401003419,CBL,49,34,54,142.00,"7,668.00"
2019-09-24,2019092401003410,CBL,33,6,52,141.00,"7,332.00"
2019-09-24,2019092401003194,CBL,22,34,25,142.00,"3,550.00"
2019-09-24,2019092401003088,CBL,22,53,25,142.00,"3,550.00"
2019-09-24,2019092401003087,CBL,45,53,200,142.00,"28,400.00"
2019-09-24,2019092401003086,CBL,17,53,300,142.00,"42,600.00"
2019-09-24,2019092401003085,CBL,21,53,100,142.00,"14,200.00"
2019-09-24,2019092401003084,CBL,32,53,300,142.00,"42,600.00"
2019-09-24,2019092401003083,CBL,6,53,75,142.00,"10,650.00"
2019-09-24,2019092401003370,CCBL,45,6,83,152.00,"12,616.00"
2019-09-24,2019092401003316,CCBL,40,38,200,153.00,"30,600.00"
2019-09-24,2019092401003300,CCBL,34,38,50,153.00,"7,650.00"
2019-09-24,2019092401003196,CIT,51,1,23,"1,789.00","41,147.00"
2019-09-24,2019092401002978,CIT,51,43,97,"1,789.00","173,533.00"
2019-09-24,2019092401003241,CLBSL,5,49,11,485.00,"5,335.00"
2019-09-24,2019092401003304,CZBIL,6,26,62,191.00,"11,842.00"
2019-09-24,2019092401003303,CZBIL,49,26,361,191.00,"68,951.00"
2019-09-24,2019092401003302,CZBIL,1,26,77,192.00,"14,784.00"
2019-09-24,2019092401003178,CZBIL,1,53,123,192.00,"23,616.00"
2019-09-24,2019092401003144,CZBIL,1,50,"1,800",192.00,"345,600.00"
2019-09-24,2019092401003140,CZBIL,21,50,200,192.00,"38,400.00"
2019-09-24,2019092401003004,CZBIL,11,53,60,192.00,"11,520.00"
2019-09-24,2019092401003003,CZBIL,21,53,15,193.00,"2,895.00"
2019-09-24,2019092401003143,DBBL,25,32,224,126.00,"28,224.00"
2019-09-24,2019092401003066,DBBL,34,32,200,126.00,"25,200.00"
2019-09-24,2019092401003459,DDBL,45,45,25,717.00,"17,925.00"
2019-09-24,2019092401003319,DDBL,49,42,150,716.00,"107,400.00"
2019-09-24,2019092401003210,DDBL,44,45,25,717.00,"17,925.00"
2019-09-24,2019092401003122,DDBL,44,45,75,717.00,"53,775.00"
2019-09-24,2019092401003121,DDBL,44,45,425,718.00,"305,150.00"
2019-09-24,2019092401003129,EBL,17,58,150,564.00,"84,600.00"
2019-09-24,2019092401003374,FMDBL,41,58,200,369.00,"73,800.00"
2019-09-24,2019092401003366,FMDBL,25,58,100,370.00,"37,000.00"
2019-09-24,2019092401003340,FMDBL,25,49,40,370.00,"14,800.00"
2019-09-24,2019092401003339,FMDBL,44,49,10,370.00,"3,700.00"
2019-09-24,2019092401003334,FMDBL,42,43,200,373.00,"74,600.00"
2019-09-24,2019092401003333,FMDBL,42,42,100,372.00,"37,200.00"
2019-09-24,2019092401003137,FMDBL,17,53,100,371.00,"37,100.00"
2019-09-24,2019092401003332,FMDBL,42,38,200,371.00,"74,200.00"
2019-09-24,2019092401003306,FMDBL,44,53,140,370.00,"51,800.00"
2019-09-24,2019092401003285,FMDBL,44,41,50,370.00,"18,500.00"
2019-09-24,2019092401003284,FMDBL,49,41,50,370.00,"18,500.00"
2019-09-24,2019092401003283,FMDBL,44,41,500,370.00,"185,000.00"
2019-09-24,2019092401003189,FMDBL,11,53,50,371.00,"18,550.00"
2019-09-24,2019092401003425,GBBL,39,41,3,206.00,618.00
2019-09-24,2019092401002984,GBBL,39,53,500,208.00,"104,000.00"
2019-09-24,2019092401003135,GBLBS,26,50,145,317.00,"45,965.00"
2019-09-24,2019092401003048,GBLBS,7,50,150,317.00,"47,550.00"
2019-09-24,2019092401003047,GBLBS,26,50,85,317.00,"26,945.00"
2019-09-24,2019092401003099,GDBL,17,57,181,203.00,"36,743.00"
2019-09-24,2019092401003098,GDBL,47,57,30,204.00,"6,120.00"
2019-09-24,2019092401003097,GDBL,45,57,213,204.00,"43,452.00"
2019-09-24,2019092401003195,GDBL,28,57,510,203.00,"103,530.00"
2019-09-24,2019092401003103,GDBL,1,57,300,203.00,"60,900.00"
2019-09-24,2019092401003102,GDBL,35,57,500,203.00,"101,500.00"
2019-09-24,2019092401003101,GDBL,34,57,500,203.00,"101,500.00"
2019-09-24,2019092401003100,GDBL,32,57,50,203.00,"10,150.00"
2019-09-24,2019092401003237,GILB,57,1,22,707.00,"15,554.00"
2019-09-24,2019092401003227,GILB,47,51,20,708.00,"14,160.00"
2019-09-24,2019092401003226,GILB,22,51,50,709.00,"35,450.00"
2019-09-24,2019092401003185,GILB,54,49,50,713.00,"35,650.00"
2019-09-24,2019092401003163,GILB,54,19,20,713.00,"14,260.00"
2019-09-24,2019092401003141,GILB,54,1,22,713.00,"15,686.00"
2019-09-24,2019092401003012,GILB,54,49,100,713.00,"71,300.00"
2019-09-24,2019092401003207,GLBSL,7,5,10,437.00,"4,370.00"
2019-09-24,2019092401003232,GMFBS,34,1,10,463.00,"4,630.00"
2019-09-24,2019092401002997,HBL,51,48,89,494.00,"43,966.00"
2019-09-24,2019092401002996,HBL,35,48,20,494.00,"9,880.00"
2019-09-24,2019092401002995,HBL,25,48,50,494.00,"24,700.00"
2019-09-24,2019092401002994,HBL,42,48,50,494.00,"24,700.00"
2019-09-24,2019092401002993,HBL,38,48,20,494.00,"9,880.00"
2019-09-24,2019092401002992,HBL,55,48,71,495.00,"35,145.00"
2019-09-24,2019092401003369,HGI,41,38,200,275.00,"55,000.00"
2019-09-24,2019092401003368,HGI,41,29,266,273.00,"72,618.00"
2019-09-24,2019092401003367,HGI,41,38,250,272.00,"68,000.00"
2019-09-24,2019092401003427,HIDCL,50,43,104,131.00,"13,624.00"
2019-09-24,2019092401003426,HIDCL,44,43,896,131.00,"117,376.00"
2019-09-24,2019092401003365,HIDCL,44,28,61,131.00,"7,991.00"
2019-09-24,2019092401003361,HIDCL,44,49,43,131.00,"5,633.00"
2019-09-24,2019092401003351,HIDCL,26,49,100,131.00,"13,100.00"
2019-09-24,2019092401003184,HIDCL,26,49,500,131.00,"65,500.00"
2019-09-24,2019092401003073,HIDCL,17,38,369,131.00,"48,339.00"
2019-09-24,2019092401003120,HIDCL,14,43,20,131.00,"2,620.00"
2019-09-24,2019092401003119,HIDCL,36,43,39,131.00,"5,109.00"
2019-09-24,2019092401003077,HIDCL,36,38,81,131.00,"10,611.00"
2019-09-24,2019092401003076,HIDCL,42,38,100,131.00,"13,100.00"
2019-09-24,2019092401003075,HIDCL,39,38,100,131.00,"13,100.00"
2019-09-24,2019092401003074,HIDCL,25,38,150,131.00,"19,650.00"
2019-09-24,2019092401003064,HURJA,41,19,20,104.00,"2,080.00"
2019-09-24,2019092401003377,ILBS,29,45,10,430.00,"4,300.00"
2019-09-24,2019092401003376,ILBS,29,17,10,430.00,"4,300.00"
2019-09-24,2019092401003375,ILBS,29,17,10,429.00,"4,290.00"
2019-09-24,2019092401003344,ILBS,34,50,100,428.00,"42,800.00"
2019-09-24,2019092401003187,ILBS,48,45,10,427.00,"4,270.00"
2019-09-24,2019092401003467,JBBL,32,39,412,153.00,"63,036.00"
2019-09-24,2019092401003466,JBBL,38,39,60,153.00,"9,180.00"
2019-09-24,2019092401003465,JBBL,44,39,59,153.00,"9,027.00"
2019-09-24,2019092401003464,JBBL,38,39,83,153.00,"12,699.00"
2019-09-24,2019092401003159,JBBL,21,1,17,154.00,"2,618.00"
2019-09-24,2019092401003138,JFL,43,58,500,193.00,"96,500.00"
2019-09-24,2019092401003225,KBL,17,48,"1,592",176.00,"280,192.00"
2019-09-24,2019092401003224,KBL,35,48,200,176.00,"35,200.00"
2019-09-24,2019092401003223,KBL,33,48,208,176.00,"36,608.00"
2019-09-24,2019092401003027,KSBBL,48,46,200,139.00,"27,800.00"
2019-09-24,2019092401003217,LBBL,48,32,278,170.00,"47,260.00"
2019-09-24,2019092401003424,LBL,33,45,174,210.00,"36,540.00"
2019-09-24,2019092401003423,LBL,35,45,122,210.00,"25,620.00"
2019-09-24,2019092401003191,LBL,35,45,17,210.00,"3,570.00"
2019-09-24,2019092401003061,LBL,35,34,361,210.00,"75,810.00"
2019-09-24,2019092401003060,LBL,32,34,100,210.00,"21,000.00"
2019-09-24,2019092401003059,LBL,49,34,300,210.00,"63,000.00"
2019-09-24,2019092401003058,LBL,43,34,67,210.00,"14,070.00"
2019-09-24,2019092401003019,LBL,13,45,100,211.00,"21,100.00"
2019-09-24,2019092401003018,LBL,44,45,"1,104",211.00,"232,944.00"
2019-09-24,2019092401003002,LBL,44,42,49,211.00,"10,339.00"
2019-09-24,2019092401003167,MBL,25,45,21,246.00,"5,166.00"
2019-09-24,2019092401003110,MBL,6,44,25,247.00,"6,175.00"
2019-09-24,2019092401003081,MBL,25,36,56,246.00,"13,776.00"
2019-09-24,2019092401003080,MBL,48,36,"1,759",246.00,"432,714.00"
2019-09-24,2019092401003456,MEGA,46,6,100,193.00,"19,300.00"
2019-09-24,2019092401003411,MEGA,13,6,10,193.00,"1,930.00"
2019-09-24,2019092401003001,MEGA,57,17,200,193.00,"38,600.00"
2019-09-24,2019092401003000,MEGA,57,45,637,193.00,"122,941.00"
2019-09-24,2019092401003038,MEGA,6,19,346,192.00,"66,432.00"
2019-09-24,2019092401003265,MEGA,14,50,200,193.00,"38,600.00"
2019-09-24,2019092401003347,MEGA,13,6,200,193.00,"38,600.00"
2019-09-24,2019092401003346,MEGA,13,50,800,193.00,"154,400.00"
2019-09-24,2019092401003255,MERO,46,45,50,550.00,"27,500.00"
2019-09-24,2019092401003257,MLBL,46,46,100,211.00,"21,100.00"
2019-09-24,2019092401003262,MNBBL,35,42,176,303.00,"53,328.00"
2019-09-24,2019092401003261,MNBBL,45,42,30,303.00,"9,090.00"
2019-09-24,2019092401003260,MNBBL,45,42,41,303.00,"12,423.00"
2019-09-24,2019092401003259,MNBBL,45,42,20,303.00,"6,060.00"
2019-09-24,2019092401003258,MNBBL,43,42,33,303.00,"9,999.00"
2019-09-24,2019092401002977,MNBBL,43,49,267,303.00,"80,901.00"
2019-09-24,2019092401002976,MNBBL,28,49,43,304.00,"13,072.00"
2019-09-24,2019092401003245,MSLB,39,7,26,912.00,"23,712.00"
2019-09-24,2019092401003244,MSLB,17,7,20,913.00,"18,260.00"
2019-09-24,2019092401003328,NABIL,6,39,391,757.00,"295,987.00"
2019-09-24,2019092401003327,NABIL,41,39,474,757.00,"358,818.00"
2019-09-24,2019092401003326,NABIL,44,39,100,758.00,"75,800.00"
2019-09-24,2019092401003325,NABIL,50,39,488,758.00,"369,904.00"
2019-09-24,2019092401003311,NABIL,50,17,12,758.00,"9,096.00"
2019-09-24,2019092401003310,NABIL,44,17,288,758.00,"218,304.00"
2019-09-24,2019092401003215,NABIL,44,44,100,758.00,"75,800.00"
2019-09-24,2019092401003204,NABIL,44,44,100,758.00,"75,800.00"
2019-09-24,2019092401003162,NABIL,44,45,12,758.00,"9,096.00"
2019-09-24,2019092401003123,NABIL,50,38,138,758.00,"104,604.00"
2019-09-24,2019092401003079,NABIL,50,32,45,758.00,"34,110.00"
2019-09-24,2019092401003013,NABIL,26,49,55,759.00,"41,745.00"
2019-09-24,2019092401003271,NADEP,45,38,20,408.00,"8,160.00"
2019-09-24,2019092401003239,NADEP,29,38,20,408.00,"8,160.00"
2019-09-24,2019092401003063,NADEP,28,58,50,409.00,"20,450.00"
2019-09-24,2019092401003043,NADEP,36,50,20,408.00,"8,160.00"
2019-09-24,2019092401003030,NADEP,59,22,10,407.00,"4,070.00"
2019-09-24,2019092401003214,NAGRO,49,45,10,725.00,"7,250.00"
2019-09-24,2019092401003128,NAGRO,49,1,10,725.00,"7,250.00"
2019-09-24,2019092401003289,NBB,47,43,200,208.00,"41,600.00"
2019-09-24,2019092401003280,NBB,46,45,967,207.00,"200,169.00"
2019-09-24,2019092401003279,NBB,38,45,200,207.00,"41,400.00"
2019-09-24,2019092401003029,NBB,56,45,833,208.00,"173,264.00"
2019-09-24,2019092401003308,NBB,42,26,200,208.00,"41,600.00"
2019-09-24,2019092401003307,NBB,47,26,300,208.00,"62,400.00"
2019-09-24,2019092401003429,NBL,44,44,90,312.00,"28,080.00"
2019-09-24,2019092401003428,NBL,44,4,110,312.00,"34,320.00"
2019-09-24,2019092401003270,NBL,40,39,300,311.00,"93,300.00"
2019-09-24,2019092401003070,NBL,40,53,24,311.00,"7,464.00"
2019-09-24,2019092401003069,NBL,25,53,500,311.00,"155,500.00"
2019-09-24,2019092401003068,NBL,8,53,300,311.00,"93,300.00"
2019-09-24,2019092401003067,NBL,50,53,176,311.00,"54,736.00"
2019-09-24,2019092401003354,NCCB,29,39,297,193.00,"57,321.00"
2019-09-24,2019092401003353,NCCB,28,39,500,194.00,"97,000.00"
2019-09-24,2019092401003352,NCCB,44,39,203,194.00,"39,382.00"
2019-09-24,2019092401003342,NCCB,40,58,500,195.00,"97,500.00"
2019-09-24,2019092401003421,NHPC,47,1,900,52.00,"46,800.00"
2019-09-24,2019092401003420,NHPC,57,1,100,52.00,"5,200.00"
2019-09-24,2019092401003104,NHPC,56,7,500,53.00,"26,500.00"
2019-09-24,2019092401003390,NIB,26,44,300,439.00,"131,700.00"
2019-09-24,2019092401003371,NIB,26,44,100,439.00,"43,900.00"
2019-09-24,2019092401003362,NIB,13,55,10,440.00,"4,400.00"
2019-09-24,2019092401003348,NIB,26,32,505,439.00,"221,695.00"
2019-09-24,2019092401003422,NICA,54,39,200,378.00,"75,600.00"
2019-09-24,2019092401003372,NICA,54,34,500,378.00,"189,000.00"
2019-09-24,2019092401003321,NICA,54,6,24,378.00,"9,072.00"
2019-09-24,2019092401003320,NICA,22,6,176,378.00,"66,528.00"
2019-09-24,2019092401003263,NICA,22,46,100,378.00,"37,800.00"
2019-09-24,2019092401003109,NICA,22,28,24,378.00,"9,072.00"
2019-09-24,2019092401003108,NICA,55,28,10,378.00,"3,780.00"
2019-09-24,2019092401003107,NICA,45,28,76,378.00,"28,728.00"
2019-09-24,2019092401003146,NICL,17,39,200,265.00,"53,000.00"
2019-09-24,2019092401003145,NICL,56,39,30,265.00,"7,950.00"
2019-09-24,2019092401003216,NICL,45,22,20,268.00,"5,360.00"
2019-09-24,2019092401003151,NICL,50,39,95,264.00,"25,080.00"
2019-09-24,2019092401003150,NICL,56,39,50,264.00,"13,200.00"
2019-09-24,2019092401003149,NICL,34,39,500,264.00,"132,000.00"
2019-09-24,2019092401003148,NICL,43,39,25,264.00,"6,600.00"
2019-09-24,2019092401003147,NICL,57,39,100,265.00,"26,500.00"
2019-09-24,2019092401003396,NIL,25,21,100,358.00,"35,800.00"
2019-09-24,2019092401003391,NIL,56,21,"1,000",358.00,"358,000.00"
2019-09-24,2019092401003274,NIL,32,34,365,358.00,"130,670.00"
2019-09-24,2019092401003213,NIL,56,34,100,358.00,"35,800.00"
2019-09-24,2019092401003212,NIL,21,34,35,358.00,"12,530.00"
2019-09-24,2019092401003435,NLIC,11,40,10,757.00,"7,570.00"
2019-09-24,2019092401003434,NLIC,33,40,36,757.00,"27,252.00"
2019-09-24,2019092401003433,NLIC,44,40,10,757.00,"7,570.00"
2019-09-24,2019092401003432,NLIC,32,40,100,757.00,"75,700.00"
2019-09-24,2019092401003431,NLIC,41,40,20,757.00,"15,140.00"
2019-09-24,2019092401003430,NLIC,13,40,10,758.00,"7,580.00"
2019-09-24,2019092401003338,NLIC,1,6,65,758.00,"49,270.00"
2019-09-24,2019092401003330,NLIC,1,6,35,758.00,"26,530.00"
2019-09-24,2019092401003165,NLIC,26,6,100,758.00,"75,800.00"
2019-09-24,2019092401003164,NLIC,57,6,20,759.00,"15,180.00"
2019-09-24,2019092401003197,NLICL,13,45,55,468.00,"25,740.00"
2019-09-24,2019092401003139,NLICL,45,45,15,472.00,"7,080.00"
2019-09-24,2019092401003296,NMBMF,28,58,300,"1,055.00","316,500.00"
2019-09-24,2019092401003295,NMBMF,28,45,25,"1,054.00","26,350.00"
2019-09-24,2019092401003294,NMBMF,28,1,11,"1,050.00","11,550.00"
2019-09-24,2019092401003033,NMFBS,45,1,17,"1,670.00","28,390.00"
2019-09-24,2019092401003032,NMFBS,34,1,12,"1,670.00","20,040.00"
2019-09-24,2019092401003242,NSEWA,58,38,10,384.00,"3,840.00"
2019-09-24,2019092401003455,NTC,37,42,200,616.00,"123,200.00"
2019-09-24,2019092401003439,NTC,59,43,10,622.00,"6,220.00"
2019-09-24,2019092401003402,NTC,32,56,10,616.00,"6,160.00"
2019-09-24,2019092401003401,NTC,19,56,300,617.00,"185,100.00"
2019-09-24,2019092401003400,NTC,42,56,100,618.00,"61,800.00"
2019-09-24,2019092401003399,NTC,44,56,500,620.00,"310,000.00"
2019-09-24,2019092401003276,NTC,59,43,10,622.00,"6,220.00"
2019-09-24,2019092401003398,NTC,6,56,100,620.00,"62,000.00"
2019-09-24,2019092401003397,NTC,19,56,40,620.00,"24,800.00"
2019-09-24,2019092401003357,NTC,13,43,10,622.00,"6,220.00"
2019-09-24,2019092401003309,NTC,11,43,50,622.00,"31,100.00"
2019-09-24,2019092401003298,PCBL,57,57,269,262.00,"70,478.00"
2019-09-24,2019092401003293,PCBL,57,26,320,262.00,"83,840.00"
2019-09-24,2019092401003292,PCBL,29,26,100,262.00,"26,200.00"
2019-09-24,2019092401003291,PCBL,39,26,45,262.00,"11,790.00"
2019-09-24,2019092401003290,PCBL,1,26,35,263.00,"9,205.00"
2019-09-24,2019092401003106,PCBL,1,46,65,263.00,"17,095.00"
2019-09-24,2019092401003105,PCBL,7,46,135,263.00,"35,505.00"
2019-09-24,2019092401003238,PIC,1,42,18,371.00,"6,678.00"
2019-09-24,2019092401003044,PIC,47,29,55,370.00,"20,350.00"
2019-09-24,2019092401003275,PMHPL,54,38,10,89.00,890.00
2019-09-24,2019092401003288,PRVU,44,36,250,259.00,"64,750.00"
2019-09-24,2019092401003203,PRVU,44,14,212,259.00,"54,908.00"
2019-09-24,2019092401003202,PRVU,45,14,100,259.00,"25,900.00"
2019-09-24,2019092401003201,PRVU,40,14,100,259.00,"25,900.00"
2019-09-24,2019092401003200,PRVU,42,14,500,259.00,"129,500.00"
2019-09-24,2019092401003199,PRVU,44,14,267,259.00,"69,153.00"
2019-09-24,2019092401003134,PRVU,44,50,500,259.00,"129,500.00"
2019-09-24,2019092401003438,RBCL,51,29,20,"8,510.00","170,200.00"
2019-09-24,2019092401003437,RBCL,11,29,20,"8,520.00","170,400.00"
2019-09-24,2019092401003436,RBCL,35,29,10,"8,522.00","85,220.00"
2019-09-24,2019092401003395,RBCL,49,45,15,"8,540.00","128,100.00"
2019-09-24,2019092401003136,RBCL,11,45,20,"8,550.00","171,000.00"
2019-09-24,2019092401003254,RHPC,22,7,300,83.00,"24,900.00"
2019-09-24,2019092401003379,RHPL,44,21,30,155.00,"4,650.00"
2019-09-24,2019092401003360,RHPL,49,28,30,155.00,"4,650.00"
2019-09-24,2019092401003356,RHPL,49,1,30,155.00,"4,650.00"
2019-09-24,2019092401003305,RHPL,49,21,30,155.00,"4,650.00"
2019-09-24,2019092401003299,RHPL,49,1,30,155.00,"4,650.00"
2019-09-24,2019092401003281,RHPL,49,38,10,155.00,"1,550.00"
2019-09-24,2019092401002979,RHPL,59,1,40,154.00,"6,160.00"
2019-09-24,2019092401003040,RHPL,59,20,40,154.00,"6,160.00"
2019-09-24,2019092401003039,RHPL,59,16,30,154.00,"4,620.00"
2019-09-24,2019092401003020,RHPL,59,20,40,154.00,"6,160.00"
2019-09-24,2019092401003009,RHPL,59,20,40,154.00,"6,160.00"
2019-09-24,2019092401002991,RHPL,59,1,40,154.00,"6,160.00"
2019-09-24,2019092401002982,RHPL,59,20,40,154.00,"6,160.00"
2019-09-24,2019092401003248,RHPL,49,38,10,155.00,"1,550.00"
2019-09-24,2019092401003209,RHPL,49,39,40,155.00,"6,200.00"
2019-09-24,2019092401003208,RHPL,49,39,40,155.00,"6,200.00"
2019-09-24,2019092401003198,RHPL,59,21,30,154.00,"4,620.00"
2019-09-24,2019092401003133,RHPL,59,19,10,154.00,"1,540.00"
2019-09-24,2019092401003053,RHPL,59,21,30,154.00,"4,620.00"
2019-09-24,2019092401003233,RRHP,47,38,10,102.00,"1,020.00"
2019-09-24,2019092401003364,RSDC,4,46,50,321.00,"16,050.00"
2019-09-24,2019092401003363,RSDC,21,46,20,321.00,"6,420.00"
2019-09-24,2019092401003251,RSDC,22,34,63,320.00,"20,160.00"
2019-09-24,2019092401003250,RSDC,17,34,50,320.00,"16,000.00"
2019-09-24,2019092401003249,RSDC,17,34,100,320.00,"32,000.00"
2019-09-24,2019092401003222,RSDC,59,34,100,321.00,"32,100.00"
2019-09-24,2019092401003221,RSDC,14,34,100,323.00,"32,300.00"
2019-09-24,2019092401003220,RSDC,58,34,50,325.00,"16,250.00"
2019-09-24,2019092401003219,RSDC,45,34,20,326.00,"6,520.00"
2019-09-24,2019092401003218,RSDC,41,34,57,326.00,"18,582.00"
2019-09-24,2019092401003071,RSDC,1,33,600,327.00,"196,200.00"
2019-09-24,2019092401003458,SABSL,39,28,10,450.00,"4,500.00"
2019-09-24,2019092401003229,SABSL,39,45,20,449.00,"8,980.00"
2019-09-24,2019092401003228,SABSL,48,45,30,450.00,"13,500.00"
2019-09-24,2019092401003041,SABSL,48,1,10,450.00,"4,500.00"
2019-09-24,2019092401003015,SABSL,48,16,10,450.00,"4,500.00"
2019-09-24,2019092401003011,SABSL,45,28,10,450.00,"4,500.00"
2019-09-24,2019092401002998,SABSL,45,28,10,450.00,"4,500.00"
2019-09-24,2019092401002981,SABSL,16,28,10,451.00,"4,510.00"
2019-09-24,2019092401003409,SANIMA,17,8,257,348.00,"89,436.00"
2019-09-24,2019092401003408,SANIMA,45,8,300,348.00,"104,400.00"
2019-09-24,2019092401003407,SANIMA,16,8,"1,000",348.00,"348,000.00"
2019-09-24,2019092401003406,SANIMA,16,8,"2,000",348.00,"696,000.00"
2019-09-24,2019092401003405,SANIMA,26,8,34,348.00,"11,832.00"
2019-09-24,2019092401003404,SANIMA,45,8,200,349.00,"69,800.00"
2019-09-24,2019092401003180,SANIMA,6,45,11,349.00,"3,839.00"
2019-09-24,2019092401003152,SANIMA,46,57,340,350.00,"119,000.00"
2019-09-24,2019092401003403,SANIMA,48,8,709,349.00,"247,441.00"
2019-09-24,2019092401003277,SANIMA,48,26,150,349.00,"52,350.00"
2019-09-24,2019092401003273,SANIMA,48,43,141,349.00,"49,209.00"
2019-09-24,2019092401003272,SANIMA,57,43,14,349.00,"4,886.00"
2019-09-24,2019092401003193,SANIMA,57,57,"1,026",349.00,"358,074.00"
2019-09-24,2019092401003192,SANIMA,6,57,14,349.00,"4,886.00"
2019-09-24,2019092401003278,SBL,44,39,500,326.00,"163,000.00"
2019-09-24,2019092401003183,SBL,44,45,21,326.00,"6,846.00"
2019-09-24,2019092401003057,SBL,6,13,500,327.00,"163,500.00"
2019-09-24,2019092401003045,SBL,36,13,277,327.00,"90,579.00"
2019-09-24,2019092401002989,SBL,36,16,223,327.00,"72,921.00"
2019-09-24,2019092401002988,SBL,6,16,777,327.00,"254,079.00"
2019-09-24,2019092401003373,SCB,6,56,100,561.00,"56,100.00"
2019-09-24,2019092401003329,SCB,34,44,100,560.00,"56,000.00"
2019-09-24,2019092401003247,SCB,54,8,345,560.00,"193,200.00"
2019-09-24,2019092401003240,SCB,54,44,100,560.00,"56,000.00"
2019-09-24,2019092401003031,SCB,22,50,15,560.00,"8,400.00"
2019-09-24,2019092401003236,SCB,54,50,55,560.00,"30,800.00"
2019-09-24,2019092401003235,SCB,44,50,145,560.00,"81,200.00"
2019-09-24,2019092401003166,SCB,44,50,55,560.00,"30,800.00"
2019-09-24,2019092401003161,SCB,44,50,145,560.00,"81,200.00"
2019-09-24,2019092401003154,SCB,44,22,300,560.00,"168,000.00"
2019-09-24,2019092401003153,SCB,44,50,55,560.00,"30,800.00"
2019-09-24,2019092401003301,SFFIL,39,59,20,200.00,"4,000.00"
2019-09-24,2019092401003462,SHIVM,21,45,20,544.00,"10,880.00"
2019-09-24,2019092401003418,SHIVM,49,45,200,544.00,"108,800.00"
2019-09-24,2019092401003417,SHIVM,14,45,200,544.00,"108,800.00"
2019-09-24,2019092401003416,SHIVM,29,45,300,544.00,"163,200.00"
2019-09-24,2019092401003190,SHIVM,25,58,200,543.00,"108,600.00"
2019-09-24,2019092401003186,SHIVM,35,19,100,544.00,"54,400.00"
2019-09-24,2019092401003021,SHIVM,6,52,85,548.00,"46,580.00"
2019-09-24,2019092401003010,SHIVM,6,34,15,548.00,"8,220.00"
2019-09-24,2019092401003050,SHIVM,32,45,254,546.00,"138,684.00"
2019-09-24,2019092401003026,SHIVM,32,52,246,546.00,"134,316.00"
2019-09-24,2019092401003025,SHIVM,45,52,50,546.00,"27,300.00"
2019-09-24,2019092401003024,SHIVM,56,52,234,546.00,"127,764.00"
2019-09-24,2019092401003023,SHIVM,25,52,50,547.00,"27,350.00"
2019-09-24,2019092401003022,SHIVM,39,52,125,548.00,"68,500.00"
2019-09-24,2019092401003093,SHIVM,49,34,50,545.00,"27,250.00"
2019-09-24,2019092401003092,SHIVM,48,34,100,545.00,"54,500.00"
2019-09-24,2019092401003091,SHIVM,38,34,50,545.00,"27,250.00"
2019-09-24,2019092401003090,SHIVM,38,34,50,545.00,"27,250.00"
2019-09-24,2019092401003089,SHIVM,45,34,300,545.00,"163,500.00"
2019-09-24,2019092401003065,SHIVM,45,50,200,545.00,"109,000.00"
2019-09-24,2019092401003113,SHIVM,47,39,100,545.00,"54,500.00"
2019-09-24,2019092401003112,SHIVM,3,39,10,545.00,"5,450.00"
2019-09-24,2019092401003111,SHIVM,41,39,50,545.00,"27,250.00"
2019-09-24,2019092401003096,SHIVM,41,34,50,545.00,"27,250.00"
2019-09-24,2019092401003095,SHIVM,45,34,300,545.00,"163,500.00"
2019-09-24,2019092401003094,SHIVM,45,34,100,545.00,"54,500.00"
2019-09-24,2019092401003126,SHIVM,21,45,50,546.00,"27,300.00"
2019-09-24,2019092401003118,SHIVM,45,39,240,544.00,"130,560.00"
2019-09-24,2019092401003117,SHIVM,52,39,100,544.00,"54,400.00"
2019-09-24,2019092401003116,SHIVM,14,39,50,545.00,"27,250.00"
2019-09-24,2019092401003115,SHIVM,29,39,50,545.00,"27,250.00"
2019-09-24,2019092401003114,SHIVM,57,39,100,545.00,"54,500.00"
2019-09-24,2019092401003182,SHIVM,44,19,200,544.00,"108,800.00"
2019-09-24,2019092401003142,SHIVM,50,45,100,546.00,"54,600.00"
2019-09-24,2019092401003132,SHIVM,44,8,800,544.00,"435,200.00"
2019-09-24,2019092401003131,SHIVM,3,8,20,544.00,"10,880.00"
2019-09-24,2019092401003130,SHIVM,45,8,260,544.00,"141,440.00"
2019-09-24,2019092401003127,SHIVM,45,38,500,544.00,"272,000.00"
2019-09-24,2019092401003323,SHPC,44,52,100,187.00,"18,700.00"
2019-09-24,2019092401003322,SHPC,57,52,81,187.00,"15,147.00"
2019-09-24,2019092401003037,SICL,56,10,80,711.00,"56,880.00"
2019-09-24,2019092401003036,SICL,5,10,20,711.00,"14,220.00"
2019-09-24,2019092401003035,SICL,40,10,50,711.00,"35,550.00"
2019-09-24,2019092401003331,SIL,56,1,300,370.00,"111,000.00"
2019-09-24,2019092401003412,SJCL,35,21,20,163.00,"3,260.00"
2019-09-24,2019092401003389,SJCL,26,20,10,164.00,"1,640.00"
2019-09-24,2019092401003388,SJCL,26,39,20,164.00,"3,280.00"
2019-09-24,2019092401003387,SJCL,26,39,20,164.00,"3,280.00"
2019-09-24,2019092401002983,SJCL,35,1,20,163.00,"3,260.00"
2019-09-24,2019092401003014,SJCL,35,20,10,163.00,"1,630.00"
2019-09-24,2019092401003005,SJCL,35,1,20,163.00,"3,260.00"
2019-09-24,2019092401002999,SJCL,35,16,10,163.00,"1,630.00"
2019-09-24,2019092401002990,SJCL,35,20,10,163.00,"1,630.00"
2019-09-24,2019092401003052,SJCL,49,14,110,164.00,"18,040.00"
2019-09-24,2019092401003051,SJCL,49,14,190,164.00,"31,160.00"
2019-09-24,2019092401003049,SJCL,49,20,10,164.00,"1,640.00"
2019-09-24,2019092401003046,SJCL,49,16,10,164.00,"1,640.00"
2019-09-24,2019092401003034,SJCL,49,20,10,164.00,"1,640.00"
2019-09-24,2019092401003171,SJCL,39,39,20,164.00,"3,280.00"
2019-09-24,2019092401003170,SJCL,39,39,20,164.00,"3,280.00"
2019-09-24,2019092401003169,SJCL,39,39,20,164.00,"3,280.00"
2019-09-24,2019092401003168,SJCL,39,39,20,164.00,"3,280.00"
2019-09-24,2019092401003160,SJCL,35,19,10,163.00,"1,630.00"
2019-09-24,2019092401003072,SJCL,35,21,20,163.00,"3,260.00"
2019-09-24,2019092401003177,SJCL,39,39,20,164.00,"3,280.00"
2019-09-24,2019092401003176,SJCL,39,39,20,164.00,"3,280.00"
2019-09-24,2019092401003175,SJCL,39,39,20,164.00,"3,280.00"
2019-09-24,2019092401003174,SJCL,39,39,20,164.00,"3,280.00"
2019-09-24,2019092401003173,SJCL,39,39,20,164.00,"3,280.00"
2019-09-24,2019092401003172,SJCL,39,39,20,164.00,"3,280.00"
2019-09-24,2019092401003287,SJCL,35,21,20,163.00,"3,260.00"
2019-09-24,2019092401003286,SJCL,35,38,10,163.00,"1,630.00"
2019-09-24,2019092401003253,SJCL,35,38,10,163.00,"1,630.00"
2019-09-24,2019092401003234,SJCL,35,38,10,163.00,"1,630.00"
2019-09-24,2019092401003211,SJCL,35,21,20,163.00,"3,260.00"
2019-09-24,2019092401003380,SJCL,26,39,20,164.00,"3,280.00"
2019-09-24,2019092401003343,SJCL,35,28,20,163.00,"3,260.00"
2019-09-24,2019092401003341,SJCL,35,1,20,163.00,"3,260.00"
2019-09-24,2019092401003317,SJCL,35,1,20,163.00,"3,260.00"
2019-09-24,2019092401003386,SJCL,26,39,20,164.00,"3,280.00"
2019-09-24,2019092401003385,SJCL,26,45,10,164.00,"1,640.00"
2019-09-24,2019092401003384,SJCL,26,39,20,164.00,"3,280.00"
2019-09-24,2019092401003383,SJCL,26,39,20,164.00,"3,280.00"
2019-09-24,2019092401003382,SJCL,26,39,20,164.00,"3,280.00"
2019-09-24,2019092401003381,SJCL,26,39,20,164.00,"3,280.00"
2019-09-24,2019092401003394,SKBBL,56,43,471,901.00,"424,371.00"
2019-09-24,2019092401003393,SKBBL,41,43,250,902.00,"225,500.00"
2019-09-24,2019092401003392,SKBBL,47,43,20,903.00,"18,060.00"
2019-09-24,2019092401002986,SKBBL,45,43,20,905.00,"18,100.00"
2019-09-24,2019092401003017,SLBBL,47,39,10,533.00,"5,330.00"
2019-09-24,2019092401003016,SLBBL,58,39,70,533.00,"37,310.00"
2019-09-24,2019092401003318,SLBSL,54,19,35,670.00,"23,450.00"
2019-09-24,2019092401003042,SLBSL,54,43,40,670.00,"26,800.00"
2019-09-24,2019092401002987,SLICL,10,50,12,269.00,"3,228.00"
2019-09-24,2019092401003256,SPARS,32,38,10,535.00,"5,350.00"
2019-09-24,2019092401003062,SPARS,45,16,10,536.00,"5,360.00"
2019-09-24,2019092401003463,SRBL,6,4,50,233.00,"11,650.00"
2019-09-24,2019092401003125,SRBL,6,48,424,233.00,"98,792.00"
2019-09-24,2019092401003124,SRBL,26,48,76,233.00,"17,708.00"
2019-09-24,2019092401003056,SRBL,26,46,78,233.00,"18,174.00"
2019-09-24,2019092401003055,SRBL,45,46,50,233.00,"11,650.00"
2019-09-24,2019092401003054,SRBL,44,46,45,233.00,"10,485.00"
2019-09-24,2019092401003006,SWBBL,11,6,15,901.00,"13,515.00"
2019-09-24,2019092401003206,TMDBL,40,48,236,158.00,"37,288.00"
2019-09-24,2019092401003205,TMDBL,40,25,200,158.00,"31,600.00"
2019-09-24,2019092401002980,TMDBL,13,32,20,157.00,"3,140.00"
2019-09-24,2019092401003345,UIC,7,58,180,258.00,"46,440.00"
2019-09-24,2019092401003297,UIC,34,46,100,257.00,"25,700.00"
2019-09-24,2019092401003378,UPPER,41,49,130,234.00,"30,420.00"
2019-09-24,2019092401003315,UPPER,17,34,980,233.00,"228,340.00"
2019-09-24,2019092401003314,UPPER,59,34,100,233.00,"23,300.00"
2019-09-24,2019092401003313,UPPER,10,34,500,233.00,"116,500.00"
2019-09-24,2019092401003312,UPPER,41,34,220,233.00,"51,260.00"
2019-09-24,2019092401002932,ADBL,40,45,410,410.00,"168,100.00"
2019-09-24,2019092401002931,ADBL,22,45,30,410.00,"12,300.00"
2019-09-24,2019092401002930,ADBL,45,45,10,410.00,"4,100.00"
2019-09-24,2019092401002929,ADBL,25,45,100,410.00,"41,000.00"
2019-09-24,2019092401002928,ADBL,59,45,25,410.00,"10,250.00"
2019-09-24,2019092401002927,ADBL,58,45,250,410.00,"102,500.00"
2019-09-24,2019092401002644,ADBL,42,37,15,410.00,"6,150.00"
2019-09-24,2019092401002643,ADBL,33,37,48,410.00,"19,680.00"
2019-09-24,2019092401002882,ADBL,19,41,90,411.00,"36,990.00"
2019-09-24,2019092401002820,ADBL,1,41,49,411.00,"20,139.00"
2019-09-24,2019092401002819,ADBL,1,17,31,411.00,"12,741.00"
2019-09-24,2019092401002692,ADBL,45,6,53,410.00,"21,730.00"
2019-09-24,2019092401002646,ADBL,45,37,17,410.00,"6,970.00"
2019-09-24,2019092401002645,ADBL,34,37,20,410.00,"8,200.00"
2019-09-24,2019092401002926,ADBL,58,45,175,410.00,"71,750.00"
2019-09-24,2019092401002924,ADBL,58,41,75,410.00,"30,750.00"
2019-09-24,2019092401002923,ADBL,45,41,30,410.00,"12,300.00"
2019-09-24,2019092401002922,ADBL,45,41,22,410.00,"9,020.00"
2019-09-24,2019092401002917,ADBL,33,4,90,411.00,"36,990.00"
2019-09-24,2019092401002883,ADBL,19,4,10,411.00,"4,110.00"
2019-09-24,2019092401002950,AKBSL,34,16,10,413.00,"4,130.00"
2019-09-24,2019092401002908,AKBSL,39,1,10,414.00,"4,140.00"
2019-09-24,2019092401002833,AKBSL,39,39,10,414.00,"4,140.00"
2019-09-24,2019092401002828,AKBSL,39,39,10,414.00,"4,140.00"
2019-09-24,2019092401002825,AKBSL,39,39,10,414.00,"4,140.00"
2019-09-24,2019092401002818,AKBSL,39,39,10,414.00,"4,140.00"
2019-09-24,2019092401002676,AKBSL,48,38,10,410.00,"4,100.00"
2019-09-24,2019092401002600,AKBSL,48,43,10,410.00,"4,100.00"
2019-09-24,2019092401002813,AKBSL,39,39,10,414.00,"4,140.00"
2019-09-24,2019092401002809,AKBSL,39,39,10,414.00,"4,140.00"
2019-09-24,2019092401002808,AKBSL,39,39,10,414.00,"4,140.00"
2019-09-24,2019092401002807,AKBSL,39,47,10,414.00,"4,140.00"
2019-09-24,2019092401002806,AKBSL,39,48,10,414.00,"4,140.00"
2019-09-24,2019092401002750,AKBSL,48,26,10,410.00,"4,100.00"
2019-09-24,2019092401002705,AKPL,6,4,200,130.00,"26,000.00"
2019-09-24,2019092401002704,AKPL,6,4,55,130.00,"7,150.00"
2019-09-24,2019092401002703,AKPL,54,4,27,130.00,"3,510.00"
2019-09-24,2019092401002664,AKPL,52,54,100,131.00,"13,100.00"
2019-09-24,2019092401002591,ALICL,37,39,34,312.00,"10,608.00"
2019-09-24,2019092401002699,BARUN,54,29,90,89.00,"8,010.00"
2019-09-24,2019092401002781,BBC,14,34,10,"1,450.00","14,500.00"
2019-09-24,2019092401002716,BFC,47,41,73,88.00,"6,424.00"
2019-09-24,2019092401002715,BFC,41,41,100,88.00,"8,800.00"
2019-09-24,2019092401002725,BOKL,14,43,"1,000",249.00,"249,000.00"
2019-09-24,2019092401002593,BOKL,28,37,100,250.00,"25,000.00"
2019-09-24,2019092401002778,BPCL,38,43,100,360.00,"36,000.00"
2019-09-24,2019092401002777,BPCL,57,43,150,360.00,"54,000.00"
2019-09-24,2019092401002901,CBL,56,57,140,143.00,"20,020.00"
2019-09-24,2019092401002868,CBL,56,34,160,143.00,"22,880.00"
2019-09-24,2019092401002805,CBL,52,6,66,142.00,"9,372.00"
2019-09-24,2019092401002804,CBL,6,6,75,142.00,"10,650.00"
2019-09-24,2019092401002803,CBL,45,6,"2,437",142.00,"346,054.00"
2019-09-24,2019092401002583,CBL,45,39,21,142.00,"2,982.00"
2019-09-24,2019092401002578,CBL,45,46,196,142.00,"27,832.00"
2019-09-24,2019092401002478,CBL,45,48,346,142.00,"49,132.00"
2019-09-24,2019092401002477,CBL,44,48,679,142.00,"96,418.00"
2019-09-24,2019092401002757,CCBL,22,38,50,153.00,"7,650.00"
2019-09-24,2019092401002751,CCBL,25,38,97,153.00,"14,841.00"
2019-09-24,2019092401002663,CCBL,26,38,23,153.00,"3,519.00"
2019-09-24,2019092401002653,CCBL,26,46,77,153.00,"11,781.00"
2019-09-24,2019092401002565,CCBL,5,17,144,154.00,"22,176.00"
2019-09-24,2019092401002564,CCBL,5,38,56,153.00,"8,568.00"
2019-09-24,2019092401002555,CCBL,7,38,400,153.00,"61,200.00"
2019-09-24,2019092401002536,CCBL,45,48,"1,124",152.00,"170,848.00"
2019-09-24,2019092401002535,CCBL,44,48,199,153.00,"30,447.00"
2019-09-24,2019092401002502,CCBL,44,53,"1,000",153.00,"153,000.00"
2019-09-24,2019092401002483,CCBL,44,26,100,153.00,"15,300.00"
2019-09-24,2019092401002968,CHCL,45,6,49,414.00,"20,286.00"
2019-09-24,2019092401002967,CHCL,56,6,271,415.00,"112,465.00"
2019-09-24,2019092401002966,CHCL,5,6,30,416.00,"12,480.00"
2019-09-24,2019092401002965,CHCL,54,6,50,416.00,"20,800.00"
2019-09-24,2019092401002964,CHCL,34,6,100,416.00,"41,600.00"
2019-09-24,2019092401002611,CHCL,28,55,71,422.00,"29,962.00"
2019-09-24,2019092401002610,CHCL,28,56,29,421.00,"12,209.00"
2019-09-24,2019092401002904,CIT,51,1,30,"1,789.00","53,670.00"
2019-09-24,2019092401002903,CIT,42,1,20,"1,790.00","35,800.00"
2019-09-24,2019092401002831,CIT,42,40,80,"1,790.00","143,200.00"
2019-09-24,2019092401002797,CIT,55,43,10,"1,791.00","17,910.00"
2019-09-24,2019092401002796,CIT,7,43,20,"1,792.00","35,840.00"
2019-09-24,2019092401002675,CLBSL,6,46,11,480.00,"5,280.00"
2019-09-24,2019092401002736,CZBIL,21,48,350,193.00,"67,550.00"
2019-09-24,2019092401002701,CZBIL,33,48,450,192.00,"86,400.00"
2019-09-24,2019092401002618,CZBIL,57,58,365,193.00,"70,445.00"
2019-09-24,2019092401002557,CZBIL,5,58,100,193.00,"19,300.00"
2019-09-24,2019092401002545,CZBIL,33,20,50,192.00,"9,600.00"
2019-09-24,2019092401002748,DBBL,34,10,17,125.00,"2,125.00"
2019-09-24,2019092401002720,DBBL,43,32,500,126.00,"63,000.00"
2019-09-24,2019092401002719,DBBL,57,32,300,126.00,"37,800.00"
2019-09-24,2019092401002718,DBBL,43,32,276,126.00,"34,776.00"
2019-09-24,2019092401002756,DDBL,44,45,75,718.00,"53,850.00"
2019-09-24,2019092401002755,DDBL,33,45,100,719.00,"71,900.00"
2019-09-24,2019092401002754,DDBL,32,45,25,719.00,"17,975.00"
2019-09-24,2019092401002723,DDBL,32,50,35,719.00,"25,165.00"
2019-09-24,2019092401002722,DDBL,6,50,15,720.00,"10,800.00"
2019-09-24,2019092401002885,EBL,34,58,638,566.00,"361,108.00"
2019-09-24,2019092401002785,EBL,17,1,150,564.00,"84,600.00"
2019-09-24,2019092401002784,EBL,28,1,100,565.00,"56,500.00"
2019-09-24,2019092401002783,EBL,17,58,100,566.00,"56,600.00"
2019-09-24,2019092401002503,EDBL,43,39,701,269.00,"188,569.00"
2019-09-24,2019092401002871,EIC,17,46,100,249.00,"24,900.00"
2019-09-24,2019092401002953,FMDBL,26,53,250,371.00,"92,750.00"
2019-09-24,2019092401002826,GBBL,39,1,805,208.00,"167,440.00"
2019-09-24,2019092401002897,GBLBS,26,38,15,317.00,"4,755.00"
2019-09-24,2019092401002895,GBLBS,40,50,50,318.00,"15,900.00"
2019-09-24,2019092401002889,GBLBS,55,50,100,318.00,"31,800.00"
2019-09-24,2019092401002888,GBLBS,41,50,200,318.00,"63,600.00"
2019-09-24,2019092401002528,GBLBS,40,58,345,320.00,"110,400.00"
2019-09-24,2019092401002527,GBLBS,40,48,115,319.00,"36,685.00"
2019-09-24,2019092401002496,GBLBS,21,48,200,318.00,"63,600.00"
2019-09-24,2019092401002495,GBLBS,47,48,100,318.00,"31,800.00"
2019-09-24,2019092401002494,GBLBS,51,48,50,319.00,"15,950.00"
2019-09-24,2019092401002493,GBLBS,47,48,35,319.00,"11,165.00"
2019-09-24,2019092401002532,GDBL,45,53,287,204.00,"58,548.00"
2019-09-24,2019092401002531,GDBL,50,53,13,204.00,"2,652.00"
2019-09-24,2019092401002688,GLICL,59,26,100,354.00,"35,400.00"
2019-09-24,2019092401002687,GLICL,57,26,100,354.00,"35,400.00"
2019-09-24,2019092401002686,GLICL,34,26,31,354.00,"10,974.00"
2019-09-24,2019092401002500,GLICL,34,21,169,354.00,"59,826.00"
2019-09-24,2019092401002499,GLICL,28,21,500,355.00,"177,500.00"
2019-09-24,2019092401002498,GLICL,52,21,60,355.00,"21,300.00"
2019-09-24,2019092401002497,GLICL,45,21,30,356.00,"10,680.00"
2019-09-24,2019092401002537,GMFBS,56,26,10,463.00,"4,630.00"
2019-09-24,2019092401002661,GMFIL,45,43,50,116.00,"5,800.00"
2019-09-24,2019092401002836,HBL,55,1,29,495.00,"14,355.00"
2019-09-24,2019092401002835,HBL,55,1,10,496.00,"4,960.00"
2019-09-24,2019092401002649,HBL,25,50,28,496.00,"13,888.00"
2019-09-24,2019092401002629,HBL,28,50,100,496.00,"49,600.00"
2019-09-24,2019092401002625,HBL,35,50,22,496.00,"10,912.00"
2019-09-24,2019092401002606,HBL,13,44,50,498.00,"24,900.00"
2019-09-24,2019092401002916,HDL,45,58,475,"1,431.00","679,725.00"
2019-09-24,2019092401002915,HDL,58,58,200,"1,432.00","286,400.00"
2019-09-24,2019092401002914,HDL,48,58,100,"1,432.00","143,200.00"
2019-09-24,2019092401002913,HDL,33,58,20,"1,440.00","28,800.00"
2019-09-24,2019092401002912,HDL,16,58,50,"1,441.00","72,050.00"
2019-09-24,2019092401002721,HGI,28,38,50,273.00,"13,650.00"
2019-09-24,2019092401002973,HIDCL,17,19,131,131.00,"17,161.00"
2019-09-24,2019092401002972,HIDCL,51,19,200,131.00,"26,200.00"
2019-09-24,2019092401002971,HIDCL,26,19,72,131.00,"9,432.00"
2019-09-24,2019092401002970,HIDCL,6,19,150,131.00,"19,650.00"
2019-09-24,2019092401002969,HIDCL,35,19,273,131.00,"35,763.00"
2019-09-24,2019092401002830,HIDCL,35,32,61,131.00,"7,991.00"
2019-09-24,2019092401002788,HIDCL,39,49,500,132.00,"66,000.00"
2019-09-24,2019092401002714,HIDCL,35,46,61,131.00,"7,991.00"
2019-09-24,2019092401002607,HIDCL,1,49,114,132.00,"15,048.00"
2019-09-24,2019092401002893,HPPL,48,38,20,130.00,"2,600.00"
2019-09-24,2019092401002553,HURJA,41,26,20,104.00,"2,080.00"
2019-09-24,2019092401002539,HURJA,41,26,20,104.00,"2,080.00"
2019-09-24,2019092401002518,HURJA,41,26,20,104.00,"2,080.00"
2019-09-24,2019092401002482,HURJA,52,26,20,103.00,"2,060.00"
2019-09-24,2019092401002936,IGI,17,13,100,297.00,"29,700.00"
2019-09-24,2019092401002799,ILBS,34,17,10,428.00,"4,280.00"
2019-09-24,2019092401002596,ILBS,6,38,10,426.00,"4,260.00"
2019-09-24,2019092401002476,ILBS,34,34,10,427.00,"4,270.00"
2019-09-24,2019092401002652,JBBL,21,17,82,154.00,"12,628.00"
2019-09-24,2019092401002651,JBBL,32,17,618,154.00,"95,172.00"
2019-09-24,2019092401002597,JFL,17,53,250,193.00,"48,250.00"
2019-09-24,2019092401002581,JFL,28,53,200,193.00,"38,600.00"
2019-09-24,2019092401002543,JFL,6,53,50,193.00,"9,650.00"
2019-09-24,2019092401002786,KBL,1,52,200,177.00,"35,400.00"
2019-09-24,2019092401002713,KBL,33,45,72,176.00,"12,672.00"
2019-09-24,2019092401002677,KBL,33,26,"1,033",176.00,"181,808.00"
2019-09-24,2019092401002619,KBL,33,44,300,176.00,"52,800.00"
2019-09-24,2019092401002601,KBL,49,52,330,177.00,"58,410.00"
2019-09-24,2019092401002568,KBL,5,52,200,177.00,"35,400.00"
2019-09-24,2019092401002517,KBL,33,39,495,177.00,"87,615.00"
2019-09-24,2019092401002529,KKHC,29,58,50,53.00,"2,650.00"
2019-09-24,2019092401002479,KKHC,21,58,150,53.00,"7,950.00"
2019-09-24,2019092401002541,KPCL,54,51,10,76.00,760.00
2019-09-24,2019092401002743,KSBBL,37,50,100,139.00,"13,900.00"
2019-09-24,2019092401002615,KSBBL,37,7,100,139.00,"13,900.00"
2019-09-24,2019092401002949,LBL,44,41,244,211.00,"51,484.00"
2019-09-24,2019092401002608,LBL,16,34,50,213.00,"10,650.00"
2019-09-24,2019092401002577,LBL,5,34,122,213.00,"25,986.00"
2019-09-24,2019092401002576,LBL,5,39,28,212.00,"5,936.00"
2019-09-24,2019092401002911,LGIL,48,48,"1,500",359.00,"538,500.00"
2019-09-24,2019092401002667,LLBS,33,44,12,651.00,"7,812.00"
2019-09-24,2019092401002958,MBL,26,43,20,248.00,"4,960.00"
2019-09-24,2019092401002866,MBL,48,29,100,247.00,"24,700.00"
2019-09-24,2019092401002640,MBL,6,36,100,247.00,"24,700.00"
2019-09-24,2019092401002639,MBL,32,36,50,247.00,"12,350.00"
2019-09-24,2019092401002638,MBL,32,36,20,247.00,"4,940.00"
2019-09-24,2019092401002637,MBL,44,36,500,247.00,"123,500.00"
2019-09-24,2019092401002636,MBL,11,36,122,247.00,"30,134.00"
2019-09-24,2019092401002586,MBL,5,43,150,248.00,"37,200.00"
2019-09-24,2019092401002540,MDB,28,29,400,242.00,"96,800.00"
2019-09-24,2019092401002490,MDB,28,16,65,242.00,"15,730.00"
2019-09-24,2019092401002489,MDB,40,16,10,242.00,"2,420.00"
2019-09-24,2019092401002488,MDB,25,16,100,243.00,"24,300.00"
2019-09-24,2019092401002487,MDB,6,16,20,245.00,"4,900.00"
2019-09-24,2019092401002666,MEGA,33,22,50,193.00,"9,650.00"
2019-09-24,2019092401002773,MEGA,57,45,42,193.00,"8,106.00"
2019-09-24,2019092401002772,MEGA,57,58,"3,258",193.00,"628,794.00"
2019-09-24,2019092401002760,MEGA,44,58,"1,000",193.00,"193,000.00"
2019-09-24,2019092401002759,MEGA,33,58,413,193.00,"79,709.00"
2019-09-24,2019092401002872,MEGA,56,45,100,193.00,"19,300.00"
2019-09-24,2019092401002706,MERO,11,45,50,555.00,"27,750.00"
2019-09-24,2019092401002622,MERO,46,45,10,550.00,"5,500.00"
2019-09-24,2019092401002621,MERO,46,21,160,550.00,"88,000.00"
2019-09-24,2019092401002620,MERO,46,45,250,550.00,"137,500.00"
2019-09-24,2019092401002563,MLBL,45,54,140,210.00,"29,400.00"
2019-09-24,2019092401002814,MNBBL,28,6,107,304.00,"32,528.00"
2019-09-24,2019092401002559,MNBBL,17,53,200,304.00,"60,800.00"
2019-09-24,2019092401002802,NABIL,50,49,11,758.00,"8,338.00"
2019-09-24,2019092401002702,NABIL,28,1,100,760.00,"76,000.00"
2019-09-24,2019092401002660,NABIL,50,8,306,758.00,"231,948.00"
2019-09-24,2019092401002659,NABIL,32,8,100,758.00,"75,800.00"
2019-09-24,2019092401002658,NABIL,22,8,334,758.00,"253,172.00"
2019-09-24,2019092401002657,NABIL,55,8,10,759.00,"7,590.00"
2019-09-24,2019092401002656,NABIL,34,8,50,759.00,"37,950.00"
2019-09-24,2019092401002655,NABIL,54,8,100,759.00,"75,900.00"
2019-09-24,2019092401002654,NABIL,37,8,20,759.00,"15,180.00"
2019-09-24,2019092401002534,NADEP,59,37,520,407.00,"211,640.00"
2019-09-24,2019092401002947,NBB,56,22,667,208.00,"138,736.00"
2019-09-24,2019092401002946,NBB,14,22,340,208.00,"70,720.00"
2019-09-24,2019092401002697,NBB,14,25,160,208.00,"33,280.00"
2019-09-24,2019092401002538,NBB,5,57,150,209.00,"31,350.00"
2019-09-24,2019092401002509,NBB,48,48,195,208.00,"40,560.00"
2019-09-24,2019092401002508,NBB,10,48,500,208.00,"104,000.00"
2019-09-24,2019092401002507,NBB,1,48,400,208.00,"83,200.00"
2019-09-24,2019092401002506,NBB,52,48,100,208.00,"20,800.00"
2019-09-24,2019092401002505,NBB,56,48,805,208.00,"167,440.00"
2019-09-24,2019092401002696,NBB,56,25,440,208.00,"91,520.00"
2019-09-24,2019092401002681,NBB,56,48,"1,560",208.00,"324,480.00"
2019-09-24,2019092401002680,NBB,34,48,200,208.00,"41,600.00"
2019-09-24,2019092401002679,NBB,37,48,200,208.00,"41,600.00"
2019-09-24,2019092401002678,NBB,48,48,40,208.00,"8,320.00"
2019-09-24,2019092401002598,NBB,48,58,175,208.00,"36,400.00"
2019-09-24,2019092401002956,NBL,50,41,24,311.00,"7,464.00"
2019-09-24,2019092401002955,NBL,34,41,100,311.00,"31,100.00"
2019-09-24,2019092401002771,NBL,44,4,200,312.00,"62,400.00"
2019-09-24,2019092401002690,NBL,44,4,200,312.00,"62,400.00"
2019-09-24,2019092401002689,NBL,45,4,300,312.00,"93,600.00"
2019-09-24,2019092401002562,NBL,37,54,50,312.00,"15,600.00"
2019-09-24,2019092401002561,NBL,37,44,32,312.00,"9,984.00"
2019-09-24,2019092401002511,NBL,45,44,200,312.00,"62,400.00"
2019-09-24,2019092401002484,NBL,10,44,17,312.00,"5,304.00"
2019-09-24,2019092401002891,NCCB,44,51,250,194.00,"48,500.00"
2019-09-24,2019092401002812,NCCB,44,48,547,194.00,"106,118.00"
2019-09-24,2019092401002735,NCCB,52,48,100,194.00,"19,400.00"
2019-09-24,2019092401002734,NCCB,32,48,353,194.00,"68,482.00"
2019-09-24,2019092401002726,NCCB,32,42,500,194.00,"97,000.00"
2019-09-24,2019092401002605,NCCB,16,58,50,195.00,"9,750.00"
2019-09-24,2019092401002603,NCCB,32,48,100,194.00,"19,400.00"
2019-09-24,2019092401002673,NHPC,11,7,100,54.00,"5,400.00"
2019-09-24,2019092401002948,NIB,41,55,52,440.00,"22,880.00"
2019-09-24,2019092401002880,NIB,26,13,38,439.00,"16,682.00"
2019-09-24,2019092401002879,NIB,43,13,112,439.00,"49,168.00"
2019-09-24,2019092401002827,NIB,43,47,44,439.00,"19,316.00"
2019-09-24,2019092401002616,NIB,14,55,20,440.00,"8,800.00"
2019-09-24,2019092401002612,NIB,43,16,44,439.00,"19,316.00"
2019-09-24,2019092401002570,NIB,17,22,200,439.00,"87,800.00"
2019-09-24,2019092401002569,NIB,26,22,200,439.00,"87,800.00"
2019-09-24,2019092401002898,NIBSF1,22,47,500,8.65,"4,325.00"
2019-09-24,2019092401002909,NICA,45,44,200,378.00,"75,600.00"
2019-09-24,2019092401002877,NICA,45,14,224,378.00,"84,672.00"
2019-09-24,2019092401002876,NICA,34,14,"1,000",378.00,"378,000.00"
2019-09-24,2019092401002875,NICA,34,14,500,378.00,"189,000.00"
2019-09-24,2019092401002874,NICA,56,14,250,378.00,"94,500.00"
2019-09-24,2019092401002873,NICA,35,14,26,378.00,"9,828.00"
2019-09-24,2019092401002588,NICA,21,4,50,379.00,"18,950.00"
2019-09-24,2019092401002481,NICA,35,44,100,378.00,"37,800.00"
2019-09-24,2019092401002857,NICA,35,34,200,378.00,"75,600.00"
2019-09-24,2019092401002728,NICA,45,4,200,379.00,"75,800.00"
2019-09-24,2019092401002724,NICA,28,4,100,379.00,"37,900.00"
2019-09-24,2019092401002628,NICA,35,35,24,378.00,"9,072.00"
2019-09-24,2019092401002613,NICA,21,4,50,379.00,"18,950.00"
2019-09-24,2019092401002609,NICA,35,37,50,378.00,"18,900.00"
2019-09-24,2019092401002684,NICL,56,13,150,265.00,"39,750.00"
2019-09-24,2019092401002683,NICL,56,29,20,265.00,"5,300.00"
2019-09-24,2019092401002648,NICL,34,29,500,265.00,"132,500.00"
2019-09-24,2019092401002590,NICL,44,29,50,265.00,"13,250.00"
2019-09-24,2019092401002571,NIL,21,39,15,358.00,"5,370.00"
2019-09-24,2019092401002815,NLBBL,25,43,54,496.00,"26,784.00"
2019-09-24,2019092401002763,NLBBL,25,58,109,496.00,"54,064.00"
2019-09-24,2019092401002634,NLBBL,25,17,37,496.00,"18,352.00"
2019-09-24,2019092401002633,NLBBL,42,17,100,496.00,"49,600.00"
2019-09-24,2019092401002504,NLG,16,6,100,581.00,"58,100.00"
2019-09-24,2019092401002919,NLIC,1,6,25,758.00,"18,950.00"
2019-09-24,2019092401002859,NLIC,6,6,50,758.00,"37,900.00"
2019-09-24,2019092401002742,NLIC,6,6,50,758.00,"37,900.00"
2019-09-24,2019092401002741,NLIC,17,6,100,758.00,"75,800.00"
2019-09-24,2019092401002740,NLIC,43,6,100,758.00,"75,800.00"
2019-09-24,2019092401002739,NLIC,28,6,100,759.00,"75,900.00"
2019-09-24,2019092401002738,NLIC,28,6,20,759.00,"15,180.00"
2019-09-24,2019092401002737,NLIC,21,6,20,759.00,"15,180.00"
2019-09-24,2019092401002747,NLICL,28,33,76,475.00,"36,100.00"
2019-09-24,2019092401002746,NLICL,28,45,24,470.00,"11,280.00"
2019-09-24,2019092401002627,NLICL,16,33,10,475.00,"4,750.00"
2019-09-24,2019092401002595,NLICL,11,33,50,475.00,"23,750.00"
2019-09-24,2019092401002594,NLICL,28,33,200,475.00,"95,000.00"
2019-09-24,2019092401002558,NLICL,28,55,300,475.00,"142,500.00"
2019-09-24,2019092401002925,NMBMF,33,58,300,"1,055.00","316,500.00"
2019-09-24,2019092401002707,NMBMF,14,46,41,"1,035.00","42,435.00"
2019-09-24,2019092401002542,NMBMF,14,39,30,"1,035.00","31,050.00"
2019-09-24,2019092401002693,NMBSF1,28,46,"5,000",9.62,"48,100.00"
2019-09-24,2019092401002548,NMBSF1,28,46,"5,000",9.62,"48,100.00"
2019-09-24,2019092401002907,NTC,19,17,10,620.00,"6,200.00"
2019-09-24,2019092401002906,NTC,45,17,20,620.00,"12,400.00"
2019-09-24,2019092401002905,NTC,44,17,50,620.00,"31,000.00"
2019-09-24,2019092401002952,NUBL,45,35,54,841.00,"45,414.00"
2019-09-24,2019092401002887,NUBL,55,35,10,842.00,"8,420.00"
2019-09-24,2019092401002886,NUBL,22,35,36,842.00,"30,312.00"
2019-09-24,2019092401002749,NUBL,22,19,14,842.00,"11,788.00"
2019-09-24,2019092401002935,PCBL,7,53,99,263.00,"26,037.00"
2019-09-24,2019092401002791,PCBL,7,52,66,263.00,"17,358.00"
2019-09-24,2019092401002790,PCBL,6,52,10,263.00,"2,630.00"
2019-09-24,2019092401002789,PCBL,49,52,24,263.00,"6,312.00"
2019-09-24,2019092401002708,PCBL,49,45,101,263.00,"26,563.00"
2019-09-24,2019092401002546,PCBL,5,17,150,264.00,"39,600.00"
2019-09-24,2019092401002975,PIC,32,29,20,370.00,"7,400.00"
2019-09-24,2019092401002744,PLIC,43,45,30,318.00,"9,540.00"
2019-09-24,2019092401002698,PLIC,14,45,950,318.00,"302,100.00"
2019-09-24,2019092401002617,PLIC,16,45,20,320.00,"6,400.00"
2019-09-24,2019092401002491,PLIC,35,42,49,319.00,"15,631.00"
2019-09-24,2019092401002892,PMHPL,54,38,10,89.00,890.00
2019-09-24,2019092401002674,PMHPL,54,26,10,89.00,890.00
2019-09-24,2019092401002665,PMHPL,54,26,10,89.00,890.00
2019-09-24,2019092401002776,PPCL,13,17,10,93.00,930.00
2019-09-24,2019092401002775,PPCL,54,17,10,93.00,930.00
2019-09-24,2019092401002900,PRIN,29,32,490,302.00,"147,980.00"
2019-09-24,2019092401002899,PRIN,47,32,10,303.00,"3,030.00"
2019-09-24,2019092401002860,PRVU,17,13,100,260.00,"26,000.00"
2019-09-24,2019092401002832,PRVU,44,56,"1,000",259.00,"259,000.00"
2019-09-24,2019092401002624,PRVU,44,14,50,259.00,"12,950.00"
2019-09-24,2019092401002599,PRVU,17,13,200,260.00,"52,000.00"
2019-09-24,2019092401002580,PRVU,1,13,10,260.00,"2,600.00"
2019-09-24,2019092401002691,RBCLPO,59,4,10,"7,301.00","73,010.00"
2019-09-24,2019092401002961,RHPL,59,20,40,154.00,"6,160.00"
2019-09-24,2019092401002960,RHPL,59,16,30,154.00,"4,620.00"
2019-09-24,2019092401002959,RHPL,59,1,40,154.00,"6,160.00"
2019-09-24,2019092401002945,RHPL,59,21,30,154.00,"4,620.00"
2019-09-24,2019092401002944,RHPL,59,20,40,154.00,"6,160.00"
2019-09-24,2019092401002940,RHPL,59,1,40,154.00,"6,160.00"
2019-09-24,2019092401002501,RHPL,36,26,30,155.00,"4,650.00"
2019-09-24,2019092401002485,RHPL,33,38,40,155.00,"6,200.00"
2019-09-24,2019092401002587,RHPL,46,38,40,154.00,"6,160.00"
2019-09-24,2019092401002573,RHPL,46,38,40,154.00,"6,160.00"
2019-09-24,2019092401002554,RHPL,46,26,30,154.00,"4,620.00"
2019-09-24,2019092401002544,RHPL,46,26,30,154.00,"4,620.00"
2019-09-24,2019092401002523,RHPL,36,26,30,155.00,"4,650.00"
2019-09-24,2019092401002519,RHPL,36,38,40,155.00,"6,200.00"
2019-09-24,2019092401002787,RHPL,48,20,50,155.00,"7,750.00"
2019-09-24,2019092401002782,RHPL,48,17,10,155.00,"1,550.00"
2019-09-24,2019092401002774,RHPL,48,20,50,155.00,"7,750.00"
2019-09-24,2019092401002766,RHPL,48,20,50,155.00,"7,750.00"
2019-09-24,2019092401002762,RHPL,48,20,40,155.00,"6,200.00"
2019-09-24,2019092401002650,RHPL,46,39,20,154.00,"3,080.00"
2019-09-24,2019092401002881,RHPL,46,20,50,154.00,"7,700.00"
2019-09-24,2019092401002867,RHPL,46,45,50,154.00,"7,700.00"
2019-09-24,2019092401002858,RHPL,46,20,50,154.00,"7,700.00"
2019-09-24,2019092401002829,RHPL,34,20,50,155.00,"7,750.00"
2019-09-24,2019092401002823,RHPL,34,20,50,155.00,"7,750.00"
2019-09-24,2019092401002801,RHPL,46,20,50,154.00,"7,700.00"
2019-09-24,2019092401002938,RHPL,59,1,30,154.00,"4,620.00"
2019-09-24,2019092401002937,RHPL,46,1,20,154.00,"3,080.00"
2019-09-24,2019092401002934,RHPL,46,20,40,154.00,"6,160.00"
2019-09-24,2019092401002910,RHPL,46,20,40,154.00,"6,160.00"
2019-09-24,2019092401002894,RHPL,46,20,50,154.00,"7,700.00"
2019-09-24,2019092401002884,RHPL,46,38,10,154.00,"1,540.00"
2019-09-24,2019092401002878,RRHP,47,38,10,102.00,"1,020.00"
2019-09-24,2019092401002957,SABSL,16,10,10,451.00,"4,510.00"
2019-09-24,2019092401002942,SABSL,16,10,10,451.00,"4,510.00"
2019-09-24,2019092401002920,SABSL,47,16,10,453.00,"4,530.00"
2019-09-24,2019092401002896,SABSL,16,47,10,451.00,"4,510.00"
2019-09-24,2019092401002811,SABSL,16,10,10,451.00,"4,510.00"
2019-09-24,2019092401002794,SABSL,16,10,10,451.00,"4,510.00"
2019-09-24,2019092401002780,SABSL,16,10,10,451.00,"4,510.00"
2019-09-24,2019092401002582,SABSL,16,38,10,451.00,"4,510.00"
2019-09-24,2019092401002550,SABSL,16,51,10,451.00,"4,510.00"
2019-09-24,2019092401002510,SABSL,16,26,10,451.00,"4,510.00"
2019-09-24,2019092401002856,SANIMA,26,8,566,348.00,"196,968.00"
2019-09-24,2019092401002855,SANIMA,45,8,"1,000",348.00,"348,000.00"
2019-09-24,2019092401002854,SANIMA,16,8,"2,000",348.00,"696,000.00"
2019-09-24,2019092401002853,SANIMA,4,8,100,348.00,"34,800.00"
2019-09-24,2019092401002852,SANIMA,41,8,10,348.00,"3,480.00"
2019-09-24,2019092401002851,SANIMA,56,8,20,348.00,"6,960.00"
2019-09-24,2019092401002486,SANIMA,22,42,100,350.00,"35,000.00"
2019-09-24,2019092401002717,SANIMA,44,46,183,350.00,"64,050.00"
2019-09-24,2019092401002669,SANIMA,44,26,17,350.00,"5,950.00"
2019-09-24,2019092401002668,SANIMA,22,26,157,350.00,"54,950.00"
2019-09-24,2019092401002592,SANIMA,1,32,10,351.00,"3,510.00"
2019-09-24,2019092401002560,SANIMA,22,44,100,350.00,"35,000.00"
2019-09-24,2019092401002530,SANIMA,22,45,240,350.00,"84,000.00"
2019-09-24,2019092401002844,SANIMA,14,8,"1,000",349.00,"349,000.00"
2019-09-24,2019092401002843,SANIMA,14,8,"1,000",349.00,"349,000.00"
2019-09-24,2019092401002842,SANIMA,44,8,500,349.00,"174,500.00"
2019-09-24,2019092401002841,SANIMA,14,8,519,349.00,"181,131.00"
2019-09-24,2019092401002798,SANIMA,28,57,32,350.00,"11,200.00"
2019-09-24,2019092401002761,SANIMA,28,46,118,350.00,"41,300.00"
2019-09-24,2019092401002850,SANIMA,25,8,52,348.00,"18,096.00"
2019-09-24,2019092401002849,SANIMA,22,8,33,349.00,"11,517.00"
2019-09-24,2019092401002848,SANIMA,51,8,100,349.00,"34,900.00"
2019-09-24,2019092401002847,SANIMA,45,8,500,349.00,"174,500.00"
2019-09-24,2019092401002846,SANIMA,35,8,500,349.00,"174,500.00"
2019-09-24,2019092401002845,SANIMA,44,8,100,349.00,"34,900.00"
2019-09-24,2019092401002822,SBI,34,17,803,405.00,"325,215.00"
2019-09-24,2019092401002821,SBI,34,45,400,404.00,"161,600.00"
2019-09-24,2019092401002800,SBI,13,45,100,404.00,"40,400.00"
2019-09-24,2019092401002765,SBI,28,17,100,405.00,"40,500.00"
2019-09-24,2019092401002733,SBI,32,17,500,404.00,"202,000.00"
2019-09-24,2019092401002732,SBI,41,17,30,404.00,"12,120.00"
2019-09-24,2019092401002731,SBI,45,17,10,404.00,"4,040.00"
2019-09-24,2019092401002730,SBI,25,17,200,405.00,"81,000.00"
2019-09-24,2019092401002729,SBI,57,17,100,405.00,"40,500.00"
2019-09-24,2019092401002492,SBI,32,14,152,407.00,"61,864.00"
2019-09-24,2019092401002817,SBL,6,16,76,327.00,"24,852.00"
2019-09-24,2019092401002816,SBL,6,16,247,327.00,"80,769.00"
2019-09-24,2019092401002770,SBL,17,16,100,327.00,"32,700.00"
2019-09-24,2019092401002769,SBL,50,16,500,327.00,"163,500.00"
2019-09-24,2019092401002767,SBL,28,16,100,327.00,"32,700.00"
2019-09-24,2019092401002758,SBL,41,16,200,327.00,"65,400.00"
2019-09-24,2019092401002753,SBL,1,16,186,327.00,"60,822.00"
2019-09-24,2019092401002752,SBL,1,45,424,327.00,"138,648.00"
2019-09-24,2019092401002727,SBL,49,45,220,327.00,"71,940.00"
2019-09-24,2019092401002585,SBL,1,45,10,327.00,"3,270.00"
2019-09-24,2019092401002575,SBL,44,44,490,326.00,"159,740.00"
2019-09-24,2019092401002574,SBL,6,44,10,326.00,"3,260.00"
2019-09-24,2019092401002941,SCB,34,50,30,561.00,"16,830.00"
2019-09-24,2019092401002793,SCB,44,8,100,560.00,"56,000.00"
2019-09-24,2019092401002695,SCB,56,26,185,559.00,"103,415.00"
2019-09-24,2019092401002694,SCB,33,26,15,559.00,"8,385.00"
2019-09-24,2019092401002682,SCB,44,8,100,560.00,"56,000.00"
2019-09-24,2019092401002520,SCB,17,40,200,560.00,"112,000.00"
2019-09-24,2019092401002572,SCB,32,40,280,560.00,"156,800.00"
2019-09-24,2019092401002567,SCB,33,56,85,559.00,"47,515.00"
2019-09-24,2019092401002551,SCB,34,40,50,560.00,"28,000.00"
2019-09-24,2019092401002549,SCB,44,42,200,560.00,"112,000.00"
2019-09-24,2019092401002521,SCB,32,40,300,560.00,"168,000.00"
2019-09-24,2019092401002642,SDESI,47,17,20,600.00,"12,000.00"
2019-09-24,2019092401002641,SDESI,45,17,55,600.00,"33,000.00"
2019-09-24,2019092401002837,SHIVM,41,29,200,548.00,"109,600.00"
2019-09-24,2019092401002602,SHIVM,35,46,100,548.00,"54,800.00"
2019-09-24,2019092401002525,SHIVM,56,48,16,546.00,"8,736.00"
2019-09-24,2019092401002524,SHIVM,3,48,10,546.00,"5,460.00"
2019-09-24,2019092401002515,SHPC,43,52,50,188.00,"9,400.00"
2019-09-24,2019092401002514,SHPC,26,52,500,188.00,"94,000.00"
2019-09-24,2019092401002513,SHPC,1,52,200,188.00,"37,600.00"
2019-09-24,2019092401002512,SHPC,26,52,57,188.00,"10,716.00"
2019-09-24,2019092401002974,SJCL,35,20,10,163.00,"1,630.00"
2019-09-24,2019092401002962,SJCL,35,1,20,163.00,"3,260.00"
2019-09-24,2019092401002954,SJCL,35,20,10,163.00,"1,630.00"
2019-09-24,2019092401002951,SJCL,35,1,20,163.00,"3,260.00"
2019-09-24,2019092401002943,SJCL,35,1,20,163.00,"3,260.00"
2019-09-24,2019092401002939,SJCL,35,20,10,163.00,"1,630.00"
2019-09-24,2019092401002547,SJCL,46,26,20,164.00,"3,280.00"
2019-09-24,2019092401002526,SJCL,46,26,20,164.00,"3,280.00"
2019-09-24,2019092401002522,SJCL,46,38,20,164.00,"3,280.00"
2019-09-24,2019092401002516,SJCL,46,26,20,164.00,"3,280.00"
2019-09-24,2019092401002480,SJCL,46,26,20,164.00,"3,280.00"
2019-09-24,2019092401002647,SJCL,46,39,20,164.00,"3,280.00"
2019-09-24,2019092401002630,SJCL,46,13,20,164.00,"3,280.00"
2019-09-24,2019092401002589,SJCL,46,38,20,164.00,"3,280.00"
2019-09-24,2019092401002579,SJCL,46,38,20,164.00,"3,280.00"
2019-09-24,2019092401002556,SJCL,46,26,20,164.00,"3,280.00"
2019-09-24,2019092401002768,SJCL,46,20,20,164.00,"3,280.00"
2019-09-24,2019092401002764,SJCL,46,20,20,164.00,"3,280.00"
2019-09-24,2019092401002834,SJCL,46,20,20,164.00,"3,280.00"
2019-09-24,2019092401002824,SJCL,46,20,20,164.00,"3,280.00"
2019-09-24,2019092401002810,SJCL,46,20,10,164.00,"1,640.00"
2019-09-24,2019092401002795,SJCL,46,17,10,164.00,"1,640.00"
2019-09-24,2019092401002792,SJCL,46,20,20,164.00,"3,280.00"
2019-09-24,2019092401002779,SJCL,46,20,20,164.00,"3,280.00"
2019-09-24,2019092401002869,SJCL,35,38,10,163.00,"1,630.00"
2019-09-24,2019092401002865,SJCL,48,14,200,164.00,"32,800.00"
2019-09-24,2019092401002864,SJCL,11,14,100,164.00,"16,400.00"
2019-09-24,2019092401002863,SJCL,55,14,50,164.00,"8,200.00"
2019-09-24,2019092401002862,SJCL,40,14,200,164.00,"32,800.00"
2019-09-24,2019092401002861,SJCL,46,14,180,164.00,"29,520.00"
2019-09-24,2019092401002933,SJCL,35,21,20,163.00,"3,260.00"
2019-09-24,2019092401002921,SJCL,35,20,10,163.00,"1,630.00"
2019-09-24,2019092401002902,SJCL,35,20,20,163.00,"3,260.00"
2019-09-24,2019092401002890,SJCL,35,20,20,163.00,"3,260.00"
2019-09-24,2019092401002870,SJCL,35,20,20,163.00,"3,260.00"
2019-09-24,2019092401002918,SKBBL,14,43,20,905.00,"18,100.00"
2019-09-24,2019092401002672,SLBBL,58,17,30,533.00,"15,990.00"
2019-09-24,2019092401002671,SLBBL,58,17,50,534.00,"26,700.00"
2019-09-24,2019092401002670,SLBBL,32,17,20,534.00,"10,680.00"
2019-09-24,2019092401002533,SLBSL,54,26,10,670.00,"6,700.00"
2019-09-24,2019092401002840,SLICL,34,44,166,268.00,"44,488.00"
2019-09-24,2019092401002839,SLICL,45,44,11,268.00,"2,948.00"
2019-09-24,2019092401002838,SLICL,7,44,112,269.00,"30,128.00"
2019-09-24,2019092401002745,SLICL,7,49,38,269.00,"10,222.00"
2019-09-24,2019092401002712,SLICL,45,49,39,268.00,"10,452.00"
2019-09-24,2019092401002711,SLICL,42,49,10,269.00,"2,690.00"
2019-09-24,2019092401002710,SLICL,16,49,50,270.00,"13,500.00"
2019-09-24,2019092401002635,SMB,21,51,10,424.00,"4,240.00"
2019-09-24,2019092401002566,SMB,21,51,10,424.00,"4,240.00"
2019-09-24,2019092401002963,SMFBS,34,50,10,788.00,"7,880.00"
2019-09-24,2019092401002662,SMFBS,34,35,10,784.00,"7,840.00"
2019-09-24,2019092401002584,SMFBS,34,51,10,784.00,"7,840.00"
2019-09-24,2019092401002709,SMFDB,6,19,10,500.00,"5,000.00"
2019-09-24,2019092401002552,SRBL,5,4,100,234.00,"23,400.00"
2019-09-24,2019092401002632,UPCL,36,7,100,79.00,"7,900.00"
2019-09-24,2019092401002631,UPCL,11,7,575,79.00,"45,425.00"
2019-09-24,2019092401002626,UPCL,11,7,"1,000",79.00,"79,000.00"
2019-09-24,2019092401002604,UPCL,51,19,100,80.00,"8,000.00"
2019-09-24,2019092401002700,UPPER,26,49,200,234.00,"46,800.00"
2019-09-24,2019092401002685,UPPER,51,49,50,234.00,"11,700.00"
2019-09-24,2019092401002623,UPPER,49,49,100,234.00,"23,400.00"
2019-09-24,2019092401002614,UPPER,49,6,30,234.00,"7,020.00"
2019-09-24,2019092401002448,ADBL,33,48,952,410.00,"390,320.00"
2019-09-24,2019092401002447,ADBL,39,48,48,410.00,"19,680.00"
2019-09-24,2019092401002260,ADBL,39,14,52,410.00,"21,320.00"
2019-09-24,2019092401002259,ADBL,14,14,218,410.00,"89,380.00"
2019-09-24,2019092401002228,ADBL,28,17,83,411.00,"34,113.00"
2019-09-24,2019092401002131,ADBL,45,34,37,412.00,"15,244.00"
2019-09-24,2019092401002197,AHPC,58,10,54,96.00,"5,184.00"
2019-09-24,2019092401002112,AHPC,16,42,100,97.00,"9,700.00"
2019-09-24,2019092401002419,AKBSL,48,1,10,410.00,"4,100.00"
2019-09-24,2019092401002351,AKBSL,34,34,10,411.00,"4,110.00"
2019-09-24,2019092401002238,AKBSL,48,32,10,410.00,"4,100.00"
2019-09-24,2019092401002048,AKBSL,48,57,10,410.00,"4,100.00"
2019-09-24,2019092401002203,ALBSL,17,17,10,419.00,"4,190.00"
2019-09-24,2019092401001998,ALBSL,17,57,10,419.00,"4,190.00"
2019-09-24,2019092401002042,ALICL,25,49,37,310.00,"11,470.00"
2019-09-24,2019092401002041,ALICL,36,49,50,311.00,"15,550.00"
2019-09-24,2019092401002040,ALICL,40,49,100,311.00,"31,100.00"
2019-09-24,2019092401002039,ALICL,40,49,100,311.00,"31,100.00"
2019-09-24,2019092401002038,ALICL,14,49,500,311.00,"155,500.00"
2019-09-24,2019092401002037,ALICL,35,49,20,312.00,"6,240.00"
2019-09-24,2019092401002136,API,1,43,500,113.00,"56,500.00"
2019-09-24,2019092401002124,BFC,8,48,191,88.00,"16,808.00"
2019-09-24,2019092401001999,BFC,8,48,500,88.00,"44,000.00"
2019-09-24,2019092401002462,BOKL,7,13,108,249.00,"26,892.00"
2019-09-24,2019092401002304,BOKL,34,39,81,249.00,"20,169.00"
2019-09-24,2019092401002201,BOKL,49,19,12,249.00,"2,988.00"
2019-09-24,2019092401002200,BOKL,49,46,300,249.00,"74,700.00"
2019-09-24,2019092401002302,CBBL,22,45,48,968.00,"46,464.00"
2019-09-24,2019092401002406,CBL,44,34,140,143.00,"20,020.00"
2019-09-24,2019092401002405,CBL,44,26,100,143.00,"14,300.00"
2019-09-24,2019092401002332,CBL,42,26,400,143.00,"57,200.00"
2019-09-24,2019092401002325,CBL,43,26,300,143.00,"42,900.00"
2019-09-24,2019092401002244,CIT,55,33,40,"1,799.00","71,960.00"
2019-09-24,2019092401002372,CLBSL,48,38,50,475.00,"23,750.00"
2019-09-24,2019092401002371,CLBSL,11,38,50,477.00,"23,850.00"
2019-09-24,2019092401002370,CLBSL,7,38,11,478.00,"5,258.00"
2019-09-24,2019092401002369,CLBSL,49,38,30,478.00,"14,340.00"
2019-09-24,2019092401002242,CZBIL,49,54,100,191.00,"19,100.00"
2019-09-24,2019092401002066,CZBIL,49,29,500,191.00,"95,500.00"
2019-09-24,2019092401002402,DBBL,43,42,"1,628",126.00,"205,128.00"
2019-09-24,2019092401002210,EBL,34,44,606,567.00,"343,602.00"
2019-09-24,2019092401002204,EBL,35,44,394,567.00,"223,398.00"
2019-09-24,2019092401002199,EBL,35,25,40,566.00,"22,640.00"
2019-09-24,2019092401002198,EBL,35,6,66,564.00,"37,224.00"
2019-09-24,2019092401002072,EBL,44,29,455,561.00,"255,255.00"
2019-09-24,2019092401002071,EBL,16,29,45,561.00,"25,245.00"
2019-09-24,2019092401002352,EDBL,43,39,200,269.00,"53,800.00"
2019-09-24,2019092401002280,EIC,25,46,200,246.00,"49,200.00"
2019-09-24,2019092401002279,EIC,26,46,60,247.00,"14,820.00"
2019-09-24,2019092401002278,EIC,21,46,100,247.00,"24,700.00"
2019-09-24,2019092401002277,EIC,58,46,20,247.00,"4,940.00"
2019-09-24,2019092401002276,EIC,43,46,10,247.00,"2,470.00"
2019-09-24,2019092401002164,EIC,43,26,490,247.00,"121,030.00"
2019-09-24,2019092401002163,EIC,22,26,20,247.00,"4,940.00"
2019-09-24,2019092401002162,EIC,36,26,100,248.00,"24,800.00"
2019-09-24,2019092401002161,EIC,49,26,50,248.00,"12,400.00"
2019-09-24,2019092401002000,EIC,5,48,20,251.00,"5,020.00"
2019-09-24,2019092401001995,FMDBL,41,48,100,370.00,"37,000.00"
2019-09-24,2019092401001994,FMDBL,41,38,100,370.00,"37,000.00"
2019-09-24,2019092401002269,FOWAD,40,39,19,"1,282.00","24,358.00"
2019-09-24,2019092401002268,FOWAD,40,39,19,"1,281.00","24,339.00"
2019-09-24,2019092401002267,FOWAD,40,34,12,"1,280.00","15,360.00"
2019-09-24,2019092401002266,FOWAD,40,39,88,"1,280.00","112,640.00"
2019-09-24,2019092401002428,GBBL,43,39,10,207.00,"2,070.00"
2019-09-24,2019092401002253,GBBL,45,4,390,208.00,"81,120.00"
2019-09-24,2019092401002252,GBBL,45,1,"2,342",208.00,"487,136.00"
2019-09-24,2019092401002251,GBBL,45,1,"1,369",208.00,"284,752.00"
2019-09-24,2019092401002195,GBBL,48,1,390,208.00,"81,120.00"
2019-09-24,2019092401002425,GBLBS,21,58,100,320.00,"32,000.00"
2019-09-24,2019092401002306,GBLBS,26,26,1,314.00,314.00
2019-09-24,2019092401002225,GBLBS,21,58,40,320.00,"12,800.00"
2019-09-24,2019092401002033,GBLBS,47,57,65,319.00,"20,735.00"
2019-09-24,2019092401001981,GBLBS,43,58,95,320.00,"30,400.00"
2019-09-24,2019092401002015,GDBL,50,50,87,204.00,"17,748.00"
2019-09-24,2019092401002327,GFCL,32,48,385,131.00,"50,435.00"
2019-09-24,2019092401002326,GFCL,59,48,200,131.00,"26,200.00"
2019-09-24,2019092401002140,GFCL,59,7,100,131.00,"13,100.00"
2019-09-24,2019092401002440,GHL,51,28,10,64.00,640.00
2019-09-24,2019092401002232,GHL,25,28,20,65.00,"1,300.00"
2019-09-24,2019092401002392,GLBSL,34,34,10,437.00,"4,370.00"
2019-09-24,2019092401002234,GLBSL,48,54,20,436.00,"8,720.00"
2019-09-24,2019092401002233,GLBSL,41,54,80,437.00,"34,960.00"
2019-09-24,2019092401002146,GLBSL,53,53,10,438.00,"4,380.00"
2019-09-24,2019092401002385,GLICL,22,21,200,356.00,"71,200.00"
2019-09-24,2019092401002342,GMFBS,56,26,10,463.00,"4,630.00"
2019-09-24,2019092401002168,GMFBS,53,53,10,464.00,"4,640.00"
2019-09-24,2019092401002459,HBL,37,44,30,498.00,"14,940.00"
2019-09-24,2019092401002442,HBL,42,44,10,498.00,"4,980.00"
2019-09-24,2019092401002281,HBL,42,29,40,498.00,"19,920.00"
2019-09-24,2019092401002202,HBL,48,29,360,498.00,"179,280.00"
2019-09-24,2019092401001986,HDL,14,19,70,"1,445.00","101,150.00"
2019-09-24,2019092401002265,HIDCL,1,14,100,132.00,"13,200.00"
2019-09-24,2019092401002243,HIDCL,1,38,61,132.00,"8,052.00"
2019-09-24,2019092401002249,HPPL,48,28,10,130.00,"1,300.00"
2019-09-24,2019092401002470,HURJA,11,26,20,102.00,"2,040.00"
2019-09-24,2019092401002429,HURJA,51,26,20,104.00,"2,080.00"
2019-09-24,2019092401002412,HURJA,51,26,20,106.00,"2,120.00"
2019-09-24,2019092401002409,HURJA,41,26,20,107.00,"2,140.00"
2019-09-24,2019092401002389,HURJA,1,34,500,106.00,"53,000.00"
2019-09-24,2019092401002388,HURJA,42,34,300,107.00,"32,100.00"
2019-09-24,2019092401002315,HURJA,52,22,10,108.00,"1,080.00"
2019-09-24,2019092401002312,HURJA,39,26,20,107.00,"2,140.00"
2019-09-24,2019092401002258,HURJA,45,22,10,108.00,"1,080.00"
2019-09-24,2019092401002235,HURJA,45,49,20,108.00,"2,160.00"
2019-09-24,2019092401002213,HURJA,51,49,20,108.00,"2,160.00"
2019-09-24,2019092401002387,HURJA,40,34,20,107.00,"2,140.00"
2019-09-24,2019092401002368,HURJA,40,22,20,107.00,"2,140.00"
2019-09-24,2019092401002350,HURJA,40,22,20,107.00,"2,140.00"
2019-09-24,2019092401002345,HURJA,40,26,20,107.00,"2,140.00"
2019-09-24,2019092401002317,HURJA,52,6,10,109.00,"1,090.00"
2019-09-24,2019092401002316,HURJA,52,42,20,109.00,"2,180.00"
2019-09-24,2019092401002466,ILBS,34,34,10,427.00,"4,270.00"
2019-09-24,2019092401002449,ILBS,34,34,10,427.00,"4,270.00"
2019-09-24,2019092401002322,ILBS,6,57,10,426.00,"4,260.00"
2019-09-24,2019092401002257,ILBS,34,54,15,425.00,"6,375.00"
2019-09-24,2019092401002256,ILBS,51,54,20,425.00,"8,500.00"
2019-09-24,2019092401002255,ILBS,58,54,40,425.00,"17,000.00"
2019-09-24,2019092401002254,ILBS,59,54,15,426.00,"6,390.00"
2019-09-24,2019092401002135,ILBS,53,53,10,427.00,"4,270.00"
2019-09-24,2019092401002132,ILBS,53,53,10,427.00,"4,270.00"
2019-09-24,2019092401002193,JBBL,49,17,10,157.00,"1,570.00"
2019-09-24,2019092401002128,JBBL,32,7,320,154.00,"49,280.00"
2019-09-24,2019092401002088,JBBL,32,19,62,154.00,"9,548.00"
2019-09-24,2019092401002087,JBBL,49,19,138,154.00,"21,252.00"
2019-09-24,2019092401002293,JOSHI,14,22,10,58.00,580.00
2019-09-24,2019092401002292,JOSHI,54,22,10,59.00,590.00
2019-09-24,2019092401002264,JOSHI,54,28,20,59.00,"1,180.00"
2019-09-24,2019092401002246,JOSHI,54,22,20,59.00,"1,180.00"
2019-09-24,2019092401002424,KBL,33,46,28,176.00,"4,928.00"
2019-09-24,2019092401002108,KBL,33,50,359,176.00,"63,184.00"
2019-09-24,2019092401002107,KBL,59,50,50,176.00,"8,800.00"
2019-09-24,2019092401002106,KBL,17,50,15,176.00,"2,640.00"
