Date,Transact. No.,Symbol,Buyer,Seller,Quantity,Rate,Amount
2019-05-22,2019052201012029,ADBL,56,49,200,424.00,"84,800.00"
2019-05-22,2019052201011975,AKPL,58,39,92,217.00,"19,964.00"
2019-05-22,2019052201011938,AKPL,39,7,100,217.00,"21,700.00"
2019-05-22,2019052201011937,AKPL,38,7,300,217.00,"65,100.00"
2019-05-22,2019052201011979,API,58,47,20,172.00,"3,440.00"
2019-05-22,2019052201012115,BPCL,33,46,100,444.00,"44,400.00"
2019-05-22,2019052201012065,BPCL,38,6,50,443.00,"22,150.00"
2019-05-22,2019052201011990,BPCL,1,6,269,443.00,"119,167.00"
2019-05-22,2019052201011981,BPCL,49,6,10,445.00,"4,450.00"
2019-05-22,2019052201011956,BPCL,1,52,"1,000",442.00,"442,000.00"
2019-05-22,2019052201011951,BPCL,1,18,55,442.00,"24,310.00"
2019-05-22,2019052201012095,CBL,49,58,526,147.00,"77,322.00"
2019-05-22,2019052201012013,CBL,52,58,50,147.00,"7,350.00"
2019-05-22,2019052201011994,CCBL,45,43,102,169.00,"17,238.00"
2019-05-22,2019052201011953,CCBL,43,16,50,168.00,"8,400.00"
2019-05-22,2019052201011963,CHCL,56,25,10,554.00,"5,540.00"
2019-05-22,2019052201011962,CHCL,56,47,12,549.00,"6,588.00"
2019-05-22,2019052201011960,CZBIL,34,14,100,232.00,"23,200.00"
2019-05-22,2019052201012011,EIC,51,43,79,422.00,"33,338.00"
2019-05-22,2019052201011939,GILB,38,47,18,"1,250.00","22,500.00"
2019-05-22,2019052201011993,GUFL,20,45,"1,000",119.00,"119,000.00"
2019-05-22,2019052201012019,HBL,32,19,32,590.00,"18,880.00"
2019-05-22,2019052201011929,HBL,32,33,140,590.00,"82,600.00"
2019-05-22,2019052201011928,HBL,41,33,100,590.00,"59,000.00"
2019-05-22,2019052201011927,HBL,25,33,200,591.00,"118,200.00"
2019-05-22,2019052201011926,HBL,22,33,100,593.00,"59,300.00"
2019-05-22,2019052201011925,HBL,41,33,60,593.00,"35,580.00"
2019-05-22,2019052201012018,HDL,40,46,40,"1,780.00","71,200.00"
2019-05-22,2019052201012017,HDL,39,46,50,"1,780.00","89,000.00"
2019-05-22,2019052201012016,HDL,39,46,100,"1,782.00","178,200.00"
2019-05-22,2019052201012015,HDL,51,46,10,"1,790.00","17,900.00"
2019-05-22,2019052201012121,HIDCL,6,35,"2,521",179.00,"451,259.00"
2019-05-22,2019052201012120,HIDCL,5,35,500,179.00,"89,500.00"
2019-05-22,2019052201012078,HIDCL,50,34,508,178.00,"90,424.00"
2019-05-22,2019052201012077,HIDCL,7,34,300,178.00,"53,400.00"
2019-05-22,2019052201012076,HIDCL,19,34,165,178.00,"29,370.00"
2019-05-22,2019052201012005,HIDCL,58,50,500,179.00,"89,500.00"
2019-05-22,2019052201012004,HIDCL,58,29,126,179.00,"22,554.00"
2019-05-22,2019052201012003,HIDCL,58,51,50,179.00,"8,950.00"
2019-05-22,2019052201011970,HIDCL,43,51,950,179.00,"170,050.00"
2019-05-22,2019052201011969,HIDCL,43,49,50,179.00,"8,950.00"
2019-05-22,2019052201011941,HIDCL,19,47,35,178.00,"6,230.00"
2019-05-22,2019052201012081,HPPL,49,19,10,206.00,"2,060.00"
2019-05-22,2019052202000301,HURJA,29,51,10,144.00,"1,440.00"
2019-05-22,2019052202000300,HURJA,29,1,20,144.00,"2,880.00"
2019-05-22,2019052202000299,HURJA,29,51,20,144.00,"2,880.00"
2019-05-22,2019052202000298,HURJA,29,51,20,144.00,"2,880.00"
2019-05-22,2019052202000297,HURJA,29,51,20,144.00,"2,880.00"
2019-05-22,2019052202000296,HURJA,29,43,20,144.00,"2,880.00"
2019-05-22,2019052202000001,HURJA,50,45,10,160.00,"1,600.00"
2019-05-22,2019052202000007,HURJA,58,59,10,148.00,"1,480.00"
2019-05-22,2019052202000006,HURJA,58,16,10,151.00,"1,510.00"
2019-05-22,2019052202000005,HURJA,58,59,10,154.00,"1,540.00"
2019-05-22,2019052202000004,HURJA,58,16,10,157.00,"1,570.00"
2019-05-22,2019052202000003,HURJA,50,39,10,160.00,"1,600.00"
2019-05-22,2019052202000002,HURJA,50,45,10,160.00,"1,600.00"
2019-05-22,2019052202000013,HURJA,45,6,150,144.00,"21,600.00"
2019-05-22,2019052202000012,HURJA,40,6,10,144.00,"1,440.00"
2019-05-22,2019052202000011,HURJA,40,52,20,144.00,"2,880.00"
2019-05-22,2019052202000010,HURJA,58,42,10,144.00,"1,440.00"
2019-05-22,2019052202000009,HURJA,57,6,30,146.00,"4,380.00"
2019-05-22,2019052202000008,HURJA,58,6,10,146.00,"1,460.00"
2019-05-22,2019052202000019,HURJA,58,6,"1,000",144.00,"144,000.00"
2019-05-22,2019052202000018,HURJA,55,6,200,144.00,"28,800.00"
2019-05-22,2019052202000017,HURJA,55,6,200,144.00,"28,800.00"
2019-05-22,2019052202000016,HURJA,41,6,160,144.00,"23,040.00"
2019-05-22,2019052202000015,HURJA,41,6,340,144.00,"48,960.00"
2019-05-22,2019052202000014,HURJA,58,6,500,144.00,"72,000.00"
2019-05-22,2019052202000025,HURJA,41,11,20,144.00,"2,880.00"
2019-05-22,2019052202000024,HURJA,41,51,20,144.00,"2,880.00"
2019-05-22,2019052202000023,HURJA,41,19,20,144.00,"2,880.00"
2019-05-22,2019052202000022,HURJA,41,29,20,144.00,"2,880.00"
2019-05-22,2019052202000021,HURJA,41,6,390,144.00,"56,160.00"
2019-05-22,2019052202000020,HURJA,54,6,50,144.00,"7,200.00"
2019-05-22,2019052202000031,HURJA,36,42,20,144.00,"2,880.00"
2019-05-22,2019052202000030,HURJA,36,42,20,144.00,"2,880.00"
2019-05-22,2019052202000029,HURJA,36,41,20,144.00,"2,880.00"
2019-05-22,2019052202000028,HURJA,36,18,20,144.00,"2,880.00"
2019-05-22,2019052202000027,HURJA,41,52,10,144.00,"1,440.00"
2019-05-22,2019052202000026,HURJA,41,25,20,144.00,"2,880.00"
2019-05-22,2019052202000037,HURJA,36,14,20,144.00,"2,880.00"
2019-05-22,2019052202000036,HURJA,36,42,20,144.00,"2,880.00"
2019-05-22,2019052202000035,HURJA,36,35,20,144.00,"2,880.00"
2019-05-22,2019052202000034,HURJA,36,42,20,144.00,"2,880.00"
2019-05-22,2019052202000033,HURJA,36,42,20,144.00,"2,880.00"
2019-05-22,2019052202000032,HURJA,36,42,20,144.00,"2,880.00"
2019-05-22,2019052202000043,HURJA,37,53,10,144.00,"1,440.00"
2019-05-22,2019052202000042,HURJA,37,53,20,144.00,"2,880.00"
2019-05-22,2019052202000041,HURJA,37,53,20,144.00,"2,880.00"
2019-05-22,2019052202000040,HURJA,37,41,20,144.00,"2,880.00"
2019-05-22,2019052202000039,HURJA,37,34,20,144.00,"2,880.00"
2019-05-22,2019052202000038,HURJA,37,49,10,144.00,"1,440.00"
2019-05-22,2019052202000049,HURJA,50,38,20,144.00,"2,880.00"
2019-05-22,2019052202000048,HURJA,50,19,20,144.00,"2,880.00"
2019-05-22,2019052202000047,HURJA,50,42,20,144.00,"2,880.00"
2019-05-22,2019052202000046,HURJA,50,34,20,144.00,"2,880.00"
2019-05-22,2019052202000045,HURJA,50,43,20,144.00,"2,880.00"
2019-05-22,2019052202000044,HURJA,50,53,10,144.00,"1,440.00"
2019-05-22,2019052202000055,HURJA,50,32,20,144.00,"2,880.00"
2019-05-22,2019052202000054,HURJA,50,42,20,144.00,"2,880.00"
2019-05-22,2019052202000053,HURJA,50,17,20,144.00,"2,880.00"
2019-05-22,2019052202000052,HURJA,50,32,20,144.00,"2,880.00"
2019-05-22,2019052202000051,HURJA,50,17,10,144.00,"1,440.00"
2019-05-22,2019052202000050,HURJA,50,17,20,144.00,"2,880.00"
2019-05-22,2019052202000061,HURJA,50,58,20,144.00,"2,880.00"
2019-05-22,2019052202000060,HURJA,50,34,10,144.00,"1,440.00"
2019-05-22,2019052202000059,HURJA,50,32,20,144.00,"2,880.00"
2019-05-22,2019052202000058,HURJA,50,42,20,144.00,"2,880.00"
2019-05-22,2019052202000057,HURJA,50,14,20,144.00,"2,880.00"
2019-05-22,2019052202000056,HURJA,50,34,20,144.00,"2,880.00"
2019-05-22,2019052202000067,HURJA,50,42,20,144.00,"2,880.00"
2019-05-22,2019052202000066,HURJA,50,34,20,144.00,"2,880.00"
2019-05-22,2019052202000065,HURJA,50,43,20,144.00,"2,880.00"
2019-05-22,2019052202000064,HURJA,50,49,20,144.00,"2,880.00"
2019-05-22,2019052202000063,HURJA,50,17,20,144.00,"2,880.00"
2019-05-22,2019052202000062,HURJA,50,42,20,144.00,"2,880.00"
2019-05-22,2019052202000073,HURJA,50,29,20,144.00,"2,880.00"
2019-05-22,2019052202000072,HURJA,50,42,20,144.00,"2,880.00"
2019-05-22,2019052202000071,HURJA,50,17,20,144.00,"2,880.00"
2019-05-22,2019052202000070,HURJA,50,34,20,144.00,"2,880.00"
2019-05-22,2019052202000069,HURJA,50,17,20,144.00,"2,880.00"
2019-05-22,2019052202000068,HURJA,50,17,20,144.00,"2,880.00"
2019-05-22,2019052202000079,HURJA,50,34,20,144.00,"2,880.00"
2019-05-22,2019052202000078,HURJA,50,29,20,144.00,"2,880.00"
2019-05-22,2019052202000077,HURJA,50,42,20,144.00,"2,880.00"
2019-05-22,2019052202000076,HURJA,50,34,20,144.00,"2,880.00"
2019-05-22,2019052202000075,HURJA,50,29,20,144.00,"2,880.00"
2019-05-22,2019052202000074,HURJA,50,34,20,144.00,"2,880.00"
2019-05-22,2019052202000085,HURJA,50,34,20,144.00,"2,880.00"
2019-05-22,2019052202000084,HURJA,50,40,20,144.00,"2,880.00"
2019-05-22,2019052202000083,HURJA,50,29,20,144.00,"2,880.00"
2019-05-22,2019052202000082,HURJA,50,29,20,144.00,"2,880.00"
2019-05-22,2019052202000081,HURJA,50,47,20,144.00,"2,880.00"
2019-05-22,2019052202000080,HURJA,50,29,20,144.00,"2,880.00"
2019-05-22,2019052202000091,HURJA,50,34,20,144.00,"2,880.00"
2019-05-22,2019052202000090,HURJA,50,47,20,144.00,"2,880.00"
2019-05-22,2019052202000089,HURJA,50,42,20,144.00,"2,880.00"
2019-05-22,2019052202000088,HURJA,50,29,20,144.00,"2,880.00"
2019-05-22,2019052202000087,HURJA,50,17,20,144.00,"2,880.00"
2019-05-22,2019052202000086,HURJA,50,58,20,144.00,"2,880.00"
2019-05-22,2019052202000097,HURJA,55,34,20,144.00,"2,880.00"
2019-05-22,2019052202000096,HURJA,55,29,10,144.00,"1,440.00"
2019-05-22,2019052202000095,HURJA,50,29,10,144.00,"1,440.00"
2019-05-22,2019052202000094,HURJA,50,40,20,144.00,"2,880.00"
2019-05-22,2019052202000093,HURJA,50,17,20,144.00,"2,880.00"
2019-05-22,2019052202000092,HURJA,50,29,20,144.00,"2,880.00"
2019-05-22,2019052202000103,HURJA,55,42,20,144.00,"2,880.00"
2019-05-22,2019052202000102,HURJA,55,29,20,144.00,"2,880.00"
2019-05-22,2019052202000101,HURJA,55,36,20,144.00,"2,880.00"
2019-05-22,2019052202000100,HURJA,55,34,10,144.00,"1,440.00"
2019-05-22,2019052202000099,HURJA,55,17,20,144.00,"2,880.00"
2019-05-22,2019052202000098,HURJA,55,42,20,144.00,"2,880.00"
2019-05-22,2019052202000109,HURJA,41,29,20,144.00,"2,880.00"
2019-05-22,2019052202000108,HURJA,41,17,20,144.00,"2,880.00"
2019-05-22,2019052202000107,HURJA,41,42,20,144.00,"2,880.00"
2019-05-22,2019052202000106,HURJA,55,29,20,144.00,"2,880.00"
2019-05-22,2019052202000105,HURJA,55,40,20,144.00,"2,880.00"
2019-05-22,2019052202000104,HURJA,55,34,20,144.00,"2,880.00"
2019-05-22,2019052202000115,HURJA,41,42,20,144.00,"2,880.00"
2019-05-22,2019052202000114,HURJA,41,43,20,144.00,"2,880.00"
2019-05-22,2019052202000113,HURJA,41,29,20,144.00,"2,880.00"
2019-05-22,2019052202000112,HURJA,41,34,20,144.00,"2,880.00"
2019-05-22,2019052202000111,HURJA,41,49,20,144.00,"2,880.00"
2019-05-22,2019052202000110,HURJA,41,40,20,144.00,"2,880.00"
2019-05-22,2019052202000121,HURJA,36,17,20,144.00,"2,880.00"
2019-05-22,2019052202000120,HURJA,36,34,20,144.00,"2,880.00"
2019-05-22,2019052202000119,HURJA,36,42,20,144.00,"2,880.00"
2019-05-22,2019052202000118,HURJA,36,29,20,144.00,"2,880.00"
2019-05-22,2019052202000117,HURJA,36,40,20,144.00,"2,880.00"
2019-05-22,2019052202000116,HURJA,41,58,20,144.00,"2,880.00"
2019-05-22,2019052202000127,HURJA,58,29,20,144.00,"2,880.00"
2019-05-22,2019052202000126,HURJA,1,58,20,144.00,"2,880.00"
2019-05-22,2019052202000125,HURJA,1,34,20,144.00,"2,880.00"
2019-05-22,2019052202000124,HURJA,1,42,20,144.00,"2,880.00"
2019-05-22,2019052202000123,HURJA,1,29,20,144.00,"2,880.00"
2019-05-22,2019052202000122,HURJA,1,38,20,144.00,"2,880.00"
2019-05-22,2019052202000133,HURJA,58,29,20,144.00,"2,880.00"
2019-05-22,2019052202000132,HURJA,58,58,10,144.00,"1,440.00"
2019-05-22,2019052202000131,HURJA,58,38,20,144.00,"2,880.00"
2019-05-22,2019052202000130,HURJA,58,42,20,144.00,"2,880.00"
2019-05-22,2019052202000129,HURJA,58,29,20,144.00,"2,880.00"
2019-05-22,2019052202000128,HURJA,58,58,20,144.00,"2,880.00"
2019-05-22,2019052202000139,HURJA,58,19,20,144.00,"2,880.00"
2019-05-22,2019052202000138,HURJA,58,19,20,144.00,"2,880.00"
2019-05-22,2019052202000137,HURJA,58,34,20,144.00,"2,880.00"
2019-05-22,2019052202000136,HURJA,58,19,20,144.00,"2,880.00"
2019-05-22,2019052202000135,HURJA,58,29,20,144.00,"2,880.00"
2019-05-22,2019052202000134,HURJA,58,29,20,144.00,"2,880.00"
2019-05-22,2019052202000145,HURJA,58,41,20,144.00,"2,880.00"
2019-05-22,2019052202000144,HURJA,58,40,20,144.00,"2,880.00"
2019-05-22,2019052202000143,HURJA,58,39,20,144.00,"2,880.00"
2019-05-22,2019052202000142,HURJA,58,40,20,144.00,"2,880.00"
2019-05-22,2019052202000141,HURJA,58,39,20,144.00,"2,880.00"
2019-05-22,2019052202000140,HURJA,58,14,20,144.00,"2,880.00"
2019-05-22,2019052202000151,HURJA,36,47,20,144.00,"2,880.00"
2019-05-22,2019052202000150,HURJA,36,19,20,144.00,"2,880.00"
2019-05-22,2019052202000149,HURJA,36,19,20,144.00,"2,880.00"
2019-05-22,2019052202000148,HURJA,37,49,10,145.00,"1,450.00"
2019-05-22,2019052202000147,HURJA,37,42,20,145.00,"2,900.00"
2019-05-22,2019052202000146,HURJA,58,14,20,144.00,"2,880.00"
2019-05-22,2019052202000157,HURJA,36,52,20,144.00,"2,880.00"
2019-05-22,2019052202000156,HURJA,36,47,20,144.00,"2,880.00"
2019-05-22,2019052202000155,HURJA,36,17,20,144.00,"2,880.00"
2019-05-22,2019052202000154,HURJA,36,19,20,144.00,"2,880.00"
2019-05-22,2019052202000153,HURJA,36,38,20,144.00,"2,880.00"
2019-05-22,2019052202000152,HURJA,36,17,20,144.00,"2,880.00"
2019-05-22,2019052202000163,HURJA,42,47,10,144.00,"1,440.00"
2019-05-22,2019052202000162,HURJA,42,6,20,144.00,"2,880.00"
2019-05-22,2019052202000161,HURJA,42,34,20,144.00,"2,880.00"
2019-05-22,2019052202000160,HURJA,42,39,10,144.00,"1,440.00"
2019-05-22,2019052202000159,HURJA,42,19,20,144.00,"2,880.00"
2019-05-22,2019052202000158,HURJA,36,17,20,144.00,"2,880.00"
2019-05-22,2019052202000169,HURJA,44,19,20,144.00,"2,880.00"
2019-05-22,2019052202000168,HURJA,44,34,20,144.00,"2,880.00"
2019-05-22,2019052202000167,HURJA,44,42,20,144.00,"2,880.00"
2019-05-22,2019052202000166,HURJA,44,19,20,144.00,"2,880.00"
2019-05-22,2019052202000165,HURJA,44,35,100,144.00,"14,400.00"
2019-05-22,2019052202000164,HURJA,44,47,10,144.00,"1,440.00"
2019-05-22,2019052202000175,HURJA,44,39,10,144.00,"1,440.00"
2019-05-22,2019052202000174,HURJA,44,57,20,144.00,"2,880.00"
2019-05-22,2019052202000173,HURJA,44,39,20,144.00,"2,880.00"
2019-05-22,2019052202000172,HURJA,44,1,20,144.00,"2,880.00"
2019-05-22,2019052202000171,HURJA,44,39,20,144.00,"2,880.00"
2019-05-22,2019052202000170,HURJA,44,47,20,144.00,"2,880.00"
2019-05-22,2019052202000181,HURJA,51,42,20,144.00,"2,880.00"
2019-05-22,2019052202000180,HURJA,51,57,20,144.00,"2,880.00"
2019-05-22,2019052202000179,HURJA,51,1,20,144.00,"2,880.00"
2019-05-22,2019052202000178,HURJA,51,6,10,144.00,"1,440.00"
2019-05-22,2019052202000177,HURJA,51,6,20,144.00,"2,880.00"
2019-05-22,2019052202000176,HURJA,51,39,10,144.00,"1,440.00"
2019-05-22,2019052202000187,HURJA,51,43,20,144.00,"2,880.00"
2019-05-22,2019052202000186,HURJA,51,1,20,144.00,"2,880.00"
2019-05-22,2019052202000185,HURJA,51,1,20,144.00,"2,880.00"
2019-05-22,2019052202000184,HURJA,51,33,20,144.00,"2,880.00"
2019-05-22,2019052202000183,HURJA,51,57,20,144.00,"2,880.00"
2019-05-22,2019052202000182,HURJA,51,57,20,144.00,"2,880.00"
2019-05-22,2019052202000193,HURJA,51,29,20,144.00,"2,880.00"
2019-05-22,2019052202000192,HURJA,51,56,20,144.00,"2,880.00"
2019-05-22,2019052202000191,HURJA,51,29,20,144.00,"2,880.00"
2019-05-22,2019052202000190,HURJA,51,1,20,144.00,"2,880.00"
2019-05-22,2019052202000189,HURJA,51,21,20,144.00,"2,880.00"
2019-05-22,2019052202000188,HURJA,51,21,20,144.00,"2,880.00"
2019-05-22,2019052202000199,HURJA,51,29,20,144.00,"2,880.00"
2019-05-22,2019052202000198,HURJA,51,43,20,144.00,"2,880.00"
2019-05-22,2019052202000197,HURJA,51,39,20,144.00,"2,880.00"
2019-05-22,2019052202000196,HURJA,51,42,20,144.00,"2,880.00"
2019-05-22,2019052202000195,HURJA,51,29,20,144.00,"2,880.00"
2019-05-22,2019052202000194,HURJA,51,42,20,144.00,"2,880.00"
2019-05-22,2019052202000205,HURJA,39,29,20,144.00,"2,880.00"
2019-05-22,2019052202000204,HURJA,39,42,20,144.00,"2,880.00"
2019-05-22,2019052202000203,HURJA,39,29,10,144.00,"1,440.00"
2019-05-22,2019052202000202,HURJA,51,29,10,144.00,"1,440.00"
2019-05-22,2019052202000201,HURJA,51,29,10,144.00,"1,440.00"
2019-05-22,2019052202000200,HURJA,51,34,20,144.00,"2,880.00"
2019-05-22,2019052202000211,HURJA,39,29,20,144.00,"2,880.00"
2019-05-22,2019052202000210,HURJA,39,42,20,144.00,"2,880.00"
2019-05-22,2019052202000209,HURJA,39,29,20,144.00,"2,880.00"
2019-05-22,2019052202000208,HURJA,39,42,20,144.00,"2,880.00"
2019-05-22,2019052202000207,HURJA,39,29,20,144.00,"2,880.00"
2019-05-22,2019052202000206,HURJA,39,42,20,144.00,"2,880.00"
2019-05-22,2019052202000217,HURJA,37,58,20,144.00,"2,880.00"
2019-05-22,2019052202000216,HURJA,37,29,20,144.00,"2,880.00"
2019-05-22,2019052202000215,HURJA,37,58,20,144.00,"2,880.00"
2019-05-22,2019052202000214,HURJA,37,29,10,144.00,"1,440.00"
2019-05-22,2019052202000213,HURJA,39,29,10,144.00,"1,440.00"
2019-05-22,2019052202000212,HURJA,39,59,20,144.00,"2,880.00"
2019-05-22,2019052202000223,HURJA,41,29,20,144.00,"2,880.00"
2019-05-22,2019052202000222,HURJA,41,39,20,144.00,"2,880.00"
2019-05-22,2019052202000221,HURJA,37,29,16,144.00,"2,304.00"
2019-05-22,2019052202000220,HURJA,37,45,20,144.00,"2,880.00"
2019-05-22,2019052202000219,HURJA,37,6,20,144.00,"2,880.00"
2019-05-22,2019052202000218,HURJA,37,29,20,144.00,"2,880.00"
2019-05-22,2019052202000229,HURJA,29,39,20,144.00,"2,880.00"
2019-05-22,2019052202000228,HURJA,29,39,20,144.00,"2,880.00"
2019-05-22,2019052202000227,HURJA,29,35,20,144.00,"2,880.00"
2019-05-22,2019052202000226,HURJA,29,39,20,144.00,"2,880.00"
2019-05-22,2019052202000225,HURJA,29,39,20,144.00,"2,880.00"
2019-05-22,2019052202000224,HURJA,41,29,20,144.00,"2,880.00"
2019-05-22,2019052202000235,HURJA,29,41,20,144.00,"2,880.00"
2019-05-22,2019052202000234,HURJA,29,34,20,144.00,"2,880.00"
2019-05-22,2019052202000233,HURJA,29,29,20,144.00,"2,880.00"
2019-05-22,2019052202000232,HURJA,29,39,20,144.00,"2,880.00"
2019-05-22,2019052202000231,HURJA,29,6,20,144.00,"2,880.00"
2019-05-22,2019052202000230,HURJA,29,42,20,144.00,"2,880.00"
2019-05-22,2019052202000241,HURJA,29,58,20,144.00,"2,880.00"
2019-05-22,2019052202000240,HURJA,29,29,20,144.00,"2,880.00"
2019-05-22,2019052202000239,HURJA,29,29,20,144.00,"2,880.00"
2019-05-22,2019052202000238,HURJA,29,40,20,144.00,"2,880.00"
2019-05-22,2019052202000237,HURJA,29,42,20,144.00,"2,880.00"
2019-05-22,2019052202000236,HURJA,29,40,20,144.00,"2,880.00"
2019-05-22,2019052202000247,HURJA,29,42,20,144.00,"2,880.00"
2019-05-22,2019052202000246,HURJA,29,35,20,144.00,"2,880.00"
2019-05-22,2019052202000245,HURJA,29,42,20,144.00,"2,880.00"
2019-05-22,2019052202000244,HURJA,29,42,20,144.00,"2,880.00"
2019-05-22,2019052202000243,HURJA,29,14,20,144.00,"2,880.00"
2019-05-22,2019052202000242,HURJA,29,35,20,144.00,"2,880.00"
2019-05-22,2019052202000253,HURJA,29,14,20,144.00,"2,880.00"
2019-05-22,2019052202000252,HURJA,29,29,20,144.00,"2,880.00"
2019-05-22,2019052202000251,HURJA,29,29,20,144.00,"2,880.00"
2019-05-22,2019052202000250,HURJA,29,19,20,144.00,"2,880.00"
2019-05-22,2019052202000249,HURJA,29,29,20,144.00,"2,880.00"
2019-05-22,2019052202000248,HURJA,29,19,20,144.00,"2,880.00"
2019-05-22,2019052202000259,HURJA,29,29,20,144.00,"2,880.00"
2019-05-22,2019052202000258,HURJA,29,42,10,144.00,"1,440.00"
2019-05-22,2019052202000257,HURJA,29,29,20,144.00,"2,880.00"
2019-05-22,2019052202000256,HURJA,29,42,20,144.00,"2,880.00"
2019-05-22,2019052202000255,HURJA,29,29,20,144.00,"2,880.00"
2019-05-22,2019052202000254,HURJA,29,42,20,144.00,"2,880.00"
2019-05-22,2019052202000265,HURJA,29,29,20,144.00,"2,880.00"
2019-05-22,2019052202000264,HURJA,29,29,20,144.00,"2,880.00"
2019-05-22,2019052202000263,HURJA,29,29,20,144.00,"2,880.00"
2019-05-22,2019052202000262,HURJA,29,29,20,144.00,"2,880.00"
2019-05-22,2019052202000261,HURJA,29,29,20,144.00,"2,880.00"
2019-05-22,2019052202000260,HURJA,29,42,10,144.00,"1,440.00"
2019-05-22,2019052202000271,HURJA,29,38,20,144.00,"2,880.00"
2019-05-22,2019052202000270,HURJA,29,38,20,144.00,"2,880.00"
2019-05-22,2019052202000269,HURJA,29,38,20,144.00,"2,880.00"
2019-05-22,2019052202000268,HURJA,29,38,20,144.00,"2,880.00"
2019-05-22,2019052202000267,HURJA,29,29,20,144.00,"2,880.00"
2019-05-22,2019052202000266,HURJA,29,32,20,144.00,"2,880.00"
2019-05-22,2019052202000277,HURJA,29,41,20,144.00,"2,880.00"
2019-05-22,2019052202000276,HURJA,29,38,10,144.00,"1,440.00"
2019-05-22,2019052202000275,HURJA,29,38,20,144.00,"2,880.00"
2019-05-22,2019052202000274,HURJA,29,38,20,144.00,"2,880.00"
2019-05-22,2019052202000273,HURJA,29,42,20,144.00,"2,880.00"
2019-05-22,2019052202000272,HURJA,29,25,20,144.00,"2,880.00"
2019-05-22,2019052202000283,HURJA,29,38,20,144.00,"2,880.00"
2019-05-22,2019052202000282,HURJA,29,38,20,144.00,"2,880.00"
2019-05-22,2019052202000281,HURJA,29,38,20,144.00,"2,880.00"
2019-05-22,2019052202000280,HURJA,29,38,20,144.00,"2,880.00"
2019-05-22,2019052202000279,HURJA,29,41,20,144.00,"2,880.00"
2019-05-22,2019052202000278,HURJA,29,41,20,144.00,"2,880.00"
2019-05-22,2019052202000289,HURJA,29,38,20,144.00,"2,880.00"
2019-05-22,2019052202000288,HURJA,29,56,20,144.00,"2,880.00"
2019-05-22,2019052202000287,HURJA,29,42,20,144.00,"2,880.00"
2019-05-22,2019052202000286,HURJA,29,39,20,144.00,"2,880.00"
2019-05-22,2019052202000285,HURJA,29,56,20,144.00,"2,880.00"
2019-05-22,2019052202000284,HURJA,29,42,20,144.00,"2,880.00"
2019-05-22,2019052202000295,HURJA,29,38,20,144.00,"2,880.00"
2019-05-22,2019052202000294,HURJA,29,38,20,144.00,"2,880.00"
2019-05-22,2019052202000293,HURJA,29,38,20,144.00,"2,880.00"
2019-05-22,2019052202000292,HURJA,29,38,20,144.00,"2,880.00"
2019-05-22,2019052202000291,HURJA,29,56,20,144.00,"2,880.00"
2019-05-22,2019052202000290,HURJA,29,47,20,144.00,"2,880.00"
2019-05-22,2019052201011976,IGI,7,26,10,423.00,"4,230.00"
2019-05-22,2019052201012093,JBBL,58,50,213,151.00,"32,163.00"
2019-05-22,2019052201012092,JBBL,38,50,200,151.00,"30,200.00"
2019-05-22,2019052201012091,JBBL,58,50,87,151.00,"13,137.00"
2019-05-22,2019052201012060,JBNL,10,22,30,210.00,"6,300.00"
2019-05-22,2019052201012059,JBNL,10,51,118,210.00,"24,780.00"
2019-05-22,2019052201012058,JBNL,10,32,"1,000",209.00,"209,000.00"
2019-05-22,2019052201012057,JBNL,10,42,59,209.00,"12,331.00"
2019-05-22,2019052201012056,JBNL,10,41,150,209.00,"31,350.00"
2019-05-22,2019052201012055,JBNL,10,29,500,209.00,"104,500.00"
2019-05-22,2019052201011936,JBNL,10,58,757,209.00,"158,213.00"
2019-05-22,2019052201011935,JBNL,10,56,150,209.00,"31,350.00"
2019-05-22,2019052201011934,JBNL,10,21,93,209.00,"19,437.00"
2019-05-22,2019052201012054,JBNL,10,41,650,209.00,"135,850.00"
2019-05-22,2019052201012053,JBNL,10,52,260,209.00,"54,340.00"
2019-05-22,2019052201012052,JBNL,10,7,"2,000",209.00,"418,000.00"
2019-05-22,2019052201012051,JBNL,10,16,"2,000",209.00,"418,000.00"
2019-05-22,2019052201012050,JBNL,10,58,233,209.00,"48,697.00"
2019-05-22,2019052201012012,JBNL,37,58,10,209.00,"2,090.00"
2019-05-22,2019052201012025,JSLBB,47,34,10,"2,107.00","21,070.00"
2019-05-22,2019052201011933,KBL,42,29,50,220.00,"11,000.00"
2019-05-22,2019052201012082,LBBL,35,45,100,206.00,"20,600.00"
2019-05-22,2019052201012064,LBBL,35,38,500,205.00,"102,500.00"
2019-05-22,2019052201012010,LBL,49,39,200,221.00,"44,200.00"
2019-05-22,2019052201011942,MBL,43,16,100,272.00,"27,200.00"
2019-05-22,2019052201011950,MDB,28,16,398,259.00,"103,082.00"
2019-05-22,2019052201011949,MDB,28,16,20,263.00,"5,260.00"
2019-05-22,2019052201012108,MEGA,38,28,10,199.00,"1,990.00"
2019-05-22,2019052201012061,MEGA,17,14,500,198.00,"99,000.00"
2019-05-22,2019052201011957,MERO,51,26,40,600.00,"24,000.00"
2019-05-22,2019052201011923,MERO,39,26,17,600.00,"10,200.00"
2019-05-22,2019052201012021,MNBBL,46,25,376,379.00,"142,504.00"
2019-05-22,2019052201012020,MNBBL,46,55,124,379.00,"46,996.00"
2019-05-22,2019052201012118,NBL,52,25,300,343.00,"102,900.00"
2019-05-22,2019052201012117,NBL,52,57,700,342.00,"239,400.00"
2019-05-22,2019052201012105,NBL,34,29,"1,000",341.00,"341,000.00"
2019-05-22,2019052201012080,NBL,14,57,300,342.00,"102,600.00"
2019-05-22,2019052201012079,NBL,14,22,200,342.00,"68,400.00"
2019-05-22,2019052201012072,NBL,32,22,"1,000",342.00,"342,000.00"
2019-05-22,2019052201012062,NBL,50,22,300,342.00,"102,600.00"
2019-05-22,2019052201012002,NBL,34,40,300,341.00,"102,300.00"
2019-05-22,2019052201011989,NBL,36,22,"1,000",342.00,"342,000.00"
2019-05-22,2019052201011946,NBL,34,47,"1,000",341.00,"341,000.00"
2019-05-22,2019052201011924,NBL,34,25,50,343.00,"17,150.00"
2019-05-22,2019052201011996,NCCB,41,29,46,257.00,"11,822.00"
2019-05-22,2019052201011995,NCCB,28,29,54,257.00,"13,878.00"
2019-05-22,2019052201011980,NCCB,28,29,100,257.00,"25,700.00"
2019-05-22,2019052201012009,NIB,51,14,12,535.00,"6,420.00"
2019-05-22,2019052201012008,NIB,54,14,100,536.00,"53,600.00"
2019-05-22,2019052201012007,NIB,19,14,100,537.00,"53,700.00"
2019-05-22,2019052201011944,NIBSF1,47,45,"2,000",9.35,"18,700.00"
2019-05-22,2019052201011959,NICA,1,26,500,484.00,"242,000.00"
2019-05-22,2019052201011958,NICA,1,44,"2,000",484.00,"968,000.00"
2019-05-22,2019052201012101,NIL,40,54,450,519.00,"233,550.00"
2019-05-22,2019052201011965,NLG,53,6,15,807.00,"12,105.00"
2019-05-22,2019052201011964,NLG,14,6,58,810.00,"46,980.00"
2019-05-22,2019052201012014,NLIC,57,22,49,940.00,"46,060.00"
2019-05-22,2019052201011940,NLICL,34,26,20,675.00,"13,500.00"
2019-05-22,2019052201012116,NSEWA,11,49,30,453.00,"13,590.00"
2019-05-22,2019052201012068,NTC,36,44,300,730.00,"219,000.00"
2019-05-22,2019052201012067,NTC,34,44,100,730.00,"73,000.00"
2019-05-22,2019052201012066,NTC,42,44,"1,600",730.00,"1,168,000.00"
2019-05-22,2019052201011961,NTC,40,42,200,731.00,"146,200.00"
2019-05-22,2019052201012097,OHL,58,45,25,685.00,"17,125.00"
2019-05-22,2019052201012096,OHL,57,45,200,685.00,"137,000.00"
2019-05-22,2019052201012030,OHL,18,16,100,684.00,"68,400.00"
2019-05-22,2019052201012006,OHL,40,50,21,681.00,"14,301.00"
2019-05-22,2019052201011948,OHL,34,50,100,683.00,"68,300.00"
2019-05-22,2019052201011947,OHL,51,50,100,683.00,"68,300.00"
2019-05-22,2019052201011943,OHL,51,35,100,683.00,"68,300.00"
2019-05-22,2019052201012100,PCBL,44,22,10,370.00,"3,700.00"
2019-05-22,2019052201012049,PCBL,6,22,98,370.00,"36,260.00"
2019-05-22,2019052201012048,PCBL,6,42,113,370.00,"41,810.00"
2019-05-22,2019052201012047,PCBL,6,25,212,370.00,"78,440.00"
2019-05-22,2019052201012046,PCBL,6,25,100,370.00,"37,000.00"
2019-05-22,2019052201012045,PCBL,6,33,200,370.00,"74,000.00"
2019-05-22,2019052201011971,PCBL,32,32,50,367.00,"18,350.00"
2019-05-22,2019052201011985,PCBL,38,43,300,366.00,"109,800.00"
2019-05-22,2019052201011984,PCBL,38,43,"1,500",366.00,"549,000.00"
2019-05-22,2019052201011983,PCBL,51,43,100,366.00,"36,600.00"
2019-05-22,2019052201011982,PCBL,51,43,100,366.00,"36,600.00"
2019-05-22,2019052201011974,PCBL,51,49,100,366.00,"36,600.00"
2019-05-22,2019052201011973,PCBL,7,49,120,366.00,"43,920.00"
2019-05-22,2019052201012032,PCBL,6,58,100,367.00,"36,700.00"
2019-05-22,2019052201012028,PCBL,55,43,200,366.00,"73,200.00"
2019-05-22,2019052201012027,PCBL,38,43,100,366.00,"36,600.00"
2019-05-22,2019052201012026,PCBL,38,43,700,366.00,"256,200.00"
2019-05-22,2019052201012023,PCBL,51,58,100,367.00,"36,700.00"
2019-05-22,2019052201012022,PCBL,51,55,400,367.00,"146,800.00"
2019-05-22,2019052201012038,PCBL,6,47,154,370.00,"56,980.00"
2019-05-22,2019052201012037,PCBL,6,38,665,370.00,"246,050.00"
2019-05-22,2019052201012036,PCBL,6,16,200,369.00,"73,800.00"
2019-05-22,2019052201012035,PCBL,6,57,"2,000",368.00,"736,000.00"
2019-05-22,2019052201012034,PCBL,6,8,100,368.00,"36,800.00"
2019-05-22,2019052201012033,PCBL,6,10,29,368.00,"10,672.00"
2019-05-22,2019052201012044,PCBL,6,39,254,370.00,"93,980.00"
2019-05-22,2019052201012043,PCBL,6,14,51,370.00,"18,870.00"
2019-05-22,2019052201012042,PCBL,6,53,161,370.00,"59,570.00"
2019-05-22,2019052201012041,PCBL,6,42,63,370.00,"23,310.00"
2019-05-22,2019052201012040,PCBL,6,21,100,370.00,"37,000.00"
2019-05-22,2019052201012039,PCBL,6,44,400,370.00,"148,000.00"
2019-05-22,2019052201011966,PMHPL,56,38,10,117.00,"1,170.00"
2019-05-22,2019052201011988,PRVU,19,45,145,282.00,"40,890.00"
2019-05-22,2019052201011987,PRVU,19,44,355,282.00,"100,110.00"
2019-05-22,2019052201012001,RMDC,26,35,20,679.00,"13,580.00"
2019-05-22,2019052201012000,RMDC,26,44,106,675.00,"71,550.00"
2019-05-22,2019052201011999,RMDC,26,29,20,671.00,"13,420.00"
2019-05-22,2019052201011998,RMDC,26,1,39,671.00,"26,169.00"
2019-05-22,2019052201012104,RSDC,45,39,79,386.00,"30,494.00"
2019-05-22,2019052201012103,RSDC,34,39,87,387.00,"33,669.00"
2019-05-22,2019052201012102,RSDC,57,39,20,388.00,"7,760.00"
2019-05-22,2019052201012106,SBI,28,19,51,476.00,"24,276.00"
2019-05-22,2019052201012114,SHIVM,16,48,50,550.00,"27,500.00"
2019-05-22,2019052201012113,SHIVM,39,48,100,550.00,"55,000.00"
2019-05-22,2019052201012112,SHIVM,41,48,100,550.00,"55,000.00"
2019-05-22,2019052201012111,SHIVM,38,48,100,550.00,"55,000.00"
2019-05-22,2019052201012110,SHIVM,38,48,100,550.00,"55,000.00"
2019-05-22,2019052201012109,SHIVM,39,48,84,550.00,"46,200.00"
2019-05-22,2019052201011954,SHIVM,46,28,320,551.00,"176,320.00"
2019-05-22,2019052201011997,SHIVM,14,28,234,551.00,"128,934.00"
2019-05-22,2019052201011991,SHIVM,14,22,200,551.00,"110,200.00"
2019-05-22,2019052201011972,SHIVM,14,13,50,551.00,"27,550.00"
2019-05-22,2019052201011968,SHIVM,14,58,16,551.00,"8,816.00"
2019-05-22,2019052201011967,SHIVM,28,58,20,551.00,"11,020.00"
2019-05-22,2019052201011955,SHIVM,28,28,480,551.00,"264,480.00"
2019-05-22,2019052201012084,SHIVM,40,28,100,550.00,"55,000.00"
2019-05-22,2019052201012083,SHIVM,22,28,34,551.00,"18,734.00"
2019-05-22,2019052201012075,SHIVM,22,35,100,551.00,"55,100.00"
2019-05-22,2019052201012074,SHIVM,22,28,366,551.00,"201,666.00"
2019-05-22,2019052201012073,SHIVM,39,28,100,551.00,"55,100.00"
2019-05-22,2019052201012031,SHIVM,48,28,100,551.00,"55,100.00"
2019-05-22,2019052201012090,SHIVM,39,28,16,550.00,"8,800.00"
2019-05-22,2019052201012089,SHIVM,55,28,100,550.00,"55,000.00"
2019-05-22,2019052201012088,SHIVM,3,28,100,550.00,"55,000.00"
2019-05-22,2019052201012087,SHIVM,26,28,50,550.00,"27,500.00"
2019-05-22,2019052201012086,SHIVM,25,28,200,550.00,"110,000.00"
2019-05-22,2019052201012085,SHIVM,34,28,200,550.00,"110,000.00"
2019-05-22,2019052201012099,SHL,35,48,"1,000",240.00,"240,000.00"
2019-05-22,2019052201012098,SHL,35,4,"2,000",240.00,"480,000.00"
2019-05-22,2019052201012107,SHPC,32,56,200,299.00,"59,800.00"
2019-05-22,2019052201012071,SHPC,25,7,160,297.00,"47,520.00"
2019-05-22,2019052201012070,SHPC,41,7,50,298.00,"14,900.00"
2019-05-22,2019052201012069,SHPC,38,7,50,298.00,"14,900.00"
2019-05-22,2019052201011992,SHPC,49,56,50,299.00,"14,950.00"
2019-05-22,2019052201012024,SIC,11,54,100,"1,399.00","139,900.00"
2019-05-22,2019052201011978,SIC,28,34,140,"1,400.00","196,000.00"
2019-05-22,2019052201011977,SIC,28,34,60,"1,399.00","83,940.00"
2019-05-22,2019052201011931,SIL,35,5,250,589.00,"147,250.00"
2019-05-22,2019052201011932,SPDL,48,47,15,100.00,"1,500.00"
2019-05-22,2019052201012094,UIC,49,51,50,950.00,"47,500.00"
2019-05-22,2019052201012119,UMHL,29,59,160,129.00,"20,640.00"
2019-05-22,2019052201012063,UMHL,29,59,402,129.00,"51,858.00"
2019-05-22,2019052201011986,UMHL,16,59,493,129.00,"63,597.00"
2019-05-22,2019052201011952,UMHL,16,39,107,129.00,"13,803.00"
2019-05-22,2019052201011945,UMHL,16,59,500,129.00,"64,500.00"
2019-05-22,2019052201011930,UPPER,34,34,50,305.00,"15,250.00"
2019-05-22,2019052201011890,ADBL,4,42,380,425.00,"161,500.00"
2019-05-22,2019052201011863,ADBL,4,50,20,425.00,"8,500.00"
2019-05-22,2019052201011842,ADBL,4,10,100,425.00,"42,500.00"
2019-05-22,2019052201011828,ADBL,47,42,41,426.00,"17,466.00"
2019-05-22,2019052201011827,ADBL,47,43,318,426.00,"135,468.00"
2019-05-22,2019052201011826,ADBL,47,45,500,426.00,"213,000.00"
2019-05-22,2019052201011492,ADBL,58,54,300,424.00,"127,200.00"
2019-05-22,2019052201011491,ADBL,58,42,100,424.00,"42,400.00"
2019-05-22,2019052201011440,ADBL,58,16,50,423.00,"21,150.00"
2019-05-22,2019052201011675,ADBL,4,34,50,425.00,"21,250.00"
2019-05-22,2019052201011643,ADBL,48,34,50,425.00,"21,250.00"
2019-05-22,2019052201011600,ADBL,25,34,500,425.00,"212,500.00"
2019-05-22,2019052201011532,ADBL,44,34,400,425.00,"170,000.00"
2019-05-22,2019052201011531,ADBL,44,49,100,425.00,"42,500.00"
2019-05-22,2019052201011530,ADBL,44,42,500,425.00,"212,500.00"
2019-05-22,2019052201011825,ADBL,47,33,51,426.00,"21,726.00"
2019-05-22,2019052201011824,ADBL,47,16,90,426.00,"38,340.00"
2019-05-22,2019052201011679,ADBL,4,42,560,425.00,"238,000.00"
2019-05-22,2019052201011678,ADBL,4,53,100,425.00,"42,500.00"
2019-05-22,2019052201011677,ADBL,4,36,100,425.00,"42,500.00"
2019-05-22,2019052201011676,ADBL,4,57,200,425.00,"85,000.00"
2019-05-22,2019052201011778,AHPC,25,22,400,121.00,"48,400.00"
2019-05-22,2019052201011710,AHPC,25,7,"1,000",121.00,"121,000.00"
2019-05-22,2019052201011479,AHPC,25,55,50,121.00,"6,050.00"
2019-05-22,2019052201011478,AHPC,51,55,800,121.00,"96,800.00"
2019-05-22,2019052201011477,AHPC,43,55,50,121.00,"6,050.00"
2019-05-22,2019052201011657,AKPL,38,49,200,217.00,"43,400.00"
2019-05-22,2019052201011656,AKPL,58,49,100,217.00,"21,700.00"
2019-05-22,2019052201011655,AKPL,49,49,"2,000",217.00,"434,000.00"
2019-05-22,2019052201011654,AKPL,49,49,"2,000",217.00,"434,000.00"
2019-05-22,2019052201011653,AKPL,36,49,200,217.00,"43,400.00"
2019-05-22,2019052201011652,AKPL,1,49,500,217.00,"108,500.00"
2019-05-22,2019052201011651,AKPL,21,49,200,217.00,"43,400.00"
2019-05-22,2019052201011650,AKPL,55,49,100,217.00,"21,700.00"
2019-05-22,2019052201011649,AKPL,25,49,500,217.00,"108,500.00"
2019-05-22,2019052201011648,AKPL,51,49,200,217.00,"43,400.00"
2019-05-22,2019052201011664,ALBSL,7,7,10,450.00,"4,500.00"
2019-05-22,2019052201011776,ALICL,47,43,200,430.00,"86,000.00"
2019-05-22,2019052201011875,API,58,39,113,172.00,"19,436.00"
2019-05-22,2019052201011811,API,58,57,45,172.00,"7,740.00"
2019-05-22,2019052201011871,BARUN,45,57,10,102.00,"1,020.00"
2019-05-22,2019052201011774,BARUN,47,10,200,103.00,"20,600.00"
2019-05-22,2019052201011773,BARUN,47,10,200,105.00,"21,000.00"
2019-05-22,2019052201011772,BARUN,6,10,100,105.00,"10,500.00"
2019-05-22,2019052201011771,BARUN,47,10,100,105.00,"10,500.00"
2019-05-22,2019052201011770,BARUN,21,10,200,105.00,"21,000.00"
2019-05-22,2019052201011769,BARUN,48,10,49,105.00,"5,145.00"
2019-05-22,2019052201011719,BARUN,48,13,100,105.00,"10,500.00"
2019-05-22,2019052201011723,BFC,55,51,150,106.00,"15,900.00"
2019-05-22,2019052201011906,BPCL,37,6,"1,000",443.00,"443,000.00"
2019-05-22,2019052201011905,BPCL,11,6,66,443.00,"29,238.00"
2019-05-22,2019052201011904,BPCL,1,6,301,443.00,"133,343.00"
2019-05-22,2019052201011878,BPCL,1,34,599,443.00,"265,357.00"
2019-05-22,2019052201011810,BPCL,1,58,"1,000",443.00,"443,000.00"
2019-05-22,2019052201011783,BPCL,1,57,800,443.00,"354,400.00"
2019-05-22,2019052201011464,BPCL,33,35,500,444.00,"222,000.00"
2019-05-22,2019052201011463,BPCL,33,46,79,444.00,"35,076.00"
2019-05-22,2019052201011444,BPCL,1,55,100,443.00,"44,300.00"
2019-05-22,2019052201011739,BPCL,1,58,"1,000",443.00,"443,000.00"
2019-05-22,2019052201011720,BPCL,59,34,200,444.00,"88,800.00"
2019-05-22,2019052201011611,BPCL,33,34,201,444.00,"89,244.00"
2019-05-22,2019052201011546,BPCL,22,6,300,445.00,"133,500.00"
2019-05-22,2019052201011506,BPCL,33,50,20,444.00,"8,880.00"
2019-05-22,2019052201011497,BPCL,33,36,200,444.00,"88,800.00"
2019-05-22,2019052201011636,CBBL,26,25,900,956.00,"860,400.00"
2019-05-22,2019052201011495,CBBL,29,25,100,956.00,"95,600.00"
2019-05-22,2019052201011494,CBBL,29,57,100,955.00,"95,500.00"
2019-05-22,2019052201011558,CBL,26,40,500,146.00,"73,000.00"
2019-05-22,2019052201011545,CBL,26,54,239,146.00,"34,894.00"
2019-05-22,2019052201011544,CBL,7,54,400,146.00,"58,400.00"
2019-05-22,2019052201011543,CBL,6,54,500,146.00,"73,000.00"
2019-05-22,2019052201011542,CBL,1,54,"1,000",146.00,"146,000.00"
2019-05-22,2019052201011541,CBL,25,54,500,146.00,"73,000.00"
2019-05-22,2019052201011540,CBL,17,54,132,146.00,"19,272.00"
2019-05-22,2019052201011539,CBL,17,54,129,146.00,"18,834.00"
2019-05-22,2019052201011538,CBL,35,54,100,146.00,"14,600.00"
2019-05-22,2019052201011505,CBL,50,58,104,147.00,"15,288.00"
2019-05-22,2019052201011504,CBL,45,58,150,147.00,"22,050.00"
2019-05-22,2019052201011897,CCBL,43,43,36,168.00,"6,048.00"
2019-05-22,2019052201011896,CCBL,32,43,"1,000",168.00,"168,000.00"
2019-05-22,2019052201011895,CCBL,21,43,100,168.00,"16,800.00"
2019-05-22,2019052201011894,CCBL,41,43,"1,555",168.00,"261,240.00"
2019-05-22,2019052201011731,CCBL,1,43,50,169.00,"8,450.00"
2019-05-22,2019052201011699,CCBL,41,42,114,168.00,"19,152.00"
2019-05-22,2019052201011523,CCBL,41,43,331,168.00,"55,608.00"
2019-05-22,2019052201011522,CCBL,41,43,200,168.00,"33,600.00"
2019-05-22,2019052201011521,CCBL,38,43,200,168.00,"33,600.00"
2019-05-22,2019052201011520,CCBL,55,43,100,168.00,"16,800.00"
2019-05-22,2019052201011519,CCBL,26,43,440,168.00,"73,920.00"
2019-05-22,2019052201011777,CHCL,45,47,70,550.00,"38,500.00"
2019-05-22,2019052201011717,CHCL,45,16,20,550.00,"11,000.00"
2019-05-22,2019052201011614,CHLBS,34,6,10,459.00,"4,590.00"
2019-05-22,2019052201011465,CHLBS,34,29,10,459.00,"4,590.00"
2019-05-22,2019052201011753,CIT,19,17,14,"2,599.00","36,386.00"
2019-05-22,2019052201011887,CORBL,57,42,40,136.00,"5,440.00"
2019-05-22,2019052201011891,CZBIL,17,43,10,231.00,"2,310.00"
2019-05-22,2019052201011814,CZBIL,17,17,13,231.00,"3,003.00"
2019-05-22,2019052201011525,CZBIL,17,14,"1,286",231.00,"297,066.00"
2019-05-22,2019052201011865,DBBL,35,51,549,150.00,"82,350.00"
2019-05-22,2019052201011864,DBBL,35,51,"1,700",150.00,"255,000.00"
2019-05-22,2019052201011796,DBBL,36,51,500,150.00,"75,000.00"
2019-05-22,2019052201011639,DBBL,13,51,800,150.00,"120,000.00"
2019-05-22,2019052201011622,DBBL,13,42,100,150.00,"15,000.00"
2019-05-22,2019052201011800,EIC,32,43,50,422.00,"21,100.00"
2019-05-22,2019052201011799,EIC,32,25,50,421.00,"21,050.00"
2019-05-22,2019052201011741,FMDBL,38,6,180,407.00,"73,260.00"
2019-05-22,2019052201011740,FMDBL,38,36,20,407.00,"8,140.00"
2019-05-22,2019052201011471,FMDBL,17,36,180,407.00,"73,260.00"
2019-05-22,2019052201011432,FMDBL,14,26,200,410.00,"82,000.00"
2019-05-22,2019052201011660,FOWAD,32,16,230,"1,505.00","346,150.00"
2019-05-22,2019052201011816,GBBL,28,56,640,230.00,"147,200.00"
2019-05-22,2019052201011817,GBIME,41,29,50,310.00,"15,500.00"
2019-05-22,2019052201011592,GBIME,33,45,97,309.00,"29,973.00"
2019-05-22,2019052201011458,GBLBS,6,14,140,369.00,"51,660.00"
2019-05-22,2019052201011659,GDBL,34,43,631,216.00,"136,296.00"
2019-05-22,2019052201011658,GDBL,58,43,369,216.00,"79,704.00"
2019-05-22,2019052201011619,GILB,22,47,10,"1,250.00","12,500.00"
2019-05-22,2019052201011618,GILB,42,47,39,"1,250.00","48,750.00"
2019-05-22,2019052201011617,GILB,38,47,100,"1,251.00","125,100.00"
2019-05-22,2019052201011616,GILB,38,47,50,"1,252.00","62,600.00"
2019-05-22,2019052201011615,GILB,35,47,20,"1,255.00","25,100.00"
2019-05-22,2019052201011580,GILB,38,47,100,"1,260.00","126,000.00"
2019-05-22,2019052201011442,GLICL,34,6,50,557.00,"27,850.00"
2019-05-22,2019052201011441,GLICL,49,6,50,557.00,"27,850.00"
2019-05-22,2019052201011909,GUFL,6,5,800,118.00,"94,400.00"
2019-05-22,2019052201011690,HBL,41,49,40,593.00,"23,720.00"
2019-05-22,2019052201011451,HBL,48,4,30,595.00,"17,850.00"
2019-05-22,2019052201011922,HDL,39,58,50,"1,780.00","89,000.00"
2019-05-22,2019052201011886,HDL,38,58,50,"1,781.00","89,050.00"
2019-05-22,2019052201011885,HDL,50,58,100,"1,785.00","178,500.00"
2019-05-22,2019052201011884,HDL,4,58,20,"1,786.00","35,720.00"
2019-05-22,2019052201011883,HDL,58,58,50,"1,786.00","89,300.00"
2019-05-22,2019052201011882,HDL,46,58,50,"1,790.00","89,500.00"
2019-05-22,2019052201011851,HDL,17,58,200,"1,793.00","358,600.00"
2019-05-22,2019052201011850,HDL,41,58,10,"1,793.00","17,930.00"
2019-05-22,2019052201011849,HDL,42,58,20,"1,800.00","36,000.00"
2019-05-22,2019052201011848,HDL,42,58,10,"1,800.00","18,000.00"
2019-05-22,2019052201011881,HDL,45,58,30,"1,790.00","53,700.00"
2019-05-22,2019052201011856,HDL,45,58,70,"1,790.00","125,300.00"
2019-05-22,2019052201011855,HDL,58,58,100,"1,790.00","179,000.00"
2019-05-22,2019052201011854,HDL,40,58,100,"1,791.00","179,100.00"
2019-05-22,2019052201011853,HDL,39,58,10,"1,792.00","17,920.00"
2019-05-22,2019052201011852,HDL,17,58,80,"1,792.00","143,360.00"
2019-05-22,2019052201011605,HGI,33,34,200,385.00,"77,000.00"
2019-05-22,2019052201011498,HGI,39,41,200,383.00,"76,600.00"
2019-05-22,2019052201011880,HIDCL,5,40,326,178.00,"58,028.00"
2019-05-22,2019052201011859,HIDCL,6,40,100,178.00,"17,800.00"
2019-05-22,2019052201011846,HIDCL,42,40,500,178.00,"89,000.00"
2019-05-22,2019052201011838,HIDCL,58,33,841,177.00,"148,857.00"
2019-05-22,2019052201011837,HIDCL,36,33,200,177.00,"35,400.00"
2019-05-22,2019052201011836,HIDCL,57,33,59,177.00,"10,443.00"
2019-05-22,2019052201011563,HIDCL,59,45,59,177.00,"10,443.00"
2019-05-22,2019052201011784,HIDCL,6,40,200,178.00,"35,600.00"
2019-05-22,2019052201011708,HIDCL,48,40,"1,000",178.00,"178,000.00"
2019-05-22,2019052201011604,HIDCL,50,40,874,178.00,"155,572.00"
2019-05-22,2019052201011603,HIDCL,50,47,100,178.00,"17,800.00"
2019-05-22,2019052201011602,HIDCL,50,35,26,178.00,"4,628.00"
2019-05-22,2019052201011564,HIDCL,57,45,941,177.00,"166,557.00"
2019-05-22,2019052201011920,HPPL,34,39,150,202.00,"30,300.00"
2019-05-22,2019052201011462,HPPL,48,26,700,206.00,"144,200.00"
2019-05-22,2019052201011845,JBBL,58,22,70,151.00,"10,570.00"
2019-05-22,2019052201011812,JBBL,58,44,"4,000",151.00,"604,000.00"
2019-05-22,2019052201011426,JBBL,21,6,10,152.00,"1,520.00"
2019-05-22,2019052201011821,JBNL,42,56,50,209.00,"10,450.00"
2019-05-22,2019052201011808,JBNL,10,44,32,207.00,"6,624.00"
2019-05-22,2019052201011500,JBNL,10,32,200,208.00,"41,600.00"
2019-05-22,2019052201011575,JFL,32,17,10,184.00,"1,840.00"
2019-05-22,2019052201011818,KBL,49,43,349,219.00,"76,431.00"
2019-05-22,2019052201011813,KBL,11,43,20,219.00,"4,380.00"
2019-05-22,2019052201011754,KBL,56,43,50,219.00,"10,950.00"
2019-05-22,2019052201011725,KBL,47,43,50,219.00,"10,950.00"
2019-05-22,2019052201011844,KNBL,40,34,10,142.00,"1,420.00"
2019-05-22,2019052201011574,KNBL,34,42,900,141.00,"126,900.00"
2019-05-22,2019052201011428,KNBL,34,59,100,141.00,"14,100.00"
2019-05-22,2019052201011427,KNBL,11,59,200,141.00,"28,200.00"
2019-05-22,2019052201011793,KPCL,33,22,10,102.00,"1,020.00"
2019-05-22,2019052201011792,KPCL,33,26,10,102.00,"1,020.00"
2019-05-22,2019052201011791,KPCL,33,26,10,102.00,"1,020.00"
2019-05-22,2019052201011790,KPCL,33,51,90,102.00,"9,180.00"
2019-05-22,2019052201011789,KPCL,33,3,10,101.00,"1,010.00"
2019-05-22,2019052201011788,KPCL,33,43,10,101.00,"1,010.00"
2019-05-22,2019052201011569,KPCL,57,40,10,100.00,"1,000.00"
2019-05-22,2019052201011568,KPCL,57,43,10,100.00,"1,000.00"
2019-05-22,2019052201011567,KPCL,57,43,10,100.00,"1,000.00"
2019-05-22,2019052201011566,KPCL,57,43,10,100.00,"1,000.00"
2019-05-22,2019052201011565,KPCL,57,29,10,100.00,"1,000.00"
2019-05-22,2019052201011787,KPCL,33,43,10,101.00,"1,010.00"
2019-05-22,2019052201011786,KPCL,33,43,10,101.00,"1,010.00"
2019-05-22,2019052201011785,KPCL,33,7,10,100.00,"1,000.00"
2019-05-22,2019052201011572,KPCL,57,40,10,100.00,"1,000.00"
2019-05-22,2019052201011571,KPCL,57,35,500,100.00,"50,000.00"
2019-05-22,2019052201011570,KPCL,57,40,10,100.00,"1,000.00"
2019-05-22,2019052201011809,KSBBL,58,22,101,160.00,"16,160.00"
2019-05-22,2019052201011701,KSBBL,22,34,13,161.00,"2,093.00"
2019-05-22,2019052201011700,KSBBL,22,32,88,161.00,"14,168.00"
2019-05-22,2019052201011672,LBBL,57,38,100,205.00,"20,500.00"
2019-05-22,2019052201011671,LBBL,32,38,250,205.00,"51,250.00"
2019-05-22,2019052201011670,LBBL,45,38,200,205.00,"41,000.00"
2019-05-22,2019052201011635,LBL,32,43,290,222.00,"64,380.00"
2019-05-22,2019052201011466,LBL,45,43,10,222.00,"2,220.00"
2019-05-22,2019052201011476,LLBS,38,52,200,760.00,"152,000.00"
2019-05-22,2019052201011893,MBL,43,17,794,272.00,"215,968.00"
2019-05-22,2019052201011892,MBL,38,17,75,272.00,"20,400.00"
2019-05-22,2019052201011583,MDB,17,26,500,258.00,"129,000.00"
2019-05-22,2019052201011482,MDB,28,26,169,259.00,"43,771.00"
2019-05-22,2019052201011858,MEGA,41,28,50,199.00,"9,950.00"
2019-05-22,2019052201011730,MEGA,17,46,700,198.00,"138,600.00"
2019-05-22,2019052201011729,MEGA,17,16,100,198.00,"19,800.00"
2019-05-22,2019052201011728,MEGA,17,42,"1,113",198.00,"220,374.00"
2019-05-22,2019052201011473,MEGA,48,32,"2,000",198.00,"396,000.00"
2019-05-22,2019052201011872,MERO,51,22,64,603.00,"38,592.00"
2019-05-22,2019052201011537,MFIL,29,42,"1,000",123.00,"123,000.00"
2019-05-22,2019052201011669,MHNL,29,17,30,104.00,"3,120.00"
2019-05-22,2019052201011637,MHNL,34,17,30,105.00,"3,150.00"
2019-05-22,2019052201011634,MHNL,34,19,30,105.00,"3,150.00"
2019-05-22,2019052201011610,MHNL,34,17,30,105.00,"3,150.00"
2019-05-22,2019052201011576,MHNL,34,17,30,105.00,"3,150.00"
2019-05-22,2019052201011529,MHNL,34,16,40,105.00,"4,200.00"
2019-05-22,2019052201011425,MHNL,59,16,40,105.00,"4,200.00"
2019-05-22,2019052201011518,MHNL,34,17,30,105.00,"3,150.00"
2019-05-22,2019052201011509,MHNL,34,38,210,105.00,"22,050.00"
2019-05-22,2019052201011508,MHNL,59,38,700,105.00,"73,500.00"
2019-05-22,2019052201011507,MHNL,59,38,330,105.00,"34,650.00"
2019-05-22,2019052201011503,MHNL,59,17,30,105.00,"3,150.00"
2019-05-22,2019052201011483,MHNL,59,17,30,105.00,"3,150.00"
2019-05-22,2019052201011439,MLBL,37,56,500,200.00,"100,000.00"
2019-05-22,2019052201011847,MNBBL,34,1,108,378.00,"40,824.00"
2019-05-22,2019052201011752,MNBBL,34,54,"1,000",378.00,"378,000.00"
2019-05-22,2019052201011732,MNBBL,34,16,50,378.00,"18,900.00"
2019-05-22,2019052201011718,MNBBL,6,1,"1,000",379.00,"379,000.00"
2019-05-22,2019052201011607,MNBBL,20,1,125,379.00,"47,375.00"
2019-05-22,2019052201011606,MNBBL,20,22,75,379.00,"28,425.00"
2019-05-22,2019052201011470,MNBBL,34,25,500,378.00,"189,000.00"
2019-05-22,2019052201011806,NABIL,48,32,30,841.00,"25,230.00"
2019-05-22,2019052201011474,NABILP,59,13,100,811.00,"81,100.00"
2019-05-22,2019052201011919,NBL,36,25,410,343.00,"140,630.00"
2019-05-22,2019052201011918,NBL,36,8,500,343.00,"171,500.00"
2019-05-22,2019052201011917,NBL,36,45,90,343.00,"30,870.00"
2019-05-22,2019052201011889,NBL,34,45,410,343.00,"140,630.00"
2019-05-22,2019052201011888,NBL,34,45,90,342.00,"30,780.00"
2019-05-22,2019052201011862,NBL,14,22,100,342.00,"34,200.00"
2019-05-22,2019052201011449,NBL,40,13,50,340.00,"17,000.00"
2019-05-22,2019052201011448,NBL,40,49,"1,000",340.00,"340,000.00"
2019-05-22,2019052201011447,NBL,40,22,493,340.00,"167,620.00"
2019-05-22,2019052201011433,NBL,47,22,"3,500",340.00,"1,190,000.00"
2019-05-22,2019052201011559,NBL,57,8,910,341.00,"310,310.00"
2019-05-22,2019052201011548,NBL,32,8,90,341.00,"30,690.00"
2019-05-22,2019052201011547,NBL,32,47,10,341.00,"3,410.00"
2019-05-22,2019052201011502,NBL,39,43,"1,000",340.00,"340,000.00"
2019-05-22,2019052201011461,NBL,44,41,543,340.00,"184,620.00"
2019-05-22,2019052201011450,NBL,40,41,457,340.00,"155,380.00"
2019-05-22,2019052201011638,NBL,10,28,100,341.00,"34,100.00"
2019-05-22,2019052201011621,NBL,52,28,500,341.00,"170,500.00"
2019-05-22,2019052201011588,NBL,39,48,500,340.00,"170,000.00"
2019-05-22,2019052201011562,NBL,57,28,740,341.00,"252,340.00"
2019-05-22,2019052201011561,NBL,57,13,300,341.00,"102,300.00"
2019-05-22,2019052201011560,NBL,57,48,50,341.00,"17,050.00"
2019-05-22,2019052201011704,NBL,52,16,60,341.00,"20,460.00"
2019-05-22,2019052201011674,NBL,38,16,440,341.00,"150,040.00"
2019-05-22,2019052201011673,NBL,38,6,560,341.00,"190,960.00"
2019-05-22,2019052201011642,NBL,57,6,440,341.00,"150,040.00"
2019-05-22,2019052201011641,NBL,57,25,500,341.00,"170,500.00"
2019-05-22,2019052201011640,NBL,57,28,60,341.00,"20,460.00"
2019-05-22,2019052201011735,NBL,40,44,80,341.00,"27,280.00"
2019-05-22,2019052201011734,NBL,40,41,300,341.00,"102,300.00"
2019-05-22,2019052201011733,NBL,40,25,620,341.00,"211,420.00"
2019-05-22,2019052201011727,NBL,29,11,50,340.00,"17,000.00"
2019-05-22,2019052201011706,NBL,52,25,330,341.00,"112,530.00"
2019-05-22,2019052201011705,NBL,52,25,110,341.00,"37,510.00"
2019-05-22,2019052201011803,NBL,40,19,"1,000",341.00,"341,000.00"
2019-05-22,2019052201011802,NBL,40,44,"1,420",341.00,"484,220.00"
2019-05-22,2019052201011795,NBL,36,44,"1,000",341.00,"341,000.00"
2019-05-22,2019052201011781,NBL,53,44,580,341.00,"197,780.00"
2019-05-22,2019052201011780,NBL,53,44,420,341.00,"143,220.00"
2019-05-22,2019052201011775,NBL,40,44,"1,500",341.00,"511,500.00"
2019-05-22,2019052201011831,NBL,48,59,100,342.00,"34,200.00"
2019-05-22,2019052201011830,NBL,48,38,"1,608",342.00,"549,936.00"
2019-05-22,2019052201011829,NBL,48,25,"1,000",342.00,"342,000.00"
2019-05-22,2019052201011807,NBL,40,56,"1,000",341.00,"341,000.00"
2019-05-22,2019052201011805,NBL,40,57,755,341.00,"257,455.00"
2019-05-22,2019052201011804,NBL,40,50,200,341.00,"68,200.00"
2019-05-22,2019052201011861,NBL,14,28,500,342.00,"171,000.00"
2019-05-22,2019052201011860,NBL,14,32,908,342.00,"310,536.00"
2019-05-22,2019052201011840,NBL,52,32,92,342.00,"31,464.00"
2019-05-22,2019052201011839,NBL,52,45,108,342.00,"36,936.00"
2019-05-22,2019052201011833,NBL,48,45,892,342.00,"305,064.00"
2019-05-22,2019052201011832,NBL,48,28,"1,400",342.00,"478,800.00"
2019-05-22,2019052201011874,NCCB,41,54,50,258.00,"12,900.00"
2019-05-22,2019052201011582,NCCB,28,49,346,257.00,"88,922.00"
2019-05-22,2019052201011581,NCCB,17,49,154,257.00,"39,578.00"
2019-05-22,2019052201011452,NCCB,17,49,100,257.00,"25,700.00"
2019-05-22,2019052201011499,NEF,57,51,724,8.50,"6,154.00"
2019-05-22,2019052201011703,NHDL,34,41,20,170.00,"3,400.00"
2019-05-22,2019052201011702,NHDL,34,16,10,167.00,"1,670.00"
2019-05-22,2019052201011877,NIBSF1,26,45,100,9.36,936.00
2019-05-22,2019052201011779,NICA,25,42,100,483.00,"48,300.00"
2019-05-22,2019052201011682,NICA,25,47,89,483.00,"42,987.00"
2019-05-22,2019052201011681,NICA,25,47,100,483.00,"48,300.00"
2019-05-22,2019052201011680,NICA,8,47,211,483.00,"101,913.00"
2019-05-22,2019052201011512,NICA,8,49,100,483.00,"48,300.00"
2019-05-22,2019052201011759,NLBBL,49,26,200,518.00,"103,600.00"
2019-05-22,2019052201011758,NLBBL,16,26,100,518.00,"51,800.00"
2019-05-22,2019052201011757,NLBBL,55,26,110,518.00,"56,980.00"
2019-05-22,2019052201011756,NLBBL,56,26,50,519.00,"25,950.00"
2019-05-22,2019052201011755,NLBBL,59,26,100,519.00,"51,900.00"
2019-05-22,2019052201011608,NLICL,39,22,"1,500",670.00,"1,005,000.00"
2019-05-22,2019052201011590,NMBSF1,54,43,"2,000",10.80,"21,600.00"
2019-05-22,2019052201011841,NNLB,51,58,200,404.00,"80,800.00"
2019-05-22,2019052201011663,NSEWA,11,16,10,453.00,"4,530.00"
2019-05-22,2019052201011668,NTC,43,44,"1,000",731.00,"731,000.00"
2019-05-22,2019052201011445,NTC,42,33,300,730.00,"219,000.00"
2019-05-22,2019052201011472,NUBL,22,17,60,860.00,"51,600.00"
2019-05-22,2019052201011467,NUBL,7,57,180,857.00,"154,260.00"
2019-05-22,2019052201011870,OHL,40,50,150,684.00,"102,600.00"
2019-05-22,2019052201011835,OHL,38,50,100,684.00,"68,400.00"
2019-05-22,2019052201011646,OHL,51,45,250,685.00,"171,250.00"
2019-05-22,2019052201011645,OHL,51,44,250,685.00,"171,250.00"
2019-05-22,2019052201011593,OHL,51,49,100,684.00,"68,400.00"
2019-05-22,2019052201011921,PCBL,7,26,109,366.00,"39,894.00"
2019-05-22,2019052201011899,PCBL,47,51,"1,000",367.00,"367,000.00"
2019-05-22,2019052201011869,PCBL,7,32,290,366.00,"106,140.00"
2019-05-22,2019052201011868,PCBL,56,32,10,367.00,"3,670.00"
2019-05-22,2019052201011867,PCBL,44,10,171,368.00,"62,928.00"
2019-05-22,2019052201011866,PCBL,44,46,329,368.00,"121,072.00"
2019-05-22,2019052201011468,PCBL,1,46,165,366.00,"60,390.00"
2019-05-22,2019052201011456,PCBL,11,7,158,367.00,"57,986.00"
2019-05-22,2019052201011435,PCBL,11,6,50,367.00,"18,350.00"
2019-05-22,2019052201011424,PCBL,11,32,100,367.00,"36,700.00"
2019-05-22,2019052201011423,PCBL,11,48,68,367.00,"24,956.00"
2019-05-22,2019052201011511,PCBL,48,32,14,368.00,"5,152.00"
2019-05-22,2019052201011510,PCBL,48,52,300,368.00,"110,400.00"
2019-05-22,2019052201011481,PCBL,47,6,90,367.00,"33,030.00"
2019-05-22,2019052201011480,PCBL,47,7,42,367.00,"15,414.00"
2019-05-22,2019052201011475,PCBL,21,6,10,367.00,"3,670.00"
2019-05-22,2019052201011469,PCBL,11,46,335,366.00,"122,610.00"
2019-05-22,2019052201011550,PCBL,47,32,504,367.00,"184,968.00"
2019-05-22,2019052201011549,PCBL,47,41,100,367.00,"36,700.00"
2019-05-22,2019052201011535,PCBL,26,32,38,368.00,"13,984.00"
2019-05-22,2019052201011534,PCBL,26,34,76,368.00,"27,968.00"
2019-05-22,2019052201011533,PCBL,26,32,86,368.00,"31,648.00"
2019-05-22,2019052201011517,PCBL,47,6,63,367.00,"23,121.00"
2019-05-22,2019052201011595,PCBL,55,26,"1,000",368.00,"368,000.00"
2019-05-22,2019052201011594,PCBL,55,54,707,368.00,"260,176.00"
2019-05-22,2019052201011579,PCBL,36,54,68,368.00,"25,024.00"
2019-05-22,2019052201011578,PCBL,36,32,632,368.00,"232,576.00"
2019-05-22,2019052201011552,PCBL,33,32,330,368.00,"121,440.00"
2019-05-22,2019052201011551,PCBL,33,59,500,368.00,"184,000.00"
2019-05-22,2019052201011629,PCBL,53,34,200,369.00,"73,800.00"
2019-05-22,2019052201011601,PCBL,55,16,447,368.00,"164,496.00"
2019-05-22,2019052201011599,PCBL,55,42,100,368.00,"36,800.00"
2019-05-22,2019052201011598,PCBL,55,35,50,368.00,"18,400.00"
2019-05-22,2019052201011597,PCBL,55,19,96,368.00,"35,328.00"
2019-05-22,2019052201011596,PCBL,55,44,63,368.00,"23,184.00"
2019-05-22,2019052201011662,PCBL,47,41,643,367.00,"235,981.00"
2019-05-22,2019052201011661,PCBL,55,41,357,368.00,"131,376.00"
2019-05-22,2019052201011633,PCBL,55,58,180,368.00,"66,240.00"
2019-05-22,2019052201011632,PCBL,53,58,320,369.00,"118,080.00"
2019-05-22,2019052201011631,PCBL,53,36,180,369.00,"66,420.00"
2019-05-22,2019052201011630,PCBL,53,38,300,369.00,"110,700.00"
2019-05-22,2019052201011764,PCBL,16,11,100,367.00,"36,700.00"
2019-05-22,2019052201011747,PCBL,56,46,500,368.00,"184,000.00"
2019-05-22,2019052201011716,PCBL,7,41,481,366.00,"176,046.00"
2019-05-22,2019052201011715,PCBL,11,41,665,366.00,"243,390.00"
2019-05-22,2019052201011714,PCBL,16,41,100,367.00,"36,700.00"
2019-05-22,2019052201011713,PCBL,47,41,58,367.00,"21,286.00"
2019-05-22,2019052201011857,PCBL,56,13,90,367.00,"33,030.00"
2019-05-22,2019052201011843,PCBL,21,13,20,367.00,"7,340.00"
2019-05-22,2019052201011815,PCBL,55,13,50,367.00,"18,350.00"
2019-05-22,2019052201011801,PCBL,34,13,190,367.00,"69,730.00"
2019-05-22,2019052201011782,PCBL,43,46,200,368.00,"73,600.00"
2019-05-22,2019052201011765,PCBL,34,11,310,367.00,"113,770.00"
2019-05-22,2019052201011695,PFL,35,33,18,142.00,"2,556.00"
2019-05-22,2019052201011694,PFL,35,41,332,142.00,"47,144.00"
2019-05-22,2019052201011693,PFL,35,44,26,141.00,"3,666.00"
2019-05-22,2019052201011692,PFL,35,6,11,141.00,"1,551.00"
2019-05-22,2019052201011691,PFL,35,1,13,141.00,"1,833.00"
2019-05-22,2019052201011745,PIC,53,4,122,"1,200.00","146,400.00"
2019-05-22,2019052201011738,PIC,11,11,1,"1,200.00","1,200.00"
2019-05-22,2019052201011737,PIC,11,20,77,"1,200.00","92,400.00"
2019-05-22,2019052201011736,PIC,56,20,123,"1,201.00","147,723.00"
2019-05-22,2019052201011712,PIC,53,4,50,"1,202.00","60,100.00"
2019-05-22,2019052201011711,PIC,26,4,128,"1,202.00","153,856.00"
2019-05-22,2019052201011687,PIC,26,4,372,"1,202.00","447,144.00"
2019-05-22,2019052201011686,PIC,29,4,10,"1,202.00","12,020.00"
2019-05-22,2019052201011685,PIC,29,4,10,"1,202.00","12,020.00"
2019-05-22,2019052201011684,PIC,29,4,10,"1,202.00","12,020.00"
2019-05-22,2019052201011683,PIC,32,4,100,"1,203.00","120,300.00"
2019-05-22,2019052201011620,PIC,32,51,100,"1,203.00","120,300.00"
2019-05-22,2019052201011696,PLIC,53,47,80,472.00,"37,760.00"
2019-05-22,2019052201011496,PMHPL,43,16,10,116.00,"1,160.00"
2019-05-22,2019052201011613,PROFL,21,55,21,108.00,"2,268.00"
2019-05-22,2019052201011908,PRVU,14,21,300,281.00,"84,300.00"
2019-05-22,2019052201011879,PRVU,14,22,200,281.00,"56,200.00"
2019-05-22,2019052201011798,PRVU,14,6,93,281.00,"26,133.00"
2019-05-22,2019052201011797,PRVU,7,6,961,281.00,"270,041.00"
2019-05-22,2019052201011524,PRVU,7,46,780,281.00,"219,180.00"
2019-05-22,2019052201011744,PRVU,7,42,100,281.00,"28,100.00"
2019-05-22,2019052201011767,RADHI,39,21,11,182.00,"2,002.00"
2019-05-22,2019052201011766,RADHI,39,54,11,181.00,"1,991.00"
2019-05-22,2019052201011726,RBCLPO,59,3,10,"10,120.00","101,200.00"
2019-05-22,2019052201011907,RHPC,50,47,16,101.00,"1,616.00"
2019-05-22,2019052201011751,RLFL,58,13,234,141.00,"32,994.00"
2019-05-22,2019052201011750,RLFL,45,13,100,141.00,"14,100.00"
2019-05-22,2019052201011749,RLFL,48,13,100,141.00,"14,100.00"
2019-05-22,2019052201011748,RLFL,39,13,66,142.00,"9,372.00"
2019-05-22,2019052201011515,RLFL,39,52,34,142.00,"4,828.00"
2019-05-22,2019052201011514,RLFL,6,52,416,142.00,"59,072.00"
2019-05-22,2019052201011698,RMDC,45,43,185,667.00,"123,395.00"
2019-05-22,2019052201011501,RMDC,51,49,100,666.00,"66,600.00"
2019-05-22,2019052201011516,RRHP,45,58,10,103.00,"1,030.00"
2019-05-22,2019052201011820,SBI,57,56,300,477.00,"143,100.00"
2019-05-22,2019052201011819,SBI,58,56,50,477.00,"23,850.00"
2019-05-22,2019052201011446,SBI,10,44,200,479.00,"95,800.00"
2019-05-22,2019052201011485,SBL,28,40,223,337.00,"75,151.00"
2019-05-22,2019052201011484,SBL,32,40,277,337.00,"93,349.00"
2019-05-22,2019052201011573,SEF,42,55,100,9.81,981.00
2019-05-22,2019052201011536,SEF,1,55,"3,000",9.85,"29,550.00"
2019-05-22,2019052201011902,SHIVM,38,28,500,552.00,"276,000.00"
2019-05-22,2019052201011901,SHIVM,10,28,240,552.00,"132,480.00"
2019-05-22,2019052201011900,SHIVM,10,58,200,552.00,"110,400.00"
2019-05-22,2019052201011898,SHIVM,8,19,50,553.00,"27,650.00"
2019-05-22,2019052201011876,SHIVM,10,51,50,552.00,"27,600.00"
2019-05-22,2019052201011873,SHIVM,10,7,50,552.00,"27,600.00"
2019-05-22,2019052201011457,SHIVM,45,16,50,556.00,"27,800.00"
2019-05-22,2019052201011438,SHIVM,19,28,100,557.00,"55,700.00"
2019-05-22,2019052201011437,SHIVM,21,28,200,557.00,"111,400.00"
2019-05-22,2019052201011436,SHIVM,41,28,500,557.00,"278,500.00"
2019-05-22,2019052201011554,SHIVM,16,28,100,556.00,"55,600.00"
2019-05-22,2019052201011528,SHIVM,7,34,100,556.00,"55,600.00"
2019-05-22,2019052201011527,SHIVM,45,34,100,556.00,"55,600.00"
2019-05-22,2019052201011513,SHIVM,45,13,50,556.00,"27,800.00"
2019-05-22,2019052201011488,SHIVM,45,28,800,556.00,"444,800.00"
2019-05-22,2019052201011587,SHIVM,43,49,65,555.00,"36,075.00"
2019-05-22,2019052201011586,SHIVM,45,49,50,555.00,"27,750.00"
2019-05-22,2019052201011585,SHIVM,14,49,500,555.00,"277,500.00"
2019-05-22,2019052201011584,SHIVM,44,49,85,555.00,"47,175.00"
2019-05-22,2019052201011556,SHIVM,46,28,200,556.00,"111,200.00"
2019-05-22,2019052201011555,SHIVM,6,28,100,556.00,"55,600.00"
2019-05-22,2019052201011627,SHIVM,33,28,130,555.00,"72,150.00"
2019-05-22,2019052201011626,SHIVM,34,28,25,555.00,"13,875.00"
2019-05-22,2019052201011625,SHIVM,17,28,500,555.00,"277,500.00"
2019-05-22,2019052201011624,SHIVM,56,28,50,555.00,"27,750.00"
2019-05-22,2019052201011623,SHIVM,43,28,35,555.00,"19,425.00"
2019-05-22,2019052201011612,SHIVM,43,38,400,555.00,"222,000.00"
2019-05-22,2019052201011724,SHIVM,22,26,50,553.00,"27,650.00"
2019-05-22,2019052201011722,SHIVM,22,28,60,553.00,"33,180.00"
2019-05-22,2019052201011721,SHIVM,40,28,40,553.00,"22,120.00"
2019-05-22,2019052201011697,SHIVM,39,45,20,554.00,"11,080.00"
2019-05-22,2019052201011644,SHIVM,48,26,50,555.00,"27,750.00"
2019-05-22,2019052201011628,SHIVM,48,28,60,555.00,"33,300.00"
2019-05-22,2019052201011768,SHIVM,10,26,50,552.00,"27,600.00"
2019-05-22,2019052201011763,SHIVM,10,45,410,552.00,"226,320.00"
2019-05-22,2019052201011762,SHIVM,28,45,200,552.00,"110,400.00"
2019-05-22,2019052201011761,SHIVM,22,45,50,552.00,"27,600.00"
2019-05-22,2019052201011760,SHIVM,22,45,40,553.00,"22,120.00"
2019-05-22,2019052201011746,SHIVM,22,26,50,553.00,"27,650.00"
2019-05-22,2019052201011743,SHL,53,57,129,239.00,"30,831.00"
2019-05-22,2019052201011742,SHL,53,26,160,239.00,"38,240.00"
2019-05-22,2019052201011794,SHPC,25,56,200,299.00,"59,800.00"
2019-05-22,2019052201011707,SHPC,33,32,"1,000",299.00,"299,000.00"
2019-05-22,2019052201011667,SHPC,28,45,11,296.00,"3,256.00"
2019-05-22,2019052201011666,SHPC,36,45,100,297.00,"29,700.00"
2019-05-22,2019052201011431,SHPC,7,6,111,297.00,"32,967.00"
2019-05-22,2019052201011430,SHPC,6,6,100,297.00,"29,700.00"
2019-05-22,2019052201011429,SHPC,7,6,489,297.00,"145,233.00"
2019-05-22,2019052201011665,SHPC,7,45,889,297.00,"264,033.00"
2019-05-22,2019052201011577,SHPC,33,45,"1,000",300.00,"300,000.00"
2019-05-22,2019052201011459,SHPC,39,32,"1,000",299.00,"299,000.00"
2019-05-22,2019052201011647,SIC,58,34,200,"1,400.00","280,000.00"
2019-05-22,2019052201011589,SIC,45,34,100,"1,400.00","140,000.00"
2019-05-22,2019052201011557,SIC,55,28,66,"1,399.00","92,334.00"
2019-05-22,2019052201011916,SKBBL,29,10,481,992.00,"477,152.00"
2019-05-22,2019052201011915,SKBBL,13,10,50,992.00,"49,600.00"
2019-05-22,2019052201011914,SKBBL,50,10,100,995.00,"99,500.00"
2019-05-22,2019052201011913,SKBBL,50,10,100,995.00,"99,500.00"
2019-05-22,2019052201011912,SKBBL,40,10,100,996.00,"99,600.00"
2019-05-22,2019052201011911,SKBBL,46,10,59,996.00,"58,764.00"
2019-05-22,2019052201011910,SKBBL,40,10,10,997.00,"9,970.00"
2019-05-22,2019052201011688,SLBSL,17,6,10,570.00,"5,700.00"
2019-05-22,2019052201011493,SLBSL,44,37,10,561.00,"5,610.00"
2019-05-22,2019052201011460,SLBSL,44,37,10,561.00,"5,610.00"
2019-05-22,2019052201011434,SLBSL,18,37,10,560.00,"5,600.00"
2019-05-22,2019052201011689,SLICL,41,51,200,585.00,"117,000.00"
2019-05-22,2019052201011487,SLICL,16,16,287,586.00,"168,182.00"
2019-05-22,2019052201011455,SLICL,34,16,150,586.00,"87,900.00"
2019-05-22,2019052201011454,SLICL,32,16,500,587.00,"293,500.00"
2019-05-22,2019052201011453,SLICL,21,16,10,588.00,"5,880.00"
2019-05-22,2019052201011903,SRBL,17,16,100,260.00,"26,000.00"
2019-05-22,2019052201011443,SRBL,17,45,211,260.00,"54,860.00"
2019-05-22,2019052201011834,UMHL,16,47,19,129.00,"2,451.00"
2019-05-22,2019052201011526,UMHL,16,41,14,129.00,"1,806.00"
2019-05-22,2019052201011490,UMHL,16,59,368,129.00,"47,472.00"
2019-05-22,2019052201011489,UMHL,22,59,132,129.00,"17,028.00"
2019-05-22,2019052201011709,UPCL,58,22,10,100.00,"1,000.00"
2019-05-22,2019052201011609,UPCL,45,41,100,99.00,"9,900.00"
2019-05-22,2019052201011591,UPCL,37,29,50,98.00,"4,900.00"
2019-05-22,2019052201011486,UPCL,37,49,50,98.00,"4,900.00"
2019-05-22,2019052201011553,VLBS,11,52,24,555.00,"13,320.00"
2019-05-22,2019052201011357,ADBL,58,45,252,423.00,"106,596.00"
2019-05-22,2019052201011189,ADBL,52,42,400,424.00,"169,600.00"
2019-05-22,2019052201011146,ADBL,52,56,100,424.00,"42,400.00"
2019-05-22,2019052201010995,ADBL,4,42,348,424.00,"147,552.00"
2019-05-22,2019052201010979,ADBL,58,26,63,425.00,"26,775.00"
2019-05-22,2019052201010978,ADBL,58,25,"1,000",425.00,"425,000.00"
2019-05-22,2019052201010955,ADBL,4,51,152,423.00,"64,296.00"
2019-05-22,2019052201010948,ADBL,25,42,193,422.00,"81,446.00"
2019-05-22,2019052201010947,ADBL,58,42,350,422.00,"147,700.00"
2019-05-22,2019052201010924,ADBL,58,42,82,422.00,"34,604.00"
2019-05-22,2019052201010977,ADBL,58,45,25,425.00,"10,625.00"
2019-05-22,2019052201010976,ADBL,58,49,100,425.00,"42,500.00"
2019-05-22,2019052201010975,ADBL,58,5,300,425.00,"127,500.00"
2019-05-22,2019052201010974,ADBL,58,42,"1,000",425.00,"425,000.00"
2019-05-22,2019052201010957,ADBL,4,28,200,424.00,"84,800.00"
2019-05-22,2019052201010956,ADBL,4,3,300,424.00,"127,200.00"
2019-05-22,2019052201011064,AKJCL,29,19,10,82.00,820.00
2019-05-22,2019052201010938,AKPL,58,34,140,217.00,"30,380.00"
2019-05-22,2019052201011036,API,58,47,99,172.00,"17,028.00"
2019-05-22,2019052201011351,BOKL,59,43,200,275.00,"55,000.00"
2019-05-22,2019052201011350,BOKL,57,43,300,275.00,"82,500.00"
2019-05-22,2019052201011349,BOKL,33,43,500,275.00,"137,500.00"
2019-05-22,2019052201011156,BOKL,33,43,500,275.00,"137,500.00"
2019-05-22,2019052201011086,BOKL,8,43,500,275.00,"137,500.00"
2019-05-22,2019052201011085,BOKL,38,43,130,275.00,"35,750.00"
2019-05-22,2019052201011405,BPCL,1,58,700,443.00,"310,100.00"
2019-05-22,2019052201011404,BPCL,34,58,300,443.00,"132,900.00"
2019-05-22,2019052201011372,BPCL,42,46,140,444.00,"62,160.00"
2019-05-22,2019052201011371,BPCL,38,46,431,444.00,"191,364.00"
2019-05-22,2019052201011326,BPCL,38,16,69,444.00,"30,636.00"
2019-05-22,2019052201011173,BPCL,48,6,150,444.00,"66,600.00"
2019-05-22,2019052201011065,BPCL,7,43,22,447.00,"9,834.00"
2019-05-22,2019052201010941,BPCL,46,46,150,447.00,"67,050.00"
2019-05-22,2019052201011115,BPCL,29,58,300,445.00,"133,500.00"
2019-05-22,2019052201011114,BPCL,32,58,200,445.00,"89,000.00"
2019-05-22,2019052201011113,BPCL,37,58,189,446.00,"84,294.00"
2019-05-22,2019052201011066,BPCL,7,43,22,447.00,"9,834.00"
2019-05-22,2019052201011172,BPCL,46,6,186,444.00,"82,584.00"
2019-05-22,2019052201011166,BPCL,46,58,814,444.00,"361,416.00"
2019-05-22,2019052201011165,BPCL,43,58,500,444.00,"222,000.00"
2019-05-22,2019052201011164,BPCL,21,58,200,444.00,"88,800.00"
2019-05-22,2019052201011163,BPCL,38,58,486,444.00,"215,784.00"
2019-05-22,2019052201011116,BPCL,42,58,311,445.00,"138,395.00"
2019-05-22,2019052201011387,CBBL,49,52,195,952.00,"185,640.00"
2019-05-22,2019052201011319,CBL,33,43,302,147.00,"44,394.00"
2019-05-22,2019052201011154,CBL,32,43,300,147.00,"44,100.00"
2019-05-22,2019052201011153,CBL,53,43,500,147.00,"73,500.00"
2019-05-22,2019052201011152,CBL,19,43,150,147.00,"22,050.00"
2019-05-22,2019052201011151,CBL,49,43,400,147.00,"58,800.00"
2019-05-22,2019052201011150,CBL,39,43,100,147.00,"14,700.00"
2019-05-22,2019052201011149,CBL,5,43,248,147.00,"36,456.00"
2019-05-22,2019052201010983,CBL,5,35,600,147.00,"88,200.00"
2019-05-22,2019052201010928,CBL,5,34,87,147.00,"12,789.00"
2019-05-22,2019052201010927,CBL,5,11,65,147.00,"9,555.00"
2019-05-22,2019052201010926,CBL,6,11,135,147.00,"19,845.00"
2019-05-22,2019052201011231,CCBL,42,43,348,169.00,"58,812.00"
2019-05-22,2019052201011230,CCBL,42,48,252,169.00,"42,588.00"
2019-05-22,2019052201011161,CCBL,1,48,200,169.00,"33,800.00"
2019-05-22,2019052201011160,CCBL,32,48,473,169.00,"79,937.00"
2019-05-22,2019052201011018,CEFL,59,37,100,105.00,"10,500.00"
2019-05-22,2019052201011017,CEFL,59,45,470,105.00,"49,350.00"
2019-05-22,2019052201010971,CEFL,58,45,100,105.00,"10,500.00"
2019-05-22,2019052201011102,CFCL,14,52,182,117.00,"21,294.00"
2019-05-22,2019052201011336,CHCL,58,55,100,555.00,"55,500.00"
2019-05-22,2019052201011333,CHCL,48,10,100,552.00,"55,200.00"
2019-05-22,2019052201011303,CHCL,48,55,200,555.00,"111,000.00"
2019-05-22,2019052201011258,CHCL,21,6,200,552.00,"110,400.00"
2019-05-22,2019052201011257,CHCL,5,6,70,552.00,"38,640.00"
2019-05-22,2019052201011006,CHCL,50,56,"1,000",553.00,"553,000.00"
2019-05-22,2019052201011037,CIT,34,52,200,"2,593.00","518,600.00"
2019-05-22,2019052201011384,CZBIL,17,28,"1,000",231.00,"231,000.00"
2019-05-22,2019052201011368,CZBIL,17,28,214,231.00,"49,434.00"
2019-05-22,2019052201011367,CZBIL,16,28,386,231.00,"89,166.00"
2019-05-22,2019052201011170,CZBIL,16,43,614,231.00,"141,834.00"
2019-05-22,2019052201011169,CZBIL,22,43,900,231.00,"207,900.00"
2019-05-22,2019052201011144,CZBIL,16,43,486,232.00,"112,752.00"
2019-05-22,2019052201011295,DBBL,13,48,100,150.00,"15,000.00"
2019-05-22,2019052201011038,DBBL,21,48,"1,000",151.00,"151,000.00"
2019-05-22,2019052201010939,DHPL,19,43,10,74.00,740.00
2019-05-22,2019052201011330,EBL,34,6,260,671.00,"174,460.00"
2019-05-22,2019052201011324,EBL,34,49,45,671.00,"30,195.00"
2019-05-22,2019052201011276,EBL,34,37,205,671.00,"137,555.00"
2019-05-22,2019052201010965,EBL,34,25,"1,000",671.00,"671,000.00"
2019-05-22,2019052201010931,EBL,44,48,491,673.00,"330,443.00"
2019-05-22,2019052201010930,EBL,44,13,100,673.00,"67,300.00"
2019-05-22,2019052201010929,EBL,44,59,209,672.00,"140,448.00"
2019-05-22,2019052201011366,FOWAD,42,16,50,"1,505.00","75,250.00"
2019-05-22,2019052201011365,FOWAD,34,16,50,"1,506.00","75,300.00"
2019-05-22,2019052201011364,FOWAD,57,16,100,"1,506.00","150,600.00"
2019-05-22,2019052201011363,FOWAD,56,16,50,"1,507.00","75,350.00"
2019-05-22,2019052201011362,FOWAD,47,16,15,"1,508.00","22,620.00"
2019-05-22,2019052201011361,FOWAD,10,16,20,"1,511.00","30,220.00"
2019-05-22,2019052201011296,FOWAD,10,25,10,"1,511.00","15,110.00"
2019-05-22,2019052201011185,GBBL,21,25,500,229.00,"114,500.00"
2019-05-22,2019052201011184,GBBL,21,59,100,228.00,"22,800.00"
2019-05-22,2019052201011091,GBBL,32,41,110,227.00,"24,970.00"
2019-05-22,2019052201011090,GBBL,1,41,14,227.00,"3,178.00"
2019-05-22,2019052201011089,GBBL,26,41,200,227.00,"45,400.00"
2019-05-22,2019052201011088,GBBL,55,41,176,227.00,"39,952.00"
2019-05-22,2019052201010953,GBBL,55,47,10,227.00,"2,270.00"
2019-05-22,2019052201011417,GBIME,45,47,67,308.00,"20,636.00"
2019-05-22,2019052201011416,GBIME,43,47,50,308.00,"15,400.00"
2019-05-22,2019052201011415,GBIME,43,47,80,308.00,"24,640.00"
2019-05-22,2019052201011414,GBIME,43,47,50,308.00,"15,400.00"
2019-05-22,2019052201011413,GBIME,43,47,40,308.00,"12,320.00"
2019-05-22,2019052201011412,GBIME,21,47,100,308.00,"30,800.00"
2019-05-22,2019052201011078,GBIME,55,39,695,310.00,"215,450.00"
2019-05-22,2019052201011077,GBIME,55,25,50,310.00,"15,500.00"
2019-05-22,2019052201011073,GBIME,33,45,"1,000",309.00,"309,000.00"
2019-05-22,2019052201011182,GBIME,14,43,596,309.00,"184,164.00"
2019-05-22,2019052201011181,GBIME,33,43,404,309.00,"124,836.00"
2019-05-22,2019052201011082,GBIME,55,29,497,310.00,"154,070.00"
2019-05-22,2019052201011081,GBIME,55,56,98,310.00,"30,380.00"
2019-05-22,2019052201011080,GBIME,55,59,500,310.00,"155,000.00"
2019-05-22,2019052201011079,GBIME,55,34,160,310.00,"49,600.00"
2019-05-22,2019052201011411,GBIME,21,47,50,308.00,"15,400.00"
2019-05-22,2019052201011410,GBIME,43,47,50,308.00,"15,400.00"
2019-05-22,2019052201011409,GBIME,43,47,50,308.00,"15,400.00"
2019-05-22,2019052201011408,GBIME,39,47,20,308.00,"6,160.00"
2019-05-22,2019052201011407,GBIME,43,47,463,308.00,"142,604.00"
2019-05-22,2019052201011248,GBIME,14,52,404,309.00,"124,836.00"
2019-05-22,2019052201011358,GBLBS,6,28,210,367.00,"77,070.00"
2019-05-22,2019052201011348,GBLBS,25,28,550,367.00,"201,850.00"
2019-05-22,2019052201011347,GBLBS,16,28,140,367.00,"51,380.00"
2019-05-22,2019052201011346,GBLBS,59,28,100,368.00,"36,800.00"
2019-05-22,2019052201011222,GBLBS,41,14,860,369.00,"317,340.00"
2019-05-22,2019052201011221,GBLBS,41,22,140,368.00,"51,520.00"
2019-05-22,2019052201011192,GBLBS,13,22,60,368.00,"22,080.00"
2019-05-22,2019052201011178,GBLBS,13,51,140,368.00,"51,520.00"
2019-05-22,2019052201010923,GDBL,58,14,131,216.00,"28,296.00"
2019-05-22,2019052201010961,GRDBL,57,38,300,114.00,"34,200.00"
2019-05-22,2019052201011342,GUFL,6,11,10,120.00,"1,200.00"
2019-05-22,2019052201011070,GUFL,1,47,10,119.00,"1,190.00"
2019-05-22,2019052201011069,GUFL,1,22,500,119.00,"59,500.00"
2019-05-22,2019052201011068,GUFL,1,5,170,119.00,"20,230.00"
2019-05-22,2019052201011067,GUFL,1,42,100,118.00,"11,800.00"
2019-05-22,2019052201011245,HBL,22,4,200,595.00,"119,000.00"
2019-05-22,2019052201010984,HBL,41,4,10,595.00,"5,950.00"
2019-05-22,2019052201010980,HGI,21,35,86,382.00,"32,852.00"
2019-05-22,2019052201010940,HGI,58,35,50,382.00,"19,100.00"
2019-05-22,2019052201011369,HIDCL,42,35,500,178.00,"89,000.00"
2019-05-22,2019052201011332,HIDCL,59,1,200,177.00,"35,400.00"
2019-05-22,2019052201011325,HIDCL,59,47,10,177.00,"1,770.00"
2019-05-22,2019052201011307,HIDCL,59,35,200,177.00,"35,400.00"
2019-05-22,2019052201011304,HIDCL,59,53,31,177.00,"5,487.00"
2019-05-22,2019052201011247,HIDCL,58,35,500,178.00,"89,000.00"
2019-05-22,2019052201010943,HIDCL,48,40,"1,000",178.00,"178,000.00"
2019-05-22,2019052201011167,HIDCL,42,35,400,178.00,"71,200.00"
2019-05-22,2019052201011072,HIDCL,14,35,500,178.00,"89,000.00"
2019-05-22,2019052201011071,HIDCL,6,35,74,178.00,"13,172.00"
2019-05-22,2019052201010963,HIDCL,6,29,55,178.00,"9,790.00"
2019-05-22,2019052201010962,HIDCL,6,40,371,178.00,"66,038.00"
2019-05-22,2019052201010960,HIDCL,14,40,"1,000",178.00,"178,000.00"
2019-05-22,2019052201011035,HPPL,19,26,480,203.00,"97,440.00"
2019-05-22,2019052201010991,HPPL,48,22,10,206.00,"2,060.00"
2019-05-22,2019052201010990,HPPL,48,22,10,206.00,"2,060.00"
2019-05-22,2019052201010989,HPPL,48,50,10,206.00,"2,060.00"
2019-05-22,2019052201010988,HPPL,48,22,10,206.00,"2,060.00"
2019-05-22,2019052201010987,HPPL,48,39,20,206.00,"4,120.00"
2019-05-22,2019052201010986,HPPL,48,37,461,206.00,"94,966.00"
2019-05-22,2019052201010985,HPPL,48,13,100,205.00,"20,500.00"
2019-05-22,2019052201011123,JBBL,52,6,500,152.00,"76,000.00"
2019-05-22,2019052201011162,JBNL,42,28,52,208.00,"10,816.00"
2019-05-22,2019052201011122,JBNL,45,28,20,208.00,"4,160.00"
2019-05-22,2019052201011121,JBNL,45,32,980,208.00,"203,840.00"
2019-05-22,2019052201011097,JBNL,53,32,20,208.00,"4,160.00"
2019-05-22,2019052201011266,KBL,46,29,10,220.00,"2,200.00"
2019-05-22,2019052201011229,KBL,25,43,200,219.00,"43,800.00"
2019-05-22,2019052201011228,KBL,49,43,500,219.00,"109,500.00"
2019-05-22,2019052201011227,KBL,40,43,200,219.00,"43,800.00"
2019-05-22,2019052201011226,KBL,6,43,13,219.00,"2,847.00"
2019-05-22,2019052201011001,KBL,42,25,213,220.00,"46,860.00"
2019-05-22,2019052201011000,KBL,42,33,500,220.00,"110,000.00"
2019-05-22,2019052201010999,KBL,42,51,450,220.00,"99,000.00"
2019-05-22,2019052201011179,KNBL,47,34,10,142.00,"1,420.00"
2019-05-22,2019052201011261,KSBBL,58,58,"1,064",160.00,"170,240.00"
2019-05-22,2019052201011260,KSBBL,58,58,89,160.00,"14,240.00"
2019-05-22,2019052201011104,KSBBL,1,32,321,161.00,"51,681.00"
2019-05-22,2019052201010944,KSBBL,49,32,500,161.00,"80,500.00"
2019-05-22,2019052201011352,LBL,39,43,100,222.00,"22,200.00"
2019-05-22,2019052201011297,LBL,49,45,16,221.00,"3,536.00"
2019-05-22,2019052201011225,LBL,32,43,500,222.00,"111,000.00"
2019-05-22,2019052201011224,LBL,45,43,100,222.00,"22,200.00"
2019-05-22,2019052201011118,LICN,28,28,50,"1,936.00","96,800.00"
2019-05-22,2019052201011403,MBL,38,50,25,272.00,"6,800.00"
2019-05-22,2019052201011402,MBL,14,50,475,272.00,"129,200.00"
2019-05-22,2019052201011376,MBL,14,22,525,272.00,"142,800.00"
2019-05-22,2019052201011375,MBL,14,22,976,272.00,"265,472.00"
2019-05-22,2019052201011300,MBL,57,32,500,273.00,"136,500.00"
2019-05-22,2019052201011381,MEGA,17,13,254,198.00,"50,292.00"
2019-05-22,2019052201011380,MEGA,17,38,"1,000",198.00,"198,000.00"
2019-05-22,2019052201011379,MEGA,17,32,"1,000",198.00,"198,000.00"
2019-05-22,2019052201011147,MEGA,48,16,"1,000",197.00,"197,000.00"
2019-05-22,2019052201010946,MERO,6,50,20,604.00,"12,080.00"
2019-05-22,2019052201011057,MFIL,6,42,"1,000",123.00,"123,000.00"
2019-05-22,2019052201011056,MFIL,6,41,63,123.00,"7,749.00"
2019-05-22,2019052201011055,MFIL,6,42,500,123.00,"61,500.00"
2019-05-22,2019052201011040,MFIL,6,42,500,122.00,"61,000.00"
2019-05-22,2019052201011299,MHNL,59,42,30,105.00,"3,150.00"
2019-05-22,2019052201011177,MHNL,59,17,10,105.00,"1,050.00"
2019-05-22,2019052201011176,MHNL,39,17,20,106.00,"2,120.00"
2019-05-22,2019052201011145,MHNL,39,17,30,106.00,"3,180.00"
2019-05-22,2019052201011112,MHNL,53,17,30,106.00,"3,180.00"
2019-05-22,2019052201011076,MHNL,53,17,30,106.00,"3,180.00"
2019-05-22,2019052201011039,MHNL,53,17,30,106.00,"3,180.00"
2019-05-22,2019052201011012,MHNL,53,17,30,106.00,"3,180.00"
2019-05-22,2019052201011011,MHNL,6,17,10,107.00,"1,070.00"
2019-05-22,2019052201010949,MHNL,53,16,30,106.00,"3,180.00"
2019-05-22,2019052201010945,MHNL,53,17,40,106.00,"4,240.00"
2019-05-22,2019052201011399,MNBBL,1,1,30,379.00,"11,370.00"
2019-05-22,2019052201011398,MNBBL,1,54,50,379.00,"18,950.00"
2019-05-22,2019052201010994,MNBBL,34,47,200,378.00,"75,600.00"
2019-05-22,2019052201011395,MSLB,39,16,100,"1,100.00","110,000.00"
2019-05-22,2019052201011394,MSLB,39,16,20,"1,101.00","22,020.00"
2019-05-22,2019052201011393,MSLB,11,16,15,"1,110.00","16,650.00"
2019-05-22,2019052201011392,MSLB,39,16,50,"1,115.00","55,750.00"
2019-05-22,2019052201011391,MSLB,11,16,15,"1,116.00","16,740.00"
2019-05-22,2019052201011390,MSLB,17,16,20,"1,117.00","22,340.00"
2019-05-22,2019052201011294,MSMBS,57,29,50,490.00,"24,500.00"
2019-05-22,2019052201010936,NABIL,49,42,43,837.00,"35,991.00"
2019-05-22,2019052201010935,NABIL,59,42,57,837.00,"47,709.00"
2019-05-22,2019052201011010,NABILP,11,28,200,812.00,"162,400.00"
2019-05-22,2019052201010954,NABILP,10,14,200,811.00,"162,200.00"
2019-05-22,2019052201011265,NADEP,11,7,10,464.00,"4,640.00"
2019-05-22,2019052201011255,NBB,57,43,500,224.00,"112,000.00"
2019-05-22,2019052201011143,NBB,51,20,146,224.00,"32,704.00"
2019-05-22,2019052201011142,NBB,34,20,"2,000",224.00,"448,000.00"
2019-05-22,2019052201010937,NBB,11,49,200,226.00,"45,200.00"
2019-05-22,2019052201011047,NBB,42,42,630,226.00,"142,380.00"
2019-05-22,2019052201011046,NBB,29,42,"5,000",226.00,"1,130,000.00"
2019-05-22,2019052201011045,NBB,58,42,500,226.00,"113,000.00"
2019-05-22,2019052201011044,NBB,34,42,100,226.00,"22,600.00"
2019-05-22,2019052201011043,NBB,6,42,220,226.00,"49,720.00"
2019-05-22,2019052201011042,NBB,11,42,550,226.00,"124,300.00"
2019-05-22,2019052201011129,NBB,6,20,200,225.00,"45,000.00"
2019-05-22,2019052201011128,NBB,47,20,10,225.00,"2,250.00"
2019-05-22,2019052201011127,NBB,58,20,"1,500",225.00,"337,500.00"
2019-05-22,2019052201011126,NBB,48,20,40,225.00,"9,000.00"
2019-05-22,2019052201011125,NBB,25,20,500,226.00,"113,000.00"
2019-05-22,2019052201011124,NBB,42,20,370,226.00,"83,620.00"
2019-05-22,2019052201011135,NBB,34,20,100,224.00,"22,400.00"
2019-05-22,2019052201011134,NBB,46,20,300,225.00,"67,500.00"
2019-05-22,2019052201011133,NBB,21,20,800,225.00,"180,000.00"
2019-05-22,2019052201011132,NBB,56,20,30,225.00,"6,750.00"
2019-05-22,2019052201011131,NBB,51,20,200,225.00,"45,000.00"
2019-05-22,2019052201011130,NBB,22,20,500,225.00,"112,500.00"
2019-05-22,2019052201011141,NBB,34,20,500,224.00,"112,000.00"
2019-05-22,2019052201011140,NBB,4,20,500,224.00,"112,000.00"
2019-05-22,2019052201011139,NBB,57,20,75,224.00,"16,800.00"
2019-05-22,2019052201011138,NBB,43,20,29,224.00,"6,496.00"
2019-05-22,2019052201011137,NBB,8,20,100,224.00,"22,400.00"
2019-05-22,2019052201011136,NBB,10,20,100,224.00,"22,400.00"
2019-05-22,2019052201011401,NBL,7,22,100,340.00,"34,000.00"
2019-05-22,2019052201011274,NBL,10,22,250,340.00,"85,000.00"
2019-05-22,2019052201011267,NBL,28,22,500,340.00,"170,000.00"
2019-05-22,2019052201011259,NBL,44,22,157,340.00,"53,380.00"
2019-05-22,2019052201011244,NBL,28,37,"1,000",341.00,"341,000.00"
2019-05-22,2019052201011219,NBL,44,59,100,340.00,"34,000.00"
2019-05-22,2019052201011021,NBL,36,50,393,340.00,"133,620.00"
2019-05-22,2019052201011052,NBL,14,35,"2,000",339.00,"678,000.00"
2019-05-22,2019052201011051,NBL,14,35,200,339.00,"67,800.00"
2019-05-22,2019052201011050,NBL,14,35,"2,000",339.00,"678,000.00"
2019-05-22,2019052201011049,NBL,49,35,"2,000",339.00,"678,000.00"
2019-05-22,2019052201011048,NBL,36,35,"1,950",339.00,"661,050.00"
2019-05-22,2019052201011022,NBL,36,6,607,340.00,"206,380.00"
2019-05-22,2019052201011183,NBL,44,25,300,339.00,"101,700.00"
2019-05-22,2019052201011105,NBL,44,21,"2,000",339.00,"678,000.00"
2019-05-22,2019052201011096,NBL,44,16,700,339.00,"237,300.00"
2019-05-22,2019052201011062,NBL,44,58,"5,000",339.00,"1,695,000.00"
2019-05-22,2019052201011060,NBL,58,6,200,340.00,"68,000.00"
2019-05-22,2019052201011053,NBL,44,35,"1,850",339.00,"627,150.00"
2019-05-22,2019052201011200,NBL,44,42,200,340.00,"68,000.00"
2019-05-22,2019052201011199,NBL,44,48,500,340.00,"170,000.00"
2019-05-22,2019052201011198,NBL,44,21,50,340.00,"17,000.00"
2019-05-22,2019052201011197,NBL,44,32,"1,000",340.00,"340,000.00"
2019-05-22,2019052201011196,NBL,44,37,"1,000",340.00,"340,000.00"
2019-05-22,2019052201011195,NBL,44,6,193,340.00,"65,620.00"
2019-05-22,2019052201011206,NBL,44,34,550,340.00,"187,000.00"
2019-05-22,2019052201011205,NBL,44,6,200,340.00,"68,000.00"
2019-05-22,2019052201011204,NBL,44,1,200,340.00,"68,000.00"
2019-05-22,2019052201011203,NBL,44,35,440,340.00,"149,600.00"
2019-05-22,2019052201011202,NBL,44,41,300,340.00,"102,000.00"
2019-05-22,2019052201011201,NBL,44,16,100,340.00,"34,000.00"
2019-05-22,2019052201011212,NBL,44,26,200,340.00,"68,000.00"
2019-05-22,2019052201011211,NBL,44,5,200,340.00,"68,000.00"
2019-05-22,2019052201011210,NBL,44,33,500,340.00,"170,000.00"
2019-05-22,2019052201011209,NBL,44,49,200,340.00,"68,000.00"
2019-05-22,2019052201011208,NBL,44,25,"1,000",340.00,"340,000.00"
2019-05-22,2019052201011207,NBL,44,49,110,340.00,"37,400.00"
2019-05-22,2019052201011218,NBL,44,57,500,340.00,"170,000.00"
2019-05-22,2019052201011217,NBL,44,32,"1,000",340.00,"340,000.00"
2019-05-22,2019052201011216,NBL,44,57,"1,000",340.00,"340,000.00"
2019-05-22,2019052201011215,NBL,44,39,100,340.00,"34,000.00"
2019-05-22,2019052201011214,NBL,44,55,100,340.00,"34,000.00"
2019-05-22,2019052201011213,NBL,44,47,100,340.00,"34,000.00"
2019-05-22,2019052201011323,NCCB,17,49,100,257.00,"25,700.00"
2019-05-22,2019052201011239,NCCB,17,34,646,257.00,"166,022.00"
2019-05-22,2019052201011238,NCCB,50,34,200,257.00,"51,400.00"
2019-05-22,2019052201011237,NCCB,45,34,100,257.00,"25,700.00"
2019-05-22,2019052201011236,NCCB,57,34,"1,000",257.00,"257,000.00"
2019-05-22,2019052201011235,NCCB,50,34,554,257.00,"142,378.00"
2019-05-22,2019052201011232,NCCB,51,54,100,258.00,"25,800.00"
2019-05-22,2019052201011171,NGPL,44,44,33,132.00,"4,356.00"
2019-05-22,2019052201011158,NGPL,44,1,200,131.00,"26,200.00"
2019-05-22,2019052201010997,NGPL,47,10,11,129.00,"1,419.00"
2019-05-22,2019052201010964,NHPC,45,41,300,75.00,"22,500.00"
2019-05-22,2019052201011284,NIB,17,43,65,535.00,"34,775.00"
2019-05-22,2019052201011283,NIB,37,43,200,535.00,"107,000.00"
2019-05-22,2019052201011282,NIB,26,43,100,535.00,"53,500.00"
2019-05-22,2019052201011281,NIB,26,43,20,535.00,"10,700.00"
2019-05-22,2019052201011280,NIB,28,43,77,535.00,"41,195.00"
2019-05-22,2019052201011279,NIB,41,43,20,536.00,"10,720.00"
2019-05-22,2019052201010969,NIB,37,42,67,536.00,"35,912.00"
2019-05-22,2019052201010968,NIB,38,42,133,536.00,"71,288.00"
2019-05-22,2019052201011278,NIB,34,43,100,536.00,"53,600.00"
2019-05-22,2019052201011277,NIB,32,43,18,536.00,"9,648.00"
2019-05-22,2019052201011264,NIB,42,43,180,539.00,"97,020.00"
2019-05-22,2019052201011263,NIB,42,36,20,538.00,"10,760.00"
2019-05-22,2019052201011033,NIB,32,36,82,536.00,"43,952.00"
2019-05-22,2019052201011032,NIB,37,36,33,536.00,"17,688.00"
2019-05-22,2019052201011054,NIBPO,42,25,754,511.00,"385,294.00"
2019-05-22,2019052201010970,NICA,8,19,100,483.00,"48,300.00"
2019-05-22,2019052201010966,NICL,16,28,200,393.00,"78,600.00"
2019-05-22,2019052201011148,NIL,28,16,200,518.00,"103,600.00"
2019-05-22,2019052201010951,NIL,51,7,160,517.00,"82,720.00"
2019-05-22,2019052201010950,NIL,51,7,440,518.00,"227,920.00"
2019-05-22,2019052201011063,NLG,14,52,13,810.00,"10,530.00"
2019-05-22,2019052201010998,NLG,14,7,34,810.00,"27,540.00"
2019-05-22,2019052201011075,NLG,14,32,50,810.00,"40,500.00"
2019-05-22,2019052201011074,NLG,14,48,45,810.00,"36,450.00"
2019-05-22,2019052201011345,NLIC,50,57,40,937.00,"37,480.00"
2019-05-22,2019052201011344,NLIC,4,57,150,937.00,"140,550.00"
2019-05-22,2019052201011256,NLIC,16,52,50,941.00,"47,050.00"
2019-05-22,2019052201011397,NLICL,39,25,658,670.00,"440,860.00"
2019-05-22,2019052201011396,NLICL,39,26,100,670.00,"67,000.00"
2019-05-22,2019052201011373,NLICL,29,17,20,669.00,"13,380.00"
2019-05-22,2019052201011293,NLICL,29,45,10,669.00,"6,690.00"
2019-05-22,2019052201011191,NLICL,29,53,450,669.00,"301,050.00"
2019-05-22,2019052201011190,NLICL,6,53,50,669.00,"33,450.00"
2019-05-22,2019052201011223,NNLB,14,42,140,400.00,"56,000.00"
2019-05-22,2019052201011406,NTC,17,44,10,732.00,"7,320.00"
2019-05-22,2019052201011329,NTC,20,42,100,732.00,"73,200.00"
2019-05-22,2019052201011233,NTC,20,44,900,732.00,"658,800.00"
2019-05-22,2019052201011386,OHL,36,43,17,688.00,"11,696.00"
2019-05-22,2019052201011385,OHL,48,40,200,689.00,"137,800.00"
2019-05-22,2019052201011370,OHL,58,40,50,689.00,"34,450.00"
2019-05-22,2019052201011338,OHL,36,45,200,688.00,"137,600.00"
2019-05-22,2019052201011337,OHL,36,54,40,688.00,"27,520.00"
2019-05-22,2019052201011335,OHL,58,54,17,688.00,"11,696.00"
2019-05-22,2019052201011286,OHL,58,45,28,687.00,"19,236.00"
2019-05-22,2019052201011262,OHL,14,50,500,686.00,"343,000.00"
2019-05-22,2019052201011058,OHL,11,50,500,686.00,"343,000.00"
2019-05-22,2019052201011310,OHL,58,45,200,687.00,"137,400.00"
2019-05-22,2019052201011309,OHL,58,45,100,687.00,"68,700.00"
2019-05-22,2019052201011422,PCBL,11,50,"1,223",367.00,"448,841.00"
2019-05-22,2019052201011421,PCBL,11,50,"1,000",367.00,"367,000.00"
2019-05-22,2019052201011420,PCBL,11,25,200,367.00,"73,400.00"
2019-05-22,2019052201011419,PCBL,11,42,201,367.00,"73,767.00"
2019-05-22,2019052201011353,PCBL,41,42,135,367.00,"49,545.00"
2019-05-22,2019052201011343,PCBL,38,42,110,367.00,"40,370.00"
2019-05-22,2019052201010959,PCBL,47,46,68,367.00,"24,956.00"
2019-05-22,2019052201011061,PCBL,10,58,148,366.00,"54,168.00"
2019-05-22,2019052201011030,PCBL,57,46,25,367.00,"9,175.00"
2019-05-22,2019052201011015,PCBL,10,17,190,366.00,"69,540.00"
2019-05-22,2019052201011014,PCBL,34,17,400,366.00,"146,400.00"
2019-05-22,2019052201011009,PCBL,34,22,111,366.00,"40,626.00"
2019-05-22,2019052201010982,PCBL,39,46,300,367.00,"110,100.00"
2019-05-22,2019052201011101,PCBL,53,58,703,366.00,"257,298.00"
2019-05-22,2019052201011100,PCBL,57,58,25,366.00,"9,150.00"
2019-05-22,2019052201011099,PCBL,29,58,60,366.00,"21,960.00"
2019-05-22,2019052201011098,PCBL,39,58,212,366.00,"77,592.00"
2019-05-22,2019052201011084,PCBL,39,5,38,366.00,"13,908.00"
2019-05-22,2019052201011083,PCBL,10,5,162,366.00,"59,292.00"
2019-05-22,2019052201011240,PCBL,53,13,767,366.00,"280,722.00"
2019-05-22,2019052201011188,PCBL,34,32,42,367.00,"15,414.00"
2019-05-22,2019052201011187,PCBL,34,48,50,367.00,"18,350.00"
2019-05-22,2019052201011186,PCBL,34,46,908,367.00,"333,236.00"
2019-05-22,2019052201011117,PCBL,53,57,"1,480",366.00,"541,680.00"
2019-05-22,2019052201011103,PCBL,53,52,50,366.00,"18,300.00"
2019-05-22,2019052201011250,PCBL,38,17,233,367.00,"85,511.00"
2019-05-22,2019052201011249,PCBL,38,32,448,367.00,"164,416.00"
2019-05-22,2019052201011246,PCBL,53,32,10,367.00,"3,670.00"
2019-05-22,2019052201011243,PCBL,41,13,33,366.00,"12,078.00"
2019-05-22,2019052201011242,PCBL,17,13,100,366.00,"36,600.00"
2019-05-22,2019052201011241,PCBL,26,13,100,366.00,"36,600.00"
2019-05-22,2019052201011269,PCBL,11,35,100,367.00,"36,700.00"
2019-05-22,2019052201011268,PCBL,11,52,46,367.00,"16,882.00"
2019-05-22,2019052201011254,PCBL,38,52,"1,001",367.00,"367,367.00"
2019-05-22,2019052201011253,PCBL,38,42,254,367.00,"93,218.00"
2019-05-22,2019052201011252,PCBL,38,17,532,367.00,"195,244.00"
2019-05-22,2019052201011251,PCBL,38,17,532,367.00,"195,244.00"
2019-05-22,2019052201011328,PCBL,1,5,35,366.00,"12,810.00"
2019-05-22,2019052201011321,PCBL,38,38,4,359.00,"1,436.00"
2019-05-22,2019052201011292,PCBL,41,40,67,366.00,"24,522.00"
2019-05-22,2019052201011272,PCBL,11,42,400,367.00,"146,800.00"
2019-05-22,2019052201011271,PCBL,11,25,254,367.00,"93,218.00"
2019-05-22,2019052201011270,PCBL,11,19,200,367.00,"73,400.00"
2019-05-22,2019052201011111,PFL,42,38,150,140.00,"21,000.00"
2019-05-22,2019052201011110,PFL,42,38,500,140.00,"70,000.00"
2019-05-22,2019052201011109,PFL,42,38,399,140.00,"55,860.00"
2019-05-22,2019052201011331,PMHPL,43,52,10,116.00,"1,160.00"
2019-05-22,2019052201011273,PMHPL,43,34,10,116.00,"1,160.00"
2019-05-22,2019052201011059,PMHPL,43,43,10,116.00,"1,160.00"
2019-05-22,2019052201011175,PRVU,45,57,93,281.00,"26,133.00"
2019-05-22,2019052201011174,PRVU,37,57,67,281.00,"18,827.00"
2019-05-22,2019052201011023,PRVU,37,22,200,281.00,"56,200.00"
2019-05-22,2019052201011316,PRVU,7,50,159,281.00,"44,679.00"
2019-05-22,2019052201011315,PRVU,21,50,41,281.00,"11,521.00"
2019-05-22,2019052201011314,PRVU,21,43,959,281.00,"269,479.00"
2019-05-22,2019052201011313,PRVU,45,43,41,281.00,"11,521.00"
2019-05-22,2019052201010933,RADHI,14,58,11,180.00,"1,980.00"
2019-05-22,2019052201011359,RBCL,59,25,20,"11,000.00","220,000.00"
2019-05-22,2019052201011275,RBCLPO,59,33,10,"10,130.00","101,300.00"
2019-05-22,2019052201010973,RHPC,5,40,710,103.00,"73,130.00"
2019-05-22,2019052201011334,RLFL,42,52,50,144.00,"7,200.00"
2019-05-22,2019052201011301,RLFL,6,52,"1,000",142.00,"142,000.00"
2019-05-22,2019052201011016,RLFL,6,21,584,142.00,"82,928.00"
2019-05-22,2019052201011005,RLFL,28,21,100,143.00,"14,300.00"
2019-05-22,2019052201011004,RLFL,1,21,500,143.00,"71,500.00"
2019-05-22,2019052201011003,RLFL,6,21,"1,914",143.00,"273,702.00"
2019-05-22,2019052201011002,RLFL,28,21,160,144.00,"23,040.00"
2019-05-22,2019052201011382,RMDC,51,57,53,666.00,"35,298.00"
2019-05-22,2019052201011360,RMDC,51,22,88,666.00,"58,608.00"
2019-05-22,2019052201011355,RRHP,41,58,10,103.00,"1,030.00"
2019-05-22,2019052201011354,RRHP,41,50,10,103.00,"1,030.00"
2019-05-22,2019052201011234,RSDC,34,40,13,387.00,"5,031.00"
2019-05-22,2019052201010952,SADBL,59,17,500,152.00,"76,000.00"
2019-05-22,2019052201011220,SANIMA,17,36,82,360.00,"29,520.00"
2019-05-22,2019052201011155,SANIMA,17,25,100,360.00,"36,000.00"
2019-05-22,2019052201011340,SBL,32,43,750,337.00,"252,750.00"
2019-05-22,2019052201011339,SBL,16,43,250,338.00,"84,500.00"
2019-05-22,2019052201011107,SBL,33,35,42,338.00,"14,196.00"
2019-05-22,2019052201011106,SBL,33,11,80,338.00,"27,040.00"
2019-05-22,2019052201011298,SEF,43,10,200,9.95,"1,990.00"
2019-05-22,2019052201011285,SFFIL,49,47,100,230.00,"23,000.00"
2019-05-22,2019052201011418,SHIVM,38,49,100,557.00,"55,700.00"
2019-05-22,2019052201011389,SHIVM,41,19,50,558.00,"27,900.00"
2019-05-22,2019052201011388,SHIVM,38,19,100,558.00,"55,800.00"
2019-05-22,2019052201011377,SHIVM,38,26,50,558.00,"27,900.00"
2019-05-22,2019052201011374,SHIVM,38,58,50,558.00,"27,900.00"
2019-05-22,2019052201011341,SHIVM,38,42,30,557.00,"16,710.00"
2019-05-22,2019052201010942,SHIVM,57,51,50,559.00,"27,950.00"
2019-05-22,2019052201010925,SHIVM,57,41,50,559.00,"27,950.00"
2019-05-22,2019052201011194,SHIVM,52,28,200,558.00,"111,600.00"
2019-05-22,2019052201011193,SHIVM,5,28,520,558.00,"290,160.00"
2019-05-22,2019052201011180,SHIVM,5,57,50,558.00,"27,900.00"
2019-05-22,2019052201011119,SHIVM,5,19,200,558.00,"111,600.00"
2019-05-22,2019052201011013,SHIVM,57,34,25,559.00,"13,975.00"
2019-05-22,2019052201011320,SHIVM,46,44,50,558.00,"27,900.00"
2019-05-22,2019052201011318,SHIVM,38,1,870,557.00,"484,590.00"
2019-05-22,2019052201011317,SHIVM,22,1,130,557.00,"72,410.00"
2019-05-22,2019052201011308,SHIVM,46,22,50,558.00,"27,900.00"
2019-05-22,2019052201011302,SHIVM,22,22,50,557.00,"27,850.00"
2019-05-22,2019052201011291,SHIVM,22,45,50,557.00,"27,850.00"
2019-05-22,2019052201011322,SHL,53,26,310,239.00,"74,090.00"
2019-05-22,2019052201011312,SHPC,39,35,"2,000",299.00,"598,000.00"
2019-05-22,2019052201011311,SHPC,39,52,100,299.00,"29,900.00"
2019-05-22,2019052201011159,SHPC,39,14,"1,500",298.00,"447,000.00"
2019-05-22,2019052201011157,SHPC,7,10,435,297.00,"129,195.00"
2019-05-22,2019052201011120,SHPC,33,14,500,298.00,"149,000.00"
2019-05-22,2019052201010934,SICL,16,48,15,865.00,"12,975.00"
2019-05-22,2019052201011031,SIL,41,52,68,589.00,"40,052.00"
2019-05-22,2019052201011356,SINDU,45,34,10,152.00,"1,520.00"
2019-05-22,2019052201011041,SKBBL,44,59,74,"1,007.00","74,518.00"
2019-05-22,2019052201011029,SKBBL,44,17,16,"1,006.00","16,096.00"
2019-05-22,2019052201011028,SKBBL,44,6,200,"1,005.00","201,000.00"
2019-05-22,2019052201011027,SKBBL,44,16,250,"1,005.00","251,250.00"
2019-05-22,2019052201011026,SKBBL,44,57,153,"1,004.00","153,612.00"
2019-05-22,2019052201011025,SKBBL,44,57,30,"1,004.00","30,120.00"
2019-05-22,2019052201011024,SKBBL,44,22,50,"1,000.00","50,000.00"
2019-05-22,2019052201011290,SLICL,34,48,200,590.00,"118,000.00"
2019-05-22,2019052201011289,SLICL,41,48,200,590.00,"118,000.00"
2019-05-22,2019052201011288,SLICL,44,48,"1,000",590.00,"590,000.00"
2019-05-22,2019052201011287,SLICL,41,48,100,591.00,"59,100.00"
2019-05-22,2019052201011095,SLICL,32,36,200,592.00,"118,400.00"
2019-05-22,2019052201011094,SLICL,16,36,300,593.00,"177,900.00"
2019-05-22,2019052201011093,SLICL,47,36,100,594.00,"59,400.00"
2019-05-22,2019052201011092,SLICL,39,36,100,597.00,"59,700.00"
2019-05-22,2019052201010958,SLICL,13,44,300,598.00,"179,400.00"
2019-05-22,2019052201011020,SMFDB,55,10,19,551.00,"10,469.00"
2019-05-22,2019052201011383,SPDL,34,45,100,102.00,"10,200.00"
2019-05-22,2019052201011327,SRBL,17,45,34,260.00,"8,840.00"
2019-05-22,2019052201011087,SRBL,17,21,650,260.00,"169,000.00"
2019-05-22,2019052201011306,UIC,5,8,50,943.00,"47,150.00"
2019-05-22,2019052201011305,UIC,55,8,10,944.00,"9,440.00"
2019-05-22,2019052201011168,UIC,16,8,80,945.00,"75,600.00"
2019-05-22,2019052201010996,UMHL,16,43,200,131.00,"26,200.00"
2019-05-22,2019052201010993,UMHL,5,37,192,132.00,"25,344.00"
2019-05-22,2019052201010992,UMHL,5,59,308,132.00,"40,656.00"
2019-05-22,2019052201010967,UMHL,16,56,275,131.00,"36,025.00"
2019-05-22,2019052201011108,UPCL,37,40,50,98.00,"4,900.00"
2019-05-22,2019052201011034,UPCL,58,22,10,100.00,"1,000.00"
2019-05-22,2019052201011008,UPCL,55,45,40,99.00,"3,960.00"
2019-05-22,2019052201011007,UPCL,55,46,300,99.00,"29,700.00"
2019-05-22,2019052201010981,UPCL,55,38,175,98.00,"17,150.00"
2019-05-22,2019052201010972,UPCL,6,17,100,98.00,"9,800.00"
2019-05-22,2019052201011019,VLBS,22,52,300,555.00,"166,500.00"
2019-05-22,2019052201010770,ADBL,49,51,250,423.00,"105,750.00"
2019-05-22,2019052201010720,ADBL,49,57,50,423.00,"21,150.00"
2019-05-22,2019052201010683,ADBL,58,17,39,422.00,"16,458.00"
2019-05-22,2019052201010611,ADBL,58,11,350,422.00,"147,700.00"
2019-05-22,2019052201010610,ADBL,54,11,450,423.00,"190,350.00"
2019-05-22,2019052201010609,ADBL,4,11,200,423.00,"84,600.00"
2019-05-22,2019052201010515,ADBL,58,16,10,426.00,"4,260.00"
2019-05-22,2019052201010514,ADBL,58,49,100,425.00,"42,500.00"
2019-05-22,2019052201010513,ADBL,58,6,90,425.00,"38,250.00"
2019-05-22,2019052201010512,ADBL,58,42,"1,000",425.00,"425,000.00"
2019-05-22,2019052201010459,ADBL,54,47,50,423.00,"21,150.00"
2019-05-22,2019052201010598,AKPL,58,17,36,217.00,"7,812.00"
2019-05-22,2019052201010751,ALBSL,14,41,10,446.00,"4,460.00"
2019-05-22,2019052201010673,ALBSL,14,39,10,446.00,"4,460.00"
2019-05-22,2019052201010538,ALICL,36,11,125,424.00,"53,000.00"
2019-05-22,2019052201010537,ALICL,57,11,200,425.00,"85,000.00"
2019-05-22,2019052201010536,ALICL,52,11,200,427.00,"85,400.00"
2019-05-22,2019052201010535,ALICL,57,11,100,427.00,"42,700.00"
2019-05-22,2019052201010534,ALICL,45,11,14,427.00,"5,978.00"
2019-05-22,2019052201010533,ALICL,40,11,100,427.00,"42,700.00"
2019-05-22,2019052201010454,ALICL,33,52,70,430.00,"30,100.00"
2019-05-22,2019052201010532,ALICL,4,11,500,427.00,"213,500.00"
2019-05-22,2019052201010531,ALICL,10,11,325,427.00,"138,775.00"
2019-05-22,2019052201010509,ALICL,57,11,100,428.00,"42,800.00"
2019-05-22,2019052201010508,ALICL,13,11,100,428.00,"42,800.00"
2019-05-22,2019052201010507,ALICL,59,11,100,429.00,"42,900.00"
2019-05-22,2019052201010506,ALICL,33,11,136,430.00,"58,480.00"
2019-05-22,2019052201010697,AMFI,8,41,10,556.00,"5,560.00"
2019-05-22,2019052201010846,API,58,38,460,172.00,"79,120.00"
2019-05-22,2019052201010845,API,35,38,40,172.00,"6,880.00"
2019-05-22,2019052201010844,API,42,38,500,172.00,"86,000.00"
2019-05-22,2019052201010843,API,53,38,"1,000",172.00,"172,000.00"
2019-05-22,2019052201010661,API,44,42,90,172.00,"15,480.00"
2019-05-22,2019052201010660,API,44,22,"1,960",172.00,"337,120.00"
2019-05-22,2019052201010659,API,44,43,100,171.00,"17,100.00"
2019-05-22,2019052201010480,API,43,22,300,172.00,"51,600.00"
2019-05-22,2019052201010477,API,52,22,340,172.00,"58,480.00"
2019-05-22,2019052201010476,API,52,56,160,172.00,"27,520.00"
2019-05-22,2019052201010824,BOKL,38,43,370,275.00,"101,750.00"
2019-05-22,2019052201010823,BOKL,5,43,800,275.00,"220,000.00"
2019-05-22,2019052201010822,BOKL,32,43,330,275.00,"90,750.00"
2019-05-22,2019052201010689,BOKL,32,7,70,275.00,"19,250.00"
2019-05-22,2019052201010688,BOKL,29,7,250,275.00,"68,750.00"
2019-05-22,2019052201010687,BOKL,21,7,40,275.00,"11,000.00"
2019-05-22,2019052201010499,BOKL,21,18,129,275.00,"35,475.00"
2019-05-22,2019052201010888,BPCL,37,16,11,446.00,"4,906.00"
2019-05-22,2019052201010841,BPCL,7,14,149,447.00,"66,603.00"
2019-05-22,2019052201010692,BPCL,37,14,541,447.00,"241,827.00"
2019-05-22,2019052201010691,BPCL,37,6,437,447.00,"195,339.00"
2019-05-22,2019052201010690,BPCL,37,38,22,446.00,"9,812.00"
2019-05-22,2019052201010685,BPCL,42,39,11,445.00,"4,895.00"
2019-05-22,2019052201010478,BPCL,38,34,22,444.00,"9,768.00"
2019-05-22,2019052201010921,CBL,6,58,65,147.00,"9,555.00"
2019-05-22,2019052201010920,CBL,41,58,35,147.00,"5,145.00"
2019-05-22,2019052201010838,CBL,41,5,65,147.00,"9,555.00"
2019-05-22,2019052201010837,CBL,34,5,35,147.00,"5,145.00"
2019-05-22,2019052201010554,CBL,34,51,100,147.00,"14,700.00"
2019-05-22,2019052201010456,CBL,34,42,27,147.00,"3,969.00"
2019-05-22,2019052201010918,CCBL,32,43,27,169.00,"4,563.00"
2019-05-22,2019052201010681,CCBL,26,5,21,168.00,"3,528.00"
2019-05-22,2019052201010909,CEFL,59,45,"1,000",105.00,"105,000.00"
2019-05-22,2019052201010704,CEFL,53,45,200,105.00,"21,000.00"
2019-05-22,2019052201010703,CEFL,35,45,200,105.00,"21,000.00"
2019-05-22,2019052201010702,CEFL,58,45,30,105.00,"3,150.00"
2019-05-22,2019052201010915,CFCL,10,52,18,117.00,"2,106.00"
2019-05-22,2019052201010876,CHCL,56,47,200,554.00,"110,800.00"
2019-05-22,2019052201010654,CHCL,48,6,200,554.00,"110,800.00"
2019-05-22,2019052201010608,CHCL,56,6,200,554.00,"110,800.00"
2019-05-22,2019052201010607,CHCL,7,6,68,554.00,"37,672.00"
2019-05-22,2019052201010562,CHCL,7,10,132,554.00,"73,128.00"
2019-05-22,2019052201010561,CHCL,7,10,468,554.00,"259,272.00"
2019-05-22,2019052201010830,CHL,13,39,10,109.00,"1,090.00"
2019-05-22,2019052201010734,CHL,13,39,20,107.00,"2,140.00"
2019-05-22,2019052201010634,CHL,13,41,10,107.00,"1,070.00"
2019-05-22,2019052201010672,CIT,11,43,50,"2,600.00","130,000.00"
2019-05-22,2019052201010866,CZBIL,16,56,22,232.00,"5,104.00"
2019-05-22,2019052201010768,CZBIL,16,22,300,232.00,"69,600.00"
2019-05-22,2019052201010745,CZBIL,16,26,"1,192",232.00,"276,544.00"
2019-05-22,2019052201010744,CZBIL,45,26,308,232.00,"71,456.00"
2019-05-22,2019052201010671,CZBIL,45,5,147,232.00,"34,104.00"
2019-05-22,2019052201010588,CZBIL,16,34,200,233.00,"46,600.00"
2019-05-22,2019052201010524,CZBIL,45,49,19,232.00,"4,408.00"
2019-05-22,2019052201010522,CZBIL,45,16,13,232.00,"3,016.00"
2019-05-22,2019052201010442,CZBIL,45,32,13,232.00,"3,016.00"
2019-05-22,2019052201010441,CZBIL,51,32,200,232.00,"46,400.00"
2019-05-22,2019052201010440,CZBIL,17,32,"1,051",232.00,"243,832.00"
2019-05-22,2019052201010587,CZBIL,16,28,51,233.00,"11,883.00"
2019-05-22,2019052201010586,CZBIL,16,57,500,233.00,"116,500.00"
2019-05-22,2019052201010585,CZBIL,16,22,55,233.00,"12,815.00"
2019-05-22,2019052201010584,CZBIL,16,46,510,233.00,"118,830.00"
2019-05-22,2019052201010583,CZBIL,16,6,400,233.00,"93,200.00"
2019-05-22,2019052201010582,CZBIL,16,57,261,233.00,"60,813.00"
2019-05-22,2019052201010864,DBBL,35,49,"12,000",150.00,"1,800,000.00"
2019-05-22,2019052201010856,DBBL,35,25,"2,000",150.00,"300,000.00"
2019-05-22,2019052201010855,DBBL,35,59,40,150.00,"6,000.00"
2019-05-22,2019052201010854,DBBL,35,50,"1,000",150.00,"150,000.00"
2019-05-22,2019052201010853,DBBL,35,21,200,150.00,"30,000.00"
2019-05-22,2019052201010603,DBBL,45,22,500,149.00,"74,500.00"
2019-05-22,2019052201010502,DBBL,46,25,500,149.00,"74,500.00"
2019-05-22,2019052201010778,DDBL,49,5,722,740.00,"534,280.00"
2019-05-22,2019052201010777,DDBL,47,5,30,745.00,"22,350.00"
2019-05-22,2019052201010719,DDBL,45,26,350,745.00,"260,750.00"
2019-05-22,2019052201010628,DHPL,19,45,150,74.00,"11,100.00"
2019-05-22,2019052201010808,EBL,6,59,291,672.00,"195,552.00"
2019-05-22,2019052201010807,EBL,6,22,11,672.00,"7,392.00"
2019-05-22,2019052201010806,EBL,6,56,75,672.00,"50,400.00"
2019-05-22,2019052201010680,EBL,34,52,100,671.00,"67,100.00"
2019-05-22,2019052201010573,EBL,52,56,100,672.00,"67,200.00"
2019-05-22,2019052201010523,EBL,44,18,20,670.00,"13,400.00"
2019-05-22,2019052201010874,FMDBL,32,58,250,410.00,"102,500.00"
2019-05-22,2019052201010612,GBIME,33,22,50,309.00,"15,450.00"
2019-05-22,2019052201010463,GBIME,33,42,39,309.00,"12,051.00"
2019-05-22,2019052201010433,GBIME,33,6,507,309.00,"156,663.00"
2019-05-22,2019052201010922,GDBL,4,14,69,217.00,"14,973.00"
2019-05-22,2019052201010769,GDBL,6,47,20,218.00,"4,360.00"
2019-05-22,2019052201010640,GLICL,49,52,250,557.00,"139,250.00"
2019-05-22,2019052201010436,GRDBL,43,52,15,115.00,"1,725.00"
2019-05-22,2019052201010435,GRDBL,43,52,45,114.00,"5,130.00"
2019-05-22,2019052201010872,GUFL,52,42,300,118.00,"35,400.00"
2019-05-22,2019052201010650,HDL,32,58,10,"1,810.00","18,100.00"
