Date,Transact. No.,Symbol,Buyer,Seller,Quantity,Rate,Amount
2019-12-03,2019120301004276,ADBL,16,29,745,401.00,"298,745.00"
2019-12-03,2019120301004275,ADBL,7,29,36,402.00,"14,472.00"
2019-12-03,2019120301004274,ADBL,45,29,200,402.00,"80,400.00"
2019-12-03,2019120301004273,ADBL,44,29,20,402.00,"8,040.00"
2019-12-03,2019120301003982,ADBL,44,46,30,402.00,"12,060.00"
2019-12-03,2019120301003981,ADBL,47,46,100,402.00,"40,200.00"
2019-12-03,2019120301003980,ADBL,38,46,21,402.00,"8,442.00"
2019-12-03,2019120301003968,ADBL,47,46,300,403.00,"120,900.00"
2019-12-03,2019120301003967,ADBL,16,46,399,403.00,"160,797.00"
2019-12-03,2019120301004258,AKBSL,52,43,10,429.00,"4,290.00"
2019-12-03,2019120301003839,AKBSL,7,43,20,433.00,"8,660.00"
2019-12-03,2019120301003827,AKBSL,7,57,40,433.00,"17,320.00"
2019-12-03,2019120301004198,ALICL,17,25,400,319.00,"127,600.00"
2019-12-03,2019120301004197,ALICL,17,6,100,318.00,"31,800.00"
2019-12-03,2019120301004187,ALICL,44,11,100,314.00,"31,400.00"
2019-12-03,2019120301004186,ALICL,45,11,100,315.00,"31,500.00"
2019-12-03,2019120301004185,ALICL,14,11,200,315.00,"63,000.00"
2019-12-03,2019120301004184,ALICL,37,11,100,315.00,"31,500.00"
2019-12-03,2019120301004122,ALICL,50,6,183,316.00,"57,828.00"
2019-12-03,2019120301004069,ALICL,26,6,200,317.00,"63,400.00"
2019-12-03,2019120301003833,API,52,39,200,100.00,"20,000.00"
2019-12-03,2019120301003895,API,25,52,20,102.00,"2,040.00"
2019-12-03,2019120301003884,API,28,39,780,101.00,"78,780.00"
2019-12-03,2019120301003866,API,25,39,27,101.00,"2,727.00"
2019-12-03,2019120301003834,API,34,39,800,100.00,"80,000.00"
2019-12-03,2019120301004325,BFC,13,8,100,85.00,"8,500.00"
2019-12-03,2019120301004271,BOKL,42,1,10,215.00,"2,150.00"
2019-12-03,2019120301004270,BOKL,42,42,300,214.00,"64,200.00"
2019-12-03,2019120301004204,BOKL,7,5,38,212.00,"8,056.00"
2019-12-03,2019120301004125,BOKL,29,49,50,214.00,"10,700.00"
2019-12-03,2019120301004298,BPCL,34,43,124,334.00,"41,416.00"
2019-12-03,2019120301004297,BPCL,34,57,126,333.00,"41,958.00"
2019-12-03,2019120301004208,BPCL,33,57,10,333.00,"3,330.00"
2019-12-03,2019120301004207,BPCL,33,59,70,332.00,"23,240.00"
2019-12-03,2019120301004206,BPCL,33,59,150,331.00,"49,650.00"
2019-12-03,2019120301004061,BPCL,8,59,100,330.00,"33,000.00"
2019-12-03,2019120301004068,CBBL,8,45,"1,348",765.00,"1,031,220.00"
2019-12-03,2019120301003920,CBBL,51,45,100,765.00,"76,500.00"
2019-12-03,2019120301003919,CBBL,13,45,30,765.00,"22,950.00"
2019-12-03,2019120301003918,CBBL,43,45,100,766.00,"76,600.00"
2019-12-03,2019120301003917,CBBL,19,45,50,766.00,"38,300.00"
2019-12-03,2019120301004282,CBL,14,41,13,136.00,"1,768.00"
2019-12-03,2019120301004265,CBL,43,6,10,138.00,"1,380.00"
2019-12-03,2019120301004176,CBL,14,41,100,136.00,"13,600.00"
2019-12-03,2019120301004171,CBL,28,6,500,137.00,"68,500.00"
2019-12-03,2019120301004140,CBL,28,58,300,137.00,"41,100.00"
2019-12-03,2019120301004072,CBL,28,14,200,137.00,"27,400.00"
2019-12-03,2019120301003929,CCBL,16,33,300,163.00,"48,900.00"
2019-12-03,2019120301003879,CCBL,49,34,200,162.00,"32,400.00"
2019-12-03,2019120301004098,CFCL,32,28,"1,985",110.00,"218,350.00"
2019-12-03,2019120301004097,CFCL,55,28,500,111.00,"55,500.00"
2019-12-03,2019120301004096,CFCL,44,28,"1,000",111.00,"111,000.00"
2019-12-03,2019120301004095,CFCL,26,28,200,111.00,"22,200.00"
2019-12-03,2019120301004094,CFCL,28,28,"1,000",112.00,"112,000.00"
2019-12-03,2019120301004093,CFCL,55,28,315,112.00,"35,280.00"
2019-12-03,2019120301004165,CHCL,5,56,70,357.00,"24,990.00"
2019-12-03,2019120301003964,CHCL,6,13,200,358.00,"71,600.00"
2019-12-03,2019120301003894,CZBIL,49,49,"1,338",183.00,"244,854.00"
2019-12-03,2019120301003844,DBBL,34,25,200,122.00,"24,400.00"
2019-12-03,2019120301003903,DDBL,58,4,500,721.00,"360,500.00"
2019-12-03,2019120301003902,DDBL,6,4,500,722.00,"361,000.00"
2019-12-03,2019120301004057,FMDBL,40,56,20,298.00,"5,960.00"
2019-12-03,2019120301004022,FMDBL,59,56,130,298.00,"38,740.00"
2019-12-03,2019120301003988,FMDBL,59,32,380,299.00,"113,620.00"
2019-12-03,2019120301003941,FMDBL,59,28,20,298.00,"5,960.00"
2019-12-03,2019120301003940,FMDBL,59,28,60,298.00,"17,880.00"
2019-12-03,2019120301003939,FMDBL,59,28,70,298.00,"20,860.00"
2019-12-03,2019120301003938,FMDBL,59,28,150,298.00,"44,700.00"
2019-12-03,2019120301004141,FOWAD,38,11,49,"1,345.00","65,905.00"
2019-12-03,2019120301004137,FOWAD,45,11,80,"1,340.00","107,200.00"
2019-12-03,2019120301004005,FOWAD,38,32,100,"1,340.00","134,000.00"
2019-12-03,2019120301003961,FOWAD,45,4,50,"1,340.00","67,000.00"
2019-12-03,2019120301004232,GBLBS,58,45,45,287.00,"12,915.00"
2019-12-03,2019120301004231,GBLBS,19,45,15,288.00,"4,320.00"
2019-12-03,2019120301004087,GBLBS,58,42,92,288.00,"26,496.00"
2019-12-03,2019120301004021,GBLBS,25,3,200,286.00,"57,200.00"
2019-12-03,2019120301003861,GFCL,10,19,100,130.00,"13,000.00"
2019-12-03,2019120301004253,GILB,34,16,50,759.00,"37,950.00"
2019-12-03,2019120301004044,GILB,43,16,134,756.00,"101,304.00"
2019-12-03,2019120301004023,GILB,33,16,15,757.00,"11,355.00"
2019-12-03,2019120301003927,GILB,33,16,15,759.00,"11,385.00"
2019-12-03,2019120301003855,GILB,43,43,100,756.00,"75,600.00"
2019-12-03,2019120301003849,GILB,43,43,49,756.00,"37,044.00"
2019-12-03,2019120301003848,GILB,36,43,100,756.00,"75,600.00"
2019-12-03,2019120301003840,GILB,16,43,120,757.00,"90,840.00"
2019-12-03,2019120301004322,GLICL,25,17,20,358.00,"7,160.00"
2019-12-03,2019120301004216,GMFBS,7,10,10,495.00,"4,950.00"
2019-12-03,2019120301004191,GMFBS,17,16,10,500.00,"5,000.00"
2019-12-03,2019120301004143,GMFBS,17,35,10,495.00,"4,950.00"
2019-12-03,2019120301004058,GMFBS,32,39,10,493.00,"4,930.00"
2019-12-03,2019120301004003,GMFBS,34,10,20,495.00,"9,900.00"
2019-12-03,2019120301003987,GMFBS,5,10,20,496.00,"9,920.00"
2019-12-03,2019120301003969,GMFBS,14,10,11,497.00,"5,467.00"
2019-12-03,2019120301003960,GMFBS,17,5,10,498.00,"4,980.00"
2019-12-03,2019120301003957,GMFBS,17,53,10,498.00,"4,980.00"
2019-12-03,2019120301003882,GMFBS,14,10,14,497.00,"6,958.00"
2019-12-03,2019120301004295,HBL,25,38,11,485.00,"5,335.00"
2019-12-03,2019120301004264,HBL,16,17,587,477.00,"279,999.00"
2019-12-03,2019120301004173,HBL,25,25,"1,056",478.00,"504,768.00"
2019-12-03,2019120301004047,HBL,25,25,100,478.00,"47,800.00"
2019-12-03,2019120301004046,HBL,52,25,10,479.00,"4,790.00"
2019-12-03,2019120301004036,HBL,52,43,80,479.00,"38,320.00"
2019-12-03,2019120301004299,HDL,25,58,50,"1,243.00","62,150.00"
2019-12-03,2019120301004212,HDL,39,44,10,"1,240.00","12,400.00"
2019-12-03,2019120301004211,HDL,39,3,50,"1,240.00","62,000.00"
2019-12-03,2019120301004210,HDL,39,51,50,"1,240.00","62,000.00"
2019-12-03,2019120301004209,HDL,39,6,120,"1,240.00","148,800.00"
2019-12-03,2019120301004194,HDL,39,58,200,"1,239.00","247,800.00"
2019-12-03,2019120301003977,HDL,17,3,10,"1,237.00","12,370.00"
2019-12-03,2019120301003976,HDL,17,54,10,"1,235.00","12,350.00"
2019-12-03,2019120301003900,HDL,58,51,50,"1,230.00","61,500.00"
2019-12-03,2019120301003888,HDL,56,35,50,"1,233.00","61,650.00"
2019-12-03,2019120301003835,HDL,19,34,50,"1,230.00","61,500.00"
2019-12-03,2019120301004193,HDL,39,35,63,"1,239.00","78,057.00"
2019-12-03,2019120301004175,HDL,56,58,70,"1,238.00","86,660.00"
2019-12-03,2019120301003985,HDL,25,58,230,"1,238.00","284,740.00"
2019-12-03,2019120301003984,HDL,25,50,70,"1,237.00","86,590.00"
2019-12-03,2019120301003979,HDL,17,50,30,"1,237.00","37,110.00"
2019-12-03,2019120301003978,HDL,17,40,50,"1,237.00","61,850.00"
2019-12-03,2019120301004307,HGI,49,28,10,240.00,"2,400.00"
2019-12-03,2019120301004306,HGI,49,29,150,238.00,"35,700.00"
2019-12-03,2019120301004144,HGI,45,41,50,236.00,"11,800.00"
2019-12-03,2019120301004257,HIDCL,40,45,393,134.00,"52,662.00"
2019-12-03,2019120301004256,HIDCL,40,52,"1,000",134.00,"134,000.00"
2019-12-03,2019120301004238,HIDCL,40,56,20,133.00,"2,660.00"
2019-12-03,2019120301004237,HIDCL,40,37,30,133.00,"3,990.00"
2019-12-03,2019120301004236,HIDCL,40,49,16,133.00,"2,128.00"
2019-12-03,2019120301004235,HIDCL,40,1,400,133.00,"53,200.00"
2019-12-03,2019120301004234,HIDCL,40,13,350,133.00,"46,550.00"
2019-12-03,2019120301004233,HIDCL,40,5,"1,024",132.00,"135,168.00"
2019-12-03,2019120301004195,HIDCL,4,48,159,131.00,"20,829.00"
2019-12-03,2019120301004009,HIDCL,4,36,500,131.00,"65,500.00"
2019-12-03,2019120301004043,HURJA,43,38,20,100.00,"2,000.00"
2019-12-03,2019120301004042,HURJA,43,38,20,100.00,"2,000.00"
2019-12-03,2019120301004041,HURJA,43,38,20,100.00,"2,000.00"
2019-12-03,2019120301004040,HURJA,43,38,20,100.00,"2,000.00"
2019-12-03,2019120301004283,ILBS,28,19,10,488.00,"4,880.00"
2019-12-03,2019120301004201,ILBS,28,40,10,488.00,"4,880.00"
2019-12-03,2019120301004223,JBBL,17,13,900,157.00,"141,300.00"
2019-12-03,2019120301004222,JBBL,32,13,"2,000",157.00,"314,000.00"
2019-12-03,2019120301004221,JBBL,51,13,500,157.00,"78,500.00"
2019-12-03,2019120301004220,JBBL,25,13,557,157.00,"87,449.00"
2019-12-03,2019120301004219,JBBL,32,13,20,158.00,"3,160.00"
2019-12-03,2019120301004326,JFL,3,58,90,192.00,"17,280.00"
2019-12-03,2019120301004188,JOSHI,17,38,20,53.00,"1,060.00"
2019-12-03,2019120301004320,JSLBB,50,18,10,"1,262.00","12,620.00"
2019-12-03,2019120301004179,JSLBB,22,38,64,"1,248.00","79,872.00"
2019-12-03,2019120301004178,JSLBB,34,38,10,"1,248.00","12,480.00"
2019-12-03,2019120301004177,JSLBB,34,38,50,"1,250.00","62,500.00"
2019-12-03,2019120301004152,JSLBB,45,38,90,"1,250.00","112,500.00"
2019-12-03,2019120301004136,JSLBB,45,38,210,"1,250.00","262,500.00"
2019-12-03,2019120301004117,JSLBB,45,52,50,"1,253.00","62,650.00"
2019-12-03,2019120301004116,JSLBB,10,52,20,"1,254.00","25,080.00"
2019-12-03,2019120301004071,JSLBB,10,18,80,"1,254.00","100,320.00"
2019-12-03,2019120301004135,JSLBB,34,38,200,"1,250.00","250,000.00"
2019-12-03,2019120301004134,JSLBB,25,38,10,"1,250.00","12,500.00"
2019-12-03,2019120301004133,JSLBB,40,38,100,"1,251.00","125,100.00"
2019-12-03,2019120301004132,JSLBB,38,38,300,"1,252.00","375,600.00"
2019-12-03,2019120301004131,JSLBB,10,38,90,"1,252.00","112,680.00"
2019-12-03,2019120301004118,JSLBB,10,52,110,"1,252.00","137,720.00"
2019-12-03,2019120301004284,KBL,58,32,10,180.00,"1,800.00"
2019-12-03,2019120301004263,KBL,52,55,"1,000",179.00,"179,000.00"
2019-12-03,2019120301004200,KBL,16,58,196,178.00,"34,888.00"
2019-12-03,2019120301004154,KBL,38,57,65,179.00,"11,635.00"
2019-12-03,2019120301004301,KPCL,52,59,70,81.00,"5,670.00"
2019-12-03,2019120301004139,KPCL,6,41,10,80.00,800.00
2019-12-03,2019120301003932,KPCL,13,29,10,79.00,790.00
2019-12-03,2019120301003904,KPCL,13,29,10,79.00,790.00
2019-12-03,2019120301003863,KPCL,13,11,10,79.00,790.00
2019-12-03,2019120301003966,KPCL,13,29,10,79.00,790.00
2019-12-03,2019120301003959,KPCL,13,29,10,79.00,790.00
2019-12-03,2019120301004189,KSBBL,47,41,100,133.00,"13,300.00"
2019-12-03,2019120301003954,LICN,25,22,10,925.00,"9,250.00"
2019-12-03,2019120301004130,MBL,28,43,285,215.00,"61,275.00"
2019-12-03,2019120301004129,MBL,28,34,"1,590",215.00,"341,850.00"
2019-12-03,2019120301004128,MBL,28,49,125,215.00,"26,875.00"
2019-12-03,2019120301004127,MBL,28,34,500,214.00,"107,000.00"
2019-12-03,2019120301003948,MDB,17,45,40,246.00,"9,840.00"
2019-12-03,2019120301004324,MEGA,42,55,100,181.00,"18,100.00"
2019-12-03,2019120301004218,MEGA,43,55,10,181.00,"1,810.00"
2019-12-03,2019120301003858,MEGA,58,55,300,181.00,"54,300.00"
2019-12-03,2019120301003857,MEGA,17,55,500,181.00,"90,500.00"
2019-12-03,2019120301003856,MEGA,58,55,591,181.00,"106,971.00"
2019-12-03,2019120301003860,MEGA,38,55,30,181.00,"5,430.00"
2019-12-03,2019120301003859,MEGA,41,55,140,181.00,"25,340.00"
2019-12-03,2019120301004076,MEGA,6,16,26,180.00,"4,680.00"
2019-12-03,2019120301004082,MEGA,45,16,"1,000",180.00,"180,000.00"
2019-12-03,2019120301004081,MEGA,33,16,300,180.00,"54,000.00"
2019-12-03,2019120301004080,MEGA,49,16,500,180.00,"90,000.00"
2019-12-03,2019120301004079,MEGA,1,16,500,180.00,"90,000.00"
2019-12-03,2019120301004078,MEGA,14,16,300,180.00,"54,000.00"
2019-12-03,2019120301004077,MEGA,13,16,165,180.00,"29,700.00"
2019-12-03,2019120301004086,MEGA,28,16,"2,418",180.00,"435,240.00"
2019-12-03,2019120301004085,MEGA,47,16,500,180.00,"90,000.00"
2019-12-03,2019120301004084,MEGA,26,16,100,180.00,"18,000.00"
2019-12-03,2019120301004083,MEGA,8,16,200,180.00,"36,000.00"
2019-12-03,2019120301003842,MHNL,52,58,10,77.00,770.00
2019-12-03,2019120301004100,MLBL,37,52,600,172.00,"103,200.00"
2019-12-03,2019120301004063,MLBL,37,34,500,172.00,"86,000.00"
2019-12-03,2019120301004255,MNBBL,57,25,90,305.00,"27,450.00"
2019-12-03,2019120301004254,MNBBL,59,25,10,305.00,"3,050.00"
2019-12-03,2019120301004251,MNBBL,7,45,42,306.00,"12,852.00"
2019-12-03,2019120301004215,MNBBL,29,45,500,306.00,"153,000.00"
2019-12-03,2019120301004074,MNBBL,35,45,25,306.00,"7,650.00"
2019-12-03,2019120301004067,MNBBL,22,45,20,306.00,"6,120.00"
2019-12-03,2019120301003906,MNBBL,45,48,259,309.00,"80,031.00"
2019-12-03,2019120301003877,MNBBL,45,48,241,309.00,"74,469.00"
2019-12-03,2019120301003876,MNBBL,58,48,500,309.00,"154,500.00"
2019-12-03,2019120301003875,MNBBL,22,48,24,309.00,"7,416.00"
2019-12-03,2019120301003874,MNBBL,35,48,20,309.00,"6,180.00"
2019-12-03,2019120301003873,MNBBL,57,48,90,309.00,"27,810.00"
2019-12-03,2019120301003912,MNBBL,45,48,200,308.00,"61,600.00"
2019-12-03,2019120301003911,MNBBL,57,48,100,308.00,"30,800.00"
2019-12-03,2019120301003910,MNBBL,13,48,300,308.00,"92,400.00"
2019-12-03,2019120301003909,MNBBL,7,48,38,308.00,"11,704.00"
2019-12-03,2019120301003908,MNBBL,35,48,20,309.00,"6,180.00"
2019-12-03,2019120301003907,MNBBL,7,48,36,309.00,"11,124.00"
2019-12-03,2019120301003944,MNBBL,25,45,100,306.00,"30,600.00"
2019-12-03,2019120301003943,MNBBL,42,45,200,306.00,"61,200.00"
2019-12-03,2019120301003942,MNBBL,34,45,10,306.00,"3,060.00"
2019-12-03,2019120301003915,MNBBL,59,48,200,307.00,"61,400.00"
2019-12-03,2019120301003914,MNBBL,25,48,100,307.00,"30,700.00"
2019-12-03,2019120301003913,MNBBL,28,48,500,308.00,"154,000.00"
2019-12-03,2019120301004038,MNBBL,57,45,100,306.00,"30,600.00"
2019-12-03,2019120301004014,MNBBL,7,45,40,306.00,"12,240.00"
2019-12-03,2019120301003986,MNBBL,35,45,20,306.00,"6,120.00"
2019-12-03,2019120301003947,MNBBL,25,45,50,306.00,"15,300.00"
2019-12-03,2019120301003946,MNBBL,33,45,100,306.00,"30,600.00"
2019-12-03,2019120301003945,MNBBL,47,45,200,306.00,"61,200.00"
2019-12-03,2019120301003936,MSMBS,40,37,80,467.00,"37,360.00"
2019-12-03,2019120301003935,MSMBS,47,37,10,470.00,"4,700.00"
2019-12-03,2019120301003934,MSMBS,42,37,10,471.00,"4,710.00"
2019-12-03,2019120301004227,NABIL,11,43,42,725.00,"30,450.00"
2019-12-03,2019120301004226,NABIL,35,43,10,725.00,"7,250.00"
2019-12-03,2019120301004225,NABIL,39,43,27,725.00,"19,575.00"
2019-12-03,2019120301004060,NABIL,39,42,53,725.00,"38,425.00"
2019-12-03,2019120301004059,NABIL,44,42,22,725.00,"15,950.00"
2019-12-03,2019120301003883,NABIL,32,42,60,726.00,"43,560.00"
2019-12-03,2019120301004252,NBB,48,13,200,200.00,"40,000.00"
2019-12-03,2019120301004224,NBL,6,22,100,312.00,"31,200.00"
2019-12-03,2019120301004303,NCCB,21,1,100,198.00,"19,800.00"
2019-12-03,2019120301004302,NCCB,4,1,71,198.00,"14,058.00"
2019-12-03,2019120301004262,NCCB,4,56,29,198.00,"5,742.00"
2019-12-03,2019120301004261,NCCB,22,56,50,198.00,"9,900.00"
2019-12-03,2019120301004245,NCCB,33,1,10,199.00,"1,990.00"
2019-12-03,2019120301004183,NCCB,58,34,500,198.00,"99,000.00"
2019-12-03,2019120301003850,NCCB,48,36,65,199.00,"12,935.00"
2019-12-03,2019120301003974,NCCB,58,33,230,198.00,"45,540.00"
2019-12-03,2019120301003973,NCCB,58,33,100,198.00,"19,800.00"
2019-12-03,2019120301003972,NCCB,49,33,500,198.00,"99,000.00"
2019-12-03,2019120301003971,NCCB,58,33,100,198.00,"19,800.00"
2019-12-03,2019120301003970,NCCB,22,33,70,198.00,"13,860.00"
2019-12-03,2019120301003886,NCCB,48,1,66,199.00,"13,134.00"
2019-12-03,2019120301004138,NEF,7,22,100,7.57,757.00
2019-12-03,2019120301004167,NHPC,58,26,200,51.00,"10,200.00"
2019-12-03,2019120301004323,NICA,4,34,20,405.00,"8,100.00"
2019-12-03,2019120301004250,NICA,41,34,163,405.00,"66,015.00"
2019-12-03,2019120301004249,NICA,41,4,200,405.00,"81,000.00"
2019-12-03,2019120301004248,NICA,41,42,137,405.00,"55,485.00"
2019-12-03,2019120301004244,NICA,34,29,14,403.00,"5,642.00"
2019-12-03,2019120301004243,NICA,42,29,100,403.00,"40,300.00"
2019-12-03,2019120301004039,NICA,38,42,200,405.00,"81,000.00"
2019-12-03,2019120301003933,NICA,38,42,200,405.00,"81,000.00"
2019-12-03,2019120301004242,NICA,17,29,100,403.00,"40,300.00"
2019-12-03,2019120301004241,NICA,45,29,500,403.00,"201,500.00"
2019-12-03,2019120301004240,NICA,25,29,136,403.00,"54,808.00"
2019-12-03,2019120301004239,NICA,19,29,50,404.00,"20,200.00"
2019-12-03,2019120301004170,NICA,25,42,64,403.00,"25,792.00"
2019-12-03,2019120301004169,NICA,34,42,140,403.00,"56,420.00"
2019-12-03,2019120301004296,NLG,6,38,26,509.00,"13,234.00"
2019-12-03,2019120301004317,NLIC,4,51,40,842.00,"33,680.00"
2019-12-03,2019120301004304,NLIC,4,51,10,842.00,"8,420.00"
2019-12-03,2019120301004281,NLIC,51,44,71,845.00,"59,995.00"
2019-12-03,2019120301004280,NLIC,51,36,181,844.00,"152,764.00"
2019-12-03,2019120301004279,NLIC,51,43,100,844.00,"84,400.00"
2019-12-03,2019120301004278,NLIC,51,43,200,844.00,"168,800.00"
2019-12-03,2019120301004030,NLIC,57,53,70,843.00,"59,010.00"
2019-12-03,2019120301004029,NLIC,50,53,100,844.00,"84,400.00"
2019-12-03,2019120301004028,NLIC,53,53,38,845.00,"32,110.00"
2019-12-03,2019120301003994,NLIC,53,13,12,845.00,"10,140.00"
2019-12-03,2019120301004277,NLIC,51,36,20,843.00,"16,860.00"
2019-12-03,2019120301004142,NLIC,40,53,44,843.00,"37,092.00"
2019-12-03,2019120301004091,NLIC,42,38,50,841.00,"42,050.00"
2019-12-03,2019120301004090,NLIC,42,38,121,843.00,"102,003.00"
2019-12-03,2019120301004032,NLIC,13,53,48,843.00,"40,464.00"
2019-12-03,2019120301004031,NLIC,40,53,200,843.00,"168,600.00"
2019-12-03,2019120301004294,NLICL,43,44,10,424.00,"4,240.00"
2019-12-03,2019120301004305,NMB,36,4,200,385.00,"77,000.00"
2019-12-03,2019120301004293,NMB,35,48,243,384.00,"93,312.00"
2019-12-03,2019120301004292,NMB,45,48,50,384.00,"19,200.00"
2019-12-03,2019120301004291,NMB,13,48,100,384.00,"38,400.00"
2019-12-03,2019120301004290,NMB,19,48,50,384.00,"19,200.00"
2019-12-03,2019120301004289,NMB,21,48,200,384.00,"76,800.00"
2019-12-03,2019120301003837,NMB,49,33,12,385.00,"4,620.00"
2019-12-03,2019120301003836,NMB,49,58,237,385.00,"91,245.00"
2019-12-03,2019120301004055,NMB,38,6,52,385.00,"20,020.00"
2019-12-03,2019120301004054,NMB,38,59,800,385.00,"308,000.00"
2019-12-03,2019120301004053,NMB,38,45,124,385.00,"47,740.00"
2019-12-03,2019120301003930,NMB,51,45,100,385.00,"38,500.00"
2019-12-03,2019120301003916,NMB,39,45,100,385.00,"38,500.00"
2019-12-03,2019120301003838,NMB,49,45,51,385.00,"19,635.00"
2019-12-03,2019120301004288,NMB,43,48,"1,000",384.00,"384,000.00"
2019-12-03,2019120301004287,NMB,57,48,100,384.00,"38,400.00"
2019-12-03,2019120301004286,NMB,16,48,257,384.00,"98,688.00"
2019-12-03,2019120301004166,NMB,7,4,40,385.00,"15,400.00"
2019-12-03,2019120301004073,NMB,17,4,10,385.00,"3,850.00"
2019-12-03,2019120301004056,NMB,38,4,24,385.00,"9,240.00"
2019-12-03,2019120301004300,NMFBS,33,32,10,"1,180.00","11,800.00"
2019-12-03,2019120301004269,NMFBS,5,18,100,"1,171.00","117,100.00"
2019-12-03,2019120301004266,NMFBS,33,32,10,"1,180.00","11,800.00"
2019-12-03,2019120301004272,NTC,32,44,50,630.00,"31,500.00"
2019-12-03,2019120301004182,NTC,59,44,10,630.00,"6,300.00"
2019-12-03,2019120301004164,NTC,28,8,345,620.00,"213,900.00"
2019-12-03,2019120301004163,NTC,34,8,100,620.00,"62,000.00"
2019-12-03,2019120301004162,NTC,44,8,50,625.00,"31,250.00"
2019-12-03,2019120301004155,NTC,34,8,50,628.00,"31,400.00"
2019-12-03,2019120301004099,NTC,49,44,48,630.00,"30,240.00"
2019-12-03,2019120301004161,NTC,52,8,50,625.00,"31,250.00"
2019-12-03,2019120301004160,NTC,34,8,100,626.00,"62,600.00"
2019-12-03,2019120301004159,NTC,59,8,10,626.00,"6,260.00"
2019-12-03,2019120301004158,NTC,52,8,500,626.00,"313,000.00"
2019-12-03,2019120301004157,NTC,52,8,300,626.00,"187,800.00"
2019-12-03,2019120301004156,NTC,19,8,150,627.00,"94,050.00"
2019-12-03,2019120301003928,NUBL,43,28,200,881.00,"176,200.00"
2019-12-03,2019120301003951,OHL,41,55,100,405.00,"40,500.00"
2019-12-03,2019120301003950,OHL,45,55,10,405.00,"4,050.00"
2019-12-03,2019120301003889,OHL,45,55,350,406.00,"142,100.00"
2019-12-03,2019120301004321,PCBL,47,1,500,270.00,"135,000.00"
2019-12-03,2019120301004203,PCBL,57,1,325,270.00,"87,750.00"
2019-12-03,2019120301004202,PCBL,57,1,875,270.00,"236,250.00"
2019-12-03,2019120301004168,PCBL,39,41,30,269.00,"8,070.00"
2019-12-03,2019120301003953,PCBL,21,1,50,270.00,"13,500.00"
2019-12-03,2019120301004051,PFL,17,14,39,140.00,"5,460.00"
2019-12-03,2019120301004050,PFL,58,14,161,140.00,"22,540.00"
2019-12-03,2019120301004024,PIC,38,56,85,339.00,"28,815.00"
2019-12-03,2019120301004048,PICL,6,49,20,354.00,"7,080.00"
2019-12-03,2019120301004025,PICL,6,8,805,350.00,"281,750.00"
2019-12-03,2019120301004008,PICL,56,8,50,351.00,"17,550.00"
2019-12-03,2019120301004007,PICL,56,8,25,352.00,"8,800.00"
2019-12-03,2019120301004006,PICL,52,8,20,353.00,"7,060.00"
2019-12-03,2019120301003893,PICL,56,49,10,354.00,"3,540.00"
2019-12-03,2019120301004315,PRIN,36,29,50,294.00,"14,700.00"
2019-12-03,2019120301004314,PRIN,14,29,100,294.00,"29,400.00"
2019-12-03,2019120301004313,PRIN,43,29,50,294.00,"14,700.00"
2019-12-03,2019120301004312,PRIN,18,29,171,294.00,"50,274.00"
2019-12-03,2019120301004268,PRIN,17,44,500,299.00,"149,500.00"
2019-12-03,2019120301004026,PRIN,42,44,14,299.00,"4,186.00"
2019-12-03,2019120301004247,PRVU,38,49,110,224.00,"24,640.00"
2019-12-03,2019120301004246,PRVU,38,16,890,224.00,"199,360.00"
2019-12-03,2019120301004180,PRVU,38,38,500,223.00,"111,500.00"
2019-12-03,2019120301003937,PRVU,32,16,50,224.00,"11,200.00"
2019-12-03,2019120301004070,RBCLPO,59,28,11,"7,100.00","78,100.00"
2019-12-03,2019120301003958,RHPC,32,28,450,74.00,"33,300.00"
2019-12-03,2019120301004213,RHPL,45,38,40,169.00,"6,760.00"
2019-12-03,2019120301004115,RHPL,45,41,10,169.00,"1,690.00"
2019-12-03,2019120301004101,RHPL,45,45,40,169.00,"6,760.00"
2019-12-03,2019120301004088,RHPL,19,38,20,170.00,"3,400.00"
2019-12-03,2019120301004064,RHPL,19,45,40,170.00,"6,800.00"
2019-12-03,2019120301004052,RHPL,19,38,50,170.00,"8,500.00"
2019-12-03,2019120301003864,RHPL,49,38,40,170.00,"6,800.00"
2019-12-03,2019120301003852,RHPL,49,16,30,170.00,"5,100.00"
2019-12-03,2019120301003851,RHPL,49,21,40,170.00,"6,800.00"
2019-12-03,2019120301003843,RHPL,49,38,40,170.00,"6,800.00"
2019-12-03,2019120301003832,RHPL,49,21,40,170.00,"6,800.00"
2019-12-03,2019120301003897,RHPL,25,6,40,170.00,"6,800.00"
2019-12-03,2019120301003896,RHPL,25,21,50,170.00,"8,500.00"
2019-12-03,2019120301003892,RHPL,49,6,10,170.00,"1,700.00"
2019-12-03,2019120301003878,RHPL,49,21,40,170.00,"6,800.00"
2019-12-03,2019120301003872,RHPL,49,38,40,170.00,"6,800.00"
2019-12-03,2019120301003865,RHPL,49,21,40,170.00,"6,800.00"
2019-12-03,2019120301003952,RHPL,58,21,40,170.00,"6,800.00"
2019-12-03,2019120301003949,RHPL,58,38,40,170.00,"6,800.00"
2019-12-03,2019120301003931,RHPL,45,21,40,169.00,"6,760.00"
2019-12-03,2019120301003922,RHPL,45,38,20,169.00,"3,380.00"
2019-12-03,2019120301003899,RHPL,25,38,20,170.00,"3,400.00"
2019-12-03,2019120301003898,RHPL,25,21,40,170.00,"6,800.00"
2019-12-03,2019120301004035,RHPL,19,45,40,170.00,"6,800.00"
2019-12-03,2019120301004020,RHPL,19,40,10,170.00,"1,700.00"
2019-12-03,2019120301004011,RHPL,45,21,50,169.00,"8,450.00"
2019-12-03,2019120301003989,RHPL,45,21,40,169.00,"6,760.00"
2019-12-03,2019120301003975,RHPL,45,21,50,169.00,"8,450.00"
2019-12-03,2019120301003965,RHPL,45,21,40,169.00,"6,760.00"
2019-12-03,2019120301004196,RLFL,57,16,10,108.00,"1,080.00"
2019-12-03,2019120301004066,RRHP,47,29,10,98.00,980.00
2019-12-03,2019120301004049,RRHP,47,29,10,98.00,980.00
2019-12-03,2019120301004037,RRHP,47,34,10,98.00,980.00
2019-12-03,2019120301004012,RRHP,47,29,10,98.00,980.00
2019-12-03,2019120301004018,RSDC,38,28,57,282.00,"16,074.00"
2019-12-03,2019120301004010,RSDC,17,28,150,282.00,"42,300.00"
2019-12-03,2019120301003926,RSDC,38,28,50,283.00,"14,150.00"
2019-12-03,2019120301003925,RSDC,7,28,10,283.00,"2,830.00"
2019-12-03,2019120301004016,SABSL,19,11,10,484.00,"4,840.00"
2019-12-03,2019120301003871,SABSL,46,19,170,481.00,"81,770.00"
2019-12-03,2019120301004181,SANIMA,42,19,200,304.00,"60,800.00"
2019-12-03,2019120301004153,SANIMA,42,56,443,304.00,"134,672.00"
2019-12-03,2019120301004013,SANIMA,43,56,400,304.00,"121,600.00"
2019-12-03,2019120301003993,SANIMA,45,56,500,304.00,"152,000.00"
2019-12-03,2019120301003992,SANIMA,16,56,109,304.00,"33,136.00"
2019-12-03,2019120301003991,SANIMA,46,56,200,304.00,"60,800.00"
2019-12-03,2019120301003963,SANIMA,16,39,56,304.00,"17,024.00"
2019-12-03,2019120301004192,SAPDBL,14,41,10,115.00,"1,150.00"
2019-12-03,2019120301003831,SAPDBL,10,48,300,116.00,"34,800.00"
2019-12-03,2019120301003830,SAPDBL,49,48,100,116.00,"11,600.00"
2019-12-03,2019120301003829,SAPDBL,57,48,500,116.00,"58,000.00"
2019-12-03,2019120301003828,SAPDBL,58,48,170,116.00,"19,720.00"
2019-12-03,2019120301004260,SCB,35,6,46,526.00,"24,196.00"
2019-12-03,2019120301004259,SCB,48,6,84,526.00,"44,184.00"
2019-12-03,2019120301004311,SFFIL,42,41,60,164.00,"9,840.00"
2019-12-03,2019120301004310,SFFIL,14,41,30,164.00,"4,920.00"
2019-12-03,2019120301004309,SFFIL,4,41,10,164.00,"1,640.00"
2019-12-03,2019120301004308,SHINE,57,51,14,223.00,"3,122.00"
2019-12-03,2019120301004217,SHINE,44,11,39,224.00,"8,736.00"
2019-12-03,2019120301004123,SHINE,29,48,"1,000",223.00,"223,000.00"
2019-12-03,2019120301004001,SHINE,7,48,300,222.00,"66,600.00"
2019-12-03,2019120301004000,SHINE,34,48,"1,000",222.00,"222,000.00"
2019-12-03,2019120301003999,SHINE,57,48,100,222.00,"22,200.00"
2019-12-03,2019120301003845,SHINE,38,48,712,223.00,"158,776.00"
2019-12-03,2019120301003998,SHINE,36,48,10,222.00,"2,220.00"
2019-12-03,2019120301003997,SHINE,6,48,500,222.00,"111,000.00"
2019-12-03,2019120301003996,SHINE,29,48,235,222.00,"52,170.00"
2019-12-03,2019120301003995,SHINE,45,48,200,223.00,"44,600.00"
2019-12-03,2019120301003847,SHINE,48,48,100,223.00,"22,300.00"
2019-12-03,2019120301003846,SHINE,14,48,100,223.00,"22,300.00"
2019-12-03,2019120301004316,SHIVM,3,21,150,389.00,"58,350.00"
2019-12-03,2019120301004267,SHIVM,47,34,10,390.00,"3,900.00"
2019-12-03,2019120301004174,SHIVM,45,26,750,386.00,"289,500.00"
2019-12-03,2019120301003924,SHIVM,52,35,200,390.00,"78,000.00"
2019-12-03,2019120301003923,SHIVM,52,45,50,390.00,"19,500.00"
2019-12-03,2019120301003891,SHIVM,17,45,350,390.00,"136,500.00"
2019-12-03,2019120301003890,SHIVM,17,41,150,390.00,"58,500.00"
2019-12-03,2019120301003870,SHPC,57,38,500,183.00,"91,500.00"
2019-12-03,2019120301003983,SIC,42,39,41,414.00,"16,974.00"
2019-12-03,2019120301004319,SJCL,16,16,10,156.00,"1,560.00"
2019-12-03,2019120301004318,SJCL,16,16,"1,425",154.00,"219,450.00"
2019-12-03,2019120301004228,SJCL,43,38,20,153.00,"3,060.00"
2019-12-03,2019120301004151,SJCL,13,16,500,154.00,"77,000.00"
2019-12-03,2019120301003854,SJCL,57,38,20,155.00,"3,100.00"
2019-12-03,2019120301003853,SJCL,57,21,10,155.00,"1,550.00"
2019-12-03,2019120301003841,SJCL,57,16,20,155.00,"3,100.00"
2019-12-03,2019120301003881,SJCL,57,21,20,155.00,"3,100.00"
2019-12-03,2019120301003880,SJCL,57,38,20,155.00,"3,100.00"
2019-12-03,2019120301003869,SJCL,57,38,20,155.00,"3,100.00"
2019-12-03,2019120301003862,SJCL,57,21,20,155.00,"3,100.00"
2019-12-03,2019120301003956,SJCL,57,21,20,155.00,"3,100.00"
2019-12-03,2019120301003955,SJCL,57,38,20,155.00,"3,100.00"
2019-12-03,2019120301003921,SJCL,57,21,20,155.00,"3,100.00"
2019-12-03,2019120301003905,SJCL,57,38,20,155.00,"3,100.00"
2019-12-03,2019120301003901,SJCL,57,21,20,155.00,"3,100.00"
2019-12-03,2019120301003885,SJCL,57,21,20,155.00,"3,100.00"
2019-12-03,2019120301004019,SJCL,57,21,20,155.00,"3,100.00"
2019-12-03,2019120301004017,SJCL,57,34,20,155.00,"3,100.00"
2019-12-03,2019120301004004,SJCL,57,21,20,155.00,"3,100.00"
2019-12-03,2019120301004002,SJCL,57,21,20,155.00,"3,100.00"
2019-12-03,2019120301003990,SJCL,57,40,10,155.00,"1,550.00"
2019-12-03,2019120301003962,SJCL,57,21,20,155.00,"3,100.00"
2019-12-03,2019120301004075,SJCL,57,21,20,155.00,"3,100.00"
2019-12-03,2019120301004065,SJCL,57,21,20,155.00,"3,100.00"
2019-12-03,2019120301004062,SJCL,57,21,20,155.00,"3,100.00"
2019-12-03,2019120301004045,SJCL,57,21,20,155.00,"3,100.00"
2019-12-03,2019120301004027,SJCL,57,21,20,155.00,"3,100.00"
2019-12-03,2019120301004092,SJCL,57,21,20,155.00,"3,100.00"
2019-12-03,2019120301004089,SJCL,57,41,10,155.00,"1,550.00"
2019-12-03,2019120301004150,SJCL,40,16,500,154.00,"77,000.00"
2019-12-03,2019120301004149,SJCL,14,16,"1,700",154.00,"261,800.00"
2019-12-03,2019120301004148,SJCL,56,16,25,154.00,"3,850.00"
2019-12-03,2019120301004147,SJCL,25,16,20,154.00,"3,080.00"
2019-12-03,2019120301004146,SJCL,52,16,500,155.00,"77,500.00"
2019-12-03,2019120301004145,SJCL,57,16,420,155.00,"65,100.00"
2019-12-03,2019120301004124,SKBBL,29,43,50,916.00,"45,800.00"
2019-12-03,2019120301004015,SKBBL,41,52,100,913.00,"91,300.00"
2019-12-03,2019120301004190,SLBBL,52,39,70,480.00,"33,600.00"
2019-12-03,2019120301004114,SLBSL,55,6,10,751.00,"7,510.00"
2019-12-03,2019120301004113,SLBSL,55,18,50,751.00,"37,550.00"
2019-12-03,2019120301004112,SLBSL,55,11,99,750.00,"74,250.00"
2019-12-03,2019120301004111,SLBSL,55,41,10,750.00,"7,500.00"
2019-12-03,2019120301004110,SLBSL,55,48,150,750.00,"112,500.00"
2019-12-03,2019120301004109,SLBSL,55,38,300,750.00,"225,000.00"
2019-12-03,2019120301003868,SLBSL,6,36,70,745.00,"52,150.00"
2019-12-03,2019120301003867,SLBSL,6,28,30,745.00,"22,350.00"
2019-12-03,2019120301004108,SLBSL,55,42,20,750.00,"15,000.00"
2019-12-03,2019120301004107,SLBSL,55,53,10,750.00,"7,500.00"
2019-12-03,2019120301004106,SLBSL,55,38,10,750.00,"7,500.00"
2019-12-03,2019120301004105,SLBSL,55,36,100,748.00,"74,800.00"
2019-12-03,2019120301004104,SLBSL,55,45,40,746.00,"29,840.00"
2019-12-03,2019120301004103,SLBSL,55,36,30,745.00,"22,350.00"
2019-12-03,2019120301004126,SLICL,25,25,10,249.00,"2,490.00"
2019-12-03,2019120301003887,SMATA,40,43,80,486.00,"38,880.00"
2019-12-03,2019120301004205,SMFBS,34,47,10,789.00,"7,890.00"
2019-12-03,2019120301004214,SMFDB,26,41,47,505.00,"23,735.00"
2019-12-03,2019120301004172,SRBL,43,49,500,213.00,"106,500.00"
2019-12-03,2019120301004199,SWBBL,26,28,200,930.00,"186,000.00"
2019-12-03,2019120301004230,UIC,17,13,200,221.00,"44,200.00"
2019-12-03,2019120301004229,UIC,17,17,200,220.00,"44,000.00"
2019-12-03,2019120301004285,UPPER,22,41,500,230.00,"115,000.00"
2019-12-03,2019120301004121,UPPER,22,58,97,230.00,"22,310.00"
2019-12-03,2019120301004120,UPPER,22,58,50,230.00,"11,500.00"
2019-12-03,2019120301004119,UPPER,6,58,103,230.00,"23,690.00"
2019-12-03,2019120301004102,UPPER,6,29,10,230.00,"2,300.00"
2019-12-03,2019120301004034,UPPER,6,38,287,230.00,"66,010.00"
2019-12-03,2019120301004033,UPPER,39,38,420,230.00,"96,600.00"
2019-12-03,2019120301003824,AKBSL,7,14,30,433.00,"12,990.00"
2019-12-03,2019120301003781,AKBSL,7,3,20,432.00,"8,640.00"
2019-12-03,2019120301003759,AKBSL,52,38,10,429.00,"4,290.00"
2019-12-03,2019120301003723,AKBSL,52,43,10,429.00,"4,290.00"
2019-12-03,2019120301003509,AKBSL,52,41,10,429.00,"4,290.00"
2019-12-03,2019120301003410,AKBSL,52,52,10,429.00,"4,290.00"
2019-12-03,2019120301003694,AKJCL,51,42,490,56.00,"27,440.00"
2019-12-03,2019120301003543,AKJCL,51,56,10,56.00,560.00
2019-12-03,2019120301003725,AKPL,1,6,10,116.00,"1,160.00"
2019-12-03,2019120301003597,AKPL,10,41,500,117.00,"58,500.00"
2019-12-03,2019120301003476,ALICL,50,35,49,316.00,"15,484.00"
2019-12-03,2019120301003475,ALICL,14,35,200,316.00,"63,200.00"
2019-12-03,2019120301003801,API,38,39,20,101.00,"2,020.00"
2019-12-03,2019120301003800,API,58,39,100,101.00,"10,100.00"
2019-12-03,2019120301003799,API,59,39,73,101.00,"7,373.00"
2019-12-03,2019120301003640,API,25,52,50,102.00,"5,100.00"
2019-12-03,2019120301003492,API,59,38,10,101.00,"1,010.00"
2019-12-03,2019120301003791,BOKL,16,5,"2,000",212.00,"424,000.00"
2019-12-03,2019120301003790,BOKL,35,5,30,212.00,"6,360.00"
2019-12-03,2019120301003789,BOKL,34,5,200,212.00,"42,400.00"
2019-12-03,2019120301003613,BOKL,13,5,500,212.00,"106,000.00"
2019-12-03,2019120301003612,BOKL,39,5,100,212.00,"21,200.00"
2019-12-03,2019120301003611,BOKL,7,5,100,212.00,"21,200.00"
2019-12-03,2019120301003398,BOKL,52,29,34,214.00,"7,276.00"
2019-12-03,2019120301003338,BOKL,56,57,15,213.00,"3,195.00"
2019-12-03,2019120301003610,BOKL,56,5,535,213.00,"113,955.00"
2019-12-03,2019120301003601,BOKL,38,49,10,214.00,"2,140.00"
2019-12-03,2019120301003591,BOKL,52,49,36,214.00,"7,704.00"
2019-12-03,2019120301003487,BOKL,52,44,200,214.00,"42,800.00"
2019-12-03,2019120301003400,BOKL,52,42,300,214.00,"64,200.00"
2019-12-03,2019120301003399,BOKL,52,47,430,214.00,"92,020.00"
2019-12-03,2019120301003813,BPCL,47,43,136,330.00,"44,880.00"
2019-12-03,2019120301003812,BPCL,5,43,100,330.00,"33,000.00"
2019-12-03,2019120301003811,BPCL,47,43,70,330.00,"23,100.00"
2019-12-03,2019120301003578,BPCL,4,43,20,330.00,"6,600.00"
2019-12-03,2019120301003577,BPCL,6,43,120,330.00,"39,600.00"
2019-12-03,2019120301003576,BPCL,11,43,200,330.00,"66,000.00"
2019-12-03,2019120301003551,BPCL,25,59,136,331.00,"45,016.00"
2019-12-03,2019120301003505,BPCL,29,59,50,331.00,"16,550.00"
2019-12-03,2019120301003504,BPCL,56,59,200,331.00,"66,200.00"
2019-12-03,2019120301003503,BPCL,22,59,100,331.00,"33,100.00"
2019-12-03,2019120301003491,BPCL,22,59,500,332.00,"166,000.00"
2019-12-03,2019120301003330,CBBL,39,11,10,768.00,"7,680.00"
2019-12-03,2019120301003807,CCBL,49,45,906,162.00,"146,772.00"
2019-12-03,2019120301003785,CCBL,16,45,44,162.00,"7,128.00"
2019-12-03,2019120301003784,CCBL,49,45,"2,050",162.00,"332,100.00"
2019-12-03,2019120301003751,CCBL,49,45,"2,950",162.00,"477,900.00"
2019-12-03,2019120301003728,CCBL,3,45,50,162.00,"8,100.00"
2019-12-03,2019120301003332,CCBL,44,44,6,159.00,954.00
2019-12-03,2019120301003359,CCBL,49,10,100,161.00,"16,100.00"
2019-12-03,2019120301003580,CCBL,16,34,300,162.00,"48,600.00"
2019-12-03,2019120301003545,CCBL,16,51,156,162.00,"25,272.00"
2019-12-03,2019120301003331,CFCL,55,57,153,112.00,"17,136.00"
2019-12-03,2019120301003354,CHCL,4,11,390,356.00,"138,840.00"
2019-12-03,2019120301003344,CIT,56,25,100,"1,700.00","170,000.00"
2019-12-03,2019120301003343,CIT,34,25,30,"1,700.00","51,000.00"
2019-12-03,2019120301003342,CIT,49,25,60,"1,700.00","102,000.00"
2019-12-03,2019120301003402,CMF1,43,22,"3,210",8.75,"28,087.50"
2019-12-03,2019120301003381,CMF1,34,22,500,8.80,"4,400.00"
2019-12-03,2019120301003692,CZBIL,7,1,49,183.00,"8,967.00"
2019-12-03,2019120301003691,CZBIL,29,1,731,183.00,"133,773.00"
2019-12-03,2019120301003682,CZBIL,29,51,200,183.00,"36,600.00"
2019-12-03,2019120301003366,CZBIL,29,10,100,183.00,"18,300.00"
2019-12-03,2019120301003363,CZBIL,28,35,417,184.00,"76,728.00"
2019-12-03,2019120301003362,CZBIL,28,20,100,184.00,"18,400.00"
2019-12-03,2019120301003361,CZBIL,28,44,256,184.00,"47,104.00"
2019-12-03,2019120301003675,DBBL,39,29,88,121.00,"10,648.00"
2019-12-03,2019120301003490,DBBL,26,35,414,120.00,"49,680.00"
2019-12-03,2019120301003489,DBBL,42,35,13,121.00,"1,573.00"
2019-12-03,2019120301003421,DBBL,22,29,500,121.00,"60,500.00"
2019-12-03,2019120301003431,DDBL,26,28,33,724.00,"23,892.00"
2019-12-03,2019120301003430,DDBL,26,6,12,724.00,"8,688.00"
2019-12-03,2019120301003684,DHPL,22,11,90,53.00,"4,770.00"
2019-12-03,2019120301003607,EBL,38,25,152,541.00,"82,232.00"
2019-12-03,2019120301003606,EBL,38,25,200,541.00,"108,200.00"
2019-12-03,2019120301003605,EBL,45,25,100,541.00,"54,100.00"
2019-12-03,2019120301003604,EBL,6,25,"1,000",542.00,"542,000.00"
2019-12-03,2019120301003603,EBL,55,25,200,542.00,"108,400.00"
2019-12-03,2019120301003512,EDBL,58,28,180,279.00,"50,220.00"
2019-12-03,2019120301003413,EDBL,21,28,15,279.00,"4,185.00"
2019-12-03,2019120301003393,EDBL,35,17,253,278.00,"70,334.00"
2019-12-03,2019120301003392,EDBL,35,17,315,278.00,"87,570.00"
2019-12-03,2019120301003646,EIC,29,36,60,207.00,"12,420.00"
2019-12-03,2019120301003609,EIC,38,36,10,207.00,"2,070.00"
2019-12-03,2019120301003468,EIC,39,36,200,207.00,"41,400.00"
2019-12-03,2019120301003467,EIC,58,36,20,207.00,"4,140.00"
2019-12-03,2019120301003369,EIC,49,10,50,208.00,"10,400.00"
2019-12-03,2019120301003357,EIC,52,10,50,208.00,"10,400.00"
2019-12-03,2019120301003808,FMDBL,59,25,315,299.00,"94,185.00"
2019-12-03,2019120301003755,FOWAD,45,40,66,"1,341.00","88,506.00"
2019-12-03,2019120301003740,FOWAD,45,57,25,"1,341.00","33,525.00"
2019-12-03,2019120301003506,FOWAD,29,40,34,"1,345.00","45,730.00"
2019-12-03,2019120301003360,FOWAD,29,52,10,"1,345.00","13,450.00"
2019-12-03,2019120301003353,FOWAD,29,53,130,"1,345.00","174,850.00"
2019-12-03,2019120301003352,FOWAD,53,53,70,"1,346.00","94,220.00"
2019-12-03,2019120301003546,GBBL,25,34,200,194.00,"38,800.00"
2019-12-03,2019120301003797,GFCL,10,58,282,129.00,"36,378.00"
2019-12-03,2019120301003775,GFCL,59,58,50,129.00,"6,450.00"
2019-12-03,2019120301003405,GILB,16,33,180,757.00,"136,260.00"
2019-12-03,2019120301003404,GILB,19,33,50,757.00,"37,850.00"
2019-12-03,2019120301003535,GLBSL,45,7,50,395.00,"19,750.00"
2019-12-03,2019120301003534,GLBSL,57,7,30,398.00,"11,940.00"
2019-12-03,2019120301003533,GLBSL,7,7,10,399.00,"3,990.00"
2019-12-03,2019120301003620,GMFBS,54,10,369,498.00,"183,762.00"
2019-12-03,2019120301003600,GMFBS,54,43,150,498.00,"74,700.00"
2019-12-03,2019120301003575,GMFBS,54,32,100,498.00,"49,800.00"
2019-12-03,2019120301003573,GMFBS,54,32,100,498.00,"49,800.00"
2019-12-03,2019120301003436,GMFBS,1,22,73,499.00,"36,427.00"
2019-12-03,2019120301003391,GMFBS,1,22,80,499.00,"39,920.00"
2019-12-03,2019120301003380,GMFBS,1,7,200,499.00,"99,800.00"
2019-12-03,2019120301003378,GMFBS,1,57,10,500.00,"5,000.00"
2019-12-03,2019120301003377,GMFBS,1,45,23,500.00,"11,500.00"
2019-12-03,2019120301003376,GMFBS,1,57,10,500.00,"5,000.00"
2019-12-03,2019120301003375,GMFBS,1,57,10,500.00,"5,000.00"
2019-12-03,2019120301003374,GMFBS,1,57,10,500.00,"5,000.00"
2019-12-03,2019120301003750,GUFL,41,58,55,108.00,"5,940.00"
2019-12-03,2019120301003429,HBL,59,17,10,480.00,"4,800.00"
2019-12-03,2019120301003817,HDL,45,34,50,"1,230.00","61,500.00"
2019-12-03,2019120301003816,HDL,45,51,20,"1,230.00","24,600.00"
2019-12-03,2019120301003572,HGI,25,29,50,238.00,"11,900.00"
2019-12-03,2019120301003356,HGI,56,48,91,237.00,"21,567.00"
2019-12-03,2019120301003412,HIDCL,4,40,37,131.00,"4,847.00"
2019-12-03,2019120301003730,HPPL,51,6,10,133.00,"1,330.00"
2019-12-03,2019120301003625,HPPL,51,43,10,133.00,"1,330.00"
2019-12-03,2019120301003473,HPPL,51,42,20,133.00,"2,660.00"
2019-12-03,2019120301003677,HURJA,42,34,95,99.00,"9,405.00"
2019-12-03,2019120301003594,ILBS,28,25,10,488.00,"4,880.00"
2019-12-03,2019120301003396,ILBS,28,45,40,490.00,"19,600.00"
2019-12-03,2019120301003661,JBBL,41,17,165,158.00,"26,070.00"
2019-12-03,2019120301003514,JBBL,25,35,943,157.00,"148,051.00"
2019-12-03,2019120301003513,JBBL,51,35,274,157.00,"43,018.00"
2019-12-03,2019120301003483,JBBL,49,13,85,158.00,"13,430.00"
2019-12-03,2019120301003482,JBBL,20,13,721,158.00,"113,918.00"
2019-12-03,2019120301003422,JBBL,22,32,60,159.00,"9,540.00"
2019-12-03,2019120301003823,JOSHI,17,4,20,51.00,"1,020.00"
2019-12-03,2019120301003674,JOSHI,41,43,20,52.00,"1,040.00"
2019-12-03,2019120301003350,JOSHI,17,57,20,51.00,"1,020.00"
2019-12-03,2019120301003587,JSLBB,34,18,100,"1,260.00","126,000.00"
2019-12-03,2019120301003351,JSLBB,38,11,29,"1,280.00","37,120.00"
2019-12-03,2019120301003335,JSLBB,38,45,100,"1,282.00","128,200.00"
2019-12-03,2019120301003334,JSLBB,38,44,100,"1,282.00","128,200.00"
2019-12-03,2019120301003531,JSLBB,38,49,200,"1,263.00","252,600.00"
2019-12-03,2019120301003530,JSLBB,22,49,200,"1,264.00","252,800.00"
2019-12-03,2019120301003460,JSLBB,34,45,200,"1,270.00","254,000.00"
2019-12-03,2019120301003459,JSLBB,34,45,22,"1,271.00","27,962.00"
2019-12-03,2019120301003447,JSLBB,34,1,28,"1,271.00","35,588.00"
2019-12-03,2019120301003586,JSLBB,34,18,60,"1,261.00","75,660.00"
2019-12-03,2019120301003550,JSLBB,34,11,40,"1,261.00","50,440.00"
2019-12-03,2019120301003549,JSLBB,19,11,30,"1,261.00","37,830.00"
2019-12-03,2019120301003548,JSLBB,5,11,30,"1,262.00","37,860.00"
2019-12-03,2019120301003660,KBL,16,8,104,178.00,"18,512.00"
2019-12-03,2019120301003659,KBL,21,8,246,178.00,"43,788.00"
2019-12-03,2019120301003648,KBL,21,8,254,178.00,"45,212.00"
2019-12-03,2019120301003647,KBL,6,8,746,178.00,"132,788.00"
2019-12-03,2019120301003395,KBL,6,34,60,178.00,"10,680.00"
2019-12-03,2019120301003689,KPCL,26,59,990,80.00,"79,200.00"
2019-12-03,2019120301003480,KPCL,39,49,100,81.00,"8,100.00"
2019-12-03,2019120301003466,KPCL,26,42,10,80.00,800.00
2019-12-03,2019120301003733,LBBL,7,29,40,171.00,"6,840.00"
2019-12-03,2019120301003496,LBBL,7,44,50,170.00,"8,500.00"
2019-12-03,2019120301003699,LBL,6,22,95,218.00,"20,710.00"
2019-12-03,2019120301003511,LBL,34,6,141,216.00,"30,456.00"
2019-12-03,2019120301003497,MBL,6,25,350,214.00,"74,900.00"
2019-12-03,2019120301003355,MBL,40,49,25,215.00,"5,375.00"
2019-12-03,2019120301003681,MDB,17,1,190,243.00,"46,170.00"
2019-12-03,2019120301003680,MDB,5,1,100,244.00,"24,400.00"
2019-12-03,2019120301003515,MEGA,58,35,44,181.00,"7,964.00"
2019-12-03,2019120301003456,MEGA,58,6,103,181.00,"18,643.00"
2019-12-03,2019120301003717,MEGA,58,48,262,181.00,"47,422.00"
2019-12-03,2019120301003716,MEGA,47,48,500,181.00,"90,500.00"
2019-12-03,2019120301003569,MERO,14,44,65,406.00,"26,390.00"
2019-12-03,2019120301003529,MERO,58,35,45,404.00,"18,180.00"
2019-12-03,2019120301003528,MERO,32,35,10,404.00,"4,040.00"
2019-12-03,2019120301003527,MERO,45,35,10,405.00,"4,050.00"
2019-12-03,2019120301003787,MHNL,19,58,20,77.00,"1,540.00"
2019-12-03,2019120301003786,MHNL,19,42,30,77.00,"2,310.00"
2019-12-03,2019120301003494,MLBL,4,1,420,172.00,"72,240.00"
2019-12-03,2019120301003493,MLBL,26,1,212,172.00,"36,464.00"
2019-12-03,2019120301003822,MNBBL,57,58,10,309.00,"3,090.00"
2019-12-03,2019120301003821,MNBBL,57,58,49,309.00,"15,141.00"
2019-12-03,2019120301003693,MNBBL,29,48,100,310.00,"31,000.00"
2019-12-03,2019120301003581,MSMBS,21,35,11,473.00,"5,203.00"
2019-12-03,2019120301003722,NABIL,44,10,28,725.00,"20,300.00"
2019-12-03,2019120301003697,NABIL,51,42,100,726.00,"72,600.00"
2019-12-03,2019120301003670,NABIL,19,42,100,726.00,"72,600.00"
2019-12-03,2019120301003655,NABIL,55,42,100,726.00,"72,600.00"
2019-12-03,2019120301003654,NABIL,26,42,31,726.00,"22,506.00"
2019-12-03,2019120301003439,NABIL,26,43,49,726.00,"35,574.00"
2019-12-03,2019120301003397,NABIL,11,43,50,726.00,"36,300.00"
2019-12-03,2019120301003373,NABIL,52,43,216,726.00,"156,816.00"
2019-12-03,2019120301003698,NBB,25,25,"3,433",199.00,"683,167.00"
2019-12-03,2019120301003568,NBB,45,57,150,199.00,"29,850.00"
2019-12-03,2019120301003567,NBB,5,57,50,199.00,"9,950.00"
2019-12-03,2019120301003566,NBB,58,57,100,199.00,"19,900.00"
2019-12-03,2019120301003820,NBL,25,34,300,312.00,"93,600.00"
2019-12-03,2019120301003703,NBL,51,48,100,312.00,"31,200.00"
2019-12-03,2019120301003673,NBL,33,58,67,311.00,"20,837.00"
2019-12-03,2019120301003672,NBL,29,58,400,311.00,"124,400.00"
2019-12-03,2019120301003671,NBL,45,58,243,312.00,"75,816.00"
2019-12-03,2019120301003542,NBL,45,38,757,312.00,"236,184.00"
2019-12-03,2019120301003365,NBL,17,58,100,312.00,"31,200.00"
2019-12-03,2019120301003541,NBL,45,38,"1,000",312.00,"312,000.00"
2019-12-03,2019120301003540,NBL,36,38,100,312.00,"31,200.00"
2019-12-03,2019120301003539,NBL,19,38,100,312.00,"31,200.00"
2019-12-03,2019120301003538,NBL,16,38,525,312.00,"163,800.00"
2019-12-03,2019120301003537,NBL,17,38,300,312.00,"93,600.00"
2019-12-03,2019120301003536,NBL,17,38,218,312.00,"68,016.00"
2019-12-03,2019120301003438,NEF,7,22,100,7.43,743.00
2019-12-03,2019120301003557,NGPL,6,35,90,106.00,"9,540.00"
2019-12-03,2019120301003458,NHDL,42,41,10,110.00,"1,100.00"
2019-12-03,2019120301003457,NHDL,42,42,15,110.00,"1,650.00"
2019-12-03,2019120301003419,NHDL,32,42,25,110.00,"2,750.00"
2019-12-03,2019120301003794,NIB,13,44,64,413.00,"26,432.00"
2019-12-03,2019120301003695,NIB,13,58,44,413.00,"18,172.00"
2019-12-03,2019120301003627,NIB,43,16,50,414.00,"20,700.00"
2019-12-03,2019120301003626,NIB,44,16,244,414.00,"101,016.00"
2019-12-03,2019120301003432,NIB,44,16,389,414.00,"161,046.00"
2019-12-03,2019120301003358,NIB,44,58,103,414.00,"42,642.00"
2019-12-03,2019120301003558,NIBPO,13,40,266,386.00,"102,676.00"
2019-12-03,2019120301003748,NICA,34,38,60,403.00,"24,180.00"
2019-12-03,2019120301003747,NICA,51,38,500,403.00,"201,500.00"
2019-12-03,2019120301003746,NICA,32,38,200,403.00,"80,600.00"
2019-12-03,2019120301003745,NICA,57,38,890,403.00,"358,670.00"
2019-12-03,2019120301003688,NICA,57,58,110,403.00,"44,330.00"
2019-12-03,2019120301003687,NICA,45,58,100,403.00,"40,300.00"
2019-12-03,2019120301003455,NICA,7,51,575,404.00,"232,300.00"
2019-12-03,2019120301003333,NICA,19,51,50,404.00,"20,200.00"
2019-12-03,2019120301003686,NICA,45,58,100,403.00,"40,300.00"
2019-12-03,2019120301003685,NICA,57,58,45,404.00,"18,180.00"
2019-12-03,2019120301003653,NICA,57,4,955,404.00,"385,820.00"
2019-12-03,2019120301003652,NICA,32,4,20,404.00,"8,080.00"
2019-12-03,2019120301003651,NICA,7,4,25,404.00,"10,100.00"
2019-12-03,2019120301003465,NICA,7,4,400,404.00,"161,600.00"
2019-12-03,2019120301003420,NICL,58,8,207,247.00,"51,129.00"
2019-12-03,2019120301003622,NIL,14,53,26,370.00,"9,620.00"
2019-12-03,2019120301003614,NIL,41,7,320,369.00,"118,080.00"
2019-12-03,2019120301003598,NIL,41,35,160,369.00,"59,040.00"
2019-12-03,2019120301003588,NIL,57,35,107,370.00,"39,590.00"
2019-12-03,2019120301003428,NIL,57,28,93,370.00,"34,410.00"
2019-12-03,2019120301003427,NIL,49,28,50,370.00,"18,500.00"
2019-12-03,2019120301003426,NIL,52,28,100,370.00,"37,000.00"
2019-12-03,2019120301003425,NIL,14,28,757,371.00,"280,847.00"
2019-12-03,2019120301003479,NLBBL,50,28,20,501.00,"10,020.00"
2019-12-03,2019120301003328,NLG,43,25,500,505.00,"252,500.00"
2019-12-03,2019120301003327,NLG,36,25,173,505.00,"87,365.00"
2019-12-03,2019120301003329,NLG,35,25,589,504.00,"296,856.00"
2019-12-03,2019120301003735,NLIC,26,40,219,844.00,"184,836.00"
2019-12-03,2019120301003696,NLIC,26,14,21,844.00,"17,724.00"
2019-12-03,2019120301003560,NLIC,26,25,60,844.00,"50,640.00"
2019-12-03,2019120301003464,NLIC,58,53,375,844.00,"316,500.00"
2019-12-03,2019120301003461,NLIC,57,33,60,843.00,"50,580.00"
2019-12-03,2019120301003454,NLIC,38,53,25,844.00,"21,100.00"
2019-12-03,2019120301003414,NLIC,50,7,10,846.00,"8,460.00"
2019-12-03,2019120301003453,NLIC,42,53,100,844.00,"84,400.00"
2019-12-03,2019120301003452,NLIC,42,43,500,844.00,"422,000.00"
2019-12-03,2019120301003450,NLIC,17,13,100,845.00,"84,500.00"
2019-12-03,2019120301003449,NLIC,41,13,68,845.00,"57,460.00"
2019-12-03,2019120301003435,NLIC,41,58,22,845.00,"18,590.00"
2019-12-03,2019120301003415,NLIC,22,7,50,846.00,"42,300.00"
2019-12-03,2019120301003579,NLICL,41,25,80,422.00,"33,760.00"
2019-12-03,2019120301003720,NMB,48,58,300,385.00,"115,500.00"
2019-12-03,2019120301003704,NMB,16,42,40,384.00,"15,360.00"
2019-12-03,2019120301003618,NMB,16,35,46,384.00,"17,664.00"
2019-12-03,2019120301003615,NMB,49,58,150,385.00,"57,750.00"
2019-12-03,2019120301003418,NMB,7,58,235,385.00,"90,475.00"
2019-12-03,2019120301003417,NMB,7,51,143,385.00,"55,055.00"
2019-12-03,2019120301003416,NMB,7,44,"1,622",385.00,"624,470.00"
2019-12-03,2019120301003411,NMB,43,44,10,385.00,"3,850.00"
2019-12-03,2019120301003407,NMB,54,44,500,385.00,"192,500.00"
2019-12-03,2019120301003403,NMB,54,44,"1,500",385.00,"577,500.00"
2019-12-03,2019120301003401,NMB,7,44,800,385.00,"308,000.00"
2019-12-03,2019120301003340,NMB,16,58,126,384.00,"48,384.00"
2019-12-03,2019120301003623,NMFBS,45,45,100,"1,170.00","117,000.00"
2019-12-03,2019120301003559,NMFBS,55,33,250,"1,175.00","293,750.00"
2019-12-03,2019120301003508,NMFBS,55,36,50,"1,175.00","58,750.00"
2019-12-03,2019120301003372,NMFBS,45,33,102,"1,180.00","120,360.00"
2019-12-03,2019120301003371,NMFBS,22,33,120,"1,180.00","141,600.00"
2019-12-03,2019120301003370,NMFBS,19,33,15,"1,181.00","17,715.00"
2019-12-03,2019120301003367,NMFBS,19,13,35,"1,181.00","41,335.00"
2019-12-03,2019120301003628,NTC,6,35,100,630.00,"63,000.00"
2019-12-03,2019120301003599,NTC,6,44,100,630.00,"63,000.00"
2019-12-03,2019120301003809,NUBL,4,6,60,880.00,"52,800.00"
2019-12-03,2019120301003754,NUBL,21,28,300,881.00,"264,300.00"
2019-12-03,2019120301003409,NUBL,4,28,450,880.00,"396,000.00"
2019-12-03,2019120301003408,NUBL,20,28,50,881.00,"44,050.00"
2019-12-03,2019120301003384,NUBL,20,28,250,881.00,"220,250.00"
2019-12-03,2019120301003383,NUBL,21,28,200,881.00,"176,200.00"
2019-12-03,2019120301003382,NUBL,19,28,50,882.00,"44,100.00"
2019-12-03,2019120301003619,PCBL,50,1,50,270.00,"13,500.00"
2019-12-03,2019120301003451,PIC,6,37,71,340.00,"24,140.00"
2019-12-03,2019120301003806,PICL,56,49,10,354.00,"3,540.00"
2019-12-03,2019120301003779,PICL,56,49,20,354.00,"7,080.00"
2019-12-03,2019120301003710,PLIC,43,4,100,311.00,"31,100.00"
2019-12-03,2019120301003709,PLIC,43,16,50,310.00,"15,500.00"
2019-12-03,2019120301003708,PLIC,43,57,300,310.00,"93,000.00"
2019-12-03,2019120301003707,PLIC,43,43,22,309.00,"6,798.00"
2019-12-03,2019120301003706,PLIC,43,38,75,309.00,"23,175.00"
2019-12-03,2019120301003705,PLIC,43,11,50,308.00,"15,400.00"
2019-12-03,2019120301003669,PLIC,10,35,242,306.00,"74,052.00"
2019-12-03,2019120301003667,PRIN,18,46,329,294.00,"96,726.00"
2019-12-03,2019120301003666,PRIN,28,46,50,295.00,"14,750.00"
2019-12-03,2019120301003665,PRIN,22,46,50,295.00,"14,750.00"
2019-12-03,2019120301003664,PRIN,13,46,58,295.00,"17,110.00"
2019-12-03,2019120301003663,PRIN,21,46,50,295.00,"14,750.00"
2019-12-03,2019120301003662,PRIN,14,46,170,296.00,"50,320.00"
2019-12-03,2019120301003772,PRVU,38,43,335,223.00,"74,705.00"
2019-12-03,2019120301003771,PRVU,56,43,35,223.00,"7,805.00"
2019-12-03,2019120301003770,PRVU,57,43,30,223.00,"6,690.00"
2019-12-03,2019120301003769,PRVU,56,43,70,223.00,"15,610.00"
2019-12-03,2019120301003768,PRVU,42,43,104,223.00,"23,192.00"
2019-12-03,2019120301003767,PRVU,6,43,500,223.00,"111,500.00"
2019-12-03,2019120301003337,PRVU,52,49,300,224.00,"67,200.00"
2019-12-03,2019120301003336,PRVU,52,53,700,224.00,"156,800.00"
2019-12-03,2019120301003474,PRVU,43,33,100,223.00,"22,300.00"
2019-12-03,2019120301003390,PRVU,43,42,574,223.00,"128,002.00"
2019-12-03,2019120301003389,PRVU,34,42,20,223.00,"4,460.00"
2019-12-03,2019120301003388,PRVU,17,42,200,223.00,"44,600.00"
2019-12-03,2019120301003387,PRVU,6,42,56,223.00,"12,488.00"
2019-12-03,2019120301003345,PRVU,6,49,"1,000",224.00,"224,000.00"
2019-12-03,2019120301003766,PRVU,49,43,100,223.00,"22,300.00"
2019-12-03,2019120301003765,PRVU,43,43,326,223.00,"72,698.00"
2019-12-03,2019120301003501,PRVU,44,16,60,224.00,"13,440.00"
2019-12-03,2019120301003500,PRVU,44,44,200,224.00,"44,800.00"
2019-12-03,2019120301003499,PRVU,44,45,40,224.00,"8,960.00"
2019-12-03,2019120301003498,PRVU,44,49,700,224.00,"156,800.00"
2019-12-03,2019120301003544,RHPC,28,48,500,75.00,"37,500.00"
2019-12-03,2019120301003814,RHPL,49,16,30,170.00,"5,100.00"
2019-12-03,2019120301003810,RHPL,49,21,50,170.00,"8,500.00"
2019-12-03,2019120301003802,RHPL,49,21,40,170.00,"6,800.00"
2019-12-03,2019120301003798,RHPL,49,43,20,170.00,"3,400.00"
2019-12-03,2019120301003780,RHPL,49,43,100,170.00,"17,000.00"
2019-12-03,2019120301003778,RHPL,49,16,30,170.00,"5,100.00"
2019-12-03,2019120301003462,RHPL,54,42,20,170.00,"3,400.00"
2019-12-03,2019120301003519,RHPL,49,46,50,171.00,"8,550.00"
2019-12-03,2019120301003518,RHPL,49,33,470,171.00,"80,370.00"
2019-12-03,2019120301003516,RHPL,54,38,40,170.00,"6,800.00"
2019-12-03,2019120301003507,RHPL,54,57,40,170.00,"6,800.00"
2019-12-03,2019120301003502,RHPL,54,38,40,170.00,"6,800.00"
2019-12-03,2019120301003477,RHPL,54,42,40,170.00,"6,800.00"
2019-12-03,2019120301003547,RHPL,54,38,40,170.00,"6,800.00"
2019-12-03,2019120301003526,RHPL,54,38,40,170.00,"6,800.00"
2019-12-03,2019120301003523,RHPL,49,33,"1,740",171.00,"297,540.00"
2019-12-03,2019120301003522,RHPL,49,44,"2,000",171.00,"342,000.00"
2019-12-03,2019120301003521,RHPL,49,46,10,171.00,"1,710.00"
2019-12-03,2019120301003520,RHPL,49,46,50,171.00,"8,550.00"
2019-12-03,2019120301003635,RHPL,54,38,40,170.00,"6,800.00"
2019-12-03,2019120301003629,RHPL,54,38,40,170.00,"6,800.00"
2019-12-03,2019120301003621,RHPL,54,38,40,170.00,"6,800.00"
2019-12-03,2019120301003608,RHPL,54,43,30,170.00,"5,100.00"
2019-12-03,2019120301003585,RHPL,54,38,40,170.00,"6,800.00"
2019-12-03,2019120301003565,RHPL,54,38,40,170.00,"6,800.00"
2019-12-03,2019120301003701,RHPL,54,38,40,170.00,"6,800.00"
2019-12-03,2019120301003683,RHPL,54,38,40,170.00,"6,800.00"
2019-12-03,2019120301003658,RHPL,54,38,40,170.00,"6,800.00"
2019-12-03,2019120301003645,RHPL,54,38,40,170.00,"6,800.00"
2019-12-03,2019120301003637,RHPL,54,38,40,170.00,"6,800.00"
2019-12-03,2019120301003636,RHPL,54,38,40,170.00,"6,800.00"
2019-12-03,2019120301003739,RHPL,54,38,40,170.00,"6,800.00"
2019-12-03,2019120301003738,RHPL,54,21,40,170.00,"6,800.00"
2019-12-03,2019120301003736,RHPL,54,45,40,170.00,"6,800.00"
2019-12-03,2019120301003729,RHPL,54,16,30,170.00,"5,100.00"
2019-12-03,2019120301003718,RHPL,54,38,40,170.00,"6,800.00"
2019-12-03,2019120301003712,RHPL,54,38,40,170.00,"6,800.00"
2019-12-03,2019120301003777,RHPL,49,38,40,170.00,"6,800.00"
2019-12-03,2019120301003776,RHPL,49,21,40,170.00,"6,800.00"
2019-12-03,2019120301003757,RHPL,49,21,10,170.00,"1,700.00"
2019-12-03,2019120301003756,RHPL,54,21,30,170.00,"5,100.00"
2019-12-03,2019120301003753,RHPL,54,45,40,170.00,"6,800.00"
2019-12-03,2019120301003743,RHPL,54,45,40,170.00,"6,800.00"
2019-12-03,2019120301003763,RLFL,44,17,"2,000",107.00,"214,000.00"
2019-12-03,2019120301003602,RMDC,47,4,47,583.00,"27,401.00"
2019-12-03,2019120301003595,RMDC,47,21,200,582.00,"116,400.00"
2019-12-03,2019120301003394,RMDC,56,22,381,575.00,"219,075.00"
2019-12-03,2019120301003485,RRHP,22,38,10,100.00,"1,000.00"
2019-12-03,2019120301003406,RRHP,22,47,140,100.00,"14,000.00"
2019-12-03,2019120301003805,SABSL,44,50,80,480.00,"38,400.00"
2019-12-03,2019120301003804,SABSL,19,50,40,480.00,"19,200.00"
2019-12-03,2019120301003803,SABSL,19,50,10,480.00,"4,800.00"
2019-12-03,2019120301003796,SABSL,29,19,50,481.00,"24,050.00"
2019-12-03,2019120301003795,SABSL,46,19,80,481.00,"38,480.00"
2019-12-03,2019120301003617,SANIMA,16,19,10,304.00,"3,040.00"
2019-12-03,2019120301003616,SANIMA,42,19,90,304.00,"27,360.00"
2019-12-03,2019120301003593,SANIMA,42,52,10,304.00,"3,040.00"
2019-12-03,2019120301003592,SANIMA,4,52,190,304.00,"57,760.00"
2019-12-03,2019120301003478,SANIMA,4,6,260,304.00,"79,040.00"
2019-12-03,2019120301003437,SANIMA,38,32,100,305.00,"30,500.00"
2019-12-03,2019120301003571,SAPDBL,58,16,60,116.00,"6,960.00"
2019-12-03,2019120301003563,SAPDBL,58,16,20,116.00,"2,320.00"
2019-12-03,2019120301003562,SAPDBL,10,16,40,116.00,"4,640.00"
2019-12-03,2019120301003556,SAPDBL,10,16,60,116.00,"6,960.00"
2019-12-03,2019120301003553,SAPDBL,41,48,500,117.00,"58,500.00"
2019-12-03,2019120301003678,SBI,29,13,100,347.00,"34,700.00"
2019-12-03,2019120301003657,SBL,52,35,50,280.00,"14,000.00"
2019-12-03,2019120301003488,SBL,52,6,160,280.00,"44,800.00"
2019-12-03,2019120301003386,SBL,52,10,50,280.00,"14,000.00"
2019-12-03,2019120301003774,SCB,48,25,416,526.00,"218,816.00"
2019-12-03,2019120301003773,SCB,49,25,10,526.00,"5,260.00"
2019-12-03,2019120301003760,SCB,49,44,20,526.00,"10,520.00"
2019-12-03,2019120301003564,SCB,32,6,10,527.00,"5,270.00"
2019-12-03,2019120301003554,SCB,39,6,80,527.00,"42,160.00"
2019-12-03,2019120301003481,SCB,39,42,20,527.00,"10,540.00"
2019-12-03,2019120301003656,SDESI,51,17,100,523.00,"52,300.00"
2019-12-03,2019120301003649,SDESI,17,17,50,524.00,"26,200.00"
2019-12-03,2019120301003583,SDESI,17,7,450,524.00,"235,800.00"
2019-12-03,2019120301003582,SDESI,34,7,50,524.00,"26,200.00"
2019-12-03,2019120301003484,SHINE,32,32,29,224.00,"6,496.00"
2019-12-03,2019120301003472,SHINE,38,41,288,223.00,"64,224.00"
2019-12-03,2019120301003471,SHINE,13,41,50,224.00,"11,200.00"
2019-12-03,2019120301003470,SHINE,38,41,500,224.00,"112,000.00"
2019-12-03,2019120301003469,SHINE,34,41,262,224.00,"58,688.00"
2019-12-03,2019120301003793,SHIVM,42,40,100,386.00,"38,600.00"
2019-12-03,2019120301003719,SHIVM,52,54,100,389.00,"38,900.00"
2019-12-03,2019120301003349,SHIVM,45,53,850,390.00,"331,500.00"
2019-12-03,2019120301003348,SHIVM,45,57,41,390.00,"15,990.00"
2019-12-03,2019120301003347,SHIVM,45,25,100,390.00,"39,000.00"
2019-12-03,2019120301003632,SHL,44,35,100,208.00,"20,800.00"
2019-12-03,2019120301003631,SHL,14,35,100,208.00,"20,800.00"
2019-12-03,2019120301003630,SHL,28,35,100,208.00,"20,800.00"
2019-12-03,2019120301003486,SHL,57,46,100,209.00,"20,900.00"
2019-12-03,2019120301003762,SIC,42,48,59,414.00,"24,426.00"
2019-12-03,2019120301003761,SIC,37,48,30,414.00,"12,420.00"
2019-12-03,2019120301003742,SIC,37,48,70,414.00,"28,980.00"
2019-12-03,2019120301003741,SIC,36,48,18,415.00,"7,470.00"
2019-12-03,2019120301003561,SIC,36,49,53,415.00,"21,995.00"
2019-12-03,2019120301003525,SIC,36,40,129,415.00,"53,535.00"
2019-12-03,2019120301003700,SICL,39,58,60,736.00,"44,160.00"
2019-12-03,2019120301003644,SICL,33,35,75,735.00,"55,125.00"
2019-12-03,2019120301003643,SICL,13,35,200,736.00,"147,200.00"
2019-12-03,2019120301003642,SICL,45,35,100,736.00,"73,600.00"
2019-12-03,2019120301003641,SICL,4,35,50,736.00,"36,800.00"
2019-12-03,2019120301003463,SICL,4,6,150,736.00,"110,400.00"
2019-12-03,2019120301003826,SJCL,57,21,20,155.00,"3,100.00"
2019-12-03,2019120301003825,SJCL,57,16,20,155.00,"3,100.00"
2019-12-03,2019120301003815,SJCL,57,21,20,155.00,"3,100.00"
2019-12-03,2019120301003792,SJCL,57,21,20,155.00,"3,100.00"
2019-12-03,2019120301003783,SJCL,57,21,10,155.00,"1,550.00"
2019-12-03,2019120301003782,SJCL,41,21,10,155.00,"1,550.00"
2019-12-03,2019120301003524,SJCL,41,38,20,155.00,"3,100.00"
2019-12-03,2019120301003517,SJCL,41,38,20,155.00,"3,100.00"
2019-12-03,2019120301003510,SJCL,41,38,20,155.00,"3,100.00"
2019-12-03,2019120301003624,SJCL,41,38,20,155.00,"3,100.00"
2019-12-03,2019120301003596,SJCL,41,38,20,155.00,"3,100.00"
2019-12-03,2019120301003584,SJCL,19,10,160,156.00,"24,960.00"
2019-12-03,2019120301003574,SJCL,19,38,20,156.00,"3,120.00"
2019-12-03,2019120301003552,SJCL,19,38,20,156.00,"3,120.00"
2019-12-03,2019120301003532,SJCL,19,10,100,156.00,"15,600.00"
2019-12-03,2019120301003668,SJCL,41,38,20,155.00,"3,100.00"
2019-12-03,2019120301003650,SJCL,41,38,20,155.00,"3,100.00"
2019-12-03,2019120301003639,SJCL,41,38,20,155.00,"3,100.00"
2019-12-03,2019120301003638,SJCL,41,38,10,155.00,"1,550.00"
2019-12-03,2019120301003634,SJCL,41,38,20,155.00,"3,100.00"
2019-12-03,2019120301003633,SJCL,41,38,20,155.00,"3,100.00"
2019-12-03,2019120301003714,SJCL,41,43,20,155.00,"3,100.00"
2019-12-03,2019120301003713,SJCL,41,38,20,155.00,"3,100.00"
2019-12-03,2019120301003711,SJCL,41,38,20,155.00,"3,100.00"
2019-12-03,2019120301003702,SJCL,41,58,20,155.00,"3,100.00"
2019-12-03,2019120301003690,SJCL,41,42,20,155.00,"3,100.00"
2019-12-03,2019120301003676,SJCL,41,38,20,155.00,"3,100.00"
2019-12-03,2019120301003734,SJCL,41,42,20,155.00,"3,100.00"
2019-12-03,2019120301003732,SJCL,19,43,20,156.00,"3,120.00"
2019-12-03,2019120301003731,SJCL,19,34,100,156.00,"15,600.00"
2019-12-03,2019120301003721,SJCL,41,38,20,155.00,"3,100.00"
2019-12-03,2019120301003764,SJCL,41,38,20,155.00,"3,100.00"
2019-12-03,2019120301003758,SJCL,19,10,120,156.00,"18,720.00"
2019-12-03,2019120301003752,SJCL,19,21,20,156.00,"3,120.00"
2019-12-03,2019120301003749,SJCL,19,38,20,156.00,"3,120.00"
2019-12-03,2019120301003744,SJCL,19,21,20,156.00,"3,120.00"
2019-12-03,2019120301003737,SJCL,41,16,20,155.00,"3,100.00"
2019-12-03,2019120301003679,SKBBL,44,44,"1,000",914.00,"914,000.00"
2019-12-03,2019120301003424,SKBBL,22,22,200,914.00,"182,800.00"
2019-12-03,2019120301003423,SKBBL,19,22,25,914.00,"22,850.00"
2019-12-03,2019120301003555,SLBSL,35,18,300,745.00,"223,500.00"
2019-12-03,2019120301003446,SLICL,17,25,44,245.00,"10,780.00"
2019-12-03,2019120301003445,SLICL,36,25,200,245.00,"49,000.00"
2019-12-03,2019120301003444,SLICL,55,25,500,245.00,"122,500.00"
2019-12-03,2019120301003443,SLICL,29,25,50,245.00,"12,250.00"
2019-12-03,2019120301003442,SLICL,28,25,387,246.00,"95,202.00"
2019-12-03,2019120301003441,SLICL,59,25,42,247.00,"10,374.00"
2019-12-03,2019120301003346,SLICL,59,44,258,247.00,"63,726.00"
2019-12-03,2019120301003379,SMATA,16,16,19,479.00,"9,101.00"
2019-12-03,2019120301003368,SMATA,16,16,19,479.00,"9,101.00"
2019-12-03,2019120301003339,SMATA,32,43,20,486.00,"9,720.00"
2019-12-03,2019120301003819,SMB,41,39,10,450.00,"4,500.00"
2019-12-03,2019120301003818,SMB,41,37,10,450.00,"4,500.00"
2019-12-03,2019120301003590,SPDL,56,45,20,83.00,"1,660.00"
2019-12-03,2019120301003589,SPDL,56,42,10,82.00,820.00
2019-12-03,2019120301003570,SRBL,40,47,200,212.00,"42,400.00"
2019-12-03,2019120301003495,SRBL,40,6,199,212.00,"42,188.00"
2019-12-03,2019120301003448,SWBBL,25,43,300,930.00,"279,000.00"
2019-12-03,2019120301003341,SWBBL,25,22,200,930.00,"186,000.00"
2019-12-03,2019120301003364,TMDBL,28,57,300,141.00,"42,300.00"
2019-12-03,2019120301003788,UPCL,22,4,50,72.00,"3,600.00"
2019-12-03,2019120301003433,UPCL,22,40,100,72.00,"7,200.00"
2019-12-03,2019120301003727,UPPER,6,44,200,231.00,"46,200.00"
2019-12-03,2019120301003726,UPPER,6,44,80,231.00,"18,480.00"
2019-12-03,2019120301003724,UPPER,6,42,50,231.00,"11,550.00"
2019-12-03,2019120301003440,UPPER,6,11,290,231.00,"66,990.00"
2019-12-03,2019120301003434,UPPER,6,42,40,231.00,"9,240.00"
2019-12-03,2019120301003385,UPPER,6,8,500,231.00,"115,500.00"
2019-12-03,2019120301003715,VLBS,42,42,28,600.00,"16,800.00"
2019-12-03,2019120301003098,ADBL,16,21,39,403.00,"15,717.00"
2019-12-03,2019120301003097,ADBL,16,5,128,403.00,"51,584.00"
2019-12-03,2019120301003096,ADBL,16,43,290,403.00,"116,870.00"
2019-12-03,2019120301003095,ADBL,16,21,144,403.00,"58,032.00"
2019-12-03,2019120301002982,ADBL,51,43,10,403.00,"4,030.00"
2019-12-03,2019120301002913,ADBL,38,57,111,402.00,"44,622.00"
2019-12-03,2019120301002837,ADBL,38,57,111,402.00,"44,622.00"
2019-12-03,2019120301003321,AKBSL,19,44,10,432.00,"4,320.00"
2019-12-03,2019120301002927,AKBSL,19,6,10,430.00,"4,300.00"
2019-12-03,2019120301003175,ALBSL,41,22,10,399.00,"3,990.00"
2019-12-03,2019120301003201,ALICL,50,37,70,320.00,"22,400.00"
2019-12-03,2019120301003200,ALICL,50,25,100,320.00,"32,000.00"
2019-12-03,2019120301003199,ALICL,50,45,30,320.00,"9,600.00"
2019-12-03,2019120301003198,ALICL,50,32,80,320.00,"25,600.00"
2019-12-03,2019120301003197,ALICL,50,17,263,320.00,"84,160.00"
2019-12-03,2019120301003196,ALICL,50,34,100,319.00,"31,900.00"
2019-12-03,2019120301003195,ALICL,50,57,125,319.00,"39,875.00"
2019-12-03,2019120301003187,ALICL,3,3,1,316.00,316.00
2019-12-03,2019120301002947,ALICL,45,50,100,318.00,"31,800.00"
2019-12-03,2019120301003300,API,59,44,17,101.00,"1,717.00"
2019-12-03,2019120301003232,API,22,58,"1,000",101.00,"101,000.00"
2019-12-03,2019120301003123,API,35,58,"1,000",101.00,"101,000.00"
2019-12-03,2019120301003065,API,43,58,200,101.00,"20,200.00"
2019-12-03,2019120301003064,API,13,58,"1,000",101.00,"101,000.00"
2019-12-03,2019120301003063,API,1,58,100,101.00,"10,100.00"
2019-12-03,2019120301002882,API,35,58,350,102.00,"35,700.00"
2019-12-03,2019120301003062,API,39,58,400,101.00,"40,400.00"
2019-12-03,2019120301003061,API,1,58,100,101.00,"10,100.00"
2019-12-03,2019120301003060,API,49,58,100,101.00,"10,100.00"
2019-12-03,2019120301003059,API,47,58,800,101.00,"80,800.00"
2019-12-03,2019120301002883,API,35,52,650,102.00,"66,300.00"
2019-12-03,2019120301003309,BFC,22,8,500,85.00,"42,500.00"
2019-12-03,2019120301003308,BFC,57,8,500,85.00,"42,500.00"
2019-12-03,2019120301003307,BFC,44,8,"1,000",85.00,"85,000.00"
2019-12-03,2019120301003306,BFC,25,8,300,85.00,"25,500.00"
2019-12-03,2019120301003305,BFC,40,8,100,85.00,"8,500.00"
2019-12-03,2019120301003161,BFC,1,8,200,86.00,"17,200.00"
2019-12-03,2019120301003141,BFC,42,8,200,86.00,"17,200.00"
2019-12-03,2019120301003140,BFC,26,8,100,86.00,"8,600.00"
2019-12-03,2019120301002829,BFC,6,57,300,87.00,"26,100.00"
2019-12-03,2019120301003268,BNT,34,34,180,"6,147.00","1,106,460.00"
2019-12-03,2019120301003297,BOKL,56,44,150,213.00,"31,950.00"
2019-12-03,2019120301002979,BOKL,46,5,200,212.00,"42,400.00"
2019-12-03,2019120301002978,BOKL,8,5,584,212.00,"123,808.00"
2019-12-03,2019120301002977,BOKL,8,5,416,212.00,"88,192.00"
2019-12-03,2019120301002976,BOKL,40,5,500,212.00,"106,000.00"
2019-12-03,2019120301002975,BOKL,46,5,200,212.00,"42,400.00"
2019-12-03,2019120301002968,BOKL,40,5,500,213.00,"106,500.00"
2019-12-03,2019120301002967,BOKL,48,5,100,213.00,"21,300.00"
2019-12-03,2019120301002966,BOKL,45,5,200,213.00,"42,600.00"
2019-12-03,2019120301002965,BOKL,28,5,50,213.00,"10,650.00"
2019-12-03,2019120301002974,BOKL,1,5,584,212.00,"123,808.00"
2019-12-03,2019120301002973,BOKL,46,5,200,212.00,"42,400.00"
2019-12-03,2019120301002972,BOKL,26,5,100,212.00,"21,200.00"
2019-12-03,2019120301002971,BOKL,40,5,500,213.00,"106,500.00"
2019-12-03,2019120301002970,BOKL,57,5,250,213.00,"53,250.00"
2019-12-03,2019120301002969,BOKL,58,5,200,213.00,"42,600.00"
2019-12-03,2019120301002983,BPCL,34,37,11,333.00,"3,663.00"
2019-12-03,2019120301002997,CBL,28,5,14,138.00,"1,932.00"
2019-12-03,2019120301002996,CBL,28,5,790,138.00,"109,020.00"
2019-12-03,2019120301002992,CBL,28,38,654,137.00,"89,598.00"
2019-12-03,2019120301002986,CBL,28,38,100,137.00,"13,700.00"
2019-12-03,2019120301002957,CBL,42,38,10,137.00,"1,370.00"
2019-12-03,2019120301002937,CBL,42,38,10,137.00,"1,370.00"
2019-12-03,2019120301002896,CBL,41,38,226,137.00,"30,962.00"
2019-12-03,2019120301003222,CCBL,16,51,44,162.00,"7,128.00"
2019-12-03,2019120301003001,CCBL,49,50,38,161.00,"6,118.00"
2019-12-03,2019120301002910,CCBL,49,10,200,161.00,"32,200.00"
2019-12-03,2019120301003163,CCBL,16,45,150,162.00,"24,300.00"
2019-12-03,2019120301003162,CCBL,16,59,156,162.00,"25,272.00"
2019-12-03,2019120301002849,CHCL,52,7,26,355.00,"9,230.00"
2019-12-03,2019120301002848,CHCL,52,21,29,355.00,"10,295.00"
2019-12-03,2019120301003271,CZBIL,29,44,153,184.00,"28,152.00"
2019-12-03,2019120301003270,CZBIL,29,40,400,184.00,"73,600.00"
2019-12-03,2019120301003190,CZBIL,29,25,959,183.00,"175,497.00"
2019-12-03,2019120301003000,CZBIL,6,40,100,184.00,"18,400.00"
2019-12-03,2019120301002897,EDBL,36,17,30,276.00,"8,280.00"
2019-12-03,2019120301003286,EIC,43,10,50,208.00,"10,400.00"
2019-12-03,2019120301003194,EIC,5,38,100,207.00,"20,700.00"
2019-12-03,2019120301003139,EIC,48,10,100,208.00,"20,800.00"
2019-12-03,2019120301002956,EIC,45,16,50,208.00,"10,400.00"
2019-12-03,2019120301002955,EIC,57,16,215,208.00,"44,720.00"
2019-12-03,2019120301002954,EIC,57,16,100,208.00,"20,800.00"
2019-12-03,2019120301002953,EIC,42,16,25,208.00,"5,200.00"
2019-12-03,2019120301002952,EIC,7,16,500,208.00,"104,000.00"
2019-12-03,2019120301002951,EIC,39,16,50,208.00,"10,400.00"
2019-12-03,2019120301002851,EIC,5,36,100,209.00,"20,900.00"
2019-12-03,2019120301002964,FMDBL,42,32,100,300.00,"30,000.00"
2019-12-03,2019120301002963,FMDBL,45,32,20,300.00,"6,000.00"
2019-12-03,2019120301002959,FMDBL,45,10,150,300.00,"45,000.00"
2019-12-03,2019120301003188,FOWAD,29,35,51,"1,345.00","68,595.00"
2019-12-03,2019120301003178,FOWAD,29,54,175,"1,345.00","235,375.00"
2019-12-03,2019120301003177,FOWAD,53,35,50,"1,346.00","67,300.00"
2019-12-03,2019120301003151,FOWAD,53,37,15,"1,349.00","20,235.00"
2019-12-03,2019120301003150,FOWAD,33,37,10,"1,349.00","13,490.00"
2019-12-03,2019120301003145,FOWAD,45,37,10,"1,349.00","13,490.00"
2019-12-03,2019120301003144,FOWAD,25,37,30,"1,349.00","40,470.00"
2019-12-03,2019120301003117,FOWAD,22,50,50,"1,349.00","67,450.00"
2019-12-03,2019120301002949,FOWAD,41,44,119,"1,349.00","160,531.00"
2019-12-03,2019120301002938,FOWAD,45,44,81,"1,349.00","109,269.00"
2019-12-03,2019120301002844,FOWAD,22,44,200,"1,345.00","269,000.00"
2019-12-03,2019120301002839,FOWAD,25,40,30,"1,349.00","40,470.00"
2019-12-03,2019120301003102,GBBL,45,52,85,195.00,"16,575.00"
2019-12-03,2019120301003226,GFCL,28,58,20,131.00,"2,620.00"
2019-12-03,2019120301003258,GILB,43,38,250,759.00,"189,750.00"
2019-12-03,2019120301003052,GILB,43,38,50,759.00,"37,950.00"
2019-12-03,2019120301002895,GLBSL,22,6,10,400.00,"4,000.00"
2019-12-03,2019120301003047,GLICL,17,44,259,355.00,"91,945.00"
2019-12-03,2019120301003326,GMFBS,54,40,10,498.00,"4,980.00"
2019-12-03,2019120301003311,GMFBS,54,40,10,498.00,"4,980.00"
2019-12-03,2019120301002861,GMFBS,1,10,40,499.00,"19,960.00"
2019-12-03,2019120301002843,GMFBS,1,59,80,499.00,"39,920.00"
2019-12-03,2019120301002836,GMFBS,42,10,20,500.00,"10,000.00"
2019-12-03,2019120301002833,GMFBS,42,6,10,500.00,"5,000.00"
2019-12-03,2019120301002832,GMFBS,42,53,10,500.00,"5,000.00"
2019-12-03,2019120301002831,GMFBS,42,57,10,500.00,"5,000.00"
2019-12-03,2019120301003304,GRDBL,34,43,20,98.00,"1,960.00"
2019-12-03,2019120301003265,GRDBL,57,43,30,99.00,"2,970.00"
2019-12-03,2019120301003264,GRDBL,59,43,500,99.00,"49,500.00"
2019-12-03,2019120301003257,GRDBL,25,43,200,100.00,"20,000.00"
2019-12-03,2019120301003256,GRDBL,59,43,10,100.00,"1,000.00"
2019-12-03,2019120301003255,GRDBL,49,43,100,100.00,"10,000.00"
2019-12-03,2019120301003254,GRDBL,57,43,500,100.00,"50,000.00"
2019-12-03,2019120301003253,GRDBL,34,43,140,100.00,"14,000.00"
2019-12-03,2019120301003252,GRDBL,13,43,140,100.00,"14,000.00"
2019-12-03,2019120301003229,GRDBL,1,43,500,101.00,"50,500.00"
2019-12-03,2019120301002936,GRDBLP,53,54,"26,250",100.00,"2,625,000.00"
2019-12-03,2019120301002935,GRDBLP,53,54,"10,460",100.00,"1,046,000.00"
2019-12-03,2019120301002834,HBL,45,17,30,480.00,"14,400.00"
2019-12-03,2019120301003325,HDL,50,54,100,"1,229.00","122,900.00"
2019-12-03,2019120301003324,HDL,56,54,100,"1,230.00","123,000.00"
2019-12-03,2019120301003174,HDL,58,50,20,"1,230.00","24,600.00"
2019-12-03,2019120301003173,HDL,58,14,100,"1,230.00","123,000.00"
2019-12-03,2019120301003172,HDL,58,28,10,"1,230.00","12,300.00"
2019-12-03,2019120301003171,HDL,58,19,70,"1,229.00","86,030.00"
2019-12-03,2019120301003042,HDL,53,3,100,"1,224.00","122,400.00"
2019-12-03,2019120301002961,HDL,58,45,10,"1,220.00","12,200.00"
2019-12-03,2019120301003125,HDL,53,35,100,"1,229.00","122,900.00"
2019-12-03,2019120301003124,HDL,53,25,50,"1,229.00","61,450.00"
2019-12-03,2019120301003094,HDL,19,47,25,"1,227.00","30,675.00"
2019-12-03,2019120301003093,HDL,58,55,300,"1,225.00","367,500.00"
2019-12-03,2019120301003092,HDL,58,6,50,"1,225.00","61,250.00"
2019-12-03,2019120301003089,HDL,19,40,50,"1,224.00","61,200.00"
2019-12-03,2019120301003091,HGI,55,48,443,237.00,"104,991.00"
2019-12-03,2019120301002990,HGI,55,44,57,237.00,"13,509.00"
2019-12-03,2019120301002989,HGI,7,44,400,237.00,"94,800.00"
2019-12-03,2019120301002988,HGI,41,44,20,237.00,"4,740.00"
2019-12-03,2019120301002860,HGI,45,44,50,238.00,"11,900.00"
2019-12-03,2019120301003225,HIDCL,22,5,300,132.00,"39,600.00"
2019-12-03,2019120301003127,HIDCL,22,5,189,132.00,"24,948.00"
2019-12-03,2019120301003126,HIDCL,22,22,11,132.00,"1,452.00"
2019-12-03,2019120301003114,HIDCL,4,47,61,131.00,"7,991.00"
2019-12-03,2019120301003017,HIDCL,4,1,61,131.00,"7,991.00"
2019-12-03,2019120301003274,HPPL,41,22,10,134.00,"1,340.00"
2019-12-03,2019120301003312,HURJA,36,42,20,98.00,"1,960.00"
2019-12-03,2019120301003299,ILBS,38,48,100,491.00,"49,100.00"
2019-12-03,2019120301003298,ILBS,38,42,170,491.00,"83,470.00"
2019-12-03,2019120301003279,ILBS,58,42,330,491.00,"162,030.00"
2019-12-03,2019120301003278,ILBS,58,41,30,491.00,"14,730.00"
2019-12-03,2019120301003277,ILBS,58,6,10,490.00,"4,900.00"
2019-12-03,2019120301003218,ILBS,58,53,100,490.00,"49,000.00"
2019-12-03,2019120301003217,ILBS,58,1,200,490.00,"98,000.00"
2019-12-03,2019120301003216,ILBS,58,52,30,490.00,"14,700.00"
2019-12-03,2019120301003208,ILBS,57,52,50,490.00,"24,500.00"
2019-12-03,2019120301002902,ILBS,36,6,10,487.00,"4,870.00"
2019-12-03,2019120301002847,ILBS,29,52,20,490.00,"9,800.00"
2019-12-03,2019120301003249,JBBL,20,43,50,158.00,"7,900.00"
2019-12-03,2019120301002918,JBBL,20,57,92,158.00,"14,536.00"
2019-12-03,2019120301002841,JBBL,20,57,92,158.00,"14,536.00"
2019-12-03,2019120301002939,JFL,3,43,410,191.00,"78,310.00"
2019-12-03,2019120301003056,JOSHI,6,22,10,52.00,520.00
2019-12-03,2019120301003313,JSLBB,38,18,200,"1,281.00","256,200.00"
2019-12-03,2019120301003296,JSLBB,38,18,130,"1,281.00","166,530.00"
2019-12-03,2019120301003294,JSLBB,34,18,50,"1,281.00","64,050.00"
2019-12-03,2019120301003228,JSLBB,45,40,50,"1,280.00","64,000.00"
2019-12-03,2019120301003167,JSLBB,45,18,20,"1,281.00","25,620.00"
2019-12-03,2019120301002906,JSLBB,22,21,10,"1,262.00","12,620.00"
2019-12-03,2019120301002904,JSLBB,34,18,100,"1,263.00","126,300.00"
2019-12-03,2019120301002901,JSLBB,22,34,500,"1,264.00","632,000.00"
2019-12-03,2019120301002899,JSLBB,38,38,200,"1,260.00","252,000.00"
2019-12-03,2019120301002898,JSLBB,38,58,40,"1,260.00","50,400.00"
2019-12-03,2019120301002894,JSLBB,38,18,200,"1,259.00","251,800.00"
2019-12-03,2019120301003038,JSLBB,34,57,11,"1,267.00","13,937.00"
2019-12-03,2019120301002994,JSLBB,37,18,200,"1,264.00","252,800.00"
2019-12-03,2019120301002991,JSLBB,22,48,50,"1,265.00","63,250.00"
2019-12-03,2019120301002907,JSLBB,22,18,100,"1,263.00","126,300.00"
2019-12-03,2019120301003135,JSLBB,40,21,10,"1,270.00","12,700.00"
2019-12-03,2019120301003134,JSLBB,40,16,10,"1,270.00","12,700.00"
2019-12-03,2019120301003116,JSLBB,34,16,10,"1,270.00","12,700.00"
2019-12-03,2019120301003113,JSLBB,38,18,200,"1,269.00","253,800.00"
2019-12-03,2019120301003105,JSLBB,5,57,30,"1,269.00","38,070.00"
2019-12-03,2019120301003045,JSLBB,38,18,200,"1,266.00","253,200.00"
2019-12-03,2019120301003157,JSLBB,21,47,50,"1,275.00","63,750.00"
2019-12-03,2019120301003146,JSLBB,21,18,50,"1,274.00","63,700.00"
2019-12-03,2019120301003143,JSLBB,38,18,150,"1,274.00","191,100.00"
2019-12-03,2019120301003136,JSLBB,40,18,200,"1,273.00","254,600.00"
2019-12-03,2019120301002889,KKHC,37,19,130,52.00,"6,760.00"
2019-12-03,2019120301002830,KPCL,49,37,10,80.00,800.00
2019-12-03,2019120301003320,LBBL,7,28,194,170.00,"32,980.00"
2019-12-03,2019120301003319,LBBL,39,28,170,170.00,"28,900.00"
2019-12-03,2019120301003318,LBBL,35,28,30,170.00,"5,100.00"
2019-12-03,2019120301003317,LBBL,16,28,217,170.00,"36,890.00"
2019-12-03,2019120301003316,LBBL,35,28,389,170.00,"66,130.00"
2019-12-03,2019120301003289,LBBL,16,44,33,170.00,"5,610.00"
2019-12-03,2019120301002846,LBBL,14,57,32,170.00,"5,440.00"
2019-12-03,2019120301003288,LBBL,35,44,100,170.00,"17,000.00"
2019-12-03,2019120301003287,LBBL,14,44,17,170.00,"2,890.00"
2019-12-03,2019120301003242,LBBL,14,16,51,170.00,"8,670.00"
2019-12-03,2019120301003154,LBL,34,25,331,216.00,"71,496.00"
2019-12-03,2019120301003153,LBL,1,25,500,216.00,"108,000.00"
2019-12-03,2019120301003152,LBL,36,25,450,216.00,"97,200.00"
2019-12-03,2019120301002958,LBL,21,25,100,217.00,"21,700.00"
2019-12-03,2019120301002920,LBL,36,57,50,216.00,"10,800.00"
2019-12-03,2019120301002886,LBL,10,25,50,217.00,"10,850.00"
2019-12-03,2019120301002885,LBL,56,25,304,217.00,"65,968.00"
2019-12-03,2019120301002850,LBL,56,57,46,217.00,"9,982.00"
2019-12-03,2019120301003168,LLBS,40,46,65,591.00,"38,415.00"
2019-12-03,2019120301003166,LLBS,50,45,10,590.00,"5,900.00"
2019-12-03,2019120301003165,LLBS,50,5,78,590.00,"46,020.00"
2019-12-03,2019120301003156,LLBS,29,5,248,590.00,"146,320.00"
2019-12-03,2019120301002900,MBL,6,10,100,214.00,"21,400.00"
2019-12-03,2019120301002865,MBL,6,29,50,214.00,"10,700.00"
2019-12-03,2019120301002864,MBL,44,29,200,214.00,"42,800.00"
2019-12-03,2019120301002863,MBL,25,29,100,214.00,"21,400.00"
2019-12-03,2019120301002862,MBL,41,29,150,214.00,"32,100.00"
2019-12-03,2019120301002916,MEGA,58,48,125,181.00,"22,625.00"
2019-12-03,2019120301002915,MEGA,58,48,375,181.00,"67,875.00"
2019-12-03,2019120301002911,MEGA,58,19,100,181.00,"18,100.00"
2019-12-03,2019120301002950,MERO,45,50,40,405.00,"16,200.00"
2019-12-03,2019120301002909,MERO,45,6,50,405.00,"20,250.00"
2019-12-03,2019120301002925,MLBL,26,57,43,172.00,"7,396.00"
2019-12-03,2019120301002858,MLBL,26,57,43,172.00,"7,396.00"
2019-12-03,2019120301003058,MNBBL,11,48,130,310.00,"40,300.00"
2019-12-03,2019120301003046,MNBBL,7,48,100,310.00,"31,000.00"
2019-12-03,2019120301002984,MNBBL,38,48,100,310.00,"31,000.00"
2019-12-03,2019120301002908,MNBBL,35,48,20,310.00,"6,200.00"
2019-12-03,2019120301002893,MNBBL,32,48,150,310.00,"46,500.00"
2019-12-03,2019120301003189,MNBBL,11,48,80,310.00,"24,800.00"
2019-12-03,2019120301003164,MNBBL,41,48,20,310.00,"6,200.00"
2019-12-03,2019120301003137,MNBBL,29,48,30,311.00,"9,330.00"
2019-12-03,2019120301003219,NABIL,6,43,10,726.00,"7,260.00"
2019-12-03,2019120301003158,NABIL,39,43,20,726.00,"14,520.00"
2019-12-03,2019120301003133,NABIL,57,43,155,726.00,"112,530.00"
2019-12-03,2019120301003078,NABIL,57,10,50,726.00,"36,300.00"
2019-12-03,2019120301002917,NABIL,43,10,50,726.00,"36,300.00"
2019-12-03,2019120301003128,NBB,51,13,79,200.00,"15,800.00"
2019-12-03,2019120301003110,NBB,51,13,357,200.00,"71,400.00"
2019-12-03,2019120301003108,NBB,49,13,79,200.00,"15,800.00"
2019-12-03,2019120301003077,NBB,22,13,200,200.00,"40,000.00"
2019-12-03,2019120301002987,NBB,51,13,25,200.00,"5,000.00"
2019-12-03,2019120301003202,NBL,17,38,35,312.00,"10,920.00"
2019-12-03,2019120301003132,NBL,17,48,147,312.00,"45,864.00"
2019-12-03,2019120301003131,NBL,17,48,500,312.00,"156,000.00"
2019-12-03,2019120301003130,NBL,17,48,14,312.00,"4,368.00"
2019-12-03,2019120301003129,NBL,8,48,339,312.00,"105,768.00"
2019-12-03,2019120301003043,NBL,8,56,11,312.00,"3,432.00"
2019-12-03,2019120301002930,NBL,16,53,250,313.00,"78,250.00"
2019-12-03,2019120301002929,NBL,16,38,225,313.00,"70,425.00"
2019-12-03,2019120301002888,NBL,8,36,100,312.00,"31,200.00"
2019-12-03,2019120301003250,NCCB,48,16,79,199.00,"15,721.00"
2019-12-03,2019120301003185,NCCB,48,48,340,199.00,"67,660.00"
2019-12-03,2019120301003184,NCCB,48,48,320,199.00,"63,680.00"
2019-12-03,2019120301003183,NCCB,48,48,300,199.00,"59,700.00"
2019-12-03,2019120301003182,NCCB,46,48,40,199.00,"7,960.00"
2019-12-03,2019120301003016,NCCB,46,42,60,199.00,"11,940.00"
2019-12-03,2019120301003015,NCCB,58,42,140,199.00,"27,860.00"
2019-12-03,2019120301002926,NCCB,58,57,49,199.00,"9,751.00"
2019-12-03,2019120301003040,NEF,34,50,283,7.29,"2,063.07"
2019-12-03,2019120301003039,NEF,7,50,200,7.42,"1,484.00"
2019-12-03,2019120301003181,NGPL,6,22,848,106.00,"89,888.00"
2019-12-03,2019120301003293,NHDL,42,6,10,109.00,"1,090.00"
2019-12-03,2019120301003118,NIBPO,16,44,"1,187",385.00,"456,995.00"
2019-12-03,2019120301003076,NICA,4,42,50,405.00,"20,250.00"
2019-12-03,2019120301003074,NICA,4,4,"4,950",404.00,"1,999,800.00"
2019-12-03,2019120301003073,NICA,4,4,"1,500",404.00,"606,000.00"
2019-12-03,2019120301003072,NICA,41,4,"2,000",404.00,"808,000.00"
2019-12-03,2019120301003071,NICA,33,4,100,404.00,"40,400.00"
2019-12-03,2019120301003070,NICA,57,4,150,404.00,"60,600.00"
2019-12-03,2019120301003069,NICA,42,4,100,404.00,"40,400.00"
2019-12-03,2019120301003068,NICA,43,4,"1,000",404.00,"404,000.00"
2019-12-03,2019120301003067,NICA,45,4,100,404.00,"40,400.00"
2019-12-03,2019120301003066,NICA,45,4,"1,900",404.00,"767,600.00"
2019-12-03,2019120301003115,NICL,58,1,293,247.00,"72,371.00"
2019-12-03,2019120301003230,NIL,14,42,43,371.00,"15,953.00"
2019-12-03,2019120301003099,NIL,14,13,200,371.00,"74,200.00"
2019-12-03,2019120301003241,NLBBL,19,28,100,501.00,"50,100.00"
2019-12-03,2019120301003240,NLBBL,25,28,10,502.00,"5,020.00"
2019-12-03,2019120301003239,NLBBL,21,28,60,502.00,"30,120.00"
2019-12-03,2019120301002922,NLBBL,22,28,10,509.00,"5,090.00"
2019-12-03,2019120301003186,NLG,57,43,60,506.00,"30,360.00"
2019-12-03,2019120301003285,NLIC,50,53,190,846.00,"160,740.00"
2019-12-03,2019120301003284,NLIC,32,53,160,847.00,"135,520.00"
2019-12-03,2019120301003283,NLIC,35,53,150,847.00,"127,050.00"
2019-12-03,2019120301003248,NLIC,35,52,50,847.00,"42,350.00"
2019-12-03,2019120301003247,NLIC,33,52,50,848.00,"42,400.00"
2019-12-03,2019120301003090,NLIC,59,10,40,850.00,"34,000.00"
2019-12-03,2019120301002854,NLIC,59,56,88,850.00,"74,800.00"
2019-12-03,2019120301002853,NLIC,42,56,100,850.00,"85,000.00"
2019-12-03,2019120301002852,NLIC,42,56,50,851.00,"42,550.00"
2019-12-03,2019120301002934,NLIC,14,7,100,849.00,"84,900.00"
2019-12-03,2019120301002912,NLIC,59,49,28,850.00,"23,800.00"
2019-12-03,2019120301002887,NLIC,14,49,28,850.00,"23,800.00"
2019-12-03,2019120301002881,NLIC,59,49,44,850.00,"37,400.00"
2019-12-03,2019120301002859,NLIC,14,59,40,852.00,"34,080.00"
2019-12-03,2019120301002855,NLIC,59,56,56,850.00,"47,600.00"
2019-12-03,2019120301003302,NLICL,49,22,50,424.00,"21,200.00"
2019-12-03,2019120301003207,NLICL,52,52,230,424.00,"97,520.00"
2019-12-03,2019120301003310,NMB,16,43,12,384.00,"4,608.00"
2019-12-03,2019120301003301,NMB,32,44,100,385.00,"38,500.00"
2019-12-03,2019120301003282,NMB,36,44,200,385.00,"77,000.00"
2019-12-03,2019120301003259,NMB,16,39,250,384.00,"96,000.00"
2019-12-03,2019120301003191,NMB,16,56,37,384.00,"14,208.00"
2019-12-03,2019120301003119,NMB,40,44,500,385.00,"192,500.00"
2019-12-03,2019120301002835,NMB,16,37,12,384.00,"4,608.00"
2019-12-03,2019120301002828,NMB,16,38,129,384.00,"49,536.00"
2019-12-03,2019120301002827,NMB,28,38,120,384.00,"46,080.00"
2019-12-03,2019120301003104,NMB,58,44,89,385.00,"34,265.00"
2019-12-03,2019120301003103,NMB,58,37,61,385.00,"23,485.00"
2019-12-03,2019120301002993,NMB,16,46,"1,000",384.00,"384,000.00"
2019-12-03,2019120301002948,NMB,21,37,100,385.00,"38,500.00"
2019-12-03,2019120301002943,NMB,57,37,400,385.00,"154,000.00"
2019-12-03,2019120301002928,NMB,16,57,91,384.00,"34,944.00"
2019-12-03,2019120301003044,NMBHF1,6,50,832,8.27,"6,880.64"
2019-12-03,2019120301003009,NMBHF1,5,16,754,8.37,"6,310.98"
2019-12-03,2019120301002924,NMBMF,58,6,10,490.00,"4,900.00"
2019-12-03,2019120301002923,NMBMF,1,6,45,490.00,"22,050.00"
2019-12-03,2019120301003121,NMFBS,52,16,15,"1,189.00","17,835.00"
2019-12-03,2019120301003120,NMFBS,52,45,40,"1,185.00","47,400.00"
2019-12-03,2019120301003106,NMFBS,45,45,10,"1,185.00","11,850.00"
2019-12-03,2019120301003053,NMFBS,43,45,50,"1,185.00","59,250.00"
2019-12-03,2019120301003193,NTC,44,44,50,630.00,"31,500.00"
2019-12-03,2019120301003192,NTC,1,44,50,630.00,"31,500.00"
2019-12-03,2019120301003101,OHL,45,11,150,406.00,"60,900.00"
2019-12-03,2019120301003322,PCBL,39,43,50,269.00,"13,450.00"
2019-12-03,2019120301003269,PCBL,56,39,14,269.00,"3,766.00"
2019-12-03,2019120301003267,PCBL,36,1,185,270.00,"49,950.00"
2019-12-03,2019120301003266,PCBL,36,57,15,270.00,"4,050.00"
2019-12-03,2019120301003112,PCBL,11,57,134,270.00,"36,180.00"
2019-12-03,2019120301003111,PCBL,11,28,16,270.00,"4,320.00"
2019-12-03,2019120301003109,PCBL,45,28,150,270.00,"40,500.00"
2019-12-03,2019120301003107,PCBL,11,28,150,270.00,"40,500.00"
2019-12-03,2019120301002946,PCBL,57,28,200,270.00,"54,000.00"
2019-12-03,2019120301002903,PCBL,34,48,500,269.00,"134,500.00"
2019-12-03,2019120301002892,PCBL,14,57,149,270.00,"40,230.00"
2019-12-03,2019120301003041,PFL,58,49,39,140.00,"5,460.00"
2019-12-03,2019120301003251,PIC,38,37,121,342.00,"41,382.00"
2019-12-03,2019120301003295,PPCL,8,42,30,104.00,"3,120.00"
2019-12-03,2019120301003221,PPCL,42,21,20,106.00,"2,120.00"
2019-12-03,2019120301003220,PPCL,42,21,30,106.00,"3,180.00"
2019-12-03,2019120301003211,PPCL,42,38,20,105.00,"2,100.00"
2019-12-03,2019120301002838,PPCL,8,37,10,104.00,"1,040.00"
2019-12-03,2019120301003292,PRVU,52,53,"1,200",224.00,"268,800.00"
2019-12-03,2019120301003054,PRVU,34,22,250,224.00,"56,000.00"
2019-12-03,2019120301002985,PRVU,51,22,25,224.00,"5,600.00"
2019-12-03,2019120301002945,RBCLPO,14,56,10,"7,080.00","70,800.00"
2019-12-03,2019120301003155,RHPC,28,43,31,75.00,"2,325.00"
2019-12-03,2019120301003290,RHPL,45,42,40,169.00,"6,760.00"
2019-12-03,2019120301003210,RHPL,19,42,40,170.00,"6,800.00"
2019-12-03,2019120301003204,RHPL,48,44,"1,000",170.00,"170,000.00"
2019-12-03,2019120301003160,RHPL,45,59,10,169.00,"1,690.00"
2019-12-03,2019120301003159,RHPL,6,59,70,170.00,"11,900.00"
2019-12-03,2019120301003037,RHPL,46,33,530,171.00,"90,630.00"
2019-12-03,2019120301002995,RHPL,14,39,30,169.00,"5,070.00"
2019-12-03,2019120301002840,RHPL,14,37,30,169.00,"5,070.00"
2019-12-03,2019120301003018,RHPL,46,21,30,170.00,"5,100.00"
2019-12-03,2019120301003006,RHPL,45,44,80,169.00,"13,520.00"
2019-12-03,2019120301003005,RHPL,22,44,"1,000",169.00,"169,000.00"
2019-12-03,2019120301003004,RHPL,45,44,560,169.00,"94,640.00"
2019-12-03,2019120301003003,RHPL,40,44,300,169.00,"50,700.00"
2019-12-03,2019120301003002,RHPL,14,44,60,169.00,"10,140.00"
2019-12-03,2019120301003024,RHPL,46,46,30,170.00,"5,100.00"
2019-12-03,2019120301003023,RHPL,46,21,30,170.00,"5,100.00"
2019-12-03,2019120301003022,RHPL,46,42,30,170.00,"5,100.00"
2019-12-03,2019120301003021,RHPL,46,46,50,170.00,"8,500.00"
2019-12-03,2019120301003020,RHPL,46,46,50,170.00,"8,500.00"
2019-12-03,2019120301003019,RHPL,46,54,500,170.00,"85,000.00"
2019-12-03,2019120301003030,RHPL,46,28,50,170.00,"8,500.00"
2019-12-03,2019120301003029,RHPL,46,38,30,170.00,"5,100.00"
2019-12-03,2019120301003028,RHPL,46,38,20,170.00,"3,400.00"
2019-12-03,2019120301003027,RHPL,46,38,20,170.00,"3,400.00"
2019-12-03,2019120301003026,RHPL,46,38,30,170.00,"5,100.00"
2019-12-03,2019120301003025,RHPL,46,46,40,170.00,"6,800.00"
2019-12-03,2019120301003036,RHPL,46,46,40,171.00,"6,840.00"
2019-12-03,2019120301003035,RHPL,46,28,"1,000",171.00,"171,000.00"
2019-12-03,2019120301003034,RHPL,46,39,350,171.00,"59,850.00"
2019-12-03,2019120301003033,RHPL,46,50,100,171.00,"17,100.00"
2019-12-03,2019120301003032,RHPL,46,44,40,170.00,"6,800.00"
2019-12-03,2019120301003031,RHPL,46,44,30,170.00,"5,100.00"
2019-12-03,2019120301002980,RRHP,8,8,10,99.00,990.00
2019-12-03,2019120301002962,RRHP,8,8,10,99.00,990.00
2019-12-03,2019120301002960,RRHP,8,42,80,99.00,"7,920.00"
2019-12-03,2019120301002890,SABSL,46,6,10,481.00,"4,810.00"
2019-12-03,2019120301002866,SABSL,46,6,10,481.00,"4,810.00"
2019-12-03,2019120301003315,SADBL,7,48,35,140.00,"4,900.00"
2019-12-03,2019120301003314,SADBL,7,59,51,139.00,"7,089.00"
2019-12-03,2019120301003276,SAEF,6,6,500,8.72,"4,360.00"
2019-12-03,2019120301003275,SANIMA,36,52,150,306.00,"45,900.00"
2019-12-03,2019120301002944,SANIMA,17,10,100,306.00,"30,600.00"
2019-12-03,2019120301003176,SBI,14,13,500,347.00,"173,500.00"
2019-12-03,2019120301003142,SBI,28,19,200,346.00,"69,200.00"
2019-12-03,2019120301003323,SBL,52,10,300,280.00,"84,000.00"
2019-12-03,2019120301003303,SBL,52,42,15,280.00,"4,200.00"
2019-12-03,2019120301003215,SBL,6,28,200,280.00,"56,000.00"
2019-12-03,2019120301003214,SBL,6,33,"1,000",280.00,"280,000.00"
2019-12-03,2019120301003213,SBL,6,25,120,280.00,"33,600.00"
2019-12-03,2019120301003212,SBL,6,39,15,280.00,"4,200.00"
2019-12-03,2019120301003011,SBL,7,39,85,280.00,"23,800.00"
2019-12-03,2019120301003010,SBL,7,11,15,280.00,"4,200.00"
2019-12-03,2019120301003100,SCB,58,44,150,528.00,"79,200.00"
2019-12-03,2019120301002981,SCB,1,44,200,528.00,"105,600.00"
2019-12-03,2019120301002919,SCB,45,44,85,528.00,"44,880.00"
2019-12-03,2019120301002914,SCB,45,59,175,528.00,"92,400.00"
2019-12-03,2019120301003281,SDESI,45,57,78,525.00,"40,950.00"
2019-12-03,2019120301003075,SDESI,45,56,116,525.00,"60,900.00"
2019-12-03,2019120301003203,SHINE,34,4,138,224.00,"30,912.00"
2019-12-03,2019120301003149,SHINE,34,48,350,224.00,"78,400.00"
2019-12-03,2019120301003148,SHINE,25,48,100,225.00,"22,500.00"
2019-12-03,2019120301003244,SHIVM,29,57,59,390.00,"23,010.00"
2019-12-03,2019120301003243,SHIVM,29,26,41,390.00,"15,990.00"
2019-12-03,2019120301003088,SHIVM,32,22,410,385.00,"157,850.00"
2019-12-03,2019120301003087,SHIVM,22,22,10,385.00,"3,850.00"
2019-12-03,2019120301003086,SHIVM,22,22,"1,000",385.00,"385,000.00"
2019-12-03,2019120301003085,SHIVM,35,22,30,386.00,"11,580.00"
2019-12-03,2019120301002940,SHIVM,33,26,59,390.00,"23,010.00"
2019-12-03,2019120301003051,SHIVM,48,34,370,388.00,"143,560.00"
2019-12-03,2019120301003050,SHIVM,46,34,50,388.00,"19,400.00"
2019-12-03,2019120301003049,SHIVM,22,34,100,388.00,"38,800.00"
2019-12-03,2019120301003048,SHIVM,49,34,80,389.00,"31,120.00"
2019-12-03,2019120301003008,SHIVM,49,25,20,389.00,"7,780.00"
2019-12-03,2019120301003007,SHIVM,41,25,80,389.00,"31,120.00"
2019-12-03,2019120301003084,SHIVM,21,22,200,386.00,"77,200.00"
2019-12-03,2019120301003083,SHIVM,47,22,50,386.00,"19,300.00"
2019-12-03,2019120301003082,SHIVM,22,22,100,387.00,"38,700.00"
2019-12-03,2019120301003081,SHIVM,59,22,"1,000",387.00,"387,000.00"
2019-12-03,2019120301003080,SHIVM,21,22,100,387.00,"38,700.00"
2019-12-03,2019120301003079,SHIVM,22,22,100,387.00,"38,700.00"
2019-12-03,2019120301003209,SHL,44,46,100,209.00,"20,900.00"
2019-12-03,2019120301002933,SHPC,46,4,200,184.00,"36,800.00"
2019-12-03,2019120301002932,SHPC,46,46,500,184.00,"92,000.00"
2019-12-03,2019120301002931,SHPC,46,10,100,184.00,"18,400.00"
2019-12-03,2019120301002845,SHPC,52,10,100,184.00,"18,400.00"
2019-12-03,2019120301003272,SICL,57,6,250,738.00,"184,500.00"
2019-12-03,2019120301002921,SIFC,28,57,20,156.00,"3,120.00"
2019-12-03,2019120301003057,SINDU,49,32,128,130.00,"16,640.00"
2019-12-03,2019120301003280,SJCL,43,10,10,158.00,"1,580.00"
2019-12-03,2019120301003273,SJCL,43,43,10,157.00,"1,570.00"
2019-12-03,2019120301003147,SJCL,54,39,50,156.00,"7,800.00"
2019-12-03,2019120301002869,SJCL,43,49,20,156.00,"3,120.00"
2019-12-03,2019120301002868,SJCL,43,55,140,156.00,"21,840.00"
2019-12-03,2019120301002867,SJCL,43,1,490,156.00,"76,440.00"
2019-12-03,2019120301002842,SJCL,21,37,10,154.00,"1,540.00"
2019-12-03,2019120301002875,SJCL,43,46,10,156.00,"1,560.00"
2019-12-03,2019120301002874,SJCL,43,46,20,156.00,"3,120.00"
2019-12-03,2019120301002873,SJCL,43,46,20,156.00,"3,120.00"
2019-12-03,2019120301002872,SJCL,43,46,20,156.00,"3,120.00"
2019-12-03,2019120301002871,SJCL,43,46,20,156.00,"3,120.00"
2019-12-03,2019120301002870,SJCL,43,46,20,156.00,"3,120.00"
2019-12-03,2019120301002884,SJCL,43,52,120,157.00,"18,840.00"
2019-12-03,2019120301002880,SJCL,43,7,"1,000",157.00,"157,000.00"
2019-12-03,2019120301002879,SJCL,43,39,500,157.00,"78,500.00"
2019-12-03,2019120301002878,SJCL,43,46,20,157.00,"3,140.00"
2019-12-03,2019120301002877,SJCL,43,55,50,157.00,"7,850.00"
2019-12-03,2019120301002876,SJCL,43,47,50,157.00,"7,850.00"
2019-12-03,2019120301003122,SLBBL,3,45,12,485.00,"5,820.00"
2019-12-03,2019120301003170,SLBBL,47,22,12,488.00,"5,856.00"
2019-12-03,2019120301003169,SLBBL,47,33,88,488.00,"42,944.00"
2019-12-03,2019120301003138,SLBBL,40,33,12,488.00,"5,856.00"
2019-12-03,2019120301002905,SLBSL,45,34,10,744.00,"7,440.00"
2019-12-03,2019120301003224,SPARS,50,36,20,548.00,"10,960.00"
2019-12-03,2019120301003223,SPARS,50,41,20,542.00,"10,840.00"
2019-12-03,2019120301003180,SPARS,16,39,200,540.00,"108,000.00"
2019-12-03,2019120301003179,SPARS,16,58,159,540.00,"85,860.00"
2019-12-03,2019120301003263,STC,42,25,15,"1,188.00","17,820.00"
2019-12-03,2019120301003262,STC,14,25,15,"1,188.00","17,820.00"
2019-12-03,2019120301003261,STC,34,25,50,"1,188.00","59,400.00"
2019-12-03,2019120301003260,STC,37,25,20,"1,189.00","23,780.00"
2019-12-03,2019120301003055,SWBBL,49,43,56,935.00,"52,360.00"
2019-12-03,2019120301002999,SWBBL,49,43,100,935.00,"93,500.00"
2019-12-03,2019120301002998,SWBBL,49,38,94,935.00,"87,890.00"
2019-12-03,2019120301002891,SWBBL,22,38,400,935.00,"374,000.00"
2019-12-03,2019120301002857,TMDBL,29,38,10,142.00,"1,420.00"
2019-12-03,2019120301002856,TMDBL,29,59,40,142.00,"5,680.00"
2019-12-03,2019120301002942,TRH,50,44,"1,000",268.00,"268,000.00"
2019-12-03,2019120301002941,TRH,50,55,30,267.00,"8,010.00"
2019-12-03,2019120301003246,UPCL,22,42,30,72.00,"2,160.00"
2019-12-03,2019120301003245,UPCL,13,42,70,72.00,"5,040.00"
2019-12-03,2019120301003231,UPCL,43,43,100,73.00,"7,300.00"
2019-12-03,2019120301003227,UPCL,13,37,50,72.00,"3,600.00"
2019-12-03,2019120301003014,UPCL,13,49,30,72.00,"2,160.00"
2019-12-03,2019120301003013,UPCL,42,49,50,72.00,"3,600.00"
2019-12-03,2019120301003012,UPCL,47,49,20,72.00,"1,440.00"
2019-12-03,2019120301003291,UPPER,6,43,40,231.00,"9,240.00"
2019-12-03,2019120301003238,UPPER,45,52,159,232.00,"36,888.00"
2019-12-03,2019120301003237,UPPER,45,37,40,232.00,"9,280.00"
2019-12-03,2019120301003236,UPPER,45,47,40,232.00,"9,280.00"
2019-12-03,2019120301003235,UPPER,45,47,40,232.00,"9,280.00"
2019-12-03,2019120301003234,UPPER,45,25,581,232.00,"134,792.00"
2019-12-03,2019120301003233,UPPER,45,11,140,231.00,"32,340.00"
2019-12-03,2019120301003206,UPPER,58,11,60,231.00,"13,860.00"
2019-12-03,2019120301003205,UPPER,58,19,40,231.00,"9,240.00"
2019-12-03,2019120301002729,ADBL,38,42,57,402.00,"22,914.00"
2019-12-03,2019120301002728,ADBL,14,42,100,402.00,"40,200.00"
2019-12-03,2019120301002727,ADBL,22,42,200,402.00,"80,400.00"
2019-12-03,2019120301002726,ADBL,8,42,143,402.00,"57,486.00"
2019-12-03,2019120301002377,ADBL,8,1,357,402.00,"143,514.00"
2019-12-03,2019120301002376,ADBL,45,1,100,402.00,"40,200.00"
2019-12-03,2019120301002368,ADBL,45,40,200,402.00,"80,400.00"
2019-12-03,2019120301002469,AKBSL,38,38,10,431.00,"4,310.00"
2019-12-03,2019120301002385,AKJCL,59,38,20,55.00,"1,100.00"
2019-12-03,2019120301002416,AKPL,6,38,200,116.00,"23,200.00"
2019-12-03,2019120301002563,ALBSL,57,14,10,401.00,"4,010.00"
2019-12-03,2019120301002562,ALBSL,57,14,10,401.00,"4,010.00"
2019-12-03,2019120301002561,ALBSL,57,14,10,401.00,"4,010.00"
2019-12-03,2019120301002560,ALBSL,57,34,10,401.00,"4,010.00"
2019-12-03,2019120301002559,ALBSL,57,34,10,401.00,"4,010.00"
2019-12-03,2019120301002558,ALBSL,57,6,10,400.00,"4,000.00"
2019-12-03,2019120301002557,ALBSL,57,50,30,400.00,"12,000.00"
2019-12-03,2019120301002618,ALICL,3,3,1,317.00,317.00
2019-12-03,2019120301002693,API,14,58,100,102.00,"10,200.00"
2019-12-03,2019120301002662,API,47,54,100,101.00,"10,100.00"
2019-12-03,2019120301002518,API,42,58,50,102.00,"5,100.00"
2019-12-03,2019120301002350,API,41,58,500,102.00,"51,000.00"
2019-12-03,2019120301002741,BFC,49,58,100,86.00,"8,600.00"
2019-12-03,2019120301002740,BFC,45,58,200,86.00,"17,200.00"
2019-12-03,2019120301002739,BFC,6,58,150,86.00,"12,900.00"
2019-12-03,2019120301002738,BFC,40,58,200,86.00,"17,200.00"
2019-12-03,2019120301002737,BFC,1,58,10,86.00,860.00
2019-12-03,2019120301002736,BFC,42,58,100,87.00,"8,700.00"
2019-12-03,2019120301002800,BPCL,38,41,20,332.00,"6,640.00"
2019-12-03,2019120301002514,BPCL,36,43,60,334.00,"20,040.00"
2019-12-03,2019120301002513,BPCL,36,47,200,334.00,"66,800.00"
2019-12-03,2019120301002512,BPCL,36,49,240,333.00,"79,920.00"
2019-12-03,2019120301002493,BPCL,11,49,28,333.00,"9,324.00"
2019-12-03,2019120301002764,CBBL,51,29,100,769.00,"76,900.00"
2019-12-03,2019120301002718,CBL,49,49,228,137.00,"31,236.00"
2019-12-03,2019120301002480,CBL,43,32,970,137.00,"132,890.00"
2019-12-03,2019120301002442,CBL,34,32,100,137.00,"13,700.00"
2019-12-03,2019120301002679,CCBL,49,59,660,162.00,"106,920.00"
2019-12-03,2019120301002638,CCBL,49,41,53,162.00,"8,586.00"
2019-12-03,2019120301002592,CCBL,45,33,100,163.00,"16,300.00"
2019-12-03,2019120301002532,CCBL,49,32,"2,287",162.00,"370,494.00"
2019-12-03,2019120301002381,CCBL,42,32,"1,000",162.00,"162,000.00"
2019-12-03,2019120301002753,CHCL,49,49,495,354.00,"175,230.00"
2019-12-03,2019120301002713,CHCL,46,21,10,355.00,"3,550.00"
2019-12-03,2019120301002712,CHCL,56,21,111,355.00,"39,405.00"
2019-12-03,2019120301002511,CHCL,56,49,69,355.00,"24,495.00"
2019-12-03,2019120301002510,CHCL,6,49,176,355.00,"62,480.00"
2019-12-03,2019120301002583,CIT,41,25,50,"1,700.00","85,000.00"
2019-12-03,2019120301002582,CIT,19,25,100,"1,702.00","170,200.00"
2019-12-03,2019120301002581,CIT,59,25,10,"1,704.00","17,040.00"
2019-12-03,2019120301002580,CIT,22,25,50,"1,706.00","85,300.00"
2019-12-03,2019120301002357,CIT,19,25,100,"1,707.00","170,700.00"
2019-12-03,2019120301002820,CZBIL,29,37,10,183.00,"1,830.00"
2019-12-03,2019120301002691,CZBIL,14,6,100,183.00,"18,300.00"
2019-12-03,2019120301002565,DBBL,43,1,500,121.00,"60,500.00"
2019-12-03,2019120301002564,DBBL,21,1,30,121.00,"3,630.00"
2019-12-03,2019120301002812,DDBL,1,4,500,724.00,"362,000.00"
2019-12-03,2019120301002798,DDBL,1,28,500,723.00,"361,500.00"
2019-12-03,2019120301002747,DDBL,58,4,230,723.00,"166,290.00"
2019-12-03,2019120301002735,DDBL,58,4,160,723.00,"115,680.00"
2019-12-03,2019120301002734,DDBL,58,28,230,722.00,"166,060.00"
2019-12-03,2019120301002574,DDBL,58,4,110,723.00,"79,530.00"
2019-12-03,2019120301002573,DDBL,58,4,290,722.00,"209,380.00"
2019-12-03,2019120301002556,DDBL,1,4,60,722.00,"43,320.00"
2019-12-03,2019120301002392,EBL,38,1,121,543.00,"65,703.00"
2019-12-03,2019120301002694,EDBL,36,28,50,278.00,"13,900.00"
2019-12-03,2019120301002742,EIC,41,36,20,209.00,"4,180.00"
2019-12-03,2019120301002706,EIC,14,36,90,209.00,"18,810.00"
2019-12-03,2019120301002705,EIC,14,36,140,209.00,"29,260.00"
2019-12-03,2019120301002704,EIC,14,48,70,209.00,"14,630.00"
2019-12-03,2019120301002406,FMDBL,45,52,200,300.00,"60,000.00"
2019-12-03,2019120301002822,FOWAD,22,40,20,"1,349.00","26,980.00"
2019-12-03,2019120301002503,FOWAD,53,40,50,"1,349.00","67,450.00"
2019-12-03,2019120301002502,FOWAD,53,51,50,"1,348.00","67,400.00"
2019-12-03,2019120301002366,FOWAD,19,40,50,"1,349.00","67,450.00"
2019-12-03,2019120301002702,GBBL,25,14,100,194.00,"19,400.00"
2019-12-03,2019120301002701,GBBL,25,7,500,194.00,"97,000.00"
2019-12-03,2019120301002639,GBBL,5,37,160,193.00,"30,880.00"
2019-12-03,2019120301002440,GBBL,29,7,500,193.00,"96,500.00"
2019-12-03,2019120301002327,GBBL,5,54,100,193.00,"19,300.00"
2019-12-03,2019120301002545,GBLBS,25,21,15,286.00,"4,290.00"
2019-12-03,2019120301002504,GBLBS,25,21,15,286.00,"4,290.00"
2019-12-03,2019120301002664,GGBSL,58,41,10,638.00,"6,380.00"
2019-12-03,2019120301002663,GGBSL,57,57,10,627.00,"6,270.00"
2019-12-03,2019120301002659,GGBSL,57,39,10,627.00,"6,270.00"
2019-12-03,2019120301002658,GGBSL,57,34,20,624.00,"12,480.00"
2019-12-03,2019120301002657,GGBSL,57,33,30,624.00,"18,720.00"
2019-12-03,2019120301002656,GGBSL,57,57,40,623.00,"24,920.00"
2019-12-03,2019120301002415,GGBSL,58,33,100,600.00,"60,000.00"
2019-12-03,2019120301002367,GGBSL,58,21,150,600.00,"90,000.00"
2019-12-03,2019120301002600,GGBSL,16,33,50,611.00,"30,550.00"
2019-12-03,2019120301002596,GGBSL,16,33,30,610.00,"18,300.00"
2019-12-03,2019120301002578,GGBSL,58,29,10,610.00,"6,100.00"
2019-12-03,2019120301002655,GGBSL,57,43,40,622.00,"24,880.00"
2019-12-03,2019120301002605,GGBSL,16,26,10,615.00,"6,150.00"
2019-12-03,2019120301002604,GGBSL,16,58,10,615.00,"6,150.00"
2019-12-03,2019120301002603,GGBSL,16,13,10,613.00,"6,130.00"
2019-12-03,2019120301002602,GGBSL,16,20,10,612.00,"6,120.00"
2019-12-03,2019120301002601,GGBSL,16,10,10,612.00,"6,120.00"
2019-12-03,2019120301002482,GILB,43,58,169,759.00,"128,271.00"
2019-12-03,2019120301002428,GILB,29,38,100,758.00,"75,800.00"
2019-12-03,2019120301002380,GILB,57,38,100,758.00,"75,800.00"
2019-12-03,2019120301002361,GILB,40,38,100,758.00,"75,800.00"
2019-12-03,2019120301002342,GILB,50,17,100,758.00,"75,800.00"
2019-12-03,2019120301002579,GLBSL,38,38,10,401.00,"4,010.00"
2019-12-03,2019120301002484,GLICL,39,44,741,355.00,"263,055.00"
2019-12-03,2019120301002761,GMFBS,7,57,10,499.00,"4,990.00"
2019-12-03,2019120301002627,GMFBS,33,59,20,500.00,"10,000.00"
2019-12-03,2019120301002486,GMFBS,54,46,468,498.00,"233,064.00"
2019-12-03,2019120301002485,GMFBS,1,1,10,499.00,"4,990.00"
2019-12-03,2019120301002467,GMFBS,1,1,10,499.00,"4,990.00"
2019-12-03,2019120301002458,GMFBS,1,1,10,499.00,"4,990.00"
2019-12-03,2019120301002444,GMFBS,1,1,10,499.00,"4,990.00"
2019-12-03,2019120301002354,GMFBS,54,21,10,498.00,"4,980.00"
2019-12-03,2019120301002349,GMFBS,21,10,10,499.00,"4,990.00"
2019-12-03,2019120301002330,GMFBS,17,10,20,499.00,"9,980.00"
2019-12-03,2019120301002689,GRDBL,14,4,100,102.00,"10,200.00"
2019-12-03,2019120301002661,GRDBL,59,39,400,101.00,"40,400.00"
2019-12-03,2019120301002616,GUFL,41,46,100,108.00,"10,800.00"
2019-12-03,2019120301002756,HBL,41,17,60,480.00,"28,800.00"
2019-12-03,2019120301002755,HBL,21,17,220,480.00,"105,600.00"
2019-12-03,2019120301002743,HBL,21,25,100,480.00,"48,000.00"
2019-12-03,2019120301002709,HBL,21,17,180,480.00,"86,400.00"
