Date,Transact. No.,Symbol,Buyer,Seller,Quantity,Rate,Amount
2019-02-27,2019022701003907,ADBL,25,14,266,333.00,"88,578.00"
2019-02-27,2019022701003900,ADBL,22,14,50,333.00,"16,650.00"
2019-02-27,2019022701003850,ADBL,20,14,433,333.00,"144,189.00"
2019-02-27,2019022701003831,ADBL,46,14,100,333.00,"33,300.00"
2019-02-27,2019022701003828,ADBL,42,14,50,333.00,"16,650.00"
2019-02-27,2019022701003822,ADBL,42,14,484,333.00,"161,172.00"
2019-02-27,2019022701003555,ADBL,45,14,50,333.00,"16,650.00"
2019-02-27,2019022701003541,ADBL,20,51,550,332.00,"182,600.00"
2019-02-27,2019022701003476,ADBL,25,51,266,332.00,"88,312.00"
2019-02-27,2019022701003475,ADBL,28,51,184,332.00,"61,088.00"
2019-02-27,2019022701003463,ADBL,28,51,56,332.00,"18,592.00"
2019-02-27,2019022701003427,ADBL,28,32,260,332.00,"86,320.00"
2019-02-27,2019022701003723,ADBL,45,14,100,333.00,"33,300.00"
2019-02-27,2019022701003722,ADBL,20,26,17,332.00,"5,644.00"
2019-02-27,2019022701003577,ADBL,45,14,100,333.00,"33,300.00"
2019-02-27,2019022701003565,ADBL,17,14,50,333.00,"16,650.00"
2019-02-27,2019022701003881,AHPC,40,48,350,97.00,"33,950.00"
2019-02-27,2019022701003880,AHPC,16,48,50,97.00,"4,850.00"
2019-02-27,2019022701003879,AHPC,45,48,100,97.00,"9,700.00"
2019-02-27,2019022701003785,AKJCL,44,39,20,85.00,"1,700.00"
2019-02-27,2019022701003784,AKJCL,44,25,90,85.00,"7,650.00"
2019-02-27,2019022701003519,AKJCL,48,25,100,85.00,"8,500.00"
2019-02-27,2019022701003823,ALICL,10,54,65,552.00,"35,880.00"
2019-02-27,2019022701003757,ALICL,39,54,100,550.00,"55,000.00"
2019-02-27,2019022701003756,ALICL,25,54,500,550.00,"275,000.00"
2019-02-27,2019022701003755,ALICL,38,54,313,550.00,"172,150.00"
2019-02-27,2019022701003754,ALICL,45,54,70,550.00,"38,500.00"
2019-02-27,2019022701003753,ALICL,19,54,42,551.00,"23,142.00"
2019-02-27,2019022701003735,ALICL,17,54,35,552.00,"19,320.00"
2019-02-27,2019022701003453,AMFI,28,36,10,672.00,"6,720.00"
2019-02-27,2019022701003553,API,25,44,50,124.00,"6,200.00"
2019-02-27,2019022701003552,API,25,44,300,123.00,"36,900.00"
2019-02-27,2019022701003549,API,52,38,13,122.00,"1,586.00"
2019-02-27,2019022701003548,API,16,38,121,122.00,"14,762.00"
2019-02-27,2019022701003521,API,37,44,500,123.00,"61,500.00"
2019-02-27,2019022701003450,API,37,44,50,123.00,"6,150.00"
2019-02-27,2019022701003835,BOKL,32,34,700,239.00,"167,300.00"
2019-02-27,2019022701003834,BOKL,55,34,112,239.00,"26,768.00"
2019-02-27,2019022701003676,BOKL,55,19,68,239.00,"16,252.00"
2019-02-27,2019022701003428,BOKL,55,5,320,239.00,"76,480.00"
2019-02-27,2019022701003641,BPCL,57,7,625,338.00,"211,250.00"
2019-02-27,2019022701003640,BPCL,57,43,10,338.00,"3,380.00"
2019-02-27,2019022701003839,CBBL,34,58,220,865.00,"190,300.00"
2019-02-27,2019022701003838,CBBL,22,58,50,865.00,"43,250.00"
2019-02-27,2019022701003837,CBBL,34,58,60,865.00,"51,900.00"
2019-02-27,2019022701003816,CBBL,59,42,25,865.00,"21,625.00"
2019-02-27,2019022701003791,CBBL,22,58,60,866.00,"51,960.00"
2019-02-27,2019022701003733,CBBL,55,58,10,869.00,"8,690.00"
2019-02-27,2019022701003871,CBL,6,33,150,149.00,"22,350.00"
2019-02-27,2019022701003697,CBL,1,19,132,148.00,"19,536.00"
2019-02-27,2019022701003696,CBL,46,19,47,148.00,"6,956.00"
2019-02-27,2019022701003695,CBL,48,19,25,149.00,"3,725.00"
2019-02-27,2019022701003571,CBL,1,34,360,149.00,"53,640.00"
2019-02-27,2019022701003567,CBL,6,34,20,149.00,"2,980.00"
2019-02-27,2019022701003462,CBL,46,48,100,148.00,"14,800.00"
2019-02-27,2019022701003711,CCBL,57,19,100,158.00,"15,800.00"
2019-02-27,2019022701003710,CCBL,32,19,150,158.00,"23,700.00"
2019-02-27,2019022701003686,CFCL,29,14,"1,000",108.00,"108,000.00"
2019-02-27,2019022701003685,CFCL,34,14,109,108.00,"11,772.00"
2019-02-27,2019022701003684,CFCL,34,14,109,108.00,"11,772.00"
2019-02-27,2019022701003683,CFCL,34,14,210,108.00,"22,680.00"
2019-02-27,2019022701003682,CFCL,35,14,100,108.00,"10,800.00"
2019-02-27,2019022701003870,CHCL,49,57,147,500.00,"73,500.00"
2019-02-27,2019022701003561,CHCL,49,45,20,500.00,"10,000.00"
2019-02-27,2019022701003923,CHLBS,13,8,10,584.00,"5,840.00"
2019-02-27,2019022701003796,CHLBS,48,40,10,581.00,"5,810.00"
2019-02-27,2019022701003786,CHLBS,48,40,10,581.00,"5,810.00"
2019-02-27,2019022701003772,CHLBS,48,40,10,581.00,"5,810.00"
2019-02-27,2019022701003760,CHLBS,48,40,10,581.00,"5,810.00"
2019-02-27,2019022701003744,CHLBS,48,40,10,581.00,"5,810.00"
2019-02-27,2019022701003460,CHLBS,57,40,10,584.00,"5,840.00"
2019-02-27,2019022701003459,CHLBS,57,36,10,584.00,"5,840.00"
2019-02-27,2019022701003456,CHLBS,57,58,10,584.00,"5,840.00"
2019-02-27,2019022701003446,CHLBS,57,40,10,584.00,"5,840.00"
2019-02-27,2019022701003441,CHLBS,57,40,10,584.00,"5,840.00"
2019-02-27,2019022701003436,CHLBS,57,40,10,584.00,"5,840.00"
2019-02-27,2019022701003513,CHLBS,26,40,10,583.00,"5,830.00"
2019-02-27,2019022701003506,CHLBS,26,40,10,583.00,"5,830.00"
2019-02-27,2019022701003494,CHLBS,26,40,10,583.00,"5,830.00"
2019-02-27,2019022701003487,CHLBS,26,34,10,583.00,"5,830.00"
2019-02-27,2019022701003481,CHLBS,26,40,10,583.00,"5,830.00"
2019-02-27,2019022701003466,CHLBS,26,40,10,583.00,"5,830.00"
2019-02-27,2019022701003554,CHLBS,26,40,10,583.00,"5,830.00"
2019-02-27,2019022701003551,CHLBS,26,1,10,583.00,"5,830.00"
2019-02-27,2019022701003545,CHLBS,26,40,10,583.00,"5,830.00"
2019-02-27,2019022701003526,CHLBS,26,40,10,583.00,"5,830.00"
2019-02-27,2019022701003522,CHLBS,17,17,10,584.00,"5,840.00"
2019-02-27,2019022701003518,CHLBS,26,1,10,583.00,"5,830.00"
2019-02-27,2019022701003665,CHLBS,45,40,10,582.00,"5,820.00"
2019-02-27,2019022701003648,CHLBS,45,40,10,582.00,"5,820.00"
2019-02-27,2019022701003586,CHLBS,45,40,10,582.00,"5,820.00"
2019-02-27,2019022701003582,CHLBS,32,40,10,582.00,"5,820.00"
2019-02-27,2019022701003576,CHLBS,32,40,10,582.00,"5,820.00"
2019-02-27,2019022701003563,CHLBS,32,40,10,582.00,"5,820.00"
2019-02-27,2019022701003732,CHLBS,48,40,10,582.00,"5,820.00"
2019-02-27,2019022701003724,CHLBS,48,40,10,582.00,"5,820.00"
2019-02-27,2019022701003717,CHLBS,22,40,10,582.00,"5,820.00"
2019-02-27,2019022701003706,CHLBS,22,40,10,582.00,"5,820.00"
2019-02-27,2019022701003693,CHLBS,45,40,10,582.00,"5,820.00"
2019-02-27,2019022701003674,CHLBS,45,40,10,582.00,"5,820.00"
2019-02-27,2019022701003817,CIT,16,25,100,"2,540.00","254,000.00"
2019-02-27,2019022701003762,CIT,16,43,100,"2,540.00","254,000.00"
2019-02-27,2019022701003746,CIT,41,22,31,"2,555.00","79,205.00"
2019-02-27,2019022701003745,CIT,41,45,40,"2,555.00","102,200.00"
2019-02-27,2019022701003650,CIT,52,45,10,"2,555.00","25,550.00"
2019-02-27,2019022701003795,CZBIL,13,16,200,202.00,"40,400.00"
2019-02-27,2019022701003794,CZBIL,13,6,795,202.00,"160,590.00"
2019-02-27,2019022701003736,CZBIL,28,6,30,202.00,"6,060.00"
2019-02-27,2019022701003649,CZBIL,29,29,8,201.00,"1,608.00"
2019-02-27,2019022701003613,CZBIL,49,29,200,201.00,"40,200.00"
2019-02-27,2019022701003612,CZBIL,37,29,500,201.00,"100,500.00"
2019-02-27,2019022701003680,DBBL,20,7,297,124.00,"36,828.00"
2019-02-27,2019022701003679,DBBL,20,28,203,123.00,"24,969.00"
2019-02-27,2019022701003478,DBBL,22,28,208,123.00,"25,584.00"
2019-02-27,2019022701003465,DBBL,22,28,42,123.00,"5,166.00"
2019-02-27,2019022701003855,FMDBL,16,41,140,360.00,"50,400.00"
2019-02-27,2019022701003692,FMDBL,16,45,"1,056",355.00,"374,880.00"
2019-02-27,2019022701003691,FMDBL,57,45,300,355.00,"106,500.00"
2019-02-27,2019022701003690,FMDBL,52,45,69,355.00,"24,495.00"
2019-02-27,2019022701003689,FMDBL,56,45,75,356.00,"26,700.00"
2019-02-27,2019022701003663,FMDBL,56,45,225,356.00,"80,100.00"
2019-02-27,2019022701003662,FMDBL,19,45,50,356.00,"17,800.00"
2019-02-27,2019022701003440,FMDBL,52,38,131,355.00,"46,505.00"
2019-02-27,2019022701003439,FMDBL,45,38,19,356.00,"6,764.00"
2019-02-27,2019022701003776,FOWAD,45,19,20,"1,526.00","30,520.00"
2019-02-27,2019022701003508,FOWAD,48,33,10,"1,525.00","15,250.00"
2019-02-27,2019022701003498,FOWAD,22,33,15,"1,527.00","22,905.00"
2019-02-27,2019022701003537,GBBL,49,14,94,180.00,"16,920.00"
2019-02-27,2019022701003918,GBIME,58,59,686,260.00,"178,360.00"
2019-02-27,2019022701003917,GBIME,58,50,100,260.00,"26,000.00"
2019-02-27,2019022701003916,GBIME,58,32,33,260.00,"8,580.00"
2019-02-27,2019022701003867,GBLBS,36,58,10,442.00,"4,420.00"
2019-02-27,2019022701003866,GBLBS,36,16,50,442.00,"22,100.00"
2019-02-27,2019022701003477,GBLBS,49,1,10,439.00,"4,390.00"
2019-02-27,2019022701003433,GBLBS,49,48,260,439.00,"114,140.00"
2019-02-27,2019022701003432,GBLBS,50,48,240,440.00,"105,600.00"
2019-02-27,2019022701003430,GBLBS,50,26,60,440.00,"26,400.00"
2019-02-27,2019022701003429,GBLBS,1,26,90,440.00,"39,600.00"
2019-02-27,2019022701003672,GDBL,42,16,50,181.00,"9,050.00"
2019-02-27,2019022701003803,GDBL,50,16,221,177.00,"39,117.00"
2019-02-27,2019022701003782,GDBL,44,16,50,177.00,"8,850.00"
2019-02-27,2019022701003781,GDBL,26,16,100,177.00,"17,700.00"
2019-02-27,2019022701003759,GDBL,48,16,100,178.00,"17,800.00"
2019-02-27,2019022701003758,GDBL,14,16,500,178.00,"89,000.00"
2019-02-27,2019022701003783,GLICL,11,39,10,690.00,"6,900.00"
2019-02-27,2019022701003635,GLICL,10,35,200,680.00,"136,000.00"
2019-02-27,2019022701003885,GUFL,43,13,22,103.00,"2,266.00"
2019-02-27,2019022701003836,GUFL,28,13,476,103.00,"49,028.00"
2019-02-27,2019022701003749,HBL,28,32,30,432.00,"12,960.00"
2019-02-27,2019022701003926,HDL,35,38,200,"1,321.00","264,200.00"
2019-02-27,2019022701003864,HDL,57,58,44,"1,310.00","57,640.00"
2019-02-27,2019022701003771,HDL,25,58,100,"1,310.00","131,000.00"
2019-02-27,2019022701003770,HDL,17,58,20,"1,310.00","26,200.00"
2019-02-27,2019022701003769,HDL,33,58,20,"1,311.00","26,220.00"
2019-02-27,2019022701003766,HGI,21,33,50,378.00,"18,900.00"
2019-02-27,2019022701003765,HGI,34,33,200,378.00,"75,600.00"
2019-02-27,2019022701003764,HGI,49,33,150,378.00,"56,700.00"
2019-02-27,2019022701003763,HGI,14,33,57,380.00,"21,660.00"
2019-02-27,2019022701003590,HGI,14,8,400,380.00,"152,000.00"
2019-02-27,2019022701003525,HGI,14,34,43,380.00,"16,340.00"
2019-02-27,2019022701003524,HGI,34,34,141,382.00,"53,862.00"
2019-02-27,2019022701003566,HIDCL,39,44,10,133.00,"1,330.00"
2019-02-27,2019022701003734,ICFC,43,34,48,146.00,"7,008.00"
2019-02-27,2019022701003788,JBBL,14,3,63,134.00,"8,442.00"
2019-02-27,2019022701003787,JBBL,18,3,469,134.00,"62,846.00"
2019-02-27,2019022701003792,JBNL,14,19,100,163.00,"16,300.00"
2019-02-27,2019022701003647,JBNL,39,22,500,164.00,"82,000.00"
2019-02-27,2019022701003490,JBNL,14,34,100,163.00,"16,300.00"
2019-02-27,2019022701003489,JBNL,14,34,30,163.00,"4,890.00"
2019-02-27,2019022701003528,JFL,56,28,489,162.00,"79,218.00"
2019-02-27,2019022701003527,JFL,43,28,11,162.00,"1,782.00"
2019-02-27,2019022701003687,KBBL,49,16,200,207.00,"41,400.00"
2019-02-27,2019022701003442,KBBL,10,16,200,207.00,"41,400.00"
2019-02-27,2019022701003906,KBL,25,56,56,231.00,"12,936.00"
2019-02-27,2019022701003694,KBL,52,5,253,232.00,"58,696.00"
2019-02-27,2019022701003435,KBL,48,5,747,232.00,"173,304.00"
2019-02-27,2019022701003774,KMCDB,52,50,270,840.00,"226,800.00"
2019-02-27,2019022701003773,KMCDB,52,33,66,839.00,"55,374.00"
2019-02-27,2019022701003905,KMFL,7,22,45,880.00,"39,600.00"
2019-02-27,2019022701003884,KNBL,43,33,938,114.00,"106,932.00"
2019-02-27,2019022701003599,KNBL,21,33,300,116.00,"34,800.00"
2019-02-27,2019022701003598,KNBL,1,33,100,116.00,"11,600.00"
2019-02-27,2019022701003597,KNBL,47,33,400,117.00,"46,800.00"
2019-02-27,2019022701003675,KPCL,39,59,10,90.00,900.00
2019-02-27,2019022701003634,KPCL,39,42,10,90.00,900.00
2019-02-27,2019022701003801,KSBBL,59,48,300,132.00,"39,600.00"
2019-02-27,2019022701003800,KSBBL,21,48,200,133.00,"26,600.00"
2019-02-27,2019022701003437,KSBBL,59,14,59,132.00,"7,788.00"
2019-02-27,2019022701003902,LBBL,43,57,40,169.00,"6,760.00"
2019-02-27,2019022701003596,LBBL,59,32,10,172.00,"1,720.00"
2019-02-27,2019022701003587,LBBL,57,32,500,169.00,"84,500.00"
2019-02-27,2019022701003542,LBBL,34,32,500,169.00,"84,500.00"
2019-02-27,2019022701003497,LBBL,47,32,500,169.00,"84,500.00"
2019-02-27,2019022701003496,LBBL,39,32,300,169.00,"50,700.00"
2019-02-27,2019022701003688,LEMF,56,22,"1,000",7.15,"7,150.00"
2019-02-27,2019022701003579,LEMF,19,22,"1,000",7.20,"7,200.00"
2019-02-27,2019022701003578,LEMF,19,22,"2,000",7.20,"14,400.00"
2019-02-27,2019022701003457,LGIL,14,33,490,502.00,"245,980.00"
2019-02-27,2019022701003737,LICN,59,37,114,"1,604.00","182,856.00"
2019-02-27,2019022701003707,LICN,59,50,200,"1,600.00","320,000.00"
2019-02-27,2019022701003666,LICN,32,50,200,"1,600.00","320,000.00"
2019-02-27,2019022701003899,MEGA,33,48,500,158.00,"79,000.00"
2019-02-27,2019022701003812,MEGA,52,48,150,158.00,"23,700.00"
2019-02-27,2019022701003811,MEGA,45,48,151,158.00,"23,858.00"
2019-02-27,2019022701003804,MEGA,45,19,250,158.00,"39,500.00"
2019-02-27,2019022701003768,MEGA,45,32,500,158.00,"79,000.00"
2019-02-27,2019022701003767,MEGA,45,34,99,158.00,"15,642.00"
2019-02-27,2019022701003510,MEGA,10,51,200,157.00,"31,400.00"
2019-02-27,2019022701003854,MERO,49,16,68,587.00,"39,916.00"
2019-02-27,2019022701003853,MERO,57,16,31,590.00,"18,290.00"
2019-02-27,2019022701003852,MERO,43,16,10,591.00,"5,910.00"
2019-02-27,2019022701003454,MERO,52,34,16,591.00,"9,456.00"
2019-02-27,2019022701003560,MERO,17,17,3,590.00,"1,770.00"
2019-02-27,2019022701003531,MERO,57,42,41,590.00,"24,190.00"
2019-02-27,2019022701003530,MERO,52,42,84,591.00,"49,644.00"
2019-02-27,2019022701003919,MFIL,49,25,300,111.00,"33,300.00"
2019-02-27,2019022701003882,MFIL,43,1,700,112.00,"78,400.00"
2019-02-27,2019022701003718,MFIL,49,42,90,111.00,"9,990.00"
2019-02-27,2019022701003667,MFIL,39,42,10,112.00,"1,120.00"
2019-02-27,2019022701003464,MFIL,48,47,41,112.00,"4,592.00"
2019-02-27,2019022701003470,MLBL,34,53,130,158.00,"20,540.00"
2019-02-27,2019022701003515,MLBL,32,53,56,157.00,"8,792.00"
2019-02-27,2019022701003514,MLBL,1,53,46,157.00,"7,222.00"
2019-02-27,2019022701003471,MLBL,25,53,200,158.00,"31,600.00"
2019-02-27,2019022701003913,MMFDB,38,16,10,916.00,"9,160.00"
2019-02-27,2019022701003872,MMFDB,16,16,25,916.00,"22,900.00"
2019-02-27,2019022701003833,MMFDB,47,16,100,916.00,"91,600.00"
2019-02-27,2019022701003832,MMFDB,48,16,21,916.00,"19,236.00"
2019-02-27,2019022701003536,MMFDB,48,45,29,916.00,"26,564.00"
2019-02-27,2019022701003535,MMFDB,48,45,10,916.00,"9,160.00"
2019-02-27,2019022701003534,MMFDB,29,45,100,917.00,"91,700.00"
2019-02-27,2019022701003533,MMFDB,26,45,10,917.00,"9,170.00"
2019-02-27,2019022701003532,MMFDB,26,45,14,918.00,"12,852.00"
2019-02-27,2019022701003474,MNBBL,52,50,50,336.00,"16,800.00"
2019-02-27,2019022701003473,MNBBL,52,50,50,336.00,"16,800.00"
2019-02-27,2019022701003819,NABIL,33,5,160,687.00,"109,920.00"
2019-02-27,2019022701003807,NABIL,41,42,49,686.00,"33,614.00"
2019-02-27,2019022701003806,NABIL,33,42,11,686.00,"7,546.00"
2019-02-27,2019022701003588,NABIL,33,25,69,686.00,"47,334.00"
2019-02-27,2019022701003915,NABILP,11,26,100,648.00,"64,800.00"
2019-02-27,2019022701003761,NABILP,25,4,310,649.00,"201,190.00"
2019-02-27,2019022701003575,NABILP,42,4,100,648.00,"64,800.00"
2019-02-27,2019022701003574,NABILP,47,4,50,648.00,"32,400.00"
2019-02-27,2019022701003573,NABILP,49,4,100,648.00,"64,800.00"
2019-02-27,2019022701003572,NABILP,41,4,40,649.00,"25,960.00"
2019-02-27,2019022701003743,NADEP,17,48,10,685.00,"6,850.00"
2019-02-27,2019022701003742,NADEP,17,32,10,684.00,"6,840.00"
2019-02-27,2019022701003714,NADEP,41,52,10,680.00,"6,800.00"
2019-02-27,2019022701003595,NADEP,41,10,10,680.00,"6,800.00"
2019-02-27,2019022701003570,NADEP,41,1,10,680.00,"6,800.00"
2019-02-27,2019022701003569,NADEP,41,47,10,680.00,"6,800.00"
2019-02-27,2019022701003568,NADEP,41,19,50,680.00,"34,000.00"
2019-02-27,2019022701003636,NADEP,43,43,10,681.00,"6,810.00"
2019-02-27,2019022701003655,NBBL,56,48,190,629.00,"119,510.00"
2019-02-27,2019022701003654,NBBL,14,48,10,629.00,"6,290.00"
2019-02-27,2019022701003827,NBL,33,32,10,285.00,"2,850.00"
2019-02-27,2019022701003798,NBL,43,6,72,283.00,"20,376.00"
2019-02-27,2019022701003878,NCCB,56,54,150,205.00,"30,750.00"
2019-02-27,2019022701003619,NCCB,56,34,400,205.00,"82,000.00"
2019-02-27,2019022701003611,NCCB,34,38,664,204.00,"135,456.00"
2019-02-27,2019022701003610,NCCB,25,38,500,204.00,"102,000.00"
2019-02-27,2019022701003609,NCCB,45,38,250,204.00,"51,000.00"
2019-02-27,2019022701003608,NCCB,56,38,500,204.00,"102,000.00"
2019-02-27,2019022701003607,NCCB,25,38,41,204.00,"8,364.00"
2019-02-27,2019022701003540,NCCB,25,19,388,204.00,"79,152.00"
2019-02-27,2019022701003529,NCCB,48,34,"2,600",205.00,"533,000.00"
2019-02-27,2019022701003520,NCCB,25,16,500,204.00,"102,000.00"
2019-02-27,2019022701003504,NCCB,25,51,71,204.00,"14,484.00"
2019-02-27,2019022701003503,NCCB,34,51,79,204.00,"16,116.00"
2019-02-27,2019022701003543,NCDB,57,44,100,115.00,"11,500.00"
2019-02-27,2019022701003564,NGPL,17,17,1,116.00,116.00
2019-02-27,2019022701003922,NIB,19,14,62,503.00,"31,186.00"
2019-02-27,2019022701003698,NIB,40,59,250,503.00,"125,750.00"
2019-02-27,2019022701003589,NIB,11,59,150,503.00,"75,450.00"
2019-02-27,2019022701003562,NIBPO,7,34,553,464.00,"256,592.00"
2019-02-27,2019022701003458,NICL,26,22,200,367.00,"73,400.00"
2019-02-27,2019022701003681,NICL,26,44,168,374.00,"62,832.00"
2019-02-27,2019022701003671,NICL,26,53,500,374.00,"187,000.00"
2019-02-27,2019022701003670,NICL,26,38,112,374.00,"41,888.00"
2019-02-27,2019022701003669,NICL,26,33,20,373.00,"7,460.00"
2019-02-27,2019022701003512,NICL,48,16,140,368.00,"51,520.00"
2019-02-27,2019022701003505,NICL,48,16,300,368.00,"110,400.00"
2019-02-27,2019022701003921,NLBBL,32,55,460,453.00,"208,380.00"
2019-02-27,2019022701003914,NLBBL,26,55,40,460.00,"18,400.00"
2019-02-27,2019022701003645,NLBBL,26,55,60,468.00,"28,080.00"
2019-02-27,2019022701003644,NLBBL,26,47,200,467.00,"93,400.00"
2019-02-27,2019022701003643,NLBBL,26,33,200,465.00,"93,000.00"
2019-02-27,2019022701003810,NLIC,56,6,171,"1,015.00","173,565.00"
2019-02-27,2019022701003809,NLIC,56,33,17,"1,015.00","17,255.00"
2019-02-27,2019022701003808,NLIC,35,16,83,"1,012.00","83,996.00"
2019-02-27,2019022701003501,NLIC,35,1,17,"1,012.00","17,204.00"
2019-02-27,2019022701003500,NLIC,35,34,100,"1,012.00","101,200.00"
2019-02-27,2019022701003499,NLIC,35,37,50,"1,012.00","50,600.00"
2019-02-27,2019022701003445,NLIC,35,39,49,"1,012.00","49,588.00"
2019-02-27,2019022701003444,NLIC,50,39,200,"1,012.00","202,400.00"
2019-02-27,2019022701003813,NLICL,11,25,150,625.00,"93,750.00"
2019-02-27,2019022701003639,NLICL,52,16,200,626.00,"125,200.00"
2019-02-27,2019022701003638,NLICL,52,16,41,626.00,"25,666.00"
2019-02-27,2019022701003615,NLICL,39,49,100,625.00,"62,500.00"
2019-02-27,2019022701003592,NLICL,40,5,20,622.00,"12,440.00"
2019-02-27,2019022701003591,NLICL,34,5,100,622.00,"62,200.00"
2019-02-27,2019022701003903,NMB,45,44,200,303.00,"60,600.00"
2019-02-27,2019022701003863,NMB,49,44,50,303.00,"15,150.00"
2019-02-27,2019022701003851,NMB,33,19,100,302.00,"30,200.00"
2019-02-27,2019022701003848,NMB,33,44,525,302.00,"158,550.00"
2019-02-27,2019022701003847,NMB,1,44,500,302.00,"151,000.00"
2019-02-27,2019022701003846,NMB,8,44,"1,000",302.00,"302,000.00"
2019-02-27,2019022701003495,NMB,43,44,800,303.00,"242,400.00"
2019-02-27,2019022701003482,NMB,32,44,500,303.00,"151,500.00"
2019-02-27,2019022701003480,NMB,41,44,100,303.00,"30,300.00"
2019-02-27,2019022701003479,NMB,43,44,100,303.00,"30,300.00"
2019-02-27,2019022701003664,NMB,35,44,25,303.00,"7,575.00"
2019-02-27,2019022701003627,NMB,16,44,50,303.00,"15,150.00"
2019-02-27,2019022701003618,NMB,57,44,600,303.00,"181,800.00"
2019-02-27,2019022701003583,NMB,56,44,500,303.00,"151,500.00"
2019-02-27,2019022701003557,NMB,42,44,50,303.00,"15,150.00"
2019-02-27,2019022701003516,NMB,43,44,200,303.00,"60,600.00"
2019-02-27,2019022701003845,NMB,19,44,25,302.00,"7,550.00"
2019-02-27,2019022701003844,NMB,25,44,"1,000",302.00,"302,000.00"
2019-02-27,2019022701003843,NMB,42,44,300,302.00,"90,600.00"
2019-02-27,2019022701003842,NMB,48,44,100,302.00,"30,200.00"
2019-02-27,2019022701003841,NMB,17,44,500,302.00,"151,000.00"
2019-02-27,2019022701003840,NMB,40,44,50,302.00,"15,100.00"
2019-02-27,2019022701003883,NMBHF1,33,42,100,8.85,885.00
2019-02-27,2019022701003467,NMBMF,17,45,82,"1,016.00","83,312.00"
2019-02-27,2019022701003626,NMFBS,43,33,18,"1,600.00","28,800.00"
2019-02-27,2019022701003625,NMFBS,34,33,40,"1,603.00","64,120.00"
2019-02-27,2019022701003624,NMFBS,38,33,88,"1,620.00","142,560.00"
2019-02-27,2019022701003651,NTC,33,58,10,684.00,"6,840.00"
2019-02-27,2019022701003455,NTC,34,48,30,681.00,"20,430.00"
2019-02-27,2019022701003910,NUBL,22,22,251,693.00,"173,943.00"
2019-02-27,2019022701003909,NUBL,42,22,30,693.00,"20,790.00"
2019-02-27,2019022701003908,NUBL,45,22,100,695.00,"69,500.00"
2019-02-27,2019022701003898,NUBL,34,22,30,700.00,"21,000.00"
2019-02-27,2019022701003897,NUBL,34,22,100,700.00,"70,000.00"
2019-02-27,2019022701003896,NUBL,34,22,15,700.00,"10,500.00"
2019-02-27,2019022701003889,NUBL,39,22,80,701.00,"56,080.00"
2019-02-27,2019022701003888,NUBL,42,22,20,701.00,"14,020.00"
2019-02-27,2019022701003887,NUBL,35,22,20,702.00,"14,040.00"
2019-02-27,2019022701003886,NUBL,51,22,100,702.00,"70,200.00"
2019-02-27,2019022701003802,NUBL,42,5,10,714.00,"7,140.00"
2019-02-27,2019022701003895,NUBL,34,22,30,700.00,"21,000.00"
2019-02-27,2019022701003894,NUBL,34,22,20,700.00,"14,000.00"
2019-02-27,2019022701003893,NUBL,34,22,30,700.00,"21,000.00"
2019-02-27,2019022701003892,NUBL,28,22,100,700.00,"70,000.00"
2019-02-27,2019022701003891,NUBL,57,22,70,701.00,"49,070.00"
2019-02-27,2019022701003890,NUBL,43,22,50,701.00,"35,050.00"
2019-02-27,2019022701003708,OHL,42,58,10,418.00,"4,180.00"
2019-02-27,2019022701003920,PCBL,37,34,500,306.00,"153,000.00"
2019-02-27,2019022701003911,PCBL,33,49,195,305.00,"59,475.00"
2019-02-27,2019022701003868,PCBL,33,48,400,305.00,"122,000.00"
2019-02-27,2019022701003790,PCBL,33,38,600,305.00,"183,000.00"
2019-02-27,2019022701003789,PCBL,33,39,15,305.00,"4,575.00"
2019-02-27,2019022701003740,PCBL,25,34,"1,000",305.00,"305,000.00"
2019-02-27,2019022701003739,PCBL,33,34,"1,620",305.00,"494,100.00"
2019-02-27,2019022701003704,PCBL,33,43,380,305.00,"115,900.00"
2019-02-27,2019022701003703,PCBL,16,43,100,305.00,"30,500.00"
2019-02-27,2019022701003702,PCBL,33,43,20,305.00,"6,100.00"
2019-02-27,2019022701003550,PCBL,33,19,30,305.00,"9,150.00"
2019-02-27,2019022701003779,PIC,33,39,13,994.00,"12,922.00"
2019-02-27,2019022701003661,PIC,33,33,25,994.00,"24,850.00"
2019-02-27,2019022701003660,PIC,50,33,100,995.00,"99,500.00"
2019-02-27,2019022701003659,PIC,50,33,11,995.00,"10,945.00"
2019-02-27,2019022701003658,PIC,50,33,155,997.00,"154,535.00"
2019-02-27,2019022701003657,PIC,42,33,10,998.00,"9,980.00"
2019-02-27,2019022701003491,PIC,33,43,11,"1,000.00","11,000.00"
2019-02-27,2019022701003461,PIC,50,34,11,997.00,"10,967.00"
2019-02-27,2019022701003912,PICL,38,16,247,665.00,"164,255.00"
2019-02-27,2019022701003815,PICL,40,16,500,665.00,"332,500.00"
2019-02-27,2019022701003814,PICL,52,16,250,666.00,"166,500.00"
2019-02-27,2019022701003778,PICL,58,38,360,667.00,"240,120.00"
2019-02-27,2019022701003731,PICL,52,4,250,666.00,"166,500.00"
2019-02-27,2019022701003721,PICL,34,38,200,667.00,"133,400.00"
2019-02-27,2019022701003720,PICL,25,38,100,668.00,"66,800.00"
2019-02-27,2019022701003719,PICL,59,38,20,668.00,"13,360.00"
2019-02-27,2019022701003705,PLIC,43,42,10,437.00,"4,370.00"
2019-02-27,2019022701003585,PLIC,34,6,12,436.00,"5,232.00"
2019-02-27,2019022701003584,PLIC,35,6,38,436.00,"16,568.00"
2019-02-27,2019022701003558,PLIC,45,42,70,437.00,"30,590.00"
2019-02-27,2019022701003642,PMHPL,56,42,10,107.00,"1,070.00"
2019-02-27,2019022701003593,PMHPL,56,34,10,107.00,"1,070.00"
2019-02-27,2019022701003601,PRIN,56,49,100,408.00,"40,800.00"
2019-02-27,2019022701003600,PRIN,56,35,70,407.00,"28,490.00"
2019-02-27,2019022701003511,PRIN,6,35,10,407.00,"4,070.00"
2019-02-27,2019022701003924,PRVU,33,59,10,214.00,"2,140.00"
2019-02-27,2019022701003877,PRVU,56,19,100,212.00,"21,200.00"
2019-02-27,2019022701003876,PRVU,33,59,10,214.00,"2,140.00"
2019-02-27,2019022701003826,PRVU,45,59,"1,000",212.00,"212,000.00"
2019-02-27,2019022701003825,PRVU,13,59,50,212.00,"10,600.00"
2019-02-27,2019022701003824,PRVU,52,59,200,212.00,"42,400.00"
2019-02-27,2019022701003653,PRVU,28,26,141,213.00,"30,033.00"
2019-02-27,2019022701003652,PRVU,28,14,118,213.00,"25,134.00"
2019-02-27,2019022701003486,PRVU,42,14,42,212.00,"8,904.00"
2019-02-27,2019022701003485,PRVU,29,14,858,212.00,"181,896.00"
2019-02-27,2019022701003449,PRVU,29,14,118,212.00,"25,016.00"
2019-02-27,2019022701003751,PRVU,10,34,200,214.00,"42,800.00"
2019-02-27,2019022701003750,PRVU,10,29,752,214.00,"160,928.00"
2019-02-27,2019022701003668,PRVU,39,29,141,214.00,"30,174.00"
2019-02-27,2019022701003656,PRVU,39,26,359,213.00,"76,467.00"
2019-02-27,2019022701003752,PRVU,10,57,500,214.00,"107,000.00"
2019-02-27,2019022701003862,PURBL,20,33,18,160.00,"2,880.00"
2019-02-27,2019022701003861,PURBL,20,43,53,159.00,"8,427.00"
2019-02-27,2019022701003860,PURBL,20,38,106,158.00,"16,748.00"
2019-02-27,2019022701003856,PURBL,20,46,150,157.00,"23,550.00"
2019-02-27,2019022701003523,PURBL,28,22,289,154.00,"44,506.00"
2019-02-27,2019022701003517,PURBL,57,22,211,155.00,"32,705.00"
2019-02-27,2019022701003646,RADHI,13,21,11,158.00,"1,738.00"
2019-02-27,2019022701003629,RADHI,13,21,11,158.00,"1,738.00"
2019-02-27,2019022701003614,RADHI,13,21,11,158.00,"1,738.00"
2019-02-27,2019022701003468,RADHI,13,34,11,158.00,"1,738.00"
2019-02-27,2019022701003507,RHPC,34,32,137,85.00,"11,645.00"
2019-02-27,2019022701003678,RMDC,6,33,35,521.00,"18,235.00"
2019-02-27,2019022701003677,RMDC,7,33,50,525.00,"26,250.00"
2019-02-27,2019022701003777,RRHP,48,37,10,89.00,890.00
2019-02-27,2019022701003775,RRHP,41,48,10,90.00,900.00
2019-02-27,2019022701003622,RSDC,25,37,30,368.00,"11,040.00"
2019-02-27,2019022701003621,RSDC,57,37,100,368.00,"36,800.00"
2019-02-27,2019022701003620,RSDC,21,37,150,369.00,"55,350.00"
2019-02-27,2019022701003469,RSDC,19,43,62,369.00,"22,878.00"
2019-02-27,2019022701003452,RSDC,21,43,10,369.00,"3,690.00"
2019-02-27,2019022701003701,SADBL,43,33,82,135.00,"11,070.00"
2019-02-27,2019022701003700,SADBL,55,33,128,135.00,"17,280.00"
2019-02-27,2019022701003699,SADBL,39,33,50,136.00,"6,800.00"
2019-02-27,2019022701003820,SBI,36,58,20,375.00,"7,500.00"
2019-02-27,2019022701003857,SBL,37,54,186,277.00,"51,522.00"
2019-02-27,2019022701003821,SBL,6,8,25,278.00,"6,950.00"
2019-02-27,2019022701003805,SBL,37,39,13,277.00,"3,601.00"
2019-02-27,2019022701003741,SBL,43,43,500,278.00,"139,000.00"
2019-02-27,2019022701003729,SCB,34,45,170,530.00,"90,100.00"
2019-02-27,2019022701003728,SCB,7,45,30,530.00,"15,900.00"
2019-02-27,2019022701003488,SCB,10,39,13,531.00,"6,903.00"
2019-02-27,2019022701003431,SCB,10,42,300,530.00,"159,000.00"
2019-02-27,2019022701003492,SCB,59,1,20,530.00,"10,600.00"
2019-02-27,2019022701003709,SCB,7,59,20,530.00,"10,600.00"
2019-02-27,2019022701003799,SDESI,33,38,157,595.00,"93,415.00"
2019-02-27,2019022701003448,SEF,53,8,"3,600",9.13,"32,868.00"
2019-02-27,2019022701003447,SEF,56,8,400,9.15,"3,660.00"
2019-02-27,2019022701003901,SHINE,28,59,27,243.00,"6,561.00"
2019-02-27,2019022701003716,SHINE,26,28,50,239.00,"11,950.00"
2019-02-27,2019022701003715,SHINE,26,28,10,243.00,"2,430.00"
2019-02-27,2019022701003617,SHPC,43,21,70,215.00,"15,050.00"
2019-02-27,2019022701003509,SHPC,43,49,50,215.00,"10,750.00"
2019-02-27,2019022701003797,SIC,11,38,20,"1,279.00","25,580.00"
2019-02-27,2019022701003849,SICL,17,34,10,861.00,"8,610.00"
2019-02-27,2019022701003830,SICL,6,34,13,859.00,"11,167.00"
2019-02-27,2019022701003829,SICL,13,34,200,860.00,"172,000.00"
2019-02-27,2019022701003484,SIL,41,16,101,591.00,"59,691.00"
2019-02-27,2019022701003483,SIL,5,16,30,591.00,"17,730.00"
2019-02-27,2019022701003637,SLBBL,54,38,119,500.00,"59,500.00"
2019-02-27,2019022701003594,SLBBL,54,11,11,500.00,"5,500.00"
2019-02-27,2019022701003793,SLBSL,13,52,10,775.00,"7,750.00"
2019-02-27,2019022701003727,SLBSL,13,33,40,775.00,"31,000.00"
2019-02-27,2019022701003726,SLBSL,39,33,10,776.00,"7,760.00"
2019-02-27,2019022701003725,SLBSL,52,33,30,777.00,"23,310.00"
2019-02-27,2019022701003438,SLBSL,52,36,10,777.00,"7,770.00"
2019-02-27,2019022701003713,SLICL,17,4,300,513.00,"153,900.00"
2019-02-27,2019022701003712,SLICL,17,4,500,513.00,"256,500.00"
2019-02-27,2019022701003606,SLICL,28,6,186,512.00,"95,232.00"
2019-02-27,2019022701003605,SLICL,34,6,100,512.00,"51,200.00"
2019-02-27,2019022701003604,SLICL,49,6,50,513.00,"25,650.00"
2019-02-27,2019022701003603,SLICL,19,6,100,513.00,"51,300.00"
2019-02-27,2019022701003602,SLICL,25,6,64,513.00,"32,832.00"
2019-02-27,2019022701003502,SLICL,25,6,36,513.00,"18,468.00"
2019-02-27,2019022701003859,SMATA,22,57,10,"1,316.00","13,160.00"
2019-02-27,2019022701003858,SMATA,22,57,50,"1,316.00","65,800.00"
2019-02-27,2019022701003869,SMFDB,28,34,200,650.00,"130,000.00"
2019-02-27,2019022701003472,SMFDB,44,34,10,652.00,"6,520.00"
2019-02-27,2019022701003544,SMFDB,5,34,190,650.00,"123,500.00"
2019-02-27,2019022701003633,SMFDB,29,48,115,641.00,"73,715.00"
2019-02-27,2019022701003632,SMFDB,34,48,35,641.00,"22,435.00"
2019-02-27,2019022701003631,SMFDB,1,48,50,642.00,"32,100.00"
2019-02-27,2019022701003623,SMFDB,4,34,200,650.00,"130,000.00"
2019-02-27,2019022701003818,SRBL,56,39,106,206.00,"21,836.00"
2019-02-27,2019022701003493,SRBL,56,51,140,206.00,"28,840.00"
2019-02-27,2019022701003875,SWBBL,25,16,70,780.00,"54,600.00"
2019-02-27,2019022701003874,SWBBL,48,16,20,785.00,"15,700.00"
2019-02-27,2019022701003873,SWBBL,20,16,10,785.00,"7,850.00"
2019-02-27,2019022701003748,SWBBL,26,38,200,789.00,"157,800.00"
2019-02-27,2019022701003747,SWBBL,37,38,20,789.00,"15,780.00"
2019-02-27,2019022701003673,SWBBL,35,38,50,790.00,"39,500.00"
2019-02-27,2019022701003738,TRH,5,33,20,241.00,"4,820.00"
2019-02-27,2019022701003730,UIC,17,16,10,762.00,"7,620.00"
2019-02-27,2019022701003451,UNL,26,28,50,"19,500.00","975,000.00"
2019-02-27,2019022701003925,UPPER,10,46,50,224.00,"11,200.00"
2019-02-27,2019022701003904,UPPER,10,46,52,224.00,"11,648.00"
2019-02-27,2019022701003865,UPPER,10,46,50,224.00,"11,200.00"
2019-02-27,2019022701003780,UPPER,10,54,40,224.00,"8,960.00"
2019-02-27,2019022701003443,UPPER,57,36,40,224.00,"8,960.00"
2019-02-27,2019022701003559,UPPER,19,1,50,224.00,"11,200.00"
2019-02-27,2019022701003556,UPPER,19,19,50,224.00,"11,200.00"
2019-02-27,2019022701003547,UPPER,51,40,30,225.00,"6,750.00"
2019-02-27,2019022701003546,UPPER,51,25,20,225.00,"4,500.00"
2019-02-27,2019022701003539,UPPER,59,1,7,224.00,"1,568.00"
2019-02-27,2019022701003538,UPPER,57,1,43,224.00,"9,632.00"
2019-02-27,2019022701003630,UPPER,19,42,50,224.00,"11,200.00"
2019-02-27,2019022701003616,UPPER,45,33,50,225.00,"11,250.00"
2019-02-27,2019022701003581,UPPER,17,33,12,225.00,"2,700.00"
2019-02-27,2019022701003580,UPPER,17,40,28,225.00,"6,300.00"
2019-02-27,2019022701003628,VLBS,52,52,10,669.00,"6,690.00"
2019-02-27,2019022701003434,WOMI,33,58,10,"1,118.00","11,180.00"
2019-02-27,2019022701003426,ADBL,35,32,10,332.00,"3,320.00"
2019-02-27,2019022701003425,ADBL,35,32,50,332.00,"16,600.00"
2019-02-27,2019022701003424,ADBL,41,32,100,332.00,"33,200.00"
2019-02-27,2019022701003423,ADBL,52,32,300,332.00,"99,600.00"
2019-02-27,2019022701003379,ADBL,8,14,13,333.00,"4,329.00"
2019-02-27,2019022701003350,ADBL,8,14,207,333.00,"68,931.00"
2019-02-27,2019022701003103,ADBL,17,52,"1,000",332.00,"332,000.00"
2019-02-27,2019022701003102,ADBL,22,52,119,332.00,"39,508.00"
2019-02-27,2019022701003109,ADBL,51,52,100,331.00,"33,100.00"
2019-02-27,2019022701003108,ADBL,41,52,200,331.00,"66,200.00"
2019-02-27,2019022701003107,ADBL,16,52,300,331.00,"99,300.00"
2019-02-27,2019022701003106,ADBL,7,52,500,331.00,"165,500.00"
2019-02-27,2019022701003105,ADBL,46,52,500,331.00,"165,500.00"
2019-02-27,2019022701003104,ADBL,14,52,500,332.00,"166,000.00"
2019-02-27,2019022701003138,ADBL,8,42,15,333.00,"4,995.00"
2019-02-27,2019022701003137,ADBL,8,8,921,333.00,"306,693.00"
2019-02-27,2019022701003136,ADBL,8,46,183,333.00,"60,939.00"
2019-02-27,2019022701003135,ADBL,8,25,452,333.00,"150,516.00"
2019-02-27,2019022701003134,ADBL,8,38,61,332.00,"20,252.00"
2019-02-27,2019022701003110,ADBL,42,52,16,331.00,"5,296.00"
2019-02-27,2019022701003212,ADBL,1,14,534,333.00,"177,822.00"
2019-02-27,2019022701003211,ADBL,1,1,200,333.00,"66,600.00"
2019-02-27,2019022701003172,ADBL,8,29,135,332.00,"44,820.00"
2019-02-27,2019022701003171,ADBL,32,29,21,333.00,"6,993.00"
2019-02-27,2019022701003139,ADBL,8,47,720,333.00,"239,760.00"
2019-02-27,2019022701003329,ADBL,8,47,249,333.00,"82,917.00"
2019-02-27,2019022701003318,ADBL,8,59,600,333.00,"199,800.00"
2019-02-27,2019022701003317,ADBL,8,14,10,333.00,"3,330.00"
2019-02-27,2019022701003316,ADBL,8,8,"1,434",333.00,"477,522.00"
2019-02-27,2019022701003271,ADBL,1,8,566,333.00,"188,478.00"
2019-02-27,2019022701003213,ADBL,1,53,200,333.00,"66,600.00"
2019-02-27,2019022701003405,AKJCL,37,22,40,85.00,"3,400.00"
2019-02-27,2019022701003368,AKJCL,37,45,10,85.00,850.00
2019-02-27,2019022701003367,AKJCL,37,34,10,85.00,850.00
2019-02-27,2019022701003366,AKJCL,37,34,10,85.00,850.00
2019-02-27,2019022701003365,AKJCL,37,34,10,85.00,850.00
2019-02-27,2019022701003342,AKJCL,37,43,20,84.00,"1,680.00"
2019-02-27,2019022701003341,AKJCL,37,25,400,84.00,"33,600.00"
2019-02-27,2019022701003076,AKJCL,43,22,760,83.00,"63,080.00"
2019-02-27,2019022701003075,AKJCL,43,1,10,83.00,830.00
2019-02-27,2019022701003045,AKJCL,6,22,20,82.00,"1,640.00"
2019-02-27,2019022701003062,ALICL,19,16,58,551.00,"31,958.00"
2019-02-27,2019022701002943,ALICL,44,16,10,552.00,"5,520.00"
2019-02-27,2019022701003406,API,25,44,150,123.00,"18,450.00"
2019-02-27,2019022701003209,API,37,44,500,123.00,"61,500.00"
2019-02-27,2019022701003157,API,16,44,29,122.00,"3,538.00"
2019-02-27,2019022701003155,API,25,44,59,123.00,"7,257.00"
2019-02-27,2019022701003154,BARUN,56,39,200,93.00,"18,600.00"
2019-02-27,2019022701003185,BOKL,25,34,100,239.00,"23,900.00"
2019-02-27,2019022701003184,BOKL,48,34,300,239.00,"71,700.00"
2019-02-27,2019022701003183,BOKL,48,34,200,239.00,"47,800.00"
2019-02-27,2019022701003182,BOKL,57,34,500,239.00,"119,500.00"
2019-02-27,2019022701003181,BOKL,56,34,100,239.00,"23,900.00"
2019-02-27,2019022701003334,BPCL,26,33,445,335.00,"149,075.00"
2019-02-27,2019022701003333,BPCL,38,33,20,336.00,"6,720.00"
2019-02-27,2019022701003326,BPCL,38,7,180,336.00,"60,480.00"
2019-02-27,2019022701003325,BPCL,13,7,20,336.00,"6,720.00"
2019-02-27,2019022701003324,BPCL,13,7,200,336.00,"67,200.00"
2019-02-27,2019022701003128,BPCL,34,7,496,336.00,"166,656.00"
2019-02-27,2019022701003121,BPCL,49,7,89,337.00,"29,993.00"
2019-02-27,2019022701003120,BPCL,34,7,15,338.00,"5,070.00"
2019-02-27,2019022701003127,BPCL,1,7,200,336.00,"67,200.00"
2019-02-27,2019022701003126,BPCL,17,7,100,336.00,"33,600.00"
2019-02-27,2019022701003125,BPCL,21,7,50,336.00,"16,800.00"
2019-02-27,2019022701003124,BPCL,6,7,300,337.00,"101,100.00"
2019-02-27,2019022701003123,BPCL,16,7,100,337.00,"33,700.00"
2019-02-27,2019022701003122,BPCL,55,7,100,337.00,"33,700.00"
2019-02-27,2019022701003418,CBL,6,34,550,149.00,"81,950.00"
2019-02-27,2019022701003387,CBL,46,1,150,148.00,"22,200.00"
2019-02-27,2019022701003215,CBL,22,34,10,149.00,"1,490.00"
2019-02-27,2019022701003036,CBL,46,6,150,148.00,"22,200.00"
2019-02-27,2019022701003393,CCBL,48,26,82,158.00,"12,956.00"
2019-02-27,2019022701003296,CCBL,48,6,217,158.00,"34,286.00"
2019-02-27,2019022701003295,CCBL,48,6,200,158.00,"31,600.00"
2019-02-27,2019022701003294,CCBL,26,6,100,158.00,"15,800.00"
2019-02-27,2019022701003293,CCBL,48,6,300,158.00,"47,400.00"
2019-02-27,2019022701003292,CCBL,38,6,"1,100",158.00,"173,800.00"
2019-02-27,2019022701003100,CCBL,57,33,38,158.00,"6,004.00"
2019-02-27,2019022701003291,CCBL,19,6,25,158.00,"3,950.00"
2019-02-27,2019022701003290,CCBL,16,6,200,158.00,"31,600.00"
2019-02-27,2019022701003289,CCBL,57,6,285,158.00,"45,030.00"
2019-02-27,2019022701003288,CCBL,33,6,73,159.00,"11,607.00"
2019-02-27,2019022701003287,CCBL,33,17,27,159.00,"4,293.00"
2019-02-27,2019022701003269,CCBL,22,17,20,159.00,"3,180.00"
2019-02-27,2019022701003090,CFCL,48,14,"1,300",109.00,"141,700.00"
2019-02-27,2019022701003089,CFCL,39,14,90,109.00,"9,810.00"
2019-02-27,2019022701003409,CHCL,49,21,65,500.00,"32,500.00"
2019-02-27,2019022701003398,CHCL,49,37,40,500.00,"20,000.00"
2019-02-27,2019022701003388,CHCL,49,6,174,500.00,"87,000.00"
2019-02-27,2019022701003373,CHCL,49,21,100,500.00,"50,000.00"
2019-02-27,2019022701003348,CHCL,49,43,530,500.00,"265,000.00"
2019-02-27,2019022701003343,CHCL,49,5,10,500.00,"5,000.00"
2019-02-27,2019022701003258,CHCL,49,51,143,500.00,"71,500.00"
2019-02-27,2019022701003153,CHCL,49,42,80,500.00,"40,000.00"
2019-02-27,2019022701003001,CHCL,29,3,52,501.00,"26,052.00"
2019-02-27,2019022701003130,CHL,58,28,34,102.00,"3,468.00"
2019-02-27,2019022701003129,CHL,58,55,10,102.00,"1,020.00"
2019-02-27,2019022701003417,CHLBS,57,1,10,584.00,"5,840.00"
2019-02-27,2019022701003410,CHLBS,57,1,10,584.00,"5,840.00"
2019-02-27,2019022701003391,CHLBS,57,56,10,584.00,"5,840.00"
2019-02-27,2019022701003390,CHLBS,57,35,10,584.00,"5,840.00"
2019-02-27,2019022701003364,CHLBS,26,33,390,583.00,"227,370.00"
2019-02-27,2019022701003273,CHLBS,19,33,10,583.00,"5,830.00"
2019-02-27,2019022701003272,CHLBS,32,51,10,582.00,"5,820.00"
2019-02-27,2019022701003035,CHLBS,32,29,10,582.00,"5,820.00"
2019-02-27,2019022701003003,CHLBS,11,36,10,582.00,"5,820.00"
2019-02-27,2019022701003057,CIT,7,17,10,"2,559.00","25,590.00"
2019-02-27,2019022701002971,CIT,6,6,1,"2,550.00","2,550.00"
2019-02-27,2019022701002969,CIT,6,6,1,"2,550.00","2,550.00"
2019-02-27,2019022701003115,CORBL,34,33,40,90.00,"3,600.00"
2019-02-27,2019022701003312,CZBIL,37,6,300,202.00,"60,600.00"
2019-02-27,2019022701003311,CZBIL,6,6,175,202.00,"35,350.00"
2019-02-27,2019022701003256,CZBIL,6,21,15,202.00,"3,030.00"
2019-02-27,2019022701003169,CZBIL,6,48,50,202.00,"10,100.00"
2019-02-27,2019022701003037,CZBIL,42,29,25,203.00,"5,075.00"
2019-02-27,2019022701003020,CZBIL,42,29,25,203.00,"5,075.00"
2019-02-27,2019022701002968,CZBIL,59,29,10,203.00,"2,030.00"
2019-02-27,2019022701002966,CZBIL,6,59,10,202.00,"2,020.00"
2019-02-27,2019022701003383,EBL,13,32,73,507.00,"37,011.00"
2019-02-27,2019022701003382,EBL,40,32,25,507.00,"12,675.00"
2019-02-27,2019022701003315,EBL,17,43,100,508.00,"50,800.00"
2019-02-27,2019022701003146,EBL,29,34,249,508.00,"126,492.00"
2019-02-27,2019022701003307,FMDBL,45,47,81,356.00,"28,836.00"
2019-02-27,2019022701003306,FMDBL,11,47,70,356.00,"24,920.00"
2019-02-27,2019022701003156,FMDBL,11,42,100,356.00,"35,600.00"
2019-02-27,2019022701003385,FOWAD,22,49,20,"1,527.00","30,540.00"
2019-02-27,2019022701003345,FOWAD,38,17,50,"1,549.00","77,450.00"
2019-02-27,2019022701003029,FOWAD,22,41,10,"1,527.00","15,270.00"
2019-02-27,2019022701003010,FOWAD,38,37,110,"1,530.00","168,300.00"
2019-02-27,2019022701002955,GBBL,14,37,91,181.00,"16,471.00"
2019-02-27,2019022701003249,GBIME,58,17,495,258.00,"127,710.00"
2019-02-27,2019022701003248,GBIME,58,17,100,258.00,"25,800.00"
2019-02-27,2019022701003247,GBIME,58,17,100,258.00,"25,800.00"
2019-02-27,2019022701003246,GBIME,46,17,170,258.00,"43,860.00"
2019-02-27,2019022701003245,GBIME,58,17,435,258.00,"112,230.00"
2019-02-27,2019022701003241,GBIME,58,17,457,258.00,"117,906.00"
2019-02-27,2019022701003160,GBIME,58,34,"1,108",258.00,"285,864.00"
2019-02-27,2019022701003159,GBIME,6,34,50,258.00,"12,900.00"
2019-02-27,2019022701003158,GBIME,37,34,842,258.00,"217,236.00"
2019-02-27,2019022701002996,GLICL,59,58,20,680.00,"13,600.00"
2019-02-27,2019022701003168,GRDBL,25,11,63,102.00,"6,426.00"
2019-02-27,2019022701003167,GRDBL,42,11,362,102.00,"36,924.00"
2019-02-27,2019022701003166,GRDBL,45,11,100,103.00,"10,300.00"
2019-02-27,2019022701003174,GUFL,28,19,500,102.00,"51,000.00"
2019-02-27,2019022701003081,HBL,47,45,75,428.00,"32,100.00"
2019-02-27,2019022701003031,HBL,42,45,50,428.00,"21,400.00"
2019-02-27,2019022701003008,HBL,42,45,50,428.00,"21,400.00"
2019-02-27,2019022701003389,HDL,26,58,100,"1,321.00","132,100.00"
2019-02-27,2019022701003005,HIDCL,7,42,34,131.00,"4,454.00"
2019-02-27,2019022701002933,HIDCL,7,42,12,131.00,"1,572.00"
2019-02-27,2019022701003152,HPPL,13,38,93,170.00,"15,810.00"
2019-02-27,2019022701003038,HPPL,36,59,10,169.00,"1,690.00"
2019-02-27,2019022701003027,HPPL,59,38,10,170.00,"1,700.00"
2019-02-27,2019022701003009,HPPL,36,42,10,169.00,"1,690.00"
2019-02-27,2019022701002941,HPPL,36,42,20,169.00,"3,380.00"
2019-02-27,2019022701003351,JBBL,18,14,376,134.00,"50,384.00"
2019-02-27,2019022701003397,JBNL,26,34,40,163.00,"6,520.00"
2019-02-27,2019022701003396,JBNL,26,17,160,163.00,"26,080.00"
2019-02-27,2019022701003319,JBNL,52,52,"2,014",163.00,"328,282.00"
2019-02-27,2019022701003061,JBNL,5,52,150,163.00,"24,450.00"
2019-02-27,2019022701003021,JBNL,5,52,20,163.00,"3,260.00"
2019-02-27,2019022701002961,JBNL,14,52,500,163.00,"81,500.00"
2019-02-27,2019022701002960,JBNL,40,52,100,163.00,"16,300.00"
2019-02-27,2019022701002959,JBNL,34,52,216,163.00,"35,208.00"
2019-02-27,2019022701002953,JBNL,34,16,50,163.00,"8,150.00"
2019-02-27,2019022701003025,JEFL,7,33,"1,000",133.00,"133,000.00"
2019-02-27,2019022701003355,KADBL,16,22,300,143.00,"42,900.00"
2019-02-27,2019022701003354,KADBL,28,22,100,143.00,"14,300.00"
2019-02-27,2019022701003353,KADBL,40,22,70,144.00,"10,080.00"
2019-02-27,2019022701003394,KBBL,10,16,200,207.00,"41,400.00"
2019-02-27,2019022701003205,KBBL,10,16,100,207.00,"20,700.00"
2019-02-27,2019022701003204,KBBL,57,16,100,207.00,"20,700.00"
2019-02-27,2019022701003422,KBL,48,50,113,232.00,"26,216.00"
2019-02-27,2019022701003421,KBL,48,14,140,232.00,"32,480.00"
2019-02-27,2019022701003308,KBL,37,14,60,232.00,"13,920.00"
2019-02-27,2019022701003162,KBL,25,42,100,231.00,"23,100.00"
2019-02-27,2019022701003118,KBL,33,14,96,232.00,"22,272.00"
2019-02-27,2019022701003058,KBL,6,6,1,231.00,231.00
2019-02-27,2019022701003176,KMCDB,36,50,30,840.00,"25,200.00"
2019-02-27,2019022701002950,KMFL,17,22,100,889.00,"88,900.00"
2019-02-27,2019022701002949,KMFL,59,22,50,890.00,"44,500.00"
2019-02-27,2019022701002948,KMFL,47,22,30,891.00,"26,730.00"
2019-02-27,2019022701003378,KPCL,58,58,10,91.00,910.00
2019-02-27,2019022701003352,KPCL,58,58,10,91.00,910.00
2019-02-27,2019022701003336,KPCL,58,58,10,91.00,910.00
2019-02-27,2019022701002977,KPCL,39,59,10,90.00,900.00
2019-02-27,2019022701002976,KPCL,59,28,10,91.00,910.00
2019-02-27,2019022701003335,KPCL,58,58,10,91.00,910.00
2019-02-27,2019022701003314,KPCL,39,58,10,90.00,900.00
2019-02-27,2019022701003381,KSBBL,59,14,192,132.00,"25,344.00"
2019-02-27,2019022701003380,KSBBL,29,14,100,133.00,"13,300.00"
2019-02-27,2019022701002940,KSBBL,59,42,313,132.00,"41,316.00"
2019-02-27,2019022701002939,KSBBL,34,42,100,132.00,"13,200.00"
2019-02-27,2019022701002938,KSBBL,34,42,50,132.00,"6,600.00"
2019-02-27,2019022701002937,KSBBL,41,42,500,132.00,"66,000.00"
2019-02-27,2019022701002936,KSBBL,40,42,50,132.00,"6,600.00"
2019-02-27,2019022701002935,KSBBL,40,42,50,132.00,"6,600.00"
2019-02-27,2019022701002934,KSBBL,59,42,170,133.00,"22,610.00"
2019-02-27,2019022701003286,LBBL,59,32,500,169.00,"84,500.00"
2019-02-27,2019022701003285,LBBL,14,32,500,169.00,"84,500.00"
2019-02-27,2019022701003284,LBBL,32,32,300,169.00,"50,700.00"
2019-02-27,2019022701003283,LBBL,43,32,500,169.00,"84,500.00"
2019-02-27,2019022701003276,LBBL,40,32,484,169.00,"81,796.00"
2019-02-27,2019022701003282,LBBL,22,32,500,169.00,"84,500.00"
2019-02-27,2019022701003281,LBBL,35,32,100,169.00,"16,900.00"
2019-02-27,2019022701003280,LBBL,39,32,20,169.00,"3,380.00"
2019-02-27,2019022701003279,LBBL,16,32,200,169.00,"33,800.00"
2019-02-27,2019022701003278,LBBL,43,32,"2,000",169.00,"338,000.00"
2019-02-27,2019022701003277,LBBL,43,32,"1,000",169.00,"169,000.00"
2019-02-27,2019022701003240,LBL,26,10,15,186.00,"2,790.00"
2019-02-27,2019022701003239,LBL,26,41,"1,261",185.00,"233,285.00"
2019-02-27,2019022701003203,LBL,54,41,100,185.00,"18,500.00"
2019-02-27,2019022701003049,LBL,19,41,200,185.00,"37,000.00"
2019-02-27,2019022701003047,LBL,58,10,85,186.00,"15,810.00"
2019-02-27,2019022701003044,LBL,58,5,15,186.00,"2,790.00"
2019-02-27,2019022701003016,LBL,58,5,100,186.00,"18,600.00"
2019-02-27,2019022701003030,LLBS,37,42,420,753.00,"316,260.00"
2019-02-27,2019022701003403,MBL,6,41,209,206.00,"43,054.00"
2019-02-27,2019022701003323,MBL,10,41,200,206.00,"41,200.00"
2019-02-27,2019022701003267,MBL,33,41,200,206.00,"41,200.00"
2019-02-27,2019022701003054,MBL,22,41,500,206.00,"103,000.00"
2019-02-27,2019022701003053,MBL,7,41,391,206.00,"80,546.00"
2019-02-27,2019022701003039,MBL,7,56,109,206.00,"22,454.00"
2019-02-27,2019022701002967,MDB,17,17,5,230.00,"1,150.00"
2019-02-27,2019022701003372,MEGA,57,32,"1,000",158.00,"158,000.00"
2019-02-27,2019022701003371,MEGA,57,25,62,158.00,"9,796.00"
2019-02-27,2019022701003349,MEGA,10,34,99,157.00,"15,543.00"
2019-02-27,2019022701003082,MEGA,10,42,500,157.00,"78,500.00"
2019-02-27,2019022701002983,MEGA,10,32,565,157.00,"88,705.00"
2019-02-27,2019022701002982,MEGA,45,32,437,157.00,"68,609.00"
2019-02-27,2019022701002981,MEGA,43,32,100,157.00,"15,700.00"
2019-02-27,2019022701002980,MEGA,19,32,150,157.00,"23,550.00"
2019-02-27,2019022701002979,MEGA,36,32,20,157.00,"3,140.00"
2019-02-27,2019022701003214,MERO,57,17,16,590.00,"9,440.00"
2019-02-27,2019022701003208,MERO,57,37,12,590.00,"7,080.00"
2019-02-27,2019022701003207,MERO,19,37,38,591.00,"22,458.00"
2019-02-27,2019022701003014,MERO,19,42,16,591.00,"9,456.00"
2019-02-27,2019022701003414,MFIL,48,47,240,112.00,"26,880.00"
2019-02-27,2019022701003413,MFIL,48,42,60,112.00,"6,720.00"
2019-02-27,2019022701003150,MFIL,49,34,63,111.00,"6,993.00"
2019-02-27,2019022701003079,MFIL,49,42,"1,186",111.00,"131,646.00"
2019-02-27,2019022701003073,MLBL,34,42,70,158.00,"11,060.00"
2019-02-27,2019022701003275,MMFDB,26,37,16,918.00,"14,688.00"
2019-02-27,2019022701003274,MMFDB,22,37,30,920.00,"27,600.00"
2019-02-27,2019022701003420,MNBBL,14,14,20,339.00,"6,780.00"
2019-02-27,2019022701003419,MNBBL,14,35,730,339.00,"247,470.00"
2019-02-27,2019022701002931,MNBBL,14,41,500,339.00,"169,500.00"
2019-02-27,2019022701002930,MNBBL,14,58,19,339.00,"6,441.00"
2019-02-27,2019022701002929,MNBBL,14,59,95,339.00,"32,205.00"
2019-02-27,2019022701002928,MNBBL,14,48,71,338.00,"23,998.00"
2019-02-27,2019022701003268,MSLB,28,38,45,"1,352.00","60,840.00"
2019-02-27,2019022701003202,MSLB,16,38,85,"1,352.00","114,920.00"
2019-02-27,2019022701003096,MSLB,16,56,15,"1,350.00","20,250.00"
2019-02-27,2019022701003022,NABIL,33,17,400,686.00,"274,400.00"
2019-02-27,2019022701002989,NABIL,55,25,70,688.00,"48,160.00"
2019-02-27,2019022701002988,NABIL,49,25,150,688.00,"103,200.00"
2019-02-27,2019022701002987,NABIL,34,25,10,688.00,"6,880.00"
2019-02-27,2019022701003322,NABILP,41,6,160,649.00,"103,840.00"
2019-02-27,2019022701003340,NBL,21,32,100,285.00,"28,500.00"
2019-02-27,2019022701003339,NBL,21,36,100,285.00,"28,500.00"
2019-02-27,2019022701003300,NBL,56,36,107,284.00,"30,388.00"
2019-02-27,2019022701003216,NBL,56,48,50,284.00,"14,200.00"
2019-02-27,2019022701003149,NBL,43,42,100,283.00,"28,300.00"
2019-02-27,2019022701003095,NBL,43,26,124,283.00,"35,092.00"
2019-02-27,2019022701003086,NBL,7,32,340,284.00,"96,560.00"
2019-02-27,2019022701003063,NBL,58,32,50,284.00,"14,200.00"
2019-02-27,2019022701003059,NBL,43,58,50,283.00,"14,150.00"
2019-02-27,2019022701003050,NBL,29,32,100,284.00,"28,400.00"
2019-02-27,2019022701002942,NBL,51,32,10,284.00,"2,840.00"
2019-02-27,2019022701003332,NCCB,34,6,921,204.00,"187,884.00"
2019-02-27,2019022701003331,NCCB,41,6,500,204.00,"102,000.00"
2019-02-27,2019022701003330,NCCB,6,6,79,204.00,"16,116.00"
2019-02-27,2019022701003191,NCCB,6,42,21,204.00,"4,284.00"
2019-02-27,2019022701003190,NCCB,34,42,179,204.00,"36,516.00"
2019-02-27,2019022701002956,NCCB,25,34,30,205.00,"6,150.00"
2019-02-27,2019022701003412,NCDB,26,44,100,115.00,"11,500.00"
2019-02-27,2019022701003411,NCDB,26,44,100,115.00,"11,500.00"
2019-02-27,2019022701003193,NHDL,28,22,10,122.00,"1,220.00"
2019-02-27,2019022701003305,NHPC,48,1,100,61.00,"6,100.00"
2019-02-27,2019022701003304,NHPC,21,1,100,61.00,"6,100.00"
2019-02-27,2019022701003303,NHPC,17,1,500,61.00,"30,500.00"
2019-02-27,2019022701003302,NHPC,53,1,200,61.00,"12,200.00"
2019-02-27,2019022701003370,NIB,42,59,342,502.00,"171,684.00"
2019-02-27,2019022701003068,NIB,54,59,500,502.00,"251,000.00"
2019-02-27,2019022701003067,NIB,42,59,88,502.00,"44,176.00"
2019-02-27,2019022701003066,NIB,58,59,70,503.00,"35,210.00"
2019-02-27,2019022701003018,NIB,58,42,14,503.00,"7,042.00"
2019-02-27,2019022701002947,NIB,58,42,14,503.00,"7,042.00"
2019-02-27,2019022701002946,NIB,58,38,37,503.00,"18,611.00"
2019-02-27,2019022701002945,NIB,58,11,65,503.00,"32,695.00"
2019-02-27,2019022701003408,NIBPO,7,34,500,464.00,"232,000.00"
2019-02-27,2019022701003407,NIBPO,7,34,500,464.00,"232,000.00"
2019-02-27,2019022701003386,NIBPO,35,8,30,467.00,"14,010.00"
2019-02-27,2019022701003210,NIBPO,7,34,"1,200",465.00,"558,000.00"
2019-02-27,2019022701002952,NIBPO,34,34,"1,000",465.00,"465,000.00"
2019-02-27,2019022701002951,NIBPO,16,34,200,465.00,"93,000.00"
2019-02-27,2019022701003070,NICA,39,56,112,378.00,"42,336.00"
2019-02-27,2019022701003069,NICA,21,56,20,378.00,"7,560.00"
2019-02-27,2019022701002957,NICA,21,22,20,378.00,"7,560.00"
2019-02-27,2019022701003266,NICL,13,4,200,365.00,"73,000.00"
2019-02-27,2019022701003064,NICL,34,34,100,365.00,"36,500.00"
2019-02-27,2019022701003000,NICL,6,6,4,367.00,"1,468.00"
2019-02-27,2019022701003218,NIL,25,33,358,513.00,"183,654.00"
2019-02-27,2019022701003197,NIL,25,33,459,513.00,"235,467.00"
2019-02-27,2019022701003196,NIL,35,33,41,513.00,"21,033.00"
2019-02-27,2019022701003177,NIL,35,45,144,513.00,"73,872.00"
2019-02-27,2019022701003144,NIL,25,59,200,515.00,"103,000.00"
2019-02-27,2019022701003143,NIL,25,34,200,514.00,"102,800.00"
2019-02-27,2019022701002932,NIL,35,16,15,513.00,"7,695.00"
2019-02-27,2019022701003299,NLIC,56,16,89,"1,011.00","89,979.00"
2019-02-27,2019022701003298,NLIC,35,16,100,"1,012.00","101,200.00"
2019-02-27,2019022701003297,NLIC,21,16,11,"1,012.00","11,132.00"
2019-02-27,2019022701003074,NLIC,7,39,10,"1,017.00","10,170.00"
2019-02-27,2019022701003002,NLIC,56,17,17,"1,014.00","17,238.00"
2019-02-27,2019022701003217,NLICL,35,53,287,622.00,"178,514.00"
2019-02-27,2019022701003094,NLICL,35,40,213,622.00,"132,486.00"
2019-02-27,2019022701003093,NLICL,25,40,15,622.00,"9,330.00"
2019-02-27,2019022701003092,NLICL,25,40,12,622.00,"7,464.00"
2019-02-27,2019022701003091,NLICL,22,40,10,622.00,"6,220.00"
2019-02-27,2019022701003416,NMB,43,44,900,303.00,"272,700.00"
2019-02-27,2019022701003415,NMB,28,44,100,303.00,"30,300.00"
2019-02-27,2019022701003344,NMB,43,44,887,303.00,"268,761.00"
2019-02-27,2019022701003301,NMB,33,44,19,304.00,"5,776.00"
2019-02-27,2019022701003255,NMB,33,44,81,304.00,"24,624.00"
2019-02-27,2019022701003251,NMB,48,44,100,304.00,"30,400.00"
2019-02-27,2019022701003219,NMB,43,37,113,303.00,"34,239.00"
2019-02-27,2019022701003180,NMB,43,38,371,303.00,"112,413.00"
2019-02-27,2019022701003148,NMB,8,38,147,303.00,"44,541.00"
2019-02-27,2019022701003145,NMB,8,34,57,303.00,"17,271.00"
2019-02-27,2019022701002944,NMB,8,29,13,303.00,"3,939.00"
2019-02-27,2019022701003238,NMFBS,38,17,12,"1,620.00","19,440.00"
2019-02-27,2019022701003400,NNLB,14,21,10,464.00,"4,640.00"
2019-02-27,2019022701003384,NNLB,38,6,100,465.00,"46,500.00"
2019-02-27,2019022701003220,NTC,34,35,700,681.00,"476,700.00"
2019-02-27,2019022701003192,NTC,34,42,15,681.00,"10,215.00"
2019-02-27,2019022701003377,NUBL,21,22,100,701.00,"70,100.00"
2019-02-27,2019022701003376,NUBL,54,22,100,702.00,"70,200.00"
2019-02-27,2019022701003375,NUBL,50,22,100,702.00,"70,200.00"
2019-02-27,2019022701003374,NUBL,1,22,30,703.00,"21,090.00"
2019-02-27,2019022701003363,NUBL,47,22,30,704.00,"21,120.00"
2019-02-27,2019022701003362,NUBL,22,22,24,705.00,"16,920.00"
2019-02-27,2019022701003361,NUBL,45,22,30,706.00,"21,180.00"
2019-02-27,2019022701003360,NUBL,47,22,30,707.00,"21,210.00"
2019-02-27,2019022701003359,NUBL,14,22,10,708.00,"7,080.00"
2019-02-27,2019022701003257,PCBL,33,38,50,305.00,"15,250.00"
2019-02-27,2019022701003201,PCBL,11,38,450,305.00,"137,250.00"
2019-02-27,2019022701003179,PCBL,33,43,500,305.00,"152,500.00"
2019-02-27,2019022701003178,PCBL,33,8,490,305.00,"149,450.00"
2019-02-27,2019022701003056,PCBL,51,8,10,305.00,"3,050.00"
2019-02-27,2019022701003015,PCBL,42,34,25,306.00,"7,650.00"
2019-02-27,2019022701002927,PCBL,21,32,441,305.00,"134,505.00"
2019-02-27,2019022701003004,PCBL,33,5,862,305.00,"262,910.00"
2019-02-27,2019022701002978,PCBL,34,5,108,305.00,"32,940.00"
2019-02-27,2019022701002970,PCBL,34,40,92,305.00,"28,060.00"
2019-02-27,2019022701002964,PCBL,13,34,"1,540",305.00,"469,700.00"
2019-02-27,2019022701002963,PCBL,16,34,100,305.00,"30,500.00"
2019-02-27,2019022701002962,PCBL,21,34,359,305.00,"109,495.00"
2019-02-27,2019022701003170,PFL,39,42,13,127.00,"1,651.00"
2019-02-27,2019022701003147,PFL,39,33,39,127.00,"4,953.00"
2019-02-27,2019022701003140,PFL,39,43,13,127.00,"1,651.00"
2019-02-27,2019022701003080,PFL,39,59,13,127.00,"1,651.00"
2019-02-27,2019022701003077,PFL,59,42,13,128.00,"1,664.00"
2019-02-27,2019022701003085,PIC,50,38,11,"1,000.00","11,000.00"
2019-02-27,2019022701003084,PIC,50,35,122,"1,000.00","122,000.00"
2019-02-27,2019022701003083,PIC,50,39,11,"1,000.00","11,000.00"
2019-02-27,2019022701003032,PICL,19,40,84,670.00,"56,280.00"
2019-02-27,2019022701003189,PLIC,35,34,62,436.00,"27,032.00"
2019-02-27,2019022701003188,PLIC,50,34,62,436.00,"27,032.00"
2019-02-27,2019022701003187,PLIC,58,34,400,437.00,"174,800.00"
2019-02-27,2019022701003186,PLIC,51,34,100,438.00,"43,800.00"
2019-02-27,2019022701003131,PMHPL,56,33,10,107.00,"1,070.00"
2019-02-27,2019022701003048,PRIN,45,35,200,407.00,"81,400.00"
2019-02-27,2019022701003024,PRIN,45,35,200,407.00,"81,400.00"
2019-02-27,2019022701003023,PRIN,26,35,20,407.00,"8,140.00"
2019-02-27,2019022701003175,PRVU,32,32,"1,200",213.00,"255,600.00"
2019-02-27,2019022701003133,PRVU,29,33,24,212.00,"5,088.00"
2019-02-27,2019022701003088,PRVU,28,42,930,213.00,"198,090.00"
2019-02-27,2019022701003071,PRVU,28,34,200,213.00,"42,600.00"
2019-02-27,2019022701003033,PRVU,28,17,400,213.00,"85,200.00"
2019-02-27,2019022701002954,RADHI,13,42,11,158.00,"1,738.00"
2019-02-27,2019022701003392,RBCL,45,6,10,"9,100.00","91,000.00"
2019-02-27,2019022701003399,RHPC,34,26,18,85.00,"1,530.00"
2019-02-27,2019022701002986,RHPC,34,19,557,85.00,"47,345.00"
2019-02-27,2019022701002985,RHPC,16,19,200,85.00,"17,000.00"
2019-02-27,2019022701002984,RHPC,43,19,243,85.00,"20,655.00"
2019-02-27,2019022701003099,RLFL,1,42,101,112.00,"11,312.00"
2019-02-27,2019022701003098,RLFL,59,42,100,112.00,"11,200.00"
2019-02-27,2019022701003097,RLFL,1,42,500,113.00,"56,500.00"
2019-02-27,2019022701003265,RRHP,48,17,10,89.00,890.00
2019-02-27,2019022701003264,RRHP,48,6,10,89.00,890.00
2019-02-27,2019022701003263,RRHP,48,17,10,89.00,890.00
2019-02-27,2019022701003262,RRHP,48,22,10,89.00,890.00
2019-02-27,2019022701003261,RRHP,48,34,10,89.00,890.00
2019-02-27,2019022701003260,RRHP,48,43,10,89.00,890.00
2019-02-27,2019022701003402,RSDC,40,43,56,369.00,"20,664.00"
2019-02-27,2019022701003327,RSDC,40,22,14,369.00,"5,166.00"
2019-02-27,2019022701003270,RSDC,35,37,20,370.00,"7,400.00"
2019-02-27,2019022701003132,SANIMA,37,5,40,291.00,"11,640.00"
2019-02-27,2019022701003060,SANIMA,37,56,232,291.00,"67,512.00"
2019-02-27,2019022701003321,SBL,37,43,99,277.00,"27,423.00"
2019-02-27,2019022701003347,SCB,45,42,10,530.00,"5,300.00"
2019-02-27,2019022701003346,SCB,10,42,190,530.00,"100,700.00"
2019-02-27,2019022701003114,SCB,10,10,310,530.00,"164,300.00"
2019-02-27,2019022701003113,SCB,56,10,30,530.00,"15,900.00"
2019-02-27,2019022701003112,SCB,52,10,100,530.00,"53,000.00"
2019-02-27,2019022701003111,SCB,52,10,60,530.00,"31,800.00"
2019-02-27,2019022701003034,SCB,42,39,50,531.00,"26,550.00"
2019-02-27,2019022701003026,SCB,52,42,20,530.00,"10,600.00"
2019-02-27,2019022701003017,SCB,45,39,65,531.00,"34,515.00"
2019-02-27,2019022701002997,SEOS,7,54,"16,919",9.68,"163,775.92"
2019-02-27,2019022701003259,SHINE,44,34,287,240.00,"68,880.00"
2019-02-27,2019022701003043,SHL,4,19,475,200.00,"95,000.00"
2019-02-27,2019022701003042,SHL,58,19,100,200.00,"20,000.00"
2019-02-27,2019022701003041,SHL,50,19,200,200.00,"40,000.00"
2019-02-27,2019022701003040,SHL,42,19,225,200.00,"45,000.00"
2019-02-27,2019022701002999,SHL,51,13,"2,372",202.00,"479,144.00"
2019-02-27,2019022701002965,SHL,42,16,100,200.00,"20,000.00"
2019-02-27,2019022701003358,SHPC,43,34,32,215.00,"6,880.00"
2019-02-27,2019022701003328,SHPC,43,34,32,215.00,"6,880.00"
2019-02-27,2019022701003151,SHPC,43,42,100,215.00,"21,500.00"
2019-02-27,2019022701003046,SHPC,43,37,67,215.00,"14,405.00"
2019-02-27,2019022701003141,SICL,16,5,12,858.00,"10,296.00"
2019-02-27,2019022701002995,SIFC,43,11,20,132.00,"2,640.00"
2019-02-27,2019022701003369,SIL,10,5,12,593.00,"7,116.00"
2019-02-27,2019022701003313,SIL,35,5,20,593.00,"11,860.00"
2019-02-27,2019022701003253,SIL,33,52,150,592.00,"88,800.00"
2019-02-27,2019022701003252,SIL,37,52,330,592.00,"195,360.00"
2019-02-27,2019022701003223,SIL,37,52,170,592.00,"100,640.00"
2019-02-27,2019022701003222,SIL,13,52,300,593.00,"177,900.00"
2019-02-27,2019022701003221,SIL,59,52,30,593.00,"17,790.00"
2019-02-27,2019022701003173,SLBSL,52,52,10,777.00,"7,770.00"
2019-02-27,2019022701003338,SLICL,50,38,280,514.00,"143,920.00"
2019-02-27,2019022701003337,SLICL,50,35,10,514.00,"5,140.00"
2019-02-27,2019022701003165,SLICL,46,35,40,514.00,"20,560.00"
2019-02-27,2019022701003119,SLICL,35,35,100,514.00,"51,400.00"
2019-02-27,2019022701003357,SRBL,56,6,617,206.00,"127,102.00"
2019-02-27,2019022701003356,SRBL,56,6,383,206.00,"78,898.00"
2019-02-27,2019022701003250,SRBL,56,45,82,206.00,"16,892.00"
2019-02-27,2019022701003199,SRBL,56,42,35,206.00,"7,210.00"
2019-02-27,2019022701003198,SRBL,56,42,465,206.00,"95,790.00"
2019-02-27,2019022701003011,SRBL,42,45,25,207.00,"5,175.00"
2019-02-27,2019022701003117,UFL,19,42,400,146.00,"58,400.00"
2019-02-27,2019022701003116,UFL,43,42,86,148.00,"12,728.00"
2019-02-27,2019022701003254,UIC,1,55,10,748.00,"7,480.00"
2019-02-27,2019022701003244,UIC,46,55,100,750.00,"75,000.00"
2019-02-27,2019022701003243,UIC,35,55,30,750.00,"22,500.00"
2019-02-27,2019022701003242,UIC,55,55,10,750.00,"7,500.00"
2019-02-27,2019022701003404,UPPER,32,25,30,225.00,"6,750.00"
2019-02-27,2019022701003401,UPPER,37,25,450,225.00,"101,250.00"
2019-02-27,2019022701003395,UPPER,37,1,50,225.00,"11,250.00"
2019-02-27,2019022701002990,UPPER,58,37,10,225.00,"2,250.00"
2019-02-27,2019022701003012,UPPER,57,59,40,224.00,"8,960.00"
2019-02-27,2019022701003006,UPPER,59,21,40,225.00,"9,000.00"
2019-02-27,2019022701002994,UPPER,58,58,50,225.00,"11,250.00"
2019-02-27,2019022701002993,UPPER,58,41,50,225.00,"11,250.00"
2019-02-27,2019022701002992,UPPER,58,41,50,225.00,"11,250.00"
2019-02-27,2019022701002991,UPPER,58,41,40,225.00,"9,000.00"
2019-02-27,2019022701003078,UPPER,57,17,40,224.00,"8,960.00"
2019-02-27,2019022701003072,UPPER,57,17,50,224.00,"11,200.00"
2019-02-27,2019022701003065,UPPER,57,17,50,224.00,"11,200.00"
2019-02-27,2019022701003028,UPPER,57,21,40,224.00,"8,960.00"
2019-02-27,2019022701003019,UPPER,57,21,50,224.00,"11,200.00"
2019-02-27,2019022701003013,UPPER,57,21,40,224.00,"8,960.00"
2019-02-27,2019022701003224,UPPER,22,58,50,225.00,"11,250.00"
2019-02-27,2019022701003200,UPPER,57,42,50,224.00,"11,200.00"
2019-02-27,2019022701003161,UPPER,57,21,50,224.00,"11,200.00"
2019-02-27,2019022701003142,UPPER,57,33,50,224.00,"11,200.00"
2019-02-27,2019022701003101,UPPER,57,21,40,224.00,"8,960.00"
2019-02-27,2019022701003087,UPPER,57,21,40,224.00,"8,960.00"
2019-02-27,2019022701003230,UPPER,22,36,50,226.00,"11,300.00"
2019-02-27,2019022701003229,UPPER,22,44,97,226.00,"21,922.00"
2019-02-27,2019022701003228,UPPER,22,22,35,226.00,"7,910.00"
2019-02-27,2019022701003227,UPPER,22,58,50,225.00,"11,250.00"
2019-02-27,2019022701003226,UPPER,22,58,50,225.00,"11,250.00"
2019-02-27,2019022701003225,UPPER,22,58,50,225.00,"11,250.00"
2019-02-27,2019022701003236,UPPER,22,41,40,226.00,"9,040.00"
2019-02-27,2019022701003235,UPPER,22,41,40,226.00,"9,040.00"
2019-02-27,2019022701003234,UPPER,22,38,50,226.00,"11,300.00"
2019-02-27,2019022701003233,UPPER,22,38,40,226.00,"9,040.00"
2019-02-27,2019022701003232,UPPER,22,38,50,226.00,"11,300.00"
2019-02-27,2019022701003231,UPPER,22,52,500,226.00,"113,000.00"
2019-02-27,2019022701003320,UPPER,21,22,120,226.00,"27,120.00"
2019-02-27,2019022701003310,UPPER,21,38,40,225.00,"9,000.00"
2019-02-27,2019022701003309,UPPER,21,39,40,225.00,"9,000.00"
2019-02-27,2019022701003237,UPPER,22,22,579,226.00,"130,854.00"
2019-02-27,2019022701003206,VLBS,52,37,10,658.00,"6,580.00"
2019-02-27,2019022701003195,VLBS,53,20,25,669.00,"16,725.00"
2019-02-27,2019022701003194,VLBS,17,20,45,669.00,"30,105.00"
2019-02-27,2019022701003055,VLBS,17,53,24,669.00,"16,056.00"
2019-02-27,2019022701003052,VLBS,17,39,31,669.00,"20,739.00"
2019-02-27,2019022701003051,VLBS,25,39,10,670.00,"6,700.00"
2019-02-27,2019022701002975,WOMI,22,45,58,"1,100.00","63,800.00"
2019-02-27,2019022701002974,WOMI,17,45,17,"1,100.00","18,700.00"
2019-02-27,2019022701002973,WOMI,32,45,50,"1,100.00","55,000.00"
2019-02-27,2019022701002972,WOMI,55,45,75,"1,101.00","82,575.00"
2019-02-27,2019022701002958,WOMI,55,42,25,"1,101.00","27,525.00"
2019-02-27,2019022701002811,ADBL,22,16,81,332.00,"26,892.00"
2019-02-27,2019022701002810,ADBL,21,16,30,332.00,"9,960.00"
2019-02-27,2019022701002809,ADBL,14,16,16,332.00,"5,312.00"
2019-02-27,2019022701002788,ADBL,14,59,484,332.00,"160,688.00"
2019-02-27,2019022701002775,ADBL,8,38,198,332.00,"65,736.00"
2019-02-27,2019022701002774,ADBL,14,38,"1,041",332.00,"345,612.00"
2019-02-27,2019022701002469,ADBL,14,25,202,333.00,"67,266.00"
2019-02-27,2019022701002752,ADBL,14,56,250,332.00,"83,000.00"
2019-02-27,2019022701002723,ADBL,14,29,20,332.00,"6,640.00"
2019-02-27,2019022701002686,ADBL,19,25,24,333.00,"7,992.00"
2019-02-27,2019022701002597,ADBL,6,25,200,333.00,"66,600.00"
2019-02-27,2019022701002719,AHPC,45,28,900,97.00,"87,300.00"
2019-02-27,2019022701002718,AHPC,16,28,100,97.00,"9,700.00"
2019-02-27,2019022701002824,AKJCL,39,17,20,81.00,"1,620.00"
2019-02-27,2019022701002780,AKJCL,39,17,20,81.00,"1,620.00"
2019-02-27,2019022701002722,AKJCL,39,17,10,81.00,810.00
2019-02-27,2019022701002644,ALICL,44,4,90,552.00,"49,680.00"
2019-02-27,2019022701002643,ALICL,50,4,10,553.00,"5,530.00"
2019-02-27,2019022701002639,ALICL,26,4,200,554.00,"110,800.00"
2019-02-27,2019022701002638,ALICL,48,4,100,555.00,"55,500.00"
2019-02-27,2019022701002637,ALICL,40,4,100,556.00,"55,600.00"
2019-02-27,2019022701002739,AMFI,28,35,10,672.00,"6,720.00"
2019-02-27,2019022701002432,AMFI,28,51,10,672.00,"6,720.00"
2019-02-27,2019022701002914,API,39,44,30,123.00,"3,690.00"
2019-02-27,2019022701002441,API,46,44,411,123.00,"50,553.00"
2019-02-27,2019022701002429,API,34,34,2,121.00,242.00
2019-02-27,2019022701002507,API,34,34,2,121.00,242.00
2019-02-27,2019022701002754,API,16,25,"9,850",122.00,"1,201,700.00"
2019-02-27,2019022701002753,API,17,25,150,122.00,"18,300.00"
2019-02-27,2019022701002843,BOKL,21,34,800,240.00,"192,000.00"
2019-02-27,2019022701002675,BOKL,37,34,414,240.00,"99,360.00"
2019-02-27,2019022701002624,BOKL,37,33,65,240.00,"15,600.00"
2019-02-27,2019022701002831,BPCL,34,3,40,338.00,"13,520.00"
2019-02-27,2019022701002490,BPCL,49,3,161,337.00,"54,257.00"
2019-02-27,2019022701002489,BPCL,34,3,500,337.00,"168,500.00"
2019-02-27,2019022701002488,BPCL,34,3,200,337.00,"67,400.00"
2019-02-27,2019022701002487,BPCL,46,3,100,338.00,"33,800.00"
2019-02-27,2019022701002486,BPCL,38,3,100,338.00,"33,800.00"
2019-02-27,2019022701002485,BPCL,17,3,200,338.00,"67,600.00"
2019-02-27,2019022701002484,BPCL,41,3,20,338.00,"6,760.00"
2019-02-27,2019022701002483,BPCL,55,3,19,339.00,"6,441.00"
2019-02-27,2019022701002503,CBBL,59,32,75,865.00,"64,875.00"
2019-02-27,2019022701002502,CBBL,59,32,100,865.00,"86,500.00"
2019-02-27,2019022701002501,CBBL,42,32,20,865.00,"17,300.00"
2019-02-27,2019022701002500,CBBL,34,32,500,866.00,"433,000.00"
2019-02-27,2019022701002499,CBBL,16,32,200,866.00,"173,200.00"
2019-02-27,2019022701002498,CBBL,46,32,10,866.00,"8,660.00"
2019-02-27,2019022701002497,CBBL,6,32,50,866.00,"43,300.00"
2019-02-27,2019022701002496,CBBL,34,32,50,867.00,"43,350.00"
2019-02-27,2019022701002873,CBL,13,34,60,149.00,"8,940.00"
2019-02-27,2019022701002869,CBL,46,6,10,148.00,"1,480.00"
2019-02-27,2019022701002763,CBL,46,34,150,149.00,"22,350.00"
2019-02-27,2019022701002762,CBL,6,34,150,149.00,"22,350.00"
2019-02-27,2019022701002761,CBL,22,34,17,149.00,"2,533.00"
2019-02-27,2019022701002447,CBL,22,14,122,149.00,"18,178.00"
2019-02-27,2019022701002446,CBL,45,14,17,149.00,"2,533.00"
2019-02-27,2019022701002897,CCBL,13,17,71,159.00,"11,289.00"
2019-02-27,2019022701002815,CCBL,57,42,12,158.00,"1,896.00"
2019-02-27,2019022701002787,CCBL,56,17,102,159.00,"16,218.00"
2019-02-27,2019022701002727,CCBL,46,52,100,160.00,"16,000.00"
2019-02-27,2019022701002615,CCBL,56,37,43,159.00,"6,837.00"
2019-02-27,2019022701002515,CCBL,56,14,10,159.00,"1,590.00"
2019-02-27,2019022701002797,CHCL,29,42,50,501.00,"25,050.00"
2019-02-27,2019022701002769,CHCL,29,56,154,501.00,"77,154.00"
2019-02-27,2019022701002625,CHCL,29,37,12,501.00,"6,012.00"
2019-02-27,2019022701002913,CHLBS,11,45,10,582.00,"5,820.00"
2019-02-27,2019022701002867,CHLBS,48,39,10,581.00,"5,810.00"
2019-02-27,2019022701002825,CHLBS,32,17,10,582.00,"5,820.00"
2019-02-27,2019022701002807,CHLBS,32,57,10,582.00,"5,820.00"
2019-02-27,2019022701002794,CHLBS,32,17,10,582.00,"5,820.00"
2019-02-27,2019022701002725,CHLBS,40,17,10,582.00,"5,820.00"
2019-02-27,2019022701002466,CHLBS,48,21,10,581.00,"5,810.00"
2019-02-27,2019022701002465,CHLBS,33,42,10,585.00,"5,850.00"
2019-02-27,2019022701002433,CHLBS,26,55,10,581.00,"5,810.00"
2019-02-27,2019022701002430,CHLBS,26,55,10,581.00,"5,810.00"
2019-02-27,2019022701002427,CHLBS,29,55,10,582.00,"5,820.00"
2019-02-27,2019022701002657,CHLBS,40,17,10,582.00,"5,820.00"
2019-02-27,2019022701002640,CHLBS,38,17,10,583.00,"5,830.00"
2019-02-27,2019022701002629,CHLBS,40,17,10,582.00,"5,820.00"
2019-02-27,2019022701002622,CHLBS,40,17,10,582.00,"5,820.00"
2019-02-27,2019022701002618,CHLBS,48,17,10,581.00,"5,810.00"
2019-02-27,2019022701002523,CHLBS,57,57,10,584.00,"5,840.00"
2019-02-27,2019022701002856,CIT,16,16,24,"2,550.00","61,200.00"
2019-02-27,2019022701002793,CIT,6,58,100,"2,565.00","256,500.00"
2019-02-27,2019022701002736,CIT,45,55,10,"2,554.00","25,540.00"
2019-02-27,2019022701002559,CIT,40,13,25,"2,555.00","63,875.00"
2019-02-27,2019022701002818,CZBIL,56,42,11,202.00,"2,222.00"
2019-02-27,2019022701002771,CZBIL,56,3,10,202.00,"2,020.00"
2019-02-27,2019022701002628,CZBIL,56,16,100,202.00,"20,200.00"
2019-02-27,2019022701002616,CZBIL,56,16,100,202.00,"20,200.00"
2019-02-27,2019022701002607,CZBIL,58,58,9,203.00,"1,827.00"
2019-02-27,2019022701002605,CZBIL,58,58,9,203.00,"1,827.00"
2019-02-27,2019022701002574,CZBIL,18,29,200,203.00,"40,600.00"
2019-02-27,2019022701002570,CZBIL,56,16,102,202.00,"20,604.00"
2019-02-27,2019022701002863,DBBL,22,16,50,123.00,"6,150.00"
2019-02-27,2019022701002552,DBBL,22,25,123,123.00,"15,129.00"
2019-02-27,2019022701002729,DHPL,53,17,10,88.00,880.00
2019-02-27,2019022701002636,EBL,18,34,90,510.00,"45,900.00"
2019-02-27,2019022701002562,EBL,18,35,110,509.00,"55,990.00"
2019-02-27,2019022701002494,EBL,44,35,50,509.00,"25,450.00"
2019-02-27,2019022701002493,EBL,28,35,530,509.00,"269,770.00"
2019-02-27,2019022701002874,EIC,46,43,22,785.00,"17,270.00"
2019-02-27,2019022701002519,EIC,34,34,2,771.00,"1,542.00"
2019-02-27,2019022701002908,FOWAD,38,57,90,"1,530.00","137,700.00"
2019-02-27,2019022701002907,FOWAD,53,57,40,"1,531.00","61,240.00"
2019-02-27,2019022701002748,GBBL,16,16,"1,170",179.00,"209,430.00"
2019-02-27,2019022701002747,GBBL,34,16,50,179.00,"8,950.00"
2019-02-27,2019022701002746,GBBL,16,16,50,179.00,"8,950.00"
2019-02-27,2019022701002745,GBBL,39,16,300,179.00,"53,700.00"
2019-02-27,2019022701002744,GBBL,44,16,172,179.00,"30,788.00"
2019-02-27,2019022701002704,GBBL,44,29,28,179.00,"5,012.00"
2019-02-27,2019022701002703,GBBL,7,29,168,179.00,"30,072.00"
2019-02-27,2019022701002641,GBBL,44,16,"1,000",180.00,"180,000.00"
2019-02-27,2019022701002518,GBBL,49,4,65,181.00,"11,765.00"
2019-02-27,2019022701002505,GBBL,49,4,10,181.00,"1,810.00"
2019-02-27,2019022701002820,GBIME,37,42,11,258.00,"2,838.00"
2019-02-27,2019022701002565,GBIME,37,21,18,258.00,"4,644.00"
2019-02-27,2019022701002529,GBIME,37,34,29,258.00,"7,482.00"
2019-02-27,2019022701002528,GBIME,1,17,43,259.00,"11,137.00"
2019-02-27,2019022701002440,GBIME,34,34,9,253.00,"2,277.00"
2019-02-27,2019022701002861,GBLBS,1,42,10,440.00,"4,400.00"
2019-02-27,2019022701002614,GBLBS,1,36,319,445.00,"141,955.00"
2019-02-27,2019022701002613,GBLBS,1,58,110,445.00,"48,950.00"
2019-02-27,2019022701002612,GBLBS,1,41,10,445.00,"4,450.00"
2019-02-27,2019022701002611,GBLBS,1,45,110,445.00,"48,950.00"
2019-02-27,2019022701002909,GLICL,38,58,100,684.00,"68,400.00"
2019-02-27,2019022701002437,GMFIL,48,48,81,128.00,"10,368.00"
2019-02-27,2019022701002438,HATH,51,14,20,109.00,"2,180.00"
2019-02-27,2019022701002796,HBL,56,45,100,428.00,"42,800.00"
2019-02-27,2019022701002721,HGI,45,28,69,383.00,"26,427.00"
2019-02-27,2019022701002698,HGI,45,45,20,383.00,"7,660.00"
2019-02-27,2019022701002449,HGI,45,34,11,383.00,"4,213.00"
2019-02-27,2019022701002870,HIDCL,7,42,12,131.00,"1,572.00"
2019-02-27,2019022701002860,HIDCL,7,6,10,131.00,"1,310.00"
2019-02-27,2019022701002733,HIDCL,7,17,56,131.00,"7,336.00"
2019-02-27,2019022701002602,HIDCL,19,44,"2,000",133.00,"266,000.00"
2019-02-27,2019022701002601,HIDCL,19,46,102,133.00,"13,566.00"
2019-02-27,2019022701002600,HIDCL,19,22,50,132.00,"6,600.00"
2019-02-27,2019022701002508,HIDCL,1,44,985,131.00,"129,035.00"
2019-02-27,2019022701002872,HPPL,36,42,10,169.00,"1,690.00"
2019-02-27,2019022701002779,HPPL,36,37,20,169.00,"3,380.00"
2019-02-27,2019022701002760,HPPL,36,37,20,169.00,"3,380.00"
2019-02-27,2019022701002728,HPPL,55,38,130,170.00,"22,100.00"
2019-02-27,2019022701002648,HPPL,55,37,10,170.00,"1,700.00"
2019-02-27,2019022701002476,IGI,1,32,100,405.00,"40,500.00"
2019-02-27,2019022701002475,IGI,21,32,20,405.00,"8,100.00"
2019-02-27,2019022701002680,IGI,28,32,244,400.00,"97,600.00"
2019-02-27,2019022701002896,JBBL,18,16,50,134.00,"6,700.00"
2019-02-27,2019022701002474,JBBL,18,14,15,134.00,"2,010.00"
2019-02-27,2019022701002445,JBBL,18,14,58,134.00,"7,772.00"
2019-02-27,2019022701002428,JBBL,18,14,15,134.00,"2,010.00"
2019-02-27,2019022701002839,JBNL,34,42,75,163.00,"12,225.00"
2019-02-27,2019022701002838,JBNL,14,42,"1,000",163.00,"163,000.00"
2019-02-27,2019022701002837,JBNL,21,42,925,163.00,"150,775.00"
2019-02-27,2019022701002755,JBNL,38,22,300,164.00,"49,200.00"
2019-02-27,2019022701002595,JBNL,6,22,100,164.00,"16,400.00"
2019-02-27,2019022701002893,KBBL,17,37,169,208.00,"35,152.00"
2019-02-27,2019022701002819,KBL,25,43,209,231.00,"48,279.00"
2019-02-27,2019022701002658,KBL,17,37,28,230.00,"6,440.00"
2019-02-27,2019022701002545,KBL,48,28,10,231.00,"2,310.00"
2019-02-27,2019022701002512,KBL,17,21,20,230.00,"4,600.00"
2019-02-27,2019022701002479,KBL,54,28,110,231.00,"25,410.00"
2019-02-27,2019022701002456,KBL,54,52,190,231.00,"43,890.00"
2019-02-27,2019022701002735,KKHC,44,17,16,73.00,"1,168.00"
2019-02-27,2019022701002550,KMCDB,34,34,6,825.00,"4,950.00"
2019-02-27,2019022701002525,KMCDB,52,58,60,840.00,"50,400.00"
2019-02-27,2019022701002892,KPCL,39,7,10,90.00,900.00
2019-02-27,2019022701002832,KPCL,39,17,10,90.00,900.00
2019-02-27,2019022701002564,KPCL,39,43,10,90.00,900.00
2019-02-27,2019022701002737,KPCL,39,17,10,90.00,900.00
2019-02-27,2019022701002803,KPCL,39,17,10,90.00,900.00
2019-02-27,2019022701002660,KSBBL,59,37,419,133.00,"55,727.00"
2019-02-27,2019022701002659,KSBBL,54,37,100,134.00,"13,400.00"
2019-02-27,2019022701002903,LBBL,40,16,16,169.00,"2,704.00"
2019-02-27,2019022701002902,LBBL,51,16,34,169.00,"5,746.00"
2019-02-27,2019022701002833,LBBL,45,32,60,170.00,"10,200.00"
2019-02-27,2019022701002555,LBBL,59,32,500,169.00,"84,500.00"
2019-02-27,2019022701002455,LBBL,38,32,100,169.00,"16,900.00"
2019-02-27,2019022701002442,LBBL,33,32,440,169.00,"74,360.00"
2019-02-27,2019022701002664,LBBL,41,32,"1,000",169.00,"169,000.00"
2019-02-27,2019022701002647,LBBL,28,32,"1,000",169.00,"169,000.00"
2019-02-27,2019022701002646,LBBL,41,32,500,169.00,"84,500.00"
2019-02-27,2019022701002621,LBBL,43,32,200,169.00,"33,800.00"
2019-02-27,2019022701002584,LBBL,32,32,"5,000",169.00,"845,000.00"
2019-02-27,2019022701002556,LBBL,39,32,350,169.00,"59,150.00"
2019-02-27,2019022701002687,LBBL,51,37,16,169.00,"2,704.00"
2019-02-27,2019022701002911,LBL,39,5,50,186.00,"9,300.00"
2019-02-27,2019022701002645,LBL,37,5,500,186.00,"93,000.00"
2019-02-27,2019022701002454,LGIL,39,48,100,500.00,"50,000.00"
2019-02-27,2019022701002511,LICN,14,55,200,"1,601.00","320,200.00"
2019-02-27,2019022701002510,LICN,14,49,200,"1,601.00","320,200.00"
2019-02-27,2019022701002770,LLBS,58,42,180,753.00,"135,540.00"
2019-02-27,2019022701002890,MBL,32,32,"2,625",206.00,"540,750.00"
2019-02-27,2019022701002868,MBL,32,32,"6,590",206.00,"1,357,540.00"
2019-02-27,2019022701002866,MBL,34,32,100,206.00,"20,600.00"
2019-02-27,2019022701002865,MBL,21,32,90,206.00,"18,540.00"
2019-02-27,2019022701002543,MBL,21,32,410,206.00,"84,460.00"
2019-02-27,2019022701002542,MBL,54,32,400,206.00,"82,400.00"
2019-02-27,2019022701002535,MBL,56,32,"1,000",207.00,"207,000.00"
2019-02-27,2019022701002534,MBL,38,32,340,207.00,"70,380.00"
2019-02-27,2019022701002541,MBL,42,32,"1,000",206.00,"206,000.00"
2019-02-27,2019022701002540,MBL,32,32,"3,600",206.00,"741,600.00"
2019-02-27,2019022701002539,MBL,34,32,"1,000",206.00,"206,000.00"
2019-02-27,2019022701002538,MBL,46,32,800,206.00,"164,800.00"
2019-02-27,2019022701002537,MBL,51,32,400,206.00,"82,400.00"
2019-02-27,2019022701002536,MBL,42,32,50,207.00,"10,350.00"
2019-02-27,2019022701002921,MDB,17,41,932,232.00,"216,224.00"
2019-02-27,2019022701002738,MDB,17,42,38,232.00,"8,816.00"
2019-02-27,2019022701002699,MDB,17,21,15,232.00,"3,480.00"
2019-02-27,2019022701002468,MDB,1,51,50,234.00,"11,700.00"
2019-02-27,2019022701002772,MEGA,36,42,11,157.00,"1,727.00"
2019-02-27,2019022701002731,MEGA,46,32,100,158.00,"15,800.00"
2019-02-27,2019022701002642,MEGA,32,32,50,158.00,"7,900.00"
2019-02-27,2019022701002568,MEGA,36,34,10,157.00,"1,570.00"
2019-02-27,2019022701002451,MEGA,36,16,100,157.00,"15,700.00"
2019-02-27,2019022701002876,MERO,19,42,16,591.00,"9,456.00"
2019-02-27,2019022701002697,MERO,19,37,16,591.00,"9,456.00"
2019-02-27,2019022701002655,MFIL,49,46,246,111.00,"27,306.00"
2019-02-27,2019022701002654,MFIL,43,46,500,112.00,"56,000.00"
2019-02-27,2019022701002653,MFIL,49,46,217,112.00,"24,304.00"
2019-02-27,2019022701002631,MFIL,49,25,83,112.00,"9,296.00"
2019-02-27,2019022701002630,MFIL,49,25,198,112.00,"22,176.00"
2019-02-27,2019022701002920,MLBL,32,17,162,158.00,"25,596.00"
2019-02-27,2019022701002912,MLBL,1,16,54,157.00,"8,478.00"
2019-02-27,2019022701002473,MMFDB,22,25,12,931.00,"11,172.00"
2019-02-27,2019022701002758,MNBBL,14,58,733,339.00,"248,487.00"
2019-02-27,2019022701002711,MNBBL,14,28,500,339.00,"169,500.00"
2019-02-27,2019022701002710,MNBBL,14,3,50,339.00,"16,950.00"
2019-02-27,2019022701002709,MNBBL,14,3,50,339.00,"16,950.00"
2019-02-27,2019022701002708,MNBBL,14,28,103,339.00,"34,917.00"
2019-02-27,2019022701002707,MNBBL,14,48,100,338.00,"33,800.00"
2019-02-27,2019022701002706,MNBBL,14,11,375,338.00,"126,750.00"
2019-02-27,2019022701002705,MNBBL,14,41,246,338.00,"83,148.00"
2019-02-27,2019022701002776,MPFL,55,42,12,138.00,"1,656.00"
2019-02-27,2019022701002750,NABIL,45,5,100,688.00,"68,800.00"
2019-02-27,2019022701002700,NABIL,45,11,100,688.00,"68,800.00"
2019-02-27,2019022701002561,NABIL,32,11,50,688.00,"34,400.00"
2019-02-27,2019022701002560,NABIL,32,6,100,688.00,"68,800.00"
2019-02-27,2019022701002557,NABIL,59,5,25,689.00,"17,225.00"
2019-02-27,2019022701002514,NABIL,11,57,100,688.00,"68,800.00"
2019-02-27,2019022701002513,NABIL,11,47,64,688.00,"44,032.00"
2019-02-27,2019022701002458,NABIL,45,5,100,687.00,"68,700.00"
2019-02-27,2019022701002457,NABIL,44,5,15,687.00,"10,305.00"
2019-02-27,2019022701002448,NABIL,44,35,60,687.00,"41,220.00"
2019-02-27,2019022701002795,NABILP,22,32,213,650.00,"138,450.00"
2019-02-27,2019022701002608,NABILP,22,43,60,650.00,"39,000.00"
2019-02-27,2019022701002533,NABILP,17,43,25,650.00,"16,250.00"
2019-02-27,2019022701002891,NADEP,43,43,10,677.00,"6,770.00"
2019-02-27,2019022701002740,NADEP,43,17,10,677.00,"6,770.00"
2019-02-27,2019022701002778,NBB,42,57,40,184.00,"7,360.00"
2019-02-27,2019022701002586,NBB,6,57,100,184.00,"18,400.00"
2019-02-27,2019022701002517,NBB,22,57,200,184.00,"36,800.00"
2019-02-27,2019022701002554,NBBL,22,48,100,631.00,"63,100.00"
2019-02-27,2019022701002553,NBBL,1,48,50,631.00,"31,550.00"
2019-02-27,2019022701002917,NBL,58,58,50,285.00,"14,250.00"
2019-02-27,2019022701002910,NBL,58,58,50,285.00,"14,250.00"
2019-02-27,2019022701002900,NBL,58,58,50,285.00,"14,250.00"
2019-02-27,2019022701002859,NBL,51,16,20,284.00,"5,680.00"
2019-02-27,2019022701002858,NBL,45,16,30,284.00,"8,520.00"
2019-02-27,2019022701002857,NBL,34,16,50,284.00,"14,200.00"
2019-02-27,2019022701002817,NBL,36,43,190,285.00,"54,150.00"
2019-02-27,2019022701002724,NBL,55,43,10,285.00,"2,850.00"
2019-02-27,2019022701002606,NBL,34,55,50,284.00,"14,200.00"
2019-02-27,2019022701002905,NCCB,25,34,970,205.00,"198,850.00"
2019-02-27,2019022701002904,NCCB,25,34,242,205.00,"49,610.00"
2019-02-27,2019022701002871,NCCB,34,21,500,204.00,"102,000.00"
2019-02-27,2019022701002596,NCCB,18,34,100,205.00,"20,500.00"
2019-02-27,2019022701002585,NCCB,34,34,1,202.00,202.00
2019-02-27,2019022701002566,NCCB,22,34,200,205.00,"41,000.00"
2019-02-27,2019022701002453,NCCB,54,34,458,205.00,"93,890.00"
2019-02-27,2019022701002452,NCCB,54,14,42,205.00,"8,610.00"
2019-02-27,2019022701002701,NGPL,48,11,100,118.00,"11,800.00"
2019-02-27,2019022701002850,NHDL,45,6,20,120.00,"2,400.00"
2019-02-27,2019022701002435,NHPC,47,1,100,62.00,"6,200.00"
2019-02-27,2019022701002878,NIB,22,11,35,503.00,"17,605.00"
2019-02-27,2019022701002877,NIB,22,59,15,503.00,"7,545.00"
2019-02-27,2019022701002855,NIB,19,59,100,503.00,"50,300.00"
2019-02-27,2019022701002849,NIB,42,34,12,502.00,"6,024.00"
2019-02-27,2019022701002848,NIB,26,34,50,502.00,"25,100.00"
2019-02-27,2019022701002847,NIB,13,34,40,502.00,"20,080.00"
2019-02-27,2019022701002461,NIB,34,34,5,495.00,"2,475.00"
2019-02-27,2019022701002841,NIB,13,34,10,502.00,"5,020.00"
2019-02-27,2019022701002840,NIB,44,34,27,502.00,"13,554.00"
2019-02-27,2019022701002834,NIB,26,59,50,503.00,"25,150.00"
2019-02-27,2019022701002821,NIB,55,59,100,503.00,"50,300.00"
2019-02-27,2019022701002619,NIB,55,59,25,503.00,"12,575.00"
2019-02-27,2019022701002509,NIB,40,59,60,503.00,"30,180.00"
2019-02-27,2019022701002798,NICA,21,44,760,378.00,"287,280.00"
2019-02-27,2019022701002782,NICA,52,44,100,378.00,"37,800.00"
2019-02-27,2019022701002781,NICA,46,42,13,377.00,"4,901.00"
2019-02-27,2019022701002588,NICA,18,44,100,378.00,"37,800.00"
2019-02-27,2019022701002589,NICL,58,4,300,367.00,"110,100.00"
2019-02-27,2019022701002551,NICL,25,16,60,368.00,"22,080.00"
2019-02-27,2019022701002656,NIL,28,21,100,515.00,"51,500.00"
2019-02-27,2019022701002603,NIL,28,19,100,515.00,"51,500.00"
2019-02-27,2019022701002532,NIL,35,4,300,513.00,"153,900.00"
2019-02-27,2019022701002813,NLIC,56,17,17,"1,014.00","17,238.00"
2019-02-27,2019022701002757,NLIC,56,37,29,"1,011.00","29,319.00"
2019-02-27,2019022701002756,NLIC,22,37,18,"1,011.00","18,198.00"
2019-02-27,2019022701002742,NLIC,22,17,17,"1,011.00","17,187.00"
2019-02-27,2019022701002679,NLIC,56,38,45,"1,015.00","45,675.00"
2019-02-27,2019022701002678,NLIC,56,32,17,"1,015.00","17,255.00"
2019-02-27,2019022701002677,NLIC,56,59,49,"1,014.00","49,686.00"
2019-02-27,2019022701002676,NLIC,56,43,40,"1,013.00","40,520.00"
2019-02-27,2019022701002620,NLICL,22,34,40,622.00,"24,880.00"
2019-02-27,2019022701002918,NMB,32,44,50,304.00,"15,200.00"
2019-02-27,2019022701002895,NMB,16,44,100,304.00,"30,400.00"
2019-02-27,2019022701002889,NMB,8,44,"1,783",303.00,"540,249.00"
2019-02-27,2019022701002888,NMB,58,44,30,303.00,"9,090.00"
2019-02-27,2019022701002887,NMB,48,44,"1,000",303.00,"303,000.00"
2019-02-27,2019022701002886,NMB,56,44,"2,000",303.00,"606,000.00"
2019-02-27,2019022701002459,NMB,53,44,66,304.00,"20,064.00"
2019-02-27,2019022701002583,NMB,18,44,100,304.00,"30,400.00"
2019-02-27,2019022701002546,NMB,59,44,10,304.00,"3,040.00"
2019-02-27,2019022701002521,NMB,33,44,200,304.00,"60,800.00"
2019-02-27,2019022701002467,NMB,34,34,7,300.00,"2,100.00"
2019-02-27,2019022701002462,NMB,46,48,23,303.00,"6,969.00"
2019-02-27,2019022701002460,NMB,50,44,500,304.00,"152,000.00"
2019-02-27,2019022701002717,NMB,25,44,549,304.00,"166,896.00"
2019-02-27,2019022701002667,NMB,45,44,140,304.00,"42,560.00"
2019-02-27,2019022701002666,NMB,14,44,311,304.00,"94,544.00"
2019-02-27,2019022701002663,NMB,14,33,105,304.00,"31,920.00"
2019-02-27,2019022701002662,NMB,14,48,"1,000",304.00,"304,000.00"
2019-02-27,2019022701002661,NMB,14,44,84,304.00,"25,536.00"
2019-02-27,2019022701002879,NMB,46,44,137,303.00,"41,511.00"
2019-02-27,2019022701002842,NMB,46,17,33,303.00,"9,999.00"
2019-02-27,2019022701002835,NMB,46,54,250,303.00,"75,750.00"
2019-02-27,2019022701002823,NMB,56,44,559,304.00,"169,936.00"
2019-02-27,2019022701002799,NMB,45,44,110,304.00,"33,440.00"
2019-02-27,2019022701002764,NMB,25,44,"1,000",304.00,"304,000.00"
2019-02-27,2019022701002885,NMB,21,44,800,303.00,"242,400.00"
2019-02-27,2019022701002884,NMB,43,44,"1,000",303.00,"303,000.00"
2019-02-27,2019022701002883,NMB,44,44,50,303.00,"15,150.00"
2019-02-27,2019022701002882,NMB,43,44,"1,000",303.00,"303,000.00"
2019-02-27,2019022701002881,NMB,19,44,100,303.00,"30,300.00"
2019-02-27,2019022701002880,NMB,53,44,100,303.00,"30,300.00"
2019-02-27,2019022701002830,NMFBS,53,38,72,"1,621.00","116,712.00"
2019-02-27,2019022701002741,NMFBS,33,37,12,"1,621.00","19,452.00"
2019-02-27,2019022701002567,NTC,34,14,120,681.00,"81,720.00"
2019-02-27,2019022701002471,NUBL,22,58,20,715.00,"14,300.00"
2019-02-27,2019022701002524,OHL,34,21,16,412.00,"6,592.00"
2019-02-27,2019022701002926,PCBL,56,32,200,305.00,"61,000.00"
2019-02-27,2019022701002925,PCBL,26,32,200,305.00,"61,000.00"
2019-02-27,2019022701002924,PCBL,25,32,44,305.00,"13,420.00"
2019-02-27,2019022701002923,PCBL,6,32,115,305.00,"35,075.00"
2019-02-27,2019022701002773,PCBL,1,34,10,306.00,"3,060.00"
2019-02-27,2019022701002720,PCBL,6,37,37,305.00,"11,285.00"
2019-02-27,2019022701002685,PCBL,1,14,35,306.00,"10,710.00"
2019-02-27,2019022701002610,PCBL,58,58,1,305.00,305.00
2019-02-27,2019022701002434,PCBL,6,1,227,305.00,"69,235.00"
2019-02-27,2019022701002665,PIC,7,4,400,999.00,"399,600.00"
2019-02-27,2019022701002439,PIC,53,48,2,980.00,"1,960.00"
2019-02-27,2019022701002516,PICL,53,4,250,670.00,"167,500.00"
2019-02-27,2019022701002652,PLIC,50,28,38,436.00,"16,568.00"
2019-02-27,2019022701002634,PLIC,46,28,100,437.00,"43,700.00"
2019-02-27,2019022701002633,PLIC,35,28,50,437.00,"21,850.00"
2019-02-27,2019022701002632,PLIC,54,28,150,438.00,"65,700.00"
2019-02-27,2019022701002899,PMHPL,56,7,10,107.00,"1,070.00"
2019-02-27,2019022701002846,PMHPL,56,17,10,107.00,"1,070.00"
2019-02-27,2019022701002808,PMHPL,56,17,10,107.00,"1,070.00"
2019-02-27,2019022701002749,PMHPL,56,17,10,107.00,"1,070.00"
2019-02-27,2019022701002558,PMHPL,56,43,10,107.00,"1,070.00"
2019-02-27,2019022701002522,PMHPL,56,14,10,107.00,"1,070.00"
2019-02-27,2019022701002480,PMHPL,56,14,10,107.00,"1,070.00"
2019-02-27,2019022701002450,PMHPL,56,14,10,107.00,"1,070.00"
2019-02-27,2019022701002845,PRVU,28,16,100,213.00,"21,300.00"
2019-02-27,2019022701002684,PRVU,29,29,107,214.00,"22,898.00"
2019-02-27,2019022701002683,PRVU,29,4,500,214.00,"107,000.00"
2019-02-27,2019022701002682,PRVU,29,39,200,214.00,"42,800.00"
2019-02-27,2019022701002681,PRVU,29,34,300,214.00,"64,200.00"
2019-02-27,2019022701002651,PRVU,28,43,500,213.00,"106,500.00"
2019-02-27,2019022701002569,PRVU,18,43,200,213.00,"42,600.00"
2019-02-27,2019022701002650,PRVU,28,38,500,213.00,"106,500.00"
2019-02-27,2019022701002649,PRVU,28,53,370,213.00,"78,810.00"
2019-02-27,2019022701002627,PRVU,18,53,130,213.00,"27,690.00"
2019-02-27,2019022701002626,PRVU,18,52,70,213.00,"14,910.00"
2019-02-27,2019022701002572,PRVU,47,52,130,213.00,"27,690.00"
2019-02-27,2019022701002571,PRVU,47,43,270,213.00,"57,510.00"
2019-02-27,2019022701002549,PURBL,28,58,205,158.00,"32,390.00"
2019-02-27,2019022701002894,RADHI,13,42,11,158.00,"1,738.00"
2019-02-27,2019022701002844,RADHI,13,6,11,158.00,"1,738.00"
2019-02-27,2019022701002802,RBCLPO,37,33,10,"8,555.00","85,550.00"
2019-02-27,2019022701002801,RBCLPO,59,33,13,"8,555.00","111,215.00"
2019-02-27,2019022701002470,RHPC,34,16,1,84.00,84.00
2019-02-27,2019022701002431,RMDC,5,3,50,526.00,"26,300.00"
2019-02-27,2019022701002444,RRHP,57,57,10,90.00,900.00
2019-02-27,2019022701002443,RRHP,57,48,10,90.00,900.00
2019-02-27,2019022701002919,SADBL,39,16,50,136.00,"6,800.00"
2019-02-27,2019022701002785,SANIMA,37,42,123,291.00,"35,793.00"
2019-02-27,2019022701002784,SANIMA,48,42,300,291.00,"87,300.00"
2019-02-27,2019022701002783,SANIMA,21,42,75,291.00,"21,825.00"
2019-02-27,2019022701002716,SANIMA,21,34,725,291.00,"210,975.00"
2019-02-27,2019022701002715,SANIMA,48,34,200,291.00,"58,200.00"
2019-02-27,2019022701002714,SANIMA,34,34,500,291.00,"145,500.00"
2019-02-27,2019022701002713,SANIMA,11,34,40,292.00,"11,680.00"
2019-02-27,2019022701002712,SANIMA,37,34,35,292.00,"10,220.00"
2019-02-27,2019022701002548,SBI,38,3,220,370.00,"81,400.00"
2019-02-27,2019022701002547,SBI,25,3,30,370.00,"11,100.00"
2019-02-27,2019022701002826,SBL,52,43,47,277.00,"13,019.00"
2019-02-27,2019022701002786,SBL,52,42,19,277.00,"5,263.00"
2019-02-27,2019022701002777,SBL,52,57,34,277.00,"9,418.00"
2019-02-27,2019022701002696,SBL,21,34,62,276.00,"17,112.00"
2019-02-27,2019022701002695,SBL,47,34,200,276.00,"55,200.00"
2019-02-27,2019022701002694,SBL,50,34,50,276.00,"13,800.00"
2019-02-27,2019022701002693,SBL,58,34,20,276.00,"5,520.00"
2019-02-27,2019022701002692,SBL,35,34,50,276.00,"13,800.00"
2019-02-27,2019022701002617,SBL,28,57,200,277.00,"55,400.00"
2019-02-27,2019022701002751,SCB,52,34,20,530.00,"10,600.00"
2019-02-27,2019022701002582,SCB,45,44,90,529.00,"47,610.00"
2019-02-27,2019022701002581,SCB,48,44,10,530.00,"5,300.00"
2019-02-27,2019022701002478,SCB,48,34,20,530.00,"10,600.00"
2019-02-27,2019022701002922,SDESI,19,19,23,595.00,"13,685.00"
2019-02-27,2019022701002862,SDESI,33,17,23,591.00,"13,593.00"
2019-02-27,2019022701002822,SDESI,33,6,11,591.00,"6,501.00"
2019-02-27,2019022701002814,SDESI,33,22,23,595.00,"13,685.00"
2019-02-27,2019022701002609,SEF,56,22,100,9.15,915.00
2019-02-27,2019022701002726,SHINE,44,37,13,240.00,"3,120.00"
2019-02-27,2019022701002579,SHL,42,16,175,200.00,"35,000.00"
2019-02-27,2019022701002578,SHL,58,16,100,201.00,"20,100.00"
2019-02-27,2019022701002577,SHL,14,16,225,201.00,"45,225.00"
2019-02-27,2019022701002576,SHL,47,16,100,202.00,"20,200.00"
2019-02-27,2019022701002836,SICL,49,16,25,856.00,"21,400.00"
2019-02-27,2019022701002805,SICL,55,36,10,870.00,"8,700.00"
2019-02-27,2019022701002599,SICL,58,10,32,855.00,"27,360.00"
2019-02-27,2019022701002598,SICL,21,10,40,855.00,"34,200.00"
2019-02-27,2019022701002520,SIL,52,52,174,595.00,"103,530.00"
2019-02-27,2019022701002901,SLBS,48,42,11,922.00,"10,142.00"
2019-02-27,2019022701002759,SLBS,45,17,18,923.00,"16,614.00"
2019-02-27,2019022701002854,SLBSL,49,52,220,780.00,"171,600.00"
2019-02-27,2019022701002853,SLBSL,22,22,150,783.00,"117,450.00"
2019-02-27,2019022701002852,SLBSL,22,48,10,783.00,"7,830.00"
2019-02-27,2019022701002851,SLBSL,22,46,10,783.00,"7,830.00"
2019-02-27,2019022701002812,SLBSL,49,17,10,780.00,"7,800.00"
2019-02-27,2019022701002592,SLBSL,49,29,20,780.00,"15,600.00"
2019-02-27,2019022701002591,SLBSL,49,1,10,780.00,"7,800.00"
2019-02-27,2019022701002575,SLBSL,52,32,10,777.00,"7,770.00"
2019-02-27,2019022701002481,SLBSL,8,35,200,778.00,"155,600.00"
2019-02-27,2019022701002472,SLBSL,8,42,10,778.00,"7,780.00"
2019-02-27,2019022701002743,SLBSL,49,19,10,780.00,"7,800.00"
2019-02-27,2019022701002604,SLBSL,49,37,10,780.00,"7,800.00"
2019-02-27,2019022701002594,SLBSL,49,29,10,780.00,"7,800.00"
2019-02-27,2019022701002593,SLBSL,49,1,10,780.00,"7,800.00"
2019-02-27,2019022701002527,SLICL,25,4,900,513.00,"461,700.00"
2019-02-27,2019022701002526,SLICL,50,4,100,514.00,"51,400.00"
2019-02-27,2019022701002898,SMATA,22,44,20,"1,325.00","26,500.00"
2019-02-27,2019022701002829,SMATA,53,44,80,"1,325.00","106,000.00"
2019-02-27,2019022701002864,SMFDB,28,42,200,650.00,"130,000.00"
2019-02-27,2019022701002691,SMFDB,44,38,220,640.00,"140,800.00"
2019-02-27,2019022701002690,SMFDB,17,38,100,641.00,"64,100.00"
2019-02-27,2019022701002670,SMFDB,32,38,500,647.00,"323,500.00"
2019-02-27,2019022701002669,SMFDB,22,38,200,650.00,"130,000.00"
2019-02-27,2019022701002668,SMFDB,42,38,30,650.00,"19,500.00"
2019-02-27,2019022701002689,SMFDB,58,38,300,642.00,"192,600.00"
2019-02-27,2019022701002688,SMFDB,28,38,200,643.00,"128,600.00"
2019-02-27,2019022701002674,SMFDB,45,38,"1,000",644.00,"644,000.00"
2019-02-27,2019022701002673,SMFDB,28,38,200,645.00,"129,000.00"
2019-02-27,2019022701002672,SMFDB,1,38,50,646.00,"32,300.00"
2019-02-27,2019022701002671,SMFDB,37,38,100,646.00,"64,600.00"
2019-02-27,2019022701002482,SPDL,45,45,10,88.00,880.00
2019-02-27,2019022701002804,SRBL,47,42,11,207.00,"2,277.00"
2019-02-27,2019022701002730,SRBL,47,37,10,207.00,"2,070.00"
2019-02-27,2019022701002590,SRBL,47,11,370,207.00,"76,590.00"
2019-02-27,2019022701002916,SWBBL,53,22,100,790.00,"79,000.00"
2019-02-27,2019022701002915,SWBBL,34,22,100,792.00,"79,200.00"
2019-02-27,2019022701002828,UIC,55,57,20,750.00,"15,000.00"
2019-02-27,2019022701002827,UIC,55,57,30,750.00,"22,500.00"
2019-02-27,2019022701002732,UMHL,17,47,14,108.00,"1,512.00"
2019-02-27,2019022701002768,UNL,3,3,10,"19,889.00","198,890.00"
2019-02-27,2019022701002906,UPPER,57,7,40,224.00,"8,960.00"
2019-02-27,2019022701002875,UPPER,57,17,50,224.00,"11,200.00"
2019-02-27,2019022701002816,UPPER,57,17,50,224.00,"11,200.00"
2019-02-27,2019022701002806,UPPER,57,42,40,224.00,"8,960.00"
2019-02-27,2019022701002464,UPPER,57,14,40,224.00,"8,960.00"
2019-02-27,2019022701002463,UPPER,57,51,50,225.00,"11,250.00"
2019-02-27,2019022701002436,UPPER,57,37,50,224.00,"11,200.00"
2019-02-27,2019022701002495,UPPER,57,14,40,224.00,"8,960.00"
2019-02-27,2019022701002492,UPPER,22,57,10,225.00,"2,250.00"
2019-02-27,2019022701002491,UPPER,22,57,50,225.00,"11,250.00"
2019-02-27,2019022701002477,UPPER,51,52,50,225.00,"11,250.00"
2019-02-27,2019022701002544,UPPER,22,43,40,225.00,"9,000.00"
2019-02-27,2019022701002531,UPPER,22,1,40,225.00,"9,000.00"
2019-02-27,2019022701002530,UPPER,57,1,10,225.00,"2,250.00"
2019-02-27,2019022701002506,UPPER,36,22,40,226.00,"9,040.00"
2019-02-27,2019022701002504,UPPER,57,57,30,225.00,"6,750.00"
2019-02-27,2019022701002635,UPPER,22,41,40,225.00,"9,000.00"
2019-02-27,2019022701002623,UPPER,22,34,40,225.00,"9,000.00"
2019-02-27,2019022701002587,UPPER,22,45,40,225.00,"9,000.00"
2019-02-27,2019022701002580,UPPER,22,32,50,225.00,"11,250.00"
2019-02-27,2019022701002573,UPPER,22,45,40,225.00,"9,000.00"
2019-02-27,2019022701002767,UPPER,37,51,10,225.00,"2,250.00"
2019-02-27,2019022701002766,UPPER,22,51,90,225.00,"20,250.00"
2019-02-27,2019022701002765,UPPER,22,3,40,225.00,"9,000.00"
2019-02-27,2019022701002734,UPPER,22,37,40,225.00,"9,000.00"
2019-02-27,2019022701002702,UPPER,22,26,40,225.00,"9,000.00"
2019-02-27,2019022701002800,UPPER,57,57,50,224.00,"11,200.00"
2019-02-27,2019022701002792,UPPER,22,37,40,225.00,"9,000.00"
2019-02-27,2019022701002791,UPPER,22,37,40,225.00,"9,000.00"
2019-02-27,2019022701002790,UPPER,22,17,40,225.00,"9,000.00"
2019-02-27,2019022701002789,UPPER,22,51,199,225.00,"44,775.00"
2019-02-27,2019022701002403,ADBL,43,25,92,333.00,"30,636.00"
2019-02-27,2019022701002335,ADBL,14,46,189,332.00,"62,748.00"
2019-02-27,2019022701002295,ADBL,45,25,30,333.00,"9,990.00"
2019-02-27,2019022701002126,ADBL,3,6,11,332.00,"3,652.00"
2019-02-27,2019022701002116,ADBL,45,59,244,333.00,"81,252.00"
2019-02-27,2019022701002087,ADBL,26,8,100,334.00,"33,400.00"
2019-02-27,2019022701002352,AKJCL,57,57,10,82.00,820.00
2019-02-27,2019022701002351,AKJCL,57,22,10,82.00,820.00
2019-02-27,2019022701002332,AKJCL,39,29,10,81.00,810.00
2019-02-27,2019022701002077,AKJCL,7,22,440,82.00,"36,080.00"
2019-02-27,2019022701002042,AKJCL,7,16,20,82.00,"1,640.00"
2019-02-27,2019022701002041,AKJCL,7,14,10,82.00,820.00
2019-02-27,2019022701002040,AKJCL,7,16,10,82.00,820.00
2019-02-27,2019022701002039,AKJCL,7,49,10,82.00,820.00
2019-02-27,2019022701002038,AKJCL,7,16,10,82.00,820.00
2019-02-27,2019022701002350,AKPL,22,47,13,155.00,"2,015.00"
2019-02-27,2019022701002141,ALICL,14,44,242,556.00,"134,552.00"
2019-02-27,2019022701002103,ALICL,14,57,50,556.00,"27,800.00"
2019-02-27,2019022701002078,ALICL,14,44,208,556.00,"115,648.00"
2019-02-27,2019022701002000,ALICL,6,16,250,557.00,"139,250.00"
2019-02-27,2019022701001966,ALICL,48,57,30,558.00,"16,740.00"
2019-02-27,2019022701001965,ALICL,46,57,20,558.00,"11,160.00"
2019-02-27,2019022701002154,AMFI,43,25,10,670.00,"6,700.00"
2019-02-27,2019022701002088,AMFI,43,4,10,670.00,"6,700.00"
2019-02-27,2019022701002271,API,46,53,220,123.00,"27,060.00"
2019-02-27,2019022701002270,API,14,53,100,123.00,"12,300.00"
2019-02-27,2019022701002269,API,29,53,680,123.00,"83,640.00"
2019-02-27,2019022701002260,API,29,53,20,123.00,"2,460.00"
2019-02-27,2019022701002259,API,21,53,50,123.00,"6,150.00"
2019-02-27,2019022701002258,API,56,53,200,123.00,"24,600.00"
2019-02-27,2019022701002121,API,46,6,27,124.00,"3,348.00"
2019-02-27,2019022701002082,API,46,48,10,124.00,"1,240.00"
2019-02-27,2019022701002049,API,46,34,240,124.00,"29,760.00"
2019-02-27,2019022701002257,API,36,53,500,123.00,"61,500.00"
2019-02-27,2019022701002256,API,42,53,360,123.00,"44,280.00"
2019-02-27,2019022701002214,API,42,16,11,123.00,"1,353.00"
2019-02-27,2019022701002207,API,42,47,29,123.00,"3,567.00"
2019-02-27,2019022701002181,API,1,44,50,124.00,"6,200.00"
2019-02-27,2019022701002057,BARUN,11,49,10,93.00,930.00
2019-02-27,2019022701002263,BHBL,28,8,200,137.00,"27,400.00"
2019-02-27,2019022701002262,BHBL,28,43,500,137.00,"68,500.00"
2019-02-27,2019022701002056,BHBL,4,8,200,135.00,"27,000.00"
2019-02-27,2019022701002055,BHBL,4,43,660,135.00,"89,100.00"
2019-02-27,2019022701002305,BOKL,45,33,30,240.00,"7,200.00"
2019-02-27,2019022701002119,BOKL,37,6,21,239.00,"5,019.00"
2019-02-27,2019022701002028,BOKL,17,33,10,240.00,"2,400.00"
2019-02-27,2019022701001974,BOKL,44,33,51,240.00,"12,240.00"
2019-02-27,2019022701001973,BOKL,49,33,69,240.00,"16,560.00"
2019-02-27,2019022701001953,BOKL,49,18,127,240.00,"30,480.00"
2019-02-27,2019022701002288,BPCL,55,52,21,339.00,"7,119.00"
2019-02-27,2019022701002287,BPCL,45,52,19,339.00,"6,441.00"
2019-02-27,2019022701002155,BPCL,45,16,11,339.00,"3,729.00"
2019-02-27,2019022701002127,BPCL,35,16,20,339.00,"6,780.00"
2019-02-27,2019022701001999,BPCL,34,16,9,342.00,"3,078.00"
2019-02-27,2019022701001932,BPCL,37,34,10,338.00,"3,380.00"
2019-02-27,2019022701001998,BPCL,34,11,421,340.00,"143,140.00"
2019-02-27,2019022701001997,BPCL,34,7,410,340.00,"139,400.00"
2019-02-27,2019022701001996,BPCL,34,16,20,340.00,"6,800.00"
2019-02-27,2019022701001995,BPCL,34,58,20,339.00,"6,780.00"
2019-02-27,2019022701001994,BPCL,34,34,10,339.00,"3,390.00"
2019-02-27,2019022701001993,BPCL,34,34,10,338.00,"3,380.00"
2019-02-27,2019022701002180,CBBL,49,32,300,868.00,"260,400.00"
2019-02-27,2019022701001942,CBBL,38,32,300,868.00,"260,400.00"
2019-02-27,2019022701001941,CBBL,52,32,100,869.00,"86,900.00"
2019-02-27,2019022701001930,CBBL,34,47,59,875.00,"51,625.00"
2019-02-27,2019022701001940,CBBL,47,32,100,869.00,"86,900.00"
2019-02-27,2019022701001939,CBBL,34,32,500,870.00,"435,000.00"
2019-02-27,2019022701001938,CBBL,38,32,25,870.00,"21,750.00"
2019-02-27,2019022701001937,CBBL,58,32,100,870.00,"87,000.00"
2019-02-27,2019022701001936,CBBL,38,32,100,871.00,"87,100.00"
2019-02-27,2019022701001935,CBBL,26,32,28,871.00,"24,388.00"
2019-02-27,2019022701002414,CBL,56,16,315,150.00,"47,250.00"
2019-02-27,2019022701002413,CBL,56,17,87,150.00,"13,050.00"
2019-02-27,2019022701002412,CBL,56,43,500,150.00,"75,000.00"
2019-02-27,2019022701002411,CBL,56,13,188,150.00,"28,200.00"
2019-02-27,2019022701002410,CBL,56,28,240,150.00,"36,000.00"
2019-02-27,2019022701002409,CBL,56,43,267,150.00,"40,050.00"
2019-02-27,2019022701002312,CBL,45,14,13,149.00,"1,937.00"
2019-02-27,2019022701002171,CBL,11,34,50,149.00,"7,450.00"
2019-02-27,2019022701002170,CBL,11,34,100,149.00,"14,900.00"
2019-02-27,2019022701002169,CBL,41,34,112,149.00,"16,688.00"
2019-02-27,2019022701002168,CBL,52,34,270,149.00,"40,230.00"
2019-02-27,2019022701002167,CBL,37,34,178,149.00,"26,522.00"
2019-02-27,2019022701002399,CCBL,56,34,13,159.00,"2,067.00"
2019-02-27,2019022701002309,CCBL,45,52,10,160.00,"1,600.00"
2019-02-27,2019022701002308,CCBL,45,34,20,160.00,"3,200.00"
2019-02-27,2019022701002114,CCBL,56,6,62,159.00,"9,858.00"
2019-02-27,2019022701002195,CCBL,56,11,"1,000",159.00,"159,000.00"
2019-02-27,2019022701002337,CHCL,29,16,32,501.00,"16,032.00"
2019-02-27,2019022701002161,CHCL,49,49,121,500.00,"60,500.00"
2019-02-27,2019022701002384,CHLBS,29,48,10,582.00,"5,820.00"
2019-02-27,2019022701002265,CHLBS,34,35,20,582.00,"11,640.00"
2019-02-27,2019022701002264,CHLBS,7,35,40,583.00,"23,320.00"
2019-02-27,2019022701002197,CHLBS,7,55,10,583.00,"5,830.00"
2019-02-27,2019022701002196,CHLBS,13,55,10,583.00,"5,830.00"
2019-02-27,2019022701002175,CHLBS,13,50,10,583.00,"5,830.00"
2019-02-27,2019022701002073,CHLBS,13,7,10,583.00,"5,830.00"
2019-02-27,2019022701002043,CHLBS,13,36,10,583.00,"5,830.00"
2019-02-27,2019022701002021,CHLBS,13,46,10,583.00,"5,830.00"
2019-02-27,2019022701002018,CHLBS,13,45,10,583.00,"5,830.00"
2019-02-27,2019022701001960,CHLBS,13,7,10,583.00,"5,830.00"
2019-02-27,2019022701001959,CIT,6,55,10,"2,547.00","25,470.00"
2019-02-27,2019022701002193,CMF1,22,6,500,8.82,"4,410.00"
2019-02-27,2019022701002148,CMF1,22,6,500,8.82,"4,410.00"
2019-02-27,2019022701002310,CZBIL,45,29,30,203.00,"6,090.00"
2019-02-27,2019022701002230,CZBIL,56,16,10,202.00,"2,020.00"
2019-02-27,2019022701001955,CZBIL,56,34,667,202.00,"134,734.00"
2019-02-27,2019022701001954,CZBIL,56,34,333,202.00,"67,266.00"
2019-02-27,2019022701001947,CZBIL,48,29,50,203.00,"10,150.00"
2019-02-27,2019022701002072,DBBL,58,34,519,122.00,"63,318.00"
2019-02-27,2019022701002071,DBBL,38,34,381,122.00,"46,482.00"
2019-02-27,2019022701002229,DDBL,21,26,14,575.00,"8,050.00"
2019-02-27,2019022701002227,DDBL,6,26,100,576.00,"57,600.00"
2019-02-27,2019022701002226,DDBL,7,26,44,576.00,"25,344.00"
2019-02-27,2019022701002225,DDBL,26,26,100,577.00,"57,700.00"
2019-02-27,2019022701002224,DDBL,1,26,300,578.00,"173,400.00"
2019-02-27,2019022701002223,DDBL,38,26,25,582.00,"14,550.00"
2019-02-27,2019022701002423,EBL,28,34,50,509.00,"25,450.00"
2019-02-27,2019022701002422,EBL,13,34,50,509.00,"25,450.00"
2019-02-27,2019022701002323,EBL,45,34,20,510.00,"10,200.00"
2019-02-27,2019022701002315,EBL,25,34,10,510.00,"5,100.00"
2019-02-27,2019022701002314,EBL,22,34,100,510.00,"51,000.00"
2019-02-27,2019022701002313,EBL,40,34,50,510.00,"25,500.00"
2019-02-27,2019022701002035,EBL,17,14,10,512.00,"5,120.00"
2019-02-27,2019022701002274,EIC,46,55,73,785.00,"57,305.00"
2019-02-27,2019022701002273,EIC,32,55,100,785.00,"78,500.00"
2019-02-27,2019022701002272,EIC,34,55,50,785.00,"39,250.00"
2019-02-27,2019022701002289,GBBL,13,14,94,180.00,"16,920.00"
2019-02-27,2019022701002152,GBBL,7,6,32,179.00,"5,728.00"
2019-02-27,2019022701002151,GBBL,29,6,50,179.00,"8,950.00"
2019-02-27,2019022701002090,GBBL,19,6,20,180.00,"3,600.00"
2019-02-27,2019022701002004,GBBL,19,53,50,180.00,"9,000.00"
2019-02-27,2019022701002003,GBBL,35,53,45,180.00,"8,100.00"
2019-02-27,2019022701002002,GBBL,35,53,30,180.00,"5,400.00"
