Date,Transact. No.,Symbol,Buyer,Seller,Quantity,Rate,Amount
2020-01-01,2020010101006101,ADBL,42,6,10,367.00,"3,670.00"
2020-01-01,2020010101006100,ADBL,42,16,600,365.00,"219,000.00"
2020-01-01,2020010101006096,ADBL,42,48,10,360.00,"3,600.00"
2020-01-01,2020010101006073,ADBL,42,48,10,364.00,"3,640.00"
2020-01-01,2020010101006064,ADBL,42,45,24,361.00,"8,664.00"
2020-01-01,2020010101006044,ADBL,38,45,45,361.00,"16,245.00"
2020-01-01,2020010101006017,ADBL,28,45,121,361.00,"43,681.00"
2020-01-01,2020010101006016,ADBL,11,45,50,364.00,"18,200.00"
2020-01-01,2020010101005900,ADBL,28,54,219,361.00,"79,059.00"
2020-01-01,2020010101005815,AKJCL,37,20,20,57.00,"1,140.00"
2020-01-01,2020010101005880,AKPL,41,48,"1,966",112.00,"220,192.00"
2020-01-01,2020010101005871,AKPL,57,48,900,112.00,"100,800.00"
2020-01-01,2020010101005822,ALBSL,58,32,18,496.00,"8,928.00"
2020-01-01,2020010101005876,ALICL,14,46,150,378.00,"56,700.00"
2020-01-01,2020010101005875,ALICL,45,46,38,378.00,"14,364.00"
2020-01-01,2020010101005874,ALICL,33,46,100,379.00,"37,900.00"
2020-01-01,2020010101005873,ALICL,25,46,210,379.00,"79,590.00"
2020-01-01,2020010101005720,ALICL,52,36,"1,117",380.00,"424,460.00"
2020-01-01,2020010101005719,ALICL,52,58,50,380.00,"19,000.00"
2020-01-01,2020010101005718,ALICL,52,53,172,380.00,"65,360.00"
2020-01-01,2020010101005992,BBC,40,40,200,"1,960.00","392,000.00"
2020-01-01,2020010101005808,BNT,19,17,10,"6,075.00","60,750.00"
2020-01-01,2020010101005858,BOKL,37,38,100,215.00,"21,500.00"
2020-01-01,2020010101005717,BOKL,25,49,239,213.00,"50,907.00"
2020-01-01,2020010101005716,BOKL,19,49,27,213.00,"5,751.00"
2020-01-01,2020010101005687,BOKL,5,49,100,214.00,"21,400.00"
2020-01-01,2020010101005686,BOKL,35,49,30,214.00,"6,420.00"
2020-01-01,2020010101005685,BOKL,21,49,16,214.00,"3,424.00"
2020-01-01,2020010101005684,BOKL,25,49,"1,709",214.00,"365,726.00"
2020-01-01,2020010101006154,BPCL,5,43,20,302.00,"6,040.00"
2020-01-01,2020010101006146,BPCL,43,43,10,302.00,"3,020.00"
2020-01-01,2020010101006117,BPCL,49,21,100,300.00,"30,000.00"
2020-01-01,2020010101006074,BPCL,43,43,11,302.00,"3,322.00"
2020-01-01,2020010101005986,BPCL,5,43,10,302.00,"3,020.00"
2020-01-01,2020010101005980,BPCL,33,43,10,302.00,"3,020.00"
2020-01-01,2020010101005746,BPCL,49,16,39,300.00,"11,700.00"
2020-01-01,2020010101005745,BPCL,35,16,180,300.00,"54,000.00"
2020-01-01,2020010101005756,CBBL,7,45,10,806.00,"8,060.00"
2020-01-01,2020010101006136,CBL,49,49,190,135.00,"25,650.00"
2020-01-01,2020010101006063,CBL,42,49,27,135.00,"3,645.00"
2020-01-01,2020010101006062,CBL,43,51,10,136.00,"1,360.00"
2020-01-01,2020010101006125,CHCL,28,6,415,357.00,"148,155.00"
2020-01-01,2020010101005754,CHCL,28,42,"1,000",360.00,"360,000.00"
2020-01-01,2020010101005753,CHCL,28,6,117,360.00,"42,120.00"
2020-01-01,2020010101005752,CHCL,28,40,500,359.00,"179,500.00"
2020-01-01,2020010101006115,CIT,14,35,10,"2,104.00","21,040.00"
2020-01-01,2020010101006114,CIT,14,34,10,"2,103.00","21,030.00"
2020-01-01,2020010101006069,CIT,34,57,17,"2,097.00","35,649.00"
2020-01-01,2020010101005969,CIT,33,57,13,"2,097.00","27,261.00"
2020-01-01,2020010101006037,CZBIL,14,41,20,183.00,"3,660.00"
2020-01-01,2020010101006139,DBBL,4,45,379,137.00,"51,923.00"
2020-01-01,2020010101006138,DBBL,4,45,621,137.00,"85,077.00"
2020-01-01,2020010101005961,DBBL,4,50,379,137.00,"51,923.00"
2020-01-01,2020010101005960,DBBL,4,50,270,137.00,"36,990.00"
2020-01-01,2020010101006045,DDBL,17,21,70,872.00,"61,040.00"
2020-01-01,2020010101006014,DDBL,58,20,20,888.00,"17,760.00"
2020-01-01,2020010101005830,DDBL,42,34,10,872.00,"8,720.00"
2020-01-01,2020010101005828,DDBL,16,26,100,884.00,"88,400.00"
2020-01-01,2020010101005827,DDBL,16,4,400,883.00,"353,200.00"
2020-01-01,2020010101005764,DDBL,58,50,254,878.00,"223,012.00"
2020-01-01,2020010101005763,DDBL,50,4,"1,000",877.00,"877,000.00"
2020-01-01,2020010101005735,DDBL,59,50,200,878.00,"175,600.00"
2020-01-01,2020010101005693,DDBL,57,50,150,880.00,"132,000.00"
2020-01-01,2020010101005681,FOWAD,42,7,40,"1,095.00","43,800.00"
2020-01-01,2020010101006110,GBBL,49,4,26,203.00,"5,278.00"
2020-01-01,2020010101006109,GBBL,36,4,96,203.00,"19,488.00"
2020-01-01,2020010101006065,GBLBS,26,42,200,323.00,"64,600.00"
2020-01-01,2020010101006102,GGBSL,3,11,10,604.00,"6,040.00"
2020-01-01,2020010101005934,GGBSL,11,48,10,594.00,"5,940.00"
2020-01-01,2020010101005734,GGBSL,11,32,10,594.00,"5,940.00"
2020-01-01,2020010101005990,GILB,7,33,10,875.00,"8,750.00"
2020-01-01,2020010101006155,GIMES1,26,35,"5,000",7.00,"35,000.00"
2020-01-01,2020010101006127,GLICL,58,36,120,460.00,"55,200.00"
2020-01-01,2020010101005974,GLICL,32,58,278,461.00,"128,158.00"
2020-01-01,2020010101005867,GLICL,32,58,100,461.00,"46,100.00"
2020-01-01,2020010101005829,GLICL,58,58,100,460.00,"46,000.00"
2020-01-01,2020010101005806,GLICL,32,58,122,461.00,"56,242.00"
2020-01-01,2020010101005769,GLICL,32,50,378,461.00,"174,258.00"
2020-01-01,2020010101005737,GLICL,45,34,100,462.00,"46,200.00"
2020-01-01,2020010101005736,GLICL,26,34,60,462.00,"27,720.00"
2020-01-01,2020010101005768,GLICL,17,50,500,461.00,"230,500.00"
2020-01-01,2020010101005767,GLICL,32,50,472,461.00,"217,592.00"
2020-01-01,2020010101005741,GLICL,32,34,28,461.00,"12,908.00"
2020-01-01,2020010101005740,GLICL,32,34,300,461.00,"138,300.00"
2020-01-01,2020010101005739,GLICL,14,34,12,461.00,"5,532.00"
2020-01-01,2020010101005738,GLICL,51,34,100,462.00,"46,200.00"
2020-01-01,2020010101006167,GMFBS,16,28,10,579.00,"5,790.00"
2020-01-01,2020010101006129,GMFBS,32,36,10,572.00,"5,720.00"
2020-01-01,2020010101005978,GMFBS,16,36,240,575.00,"138,000.00"
2020-01-01,2020010101005977,GMFBS,16,44,10,574.00,"5,740.00"
2020-01-01,2020010101005963,GMFBS,16,13,100,571.00,"57,100.00"
2020-01-01,2020010101006150,HBL,39,40,200,509.00,"101,800.00"
2020-01-01,2020010101005933,HDL,52,52,40,"1,216.00","48,640.00"
2020-01-01,2020010101005932,HDL,50,52,100,"1,216.00","121,600.00"
2020-01-01,2020010101005931,HDL,45,52,50,"1,216.00","60,800.00"
2020-01-01,2020010101005930,HDL,48,52,50,"1,217.00","60,850.00"
2020-01-01,2020010101005929,HDL,11,52,10,"1,219.00","12,190.00"
2020-01-01,2020010101005928,HDL,55,52,50,"1,219.00","60,950.00"
2020-01-01,2020010101005927,HDL,45,52,10,"1,220.00","12,200.00"
2020-01-01,2020010101005926,HDL,45,52,70,"1,220.00","85,400.00"
2020-01-01,2020010101005925,HDL,32,52,20,"1,221.00","24,420.00"
2020-01-01,2020010101005924,HDL,38,52,100,"1,221.00","122,100.00"
2020-01-01,2020010101005677,HDL,55,16,50,"1,219.00","60,950.00"
2020-01-01,2020010101006174,HIDCL,43,25,23,145.00,"3,335.00"
2020-01-01,2020010101006126,HIDCL,43,4,60,145.00,"8,700.00"
2020-01-01,2020010101006097,HIDCL,57,6,300,146.00,"43,800.00"
2020-01-01,2020010101006090,HIDCL,5,14,158,147.00,"23,226.00"
2020-01-01,2020010101006089,HIDCL,5,32,14,147.00,"2,058.00"
2020-01-01,2020010101006088,HIDCL,5,10,28,147.00,"4,116.00"
2020-01-01,2020010101005770,HIDCL,20,42,31,146.00,"4,526.00"
2020-01-01,2020010101005765,HIDCL,38,42,500,146.00,"73,000.00"
2020-01-01,2020010101005732,HIDCL,51,42,100,146.00,"14,600.00"
2020-01-01,2020010101005721,HIDCL,57,42,69,146.00,"10,074.00"
2020-01-01,2020010101005832,HIDCL,17,34,61,145.00,"8,845.00"
2020-01-01,2020010101005826,HIDCL,17,42,58,145.00,"8,410.00"
2020-01-01,2020010101005825,HIDCL,14,42,172,145.00,"24,940.00"
2020-01-01,2020010101005816,HIDCL,14,10,200,145.00,"29,000.00"
2020-01-01,2020010101005804,HIDCL,21,51,100,146.00,"14,600.00"
2020-01-01,2020010101005771,HIDCL,20,51,29,146.00,"4,234.00"
2020-01-01,2020010101005892,HIDCL,13,51,29,146.00,"4,234.00"
2020-01-01,2020010101005891,HIDCL,13,52,100,146.00,"14,600.00"
2020-01-01,2020010101005890,HIDCL,13,51,171,146.00,"24,966.00"
2020-01-01,2020010101005862,HIDCL,43,25,915,145.00,"132,675.00"
2020-01-01,2020010101005861,HIDCL,17,25,81,145.00,"11,745.00"
2020-01-01,2020010101005846,HIDCL,17,42,300,145.00,"43,500.00"
2020-01-01,2020010101006036,HIDCL,11,48,"1,000",146.00,"146,000.00"
2020-01-01,2020010101005982,HIDCL,42,35,491,146.00,"71,686.00"
2020-01-01,2020010101005976,HIDCL,42,42,74,146.00,"10,804.00"
2020-01-01,2020010101005898,HIDCL,16,42,426,146.00,"62,196.00"
2020-01-01,2020010101005897,HIDCL,16,51,182,146.00,"26,572.00"
2020-01-01,2020010101005896,HIDCL,16,32,192,146.00,"28,032.00"
2020-01-01,2020010101006106,HPPL,52,45,300,144.00,"43,200.00"
2020-01-01,2020010101006105,HPPL,52,58,10,144.00,"1,440.00"
2020-01-01,2020010101006104,HPPL,52,34,450,144.00,"64,800.00"
2020-01-01,2020010101006103,HPPL,52,34,490,144.00,"70,560.00"
2020-01-01,2020010101006047,ICFC,53,52,200,146.00,"29,200.00"
2020-01-01,2020010101005860,ICFC,53,42,100,146.00,"14,600.00"
2020-01-01,2020010101005859,ICFC,53,35,200,146.00,"29,200.00"
2020-01-01,2020010101006133,ILBS,32,10,10,551.00,"5,510.00"
2020-01-01,2020010101006132,ILBS,32,44,10,550.00,"5,500.00"
2020-01-01,2020010101006061,ILBS,33,39,364,543.00,"197,652.00"
2020-01-01,2020010101005988,ILBS,32,46,100,543.00,"54,300.00"
2020-01-01,2020010101005987,ILBS,41,46,30,545.00,"16,350.00"
2020-01-01,2020010101005811,ILBS,32,56,10,549.00,"5,490.00"
2020-01-01,2020010101005810,ILBS,32,56,10,549.00,"5,490.00"
2020-01-01,2020010101005809,ILBS,32,56,10,549.00,"5,490.00"
2020-01-01,2020010101005995,JBBL,51,35,100,152.00,"15,200.00"
2020-01-01,2020010101005994,JBBL,51,17,100,152.00,"15,200.00"
2020-01-01,2020010101006135,KBL,58,43,"4,000",177.00,"708,000.00"
2020-01-01,2020010101006128,KBL,25,38,10,178.00,"1,780.00"
2020-01-01,2020010101005843,KBL,58,28,568,177.00,"100,536.00"
2020-01-01,2020010101005842,KBL,6,28,500,177.00,"88,500.00"
2020-01-01,2020010101005841,KBL,58,28,132,177.00,"23,364.00"
2020-01-01,2020010101005733,KBL,55,20,310,178.00,"55,180.00"
2020-01-01,2020010101005872,KKHC,22,34,10,49.00,490.00
2020-01-01,2020010101006007,KPCL,29,20,10,81.00,810.00
2020-01-01,2020010101006118,LBBL,33,33,50,195.00,"9,750.00"
2020-01-01,2020010101005962,LBBL,32,57,"1,000",194.00,"194,000.00"
2020-01-01,2020010101005869,LBBL,58,25,"1,000",194.00,"194,000.00"
2020-01-01,2020010101005863,LBBL,25,7,170,194.00,"32,980.00"
2020-01-01,2020010101005849,LBL,7,40,450,189.00,"85,050.00"
2020-01-01,2020010101005823,LBL,38,40,300,189.00,"56,700.00"
2020-01-01,2020010101005762,LBL,39,40,50,189.00,"9,450.00"
2020-01-01,2020010101005761,LBL,57,40,100,189.00,"18,900.00"
2020-01-01,2020010101005760,LBL,8,40,500,189.00,"94,500.00"
2020-01-01,2020010101005759,LBL,1,40,500,189.00,"94,500.00"
2020-01-01,2020010101005758,LBL,47,40,100,189.00,"18,900.00"
2020-01-01,2020010101005709,LBL,43,33,500,190.00,"95,000.00"
2020-01-01,2020010101005708,LBL,7,33,426,190.00,"80,940.00"
2020-01-01,2020010101006123,LICN,34,17,480,"1,090.00","523,200.00"
2020-01-01,2020010101006066,LICN,25,17,20,"1,090.00","21,800.00"
2020-01-01,2020010101005813,LICN,33,28,17,"1,089.00","18,513.00"
2020-01-01,2020010101005812,LICN,59,28,17,"1,089.00","18,513.00"
2020-01-01,2020010101005801,LICN,59,38,33,"1,089.00","35,937.00"
2020-01-01,2020010101005715,LICN,50,17,249,"1,090.00","271,410.00"
2020-01-01,2020010101006050,LLBS,39,36,16,714.00,"11,424.00"
2020-01-01,2020010101006019,MEGA,43,6,10,184.00,"1,840.00"
2020-01-01,2020010101005902,MEGA,29,39,506,183.00,"92,598.00"
2020-01-01,2020010101005821,MEGA,29,45,653,182.00,"118,846.00"
2020-01-01,2020010101005905,MEGA,29,21,500,183.00,"91,500.00"
2020-01-01,2020010101005904,MEGA,29,44,57,183.00,"10,431.00"
2020-01-01,2020010101005903,MEGA,29,44,57,183.00,"10,431.00"
2020-01-01,2020010101006120,MNBBL,26,57,200,275.00,"55,000.00"
2020-01-01,2020010101006011,MNBBL,53,51,120,273.00,"32,760.00"
2020-01-01,2020010101006010,MNBBL,53,51,100,273.00,"27,300.00"
2020-01-01,2020010101006009,MNBBL,53,51,100,273.00,"27,300.00"
2020-01-01,2020010101006008,MNBBL,57,51,67,273.00,"18,291.00"
2020-01-01,2020010101005845,MNBBL,25,51,200,274.00,"54,800.00"
2020-01-01,2020010101005793,MNBBL,57,50,61,273.00,"16,653.00"
2020-01-01,2020010101006112,MSLB,8,33,20,780.00,"15,600.00"
2020-01-01,2020010101006043,MSLB,7,33,10,780.00,"7,800.00"
2020-01-01,2020010101005839,MSLB,42,17,10,766.00,"7,660.00"
2020-01-01,2020010101005714,MSLB,49,21,26,779.00,"20,254.00"
2020-01-01,2020010101006165,NABIL,33,19,100,690.00,"69,000.00"
2020-01-01,2020010101006164,NABIL,33,42,30,690.00,"20,700.00"
2020-01-01,2020010101006163,NABIL,33,49,100,690.00,"69,000.00"
2020-01-01,2020010101006162,NABIL,33,49,90,690.00,"62,100.00"
2020-01-01,2020010101006161,NABIL,33,53,88,689.00,"60,632.00"
2020-01-01,2020010101006160,NABIL,33,49,650,685.00,"445,250.00"
2020-01-01,2020010101005750,NABIL,39,28,30,689.00,"20,670.00"
2020-01-01,2020010101005749,NABIL,39,17,58,688.00,"39,904.00"
2020-01-01,2020010101006158,NABIL,57,49,100,685.00,"68,500.00"
2020-01-01,2020010101006157,NABIL,52,49,500,685.00,"342,500.00"
2020-01-01,2020010101006156,NABIL,6,49,250,686.00,"171,500.00"
2020-01-01,2020010101005901,NABIL,6,57,50,686.00,"34,300.00"
2020-01-01,2020010101005877,NABIL,34,57,50,686.00,"34,300.00"
2020-01-01,2020010101005751,NABIL,39,53,412,689.00,"283,868.00"
2020-01-01,2020010101006145,NADEP,18,19,20,517.00,"10,340.00"
2020-01-01,2020010101006119,NADEP,45,16,50,511.00,"25,550.00"
2020-01-01,2020010101006087,NADEP,45,16,100,511.00,"51,100.00"
2020-01-01,2020010101005701,NADEP,40,43,100,501.00,"50,100.00"
2020-01-01,2020010101005700,NADEP,40,6,40,501.00,"20,040.00"
2020-01-01,2020010101005782,NADEP,45,57,50,505.00,"25,250.00"
2020-01-01,2020010101005781,NADEP,45,48,100,505.00,"50,500.00"
2020-01-01,2020010101005780,NADEP,45,29,100,504.00,"50,400.00"
2020-01-01,2020010101005779,NADEP,45,32,20,502.00,"10,040.00"
2020-01-01,2020010101005788,NADEP,45,50,80,508.00,"40,640.00"
2020-01-01,2020010101005787,NADEP,45,13,20,507.00,"10,140.00"
2020-01-01,2020010101005786,NADEP,45,39,50,507.00,"25,350.00"
2020-01-01,2020010101005785,NADEP,45,44,10,507.00,"5,070.00"
2020-01-01,2020010101005784,NADEP,45,25,20,507.00,"10,140.00"
2020-01-01,2020010101005783,NADEP,45,4,50,507.00,"25,350.00"
2020-01-01,2020010101005870,NADEP,45,43,20,511.00,"10,220.00"
2020-01-01,2020010101005792,NADEP,45,5,110,510.00,"56,100.00"
2020-01-01,2020010101005791,NADEP,45,16,30,510.00,"15,300.00"
2020-01-01,2020010101005790,NADEP,45,10,40,509.00,"20,360.00"
2020-01-01,2020010101005789,NADEP,45,34,100,508.00,"50,800.00"
2020-01-01,2020010101006080,NADEP,57,44,10,512.00,"5,120.00"
2020-01-01,2020010101006015,NADEP,45,6,10,511.00,"5,110.00"
2020-01-01,2020010101005996,NADEP,45,56,20,511.00,"10,220.00"
2020-01-01,2020010101005913,NADEP,45,51,20,511.00,"10,220.00"
2020-01-01,2020010101006086,NADEP,57,19,50,518.00,"25,900.00"
2020-01-01,2020010101006085,NADEP,57,4,40,518.00,"20,720.00"
2020-01-01,2020010101006084,NADEP,57,13,100,518.00,"51,800.00"
2020-01-01,2020010101006083,NADEP,57,16,50,515.00,"25,750.00"
2020-01-01,2020010101006082,NADEP,57,44,100,515.00,"51,500.00"
2020-01-01,2020010101006081,NADEP,57,43,50,514.00,"25,700.00"
2020-01-01,2020010101006018,NBB,38,41,112,186.00,"20,832.00"
2020-01-01,2020010101005772,NBB,38,26,50,186.00,"9,300.00"
2020-01-01,2020010101006072,NBL,33,25,10,264.00,"2,640.00"
2020-01-01,2020010101006071,NBL,33,49,90,264.00,"23,760.00"
2020-01-01,2020010101005973,NBL,51,49,80,264.00,"21,120.00"
2020-01-01,2020010101005968,NBL,56,49,440,264.00,"116,160.00"
2020-01-01,2020010101005967,NBL,56,28,360,264.00,"95,040.00"
2020-01-01,2020010101005942,NBL,38,36,78,263.00,"20,514.00"
2020-01-01,2020010101005941,NBL,6,36,25,263.00,"6,575.00"
2020-01-01,2020010101005940,NBL,46,36,100,263.00,"26,300.00"
2020-01-01,2020010101005939,NBL,13,36,200,263.00,"52,600.00"
2020-01-01,2020010101005938,NBL,4,36,30,263.00,"7,890.00"
2020-01-01,2020010101005937,NBL,38,36,67,263.00,"17,621.00"
2020-01-01,2020010101005713,NBL,38,52,500,263.00,"131,500.00"
2020-01-01,2020010101006166,NCCB,33,51,20,203.00,"4,060.00"
2020-01-01,2020010101005985,NCCB,16,8,190,201.00,"38,190.00"
2020-01-01,2020010101005984,NCCB,55,8,"1,810",201.00,"363,810.00"
2020-01-01,2020010101005744,NCCB,32,39,100,202.00,"20,200.00"
2020-01-01,2020010101005743,NCCB,32,40,"1,127",202.00,"227,654.00"
2020-01-01,2020010101006006,NGPL,35,34,10,108.00,"1,080.00"
2020-01-01,2020010101005711,NHPC,57,38,91,50.00,"4,550.00"
2020-01-01,2020010101005710,NHPC,58,38,109,50.00,"5,450.00"
2020-01-01,2020010101005840,NIB,40,58,53,400.00,"21,200.00"
2020-01-01,2020010101005820,NIB,40,49,125,400.00,"50,000.00"
2020-01-01,2020010101005819,NIB,40,13,100,400.00,"40,000.00"
2020-01-01,2020010101005818,NIB,40,4,50,400.00,"20,000.00"
2020-01-01,2020010101006107,NICA,49,45,200,411.00,"82,200.00"
2020-01-01,2020010101005690,NICA,49,4,90,411.00,"36,990.00"
2020-01-01,2020010101005689,NICA,42,4,40,412.00,"16,480.00"
2020-01-01,2020010101005688,NICA,26,4,270,412.00,"111,240.00"
2020-01-01,2020010101006113,NICL,43,50,10,304.00,"3,040.00"
2020-01-01,2020010101005970,NICL,46,25,50,302.00,"15,100.00"
2020-01-01,2020010101005731,NIL,42,38,20,417.00,"8,340.00"
2020-01-01,2020010101006172,NLBBL,28,50,500,480.00,"240,000.00"
2020-01-01,2020010101006171,NLBBL,16,50,200,480.00,"96,000.00"
2020-01-01,2020010101006170,NLBBL,40,50,50,481.00,"24,050.00"
2020-01-01,2020010101006169,NLBBL,43,50,200,481.00,"96,200.00"
2020-01-01,2020010101006168,NLBBL,48,50,170,482.00,"81,940.00"
2020-01-01,2020010101006130,NLBBL,48,25,100,482.00,"48,200.00"
2020-01-01,2020010101005917,NLBBL,16,50,100,485.00,"48,500.00"
2020-01-01,2020010101005916,NLBBL,16,34,10,484.00,"4,840.00"
2020-01-01,2020010101005915,NLBBL,16,25,132,484.00,"63,888.00"
2020-01-01,2020010101005914,NLBBL,16,35,100,483.00,"48,300.00"
2020-01-01,2020010101005881,NLG,58,28,20,605.00,"12,100.00"
2020-01-01,2020010101005844,NLG,10,38,10,595.00,"5,950.00"
2020-01-01,2020010101006078,NLIC,50,41,10,960.00,"9,600.00"
2020-01-01,2020010101006058,NLIC,50,56,22,960.00,"21,120.00"
2020-01-01,2020010101006042,NLIC,34,39,100,960.00,"96,000.00"
2020-01-01,2020010101006041,NLIC,19,39,50,960.00,"48,000.00"
2020-01-01,2020010101006040,NLIC,19,39,50,960.00,"48,000.00"
2020-01-01,2020010101006039,NLIC,33,39,100,960.00,"96,000.00"
2020-01-01,2020010101005705,NLIC,6,38,10,962.00,"9,620.00"
2020-01-01,2020010101005704,NLIC,32,38,22,962.00,"21,164.00"
2020-01-01,2020010101005798,NLIC,14,17,200,961.00,"192,200.00"
2020-01-01,2020010101005797,NLIC,33,17,100,962.00,"96,200.00"
2020-01-01,2020010101005796,NLIC,14,17,32,962.00,"30,784.00"
2020-01-01,2020010101005795,NLIC,49,17,100,963.00,"96,300.00"
2020-01-01,2020010101005748,NLIC,14,38,68,962.00,"65,416.00"
2020-01-01,2020010101005712,NLIC,6,32,300,961.00,"288,300.00"
2020-01-01,2020010101005836,NLIC,56,33,100,961.00,"96,100.00"
2020-01-01,2020010101005835,NLIC,33,33,100,961.00,"96,100.00"
2020-01-01,2020010101005834,NLIC,34,33,82,961.00,"78,802.00"
2020-01-01,2020010101005833,NLIC,38,33,100,962.00,"96,200.00"
2020-01-01,2020010101005800,NLIC,34,17,18,961.00,"17,298.00"
2020-01-01,2020010101005799,NLIC,49,17,50,961.00,"48,050.00"
2020-01-01,2020010101005964,NLIC,10,41,52,961.00,"49,972.00"
2020-01-01,2020010101005956,NLIC,10,8,37,961.00,"35,557.00"
2020-01-01,2020010101005866,NLIC,10,49,11,961.00,"10,571.00"
2020-01-01,2020010101005865,NLIC,55,49,20,961.00,"19,220.00"
2020-01-01,2020010101005864,NLIC,42,49,31,961.00,"29,791.00"
2020-01-01,2020010101005837,NLIC,42,33,168,961.00,"161,448.00"
2020-01-01,2020010101006038,NLIC,35,39,20,961.00,"19,220.00"
2020-01-01,2020010101006005,NLIC,28,36,10,961.00,"9,610.00"
2020-01-01,2020010101006004,NLIC,28,36,200,961.00,"192,200.00"
2020-01-01,2020010101006003,NLIC,45,36,34,961.00,"32,674.00"
2020-01-01,2020010101005966,NLIC,45,41,16,961.00,"15,376.00"
2020-01-01,2020010101005965,NLIC,34,41,102,961.00,"98,022.00"
2020-01-01,2020010101006077,NLICL,44,37,10,484.00,"4,840.00"
2020-01-01,2020010101005989,NLICL,43,40,10,490.00,"4,900.00"
2020-01-01,2020010101005955,NLICL,44,43,"1,224",484.00,"592,416.00"
2020-01-01,2020010101005954,NLICL,33,43,100,484.00,"48,400.00"
2020-01-01,2020010101005953,NLICL,34,43,100,484.00,"48,400.00"
2020-01-01,2020010101005952,NLICL,26,43,60,484.00,"29,040.00"
2020-01-01,2020010101005951,NLICL,34,43,200,484.00,"96,800.00"
2020-01-01,2020010101005950,NLICL,36,43,"2,000",485.00,"970,000.00"
2020-01-01,2020010101005949,NLICL,28,43,600,485.00,"291,000.00"
2020-01-01,2020010101005948,NLICL,56,43,56,485.00,"27,160.00"
2020-01-01,2020010101005947,NLICL,59,43,100,486.00,"48,600.00"
2020-01-01,2020010101005946,NLICL,40,43,60,486.00,"29,160.00"
2020-01-01,2020010101006013,NMB,53,4,50,323.00,"16,150.00"
2020-01-01,2020010101006012,NMB,8,4,78,323.00,"25,194.00"
2020-01-01,2020010101005972,NMB,8,4,"1,022",323.00,"330,106.00"
2020-01-01,2020010101005971,NMB,34,4,978,323.00,"315,894.00"
2020-01-01,2020010101005857,NMB,34,20,12,323.00,"3,876.00"
2020-01-01,2020010101005703,NMB,34,11,"1,000",323.00,"323,000.00"
2020-01-01,2020010101005702,NMB,34,4,665,323.00,"214,795.00"
2020-01-01,2020010101005697,NMB,8,4,335,323.00,"108,205.00"
2020-01-01,2020010101005696,NMB,8,4,665,323.00,"214,795.00"
2020-01-01,2020010101006134,NMBHF1,56,25,"6,724",8.73,"58,700.52"
2020-01-01,2020010101005895,NMBHF1,56,34,"1,664",8.72,"14,510.08"
2020-01-01,2020010101005894,NMBHF1,56,34,"2,080",8.72,"18,137.60"
2020-01-01,2020010101005893,NMBHF1,56,6,"1,000",8.70,"8,700.00"
2020-01-01,2020010101005766,NMBMF,58,37,20,575.00,"11,500.00"
2020-01-01,2020010101006111,NMFBS,25,33,10,"1,290.00","12,900.00"
2020-01-01,2020010101006076,NMFBS,25,45,10,"1,280.00","12,800.00"
2020-01-01,2020010101005778,NMFBS,25,33,50,"1,260.00","63,000.00"
2020-01-01,2020010101005692,NMFBS,25,51,200,"1,275.00","255,000.00"
2020-01-01,2020010101005691,NMFBS,25,55,300,"1,270.00","381,000.00"
2020-01-01,2020010101006051,NTC,4,7,100,619.00,"61,900.00"
2020-01-01,2020010101005676,NTC,6,50,670,619.00,"414,730.00"
2020-01-01,2020010101005675,NTC,6,40,200,618.00,"123,600.00"
2020-01-01,2020010101005747,NUBL,47,22,500,790.00,"395,000.00"
2020-01-01,2020010101005730,NUBL,16,22,500,779.00,"389,500.00"
2020-01-01,2020010101005729,NUBL,56,22,300,780.00,"234,000.00"
2020-01-01,2020010101005728,NUBL,51,22,500,780.00,"390,000.00"
2020-01-01,2020010101005727,NUBL,43,22,50,780.00,"39,000.00"
2020-01-01,2020010101006034,OHL,34,42,295,499.00,"147,205.00"
2020-01-01,2020010101006033,OHL,49,42,500,499.00,"249,500.00"
2020-01-01,2020010101006032,OHL,21,42,50,499.00,"24,950.00"
2020-01-01,2020010101006031,OHL,37,42,525,499.00,"261,975.00"
2020-01-01,2020010101006030,OHL,13,42,980,499.00,"489,020.00"
2020-01-01,2020010101006023,OHL,53,42,100,499.00,"49,900.00"
2020-01-01,2020010101006022,OHL,49,42,901,499.00,"449,599.00"
2020-01-01,2020010101006021,OHL,34,42,99,499.00,"49,401.00"
2020-01-01,2020010101006029,OHL,42,42,100,499.00,"49,900.00"
2020-01-01,2020010101006028,OHL,46,42,900,499.00,"449,100.00"
2020-01-01,2020010101006027,OHL,59,42,50,499.00,"24,950.00"
2020-01-01,2020010101006026,OHL,17,42,200,499.00,"99,800.00"
2020-01-01,2020010101006025,OHL,28,42,200,499.00,"99,800.00"
2020-01-01,2020010101006024,OHL,58,42,100,499.00,"49,900.00"
2020-01-01,2020010101005920,PCBL,11,45,50,236.00,"11,800.00"
2020-01-01,2020010101005919,PCBL,33,45,18,236.00,"4,248.00"
2020-01-01,2020010101005918,PCBL,42,45,861,236.00,"203,196.00"
2020-01-01,2020010101006152,PIC,59,1,100,409.00,"40,900.00"
2020-01-01,2020010101006108,PICL,58,6,40,439.00,"17,560.00"
2020-01-01,2020010101006057,PLIC,25,6,43,368.00,"15,824.00"
2020-01-01,2020010101006056,PLIC,49,6,223,368.00,"82,064.00"
2020-01-01,2020010101006055,PLIC,42,6,30,369.00,"11,070.00"
2020-01-01,2020010101006054,PLIC,10,6,100,369.00,"36,900.00"
2020-01-01,2020010101006053,PLIC,53,6,19,369.00,"7,011.00"
2020-01-01,2020010101005794,PLIC,53,50,112,369.00,"41,328.00"
2020-01-01,2020010101005868,PMHPL,44,20,10,85.00,850.00
2020-01-01,2020010101005807,PRIN,44,22,100,333.00,"33,300.00"
2020-01-01,2020010101006153,PRVU,52,57,100,224.00,"22,400.00"
2020-01-01,2020010101005943,RBCL,43,10,10,"8,458.00","84,580.00"
2020-01-01,2020010101006052,RHPL,19,22,40,169.00,"6,760.00"
2020-01-01,2020010101005975,RHPL,19,48,40,169.00,"6,760.00"
2020-01-01,2020010101005879,RHPL,29,20,40,168.00,"6,720.00"
2020-01-01,2020010101005824,RHPL,29,21,40,168.00,"6,720.00"
2020-01-01,2020010101005742,RHPL,29,21,50,168.00,"8,400.00"
2020-01-01,2020010101005683,RHPL,29,48,40,168.00,"6,720.00"
2020-01-01,2020010101005699,RLFL,34,53,10,113.00,"1,130.00"
2020-01-01,2020010101005899,RRHP,47,20,10,96.00,960.00
2020-01-01,2020010101006137,RSDC,38,49,79,322.00,"25,438.00"
2020-01-01,2020010101005998,RSDC,38,6,58,320.00,"18,560.00"
2020-01-01,2020010101006142,SABSL,56,19,76,556.00,"42,256.00"
2020-01-01,2020010101006141,SABSL,56,22,44,555.00,"24,420.00"
2020-01-01,2020010101006140,SABSL,56,44,10,555.00,"5,550.00"
2020-01-01,2020010101005991,SABSL,22,48,10,551.00,"5,510.00"
2020-01-01,2020010101006124,SBI,56,28,"1,978",356.00,"704,168.00"
2020-01-01,2020010101005957,SBI,56,44,22,356.00,"7,832.00"
2020-01-01,2020010101006092,SBL,48,36,"1,000",282.00,"282,000.00"
2020-01-01,2020010101006095,SCB,33,47,250,534.00,"133,500.00"
2020-01-01,2020010101006094,SCB,33,58,400,533.00,"213,200.00"
2020-01-01,2020010101006093,SCB,33,21,40,533.00,"21,320.00"
2020-01-01,2020010101005882,SCB,11,49,126,531.00,"66,906.00"
2020-01-01,2020010101005888,SCB,25,49,15,530.00,"7,950.00"
2020-01-01,2020010101005887,SCB,45,49,500,530.00,"265,000.00"
2020-01-01,2020010101005886,SCB,11,49,100,530.00,"53,000.00"
2020-01-01,2020010101005885,SCB,34,49,46,530.00,"24,380.00"
2020-01-01,2020010101005884,SCB,35,49,100,531.00,"53,100.00"
2020-01-01,2020010101005883,SCB,29,49,50,531.00,"26,550.00"
2020-01-01,2020010101005922,SCB,34,20,10,530.00,"5,300.00"
2020-01-01,2020010101005889,SCB,34,49,63,530.00,"33,390.00"
2020-01-01,2020010101005993,SDESI,44,42,150,577.00,"86,550.00"
2020-01-01,2020010101005979,SDESI,33,42,150,580.00,"87,000.00"
2020-01-01,2020010101005848,SFCL,58,5,10,100.00,"1,000.00"
2020-01-01,2020010101006173,SHINE,59,34,10,236.00,"2,360.00"
2020-01-01,2020010101005912,SHINE,34,50,290,234.00,"67,860.00"
2020-01-01,2020010101006091,SHIVM,45,40,10,468.00,"4,680.00"
2020-01-01,2020010101006075,SHIVM,45,40,15,468.00,"7,020.00"
2020-01-01,2020010101006046,SHIVM,35,42,250,465.00,"116,250.00"
2020-01-01,2020010101005935,SHIVM,4,42,100,468.00,"46,800.00"
2020-01-01,2020010101005755,SHIVM,46,19,50,467.00,"23,350.00"
2020-01-01,2020010101005698,SHIVM,46,21,50,467.00,"23,350.00"
2020-01-01,2020010101006068,SHPC,41,16,100,168.00,"16,800.00"
2020-01-01,2020010101006067,SHPC,41,48,397,168.00,"66,696.00"
2020-01-01,2020010101005936,SHPC,17,48,461,168.00,"77,448.00"
2020-01-01,2020010101005923,SIL,25,56,20,416.00,"8,320.00"
2020-01-01,2020010101005878,SIL,44,38,28,414.00,"11,592.00"
2020-01-01,2020010101006148,SJCL,32,3,90,155.00,"13,950.00"
2020-01-01,2020010101006147,SJCL,35,3,30,155.00,"4,650.00"
2020-01-01,2020010101006070,SJCL,35,22,20,155.00,"3,100.00"
2020-01-01,2020010101006020,SJCL,35,48,10,155.00,"1,550.00"
2020-01-01,2020010101005959,SJCL,35,20,20,155.00,"3,100.00"
2020-01-01,2020010101005678,SJCL,35,21,10,156.00,"1,560.00"
2020-01-01,2020010101005838,SJCL,35,21,20,155.00,"3,100.00"
2020-01-01,2020010101005757,SJCL,35,21,20,155.00,"3,100.00"
2020-01-01,2020010101005680,SJCL,33,3,20,157.00,"3,140.00"
2020-01-01,2020010101005679,SJCL,35,21,10,155.00,"1,550.00"
2020-01-01,2020010101005909,SJCL,55,3,360,156.00,"56,160.00"
2020-01-01,2020010101005908,SJCL,55,32,20,156.00,"3,120.00"
2020-01-01,2020010101005907,SJCL,55,48,20,156.00,"3,120.00"
2020-01-01,2020010101006151,SKBBL,58,38,20,829.00,"16,580.00"
2020-01-01,2020010101005814,SKBBL,51,6,22,825.00,"18,150.00"
2020-01-01,2020010101005695,SKBBL,26,47,200,825.00,"165,000.00"
2020-01-01,2020010101005694,SKBBL,26,41,100,824.00,"82,400.00"
2020-01-01,2020010101006144,SLBBL,21,36,450,561.00,"252,450.00"
2020-01-01,2020010101006143,SLBBL,21,37,50,560.00,"28,000.00"
2020-01-01,2020010101006131,SLBSL,22,48,13,604.00,"7,852.00"
2020-01-01,2020010101005997,SLBSL,55,22,10,614.00,"6,140.00"
2020-01-01,2020010101005945,SLBSL,22,57,30,604.00,"18,120.00"
2020-01-01,2020010101005944,SLBSL,44,57,20,610.00,"12,200.00"
2020-01-01,2020010101005803,SLBSL,22,45,10,613.00,"6,130.00"
2020-01-01,2020010101005802,SLBSL,22,29,10,613.00,"6,130.00"
2020-01-01,2020010101005958,SLICL,37,53,150,308.00,"46,200.00"
2020-01-01,2020010101005847,SLICL,50,45,500,306.00,"153,000.00"
2020-01-01,2020010101005725,SLICL,17,53,266,308.00,"81,928.00"
2020-01-01,2020010101005724,SLICL,17,25,700,308.00,"215,600.00"
2020-01-01,2020010101005723,SLICL,17,51,34,308.00,"10,472.00"
2020-01-01,2020010101005910,SMATA,58,18,80,515.00,"41,200.00"
2020-01-01,2020010101005856,SMATA,58,18,70,515.00,"36,050.00"
2020-01-01,2020010101005855,SMATA,11,18,10,515.00,"5,150.00"
2020-01-01,2020010101005854,SMATA,49,18,10,515.00,"5,150.00"
2020-01-01,2020010101005853,SMATA,51,18,10,515.00,"5,150.00"
2020-01-01,2020010101005852,SMATA,48,18,100,516.00,"51,600.00"
2020-01-01,2020010101005851,SMATA,50,18,100,517.00,"51,700.00"
2020-01-01,2020010101005707,SMFDB,7,10,100,539.00,"53,900.00"
2020-01-01,2020010101005706,SMFDB,55,10,100,540.00,"54,000.00"
2020-01-01,2020010101005906,SPDL,50,7,10,90.00,900.00
2020-01-01,2020010101006122,STC,46,34,10,"1,970.00","19,700.00"
2020-01-01,2020010101006000,STC,25,40,10,"2,008.00","20,080.00"
2020-01-01,2020010101005776,STC,17,34,250,"1,980.00","495,000.00"
2020-01-01,2020010101005775,STC,39,34,50,"1,985.00","99,250.00"
2020-01-01,2020010101006002,SWBBL,50,6,60,854.00,"51,240.00"
2020-01-01,2020010101006001,SWBBL,8,6,20,855.00,"17,100.00"
2020-01-01,2020010101005850,SWBBL,50,33,100,860.00,"86,000.00"
2020-01-01,2020010101006079,TMDBL,52,52,137,154.00,"21,098.00"
2020-01-01,2020010101006159,TRH,10,49,100,298.00,"29,800.00"
2020-01-01,2020010101006149,TRH,56,49,"1,000",298.00,"298,000.00"
2020-01-01,2020010101006121,TRH,5,49,200,298.00,"59,600.00"
2020-01-01,2020010101006116,TRH,50,49,300,298.00,"89,400.00"
2020-01-01,2020010101006060,TRH,51,49,200,298.00,"59,600.00"
2020-01-01,2020010101006059,TRH,56,49,"1,000",298.00,"298,000.00"
2020-01-01,2020010101005831,TRH,59,44,50,298.00,"14,900.00"
2020-01-01,2020010101005777,TRH,56,44,500,298.00,"149,000.00"
2020-01-01,2020010101005774,TRH,46,44,500,298.00,"149,000.00"
2020-01-01,2020010101005773,TRH,19,44,250,298.00,"74,500.00"
2020-01-01,2020010101006049,TRH,49,49,550,298.00,"163,900.00"
2020-01-01,2020010101006048,TRH,49,44,450,298.00,"134,100.00"
2020-01-01,2020010101006035,TRH,56,44,"1,000",298.00,"298,000.00"
2020-01-01,2020010101005999,TRH,45,44,250,298.00,"74,500.00"
2020-01-01,2020010101005921,TRH,56,44,"1,000",298.00,"298,000.00"
2020-01-01,2020010101005911,TRH,56,44,"1,000",298.00,"298,000.00"
2020-01-01,2020010101005805,UPCL,21,26,100,72.00,"7,200.00"
2020-01-01,2020010101006099,UPPER,52,34,33,236.00,"7,788.00"
2020-01-01,2020010101006098,UPPER,33,34,162,236.00,"38,232.00"
2020-01-01,2020010101005983,UPPER,33,20,40,236.00,"9,440.00"
2020-01-01,2020010101005981,UPPER,25,32,37,238.00,"8,806.00"
2020-01-01,2020010101005817,UPPER,33,21,60,236.00,"14,160.00"
2020-01-01,2020010101005722,UPPER,33,21,50,236.00,"11,800.00"
2020-01-01,2020010101005682,UPPER,33,22,40,236.00,"9,440.00"
2020-01-01,2020010101005726,VLBS,41,19,10,652.00,"6,520.00"
2020-01-01,2020010101005635,ADBL,28,45,60,361.00,"21,660.00"
2020-01-01,2020010101005214,AHPC,44,13,70,94.00,"6,580.00"
2020-01-01,2020010101005634,AKPL,38,48,50,112.00,"5,600.00"
2020-01-01,2020010101005614,AKPL,38,48,84,112.00,"9,408.00"
2020-01-01,2020010101005591,AKPL,41,48,"1,000",112.00,"112,000.00"
2020-01-01,2020010101005399,AKPL,38,48,"1,000",112.00,"112,000.00"
2020-01-01,2020010101005387,AKPL,45,48,"1,000",112.00,"112,000.00"
2020-01-01,2020010101005395,ALBSL,16,22,260,500.00,"130,000.00"
2020-01-01,2020010101005394,ALBSL,16,47,10,500.00,"5,000.00"
2020-01-01,2020010101005260,ALBSL,16,49,10,500.00,"5,000.00"
2020-01-01,2020010101005324,ALICL,25,53,128,380.00,"48,640.00"
2020-01-01,2020010101005511,BBC,28,53,10,"1,923.00","19,230.00"
2020-01-01,2020010101005505,BBC,47,48,18,"1,958.00","35,244.00"
2020-01-01,2020010101005451,BBC,48,34,10,"1,957.00","19,570.00"
2020-01-01,2020010101005410,BBC,48,14,10,"1,955.00","19,550.00"
2020-01-01,2020010101005388,BBC,48,21,10,"1,953.00","19,530.00"
2020-01-01,2020010101005578,BPCL,7,40,500,301.00,"150,500.00"
2020-01-01,2020010101005521,BPCL,35,16,20,300.00,"6,000.00"
2020-01-01,2020010101005520,BPCL,6,16,100,300.00,"30,000.00"
2020-01-01,2020010101005519,BPCL,36,16,92,300.00,"27,600.00"
2020-01-01,2020010101005269,BPCL,51,43,190,301.00,"57,190.00"
2020-01-01,2020010101005564,CBBL,57,45,50,806.00,"40,300.00"
2020-01-01,2020010101005466,CBBL,51,5,152,805.00,"122,360.00"
2020-01-01,2020010101005465,CBBL,51,44,200,805.00,"161,000.00"
2020-01-01,2020010101005464,CBBL,51,49,100,805.00,"80,500.00"
2020-01-01,2020010101005463,CBBL,51,34,40,805.00,"32,200.00"
2020-01-01,2020010101005364,CBBL,4,55,610,803.00,"489,830.00"
2020-01-01,2020010101005330,CBBL,4,34,800,802.00,"641,600.00"
2020-01-01,2020010101005329,CBBL,4,13,40,800.00,"32,000.00"
2020-01-01,2020010101005577,CCBL,58,13,"1,000",164.00,"164,000.00"
2020-01-01,2020010101005238,CCBL,58,19,117,164.00,"19,188.00"
2020-01-01,2020010101005237,CCBL,58,39,535,164.00,"87,740.00"
2020-01-01,2020010101005236,CCBL,58,58,50,164.00,"8,200.00"
2020-01-01,2020010101005235,CCBL,58,49,443,164.00,"72,652.00"
2020-01-01,2020010101005234,CCBL,58,45,93,164.00,"15,252.00"
2020-01-01,2020010101005516,CFCL,32,4,15,118.00,"1,770.00"
2020-01-01,2020010101005210,CHCL,13,6,100,360.00,"36,000.00"
2020-01-01,2020010101005550,CIT,58,45,100,"2,104.00","210,400.00"
2020-01-01,2020010101005524,CIT,58,49,174,"2,105.00","366,270.00"
2020-01-01,2020010101005523,CIT,58,22,26,"2,104.00","54,704.00"
2020-01-01,2020010101005374,CIT,33,22,10,"2,104.00","21,040.00"
2020-01-01,2020010101005373,CIT,33,35,10,"2,104.00","21,040.00"
2020-01-01,2020010101005303,CIT,58,40,122,"2,104.00","256,688.00"
2020-01-01,2020010101005220,CIT,7,49,200,"2,105.00","421,000.00"
2020-01-01,2020010101005213,CIT,7,49,63,"2,105.00","132,615.00"
2020-01-01,2020010101005212,CIT,7,33,55,"2,104.00","115,720.00"
2020-01-01,2020010101005211,CIT,7,37,82,"2,101.00","172,282.00"
2020-01-01,2020010101005625,CZBIL,55,35,44,181.00,"7,964.00"
2020-01-01,2020010101005624,CZBIL,26,35,56,181.00,"10,136.00"
2020-01-01,2020010101005508,CZBIL,50,17,118,182.00,"21,476.00"
2020-01-01,2020010101005462,CZBIL,35,17,30,182.00,"5,460.00"
2020-01-01,2020010101005251,CZBIL,44,17,30,182.00,"5,460.00"
2020-01-01,2020010101005327,DBBL,4,36,730,137.00,"100,010.00"
2020-01-01,2020010101005326,DBBL,4,36,970,137.00,"132,890.00"
2020-01-01,2020010101005506,DDBL,19,4,100,885.00,"88,500.00"
2020-01-01,2020010101005543,EBL,8,17,500,525.00,"262,500.00"
2020-01-01,2020010101005527,EBL,8,19,21,524.00,"11,004.00"
2020-01-01,2020010101005526,EBL,7,19,79,524.00,"41,396.00"
2020-01-01,2020010101005566,FMDBL,45,36,500,323.00,"161,500.00"
2020-01-01,2020010101005377,FMDBL,39,56,50,324.00,"16,200.00"
2020-01-01,2020010101005335,FMDBL,42,56,20,324.00,"6,480.00"
2020-01-01,2020010101005278,FMDBL,8,56,100,324.00,"32,400.00"
2020-01-01,2020010101005277,FMDBL,8,56,100,324.00,"32,400.00"
2020-01-01,2020010101005605,FOWAD,42,19,50,"1,095.00","54,750.00"
2020-01-01,2020010101005592,FOWAD,32,22,10,"1,100.00","11,000.00"
2020-01-01,2020010101005549,FOWAD,42,6,100,"1,094.00","109,400.00"
2020-01-01,2020010101005548,FOWAD,42,6,40,"1,091.00","43,640.00"
2020-01-01,2020010101005547,FOWAD,42,11,20,"1,090.00","21,800.00"
2020-01-01,2020010101005275,FOWAD,32,6,10,"1,091.00","10,910.00"
2020-01-01,2020010101005274,FOWAD,32,45,28,"1,090.00","30,520.00"
2020-01-01,2020010101005621,GBLBS,53,8,75,324.00,"24,300.00"
2020-01-01,2020010101005608,GBLBS,26,8,110,324.00,"35,640.00"
2020-01-01,2020010101005607,GBLBS,26,50,90,324.00,"29,160.00"
2020-01-01,2020010101005372,GBLBS,58,50,10,324.00,"3,240.00"
2020-01-01,2020010101005371,GBLBS,58,7,300,324.00,"97,200.00"
2020-01-01,2020010101005370,GBLBS,58,21,15,324.00,"4,860.00"
2020-01-01,2020010101005337,GBLBS,57,45,20,322.00,"6,440.00"
2020-01-01,2020010101005248,GBLBS,44,58,30,322.00,"9,660.00"
2020-01-01,2020010101005247,GBLBS,44,20,500,322.00,"161,000.00"
2020-01-01,2020010101005246,GBLBS,44,57,100,322.00,"32,200.00"
2020-01-01,2020010101005245,GBLBS,44,13,500,322.00,"161,000.00"
2020-01-01,2020010101005244,GBLBS,44,36,242,322.00,"77,924.00"
2020-01-01,2020010101005369,GBLBS,58,37,135,324.00,"43,740.00"
2020-01-01,2020010101005368,GBLBS,58,38,500,324.00,"162,000.00"
2020-01-01,2020010101005367,GBLBS,58,47,40,324.00,"12,960.00"
2020-01-01,2020010101005360,GBLBS,42,44,15,323.00,"4,845.00"
2020-01-01,2020010101005339,GBLBS,57,44,"2,000",323.00,"646,000.00"
2020-01-01,2020010101005338,GBLBS,57,8,500,323.00,"161,500.00"
2020-01-01,2020010101005191,GGBSL,11,44,10,594.00,"5,940.00"
2020-01-01,2020010101005642,GILB,32,13,10,865.00,"8,650.00"
2020-01-01,2020010101005272,GILB,7,14,12,875.00,"10,500.00"
2020-01-01,2020010101005255,GILB,34,21,138,862.00,"118,956.00"
2020-01-01,2020010101005534,GIMES1,26,35,"5,000",7.00,"35,000.00"
2020-01-01,2020010101005198,GIMES1,26,35,"10,000",7.00,"70,000.00"
2020-01-01,2020010101005632,GLBSL,13,45,300,455.00,"136,500.00"
2020-01-01,2020010101005631,GLBSL,13,44,10,452.00,"4,520.00"
2020-01-01,2020010101005199,GLICL,22,38,600,463.00,"277,800.00"
2020-01-01,2020010101005643,GMFBS,32,36,90,575.00,"51,750.00"
2020-01-01,2020010101005559,GMFBS,32,48,10,575.00,"5,750.00"
2020-01-01,2020010101005233,GMFBS,10,34,100,580.00,"58,000.00"
2020-01-01,2020010101005558,HBL,41,45,50,507.00,"25,350.00"
2020-01-01,2020010101005557,HBL,41,49,474,507.00,"240,318.00"
2020-01-01,2020010101005556,HBL,41,21,170,507.00,"86,190.00"
2020-01-01,2020010101005555,HBL,41,7,150,506.00,"75,900.00"
2020-01-01,2020010101005554,HBL,41,47,20,504.00,"10,080.00"
2020-01-01,2020010101005668,HDL,41,13,500,"1,220.00","610,000.00"
2020-01-01,2020010101005667,HDL,42,13,50,"1,220.00","61,000.00"
2020-01-01,2020010101005666,HDL,16,13,50,"1,220.00","61,000.00"
2020-01-01,2020010101005665,HDL,38,13,200,"1,220.00","244,000.00"
2020-01-01,2020010101005664,HDL,51,13,50,"1,220.00","61,000.00"
2020-01-01,2020010101005663,HDL,39,13,50,"1,220.00","61,000.00"
2020-01-01,2020010101005487,HDL,38,58,300,"1,230.00","369,000.00"
2020-01-01,2020010101005486,HDL,38,38,200,"1,229.00","245,800.00"
2020-01-01,2020010101005662,HDL,50,13,70,"1,220.00","85,400.00"
2020-01-01,2020010101005661,HDL,8,13,50,"1,221.00","61,050.00"
2020-01-01,2020010101005660,HDL,38,13,200,"1,221.00","244,200.00"
2020-01-01,2020010101005659,HDL,29,13,200,"1,222.00","244,400.00"
2020-01-01,2020010101005658,HDL,45,13,10,"1,222.00","12,220.00"
2020-01-01,2020010101005574,HDL,50,38,50,"1,230.00","61,500.00"
2020-01-01,2020010101005617,HIDCL,21,42,300,146.00,"43,800.00"
2020-01-01,2020010101005590,HIDCL,58,37,"1,155",146.00,"168,630.00"
2020-01-01,2020010101005575,HIDCL,57,37,500,146.00,"73,000.00"
2020-01-01,2020010101005570,HIDCL,39,37,500,146.00,"73,000.00"
2020-01-01,2020010101005569,HIDCL,29,37,385,146.00,"56,210.00"
2020-01-01,2020010101005568,HIDCL,29,48,615,146.00,"89,790.00"
2020-01-01,2020010101005384,HIDCL,19,46,50,146.00,"7,300.00"
2020-01-01,2020010101005383,HIDCL,43,46,"1,350",146.00,"197,100.00"
2020-01-01,2020010101005243,HIDCL,43,56,650,146.00,"94,900.00"
2020-01-01,2020010101005242,HIDCL,41,56,150,146.00,"21,900.00"
2020-01-01,2020010101005444,HIDCL,19,44,"1,000",146.00,"146,000.00"
2020-01-01,2020010101005434,HIDCL,19,42,51,146.00,"7,446.00"
2020-01-01,2020010101005422,HIDCL,39,10,112,147.00,"16,464.00"
2020-01-01,2020010101005421,HIDCL,39,21,61,147.00,"8,967.00"
2020-01-01,2020010101005420,HIDCL,39,21,27,147.00,"3,969.00"
2020-01-01,2020010101005385,HIDCL,19,46,718,146.00,"104,828.00"
2020-01-01,2020010101005567,HIDCL,19,48,385,146.00,"56,210.00"
2020-01-01,2020010101005539,HIDCL,19,52,500,146.00,"73,000.00"
2020-01-01,2020010101005509,HIDCL,19,32,14,146.00,"2,044.00"
2020-01-01,2020010101005476,HIDCL,19,36,321,146.00,"46,866.00"
2020-01-01,2020010101005455,HIDCL,19,46,11,146.00,"1,606.00"
2020-01-01,2020010101005454,HIDCL,16,10,60,147.00,"8,820.00"
2020-01-01,2020010101005340,HPPL,52,33,190,142.00,"26,980.00"
2020-01-01,2020010101005273,HPPL,45,33,200,142.00,"28,400.00"
2020-01-01,2020010101005188,HPPL,45,33,100,142.00,"14,200.00"
2020-01-01,2020010101005266,HURJA,8,45,20,102.00,"2,040.00"
2020-01-01,2020010101005498,ILBS,32,44,10,550.00,"5,500.00"
2020-01-01,2020010101005497,ILBS,32,44,10,550.00,"5,500.00"
2020-01-01,2020010101005496,ILBS,32,56,10,549.00,"5,490.00"
2020-01-01,2020010101005495,ILBS,32,56,10,549.00,"5,490.00"
2020-01-01,2020010101005494,ILBS,32,56,10,549.00,"5,490.00"
2020-01-01,2020010101005432,JBBL,51,17,200,152.00,"30,400.00"
2020-01-01,2020010101005382,JBBL,37,17,500,152.00,"76,000.00"
2020-01-01,2020010101005308,JBBL,41,35,469,151.00,"70,819.00"
2020-01-01,2020010101005447,JFL,54,16,460,162.00,"74,520.00"
2020-01-01,2020010101005573,KBL,56,20,100,178.00,"17,800.00"
2020-01-01,2020010101005572,KBL,56,20,90,178.00,"16,020.00"
2020-01-01,2020010101005563,KBL,56,46,10,178.00,"1,780.00"
2020-01-01,2020010101005562,KBL,56,46,50,178.00,"8,900.00"
2020-01-01,2020010101005515,KBL,56,35,50,178.00,"8,900.00"
2020-01-01,2020010101005491,KBL,58,40,1,176.00,176.00
2020-01-01,2020010101005259,KBL,58,52,55,179.00,"9,845.00"
2020-01-01,2020010101005254,KBL,58,44,"1,500",178.00,"267,000.00"
2020-01-01,2020010101005253,KBL,58,43,660,178.00,"117,480.00"
2020-01-01,2020010101005641,KPCL,6,48,10,82.00,820.00
2020-01-01,2020010101005571,KPCL,6,48,10,82.00,820.00
2020-01-01,2020010101005195,KPCL,6,17,10,83.00,830.00
2020-01-01,2020010101005357,KPCL,33,48,10,82.00,820.00
2020-01-01,2020010101005653,KSBBL,21,57,700,135.00,"94,500.00"
2020-01-01,2020010101005657,LBBL,28,14,161,194.00,"31,234.00"
2020-01-01,2020010101005656,LBBL,28,59,"1,821",194.00,"353,274.00"
2020-01-01,2020010101005628,LBBL,28,14,769,194.00,"149,186.00"
2020-01-01,2020010101005627,LBBL,28,37,635,194.00,"123,190.00"
2020-01-01,2020010101005626,LBBL,28,14,596,194.00,"115,624.00"
2020-01-01,2020010101005619,LBBL,46,14,815,194.00,"158,110.00"
2020-01-01,2020010101005618,LBBL,46,25,185,194.00,"35,890.00"
2020-01-01,2020010101005538,LBBL,46,14,89,194.00,"17,266.00"
2020-01-01,2020010101005537,LBBL,46,13,111,194.00,"21,534.00"
2020-01-01,2020010101005525,LBBL,47,13,"1,000",194.00,"194,000.00"
2020-01-01,2020010101005499,LBBL,52,13,270,194.00,"52,380.00"
2020-01-01,2020010101005603,LBL,7,38,74,190.00,"14,060.00"
2020-01-01,2020010101005602,LBL,22,38,300,190.00,"57,000.00"
2020-01-01,2020010101005601,LBL,29,38,100,190.00,"19,000.00"
2020-01-01,2020010101005600,LBL,13,38,100,190.00,"19,000.00"
2020-01-01,2020010101005599,LBL,28,38,426,190.00,"80,940.00"
2020-01-01,2020010101005396,LBL,28,49,40,190.00,"7,600.00"
2020-01-01,2020010101005318,LGIL,32,45,20,335.00,"6,700.00"
2020-01-01,2020010101005296,LGIL,51,51,720,334.00,"240,480.00"
2020-01-01,2020010101005192,LGIL,42,51,20,334.00,"6,680.00"
2020-01-01,2020010101005402,LICN,42,38,10,"1,093.00","10,930.00"
2020-01-01,2020010101005376,LICN,25,38,20,"1,093.00","21,860.00"
2020-01-01,2020010101005294,LICN,33,38,250,"1,087.00","271,750.00"
2020-01-01,2020010101005293,LICN,40,38,50,"1,087.00","54,350.00"
2020-01-01,2020010101005292,LICN,5,38,67,"1,088.00","72,896.00"
2020-01-01,2020010101005222,LICN,25,38,12,"1,093.00","13,116.00"
2020-01-01,2020010101005363,LLBS,26,52,50,728.00,"36,400.00"
2020-01-01,2020010101005362,LLBS,26,18,100,728.00,"72,800.00"
2020-01-01,2020010101005361,LLBS,26,13,50,720.00,"36,000.00"
2020-01-01,2020010101005323,LLBS,33,46,15,715.00,"10,725.00"
2020-01-01,2020010101005322,LLBS,33,34,48,714.00,"34,272.00"
2020-01-01,2020010101005587,MBL,56,33,400,217.00,"86,800.00"
2020-01-01,2020010101005533,MBL,56,35,50,217.00,"10,850.00"
2020-01-01,2020010101005301,MBL,56,34,180,217.00,"39,060.00"
2020-01-01,2020010101005672,MDB,6,5,67,253.00,"16,951.00"
2020-01-01,2020010101005309,MEGA,29,20,59,182.00,"10,738.00"
2020-01-01,2020010101005209,MEGA,54,45,130,183.00,"23,790.00"
2020-01-01,2020010101005315,MERO,4,42,29,453.00,"13,137.00"
2020-01-01,2020010101005305,MERO,6,42,137,453.00,"62,061.00"
2020-01-01,2020010101005304,MERO,6,42,34,453.00,"15,402.00"
2020-01-01,2020010101005281,MERO,41,48,10,459.00,"4,590.00"
2020-01-01,2020010101005620,MFIL,49,58,"1,000",132.00,"132,000.00"
2020-01-01,2020010101005232,MFIL,33,1,300,132.00,"39,600.00"
2020-01-01,2020010101005598,MLBBL,43,17,14,474.00,"6,636.00"
2020-01-01,2020010101005256,MNBBL,57,34,72,273.00,"19,656.00"
2020-01-01,2020010101005652,NABIL,16,17,30,688.00,"20,640.00"
2020-01-01,2020010101005221,NABIL,16,4,20,687.00,"13,740.00"
2020-01-01,2020010101005650,NADEP,18,58,200,500.00,"100,000.00"
2020-01-01,2020010101005649,NADEP,18,6,150,498.00,"74,700.00"
2020-01-01,2020010101005648,NADEP,18,48,121,497.00,"60,137.00"
2020-01-01,2020010101005647,NADEP,18,32,20,496.00,"9,920.00"
2020-01-01,2020010101005431,NBB,38,49,114,186.00,"21,204.00"
2020-01-01,2020010101005504,NBL,38,28,"1,000",263.00,"263,000.00"
2020-01-01,2020010101005409,NCCB,55,49,30,201.00,"6,030.00"
2020-01-01,2020010101005393,NCCB,56,40,200,202.00,"40,400.00"
2020-01-01,2020010101005392,NCCB,43,40,173,202.00,"34,946.00"
2020-01-01,2020010101005401,NGPL,35,49,10,109.00,"1,090.00"
2020-01-01,2020010101005400,NGPL,35,49,10,109.00,"1,090.00"
2020-01-01,2020010101005319,NHPC,42,38,"1,000",51.00,"51,000.00"
2020-01-01,2020010101005449,NIB,58,5,15,401.00,"6,015.00"
2020-01-01,2020010101005448,NIB,58,44,35,400.00,"14,000.00"
2020-01-01,2020010101005443,NIB,58,44,188,400.00,"75,200.00"
2020-01-01,2020010101005442,NIB,58,44,35,400.00,"14,000.00"
2020-01-01,2020010101005441,NIB,58,49,12,400.00,"4,800.00"
2020-01-01,2020010101005440,NIB,58,49,65,399.00,"25,935.00"
2020-01-01,2020010101005417,NIB,57,49,100,400.00,"40,000.00"
2020-01-01,2020010101005320,NIB,42,44,35,399.00,"13,965.00"
2020-01-01,2020010101005291,NIB,19,44,10,399.00,"3,990.00"
2020-01-01,2020010101005290,NIB,42,44,262,399.00,"104,538.00"
2020-01-01,2020010101005282,NIB,42,49,65,399.00,"25,935.00"
2020-01-01,2020010101005404,NICA,43,14,200,413.00,"82,600.00"
2020-01-01,2020010101005403,NICA,43,29,758,413.00,"313,054.00"
2020-01-01,2020010101005314,NICA,58,29,200,413.00,"82,600.00"
2020-01-01,2020010101005310,NICA,26,49,30,412.00,"12,360.00"
2020-01-01,2020010101005283,NICA,48,29,32,413.00,"13,216.00"
2020-01-01,2020010101005206,NICA,56,34,"2,000",412.00,"824,000.00"
2020-01-01,2020010101005205,NICA,56,52,500,412.00,"206,000.00"
2020-01-01,2020010101005204,NICA,56,1,100,412.00,"41,200.00"
2020-01-01,2020010101005203,NICA,56,8,300,412.00,"123,600.00"
2020-01-01,2020010101005202,NICA,56,58,82,412.00,"33,784.00"
2020-01-01,2020010101005201,NICA,56,32,100,412.00,"41,200.00"
2020-01-01,2020010101005461,NICL,42,58,20,305.00,"6,100.00"
2020-01-01,2020010101005325,NICL,49,50,"1,810",304.00,"550,240.00"
2020-01-01,2020010101005257,NLBBL,44,50,90,482.00,"43,380.00"
2020-01-01,2020010101005439,NLG,25,28,11,605.00,"6,655.00"
2020-01-01,2020010101005429,NLG,25,29,39,604.00,"23,556.00"
2020-01-01,2020010101005640,NLIC,32,34,78,962.00,"75,036.00"
2020-01-01,2020010101005639,NLIC,29,34,22,962.00,"21,164.00"
2020-01-01,2020010101005638,NLIC,14,34,100,962.00,"96,200.00"
2020-01-01,2020010101005637,NLIC,28,34,100,962.00,"96,200.00"
2020-01-01,2020010101005580,NLIC,28,25,100,962.00,"96,200.00"
2020-01-01,2020010101005477,NLIC,22,40,30,964.00,"28,920.00"
2020-01-01,2020010101005313,NLIC,32,52,24,963.00,"23,112.00"
2020-01-01,2020010101005312,NLIC,16,52,10,963.00,"9,630.00"
2020-01-01,2020010101005311,NLIC,44,52,25,963.00,"24,075.00"
2020-01-01,2020010101005240,NLIC,11,39,100,964.00,"96,400.00"
2020-01-01,2020010101005239,NLIC,21,39,22,964.00,"21,208.00"
2020-01-01,2020010101005343,NLIC,29,38,94,963.00,"90,522.00"
2020-01-01,2020010101005342,NLIC,35,38,30,963.00,"28,890.00"
2020-01-01,2020010101005341,NLIC,34,38,76,963.00,"73,188.00"
2020-01-01,2020010101005334,NLIC,34,44,24,963.00,"23,112.00"
2020-01-01,2020010101005333,NLIC,45,44,100,963.00,"96,300.00"
2020-01-01,2020010101005332,NLIC,32,44,76,963.00,"73,188.00"
2020-01-01,2020010101005349,NLIC,35,17,100,962.00,"96,200.00"
2020-01-01,2020010101005348,NLIC,35,17,10,962.00,"9,620.00"
2020-01-01,2020010101005347,NLIC,48,17,50,962.00,"48,100.00"
2020-01-01,2020010101005346,NLIC,42,17,50,962.00,"48,100.00"
2020-01-01,2020010101005345,NLIC,35,17,25,963.00,"24,075.00"
2020-01-01,2020010101005344,NLIC,29,17,406,963.00,"390,978.00"
2020-01-01,2020010101005453,NLIC,28,41,50,962.00,"48,100.00"
2020-01-01,2020010101005452,NLIC,50,41,50,962.00,"48,100.00"
2020-01-01,2020010101005380,NLIC,10,17,139,962.00,"133,718.00"
2020-01-01,2020010101005352,NLIC,29,17,20,962.00,"19,240.00"
2020-01-01,2020010101005351,NLIC,34,17,100,962.00,"96,200.00"
2020-01-01,2020010101005350,NLIC,40,17,100,962.00,"96,200.00"
2020-01-01,2020010101005633,NLICL,40,49,40,486.00,"19,440.00"
2020-01-01,2020010101005200,NLICL,56,49,25,485.00,"12,125.00"
2020-01-01,2020010101005197,NLICL,56,43,419,485.00,"203,215.00"
2020-01-01,2020010101005196,NLICL,44,43,81,485.00,"39,285.00"
2020-01-01,2020010101005181,NLICL,44,43,419,485.00,"203,215.00"
2020-01-01,2020010101005180,NLICL,29,43,100,485.00,"48,500.00"
2020-01-01,2020010101005179,NLICL,44,43,300,486.00,"145,800.00"
2020-01-01,2020010101005178,NLICL,14,43,300,486.00,"145,800.00"
2020-01-01,2020010101005177,NLICL,48,43,400,487.00,"194,800.00"
2020-01-01,2020010101005176,NLICL,34,43,10,487.00,"4,870.00"
2020-01-01,2020010101005175,NLICL,39,43,10,487.00,"4,870.00"
2020-01-01,2020010101005428,NMB,50,4,100,323.00,"32,300.00"
2020-01-01,2020010101005427,NMB,1,4,50,323.00,"16,150.00"
2020-01-01,2020010101005426,NMB,8,4,185,323.00,"59,755.00"
2020-01-01,2020010101005302,NMBMF,58,37,10,575.00,"5,750.00"
2020-01-01,2020010101005606,NMFBS,51,47,50,"1,255.00","62,750.00"
2020-01-01,2020010101005589,NMFBS,25,47,50,"1,256.00","62,800.00"
2020-01-01,2020010101005588,NMFBS,25,47,100,"1,256.00","125,600.00"
2020-01-01,2020010101005425,NMFBS,25,44,15,"1,260.00","18,900.00"
2020-01-01,2020010101005424,NMFBS,25,44,15,"1,260.00","18,900.00"
2020-01-01,2020010101005423,NMFBS,25,44,15,"1,258.00","18,870.00"
2020-01-01,2020010101005306,NNLB,58,19,500,519.00,"259,500.00"
2020-01-01,2020010101005271,NNLB,48,25,81,512.00,"41,472.00"
2020-01-01,2020010101005190,NNLB,38,7,141,513.00,"72,333.00"
2020-01-01,2020010101005654,NSEWA,44,48,10,482.00,"4,820.00"
2020-01-01,2020010101005581,NSEWA,8,48,10,482.00,"4,820.00"
2020-01-01,2020010101005458,NSEWA,8,44,10,482.00,"4,820.00"
2020-01-01,2020010101005418,NUBL,50,22,450,785.00,"353,250.00"
2020-01-01,2020010101005359,NUBL,43,22,50,785.00,"39,250.00"
2020-01-01,2020010101005561,OHL,34,25,145,499.00,"72,355.00"
2020-01-01,2020010101005560,OHL,34,42,256,499.00,"127,744.00"
2020-01-01,2020010101005551,OHL,53,42,200,499.00,"99,800.00"
2020-01-01,2020010101005546,OHL,25,42,300,499.00,"149,700.00"
2020-01-01,2020010101005241,OHL,50,49,200,498.00,"99,600.00"
2020-01-01,2020010101005280,OHL,57,33,776,499.00,"387,224.00"
2020-01-01,2020010101005279,OHL,57,49,224,499.00,"111,776.00"
2020-01-01,2020010101005261,OHL,7,49,200,498.00,"99,600.00"
2020-01-01,2020010101005252,OHL,7,49,400,498.00,"199,200.00"
2020-01-01,2020010101005250,OHL,34,49,200,498.00,"99,600.00"
2020-01-01,2020010101005413,OHL,34,4,60,499.00,"29,940.00"
2020-01-01,2020010101005412,OHL,34,35,52,499.00,"25,948.00"
2020-01-01,2020010101005411,OHL,34,33,24,499.00,"11,976.00"
2020-01-01,2020010101005398,OHL,57,33,"1,000",499.00,"499,000.00"
2020-01-01,2020010101005336,OHL,56,33,100,499.00,"49,900.00"
2020-01-01,2020010101005331,OHL,53,33,200,499.00,"99,800.00"
2020-01-01,2020010101005479,OHL,42,6,194,499.00,"96,806.00"
2020-01-01,2020010101005478,OHL,42,42,206,499.00,"102,794.00"
2020-01-01,2020010101005474,OHL,45,42,200,499.00,"99,800.00"
2020-01-01,2020010101005457,OHL,46,42,30,499.00,"14,970.00"
2020-01-01,2020010101005430,OHL,53,42,200,499.00,"99,800.00"
2020-01-01,2020010101005414,OHL,34,42,364,499.00,"181,636.00"
2020-01-01,2020010101005514,OHL,34,6,200,499.00,"99,800.00"
2020-01-01,2020010101005513,OHL,56,6,500,499.00,"249,500.00"
2020-01-01,2020010101005493,OHL,21,6,50,499.00,"24,950.00"
2020-01-01,2020010101005488,OHL,56,6,50,499.00,"24,950.00"
2020-01-01,2020010101005485,OHL,39,6,100,499.00,"49,900.00"
2020-01-01,2020010101005480,OHL,59,6,400,499.00,"199,600.00"
2020-01-01,2020010101005545,OHL,35,42,244,499.00,"121,756.00"
2020-01-01,2020010101005544,OHL,35,42,106,499.00,"52,894.00"
2020-01-01,2020010101005541,OHL,25,42,894,499.00,"446,106.00"
2020-01-01,2020010101005540,OHL,25,6,106,499.00,"52,894.00"
2020-01-01,2020010101005529,OHL,56,6,600,499.00,"299,400.00"
2020-01-01,2020010101005517,OHL,25,6,200,499.00,"99,800.00"
2020-01-01,2020010101005502,PIC,37,1,100,409.00,"40,900.00"
2020-01-01,2020010101005185,PIC,1,56,109,408.00,"44,472.00"
2020-01-01,2020010101005646,PICL,11,25,59,437.00,"25,783.00"
2020-01-01,2020010101005507,PLIC,52,58,24,370.00,"8,880.00"
2020-01-01,2020010101005356,PLIC,52,4,21,370.00,"7,770.00"
2020-01-01,2020010101005208,PLIC,46,38,500,370.00,"185,000.00"
2020-01-01,2020010101005207,PLIC,46,58,100,370.00,"37,000.00"
2020-01-01,2020010101005674,PMHPL,44,48,10,85.00,850.00
2020-01-01,2020010101005586,PMHPL,44,48,10,85.00,850.00
2020-01-01,2020010101005365,PMHPL,44,48,10,85.00,850.00
2020-01-01,2020010101005268,PPCL,6,57,100,110.00,"11,000.00"
2020-01-01,2020010101005186,PPCL,6,6,"5,000",109.00,"545,000.00"
2020-01-01,2020010101005468,PRIN,44,54,100,333.00,"33,300.00"
2020-01-01,2020010101005467,PRIN,44,41,50,333.00,"16,650.00"
2020-01-01,2020010101005596,PRVU,1,20,277,223.00,"61,771.00"
2020-01-01,2020010101005595,PRVU,47,20,825,223.00,"183,975.00"
2020-01-01,2020010101005219,PRVU,16,57,500,224.00,"112,000.00"
2020-01-01,2020010101005218,PRVU,42,57,100,224.00,"22,400.00"
2020-01-01,2020010101005217,PRVU,1,57,200,224.00,"44,800.00"
2020-01-01,2020010101005216,PRVU,42,57,10,224.00,"2,240.00"
2020-01-01,2020010101005215,PRVU,16,57,405,224.00,"90,720.00"
2020-01-01,2020010101005321,PRVU,47,20,135,223.00,"30,105.00"
2020-01-01,2020010101005651,RHPL,29,21,40,168.00,"6,720.00"
2020-01-01,2020010101005623,RHPL,28,36,30,170.00,"5,100.00"
2020-01-01,2020010101005622,RHPL,28,44,40,169.00,"6,760.00"
2020-01-01,2020010101005611,RHPL,29,49,10,168.00,"1,680.00"
2020-01-01,2020010101005609,RHPL,29,21,40,168.00,"6,720.00"
2020-01-01,2020010101005594,RHPL,29,48,40,168.00,"6,720.00"
2020-01-01,2020010101005225,RHPL,51,44,20,169.00,"3,380.00"
2020-01-01,2020010101005187,RHPL,59,44,40,169.00,"6,760.00"
2020-01-01,2020010101005386,RHPL,45,48,40,169.00,"6,760.00"
2020-01-01,2020010101005353,RHPL,45,21,50,169.00,"8,450.00"
2020-01-01,2020010101005307,RHPL,45,39,10,169.00,"1,690.00"
2020-01-01,2020010101005295,RHPL,45,49,10,169.00,"1,690.00"
2020-01-01,2020010101005289,RHPL,45,43,10,169.00,"1,690.00"
2020-01-01,2020010101005226,RHPL,45,44,20,169.00,"3,380.00"
2020-01-01,2020010101005565,RHPL,29,21,40,168.00,"6,720.00"
2020-01-01,2020010101005531,RHPL,29,21,50,168.00,"8,400.00"
2020-01-01,2020010101005510,RHPL,29,49,20,168.00,"3,360.00"
2020-01-01,2020010101005490,RHPL,29,21,30,168.00,"5,040.00"
2020-01-01,2020010101005489,RHPL,45,21,10,169.00,"1,690.00"
2020-01-01,2020010101005445,RHPL,45,21,50,169.00,"8,450.00"
2020-01-01,2020010101005553,RMDC,5,44,10,542.00,"5,420.00"
2020-01-01,2020010101005552,RMDC,5,32,64,541.00,"34,624.00"
2020-01-01,2020010101005438,RMDC,5,34,34,540.00,"18,360.00"
2020-01-01,2020010101005437,RMDC,5,13,60,539.00,"32,340.00"
2020-01-01,2020010101005436,RMDC,5,26,70,535.00,"37,450.00"
2020-01-01,2020010101005358,RMDC,37,26,100,535.00,"53,500.00"
2020-01-01,2020010101005249,RMDC,58,21,500,534.00,"267,000.00"
2020-01-01,2020010101005492,RRHP,47,44,10,96.00,960.00
2020-01-01,2020010101005258,RRHP,47,47,120,96.00,"11,520.00"
2020-01-01,2020010101005223,RRHP,47,47,100,96.00,"9,600.00"
2020-01-01,2020010101005475,RSDC,11,49,100,321.00,"32,100.00"
2020-01-01,2020010101005460,RSDC,39,50,50,324.00,"16,200.00"
2020-01-01,2020010101005459,RSDC,39,44,63,323.00,"20,349.00"
2020-01-01,2020010101005536,SABSL,42,50,20,557.00,"11,140.00"
2020-01-01,2020010101005408,SABSL,38,50,17,557.00,"9,469.00"
2020-01-01,2020010101005407,SABSL,38,7,100,555.00,"55,500.00"
2020-01-01,2020010101005406,SABSL,38,41,40,555.00,"22,200.00"
2020-01-01,2020010101005405,SABSL,38,45,80,555.00,"44,400.00"
2020-01-01,2020010101005512,SADBL,7,17,25,137.00,"3,425.00"
2020-01-01,2020010101005328,SADBL,7,38,475,137.00,"65,075.00"
2020-01-01,2020010101005613,SAPDBL,4,51,39,127.00,"4,953.00"
2020-01-01,2020010101005612,SAPDBL,4,17,61,126.00,"7,686.00"
2020-01-01,2020010101005456,SBI,56,40,300,355.00,"106,500.00"
2020-01-01,2020010101005481,SBL,50,44,"1,000",282.00,"282,000.00"
2020-01-01,2020010101005530,SCB,7,44,20,532.00,"10,640.00"
2020-01-01,2020010101005673,SDESI,45,45,100,588.00,"58,800.00"
2020-01-01,2020010101005503,SDESI,29,28,200,585.00,"117,000.00"
2020-01-01,2020010101005397,SHINE,57,50,200,235.00,"47,000.00"
2020-01-01,2020010101005262,SHINE,34,7,181,234.00,"42,354.00"
2020-01-01,2020010101005671,SHIVM,35,37,380,465.00,"176,700.00"
2020-01-01,2020010101005670,SHIVM,7,37,900,465.00,"418,500.00"
2020-01-01,2020010101005669,SHIVM,38,37,100,466.00,"46,600.00"
2020-01-01,2020010101005446,SHIVM,32,38,100,466.00,"46,600.00"
2020-01-01,2020010101005435,SHIVM,7,38,100,465.00,"46,500.00"
2020-01-01,2020010101005354,SHIVM,21,38,400,466.00,"186,400.00"
2020-01-01,2020010101005183,SHIVM,46,39,50,468.00,"23,400.00"
2020-01-01,2020010101005182,SHIVM,32,39,100,468.00,"46,800.00"
2020-01-01,2020010101005287,SHIVM,21,17,100,466.00,"46,600.00"
2020-01-01,2020010101005286,SHIVM,26,17,50,466.00,"23,300.00"
2020-01-01,2020010101005285,SHIVM,22,17,350,466.00,"163,100.00"
2020-01-01,2020010101005270,SHIVM,35,37,620,467.00,"289,540.00"
2020-01-01,2020010101005267,SHIVM,33,42,100,468.00,"46,800.00"
2020-01-01,2020010101005189,SHIVM,46,42,50,468.00,"23,400.00"
2020-01-01,2020010101005224,SICL,53,49,20,856.00,"17,120.00"
2020-01-01,2020010101005355,SIL,25,51,20,417.00,"8,340.00"
2020-01-01,2020010101005593,SINDU,48,42,50,118.00,"5,900.00"
2020-01-01,2020010101005616,SJCL,35,21,20,156.00,"3,120.00"
2020-01-01,2020010101005604,SJCL,35,48,20,156.00,"3,120.00"
2020-01-01,2020010101005576,SJCL,35,21,20,156.00,"3,120.00"
2020-01-01,2020010101005535,SJCL,35,21,20,156.00,"3,120.00"
2020-01-01,2020010101005501,SJCL,35,21,20,156.00,"3,120.00"
2020-01-01,2020010101005500,SJCL,35,44,20,156.00,"3,120.00"
2020-01-01,2020010101005184,SJCL,35,16,10,155.00,"1,550.00"
2020-01-01,2020010101005473,SJCL,35,48,20,156.00,"3,120.00"
2020-01-01,2020010101005472,SJCL,35,44,20,156.00,"3,120.00"
2020-01-01,2020010101005471,SJCL,35,49,10,156.00,"1,560.00"
2020-01-01,2020010101005470,SJCL,35,44,20,156.00,"3,120.00"
2020-01-01,2020010101005450,SJCL,35,21,20,155.00,"3,100.00"
2020-01-01,2020010101005375,SJCL,35,21,10,155.00,"1,550.00"
2020-01-01,2020010101005416,SKBBL,58,42,20,824.00,"16,480.00"
2020-01-01,2020010101005415,SKBBL,58,55,30,820.00,"24,600.00"
2020-01-01,2020010101005379,SKBBL,51,55,50,820.00,"41,000.00"
2020-01-01,2020010101005378,SKBBL,57,55,20,820.00,"16,400.00"
2020-01-01,2020010101005644,SLBBL,53,49,500,560.00,"280,000.00"
2020-01-01,2020010101005610,SLBSL,42,48,10,602.00,"6,020.00"
2020-01-01,2020010101005630,SLICL,50,40,380,307.00,"116,660.00"
2020-01-01,2020010101005585,SLICL,17,38,"1,000",306.00,"306,000.00"
2020-01-01,2020010101005584,SLICL,56,38,250,306.00,"76,500.00"
2020-01-01,2020010101005542,SLICL,25,40,60,307.00,"18,420.00"
2020-01-01,2020010101005528,SLICL,47,40,160,307.00,"49,120.00"
2020-01-01,2020010101005300,SLICL,56,37,250,306.00,"76,500.00"
2020-01-01,2020010101005299,SLICL,48,37,200,306.00,"61,200.00"
2020-01-01,2020010101005298,SLICL,49,37,"2,000",306.00,"612,000.00"
2020-01-01,2020010101005297,SLICL,46,37,50,307.00,"15,350.00"
2020-01-01,2020010101005265,SLICL,46,38,250,307.00,"76,750.00"
2020-01-01,2020010101005264,SLICL,57,38,100,307.00,"30,700.00"
2020-01-01,2020010101005263,SLICL,38,38,50,307.00,"15,350.00"
2020-01-01,2020010101005583,SMATA,39,18,100,525.00,"52,500.00"
2020-01-01,2020010101005582,SMATA,50,18,210,526.00,"110,460.00"
2020-01-01,2020010101005579,SPDL,45,45,50,91.00,"4,550.00"
2020-01-01,2020010101005655,SRBL,34,20,56,215.00,"12,040.00"
2020-01-01,2020010101005645,SRBL,34,36,500,216.00,"108,000.00"
2020-01-01,2020010101005615,SRBL,34,20,562,215.00,"120,830.00"
2020-01-01,2020010101005194,SRBL,50,34,100,217.00,"21,700.00"
2020-01-01,2020010101005193,SRBL,50,38,160,217.00,"34,720.00"
2020-01-01,2020010101005317,STC,52,8,80,"1,997.00","159,760.00"
2020-01-01,2020010101005532,SWBBL,51,56,100,860.00,"86,000.00"
2020-01-01,2020010101005391,SWBBL,51,56,50,860.00,"43,000.00"
2020-01-01,2020010101005433,TRH,39,49,"2,242",298.00,"668,116.00"
2020-01-01,2020010101005284,TRH,1,49,200,298.00,"59,600.00"
2020-01-01,2020010101005276,TRH,45,49,510,298.00,"151,980.00"
2020-01-01,2020010101005231,TRH,5,49,500,298.00,"149,000.00"
2020-01-01,2020010101005230,TRH,34,49,500,298.00,"149,000.00"
2020-01-01,2020010101005229,TRH,45,49,250,298.00,"74,500.00"
2020-01-01,2020010101005228,TRH,42,49,300,298.00,"89,400.00"
2020-01-01,2020010101005227,TRH,45,49,40,298.00,"11,920.00"
2020-01-01,2020010101005366,UMHL,29,59,110,101.00,"11,110.00"
2020-01-01,2020010101005390,UNHPL,54,21,30,53.00,"1,590.00"
2020-01-01,2020010101005636,UPPER,33,21,50,236.00,"11,800.00"
2020-01-01,2020010101005629,UPPER,33,20,40,236.00,"9,440.00"
2020-01-01,2020010101005597,UPPER,33,21,50,236.00,"11,800.00"
2020-01-01,2020010101005419,UPPER,33,21,60,236.00,"14,160.00"
2020-01-01,2020010101005389,UPPER,33,20,50,236.00,"11,800.00"
2020-01-01,2020010101005381,UPPER,33,47,50,236.00,"11,800.00"
2020-01-01,2020010101005316,UPPER,33,21,60,236.00,"14,160.00"
2020-01-01,2020010101005288,UPPER,33,40,600,236.00,"141,600.00"
2020-01-01,2020010101005522,UPPER,33,44,40,236.00,"9,440.00"
2020-01-01,2020010101005518,UPPER,33,21,50,236.00,"11,800.00"
2020-01-01,2020010101005484,UPPER,25,32,13,238.00,"3,094.00"
2020-01-01,2020010101005483,UPPER,25,32,25,237.00,"5,925.00"
2020-01-01,2020010101005482,UPPER,25,54,180,237.00,"42,660.00"
2020-01-01,2020010101005469,UPPER,33,21,50,236.00,"11,800.00"
2020-01-01,2020010101005021,ADBL,28,50,100,360.00,"36,000.00"
2020-01-01,2020010101004982,ADBL,52,50,100,360.00,"36,000.00"
2020-01-01,2020010101004918,ADBL,38,29,55,359.00,"19,745.00"
2020-01-01,2020010101004917,ADBL,54,29,200,359.00,"71,800.00"
2020-01-01,2020010101004916,ADBL,11,29,100,359.00,"35,900.00"
2020-01-01,2020010101004915,ADBL,6,29,50,359.00,"17,950.00"
2020-01-01,2020010101004706,ADBL,6,21,20,359.00,"7,180.00"
2020-01-01,2020010101004737,AHPC,44,38,30,93.00,"2,790.00"
2020-01-01,2020010101004884,AKJCL,37,16,10,57.00,570.00
2020-01-01,2020010101005103,AKPL,1,48,"1,500",112.00,"168,000.00"
2020-01-01,2020010101005102,AKPL,43,48,590,112.00,"66,080.00"
2020-01-01,2020010101005061,AKPL,43,44,13,112.00,"1,456.00"
2020-01-01,2020010101004833,AKPL,43,25,37,112.00,"4,144.00"
2020-01-01,2020010101005078,ALBSL,16,44,10,500.00,"5,000.00"
2020-01-01,2020010101004893,ALBSL,16,59,10,500.00,"5,000.00"
2020-01-01,2020010101004880,ALBSL,58,5,10,510.00,"5,100.00"
2020-01-01,2020010101004725,ALBSL,58,39,100,490.00,"49,000.00"
2020-01-01,2020010101004724,ALBSL,58,44,10,489.00,"4,890.00"
2020-01-01,2020010101004756,ALBSL,58,45,110,494.00,"54,340.00"
2020-01-01,2020010101004755,ALBSL,58,56,60,493.00,"29,580.00"
2020-01-01,2020010101004754,ALBSL,58,16,120,493.00,"59,160.00"
2020-01-01,2020010101004753,ALBSL,58,32,40,492.00,"19,680.00"
2020-01-01,2020010101004727,ALBSL,58,14,300,491.00,"147,300.00"
2020-01-01,2020010101004726,ALBSL,58,40,72,491.00,"35,352.00"
2020-01-01,2020010101004770,ALBSL,18,47,10,499.00,"4,990.00"
2020-01-01,2020010101004769,ALBSL,18,58,500,499.00,"249,500.00"
2020-01-01,2020010101004768,ALBSL,18,16,50,498.00,"24,900.00"
2020-01-01,2020010101004766,ALBSL,58,36,10,496.00,"4,960.00"
2020-01-01,2020010101004758,ALBSL,58,39,70,496.00,"34,720.00"
2020-01-01,2020010101004757,ALBSL,58,18,90,496.00,"44,640.00"
2020-01-01,2020010101004879,ALBSL,58,44,10,509.00,"5,090.00"
2020-01-01,2020010101004878,ALBSL,58,41,16,500.00,"8,000.00"
2020-01-01,2020010101004832,ALBSL,18,41,16,500.00,"8,000.00"
2020-01-01,2020010101004772,ALBSL,18,1,20,500.00,"10,000.00"
2020-01-01,2020010101004771,ALBSL,18,34,104,499.00,"51,896.00"
2020-01-01,2020010101005034,ALICL,25,34,50,379.00,"18,950.00"
2020-01-01,2020010101004921,ALICL,25,41,40,379.00,"15,160.00"
2020-01-01,2020010101004920,ALICL,14,41,261,379.00,"98,919.00"
2020-01-01,2020010101004919,ALICL,57,41,940,380.00,"357,200.00"
2020-01-01,2020010101004859,ALICL,57,38,60,380.00,"22,800.00"
2020-01-01,2020010101005141,API,25,38,10,110.00,"1,100.00"
2020-01-01,2020010101005140,API,25,34,250,109.00,"27,250.00"
2020-01-01,2020010101005139,API,25,49,29,109.00,"3,161.00"
2020-01-01,2020010101005138,API,25,40,200,108.00,"21,600.00"
2020-01-01,2020010101005137,API,25,51,100,108.00,"10,800.00"
2020-01-01,2020010101005128,API,25,51,100,108.00,"10,800.00"
2020-01-01,2020010101004691,CBBL,17,13,360,800.00,"288,000.00"
2020-01-01,2020010101004690,CBBL,17,45,90,800.00,"72,000.00"
2020-01-01,2020010101004689,CBBL,17,34,50,796.00,"39,800.00"
2020-01-01,2020010101005024,CBL,42,20,73,135.00,"9,855.00"
2020-01-01,2020010101005171,CCBL,35,58,50,164.00,"8,200.00"
2020-01-01,2020010101005170,CCBL,35,54,39,164.00,"6,396.00"
2020-01-01,2020010101004947,CCBL,47,1,500,163.00,"81,500.00"
2020-01-01,2020010101004750,CCBL,47,41,100,163.00,"16,300.00"
2020-01-01,2020010101004883,CFCL,14,43,10,116.00,"1,160.00"
2020-01-01,2020010101005044,CHCL,40,10,49,359.00,"17,591.00"
2020-01-01,2020010101005043,CHCL,40,35,100,359.00,"35,900.00"
2020-01-01,2020010101005042,CHCL,40,11,73,358.00,"26,134.00"
2020-01-01,2020010101004731,CHL,59,41,56,87.00,"4,872.00"
2020-01-01,2020010101005107,CIT,17,17,50,"2,100.00","105,000.00"
2020-01-01,2020010101005106,CIT,17,33,20,"2,100.00","42,000.00"
2020-01-01,2020010101005105,CIT,17,40,49,"2,100.00","102,900.00"
2020-01-01,2020010101005104,CIT,17,47,15,"2,100.00","31,500.00"
2020-01-01,2020010101005069,CIT,38,7,100,"2,099.00","209,900.00"
2020-01-01,2020010101005015,CIT,16,39,100,"2,100.00","210,000.00"
2020-01-01,2020010101005004,CIT,16,51,25,"2,099.00","52,475.00"
2020-01-01,2020010101004748,CIT,40,54,100,"2,095.00","209,500.00"
2020-01-01,2020010101005083,CZBIL,11,17,28,182.00,"5,096.00"
2020-01-01,2020010101005082,CZBIL,11,21,372,182.00,"67,704.00"
2020-01-01,2020010101004895,DBBL,4,17,30,137.00,"4,110.00"
2020-01-01,2020010101004894,DBBL,4,17,970,137.00,"132,890.00"
2020-01-01,2020010101004991,DDBL,26,20,20,888.00,"17,760.00"
2020-01-01,2020010101004990,DDBL,26,43,40,887.00,"35,480.00"
2020-01-01,2020010101004989,DDBL,26,43,40,887.00,"35,480.00"
2020-01-01,2020010101004752,DDBL,39,34,100,889.00,"88,900.00"
2020-01-01,2020010101004703,DDBL,58,22,115,890.00,"102,350.00"
2020-01-01,2020010101004702,DDBL,58,36,140,887.00,"124,180.00"
2020-01-01,2020010101004701,DDBL,58,26,10,886.00,"8,860.00"
2020-01-01,2020010101004700,DDBL,58,57,200,885.00,"177,000.00"
2020-01-01,2020010101004699,DDBL,58,32,100,885.00,"88,500.00"
2020-01-01,2020010101004698,DDBL,58,25,85,884.00,"75,140.00"
2020-01-01,2020010101004697,DDBL,58,19,300,882.00,"264,600.00"
2020-01-01,2020010101004696,DDBL,58,6,50,882.00,"44,100.00"
2020-01-01,2020010101005057,EIC,44,33,485,265.00,"128,525.00"
2020-01-01,2020010101005056,EIC,39,33,200,265.00,"53,000.00"
2020-01-01,2020010101005055,EIC,39,33,300,265.00,"79,500.00"
2020-01-01,2020010101005054,EIC,34,33,10,265.00,"2,650.00"
2020-01-01,2020010101005053,EIC,56,33,400,265.00,"106,000.00"
2020-01-01,2020010101005052,EIC,19,33,20,266.00,"5,320.00"
2020-01-01,2020010101005045,EIC,49,33,210,268.00,"56,280.00"
2020-01-01,2020010101005051,EIC,50,33,600,266.00,"159,600.00"
2020-01-01,2020010101005050,EIC,39,33,200,266.00,"53,200.00"
2020-01-01,2020010101005049,EIC,34,33,200,267.00,"53,400.00"
2020-01-01,2020010101005048,EIC,17,33,96,268.00,"25,728.00"
2020-01-01,2020010101005047,EIC,39,33,100,268.00,"26,800.00"
2020-01-01,2020010101005046,EIC,39,33,100,268.00,"26,800.00"
2020-01-01,2020010101004675,FMDBL,56,1,50,324.00,"16,200.00"
2020-01-01,2020010101005147,FOWAD,41,45,72,"1,090.00","78,480.00"
2020-01-01,2020010101005146,FOWAD,41,45,100,"1,089.00","108,900.00"
2020-01-01,2020010101005145,FOWAD,41,28,15,"1,085.00","16,275.00"
2020-01-01,2020010101005144,FOWAD,41,43,19,"1,084.00","20,596.00"
2020-01-01,2020010101005143,FOWAD,41,21,19,"1,083.00","20,577.00"
2020-01-01,2020010101004827,FOWAD,58,57,350,"1,079.00","377,650.00"
2020-01-01,2020010101004798,GBBL,36,14,404,203.00,"82,012.00"
2020-01-01,2020010101004797,GBBL,49,14,200,203.00,"40,600.00"
2020-01-01,2020010101005115,GBLBS,50,13,500,321.00,"160,500.00"
2020-01-01,2020010101005114,GBLBS,50,8,500,321.00,"160,500.00"
2020-01-01,2020010101005113,GBLBS,50,37,55,321.00,"17,655.00"
2020-01-01,2020010101005112,GBLBS,50,13,"1,000",320.00,"320,000.00"
2020-01-01,2020010101005111,GBLBS,50,19,90,320.00,"28,800.00"
2020-01-01,2020010101005110,GBLBS,50,11,15,320.00,"4,800.00"
2020-01-01,2020010101004715,GBLBS,53,44,15,318.00,"4,770.00"
2020-01-01,2020010101005109,GBLBS,50,22,200,319.00,"63,800.00"
2020-01-01,2020010101005065,GBLBS,46,10,15,319.00,"4,785.00"
2020-01-01,2020010101005064,GBLBS,46,10,15,319.00,"4,785.00"
2020-01-01,2020010101005063,GBLBS,46,10,15,319.00,"4,785.00"
2020-01-01,2020010101005062,GBLBS,46,10,15,319.00,"4,785.00"
2020-01-01,2020010101004767,GBLBS,53,49,10,318.00,"3,180.00"
2020-01-01,2020010101004780,GGBSL,13,11,190,596.00,"113,240.00"
2020-01-01,2020010101004779,GGBSL,42,11,190,596.00,"113,240.00"
2020-01-01,2020010101004751,GGBSL,42,51,10,596.00,"5,960.00"
2020-01-01,2020010101004814,GIMES1,48,35,"1,000",7.00,"7,000.00"
2020-01-01,2020010101004831,GLBSL,44,54,30,452.00,"13,560.00"
2020-01-01,2020010101004830,GLBSL,44,10,10,452.00,"4,520.00"
2020-01-01,2020010101005060,GLICL,21,50,100,464.00,"46,400.00"
2020-01-01,2020010101004971,GLICL,14,58,288,461.00,"132,768.00"
2020-01-01,2020010101004970,GLICL,50,58,166,461.00,"76,526.00"
2020-01-01,2020010101004969,GLICL,28,58,200,462.00,"92,400.00"
2020-01-01,2020010101004968,GLICL,32,58,200,462.00,"92,400.00"
2020-01-01,2020010101005101,GMFBS,16,28,150,579.00,"86,850.00"
2020-01-01,2020010101005100,GMFBS,16,28,100,578.00,"57,800.00"
2020-01-01,2020010101005099,GMFBS,16,17,10,577.00,"5,770.00"
2020-01-01,2020010101004961,GMFBS,32,44,10,575.00,"5,750.00"
2020-01-01,2020010101004783,GMFBS,32,49,10,572.00,"5,720.00"
2020-01-01,2020010101004785,GRDBL,25,44,210,103.00,"21,630.00"
2020-01-01,2020010101005081,HDL,29,38,200,"1,229.00","245,800.00"
2020-01-01,2020010101005080,HDL,29,13,210,"1,228.00","257,880.00"
2020-01-01,2020010101005133,HIDCL,41,51,850,146.00,"124,100.00"
2020-01-01,2020010101005132,HIDCL,25,51,120,146.00,"17,520.00"
2020-01-01,2020010101005131,HIDCL,39,51,500,146.00,"73,000.00"
2020-01-01,2020010101005130,HIDCL,57,51,120,146.00,"17,520.00"
2020-01-01,2020010101005108,HIDCL,57,16,30,146.00,"4,380.00"
2020-01-01,2020010101005097,HIDCL,21,21,34,147.00,"4,998.00"
2020-01-01,2020010101004806,HIDCL,1,51,500,146.00,"73,000.00"
2020-01-01,2020010101004803,HIDCL,1,51,"1,397",146.00,"203,962.00"
2020-01-01,2020010101004802,HIDCL,1,45,103,146.00,"15,038.00"
2020-01-01,2020010101004732,HIDCL,49,56,200,146.00,"29,200.00"
2020-01-01,2020010101004721,HIDCL,49,39,972,146.00,"141,912.00"
2020-01-01,2020010101004981,HIDCL,57,57,61,146.00,"8,906.00"
2020-01-01,2020010101004959,HIDCL,57,57,61,146.00,"8,906.00"
2020-01-01,2020010101004952,HIDCL,57,46,"1,000",146.00,"146,000.00"
2020-01-01,2020010101004951,HIDCL,57,45,33,146.00,"4,818.00"
2020-01-01,2020010101004950,HIDCL,57,45,31,146.00,"4,526.00"
2020-01-01,2020010101004949,HIDCL,57,51,103,146.00,"15,038.00"
2020-01-01,2020010101005096,HIDCL,21,26,13,147.00,"1,911.00"
2020-01-01,2020010101005095,HIDCL,21,21,61,147.00,"8,967.00"
2020-01-01,2020010101005094,HIDCL,21,26,31,147.00,"4,557.00"
2020-01-01,2020010101005093,HIDCL,21,21,61,147.00,"8,967.00"
2020-01-01,2020010101005013,HIDCL,57,39,500,146.00,"73,000.00"
2020-01-01,2020010101005002,HIDCL,57,57,61,146.00,"8,906.00"
2020-01-01,2020010101005169,HPPL,51,33,10,142.00,"1,420.00"
2020-01-01,2020010101005092,HPPL,52,16,10,140.00,"1,400.00"
2020-01-01,2020010101005091,HPPL,52,35,10,140.00,"1,400.00"
2020-01-01,2020010101005090,HPPL,52,36,10,140.00,"1,400.00"
2020-01-01,2020010101004930,HURJA,8,16,20,102.00,"2,040.00"
2020-01-01,2020010101004998,ILBS,55,4,10,550.00,"5,500.00"
2020-01-01,2020010101004997,ILBS,55,6,10,550.00,"5,500.00"
2020-01-01,2020010101004996,ILBS,55,6,10,550.00,"5,500.00"
2020-01-01,2020010101004995,ILBS,55,49,10,550.00,"5,500.00"
2020-01-01,2020010101004994,ILBS,55,29,10,548.00,"5,480.00"
2020-01-01,2020010101004993,ILBS,55,44,10,545.00,"5,450.00"
2020-01-01,2020010101004840,ILBS,57,47,105,543.00,"57,015.00"
2020-01-01,2020010101004738,ILBS,57,39,10,543.00,"5,430.00"
2020-01-01,2020010101004957,JBBL,57,17,150,152.00,"22,800.00"
2020-01-01,2020010101005161,JOSHI,57,17,10,60.00,600.00
2020-01-01,2020010101005148,JOSHI,57,16,20,60.00,"1,200.00"
2020-01-01,2020010101004796,KBL,58,52,68,177.00,"12,036.00"
2020-01-01,2020010101004795,KBL,39,52,80,177.00,"14,160.00"
2020-01-01,2020010101004794,KBL,8,52,200,177.00,"35,400.00"
2020-01-01,2020010101004793,KBL,41,52,250,177.00,"44,250.00"
2020-01-01,2020010101004792,KBL,20,52,30,177.00,"5,310.00"
2020-01-01,2020010101004791,KBL,5,52,372,177.00,"65,844.00"
2020-01-01,2020010101004948,KPCL,33,16,10,82.00,820.00
2020-01-01,2020010101005129,LBBL,46,13,500,194.00,"97,000.00"
2020-01-01,2020010101004759,LBBL,43,13,50,194.00,"9,700.00"
2020-01-01,2020010101004717,LBBL,47,20,338,193.00,"65,234.00"
2020-01-01,2020010101004716,LBBL,28,20,563,193.00,"108,659.00"
2020-01-01,2020010101005038,MBL,22,34,70,217.00,"15,190.00"
2020-01-01,2020010101004906,MBL,42,57,84,218.00,"18,312.00"
2020-01-01,2020010101004905,MBL,42,28,321,218.00,"69,978.00"
2020-01-01,2020010101004887,MBL,22,22,30,217.00,"6,510.00"
2020-01-01,2020010101004886,MBL,16,22,75,217.00,"16,275.00"
2020-01-01,2020010101004835,MBL,16,34,50,217.00,"10,850.00"
2020-01-01,2020010101004834,MBL,11,34,200,217.00,"43,400.00"
2020-01-01,2020010101004709,MBL,6,13,297,217.00,"64,449.00"
2020-01-01,2020010101004708,MBL,59,13,99,217.00,"21,483.00"
2020-01-01,2020010101005016,MDB,40,40,8,250.00,"2,000.00"
2020-01-01,2020010101005059,MEGA,25,45,200,183.00,"36,600.00"
2020-01-01,2020010101004965,MEGA,10,45,17,183.00,"3,111.00"
2020-01-01,2020010101004964,MEGA,10,44,83,183.00,"15,189.00"
2020-01-01,2020010101004956,MEGA,49,21,45,183.00,"8,235.00"
2020-01-01,2020010101004839,MEGA,29,20,203,182.00,"36,946.00"
2020-01-01,2020010101004931,MERO,29,46,500,455.00,"227,500.00"
2020-01-01,2020010101004799,MERO,6,36,425,453.00,"192,525.00"
2020-01-01,2020010101005037,MFIL,29,1,200,132.00,"26,400.00"
2020-01-01,2020010101004896,MFIL,29,42,50,132.00,"6,600.00"
2020-01-01,2020010101004967,MHNL,50,16,30,84.00,"2,520.00"
2020-01-01,2020010101004877,MNBBL,55,51,50,274.00,"13,700.00"
2020-01-01,2020010101004876,MNBBL,57,51,150,274.00,"41,100.00"
2020-01-01,2020010101004875,MNBBL,26,51,100,274.00,"27,400.00"
2020-01-01,2020010101004874,MNBBL,42,51,50,274.00,"13,700.00"
2020-01-01,2020010101004873,MNBBL,16,51,63,274.00,"17,262.00"
2020-01-01,2020010101005142,MSMBS,55,40,50,557.00,"27,850.00"
2020-01-01,2020010101004871,MSMBS,1,17,56,556.00,"31,136.00"
2020-01-01,2020010101004695,MSMBS,55,4,22,550.00,"12,100.00"
2020-01-01,2020010101005118,NABIL,51,28,20,689.00,"13,780.00"
2020-01-01,2020010101005117,NABIL,51,42,20,688.00,"13,760.00"
2020-01-01,2020010101004881,NABIL,3,28,50,689.00,"34,450.00"
2020-01-01,2020010101004684,NABIL,4,49,100,685.00,"68,500.00"
2020-01-01,2020010101004683,NABIL,4,35,480,685.00,"328,800.00"
2020-01-01,2020010101004682,NABIL,4,19,50,685.00,"34,250.00"
2020-01-01,2020010101004681,NABIL,4,49,"1,100",685.00,"753,500.00"
2020-01-01,2020010101004680,NABIL,4,53,500,684.00,"342,000.00"
2020-01-01,2020010101004679,NABIL,4,13,50,684.00,"34,200.00"
2020-01-01,2020010101004891,NADEP,52,48,200,498.00,"99,600.00"
2020-01-01,2020010101004723,NADEP,57,6,200,508.00,"101,600.00"
2020-01-01,2020010101004722,NADEP,57,56,10,507.00,"5,070.00"
2020-01-01,2020010101004686,NADEP,58,19,20,509.00,"10,180.00"
2020-01-01,2020010101004890,NBB,43,6,258,187.00,"48,246.00"
2020-01-01,2020010101004889,NBB,43,39,142,187.00,"26,554.00"
2020-01-01,2020010101004888,NBB,43,47,100,187.00,"18,700.00"
2020-01-01,2020010101005159,NBL,32,28,140,264.00,"36,960.00"
2020-01-01,2020010101005158,NBL,32,25,925,264.00,"244,200.00"
2020-01-01,2020010101005157,NBL,32,38,"1,000",264.00,"264,000.00"
2020-01-01,2020010101005156,NBL,32,34,"1,000",264.00,"264,000.00"
2020-01-01,2020010101005155,NBL,32,54,500,264.00,"132,000.00"
2020-01-01,2020010101005154,NBL,32,45,"1,000",264.00,"264,000.00"
2020-01-01,2020010101005153,NBL,32,19,"1,435",264.00,"378,840.00"
2020-01-01,2020010101004963,NBL,51,19,15,264.00,"3,960.00"
2020-01-01,2020010101004860,NCCB,55,20,29,201.00,"5,829.00"
2020-01-01,2020010101004711,NCCB,32,7,776,202.00,"156,752.00"
2020-01-01,2020010101005020,NGPL,16,42,11,110.00,"1,210.00"
2020-01-01,2020010101005019,NGPL,16,49,106,110.00,"11,660.00"
2020-01-01,2020010101005018,NGPL,16,25,63,110.00,"6,930.00"
2020-01-01,2020010101005017,NGPL,16,46,25,110.00,"2,750.00"
2020-01-01,2020010101004807,NHDL,37,36,10,112.00,"1,120.00"
2020-01-01,2020010101005163,NIB,49,49,18,400.00,"7,200.00"
2020-01-01,2020010101004911,NIB,49,44,35,400.00,"14,000.00"
2020-01-01,2020010101004910,NIB,49,44,35,400.00,"14,000.00"
2020-01-01,2020010101004909,NIB,49,44,12,400.00,"4,800.00"
2020-01-01,2020010101004908,NIB,45,44,23,400.00,"9,200.00"
2020-01-01,2020010101004805,NIB,45,42,27,400.00,"10,800.00"
2020-01-01,2020010101004789,NICA,49,21,12,411.00,"4,932.00"
2020-01-01,2020010101005135,NICGF,34,22,500,8.72,"4,360.00"
2020-01-01,2020010101004777,NICL,37,58,150,305.00,"45,750.00"
2020-01-01,2020010101005066,NLBBL,42,50,10,482.00,"4,820.00"
2020-01-01,2020010101004842,NLBBL,6,35,200,483.00,"96,600.00"
2020-01-01,2020010101004787,NLBBL,42,25,10,482.00,"4,820.00"
2020-01-01,2020010101005039,NLG,41,29,200,604.00,"120,800.00"
2020-01-01,2020010101005152,NLIC,28,52,91,965.00,"87,815.00"
2020-01-01,2020010101005151,NLIC,28,17,65,965.00,"62,725.00"
2020-01-01,2020010101005150,NLIC,28,45,22,965.00,"21,230.00"
2020-01-01,2020010101005149,NLIC,28,45,22,965.00,"21,230.00"
2020-01-01,2020010101005116,NLIC,58,17,10,965.00,"9,650.00"
2020-01-01,2020010101005031,NLIC,44,45,75,963.00,"72,225.00"
2020-01-01,2020010101004742,NLIC,41,38,29,966.00,"28,014.00"
2020-01-01,2020010101004818,NLIC,22,53,31,965.00,"29,915.00"
2020-01-01,2020010101004817,NLIC,37,53,50,965.00,"48,250.00"
2020-01-01,2020010101004816,NLIC,45,53,27,965.00,"26,055.00"
2020-01-01,2020010101004745,NLIC,45,38,53,965.00,"51,145.00"
2020-01-01,2020010101004744,NLIC,38,38,50,965.00,"48,250.00"
2020-01-01,2020010101004743,NLIC,22,38,68,965.00,"65,620.00"
2020-01-01,2020010101004824,NLIC,36,53,10,964.00,"9,640.00"
2020-01-01,2020010101004823,NLIC,35,53,100,964.00,"96,400.00"
2020-01-01,2020010101004822,NLIC,59,53,50,964.00,"48,200.00"
2020-01-01,2020010101004821,NLIC,48,53,100,964.00,"96,400.00"
2020-01-01,2020010101004820,NLIC,52,53,10,964.00,"9,640.00"
2020-01-01,2020010101004819,NLIC,38,53,100,965.00,"96,500.00"
2020-01-01,2020010101005010,NLIC,25,45,22,965.00,"21,230.00"
2020-01-01,2020010101004857,NLIC,26,45,36,964.00,"34,704.00"
2020-01-01,2020010101004856,NLIC,34,45,100,964.00,"96,400.00"
2020-01-01,2020010101004855,NLIC,6,45,10,964.00,"9,640.00"
2020-01-01,2020010101004854,NLIC,36,45,254,964.00,"244,856.00"
2020-01-01,2020010101004837,NLIC,36,38,236,964.00,"227,504.00"
2020-01-01,2020010101005030,NLIC,8,45,20,964.00,"19,280.00"
2020-01-01,2020010101005029,NLIC,40,45,100,964.00,"96,400.00"
2020-01-01,2020010101005028,NLIC,39,45,463,964.00,"446,332.00"
2020-01-01,2020010101005027,NLIC,26,45,64,964.00,"61,696.00"
2020-01-01,2020010101005026,NLIC,25,45,178,965.00,"171,770.00"
2020-01-01,2020010101005025,NLIC,25,45,100,965.00,"96,500.00"
2020-01-01,2020010101005174,NLICL,35,43,240,487.00,"116,880.00"
2020-01-01,2020010101005173,NLICL,42,43,200,488.00,"97,600.00"
2020-01-01,2020010101005172,NLICL,6,43,21,490.00,"10,290.00"
2020-01-01,2020010101004928,NLICL,6,25,79,490.00,"38,710.00"
2020-01-01,2020010101005160,NMB,26,4,100,324.00,"32,400.00"
2020-01-01,2020010101004999,NMB,8,17,100,323.00,"32,300.00"
2020-01-01,2020010101004898,NMB,8,41,215,323.00,"69,445.00"
2020-01-01,2020010101004897,NMB,33,41,285,323.00,"92,055.00"
2020-01-01,2020010101004882,NMB,33,4,415,323.00,"134,045.00"
2020-01-01,2020010101004718,NMB,56,4,200,323.00,"64,600.00"
2020-01-01,2020010101004714,NMB,17,4,100,323.00,"32,300.00"
2020-01-01,2020010101004705,NMB,45,4,285,323.00,"92,055.00"
2020-01-01,2020010101004704,NMB,45,38,15,323.00,"4,845.00"
2020-01-01,2020010101004694,NMB,17,38,100,323.00,"32,300.00"
2020-01-01,2020010101005075,NMBMF,58,43,20,566.00,"11,320.00"
2020-01-01,2020010101005074,NMBMF,58,34,120,565.00,"67,800.00"
2020-01-01,2020010101005073,NMBMF,58,16,21,558.00,"11,718.00"
2020-01-01,2020010101005072,NMBMF,58,43,40,555.00,"22,200.00"
2020-01-01,2020010101005001,NMBMF,49,43,10,555.00,"5,550.00"
2020-01-01,2020010101004978,NMBMF,44,11,83,546.00,"45,318.00"
2020-01-01,2020010101004977,NMBMF,13,11,10,546.00,"5,460.00"
2020-01-01,2020010101004976,NMBMF,48,11,100,547.00,"54,700.00"
2020-01-01,2020010101004975,NMBMF,34,11,40,548.00,"21,920.00"
2020-01-01,2020010101004974,NMBMF,48,11,67,548.00,"36,716.00"
2020-01-01,2020010101004973,NMBMF,13,11,50,549.00,"27,450.00"
2020-01-01,2020010101004972,NMBMF,41,11,150,550.00,"82,500.00"
2020-01-01,2020010101005127,NNLB,48,7,59,513.00,"30,267.00"
2020-01-01,2020010101005126,NNLB,48,8,150,513.00,"76,950.00"
2020-01-01,2020010101005125,NNLB,48,13,200,513.00,"102,600.00"
2020-01-01,2020010101005124,NNLB,48,28,50,512.00,"25,600.00"
2020-01-01,2020010101005123,NNLB,48,33,79,511.00,"40,369.00"
2020-01-01,2020010101005122,NNLB,48,17,12,510.00,"6,120.00"
2020-01-01,2020010101004848,NNLB,44,16,50,508.00,"25,400.00"
2020-01-01,2020010101004847,NNLB,44,14,50,507.00,"25,350.00"
2020-01-01,2020010101005089,NNLB,44,17,18,510.00,"9,180.00"
2020-01-01,2020010101004954,NNLB,44,50,22,510.00,"11,220.00"
2020-01-01,2020010101004929,NNLB,44,42,100,510.00,"51,000.00"
2020-01-01,2020010101004851,NNLB,44,7,200,510.00,"102,000.00"
2020-01-01,2020010101004850,NNLB,44,48,50,509.00,"25,450.00"
2020-01-01,2020010101004849,NNLB,44,21,10,509.00,"5,090.00"
2020-01-01,2020010101004985,NSEWA,48,11,91,487.00,"44,317.00"
2020-01-01,2020010101004736,NSEWA,16,11,200,487.00,"97,400.00"
2020-01-01,2020010101004735,NSEWA,16,11,50,488.00,"24,400.00"
2020-01-01,2020010101004734,NSEWA,6,11,95,488.00,"46,360.00"
2020-01-01,2020010101005041,NUBL,50,19,100,785.00,"78,500.00"
2020-01-01,2020010101005040,NUBL,50,22,50,785.00,"39,250.00"
2020-01-01,2020010101005014,NUBL,47,22,100,785.00,"78,500.00"
2020-01-01,2020010101005006,NUBL,47,22,30,785.00,"23,550.00"
2020-01-01,2020010101004992,NUBL,47,22,85,785.00,"66,725.00"
2020-01-01,2020010101004983,NUBL,8,22,20,785.00,"15,700.00"
2020-01-01,2020010101004760,NUBL,50,25,15,780.00,"11,700.00"
2020-01-01,2020010101004980,NUBL,47,22,50,785.00,"39,250.00"
2020-01-01,2020010101004962,NUBL,47,22,35,785.00,"27,475.00"
2020-01-01,2020010101004953,NUBL,47,22,70,785.00,"54,950.00"
2020-01-01,2020010101004935,NUBL,47,22,60,785.00,"47,100.00"
2020-01-01,2020010101004761,NUBL,50,22,500,780.00,"390,000.00"
2020-01-01,2020010101005168,OHL,58,49,20,499.00,"9,980.00"
2020-01-01,2020010101005077,OHL,13,49,756,499.00,"377,244.00"
2020-01-01,2020010101005076,OHL,13,42,244,499.00,"121,756.00"
2020-01-01,2020010101005067,OHL,58,42,15,499.00,"7,485.00"
2020-01-01,2020010101004958,OHL,58,42,11,499.00,"5,489.00"
2020-01-01,2020010101004934,OHL,19,16,100,498.00,"49,800.00"
2020-01-01,2020010101004676,OHL,21,54,20,498.00,"9,960.00"
2020-01-01,2020010101004782,OHL,56,42,10,499.00,"4,990.00"
2020-01-01,2020010101004781,OHL,56,54,470,498.00,"234,060.00"
2020-01-01,2020010101004733,OHL,50,54,100,498.00,"49,800.00"
2020-01-01,2020010101004720,OHL,56,54,200,498.00,"99,600.00"
2020-01-01,2020010101004678,OHL,53,54,200,498.00,"99,600.00"
2020-01-01,2020010101004912,OHL,34,57,200,498.00,"99,600.00"
2020-01-01,2020010101004858,OHL,58,42,20,499.00,"9,980.00"
2020-01-01,2020010101004845,OHL,34,32,100,498.00,"49,800.00"
2020-01-01,2020010101004844,OHL,16,32,200,498.00,"99,600.00"
2020-01-01,2020010101004828,OHL,40,42,200,499.00,"99,800.00"
2020-01-01,2020010101004790,OHL,34,42,500,499.00,"249,500.00"
2020-01-01,2020010101004749,PCBL,42,49,139,236.00,"32,804.00"
2020-01-01,2020010101004979,PFL,13,1,100,133.00,"13,300.00"
2020-01-01,2020010101004914,PIC,1,56,245,408.00,"99,960.00"
2020-01-01,2020010101004913,PIC,1,25,255,407.00,"103,785.00"
2020-01-01,2020010101004815,PIC,26,25,45,405.00,"18,225.00"
2020-01-01,2020010101004804,PLIC,53,25,350,369.00,"129,150.00"
2020-01-01,2020010101004764,PLIC,53,36,19,369.00,"7,011.00"
2020-01-01,2020010101004986,PMHPL,44,16,10,85.00,850.00
2020-01-01,2020010101005058,PPCL,6,13,30,109.00,"3,270.00"
2020-01-01,2020010101005005,PPCL,58,16,20,108.00,"2,160.00"
2020-01-01,2020010101004739,PRVU,16,41,25,224.00,"5,600.00"
2020-01-01,2020010101004763,RBCL,42,51,10,"8,500.00","85,000.00"
2020-01-01,2020010101005009,RHPL,51,16,10,169.00,"1,690.00"
2020-01-01,2020010101004810,RHPL,51,36,30,169.00,"5,070.00"
2020-01-01,2020010101004729,RHPL,51,39,50,169.00,"8,450.00"
2020-01-01,2020010101004710,RHPL,51,39,50,169.00,"8,450.00"
2020-01-01,2020010101004778,RMDC,41,44,51,530.00,"27,030.00"
2020-01-01,2020010101005164,RRHP,47,16,10,96.00,960.00
2020-01-01,2020010101004826,RSDC,39,41,73,322.00,"23,506.00"
2020-01-01,2020010101004825,RSDC,39,56,18,322.00,"5,796.00"
2020-01-01,2020010101004800,RSDC,39,56,600,322.00,"193,200.00"
2020-01-01,2020010101004774,RSDC,39,43,25,321.00,"8,025.00"
2020-01-01,2020010101004762,RSDC,38,44,63,320.00,"20,160.00"
2020-01-01,2020010101005088,SABSL,59,16,90,554.00,"49,860.00"
2020-01-01,2020010101005087,SABSL,59,40,200,554.00,"110,800.00"
2020-01-01,2020010101005086,SABSL,59,19,320,553.00,"176,960.00"
2020-01-01,2020010101005085,SABSL,59,48,10,553.00,"5,530.00"
2020-01-01,2020010101005084,SABSL,59,39,10,553.00,"5,530.00"
2020-01-01,2020010101005036,SABSL,34,42,10,550.00,"5,500.00"
2020-01-01,2020010101005000,SABSL,34,36,10,550.00,"5,500.00"
2020-01-01,2020010101004904,SABSL,34,20,10,550.00,"5,500.00"
2020-01-01,2020010101004730,SABSL,34,39,10,550.00,"5,500.00"
2020-01-01,2020010101005167,SAEF,29,22,"1,000",8.67,"8,670.00"
2020-01-01,2020010101005120,SAPDBL,4,51,20,127.00,"2,540.00"
2020-01-01,2020010101005119,SAPDBL,4,52,100,126.00,"12,600.00"
2020-01-01,2020010101004741,SAPDBL,26,38,480,125.00,"60,000.00"
2020-01-01,2020010101004740,SAPDBL,26,44,135,125.00,"16,875.00"
2020-01-01,2020010101004808,SBL,6,20,"1,213",282.00,"342,066.00"
2020-01-01,2020010101004940,SCB,7,44,32,532.00,"17,024.00"
2020-01-01,2020010101004933,SCB,7,44,20,532.00,"10,640.00"
2020-01-01,2020010101004746,SCB,11,46,250,531.00,"132,750.00"
2020-01-01,2020010101004903,SDESI,21,14,150,583.00,"87,450.00"
2020-01-01,2020010101004902,SDESI,21,47,36,583.00,"20,988.00"
2020-01-01,2020010101004901,SDESI,21,21,27,582.00,"15,714.00"
2020-01-01,2020010101004773,SDESI,44,45,500,581.00,"290,500.00"
2020-01-01,2020010101004843,SEF,3,36,500,8.90,"4,450.00"
2020-01-01,2020010101005162,SHIVM,32,45,100,468.00,"46,800.00"
2020-01-01,2020010101005068,SHIVM,35,1,100,467.00,"46,700.00"
2020-01-01,2020010101005012,SHIVM,35,38,500,467.00,"233,500.00"
2020-01-01,2020010101005011,SHIVM,35,26,580,467.00,"270,860.00"
2020-01-01,2020010101004838,SHIVM,22,21,50,466.00,"23,300.00"
2020-01-01,2020010101004765,SHIVM,22,26,50,466.00,"23,300.00"
2020-01-01,2020010101004728,SHIVM,22,54,50,466.00,"23,300.00"
2020-01-01,2020010101004786,SHL,58,34,"1,000",204.00,"204,000.00"
2020-01-01,2020010101004747,SHL,45,58,50,204.00,"10,200.00"
2020-01-01,2020010101005134,SHPC,17,16,39,166.00,"6,474.00"
2020-01-01,2020010101004788,SIC,49,42,28,500.00,"14,000.00"
2020-01-01,2020010101005166,SIL,44,20,64,414.00,"26,496.00"
2020-01-01,2020010101004841,SIL,49,20,50,416.00,"20,800.00"
2020-01-01,2020010101005033,SJCL,56,36,100,156.00,"15,600.00"
2020-01-01,2020010101005032,SJCL,56,14,270,156.00,"42,120.00"
2020-01-01,2020010101004865,SJCL,35,26,20,156.00,"3,120.00"
2020-01-01,2020010101004864,SJCL,35,40,20,156.00,"3,120.00"
2020-01-01,2020010101004863,SJCL,35,26,10,156.00,"1,560.00"
2020-01-01,2020010101004862,SJCL,35,51,10,156.00,"1,560.00"
2020-01-01,2020010101004861,SJCL,35,36,20,156.00,"3,120.00"
2020-01-01,2020010101004932,SJCL,35,14,30,156.00,"4,680.00"
2020-01-01,2020010101004870,SJCL,35,39,20,156.00,"3,120.00"
2020-01-01,2020010101004869,SJCL,35,39,20,156.00,"3,120.00"
2020-01-01,2020010101004868,SJCL,35,39,10,156.00,"1,560.00"
2020-01-01,2020010101004867,SJCL,35,51,20,156.00,"3,120.00"
2020-01-01,2020010101004866,SJCL,35,51,20,156.00,"3,120.00"
2020-01-01,2020010101005035,SKBBL,19,53,125,815.00,"101,875.00"
2020-01-01,2020010101005023,SKBBL,19,53,75,815.00,"61,125.00"
2020-01-01,2020010101005022,SKBBL,19,28,25,815.00,"20,375.00"
2020-01-01,2020010101005007,SKBBL,8,28,20,815.00,"16,300.00"
2020-01-01,2020010101004907,SKBBL,10,28,55,815.00,"44,825.00"
2020-01-01,2020010101004809,SKBBL,4,33,430,814.00,"350,020.00"
2020-01-01,2020010101004713,SKBBL,19,33,10,814.00,"8,140.00"
2020-01-01,2020010101004712,SKBBL,19,40,190,814.00,"154,660.00"
2020-01-01,2020010101005121,SLBSL,55,45,20,610.00,"12,200.00"
2020-01-01,2020010101004984,SLICL,49,50,700,307.00,"214,900.00"
2020-01-01,2020010101004939,SLICL,39,50,500,307.00,"153,500.00"
2020-01-01,2020010101004938,SLICL,26,50,100,307.00,"30,700.00"
2020-01-01,2020010101004937,SLICL,45,50,500,307.00,"153,500.00"
2020-01-01,2020010101004936,SLICL,32,50,200,307.00,"61,400.00"
2020-01-01,2020010101004801,SLICL,49,51,100,308.00,"30,800.00"
2020-01-01,2020010101004892,SMATA,58,18,20,535.00,"10,700.00"
2020-01-01,2020010101005136,SMFDB,41,22,10,550.00,"5,500.00"
2020-01-01,2020010101005003,SPARS,44,44,40,573.00,"22,920.00"
2020-01-01,2020010101004925,SPARS,40,16,10,566.00,"5,660.00"
2020-01-01,2020010101004924,SPARS,40,10,10,565.00,"5,650.00"
2020-01-01,2020010101004923,SPARS,40,14,100,564.00,"56,400.00"
2020-01-01,2020010101004922,SPARS,40,29,10,562.00,"5,620.00"
2020-01-01,2020010101004846,SRBL,39,28,195,216.00,"42,120.00"
2020-01-01,2020010101004688,SRBL,34,20,11,215.00,"2,365.00"
2020-01-01,2020010101004687,SRBL,11,20,440,215.00,"94,600.00"
2020-01-01,2020010101005165,SRS,58,38,40,247.00,"9,880.00"
2020-01-01,2020010101004955,SRS,25,38,40,243.00,"9,720.00"
2020-01-01,2020010101004988,STC,45,28,20,"1,998.00","39,960.00"
2020-01-01,2020010101004987,STC,39,28,50,"2,000.00","100,000.00"
2020-01-01,2020010101004685,STC,52,5,20,"1,997.00","39,940.00"
2020-01-01,2020010101005071,SWBBL,50,50,420,855.00,"359,100.00"
2020-01-01,2020010101005070,SWBBL,50,55,300,855.00,"256,500.00"
2020-01-01,2020010101004946,SWBBL,50,4,30,854.00,"25,620.00"
2020-01-01,2020010101004926,SWBBL,44,25,26,850.00,"22,100.00"
2020-01-01,2020010101004853,SWBBL,47,19,200,849.00,"169,800.00"
2020-01-01,2020010101004852,SWBBL,47,1,55,849.00,"46,695.00"
2020-01-01,2020010101004784,SWBBL,38,45,100,848.00,"84,800.00"
2020-01-01,2020010101004945,SWBBL,50,6,100,853.00,"85,300.00"
2020-01-01,2020010101004944,SWBBL,50,35,12,853.00,"10,236.00"
2020-01-01,2020010101004943,SWBBL,50,41,250,851.00,"212,750.00"
2020-01-01,2020010101004942,SWBBL,50,13,65,850.00,"55,250.00"
2020-01-01,2020010101004941,SWBBL,50,35,50,850.00,"42,500.00"
2020-01-01,2020010101004927,SWBBL,44,13,35,850.00,"29,750.00"
2020-01-01,2020010101004966,TMDBL,40,40,1,154.00,154.00
2020-01-01,2020010101004900,TRH,45,16,10,298.00,"2,980.00"
2020-01-01,2020010101004899,TRH,42,16,10,298.00,"2,980.00"
2020-01-01,2020010101004693,TRH,32,16,40,298.00,"11,920.00"
2020-01-01,2020010101004677,TRH,6,16,10,298.00,"2,980.00"
2020-01-01,2020010101004885,UIC,49,33,50,296.00,"14,800.00"
2020-01-01,2020010101004776,UNHPL,43,1,50,54.00,"2,700.00"
2020-01-01,2020010101004775,UNHPL,43,4,50,53.00,"2,650.00"
2020-01-01,2020010101005079,UPCL,49,16,50,72.00,"3,600.00"
2020-01-01,2020010101004719,UPCL,22,45,10,76.00,760.00
2020-01-01,2020010101004707,UPCL,22,45,10,75.00,750.00
2020-01-01,2020010101004692,UPCL,22,45,10,74.00,740.00
2020-01-01,2020010101005098,UPPER,33,26,140,236.00,"33,040.00"
2020-01-01,2020010101005008,UPPER,33,22,50,236.00,"11,800.00"
2020-01-01,2020010101004960,UPPER,33,20,50,236.00,"11,800.00"
2020-01-01,2020010101004872,UPPER,33,39,500,236.00,"118,000.00"
2020-01-01,2020010101004836,UPPER,33,36,40,236.00,"9,440.00"
2020-01-01,2020010101004829,VLBS,41,33,30,641.00,"19,230.00"
2020-01-01,2020010101004813,VLBS,41,22,100,637.00,"63,700.00"
2020-01-01,2020010101004812,VLBS,41,45,11,635.00,"6,985.00"
2020-01-01,2020010101004811,VLBS,41,45,11,635.00,"6,985.00"
2020-01-01,2020010101004513,ADBL,6,49,30,359.00,"10,770.00"
2020-01-01,2020010101004370,ADBL,21,56,10,359.00,"3,590.00"
2020-01-01,2020010101004369,ADBL,19,56,24,359.00,"8,616.00"
2020-01-01,2020010101004312,ADBL,19,56,76,359.00,"27,284.00"
2020-01-01,2020010101004311,ADBL,59,56,200,359.00,"71,800.00"
2020-01-01,2020010101004228,ADBL,41,40,20,359.00,"7,180.00"
2020-01-01,2020010101004227,ADBL,39,40,25,359.00,"8,975.00"
2020-01-01,2020010101004226,ADBL,49,40,18,359.00,"6,462.00"
2020-01-01,2020010101004574,AKJCL,49,44,10,56.00,560.00
2020-01-01,2020010101004573,AKJCL,6,44,10,57.00,570.00
2020-01-01,2020010101004360,AKJCL,6,44,20,57.00,"1,140.00"
2020-01-01,2020010101004221,AKJCL,6,20,10,57.00,570.00
2020-01-01,2020010101004263,AKPL,43,20,10,112.00,"1,120.00"
2020-01-01,2020010101004667,ALBSL,32,39,10,488.00,"4,880.00"
2020-01-01,2020010101004288,ALBSL,41,20,10,487.00,"4,870.00"
2020-01-01,2020010101004199,ALBSL,41,10,10,487.00,"4,870.00"
2020-01-01,2020010101004187,ALBSL,41,21,10,487.00,"4,870.00"
2020-01-01,2020010101004178,ALBSL,41,21,10,487.00,"4,870.00"
2020-01-01,2020010101004542,ALICL,36,37,223,381.00,"84,963.00"
2020-01-01,2020010101004541,ALICL,36,44,50,380.00,"19,000.00"
2020-01-01,2020010101004540,ALICL,36,53,327,380.00,"124,260.00"
2020-01-01,2020010101004509,ALICL,14,34,60,379.00,"22,740.00"
2020-01-01,2020010101004505,ALICL,14,34,80,379.00,"30,320.00"
2020-01-01,2020010101004492,ALICL,14,34,42,379.00,"15,918.00"
2020-01-01,2020010101004377,ALICL,45,56,101,378.00,"38,178.00"
2020-01-01,2020010101004220,BBC,32,34,15,"1,923.00","28,845.00"
2020-01-01,2020010101004643,BFC,52,4,192,85.00,"16,320.00"
2020-01-01,2020010101004598,BOKL,25,41,111,214.00,"23,754.00"
2020-01-01,2020010101004425,BOKL,52,38,100,215.00,"21,500.00"
2020-01-01,2020010101004421,BOKL,25,38,180,214.00,"38,520.00"
2020-01-01,2020010101004420,BOKL,5,38,12,214.00,"2,568.00"
2020-01-01,2020010101004520,BPCL,36,29,11,301.00,"3,311.00"
2020-01-01,2020010101004519,BPCL,43,29,11,301.00,"3,311.00"
2020-01-01,2020010101004182,CBBL,47,26,251,802.00,"201,302.00"
2020-01-01,2020010101004181,CBBL,47,5,100,801.00,"80,100.00"
2020-01-01,2020010101004501,CBL,45,49,60,136.00,"8,160.00"
2020-01-01,2020010101004211,CBL,14,51,22,136.00,"2,992.00"
2020-01-01,2020010101004653,CCBL,47,58,40,163.00,"6,520.00"
2020-01-01,2020010101004524,CCBL,47,49,226,163.00,"36,838.00"
2020-01-01,2020010101004523,CCBL,38,49,64,163.00,"10,432.00"
2020-01-01,2020010101004440,CCBL,52,54,13,164.00,"2,132.00"
2020-01-01,2020010101004439,CCBL,52,57,87,164.00,"14,268.00"
2020-01-01,2020010101004551,CIT,1,25,40,"2,095.00","83,800.00"
2020-01-01,2020010101004438,CIT,38,54,20,"2,090.00","41,800.00"
2020-01-01,2020010101004437,CIT,38,57,50,"2,090.00","104,500.00"
2020-01-01,2020010101004436,CIT,38,21,20,"2,090.00","41,800.00"
2020-01-01,2020010101004435,CIT,38,45,11,"2,090.00","22,990.00"
2020-01-01,2020010101004428,CIT,16,19,23,"2,089.00","48,047.00"
2020-01-01,2020010101004418,CIT,50,19,27,"2,089.00","56,403.00"
2020-01-01,2020010101004474,CZBIL,52,21,28,182.00,"5,096.00"
2020-01-01,2020010101004473,CZBIL,52,13,72,182.00,"13,104.00"
2020-01-01,2020010101004560,DBBL,4,49,30,137.00,"4,110.00"
2020-01-01,2020010101004591,DDBL,50,53,300,880.00,"264,000.00"
2020-01-01,2020010101004590,DDBL,50,25,75,880.00,"66,000.00"
2020-01-01,2020010101004589,DDBL,50,26,559,880.00,"491,920.00"
2020-01-01,2020010101004522,DDBL,38,28,200,879.00,"175,800.00"
2020-01-01,2020010101004256,DDBL,59,28,100,879.00,"87,900.00"
2020-01-01,2020010101004255,DDBL,59,32,100,879.00,"87,900.00"
2020-01-01,2020010101004212,DDBL,58,16,20,875.00,"17,500.00"
2020-01-01,2020010101004580,EBL,8,49,60,523.00,"31,380.00"
2020-01-01,2020010101004368,EBL,8,14,378,523.00,"197,694.00"
2020-01-01,2020010101004367,EBL,21,14,100,523.00,"52,300.00"
2020-01-01,2020010101004366,EBL,37,14,122,523.00,"63,806.00"
2020-01-01,2020010101004365,EBL,8,14,400,524.00,"209,600.00"
2020-01-01,2020010101004347,EBL,8,51,100,524.00,"52,400.00"
2020-01-01,2020010101004175,EIC,17,29,404,269.00,"108,676.00"
2020-01-01,2020010101004224,FOWAD,58,51,10,"1,070.00","10,700.00"
2020-01-01,2020010101004223,FOWAD,41,51,22,"1,070.00","23,540.00"
2020-01-01,2020010101004222,FOWAD,45,51,17,"1,072.00","18,224.00"
2020-01-01,2020010101004521,GBLBS,57,49,200,317.00,"63,400.00"
2020-01-01,2020010101004303,GBLBS,44,20,15,316.00,"4,740.00"
2020-01-01,2020010101004599,GILB,34,39,28,846.00,"23,688.00"
2020-01-01,2020010101004586,GILB,34,33,50,859.00,"42,950.00"
2020-01-01,2020010101004585,GILB,34,6,20,859.00,"17,180.00"
2020-01-01,2020010101004579,GILB,34,6,380,859.00,"326,420.00"
2020-01-01,2020010101004578,GILB,34,14,12,859.00,"10,308.00"
2020-01-01,2020010101004577,GILB,34,1,15,855.00,"12,825.00"
2020-01-01,2020010101004576,GILB,34,1,150,855.00,"128,250.00"
2020-01-01,2020010101004575,GILB,34,49,443,854.00,"378,322.00"
2020-01-01,2020010101004556,GILB,34,25,23,851.00,"19,573.00"
2020-01-01,2020010101004354,GLBSL,41,10,10,450.00,"4,500.00"
2020-01-01,2020010101004353,GLBSL,41,44,10,450.00,"4,500.00"
2020-01-01,2020010101004666,GMFBS,16,47,100,580.00,"58,000.00"
2020-01-01,2020010101004665,GMFBS,16,39,50,580.00,"29,000.00"
2020-01-01,2020010101004664,GMFBS,16,45,200,580.00,"116,000.00"
2020-01-01,2020010101004663,GMFBS,16,1,50,577.00,"28,850.00"
2020-01-01,2020010101004662,GMFBS,16,28,100,577.00,"57,700.00"
2020-01-01,2020010101004661,GMFBS,16,41,70,576.00,"40,320.00"
2020-01-01,2020010101004660,GMFBS,16,7,10,575.00,"5,750.00"
2020-01-01,2020010101004659,GMFBS,16,14,50,575.00,"28,750.00"
2020-01-01,2020010101004658,GMFBS,16,1,10,573.00,"5,730.00"
2020-01-01,2020010101004201,GMFBS,16,51,10,569.00,"5,690.00"
2020-01-01,2020010101004190,GRDBL,7,16,50,102.00,"5,100.00"
2020-01-01,2020010101004566,GUFL,52,58,100,110.00,"11,000.00"
2020-01-01,2020010101004565,GUFL,1,58,50,110.00,"5,500.00"
2020-01-01,2020010101004341,HBL,45,47,480,504.00,"241,920.00"
2020-01-01,2020010101004340,HBL,13,7,50,505.00,"25,250.00"
2020-01-01,2020010101004339,HBL,17,7,100,505.00,"50,500.00"
2020-01-01,2020010101004606,HDL,50,13,40,"1,220.00","48,800.00"
2020-01-01,2020010101004596,HDL,28,13,50,"1,220.00","61,000.00"
2020-01-01,2020010101004595,HDL,17,13,500,"1,220.00","610,000.00"
2020-01-01,2020010101004594,HDL,43,13,100,"1,220.00","122,000.00"
2020-01-01,2020010101004593,HDL,35,13,300,"1,221.00","366,300.00"
2020-01-01,2020010101004592,HDL,26,13,10,"1,221.00","12,210.00"
2020-01-01,2020010101004292,HDL,45,25,100,"1,233.00","123,300.00"
2020-01-01,2020010101004298,HDL,45,25,10,"1,240.00","12,400.00"
2020-01-01,2020010101004297,HDL,45,45,100,"1,237.00","123,700.00"
2020-01-01,2020010101004296,HDL,45,51,100,"1,237.00","123,700.00"
2020-01-01,2020010101004295,HDL,45,42,40,"1,235.00","49,400.00"
2020-01-01,2020010101004294,HDL,45,57,100,"1,235.00","123,500.00"
2020-01-01,2020010101004293,HDL,45,58,500,"1,234.00","617,000.00"
2020-01-01,2020010101004383,HDL,45,13,50,"1,222.00","61,100.00"
2020-01-01,2020010101004382,HDL,53,13,50,"1,225.00","61,250.00"
2020-01-01,2020010101004381,HDL,55,13,400,"1,226.00","490,400.00"
2020-01-01,2020010101004380,HDL,37,13,350,"1,227.00","429,450.00"
2020-01-01,2020010101004379,HDL,38,13,100,"1,227.00","122,700.00"
2020-01-01,2020010101004378,HDL,17,13,750,"1,230.00","922,500.00"
2020-01-01,2020010101004389,HDL,1,13,85,"1,220.00","103,700.00"
