Date,Transact. No.,Symbol,Buyer,Seller,Quantity,Rate,Amount
2020-01-12,2020011201015866,ADBL,57,14,18,372.00,"6,696.00"
2020-01-12,2020011201015865,ADBL,57,55,982,372.00,"365,304.00"
2020-01-12,2020011201015703,ADBL,49,55,18,372.00,"6,696.00"
2020-01-12,2020011201015702,ADBL,49,42,90,372.00,"33,480.00"
2020-01-12,2020011201015701,ADBL,49,16,392,372.00,"145,824.00"
2020-01-12,2020011201015554,ADBL,57,46,200,371.00,"74,200.00"
2020-01-12,2020011201015553,ADBL,57,37,349,371.00,"129,479.00"
2020-01-12,2020011201015530,ADBL,29,37,500,371.00,"185,500.00"
2020-01-12,2020011201015487,ADBL,1,37,151,371.00,"56,021.00"
2020-01-12,2020011201015486,ADBL,1,51,49,371.00,"18,179.00"
2020-01-12,2020011201015779,AKPL,32,46,100,120.00,"12,000.00"
2020-01-12,2020011201015687,AKPL,45,53,11,121.00,"1,331.00"
2020-01-12,2020011201015435,AKPL,51,45,591,119.00,"70,329.00"
2020-01-12,2020011201015434,AKPL,55,45,"3,350",119.00,"398,650.00"
2020-01-12,2020011201015433,AKPL,1,45,59,119.00,"7,021.00"
2020-01-12,2020011201015844,ALICL,56,43,476,419.00,"199,444.00"
2020-01-12,2020011201015843,ALICL,56,16,24,419.00,"10,056.00"
2020-01-12,2020011201015826,ALICL,19,14,66,418.00,"27,588.00"
2020-01-12,2020011201015793,ALICL,58,14,334,418.00,"139,612.00"
2020-01-12,2020011201015789,ALICL,6,16,176,419.00,"73,744.00"
2020-01-12,2020011201015788,ALICL,6,57,24,419.00,"10,056.00"
2020-01-12,2020011201015619,ALICL,19,16,100,413.00,"41,300.00"
2020-01-12,2020011201015618,ALICL,56,16,10,414.00,"4,140.00"
2020-01-12,2020011201015761,ALICL,58,38,50,418.00,"20,900.00"
2020-01-12,2020011201015760,ALICL,58,8,116,418.00,"48,488.00"
2020-01-12,2020011201015759,ALICL,58,10,100,417.00,"41,700.00"
2020-01-12,2020011201015758,ALICL,58,14,400,416.00,"166,400.00"
2020-01-12,2020011201015672,ALICL,58,16,110,416.00,"45,760.00"
2020-01-12,2020011201015620,ALICL,36,16,90,413.00,"37,170.00"
2020-01-12,2020011201015742,API,25,37,25,120.00,"3,000.00"
2020-01-12,2020011201015731,API,25,58,"1,000",119.00,"119,000.00"
2020-01-12,2020011201015730,API,25,42,10,119.00,"1,190.00"
2020-01-12,2020011201015729,API,25,43,25,119.00,"2,975.00"
2020-01-12,2020011201015728,API,25,42,500,119.00,"59,500.00"
2020-01-12,2020011201015727,API,25,58,30,119.00,"3,570.00"
2020-01-12,2020011201015461,API,55,41,60,117.00,"7,020.00"
2020-01-12,2020011201015432,API,41,43,10,118.00,"1,180.00"
2020-01-12,2020011201015590,API,55,25,940,117.00,"109,980.00"
2020-01-12,2020011201015584,API,5,25,50,118.00,"5,900.00"
2020-01-12,2020011201015552,API,5,1,200,118.00,"23,600.00"
2020-01-12,2020011201015551,API,5,13,26,118.00,"3,068.00"
2020-01-12,2020011201015550,API,5,41,500,118.00,"59,000.00"
2020-01-12,2020011201015549,API,5,43,40,118.00,"4,720.00"
2020-01-12,2020011201015726,API,25,58,30,119.00,"3,570.00"
2020-01-12,2020011201015677,API,57,25,500,117.00,"58,500.00"
2020-01-12,2020011201015676,API,25,25,50,118.00,"5,900.00"
2020-01-12,2020011201015637,API,25,42,50,118.00,"5,900.00"
2020-01-12,2020011201015635,API,25,39,150,118.00,"17,700.00"
2020-01-12,2020011201015622,API,5,25,250,118.00,"29,500.00"
2020-01-12,2020011201015868,BFC,57,52,190,91.00,"17,290.00"
2020-01-12,2020011201015678,BNT,55,19,10,"6,143.00","61,430.00"
2020-01-12,2020011201015716,BOKL,39,50,20,232.00,"4,640.00"
2020-01-12,2020011201015715,BOKL,39,39,180,232.00,"41,760.00"
2020-01-12,2020011201015639,BOKL,42,39,10,232.00,"2,320.00"
2020-01-12,2020011201015886,BPCL,59,41,40,317.00,"12,680.00"
2020-01-12,2020011201015594,BPCL,59,49,10,317.00,"3,170.00"
2020-01-12,2020011201015476,BPCL,19,49,30,318.00,"9,540.00"
2020-01-12,2020011201015475,BPCL,19,21,20,318.00,"6,360.00"
2020-01-12,2020011201015689,CBBL,37,50,110,890.00,"97,900.00"
2020-01-12,2020011201015688,CBBL,37,37,90,890.00,"80,100.00"
2020-01-12,2020011201015663,CBBL,20,50,210,889.00,"186,690.00"
2020-01-12,2020011201015855,CCBL,4,7,300,175.00,"52,500.00"
2020-01-12,2020011201015854,CCBL,4,56,"1,000",175.00,"175,000.00"
2020-01-12,2020011201015885,CFCL,4,55,211,130.00,"27,430.00"
2020-01-12,2020011201015845,CFCL,45,55,"1,000",131.00,"131,000.00"
2020-01-12,2020011201015823,CFCL,1,55,500,132.00,"66,000.00"
2020-01-12,2020011201015822,CFCL,35,55,"1,000",133.00,"133,000.00"
2020-01-12,2020011201015883,CIT,35,45,40,"2,133.00","85,320.00"
2020-01-12,2020011201015882,CIT,35,47,35,"2,133.00","74,655.00"
2020-01-12,2020011201015810,CIT,39,11,100,"2,130.00","213,000.00"
2020-01-12,2020011201015521,CIT,34,45,10,"2,133.00","21,330.00"
2020-01-12,2020011201015520,CIT,34,35,90,"2,127.00","191,430.00"
2020-01-12,2020011201015408,CIT,37,7,50,"2,120.00","106,000.00"
2020-01-12,2020011201015714,CLBSL,38,3,20,852.00,"17,040.00"
2020-01-12,2020011201015803,CORBL,59,34,"1,700",122.00,"207,400.00"
2020-01-12,2020011201015875,CZBIL,42,43,20,199.00,"3,980.00"
2020-01-12,2020011201015808,CZBIL,14,43,12,199.00,"2,388.00"
2020-01-12,2020011201015807,CZBIL,14,40,303,198.00,"59,994.00"
2020-01-12,2020011201015806,CZBIL,14,17,520,198.00,"102,960.00"
2020-01-12,2020011201015743,CZBIL,37,17,200,198.00,"39,600.00"
2020-01-12,2020011201015630,CZBIL,38,39,228,197.00,"44,916.00"
2020-01-12,2020011201015629,CZBIL,42,39,100,197.00,"19,700.00"
2020-01-12,2020011201015628,CZBIL,16,39,300,197.00,"59,100.00"
2020-01-12,2020011201015627,CZBIL,34,39,372,197.00,"73,284.00"
2020-01-12,2020011201015623,CZBIL,17,17,500,198.00,"99,000.00"
2020-01-12,2020011201015525,DBBL,42,38,10,144.00,"1,440.00"
2020-01-12,2020011201015503,DBBL,42,42,10,143.00,"1,430.00"
2020-01-12,2020011201015871,DDBL,34,49,50,"1,035.00","51,750.00"
2020-01-12,2020011201015870,DDBL,34,21,100,"1,035.00","103,500.00"
2020-01-12,2020011201015643,DDBL,10,32,100,"1,035.00","103,500.00"
2020-01-12,2020011201015798,EBL,40,13,100,596.00,"59,600.00"
2020-01-12,2020011201015782,EBL,40,19,31,595.00,"18,445.00"
2020-01-12,2020011201015781,EBL,40,21,142,595.00,"84,490.00"
2020-01-12,2020011201015448,EBL,45,55,100,594.00,"59,400.00"
2020-01-12,2020011201015725,EBL,35,21,200,595.00,"119,000.00"
2020-01-12,2020011201015665,EDBL,40,57,98,315.00,"30,870.00"
2020-01-12,2020011201015664,EDBL,40,57,400,315.00,"126,000.00"
2020-01-12,2020011201015777,FMDBL,25,4,120,403.00,"48,360.00"
2020-01-12,2020011201015776,FMDBL,16,4,"1,080",403.00,"435,240.00"
2020-01-12,2020011201015717,FOWAD,10,51,100,"1,235.00","123,500.00"
2020-01-12,2020011201015661,GBBL,41,32,20,223.00,"4,460.00"
2020-01-12,2020011201015660,GBBL,41,32,200,223.00,"44,600.00"
2020-01-12,2020011201015527,GBBL,52,32,300,223.00,"66,900.00"
2020-01-12,2020011201015526,GBBL,52,45,100,223.00,"22,300.00"
2020-01-12,2020011201015460,GBBL,43,14,300,222.00,"66,600.00"
2020-01-12,2020011201015459,GBBL,43,57,39,222.00,"8,658.00"
2020-01-12,2020011201015693,GILB,34,34,20,"1,119.00","22,380.00"
2020-01-12,2020011201015692,GILB,34,46,20,"1,104.00","22,080.00"
2020-01-12,2020011201015691,GILB,34,34,10,"1,098.00","10,980.00"
2020-01-12,2020011201015568,GLICL,21,5,27,528.00,"14,256.00"
2020-01-12,2020011201015567,GLICL,21,48,50,528.00,"26,400.00"
2020-01-12,2020011201015566,GLICL,21,39,100,527.00,"52,700.00"
2020-01-12,2020011201015517,GLICL,21,46,200,527.00,"105,400.00"
2020-01-12,2020011201015500,GLICL,21,8,54,525.00,"28,350.00"
2020-01-12,2020011201015792,GMFBS,43,33,10,719.00,"7,190.00"
2020-01-12,2020011201015791,GMFBS,43,19,10,718.00,"7,180.00"
2020-01-12,2020011201015790,GMFBS,43,58,50,714.00,"35,700.00"
2020-01-12,2020011201015740,GMFBS,43,14,200,713.00,"142,600.00"
2020-01-12,2020011201015739,GMFBS,43,49,10,710.00,"7,100.00"
2020-01-12,2020011201015738,GMFBS,43,38,27,710.00,"19,170.00"
2020-01-12,2020011201015668,GMFBS,22,38,300,710.00,"213,000.00"
2020-01-12,2020011201015556,GMFBS,34,38,10,710.00,"7,100.00"
2020-01-12,2020011201015555,GMFBS,34,8,10,705.00,"7,050.00"
2020-01-12,2020011201015502,GMFBS,34,45,390,702.00,"273,780.00"
2020-01-12,2020011201015638,GUFL,59,1,"1,200",122.00,"146,400.00"
2020-01-12,2020011201015548,GUFL,59,44,100,122.00,"12,200.00"
2020-01-12,2020011201015547,GUFL,59,41,118,122.00,"14,396.00"
2020-01-12,2020011201015478,GUFL,58,41,10,122.00,"1,220.00"
2020-01-12,2020011201015510,HBL,37,29,145,556.00,"80,620.00"
2020-01-12,2020011201015899,HDL,35,16,10,"1,235.00","12,350.00"
2020-01-12,2020011201015499,HDL,4,36,200,"1,223.00","244,600.00"
2020-01-12,2020011201015450,HDL,35,16,10,"1,235.00","12,350.00"
2020-01-12,2020011201015586,HIDCL,45,26,39,140.00,"5,460.00"
2020-01-12,2020011201015585,HIDCL,45,34,61,139.00,"8,479.00"
2020-01-12,2020011201015666,HPPL,45,36,68,151.00,"10,268.00"
2020-01-12,2020011201015507,IGI,6,39,100,361.00,"36,100.00"
2020-01-12,2020011201015558,IGI,42,53,40,361.00,"14,440.00"
2020-01-12,2020011201015557,IGI,42,39,151,361.00,"54,511.00"
2020-01-12,2020011201015862,ILBS,51,22,200,695.00,"139,000.00"
2020-01-12,2020011201015861,ILBS,51,47,100,695.00,"69,500.00"
2020-01-12,2020011201015860,ILBS,51,14,200,695.00,"139,000.00"
2020-01-12,2020011201015801,ILBS,51,46,10,693.00,"6,930.00"
2020-01-12,2020011201015800,ILBS,51,26,160,693.00,"110,880.00"
2020-01-12,2020011201015545,ILBS,38,11,200,692.00,"138,400.00"
2020-01-12,2020011201015878,JBBL,35,14,50,164.00,"8,200.00"
2020-01-12,2020011201015774,JBBL,35,14,30,164.00,"4,920.00"
2020-01-12,2020011201015773,JBBL,35,44,70,164.00,"11,480.00"
2020-01-12,2020011201015772,JBBL,35,11,200,162.00,"32,400.00"
2020-01-12,2020011201015452,JSLBB,25,13,20,"1,428.00","28,560.00"
2020-01-12,2020011201015829,KBL,41,48,210,193.00,"40,530.00"
2020-01-12,2020011201015828,KBL,41,52,90,193.00,"17,370.00"
2020-01-12,2020011201015679,KBL,58,52,10,193.00,"1,930.00"
2020-01-12,2020011201015596,KBL,50,41,"1,843",192.00,"353,856.00"
2020-01-12,2020011201015595,KBL,54,41,257,192.00,"49,344.00"
2020-01-12,2020011201015888,KSBBL,33,54,71,142.00,"10,082.00"
2020-01-12,2020011201015787,KSBBL,32,51,10,144.00,"1,440.00"
2020-01-12,2020011201015667,KSBBL,21,45,450,143.00,"64,350.00"
2020-01-12,2020011201015615,KSBBL,33,57,400,142.00,"56,800.00"
2020-01-12,2020011201015741,LBL,25,26,10,206.00,"2,060.00"
2020-01-12,2020011201015712,LBL,25,29,"3,461",203.00,"702,583.00"
2020-01-12,2020011201015634,LBL,45,29,200,203.00,"40,600.00"
2020-01-12,2020011201015633,LBL,13,29,675,203.00,"137,025.00"
2020-01-12,2020011201015737,LGIL,26,29,50,390.00,"19,500.00"
2020-01-12,2020011201015799,LICN,25,17,10,"1,185.00","11,850.00"
2020-01-12,2020011201015473,LICN,33,17,770,"1,173.00","903,210.00"
2020-01-12,2020011201015465,LICN,33,33,678,"1,173.00","795,294.00"
2020-01-12,2020011201015447,LICN,33,45,60,"1,170.00","70,200.00"
2020-01-12,2020011201015446,LICN,33,6,20,"1,170.00","23,400.00"
2020-01-12,2020011201015445,LICN,33,43,50,"1,170.00","58,500.00"
2020-01-12,2020011201015438,LICN,33,39,300,"1,165.00","349,500.00"
2020-01-12,2020011201015437,LICN,33,17,500,"1,160.00","580,000.00"
2020-01-12,2020011201015436,LICN,33,29,42,"1,159.00","48,678.00"
2020-01-12,2020011201015444,LICN,33,20,"1,000","1,170.00","1,170,000.00"
2020-01-12,2020011201015443,LICN,33,22,200,"1,169.00","233,800.00"
2020-01-12,2020011201015442,LICN,33,17,100,"1,169.00","116,900.00"
2020-01-12,2020011201015441,LICN,33,25,10,"1,168.00","11,680.00"
2020-01-12,2020011201015440,LICN,33,59,200,"1,166.00","233,200.00"
2020-01-12,2020011201015439,LICN,33,57,70,"1,165.00","81,550.00"
2020-01-12,2020011201015796,LLBS,19,49,10,885.00,"8,850.00"
2020-01-12,2020011201015670,LLBS,38,57,10,868.00,"8,680.00"
2020-01-12,2020011201015636,LLBS,58,57,100,884.00,"88,400.00"
2020-01-12,2020011201015904,MBL,16,45,"1,475",230.00,"339,250.00"
2020-01-12,2020011201015809,MBL,45,45,"1,000",230.00,"230,000.00"
2020-01-12,2020011201015718,MBL,34,36,"1,000",229.00,"229,000.00"
2020-01-12,2020011201015694,MBL,11,45,400,230.00,"92,000.00"
2020-01-12,2020011201015645,MBL,34,36,500,229.00,"114,500.00"
2020-01-12,2020011201015644,MBL,16,36,"1,000",229.00,"229,000.00"
2020-01-12,2020011201015519,MBL,45,45,677,230.00,"155,710.00"
2020-01-12,2020011201015518,MBL,45,48,323,230.00,"74,290.00"
2020-01-12,2020011201015485,MDB,16,57,511,283.00,"144,613.00"
2020-01-12,2020011201015564,MEGA,56,39,"1,000",197.00,"197,000.00"
2020-01-12,2020011201015427,MEGA,22,57,100,198.00,"19,800.00"
2020-01-12,2020011201015680,MNBBL,47,17,500,306.00,"153,000.00"
2020-01-12,2020011201015522,MNBBL,44,17,400,306.00,"122,400.00"
2020-01-12,2020011201015484,MNBBL,49,17,100,306.00,"30,600.00"
2020-01-12,2020011201015795,MSLB,33,16,10,970.00,"9,700.00"
2020-01-12,2020011201015451,MSLB,33,32,10,970.00,"9,700.00"
2020-01-12,2020011201015604,NABIL,47,29,500,726.00,"363,000.00"
2020-01-12,2020011201015877,NADEP,39,34,23,616.00,"14,168.00"
2020-01-12,2020011201015783,NADEP,18,14,10,620.00,"6,200.00"
2020-01-12,2020011201015736,NADEP,54,34,23,616.00,"14,168.00"
2020-01-12,2020011201015735,NADEP,26,25,80,619.00,"49,520.00"
2020-01-12,2020011201015711,NADEP,26,25,120,619.00,"74,280.00"
2020-01-12,2020011201015710,NADEP,26,38,470,619.00,"290,930.00"
2020-01-12,2020011201015709,NADEP,26,26,310,618.00,"191,580.00"
2020-01-12,2020011201015640,NADEP,11,26,150,618.00,"92,700.00"
2020-01-12,2020011201015493,NADEP,54,49,121,616.00,"74,536.00"
2020-01-12,2020011201015838,NBB,16,57,46,204.00,"9,384.00"
2020-01-12,2020011201015837,NBB,16,17,454,204.00,"92,616.00"
2020-01-12,2020011201015416,NBB,47,52,500,203.00,"101,500.00"
2020-01-12,2020011201015415,NBB,47,32,500,203.00,"101,500.00"
2020-01-12,2020011201015414,NBB,47,25,100,203.00,"20,300.00"
2020-01-12,2020011201015413,NBB,47,34,19,203.00,"3,857.00"
2020-01-12,2020011201015412,NBB,47,49,20,203.00,"4,060.00"
2020-01-12,2020011201015411,NBB,47,34,390,203.00,"79,170.00"
2020-01-12,2020011201015696,NBB,16,39,500,204.00,"102,000.00"
2020-01-12,2020011201015563,NBB,57,52,50,203.00,"10,150.00"
2020-01-12,2020011201015417,NBB,47,14,60,203.00,"12,180.00"
2020-01-12,2020011201015697,NBB,16,48,500,204.00,"102,000.00"
2020-01-12,2020011201015784,NBB,32,17,100,204.00,"20,400.00"
2020-01-12,2020011201015771,NBB,16,17,446,204.00,"90,984.00"
2020-01-12,2020011201015770,NBB,16,52,54,204.00,"11,016.00"
2020-01-12,2020011201015769,NBB,16,48,500,204.00,"102,000.00"
2020-01-12,2020011201015903,NBL,56,36,350,273.00,"95,550.00"
2020-01-12,2020011201015902,NBL,49,36,500,273.00,"136,500.00"
2020-01-12,2020011201015901,NBL,49,36,150,273.00,"40,950.00"
2020-01-12,2020011201015900,NBL,45,44,200,274.00,"54,800.00"
2020-01-12,2020011201015898,NBL,49,44,10,274.00,"2,740.00"
2020-01-12,2020011201015897,NBL,33,44,20,274.00,"5,480.00"
2020-01-12,2020011201015546,NBL,43,47,"1,000",273.00,"273,000.00"
2020-01-12,2020011201015512,NBL,49,47,500,273.00,"136,500.00"
2020-01-12,2020011201015896,NBL,6,44,"1,000",274.00,"274,000.00"
2020-01-12,2020011201015750,NBL,49,40,200,273.00,"54,600.00"
2020-01-12,2020011201015613,NBL,49,36,100,273.00,"27,300.00"
2020-01-12,2020011201015612,NBL,49,47,50,273.00,"13,650.00"
2020-01-12,2020011201015592,NBL,36,47,"2,000",273.00,"546,000.00"
2020-01-12,2020011201015559,NBL,49,47,500,273.00,"136,500.00"
2020-01-12,2020011201015907,NCCB,14,48,500,217.00,"108,500.00"
2020-01-12,2020011201015859,NCCB,57,48,20,217.00,"4,340.00"
2020-01-12,2020011201015686,NCCB,59,48,100,217.00,"21,700.00"
2020-01-12,2020011201015430,NCCB,29,38,"1,000",217.00,"217,000.00"
2020-01-12,2020011201015429,NCCB,29,38,500,217.00,"108,500.00"
2020-01-12,2020011201015428,NCCB,29,58,"1,259",217.00,"273,203.00"
2020-01-12,2020011201015892,NEF,22,25,510,7.95,"4,054.50"
2020-01-12,2020011201015489,NEF,22,45,"4,500",7.95,"35,775.00"
2020-01-12,2020011201015853,NIB,22,48,100,403.00,"40,300.00"
2020-01-12,2020011201015675,NIB,45,50,100,403.00,"40,300.00"
2020-01-12,2020011201015631,NIB,14,1,10,404.00,"4,040.00"
2020-01-12,2020011201015591,NIB,14,57,100,403.00,"40,300.00"
2020-01-12,2020011201015561,NIBPO,42,59,500,380.00,"190,000.00"
2020-01-12,2020011201015876,NICA,41,4,"1,533",446.00,"683,718.00"
2020-01-12,2020011201015869,NICA,53,4,500,446.00,"223,000.00"
2020-01-12,2020011201015834,NICA,50,4,500,446.00,"223,000.00"
2020-01-12,2020011201015775,NICA,16,4,250,446.00,"111,500.00"
2020-01-12,2020011201015746,NICA,22,4,223,446.00,"99,458.00"
2020-01-12,2020011201015732,NICA,50,4,500,446.00,"223,000.00"
2020-01-12,2020011201015673,NICA,13,4,50,446.00,"22,300.00"
2020-01-12,2020011201015597,NICA,45,4,500,446.00,"223,000.00"
2020-01-12,2020011201015474,NICA,50,4,200,446.00,"89,200.00"
2020-01-12,2020011201015453,NICA,28,16,500,445.00,"222,500.00"
2020-01-12,2020011201015872,NICL,44,53,50,341.00,"17,050.00"
2020-01-12,2020011201015842,NICL,36,53,300,340.00,"102,000.00"
2020-01-12,2020011201015841,NICL,36,47,100,340.00,"34,000.00"
2020-01-12,2020011201015840,NICL,36,46,132,340.00,"44,880.00"
2020-01-12,2020011201015734,NICL,44,58,"3,333",339.00,"1,129,887.00"
2020-01-12,2020011201015423,NICL,58,58,10,339.00,"3,390.00"
2020-01-12,2020011201015864,NIL,41,35,400,428.00,"171,200.00"
2020-01-12,2020011201015852,NIL,5,45,200,427.00,"85,400.00"
2020-01-12,2020011201015713,NIL,16,17,50,426.00,"21,300.00"
2020-01-12,2020011201015593,NIL,40,22,140,426.00,"59,640.00"
2020-01-12,2020011201015529,NIL,40,52,360,426.00,"153,360.00"
2020-01-12,2020011201015528,NIL,7,52,200,427.00,"85,400.00"
2020-01-12,2020011201015874,NLBBL,11,45,20,638.00,"12,760.00"
2020-01-12,2020011201015873,NLBBL,11,52,80,637.00,"50,960.00"
2020-01-12,2020011201015833,NLBBL,33,52,10,637.00,"6,370.00"
2020-01-12,2020011201015747,NLBBL,52,52,10,637.00,"6,370.00"
2020-01-12,2020011201015671,NLBBL,52,39,10,630.00,"6,300.00"
2020-01-12,2020011201015785,NLIC,7,25,500,"1,005.00","502,500.00"
2020-01-12,2020011201015699,NLIC,59,38,100,"1,000.00","100,000.00"
2020-01-12,2020011201015698,NLIC,32,38,100,"1,000.00","100,000.00"
2020-01-12,2020011201015496,NLIC,19,17,200,"1,007.00","201,400.00"
2020-01-12,2020011201015495,NLIC,19,56,200,"1,006.00","201,200.00"
2020-01-12,2020011201015469,NLIC,58,17,100,"1,007.00","100,700.00"
2020-01-12,2020011201015449,NLIC,57,17,200,"1,007.00","201,400.00"
2020-01-12,2020011201015626,NLICL,56,29,150,537.00,"80,550.00"
2020-01-12,2020011201015511,NLICL,35,40,10,537.00,"5,370.00"
2020-01-12,2020011201015642,NMB,49,22,100,361.00,"36,100.00"
2020-01-12,2020011201015464,NMB,46,22,90,368.00,"33,120.00"
2020-01-12,2020011201015463,NMB,46,25,10,362.00,"3,620.00"
2020-01-12,2020011201015462,NMB,46,16,100,360.00,"36,000.00"
2020-01-12,2020011201015881,NTC,43,49,75,636.00,"47,700.00"
2020-01-12,2020011201015880,NTC,43,34,175,632.00,"110,600.00"
2020-01-12,2020011201015821,NTC,43,34,75,632.00,"47,400.00"
2020-01-12,2020011201015820,NTC,43,44,50,631.00,"31,550.00"
2020-01-12,2020011201015641,NTC,33,19,15,627.00,"9,405.00"
2020-01-12,2020011201015611,NTC,38,42,100,625.00,"62,500.00"
2020-01-12,2020011201015610,NTC,38,16,50,625.00,"31,250.00"
2020-01-12,2020011201015723,NTC,43,11,300,630.00,"189,000.00"
2020-01-12,2020011201015722,NTC,43,46,100,630.00,"63,000.00"
2020-01-12,2020011201015721,NTC,43,17,100,629.00,"62,900.00"
2020-01-12,2020011201015720,NTC,43,41,350,627.00,"219,450.00"
2020-01-12,2020011201015719,NTC,43,19,135,627.00,"84,645.00"
2020-01-12,2020011201015819,NTC,43,50,25,630.00,"15,750.00"
2020-01-12,2020011201015724,NTC,43,50,25,630.00,"15,750.00"
2020-01-12,2020011201015524,NUBL,28,38,221,892.00,"197,132.00"
2020-01-12,2020011201015895,OHL,56,16,500,493.00,"246,500.00"
2020-01-12,2020011201015894,OHL,56,52,200,492.00,"98,400.00"
2020-01-12,2020011201015893,OHL,56,42,190,492.00,"93,480.00"
2020-01-12,2020011201015890,OHL,34,42,10,492.00,"4,920.00"
2020-01-12,2020011201015889,OHL,34,19,20,491.00,"9,820.00"
2020-01-12,2020011201015455,OHL,56,42,50,487.00,"24,350.00"
2020-01-12,2020011201015700,OHL,25,6,50,488.00,"24,400.00"
2020-01-12,2020011201015506,PCBL,35,48,196,255.00,"49,980.00"
2020-01-12,2020011201015505,PCBL,35,42,100,255.00,"25,500.00"
2020-01-12,2020011201015504,PCBL,35,13,200,255.00,"51,000.00"
2020-01-12,2020011201015480,PIC,45,6,11,462.00,"5,082.00"
2020-01-12,2020011201015835,PLIC,25,49,310,413.00,"128,030.00"
2020-01-12,2020011201015805,PLIC,55,49,100,413.00,"41,300.00"
2020-01-12,2020011201015804,PLIC,55,49,200,413.00,"82,600.00"
2020-01-12,2020011201015780,PLIC,20,49,50,413.00,"20,650.00"
2020-01-12,2020011201015708,PLIC,53,49,500,413.00,"206,500.00"
2020-01-12,2020011201015683,PLIC,53,49,250,413.00,"103,250.00"
2020-01-12,2020011201015410,PLIC,25,29,153,408.00,"62,424.00"
2020-01-12,2020011201015682,PLIC,53,57,200,413.00,"82,600.00"
2020-01-12,2020011201015681,PLIC,53,19,50,413.00,"20,650.00"
2020-01-12,2020011201015581,PLIC,6,19,450,413.00,"185,850.00"
2020-01-12,2020011201015580,PLIC,6,57,50,413.00,"20,650.00"
2020-01-12,2020011201015494,PLIC,47,57,50,412.00,"20,600.00"
2020-01-12,2020011201015470,PLIC,39,38,113,411.00,"46,443.00"
2020-01-12,2020011201015669,PPCL,26,42,10,119.00,"1,190.00"
2020-01-12,2020011201015851,PRIN,22,34,324,385.00,"124,740.00"
2020-01-12,2020011201015850,PRIN,22,57,100,385.00,"38,500.00"
2020-01-12,2020011201015849,PRIN,22,29,50,385.00,"19,250.00"
2020-01-12,2020011201015848,PRIN,22,14,349,385.00,"134,365.00"
2020-01-12,2020011201015825,PRIN,44,14,130,385.00,"50,050.00"
2020-01-12,2020011201015818,PRIN,7,14,21,385.00,"8,085.00"
2020-01-12,2020011201015650,PRIN,6,44,200,384.00,"76,800.00"
2020-01-12,2020011201015621,PRIN,6,44,300,384.00,"115,200.00"
2020-01-12,2020011201015589,PRIN,5,44,500,384.00,"192,000.00"
2020-01-12,2020011201015562,PRIN,36,44,500,384.00,"192,000.00"
2020-01-12,2020011201015748,PRIN,58,43,434,385.00,"167,090.00"
2020-01-12,2020011201015706,PRIN,26,43,166,385.00,"63,910.00"
2020-01-12,2020011201015705,PRIN,26,26,100,385.00,"38,500.00"
2020-01-12,2020011201015704,PRIN,26,28,134,385.00,"51,590.00"
2020-01-12,2020011201015652,PRIN,46,51,150,384.00,"57,600.00"
2020-01-12,2020011201015651,PRIN,46,44,375,384.00,"144,000.00"
2020-01-12,2020011201015811,PRIN,7,36,382,385.00,"147,070.00"
2020-01-12,2020011201015765,PRIN,22,36,50,385.00,"19,250.00"
2020-01-12,2020011201015764,PRIN,7,36,62,385.00,"23,870.00"
2020-01-12,2020011201015763,PRIN,7,43,434,385.00,"167,090.00"
2020-01-12,2020011201015762,PRIN,7,43,504,385.00,"194,040.00"
2020-01-12,2020011201015749,PRIN,58,43,66,385.00,"25,410.00"
2020-01-12,2020011201015817,PRIN,7,34,18,385.00,"6,930.00"
2020-01-12,2020011201015816,PRIN,7,55,15,385.00,"5,775.00"
2020-01-12,2020011201015815,PRIN,7,8,50,385.00,"19,250.00"
2020-01-12,2020011201015814,PRIN,7,8,100,385.00,"38,500.00"
2020-01-12,2020011201015813,PRIN,7,36,114,385.00,"43,890.00"
2020-01-12,2020011201015812,PRIN,7,43,300,385.00,"115,500.00"
2020-01-12,2020011201015863,PRVU,25,58,43,238.00,"10,234.00"
2020-01-12,2020011201015479,PRVU,49,57,500,238.00,"119,000.00"
2020-01-12,2020011201015477,PRVU,49,57,"1,000",238.00,"238,000.00"
2020-01-12,2020011201015468,PRVU,42,57,500,238.00,"119,000.00"
2020-01-12,2020011201015570,PRVU,26,17,50,239.00,"11,950.00"
2020-01-12,2020011201015569,PRVU,26,45,250,239.00,"59,750.00"
2020-01-12,2020011201015565,PRVU,49,45,500,239.00,"119,500.00"
2020-01-12,2020011201015498,PRVU,25,22,300,238.00,"71,400.00"
2020-01-12,2020011201015497,PRVU,25,57,29,238.00,"6,902.00"
2020-01-12,2020011201015488,PRVU,57,57,"4,111",238.00,"978,418.00"
2020-01-12,2020011201015662,PRVU,50,58,500,238.00,"119,000.00"
2020-01-12,2020011201015617,PRVU,46,58,200,238.00,"47,600.00"
2020-01-12,2020011201015616,PRVU,57,58,257,238.00,"61,166.00"
2020-01-12,2020011201015588,PRVU,57,58,243,238.00,"57,834.00"
2020-01-12,2020011201015587,PRVU,25,58,171,238.00,"40,698.00"
2020-01-12,2020011201015832,PRVU,50,58,200,238.00,"47,600.00"
2020-01-12,2020011201015831,PRVU,25,58,500,238.00,"119,000.00"
2020-01-12,2020011201015794,PRVU,25,58,200,238.00,"47,600.00"
2020-01-12,2020011201015786,PRVU,19,58,500,238.00,"119,000.00"
2020-01-12,2020011201015733,PRVU,1,58,100,238.00,"23,800.00"
2020-01-12,2020011201015707,PRVU,34,58,500,238.00,"119,000.00"
2020-01-12,2020011201015867,RBCL,59,14,10,"9,200.00","92,000.00"
2020-01-12,2020011201015685,RBCL,11,45,35,"9,101.00","318,535.00"
2020-01-12,2020011201015797,RBCLPO,37,33,22,"8,420.00","185,240.00"
2020-01-12,2020011201015431,RHPC,45,17,571,72.00,"41,112.00"
2020-01-12,2020011201015492,RMDC,16,42,390,649.00,"253,110.00"
2020-01-12,2020011201015409,RMDC,17,42,10,649.00,"6,490.00"
2020-01-12,2020011201015583,RSDC,20,33,50,403.00,"20,150.00"
2020-01-12,2020011201015778,SABSL,34,28,50,748.00,"37,400.00"
2020-01-12,2020011201015766,SABSL,45,41,10,745.00,"7,450.00"
2020-01-12,2020011201015802,SADBL,59,53,10,150.00,"1,500.00"
2020-01-12,2020011201015768,SADBL,59,45,90,149.00,"13,410.00"
2020-01-12,2020011201015767,SADBL,59,59,22,147.00,"3,234.00"
2020-01-12,2020011201015656,SADBL,50,59,40,147.00,"5,880.00"
2020-01-12,2020011201015655,SADBL,59,59,488,147.00,"71,736.00"
2020-01-12,2020011201015654,SADBL,17,59,50,148.00,"7,400.00"
2020-01-12,2020011201015653,SADBL,17,59,100,148.00,"14,800.00"
2020-01-12,2020011201015624,SADBL,20,45,10,149.00,"1,490.00"
2020-01-12,2020011201015501,SANIMA,38,6,460,341.00,"156,860.00"
2020-01-12,2020011201015422,SANIMA,49,6,540,341.00,"184,140.00"
2020-01-12,2020011201015421,SANIMA,49,40,200,341.00,"68,200.00"
2020-01-12,2020011201015420,SANIMA,49,52,50,341.00,"17,050.00"
2020-01-12,2020011201015419,SANIMA,49,16,10,341.00,"3,410.00"
2020-01-12,2020011201015418,SANIMA,49,44,200,341.00,"68,200.00"
2020-01-12,2020011201015609,SAPDBL,40,17,221,141.00,"31,161.00"
2020-01-12,2020011201015608,SAPDBL,40,48,40,141.00,"5,640.00"
2020-01-12,2020011201015607,SAPDBL,40,57,116,140.00,"16,240.00"
2020-01-12,2020011201015606,SAPDBL,40,25,23,140.00,"3,220.00"
2020-01-12,2020011201015605,SAPDBL,40,6,100,140.00,"14,000.00"
2020-01-12,2020011201015879,SBI,25,13,20,403.00,"8,060.00"
2020-01-12,2020011201015674,SBL,25,6,200,313.00,"62,600.00"
2020-01-12,2020011201015603,SBL,25,7,"1,000",312.00,"312,000.00"
2020-01-12,2020011201015602,SBL,25,44,100,312.00,"31,200.00"
2020-01-12,2020011201015601,SBL,25,5,300,312.00,"93,600.00"
2020-01-12,2020011201015600,SBL,25,43,25,312.00,"7,800.00"
2020-01-12,2020011201015599,SBL,25,48,260,312.00,"81,120.00"
2020-01-12,2020011201015598,SBL,25,29,100,312.00,"31,200.00"
2020-01-12,2020011201015625,SCB,42,13,100,573.00,"57,300.00"
2020-01-12,2020011201015906,SDESI,33,45,20,773.00,"15,460.00"
2020-01-12,2020011201015905,SDESI,33,6,50,770.00,"38,500.00"
2020-01-12,2020011201015887,SDESI,25,21,20,770.00,"15,400.00"
2020-01-12,2020011201015649,SDESI,21,19,27,760.00,"20,520.00"
2020-01-12,2020011201015648,SDESI,21,25,100,760.00,"76,000.00"
2020-01-12,2020011201015647,SDESI,21,4,200,760.00,"152,000.00"
2020-01-12,2020011201015646,SDESI,21,32,10,759.00,"7,590.00"
2020-01-12,2020011201015516,SFFIL,11,29,70,208.00,"14,560.00"
2020-01-12,2020011201015515,SFFIL,11,14,78,208.00,"16,224.00"
2020-01-12,2020011201015514,SFFIL,11,56,52,207.00,"10,764.00"
2020-01-12,2020011201015757,SHINE,49,21,100,254.00,"25,400.00"
2020-01-12,2020011201015756,SHINE,49,58,100,254.00,"25,400.00"
2020-01-12,2020011201015755,SHINE,49,1,222,254.00,"56,388.00"
2020-01-12,2020011201015491,SHINE,26,1,300,254.00,"76,200.00"
2020-01-12,2020011201015483,SHINE,25,16,50,254.00,"12,700.00"
2020-01-12,2020011201015830,SHIVM,32,21,200,495.00,"99,000.00"
2020-01-12,2020011201015745,SHIVM,56,21,10,495.00,"4,950.00"
2020-01-12,2020011201015690,SHIVM,25,34,100,493.00,"49,300.00"
2020-01-12,2020011201015684,SHIVM,35,58,300,492.00,"147,600.00"
2020-01-12,2020011201015659,SHIVM,37,58,200,492.00,"98,400.00"
2020-01-12,2020011201015658,SHIVM,57,58,200,492.00,"98,400.00"
2020-01-12,2020011201015657,SHIVM,5,58,300,492.00,"147,600.00"
2020-01-12,2020011201015839,SICL,29,34,210,977.00,"205,170.00"
2020-01-12,2020011201015836,SICL,49,34,10,977.00,"9,770.00"
2020-01-12,2020011201015824,SICL,42,34,10,977.00,"9,770.00"
2020-01-12,2020011201015632,SICL,7,5,22,970.00,"21,340.00"
2020-01-12,2020011201015509,SIFC,45,38,100,148.00,"14,800.00"
2020-01-12,2020011201015508,SIFC,45,32,239,148.00,"35,372.00"
2020-01-12,2020011201015754,SJCL,29,41,80,162.00,"12,960.00"
2020-01-12,2020011201015753,SJCL,40,41,900,162.00,"145,800.00"
2020-01-12,2020011201015752,SJCL,40,41,500,163.00,"81,500.00"
2020-01-12,2020011201015751,SJCL,33,41,520,163.00,"84,760.00"
2020-01-12,2020011201015571,SLICL,59,41,76,341.00,"25,916.00"
2020-01-12,2020011201015454,SLICL,59,59,191,341.00,"65,131.00"
2020-01-12,2020011201015456,SMB,20,34,150,735.00,"110,250.00"
2020-01-12,2020011201015614,SMB,38,11,50,732.00,"36,600.00"
2020-01-12,2020011201015458,SMB,38,34,50,732.00,"36,600.00"
2020-01-12,2020011201015457,SMB,59,34,300,734.00,"220,200.00"
2020-01-12,2020011201015891,SMFDB,38,57,30,705.00,"21,150.00"
2020-01-12,2020011201015695,SMFDB,42,56,290,704.00,"204,160.00"
2020-01-12,2020011201015481,SPARS,11,1,60,730.00,"43,800.00"
2020-01-12,2020011201015744,SRBL,25,17,100,239.00,"23,900.00"
2020-01-12,2020011201015513,SRBL,14,28,516,240.00,"123,840.00"
2020-01-12,2020011201015490,SRBL,14,45,484,240.00,"116,160.00"
2020-01-12,2020011201015827,STC,38,49,15,"2,003.00","30,045.00"
2020-01-12,2020011201015560,STC,38,5,30,"2,025.00","60,750.00"
2020-01-12,2020011201015884,SWBBL,36,50,268,995.00,"266,660.00"
2020-01-12,2020011201015582,SWBBL,45,50,100,998.00,"99,800.00"
2020-01-12,2020011201015467,SWBBL,35,50,200,990.00,"198,000.00"
2020-01-12,2020011201015847,UPPER,33,45,40,246.00,"9,840.00"
2020-01-12,2020011201015846,UPPER,33,45,117,246.00,"28,782.00"
2020-01-12,2020011201015579,UPPER,58,45,383,246.00,"94,218.00"
2020-01-12,2020011201015578,UPPER,58,42,200,246.00,"49,200.00"
2020-01-12,2020011201015577,UPPER,58,19,20,246.00,"4,920.00"
2020-01-12,2020011201015576,UPPER,58,38,200,246.00,"49,200.00"
2020-01-12,2020011201015426,UPPER,33,4,740,245.00,"181,300.00"
2020-01-12,2020011201015425,UPPER,33,6,210,245.00,"51,450.00"
2020-01-12,2020011201015424,UPPER,33,42,50,245.00,"12,250.00"
2020-01-12,2020011201015532,UPPER,58,52,500,244.00,"122,000.00"
2020-01-12,2020011201015531,UPPER,58,51,250,244.00,"61,000.00"
2020-01-12,2020011201015523,UPPER,49,51,250,244.00,"61,000.00"
2020-01-12,2020011201015482,UPPER,53,51,500,244.00,"122,000.00"
2020-01-12,2020011201015466,UPPER,5,4,250,245.00,"61,250.00"
2020-01-12,2020011201015538,UPPER,58,25,40,245.00,"9,800.00"
2020-01-12,2020011201015537,UPPER,58,25,293,245.00,"71,785.00"
2020-01-12,2020011201015536,UPPER,58,25,293,245.00,"71,785.00"
2020-01-12,2020011201015535,UPPER,58,22,40,245.00,"9,800.00"
2020-01-12,2020011201015534,UPPER,58,14,100,245.00,"24,500.00"
2020-01-12,2020011201015533,UPPER,58,4,50,245.00,"12,250.00"
2020-01-12,2020011201015544,UPPER,58,43,54,245.00,"13,230.00"
2020-01-12,2020011201015543,UPPER,58,25,150,245.00,"36,750.00"
2020-01-12,2020011201015542,UPPER,58,25,40,245.00,"9,800.00"
2020-01-12,2020011201015541,UPPER,58,6,40,245.00,"9,800.00"
2020-01-12,2020011201015540,UPPER,58,58,100,245.00,"24,500.00"
2020-01-12,2020011201015539,UPPER,58,25,50,245.00,"12,250.00"
2020-01-12,2020011201015575,UPPER,58,22,50,246.00,"12,300.00"
2020-01-12,2020011201015574,UPPER,58,57,200,246.00,"49,200.00"
2020-01-12,2020011201015573,UPPER,58,37,500,245.00,"122,500.00"
2020-01-12,2020011201015572,UPPER,58,43,447,245.00,"109,515.00"
2020-01-12,2020011201015858,WOMI,58,49,500,943.00,"471,500.00"
2020-01-12,2020011201015857,WOMI,58,36,400,942.00,"376,800.00"
2020-01-12,2020011201015856,WOMI,58,47,100,941.00,"94,100.00"
2020-01-12,2020011201015472,WOMI,1,49,22,943.00,"20,746.00"
2020-01-12,2020011201015471,WOMI,1,55,28,943.00,"26,404.00"
2020-01-12,2020011201015361,ADBL,1,21,150,370.00,"55,500.00"
2020-01-12,2020011201015384,AHPC,34,28,20,93.00,"1,860.00"
2020-01-12,2020011201015288,AKPL,45,53,784,121.00,"94,864.00"
2020-01-12,2020011201015287,AKPL,45,45,30,121.00,"3,630.00"
2020-01-12,2020011201015390,ALBSL,21,45,20,633.00,"12,660.00"
2020-01-12,2020011201015389,ALICL,36,16,500,416.00,"208,000.00"
2020-01-12,2020011201015370,ALICL,32,16,40,416.00,"16,640.00"
2020-01-12,2020011201015065,ALICL,47,16,100,416.00,"41,600.00"
2020-01-12,2020011201014938,API,25,37,230,120.00,"27,600.00"
2020-01-12,2020011201014916,API,25,57,300,119.00,"35,700.00"
2020-01-12,2020011201014915,API,25,58,"1,000",119.00,"119,000.00"
2020-01-12,2020011201014914,API,25,6,29,119.00,"3,451.00"
2020-01-12,2020011201015395,BOKL,37,26,250,230.00,"57,500.00"
2020-01-12,2020011201015394,BOKL,47,26,100,230.00,"23,000.00"
2020-01-12,2020011201015393,BOKL,43,26,450,230.00,"103,500.00"
2020-01-12,2020011201014965,BOKL,34,42,161,232.00,"37,352.00"
2020-01-12,2020011201014964,BOKL,34,1,200,231.00,"46,200.00"
2020-01-12,2020011201014963,BOKL,34,42,100,231.00,"23,100.00"
2020-01-12,2020011201014962,BOKL,34,42,200,231.00,"46,200.00"
2020-01-12,2020011201014961,BOKL,34,39,50,231.00,"11,550.00"
2020-01-12,2020011201014960,BOKL,34,38,148,231.00,"34,188.00"
2020-01-12,2020011201015149,BOKL,43,32,50,230.00,"11,500.00"
2020-01-12,2020011201015089,BOKL,39,39,70,232.00,"16,240.00"
2020-01-12,2020011201015088,BOKL,39,57,30,232.00,"6,960.00"
2020-01-12,2020011201014966,BOKL,34,52,100,232.00,"23,200.00"
2020-01-12,2020011201014925,BPCL,35,47,45,317.00,"14,265.00"
2020-01-12,2020011201015365,CBBL,57,54,100,888.00,"88,800.00"
2020-01-12,2020011201015356,CBBL,29,50,290,889.00,"257,810.00"
2020-01-12,2020011201015355,CBBL,29,14,10,889.00,"8,890.00"
2020-01-12,2020011201015174,CBBL,47,50,100,885.00,"88,500.00"
2020-01-12,2020011201014918,CBBL,45,21,57,888.00,"50,616.00"
2020-01-12,2020011201014917,CBBL,45,11,43,888.00,"38,184.00"
2020-01-12,2020011201015057,CBBL,26,21,130,888.00,"115,440.00"
2020-01-12,2020011201015025,CBBL,1,21,14,888.00,"12,432.00"
2020-01-12,2020011201014971,CBBL,37,21,100,888.00,"88,800.00"
2020-01-12,2020011201014929,CBBL,47,21,150,888.00,"133,200.00"
2020-01-12,2020011201015173,CBBL,40,50,200,885.00,"177,000.00"
2020-01-12,2020011201015172,CBBL,25,50,120,885.00,"106,200.00"
2020-01-12,2020011201015171,CBBL,57,50,225,885.00,"199,125.00"
2020-01-12,2020011201015170,CBBL,57,50,100,887.00,"88,700.00"
2020-01-12,2020011201015169,CBBL,17,50,150,887.00,"133,050.00"
2020-01-12,2020011201015082,CBBL,14,21,49,888.00,"43,512.00"
2020-01-12,2020011201015335,CBL,4,34,200,140.00,"28,000.00"
2020-01-12,2020011201015334,CBL,4,56,"1,000",140.00,"140,000.00"
2020-01-12,2020011201015333,CBL,4,57,300,140.00,"42,000.00"
2020-01-12,2020011201015332,CBL,4,54,"1,000",140.00,"140,000.00"
2020-01-12,2020011201015331,CBL,4,29,500,140.00,"70,000.00"
2020-01-12,2020011201015108,CBL,4,6,94,139.00,"13,066.00"
2020-01-12,2020011201015107,CBL,4,32,"6,406",139.00,"890,434.00"
2020-01-12,2020011201015007,CBL,36,32,"1,198",139.00,"166,522.00"
2020-01-12,2020011201014922,CBL,32,4,860,138.00,"118,680.00"
2020-01-12,2020011201014921,CBL,35,4,"1,000",138.00,"138,000.00"
2020-01-12,2020011201014920,CBL,43,4,"1,000",138.00,"138,000.00"
2020-01-12,2020011201014919,CBL,32,4,140,138.00,"19,320.00"
2020-01-12,2020011201015075,CFCL,1,1,23,134.00,"3,082.00"
2020-01-12,2020011201015209,CHCL,10,40,50,392.00,"19,600.00"
2020-01-12,2020011201015194,CIT,37,29,100,"2,125.00","212,500.00"
2020-01-12,2020011201015193,CIT,37,11,30,"2,123.00","63,690.00"
2020-01-12,2020011201015117,CIT,37,29,100,"2,125.00","212,500.00"
2020-01-12,2020011201015091,CIT,37,29,100,"2,125.00","212,500.00"
2020-01-12,2020011201014975,CIT,39,39,329,"2,117.00","696,493.00"
2020-01-12,2020011201015364,CLBSL,3,5,17,836.00,"14,212.00"
2020-01-12,2020011201015298,CMF1,52,44,"1,000",9.29,"9,290.00"
2020-01-12,2020011201015318,CZBIL,17,17,100,198.00,"19,800.00"
2020-01-12,2020011201015090,CZBIL,34,26,"1,000",197.00,"197,000.00"
2020-01-12,2020011201015083,CZBIL,34,45,20,197.00,"3,940.00"
2020-01-12,2020011201015142,DBBL,45,59,351,141.00,"49,491.00"
2020-01-12,2020011201015141,DBBL,48,59,300,141.00,"42,300.00"
2020-01-12,2020011201015140,DBBL,57,59,"2,000",141.00,"282,000.00"
2020-01-12,2020011201015139,DBBL,39,59,163,141.00,"22,983.00"
2020-01-12,2020011201015123,DBBL,34,59,"2,000",142.00,"284,000.00"
2020-01-12,2020011201015122,DBBL,49,59,100,142.00,"14,200.00"
2020-01-12,2020011201015121,DBBL,32,59,86,142.00,"12,212.00"
2020-01-12,2020011201014988,DBBL,34,52,400,144.00,"57,600.00"
2020-01-12,2020011201014987,DBBL,34,38,100,144.00,"14,400.00"
2020-01-12,2020011201014986,DBBL,34,59,50,144.00,"7,200.00"
2020-01-12,2020011201014985,DBBL,34,13,500,144.00,"72,000.00"
2020-01-12,2020011201015363,DDBL,19,1,20,"1,040.00","20,800.00"
2020-01-12,2020011201015162,DDBL,7,42,50,"1,040.00","52,000.00"
2020-01-12,2020011201015161,DDBL,7,47,50,"1,040.00","52,000.00"
2020-01-12,2020011201015133,DDBL,5,34,100,"1,031.00","103,100.00"
2020-01-12,2020011201014998,DDBL,18,14,100,"1,030.00","103,000.00"
2020-01-12,2020011201014997,DDBL,18,16,25,"1,030.00","25,750.00"
2020-01-12,2020011201014996,DDBL,18,34,"1,300","1,029.00","1,337,700.00"
2020-01-12,2020011201014995,DDBL,18,32,100,"1,028.00","102,800.00"
2020-01-12,2020011201015358,EBL,26,21,50,595.00,"29,750.00"
2020-01-12,2020011201015357,EBL,26,37,50,595.00,"29,750.00"
2020-01-12,2020011201015320,EDBL,25,36,100,315.00,"31,500.00"
2020-01-12,2020011201014959,FMDBL,16,55,20,403.00,"8,060.00"
2020-01-12,2020011201015114,FOWAD,47,56,10,"1,230.00","12,300.00"
2020-01-12,2020011201015304,GBBL,43,57,461,222.00,"102,342.00"
2020-01-12,2020011201015303,GBBL,43,29,239,222.00,"53,058.00"
2020-01-12,2020011201014984,GBBL,33,38,20,221.00,"4,420.00"
2020-01-12,2020011201015373,GBLBS,1,43,90,403.00,"36,270.00"
2020-01-12,2020011201015372,GBLBS,55,43,10,403.00,"4,030.00"
2020-01-12,2020011201015255,GBLBS,55,28,15,403.00,"6,045.00"
2020-01-12,2020011201015353,GILB,33,56,42,"1,098.00","46,116.00"
2020-01-12,2020011201015036,GLBSL,11,22,100,629.00,"62,900.00"
2020-01-12,2020011201015035,GLBSL,11,46,10,617.00,"6,170.00"
2020-01-12,2020011201015279,GLICL,26,58,29,524.00,"15,196.00"
2020-01-12,2020011201015184,GLICL,49,48,50,528.00,"26,400.00"
2020-01-12,2020011201015183,GLICL,49,52,100,528.00,"52,800.00"
2020-01-12,2020011201015182,GLICL,49,39,100,528.00,"52,800.00"
2020-01-12,2020011201015181,GLICL,49,6,50,527.00,"26,350.00"
2020-01-12,2020011201015180,GLICL,49,32,200,527.00,"105,400.00"
2020-01-12,2020011201015113,GLICL,26,32,300,527.00,"158,100.00"
2020-01-12,2020011201015156,GMFBS,11,38,100,710.00,"71,000.00"
2020-01-12,2020011201015125,GMFBS,3,38,28,710.00,"19,880.00"
2020-01-12,2020011201015124,GMFBS,3,45,72,709.00,"51,048.00"
2020-01-12,2020011201015024,GRDBL,34,37,200,112.00,"22,400.00"
2020-01-12,2020011201015023,GRDBL,34,41,200,112.00,"22,400.00"
2020-01-12,2020011201014978,GUFL,59,37,"1,180",120.00,"141,600.00"
2020-01-12,2020011201014977,GUFL,59,14,40,120.00,"4,800.00"
2020-01-12,2020011201015191,HDL,6,40,100,"1,225.00","122,500.00"
2020-01-12,2020011201015029,ICFC,25,45,48,160.00,"7,680.00"
2020-01-12,2020011201015386,IGI,42,39,449,361.00,"162,089.00"
2020-01-12,2020011201015385,IGI,42,44,551,361.00,"198,911.00"
2020-01-12,2020011201015352,IGI,28,4,50,360.00,"18,000.00"
2020-01-12,2020011201015031,ILBS,51,45,500,691.00,"345,500.00"
2020-01-12,2020011201015030,ILBS,51,59,10,690.00,"6,900.00"
2020-01-12,2020011201015283,JFL,14,46,200,168.00,"33,600.00"
2020-01-12,2020011201015282,JFL,14,1,101,168.00,"16,968.00"
2020-01-12,2020011201015281,JFL,14,45,20,168.00,"3,360.00"
2020-01-12,2020011201015280,JFL,14,45,10,168.00,"1,680.00"
2020-01-12,2020011201015406,KBL,54,14,40,192.00,"7,680.00"
2020-01-12,2020011201015405,KBL,54,51,500,192.00,"96,000.00"
2020-01-12,2020011201015404,KBL,54,44,500,192.00,"96,000.00"
2020-01-12,2020011201015403,KBL,54,35,361,192.00,"69,312.00"
2020-01-12,2020011201015402,KBL,54,40,500,192.00,"96,000.00"
2020-01-12,2020011201015401,KBL,54,49,150,192.00,"28,800.00"
2020-01-12,2020011201015260,KBL,29,28,100,190.00,"19,000.00"
2020-01-12,2020011201015259,KBL,16,28,200,190.00,"38,000.00"
2020-01-12,2020011201015102,KBL,50,48,500,191.00,"95,500.00"
2020-01-12,2020011201015053,KBL,50,25,500,191.00,"95,500.00"
2020-01-12,2020011201015052,KBL,40,25,500,191.00,"95,500.00"
2020-01-12,2020011201015284,KBL,29,28,273,191.00,"52,143.00"
2020-01-12,2020011201015275,KBL,29,50,561,191.00,"107,151.00"
2020-01-12,2020011201015274,KBL,29,48,166,191.00,"31,706.00"
2020-01-12,2020011201015263,KBL,29,28,"2,000",190.00,"380,000.00"
2020-01-12,2020011201015262,KBL,22,28,"1,000",190.00,"190,000.00"
2020-01-12,2020011201015261,KBL,52,28,100,190.00,"19,000.00"
2020-01-12,2020011201015400,KBL,54,48,400,192.00,"76,800.00"
2020-01-12,2020011201015399,KBL,54,26,66,192.00,"12,672.00"
2020-01-12,2020011201015398,KBL,54,28,"1,999",191.00,"381,809.00"
2020-01-12,2020011201015397,KBL,54,25,"1,000",191.00,"191,000.00"
2020-01-12,2020011201015396,KBL,54,28,"1,227",191.00,"234,357.00"
2020-01-12,2020011201015285,KBL,45,28,500,191.00,"95,500.00"
2020-01-12,2020011201015210,KKHC,41,57,48,53.00,"2,544.00"
2020-01-12,2020011201015324,KSBBL,51,45,50,143.00,"7,150.00"
2020-01-12,2020011201015305,KSBBL,50,45,"1,000",143.00,"143,000.00"
2020-01-12,2020011201015077,LBBL,46,7,250,182.00,"45,500.00"
2020-01-12,2020011201015076,LBBL,57,7,200,183.00,"36,600.00"
2020-01-12,2020011201015047,LBBL,46,7,241,182.00,"43,862.00"
2020-01-12,2020011201015046,LBBL,50,7,259,182.00,"47,138.00"
2020-01-12,2020011201014994,LBBL,42,7,500,183.00,"91,500.00"
2020-01-12,2020011201014993,LBBL,25,7,"1,000",183.00,"183,000.00"
2020-01-12,2020011201015160,LBL,13,57,325,203.00,"65,975.00"
2020-01-12,2020011201015092,LICN,25,14,10,"1,165.00","11,650.00"
2020-01-12,2020011201015063,LICN,45,17,312,"1,150.00","358,800.00"
2020-01-12,2020011201015062,LICN,34,17,50,"1,151.00","57,550.00"
2020-01-12,2020011201015061,LICN,14,17,138,"1,151.00","158,838.00"
2020-01-12,2020011201015253,LLBS,58,32,131,884.00,"115,804.00"
2020-01-12,2020011201015252,LLBS,25,32,100,884.00,"88,400.00"
2020-01-12,2020011201015120,LLBS,25,57,100,883.00,"88,300.00"
2020-01-12,2020011201015381,MBL,50,48,177,230.00,"40,710.00"
2020-01-12,2020011201015380,MBL,50,57,85,230.00,"19,550.00"
2020-01-12,2020011201015379,MBL,50,57,238,229.00,"54,502.00"
2020-01-12,2020011201015351,MBL,26,57,200,229.00,"45,800.00"
2020-01-12,2020011201015350,MBL,26,34,"1,300",229.00,"297,700.00"
2020-01-12,2020011201015338,MBL,50,34,200,229.00,"45,800.00"
2020-01-12,2020011201015012,MBL,21,25,200,228.00,"45,600.00"
2020-01-12,2020011201015011,MBL,16,25,200,228.00,"45,600.00"
2020-01-12,2020011201015010,MBL,29,25,500,228.00,"114,000.00"
2020-01-12,2020011201015009,MBL,57,25,200,228.00,"45,600.00"
2020-01-12,2020011201015008,MBL,29,25,325,228.00,"74,100.00"
2020-01-12,2020011201015319,MBL,59,34,500,229.00,"114,500.00"
2020-01-12,2020011201015267,MBL,16,25,525,228.00,"119,700.00"
2020-01-12,2020011201015239,MBL,45,25,50,228.00,"11,400.00"
2020-01-12,2020011201015034,MBL,44,25,500,228.00,"114,000.00"
2020-01-12,2020011201015014,MBL,39,25,"2,000",228.00,"456,000.00"
2020-01-12,2020011201015013,MBL,26,25,500,228.00,"114,000.00"
2020-01-12,2020011201015391,MDB,4,17,"1,000",281.00,"281,000.00"
2020-01-12,2020011201015378,MDB,4,48,50,280.00,"14,000.00"
2020-01-12,2020011201015377,MDB,4,35,100,280.00,"28,000.00"
2020-01-12,2020011201015376,MDB,4,25,57,280.00,"15,960.00"
2020-01-12,2020011201015375,MDB,4,51,307,280.00,"85,960.00"
2020-01-12,2020011201015374,MDB,4,25,400,279.00,"111,600.00"
2020-01-12,2020011201015300,MEGA,26,17,100,199.00,"19,900.00"
2020-01-12,2020011201015254,MEGA,22,56,500,198.00,"99,000.00"
2020-01-12,2020011201015148,MEGA,14,17,200,199.00,"39,800.00"
2020-01-12,2020011201015147,MEGA,14,36,250,199.00,"49,750.00"
2020-01-12,2020011201015146,MEGA,14,22,500,199.00,"99,500.00"
2020-01-12,2020011201015095,MEGA,45,42,500,198.00,"99,000.00"
2020-01-12,2020011201015094,MEGA,45,44,200,198.00,"39,600.00"
2020-01-12,2020011201015093,MEGA,45,17,875,198.00,"173,250.00"
2020-01-12,2020011201015145,MEGA,14,43,50,199.00,"9,950.00"
2020-01-12,2020011201015100,MEGA,45,17,"2,000",198.00,"396,000.00"
2020-01-12,2020011201015099,MEGA,45,49,20,198.00,"3,960.00"
2020-01-12,2020011201015098,MEGA,45,34,"1,000",198.00,"198,000.00"
2020-01-12,2020011201015097,MEGA,45,39,500,198.00,"99,000.00"
2020-01-12,2020011201015096,MEGA,45,20,100,198.00,"19,800.00"
2020-01-12,2020011201015026,MFIL,33,38,500,150.00,"75,000.00"
2020-01-12,2020011201015078,MLBL,20,40,200,185.00,"37,000.00"
2020-01-12,2020011201015159,MNBBL,53,17,100,306.00,"30,600.00"
2020-01-12,2020011201015366,MSLB,1,39,10,970.00,"9,700.00"
2020-01-12,2020011201015336,MSLB,1,1,100,969.00,"96,900.00"
2020-01-12,2020011201015323,MSLB,1,29,60,967.00,"58,020.00"
2020-01-12,2020011201015322,MSLB,1,34,26,967.00,"25,142.00"
2020-01-12,2020011201015321,MSLB,1,28,190,967.00,"183,730.00"
2020-01-12,2020011201015198,NABIL,59,17,300,726.00,"217,800.00"
2020-01-12,2020011201015197,NABIL,14,17,100,726.00,"72,600.00"
2020-01-12,2020011201015196,NABIL,13,17,100,726.00,"72,600.00"
2020-01-12,2020011201015050,NABIL,44,6,100,727.00,"72,700.00"
2020-01-12,2020011201014928,NABIL,49,6,60,727.00,"43,620.00"
2020-01-12,2020011201014927,NABIL,49,29,140,727.00,"101,780.00"
2020-01-12,2020011201015392,NADEP,56,26,80,618.00,"49,440.00"
2020-01-12,2020011201015362,NADEP,54,48,23,615.00,"14,145.00"
2020-01-12,2020011201015256,NADEP,54,48,23,615.00,"14,145.00"
2020-01-12,2020011201015220,NADEP,54,48,23,615.00,"14,145.00"
2020-01-12,2020011201015048,NADEP,17,48,23,616.00,"14,168.00"
2020-01-12,2020011201014931,NADEP,17,48,23,616.00,"14,168.00"
2020-01-12,2020011201015341,NBB,22,59,384,202.00,"77,568.00"
2020-01-12,2020011201015340,NBB,16,59,116,202.00,"23,432.00"
2020-01-12,2020011201015221,NBB,56,34,100,203.00,"20,300.00"
2020-01-12,2020011201015382,NBL,58,47,100,273.00,"27,300.00"
2020-01-12,2020011201015330,NBL,51,47,"1,000",273.00,"273,000.00"
2020-01-12,2020011201015245,NBL,25,47,"1,000",273.00,"273,000.00"
2020-01-12,2020011201015236,NBL,19,47,50,273.00,"13,650.00"
2020-01-12,2020011201015206,NBL,25,47,500,273.00,"136,500.00"
2020-01-12,2020011201015074,NBL,44,47,100,273.00,"27,300.00"
2020-01-12,2020011201015022,NBL,41,47,100,273.00,"27,300.00"
2020-01-12,2020011201014910,NBL,17,47,"1,000",273.00,"273,000.00"
2020-01-12,2020011201014909,NBL,48,47,300,273.00,"81,900.00"
2020-01-12,2020011201014908,NBL,17,47,200,273.00,"54,600.00"
2020-01-12,2020011201015268,NCCB,51,58,500,217.00,"108,500.00"
2020-01-12,2020011201015190,NCCB,38,58,500,217.00,"108,500.00"
2020-01-12,2020011201015072,NCCB,4,5,231,216.00,"49,896.00"
2020-01-12,2020011201015071,NCCB,4,5,50,216.00,"10,800.00"
2020-01-12,2020011201015070,NCCB,35,5,65,216.00,"14,040.00"
2020-01-12,2020011201015069,NCCB,51,5,100,216.00,"21,600.00"
2020-01-12,2020011201015068,NCCB,51,5,54,216.00,"11,664.00"
2020-01-12,2020011201014980,NCCB,45,58,741,217.00,"160,797.00"
2020-01-12,2020011201014979,NCCB,45,33,259,217.00,"56,203.00"
2020-01-12,2020011201015297,NEF,22,14,"4,990",7.95,"39,670.50"
2020-01-12,2020011201015015,NIB,44,6,40,402.00,"16,080.00"
2020-01-12,2020011201014958,NIB,44,22,36,402.00,"14,472.00"
2020-01-12,2020011201014957,NIB,10,22,264,402.00,"106,128.00"
2020-01-12,2020011201015343,NIBPO,56,59,300,387.00,"116,100.00"
2020-01-12,2020011201015342,NIBPO,56,11,70,386.00,"27,020.00"
2020-01-12,2020011201015060,NIBPO,28,11,50,380.00,"19,000.00"
2020-01-12,2020011201014976,NIBPO,28,17,500,380.00,"190,000.00"
2020-01-12,2020011201015293,NICA,28,16,50,445.00,"22,250.00"
2020-01-12,2020011201015292,NICA,28,6,375,445.00,"166,875.00"
2020-01-12,2020011201015291,NICA,17,6,"1,000",445.00,"445,000.00"
2020-01-12,2020011201015290,NICA,32,6,50,445.00,"22,250.00"
2020-01-12,2020011201015289,NICA,51,6,380,445.00,"169,100.00"
2020-01-12,2020011201015269,NICA,38,4,10,446.00,"4,460.00"
2020-01-12,2020011201015211,NICA,49,4,734,446.00,"327,364.00"
2020-01-12,2020011201015116,NICA,41,36,500,447.00,"223,500.00"
2020-01-12,2020011201015051,NICA,14,36,"1,000",447.00,"447,000.00"
2020-01-12,2020011201014926,NICA,49,45,100,446.00,"44,600.00"
2020-01-12,2020011201015368,NICL,36,58,157,339.00,"53,223.00"
2020-01-12,2020011201015367,NICL,36,19,43,338.00,"14,534.00"
2020-01-12,2020011201015059,NICL,32,59,400,335.00,"134,000.00"
2020-01-12,2020011201015058,NICL,55,59,100,335.00,"33,500.00"
2020-01-12,2020011201015345,NIL,38,35,244,428.00,"104,432.00"
2020-01-12,2020011201015344,NIL,38,42,256,427.00,"109,312.00"
2020-01-12,2020011201015132,NIL,17,42,100,427.00,"42,700.00"
2020-01-12,2020011201015131,NIL,57,42,204,427.00,"87,108.00"
2020-01-12,2020011201014981,NIL,57,16,174,427.00,"74,298.00"
2020-01-12,2020011201014973,NIL,35,35,100,428.00,"42,800.00"
2020-01-12,2020011201014972,NIL,34,35,100,428.00,"42,800.00"
2020-01-12,2020011201015045,NLBBL,28,37,188,621.00,"116,748.00"
2020-01-12,2020011201015021,NLBBL,26,37,500,622.00,"311,000.00"
2020-01-12,2020011201015020,NLBBL,28,37,600,623.00,"373,800.00"
2020-01-12,2020011201015019,NLBBL,14,37,300,624.00,"187,200.00"
2020-01-12,2020011201015018,NLBBL,41,37,100,626.00,"62,600.00"
2020-01-12,2020011201015017,NLBBL,1,37,50,626.00,"31,300.00"
2020-01-12,2020011201015016,NLBBL,5,37,200,627.00,"125,400.00"
2020-01-12,2020011201014923,NLBBL,38,37,62,630.00,"39,060.00"
2020-01-12,2020011201015359,NLIC,56,19,24,"1,007.00","24,168.00"
2020-01-12,2020011201015316,NLIC,50,7,100,"1,007.00","100,700.00"
2020-01-12,2020011201015315,NLIC,50,17,899,"1,005.00","903,495.00"
2020-01-12,2020011201015314,NLIC,17,17,90,"1,005.00","90,450.00"
2020-01-12,2020011201015264,NLIC,56,17,300,"1,005.00","301,500.00"
2020-01-12,2020011201015251,NLIC,58,4,481,998.00,"480,038.00"
2020-01-12,2020011201015000,NLIC,45,17,"1,428","1,000.00","1,428,000.00"
2020-01-12,2020011201014999,NLIC,59,17,263,"1,003.00","263,789.00"
2020-01-12,2020011201014933,NLIC,59,49,37,"1,003.00","37,111.00"
2020-01-12,2020011201014932,NLIC,49,49,63,"1,003.00","63,189.00"
2020-01-12,2020011201015250,NLIC,50,4,100,998.00,"99,800.00"
2020-01-12,2020011201015249,NLIC,22,4,100,998.00,"99,800.00"
2020-01-12,2020011201015248,NLIC,20,4,60,999.00,"59,940.00"
2020-01-12,2020011201015247,NLIC,58,4,259,999.00,"258,741.00"
2020-01-12,2020011201015226,NLIC,29,11,50,"1,004.00","50,200.00"
2020-01-12,2020011201015001,NLIC,5,17,20,"1,000.00","20,000.00"
2020-01-12,2020011201015135,NLICL,58,20,420,530.00,"222,600.00"
2020-01-12,2020011201015086,NLICL,47,20,50,533.00,"26,650.00"
2020-01-12,2020011201015085,NLICL,45,20,30,537.00,"16,110.00"
2020-01-12,2020011201015044,NLICL,45,14,"1,000",537.00,"537,000.00"
2020-01-12,2020011201015043,NLICL,45,51,500,537.00,"268,500.00"
2020-01-12,2020011201015042,NLICL,45,8,100,537.00,"53,700.00"
2020-01-12,2020011201014912,NLICL,35,10,43,533.00,"22,919.00"
2020-01-12,2020011201014911,NLICL,35,53,17,532.00,"9,044.00"
2020-01-12,2020011201015041,NLICL,45,58,30,537.00,"16,110.00"
2020-01-12,2020011201015040,NLICL,45,19,100,537.00,"53,700.00"
2020-01-12,2020011201015039,NLICL,45,44,500,537.00,"268,500.00"
2020-01-12,2020011201015038,NLICL,45,14,50,537.00,"26,850.00"
2020-01-12,2020011201015037,NLICL,45,37,90,535.00,"48,150.00"
2020-01-12,2020011201014934,NLICL,29,37,10,535.00,"5,350.00"
2020-01-12,2020011201015349,NMB,56,22,10,362.00,"3,620.00"
2020-01-12,2020011201015329,NMB,46,22,70,362.00,"25,340.00"
2020-01-12,2020011201015328,NMB,46,29,50,360.00,"18,000.00"
2020-01-12,2020011201015302,NMB,33,32,100,355.00,"35,500.00"
2020-01-12,2020011201015301,NMB,33,57,970,355.00,"344,350.00"
2020-01-12,2020011201015299,NMB,56,45,25,354.00,"8,850.00"
2020-01-12,2020011201014944,NMB,48,16,100,350.00,"35,000.00"
2020-01-12,2020011201014943,NMB,48,41,"1,000",350.00,"350,000.00"
2020-01-12,2020011201014942,NMB,48,8,500,350.00,"175,000.00"
2020-01-12,2020011201014941,NMB,48,50,100,350.00,"35,000.00"
2020-01-12,2020011201014940,NMB,48,35,900,350.00,"315,000.00"
2020-01-12,2020011201014950,NMB,48,19,500,350.00,"175,000.00"
2020-01-12,2020011201014949,NMB,48,11,100,350.00,"35,000.00"
2020-01-12,2020011201014948,NMB,48,59,98,350.00,"34,300.00"
2020-01-12,2020011201014947,NMB,48,37,12,350.00,"4,200.00"
2020-01-12,2020011201014946,NMB,48,28,100,350.00,"35,000.00"
2020-01-12,2020011201014945,NMB,48,41,22,350.00,"7,700.00"
2020-01-12,2020011201015126,NMB,6,26,100,351.00,"35,100.00"
2020-01-12,2020011201014991,NMB,46,42,50,352.00,"17,600.00"
2020-01-12,2020011201014990,NMB,46,54,100,350.00,"35,000.00"
2020-01-12,2020011201014953,NMB,48,38,53,350.00,"18,550.00"
2020-01-12,2020011201014952,NMB,48,54,200,350.00,"70,000.00"
2020-01-12,2020011201014951,NMB,48,6,50,350.00,"17,500.00"
2020-01-12,2020011201015167,NMB,56,47,101,352.00,"35,552.00"
2020-01-12,2020011201015166,NMB,56,53,"1,000",352.00,"352,000.00"
2020-01-12,2020011201015165,NMB,56,44,100,352.00,"35,200.00"
2020-01-12,2020011201015164,NMB,56,42,150,352.00,"52,800.00"
2020-01-12,2020011201015163,NMB,56,19,401,352.00,"141,152.00"
2020-01-12,2020011201015127,NMB,6,45,100,351.00,"35,100.00"
2020-01-12,2020011201015214,NMB,56,41,100,353.00,"35,300.00"
2020-01-12,2020011201015213,NMB,56,25,100,353.00,"35,300.00"
2020-01-12,2020011201015212,NMB,56,35,200,353.00,"70,600.00"
2020-01-12,2020011201015203,NMB,25,35,300,353.00,"105,900.00"
2020-01-12,2020011201015202,NMB,25,39,200,353.00,"70,600.00"
2020-01-12,2020011201015168,NMB,56,50,100,352.00,"35,200.00"
2020-01-12,2020011201015286,NMB,56,45,25,354.00,"8,850.00"
2020-01-12,2020011201015258,NMB,33,57,10,355.00,"3,550.00"
2020-01-12,2020011201015238,NMB,56,57,10,355.00,"3,550.00"
2020-01-12,2020011201015217,NMB,56,22,100,354.00,"35,400.00"
2020-01-12,2020011201015216,NMB,56,25,100,354.00,"35,400.00"
2020-01-12,2020011201015215,NMB,56,32,100,353.00,"35,300.00"
2020-01-12,2020011201015066,NNLB,36,42,120,654.00,"78,480.00"
2020-01-12,2020011201015049,NNLB,13,45,100,653.00,"65,300.00"
2020-01-12,2020011201015235,NSEWA,18,34,507,617.00,"312,819.00"
2020-01-12,2020011201015234,NSEWA,18,6,100,616.00,"61,600.00"
2020-01-12,2020011201015233,NSEWA,18,33,10,615.00,"6,150.00"
2020-01-12,2020011201015237,NTC,14,45,50,624.00,"31,200.00"
2020-01-12,2020011201015189,NTC,14,42,100,624.00,"62,400.00"
2020-01-12,2020011201014983,NTC,14,41,150,624.00,"93,600.00"
2020-01-12,2020011201014982,NTC,55,41,100,624.00,"62,400.00"
2020-01-12,2020011201015201,NUBL,41,57,100,891.00,"89,100.00"
2020-01-12,2020011201015200,NUBL,41,50,35,891.00,"31,185.00"
2020-01-12,2020011201015199,NUBL,41,32,50,890.00,"44,500.00"
2020-01-12,2020011201014930,NUBL,52,7,120,890.00,"106,800.00"
2020-01-12,2020011201015155,PCBL,11,48,304,255.00,"77,520.00"
2020-01-12,2020011201015383,PIC,45,6,11,462.00,"5,082.00"
2020-01-12,2020011201015111,PLIC,57,48,200,410.00,"82,000.00"
2020-01-12,2020011201015110,PLIC,57,34,100,410.00,"41,000.00"
2020-01-12,2020011201015109,PLIC,57,57,156,410.00,"63,960.00"
2020-01-12,2020011201015339,PRIN,39,32,30,381.00,"11,430.00"
2020-01-12,2020011201015296,PRIN,49,44,"2,000",384.00,"768,000.00"
2020-01-12,2020011201015219,PRIN,22,44,200,384.00,"76,800.00"
2020-01-12,2020011201015187,PRIN,57,55,267,380.00,"101,460.00"
2020-01-12,2020011201015186,PRIN,57,55,200,380.00,"76,000.00"
2020-01-12,2020011201015136,PRIN,49,44,500,384.00,"192,000.00"
2020-01-12,2020011201015112,PRIN,17,44,300,384.00,"115,200.00"
2020-01-12,2020011201015369,PRVU,49,57,"1,000",238.00,"238,000.00"
2020-01-12,2020011201015337,PRVU,40,57,500,238.00,"119,000.00"
2020-01-12,2020011201015272,PRVU,22,57,360,238.00,"85,680.00"
2020-01-12,2020011201015271,PRVU,22,21,100,238.00,"23,800.00"
2020-01-12,2020011201015270,PRVU,22,38,40,238.00,"9,520.00"
2020-01-12,2020011201015208,PRVU,54,38,100,238.00,"23,800.00"
2020-01-12,2020011201014936,PRVU,1,58,"1,000",238.00,"238,000.00"
2020-01-12,2020011201015138,PRVU,16,38,849,237.00,"201,213.00"
2020-01-12,2020011201015137,PRVU,55,38,151,237.00,"35,787.00"
2020-01-12,2020011201015073,PRVU,6,38,400,238.00,"95,200.00"
2020-01-12,2020011201014956,PRVU,38,38,60,238.00,"14,280.00"
2020-01-12,2020011201014955,PRVU,38,58,170,238.00,"40,460.00"
2020-01-12,2020011201014939,PRVU,16,58,500,238.00,"119,000.00"
2020-01-12,2020011201015240,RBCLPO,59,17,10,"8,425.00","84,250.00"
2020-01-12,2020011201015118,RBCLPO,28,42,10,"8,440.00","84,400.00"
2020-01-12,2020011201015064,RBCLPO,34,45,20,"8,409.00","168,180.00"
2020-01-12,2020011201015222,RHPL,19,14,40,172.00,"6,880.00"
2020-01-12,2020011201015178,RMDC,53,34,300,649.00,"194,700.00"
2020-01-12,2020011201015177,RMDC,53,50,200,649.00,"129,800.00"
2020-01-12,2020011201015176,RMDC,53,11,100,646.00,"64,600.00"
2020-01-12,2020011201015175,RMDC,53,5,20,644.00,"12,880.00"
2020-01-12,2020011201015347,SABSL,49,57,10,740.00,"7,400.00"
2020-01-12,2020011201015192,SABSL,49,21,10,740.00,"7,400.00"
2020-01-12,2020011201015084,SABSL,49,6,10,740.00,"7,400.00"
2020-01-12,2020011201015278,SAEF,57,53,500,9.50,"4,750.00"
2020-01-12,2020011201014935,SAEF,57,47,"2,000",9.40,"18,800.00"
2020-01-12,2020011201015346,SANIMA,14,16,200,340.00,"68,000.00"
2020-01-12,2020011201015079,SANIMA,14,47,169,340.00,"57,460.00"
2020-01-12,2020011201014989,SANIMA,44,47,50,340.00,"17,000.00"
2020-01-12,2020011201014937,SAPDBL,43,43,"1,970",139.00,"273,830.00"
2020-01-12,2020011201015312,SBL,35,40,500,310.00,"155,000.00"
2020-01-12,2020011201015311,SBL,35,5,100,310.00,"31,000.00"
2020-01-12,2020011201015310,SBL,35,36,"2,000",310.00,"620,000.00"
2020-01-12,2020011201015309,SBL,35,34,71,310.00,"22,010.00"
2020-01-12,2020011201015308,SBL,35,58,318,310.00,"98,580.00"
2020-01-12,2020011201015307,SBL,35,50,200,310.00,"62,000.00"
2020-01-12,2020011201015306,SBL,35,49,170,310.00,"52,700.00"
2020-01-12,2020011201015205,SBL,14,49,830,310.00,"257,300.00"
2020-01-12,2020011201015204,SBL,14,29,170,310.00,"52,700.00"
2020-01-12,2020011201015032,SBL,8,45,40,308.00,"12,320.00"
2020-01-12,2020011201014967,SBL,34,17,500,309.00,"154,500.00"
2020-01-12,2020011201015153,SCB,45,13,150,573.00,"85,950.00"
2020-01-12,2020011201015152,SCB,21,13,100,573.00,"57,300.00"
2020-01-12,2020011201015151,SCB,19,13,118,574.00,"67,732.00"
2020-01-12,2020011201015150,SCB,47,13,35,574.00,"20,090.00"
2020-01-12,2020011201015224,SHINE,8,36,50,252.00,"12,600.00"
2020-01-12,2020011201015223,SHINE,32,36,50,253.00,"12,650.00"
2020-01-12,2020011201015188,SHINE,32,50,150,253.00,"37,950.00"
2020-01-12,2020011201015158,SHINE,21,50,200,253.00,"50,600.00"
2020-01-12,2020011201015157,SHINE,49,50,127,253.00,"32,131.00"
2020-01-12,2020011201015101,SHINE,57,16,200,254.00,"50,800.00"
2020-01-12,2020011201015033,SHINE,49,49,198,253.00,"50,094.00"
2020-01-12,2020011201015273,SHIVM,32,41,50,494.00,"24,700.00"
2020-01-12,2020011201015185,SHIVM,35,36,280,492.00,"137,760.00"
2020-01-12,2020011201015106,SHIVM,37,36,200,492.00,"98,400.00"
2020-01-12,2020011201015105,SHIVM,37,36,500,492.00,"246,000.00"
2020-01-12,2020011201015104,SHIVM,35,36,50,492.00,"24,600.00"
2020-01-12,2020011201015081,SHIVM,35,49,150,492.00,"73,800.00"
2020-01-12,2020011201015080,SHIVM,34,49,50,492.00,"24,600.00"
2020-01-12,2020011201015067,SHIVM,50,16,"1,000",494.00,"494,000.00"
2020-01-12,2020011201015154,SHL,41,6,500,203.00,"101,500.00"
2020-01-12,2020011201015134,SHL,56,6,200,203.00,"40,600.00"
2020-01-12,2020011201015119,SHL,56,6,200,203.00,"40,600.00"
2020-01-12,2020011201015103,SHL,6,34,500,203.00,"101,500.00"
2020-01-12,2020011201015195,SHPC,17,36,100,184.00,"18,400.00"
2020-01-12,2020011201015371,SICL,38,28,200,976.00,"195,200.00"
2020-01-12,2020011201015246,SICL,34,34,10,977.00,"9,770.00"
2020-01-12,2020011201015232,SICL,39,34,30,977.00,"29,310.00"
2020-01-12,2020011201015231,SICL,39,58,20,976.00,"19,520.00"
2020-01-12,2020011201015230,SICL,39,33,16,975.00,"15,600.00"
2020-01-12,2020011201015229,SICL,39,22,25,975.00,"24,375.00"
2020-01-12,2020011201015228,SICL,39,55,59,974.00,"57,466.00"
2020-01-12,2020011201015130,SICL,58,38,500,971.00,"485,500.00"
2020-01-12,2020011201015129,SICL,58,28,400,970.00,"388,000.00"
2020-01-12,2020011201015128,SICL,58,4,50,970.00,"48,500.00"
2020-01-12,2020011201014954,SICL,52,4,50,970.00,"48,500.00"
2020-01-12,2020011201015179,SJCL,33,14,20,163.00,"3,260.00"
2020-01-12,2020011201015360,SKBBL,54,38,50,958.00,"47,900.00"
2020-01-12,2020011201015407,SLBBL,5,50,100,715.00,"71,500.00"
2020-01-12,2020011201015348,SLBBL,38,58,100,716.00,"71,600.00"
2020-01-12,2020011201015325,SLBBL,37,58,400,717.00,"286,800.00"
2020-01-12,2020011201015276,SLBSL,5,25,300,789.00,"236,700.00"
2020-01-12,2020011201015056,SLBSL,5,45,50,790.00,"39,500.00"
2020-01-12,2020011201015055,SLBSL,5,14,200,790.00,"158,000.00"
2020-01-12,2020011201015054,SLBSL,5,58,50,790.00,"39,500.00"
2020-01-12,2020011201015354,SLICL,59,32,30,341.00,"10,230.00"
2020-01-12,2020011201015265,SLICL,42,49,"1,100",341.00,"375,100.00"
2020-01-12,2020011201015227,SLICL,42,17,86,340.00,"29,240.00"
2020-01-12,2020011201015218,SLICL,55,49,300,341.00,"102,300.00"
2020-01-12,2020011201015087,SLICL,42,29,200,340.00,"68,000.00"
2020-01-12,2020011201015028,SLICL,19,49,200,341.00,"68,200.00"
2020-01-12,2020011201015027,SLICL,57,49,400,341.00,"136,400.00"
2020-01-12,2020011201014913,SLICL,57,57,100,341.00,"34,100.00"
2020-01-12,2020011201015277,SMATA,57,6,12,744.00,"8,928.00"
2020-01-12,2020011201015266,SMATA,57,16,10,744.00,"7,440.00"
2020-01-12,2020011201015244,SMB,39,34,10,744.00,"7,440.00"
2020-01-12,2020011201015243,SMB,39,40,20,744.00,"14,880.00"
2020-01-12,2020011201015242,SMB,39,19,10,739.00,"7,390.00"
2020-01-12,2020011201015313,SMFDB,11,35,100,704.00,"70,400.00"
2020-01-12,2020011201014992,SMFDB,13,42,130,700.00,"91,000.00"
2020-01-12,2020011201015317,SRBL,28,28,100,244.00,"24,400.00"
2020-01-12,2020011201015257,SRBL,28,34,400,240.00,"96,000.00"
2020-01-12,2020011201015115,SRBL,28,34,100,240.00,"24,000.00"
2020-01-12,2020011201015006,SRBL,28,13,45,236.00,"10,620.00"
2020-01-12,2020011201015005,SRBL,28,17,"1,000",234.00,"234,000.00"
2020-01-12,2020011201015004,SRBL,28,25,100,233.00,"23,300.00"
2020-01-12,2020011201015003,SRBL,28,14,500,233.00,"116,500.00"
2020-01-12,2020011201015002,SRBL,28,17,500,233.00,"116,500.00"
2020-01-12,2020011201014970,SRBL,28,17,500,233.00,"116,500.00"
2020-01-12,2020011201014969,SRBL,28,46,500,233.00,"116,500.00"
2020-01-12,2020011201014968,SRBL,28,47,500,232.00,"116,000.00"
2020-01-12,2020011201015241,TMDBL,17,16,50,170.00,"8,500.00"
2020-01-12,2020011201015225,TRH,21,25,100,290.00,"29,000.00"
2020-01-12,2020011201015388,UPCL,36,6,10,75.00,750.00
2020-01-12,2020011201015387,UPCL,36,6,50,75.00,"3,750.00"
2020-01-12,2020011201015327,UPPER,33,43,"1,000",244.00,"244,000.00"
2020-01-12,2020011201015326,UPPER,33,39,218,244.00,"53,192.00"
2020-01-12,2020011201015144,UPPER,28,25,380,243.00,"92,340.00"
2020-01-12,2020011201015143,UPPER,49,25,620,243.00,"150,660.00"
2020-01-12,2020011201015295,WOMI,53,55,52,943.00,"49,036.00"
2020-01-12,2020011201015294,WOMI,53,49,198,942.00,"186,516.00"
2020-01-12,2020011201015207,WOMI,28,58,100,942.00,"94,200.00"
2020-01-12,2020011201014974,WOMI,38,49,50,940.00,"47,000.00"
2020-01-12,2020011201014924,WOMI,33,49,10,940.00,"9,400.00"
2020-01-12,2020011201014857,ADBL,1,54,97,370.00,"35,890.00"
2020-01-12,2020011201014824,ADBL,52,54,30,370.00,"11,100.00"
2020-01-12,2020011201014777,ADBL,52,37,30,370.00,"11,100.00"
2020-01-12,2020011201014776,ADBL,6,37,30,370.00,"11,100.00"
2020-01-12,2020011201014480,AHPC,34,25,"4,340",91.00,"394,940.00"
2020-01-12,2020011201014797,AKPL,55,51,"2,000",120.00,"240,000.00"
2020-01-12,2020011201014796,AKPL,55,44,700,120.00,"84,000.00"
2020-01-12,2020011201014760,AKPL,1,33,"2,500",119.00,"297,500.00"
2020-01-12,2020011201014759,AKPL,1,34,541,119.00,"64,379.00"
2020-01-12,2020011201014758,AKPL,1,43,"1,900",119.00,"226,100.00"
2020-01-12,2020011201014702,AKPL,5,43,100,119.00,"11,900.00"
2020-01-12,2020011201014649,AKPL,45,25,400,118.00,"47,200.00"
2020-01-12,2020011201014648,AKPL,45,10,"2,000",118.00,"236,000.00"
2020-01-12,2020011201014647,AKPL,45,58,786,118.00,"92,748.00"
2020-01-12,2020011201014558,AKPL,1,58,100,118.00,"11,800.00"
2020-01-12,2020011201014467,AKPL,25,25,881,116.00,"102,196.00"
2020-01-12,2020011201014765,ALBSL,11,55,100,634.00,"63,400.00"
2020-01-12,2020011201014887,ALICL,19,6,100,415.00,"41,500.00"
2020-01-12,2020011201014822,ALICL,58,58,500,410.00,"205,000.00"
2020-01-12,2020011201014763,ALICL,1,16,150,416.00,"62,400.00"
2020-01-12,2020011201014716,ALICL,35,16,100,416.00,"41,600.00"
2020-01-12,2020011201014629,ALICL,39,8,84,418.00,"35,112.00"
2020-01-12,2020011201014628,ALICL,39,8,200,418.00,"83,600.00"
2020-01-12,2020011201014627,ALICL,39,28,216,418.00,"90,288.00"
2020-01-12,2020011201014545,ALICL,44,28,100,418.00,"41,800.00"
2020-01-12,2020011201014453,ALICL,32,28,184,418.00,"76,912.00"
2020-01-12,2020011201014452,ALICL,32,52,66,418.00,"27,588.00"
2020-01-12,2020011201014451,ALICL,32,51,100,416.00,"41,600.00"
2020-01-12,2020011201014450,ALICL,32,33,100,416.00,"41,600.00"
2020-01-12,2020011201014773,API,51,37,60,120.00,"7,200.00"
2020-01-12,2020011201014772,API,51,22,40,118.00,"4,720.00"
2020-01-12,2020011201014631,API,8,39,30,118.00,"3,540.00"
2020-01-12,2020011201014541,API,7,37,10,120.00,"1,200.00"
2020-01-12,2020011201014540,API,7,25,490,120.00,"58,800.00"
2020-01-12,2020011201014516,API,45,25,10,120.00,"1,200.00"
2020-01-12,2020011201014478,API,21,25,500,120.00,"60,000.00"
2020-01-12,2020011201014460,API,45,43,"1,000",119.00,"119,000.00"
2020-01-12,2020011201014459,API,45,42,500,119.00,"59,500.00"
2020-01-12,2020011201014458,API,45,14,100,119.00,"11,900.00"
2020-01-12,2020011201014457,API,45,41,500,118.00,"59,000.00"
2020-01-12,2020011201014637,BBC,58,17,10,"1,850.00","18,500.00"
2020-01-12,2020011201014418,BBC,58,17,10,"1,817.00","18,170.00"
2020-01-12,2020011201014546,BOKL,43,17,400,230.00,"92,000.00"
2020-01-12,2020011201014462,BOKL,38,13,100,229.00,"22,900.00"
2020-01-12,2020011201014466,BPCL,5,49,15,318.00,"4,770.00"
2020-01-12,2020011201014899,CBBL,17,10,350,887.00,"310,450.00"
2020-01-12,2020011201014894,CBBL,39,11,200,888.00,"177,600.00"
2020-01-12,2020011201014829,CBBL,17,11,75,888.00,"66,600.00"
2020-01-12,2020011201014762,CBBL,32,11,200,888.00,"177,600.00"
2020-01-12,2020011201014698,CBBL,22,11,282,888.00,"250,416.00"
2020-01-12,2020011201014697,CBBL,22,56,18,888.00,"15,984.00"
2020-01-12,2020011201014869,CBL,32,36,860,138.00,"118,680.00"
2020-01-12,2020011201014868,CBL,26,36,130,138.00,"17,940.00"
2020-01-12,2020011201014837,CBL,26,36,11,138.00,"1,518.00"
2020-01-12,2020011201014696,CBL,26,38,20,138.00,"2,760.00"
2020-01-12,2020011201014601,CBL,26,47,839,138.00,"115,782.00"
2020-01-12,2020011201014600,CBL,48,47,180,138.00,"24,840.00"
2020-01-12,2020011201014599,CBL,26,47,"1,000",138.00,"138,000.00"
2020-01-12,2020011201014598,CBL,4,47,"2,000",138.00,"276,000.00"
2020-01-12,2020011201014625,CCBL,34,41,100,176.00,"17,600.00"
2020-01-12,2020011201014624,CCBL,34,32,500,176.00,"88,000.00"
2020-01-12,2020011201014623,CCBL,34,32,500,176.00,"88,000.00"
2020-01-12,2020011201014622,CCBL,34,39,131,175.00,"22,925.00"
2020-01-12,2020011201014621,CCBL,34,54,175,175.00,"30,625.00"
2020-01-12,2020011201014620,CCBL,34,45,"1,000",175.00,"175,000.00"
2020-01-12,2020011201014613,CCBL,34,39,200,174.00,"34,800.00"
2020-01-12,2020011201014612,CCBL,34,45,23,174.00,"4,002.00"
2020-01-12,2020011201014611,CCBL,34,16,500,174.00,"87,000.00"
2020-01-12,2020011201014610,CCBL,34,47,"1,020",174.00,"177,480.00"
2020-01-12,2020011201014609,CCBL,34,53,103,174.00,"17,922.00"
2020-01-12,2020011201014619,CCBL,34,34,121,175.00,"21,175.00"
2020-01-12,2020011201014618,CCBL,34,35,200,175.00,"35,000.00"
2020-01-12,2020011201014617,CCBL,34,46,"1,000",175.00,"175,000.00"
2020-01-12,2020011201014616,CCBL,34,19,500,175.00,"87,500.00"
2020-01-12,2020011201014615,CCBL,34,22,500,175.00,"87,500.00"
2020-01-12,2020011201014614,CCBL,34,45,20,175.00,"3,500.00"
2020-01-12,2020011201014856,CHCL,45,44,400,388.00,"155,200.00"
2020-01-12,2020011201014830,CHCL,47,44,500,389.00,"194,500.00"
2020-01-12,2020011201014575,CHCL,16,22,"1,000",390.00,"390,000.00"
2020-01-12,2020011201014481,CHCL,32,25,541,389.00,"210,449.00"
2020-01-12,2020011201014412,CHCL,45,28,500,389.00,"194,500.00"
2020-01-12,2020011201014792,CHL,52,47,74,88.00,"6,512.00"
2020-01-12,2020011201014791,CHL,52,51,40,88.00,"3,520.00"
2020-01-12,2020011201014790,CHL,52,51,10,86.00,860.00
2020-01-12,2020011201014671,CLBSL,41,7,11,820.00,"9,020.00"
2020-01-12,2020011201014590,CLBSL,41,5,235,819.00,"192,465.00"
2020-01-12,2020011201014448,CZBIL,34,17,500,198.00,"99,000.00"
2020-01-12,2020011201014801,DDBL,34,32,100,"1,028.00","102,800.00"
2020-01-12,2020011201014738,DDBL,34,54,100,"1,026.00","102,600.00"
2020-01-12,2020011201014737,DDBL,34,44,46,"1,026.00","47,196.00"
2020-01-12,2020011201014736,DDBL,34,50,34,"1,020.00","34,680.00"
2020-01-12,2020011201014630,DDBL,38,50,110,"1,020.00","112,200.00"
2020-01-12,2020011201014578,DDBL,52,50,250,"1,020.00","255,000.00"
2020-01-12,2020011201014526,DDBL,17,21,50,"1,025.00","51,250.00"
2020-01-12,2020011201014525,DDBL,17,49,50,"1,025.00","51,250.00"
2020-01-12,2020011201014577,DDBL,42,50,500,"1,021.00","510,500.00"
2020-01-12,2020011201014576,DDBL,45,50,100,"1,021.00","102,100.00"
2020-01-12,2020011201014573,DDBL,28,44,104,"1,026.00","106,704.00"
2020-01-12,2020011201014561,DDBL,28,44,50,"1,026.00","51,300.00"
2020-01-12,2020011201014560,DDBL,28,10,100,"1,025.00","102,500.00"
2020-01-12,2020011201014559,DDBL,28,21,50,"1,025.00","51,250.00"
2020-01-12,2020011201014503,EBL,26,45,20,594.00,"11,880.00"
2020-01-12,2020011201014704,EIC,34,32,250,306.00,"76,500.00"
2020-01-12,2020011201014661,EIC,17,47,20,306.00,"6,120.00"
2020-01-12,2020011201014657,FMDBL,16,4,200,403.00,"80,600.00"
2020-01-12,2020011201014643,FMDBL,16,4,200,403.00,"80,600.00"
2020-01-12,2020011201014634,FMDBL,35,4,150,403.00,"60,450.00"
2020-01-12,2020011201014603,FMDBL,35,4,150,403.00,"60,450.00"
2020-01-12,2020011201014581,FMDBL,35,4,200,403.00,"80,600.00"
2020-01-12,2020011201014574,FMDBL,25,4,96,403.00,"38,688.00"
2020-01-12,2020011201014687,FOWAD,53,16,100,"1,227.00","122,700.00"
2020-01-12,2020011201014429,FOWAD,38,47,37,"1,222.00","45,214.00"
2020-01-12,2020011201014862,GBBL,21,29,161,222.00,"35,742.00"
2020-01-12,2020011201014861,GBBL,21,13,100,222.00,"22,200.00"
2020-01-12,2020011201014750,GBBL,56,13,400,222.00,"88,800.00"
2020-01-12,2020011201014669,GBBL,8,13,"1,000",221.00,"221,000.00"
2020-01-12,2020011201014476,GBBL,33,37,500,221.00,"110,500.00"
2020-01-12,2020011201014475,GBBL,33,48,14,221.00,"3,094.00"
2020-01-12,2020011201014474,GBBL,33,29,100,221.00,"22,100.00"
2020-01-12,2020011201014663,GBLBS,55,56,15,403.00,"6,045.00"
2020-01-12,2020011201014668,GLBSL,21,56,10,617.00,"6,170.00"
2020-01-12,2020011201014608,GLBSL,21,47,10,617.00,"6,170.00"
2020-01-12,2020011201014607,GLBSL,21,48,22,614.00,"13,508.00"
2020-01-12,2020011201014606,GLBSL,21,32,20,614.00,"12,280.00"
2020-01-12,2020011201014605,GLBSL,21,44,10,613.00,"6,130.00"
2020-01-12,2020011201014604,GLBSL,21,56,20,613.00,"12,260.00"
2020-01-12,2020011201014539,GLBSL,34,56,100,613.00,"61,300.00"
2020-01-12,2020011201014538,GLBSL,34,45,100,612.00,"61,200.00"
2020-01-12,2020011201014799,GLICL,22,16,190,522.00,"99,180.00"
2020-01-12,2020011201014798,GLICL,52,16,223,522.00,"116,406.00"
2020-01-12,2020011201014676,GLICL,52,32,277,522.00,"144,594.00"
2020-01-12,2020011201014675,GLICL,32,32,23,522.00,"12,006.00"
2020-01-12,2020011201014873,GMFBS,29,38,50,710.00,"35,500.00"
2020-01-12,2020011201014430,GRDBL,52,21,40,110.00,"4,400.00"
2020-01-12,2020011201014780,GUFL,58,14,10,120.00,"1,200.00"
2020-01-12,2020011201014568,GUFL,59,45,291,117.00,"34,047.00"
2020-01-12,2020011201014881,HBL,37,34,500,556.00,"278,000.00"
2020-01-12,2020011201014439,HDL,37,40,100,"1,222.00","122,200.00"
2020-01-12,2020011201014438,HDL,35,40,100,"1,223.00","122,300.00"
2020-01-12,2020011201014437,HDL,45,40,20,"1,223.00","24,460.00"
2020-01-12,2020011201014699,HGI,43,43,"1,000",324.00,"324,000.00"
2020-01-12,2020011201014486,HGI,59,6,100,324.00,"32,400.00"
2020-01-12,2020011201014485,HGI,59,8,100,324.00,"32,400.00"
2020-01-12,2020011201014742,HIDCL,45,6,31,138.00,"4,278.00"
2020-01-12,2020011201014542,HIDCL,45,54,159,138.00,"21,942.00"
2020-01-12,2020011201014740,HURJA,29,52,100,108.00,"10,800.00"
2020-01-12,2020011201014715,HURJA,16,52,31,108.00,"3,348.00"
2020-01-12,2020011201014714,HURJA,16,56,100,108.00,"10,800.00"
2020-01-12,2020011201014706,HURJA,16,47,100,107.00,"10,700.00"
2020-01-12,2020011201014705,HURJA,16,37,100,107.00,"10,700.00"
2020-01-12,2020011201014864,ICFC,25,26,98,160.00,"15,680.00"
2020-01-12,2020011201014707,ICFC,25,26,97,160.00,"15,520.00"
2020-01-12,2020011201014528,ICFC,26,17,100,161.00,"16,100.00"
2020-01-12,2020011201014562,IGI,42,4,200,360.00,"72,000.00"
2020-01-12,2020011201014455,ILBS,29,26,150,693.00,"103,950.00"
2020-01-12,2020011201014819,JBBL,56,11,500,162.00,"81,000.00"
2020-01-12,2020011201014815,JBBL,35,6,685,160.00,"109,600.00"
2020-01-12,2020011201014748,JBBL,25,6,500,161.00,"80,500.00"
2020-01-12,2020011201014479,KBL,21,6,300,191.00,"57,300.00"
2020-01-12,2020011201014749,KPCL,19,52,10,83.00,830.00
2020-01-12,2020011201014662,KPCL,19,52,10,83.00,830.00
2020-01-12,2020011201014508,KRBL,39,7,470,103.00,"48,410.00"
2020-01-12,2020011201014893,KSBBL,38,51,70,144.00,"10,080.00"
2020-01-12,2020011201014746,KSBBL,38,50,200,143.00,"28,600.00"
2020-01-12,2020011201014745,KSBBL,38,45,98,143.00,"14,014.00"
2020-01-12,2020011201014679,LBL,4,54,214,202.00,"43,228.00"
2020-01-12,2020011201014678,LBL,14,54,31,202.00,"6,262.00"
2020-01-12,2020011201014677,LBL,11,54,100,202.00,"20,200.00"
2020-01-12,2020011201014886,LGIL,26,48,350,390.00,"136,500.00"
2020-01-12,2020011201014823,LGIL,26,25,100,390.00,"39,000.00"
2020-01-12,2020011201014556,LGIL,56,17,50,390.00,"19,500.00"
2020-01-12,2020011201014555,LGIL,56,11,53,390.00,"20,670.00"
2020-01-12,2020011201014554,LGIL,56,6,20,390.00,"7,800.00"
2020-01-12,2020011201014553,LGIL,56,19,100,390.00,"39,000.00"
2020-01-12,2020011201014520,LGIL,16,53,500,390.00,"195,000.00"
2020-01-12,2020011201014461,LGIL,26,53,500,390.00,"195,000.00"
2020-01-12,2020011201014552,LGIL,56,32,20,390.00,"7,800.00"
2020-01-12,2020011201014535,LGIL,14,39,494,389.00,"192,166.00"
2020-01-12,2020011201014534,LGIL,4,49,20,390.00,"7,800.00"
2020-01-12,2020011201014531,LGIL,57,49,471,390.00,"183,690.00"
2020-01-12,2020011201014530,LGIL,57,1,200,390.00,"78,000.00"
2020-01-12,2020011201014529,LGIL,57,53,329,390.00,"128,310.00"
2020-01-12,2020011201014878,LICN,25,14,11,"1,165.00","12,815.00"
2020-01-12,2020011201014866,LICN,14,25,62,"1,151.00","71,362.00"
2020-01-12,2020011201014588,LICN,45,17,100,"1,150.00","115,000.00"
2020-01-12,2020011201014587,LICN,34,17,200,"1,152.00","230,400.00"
2020-01-12,2020011201014586,LICN,34,17,400,"1,154.00","461,600.00"
2020-01-12,2020011201014585,LICN,51,17,500,"1,155.00","577,500.00"
2020-01-12,2020011201014584,LICN,45,17,200,"1,155.00","231,000.00"
2020-01-12,2020011201014583,LICN,8,17,100,"1,160.00","116,000.00"
2020-01-12,2020011201014809,MBL,49,42,"1,000",229.00,"229,000.00"
2020-01-12,2020011201014517,MBL,22,57,500,230.00,"115,000.00"
2020-01-12,2020011201014507,MBL,40,50,300,229.00,"68,700.00"
2020-01-12,2020011201014770,MEGA,26,17,25,198.00,"4,950.00"
2020-01-12,2020011201014596,MEGA,56,22,848,197.00,"167,056.00"
2020-01-12,2020011201014441,MEGA,55,17,100,198.00,"19,800.00"
2020-01-12,2020011201014860,MERO,35,33,100,594.00,"59,400.00"
2020-01-12,2020011201014836,MERO,35,19,33,594.00,"19,602.00"
2020-01-12,2020011201014632,MERO,35,58,15,594.00,"8,910.00"
2020-01-12,2020011201014564,MERO,35,37,20,594.00,"11,880.00"
2020-01-12,2020011201014527,MERO,28,45,50,594.00,"29,700.00"
2020-01-12,2020011201014447,MERO,52,54,33,592.00,"19,536.00"
2020-01-12,2020011201014484,MHNL,50,57,30,91.00,"2,730.00"
2020-01-12,2020011201014597,MLBBL,35,49,14,625.00,"8,750.00"
2020-01-12,2020011201014411,MLBL,20,52,14,185.00,"2,590.00"
2020-01-12,2020011201014410,MLBL,59,52,50,185.00,"9,250.00"
2020-01-12,2020011201014882,MNBBL,6,17,300,306.00,"91,800.00"
2020-01-12,2020011201014851,MNBBL,6,47,500,305.00,"152,500.00"
2020-01-12,2020011201014445,MNBBL,56,17,"1,000",306.00,"306,000.00"
2020-01-12,2020011201014504,MPFL,32,49,14,106.00,"1,484.00"
2020-01-12,2020011201014800,MSLB,33,1,10,965.00,"9,650.00"
2020-01-12,2020011201014875,NADEP,16,14,100,620.00,"62,000.00"
2020-01-12,2020011201014825,NADEP,39,21,30,619.00,"18,570.00"
2020-01-12,2020011201014775,NADEP,54,21,20,619.00,"12,380.00"
2020-01-12,2020011201014774,NADEP,54,45,30,619.00,"18,570.00"
2020-01-12,2020011201014907,NBL,29,47,"1,000",273.00,"273,000.00"
2020-01-12,2020011201014903,NBL,25,44,500,274.00,"137,000.00"
2020-01-12,2020011201014865,NBL,47,44,55,274.00,"15,070.00"
2020-01-12,2020011201014718,NBL,29,39,120,273.00,"32,760.00"
2020-01-12,2020011201014710,NBL,44,39,"1,000",273.00,"273,000.00"
2020-01-12,2020011201014683,NBL,39,39,"1,000",273.00,"273,000.00"
2020-01-12,2020011201014499,NBL,40,14,200,273.00,"54,600.00"
2020-01-12,2020011201014498,NBL,59,14,50,273.00,"13,650.00"
2020-01-12,2020011201014497,NBL,43,14,250,273.00,"68,250.00"
2020-01-12,2020011201014682,NBL,22,39,300,273.00,"81,900.00"
2020-01-12,2020011201014681,NBL,33,39,500,273.00,"136,500.00"
2020-01-12,2020011201014680,NBL,6,39,700,273.00,"191,100.00"
2020-01-12,2020011201014502,NBL,6,14,300,273.00,"81,900.00"
2020-01-12,2020011201014501,NBL,43,14,100,273.00,"27,300.00"
2020-01-12,2020011201014500,NBL,22,14,300,273.00,"81,900.00"
2020-01-12,2020011201014816,NCCB,32,33,200,217.00,"43,400.00"
2020-01-12,2020011201014795,NCCB,17,33,318,217.00,"69,006.00"
2020-01-12,2020011201014794,NCCB,17,34,500,217.00,"108,500.00"
2020-01-12,2020011201014793,NCCB,17,32,182,217.00,"39,494.00"
2020-01-12,2020011201014787,NCCB,4,32,818,217.00,"177,506.00"
2020-01-12,2020011201014786,NCCB,4,44,239,217.00,"51,863.00"
2020-01-12,2020011201014408,NCCB,1,36,16,215.00,"3,440.00"
2020-01-12,2020011201014570,NCCB,58,40,10,217.00,"2,170.00"
2020-01-12,2020011201014426,NCCB,49,32,164,215.00,"35,260.00"
2020-01-12,2020011201014425,NCCB,58,32,100,215.00,"21,500.00"
2020-01-12,2020011201014424,NCCB,32,32,500,215.00,"107,500.00"
2020-01-12,2020011201014423,NCCB,25,32,100,215.00,"21,500.00"
2020-01-12,2020011201014422,NCCB,1,32,136,215.00,"29,240.00"
2020-01-12,2020011201014785,NCCB,4,38,100,217.00,"21,700.00"
2020-01-12,2020011201014784,NCCB,4,52,500,217.00,"108,500.00"
2020-01-12,2020011201014783,NCCB,4,22,158,217.00,"34,286.00"
2020-01-12,2020011201014782,NCCB,4,8,600,217.00,"130,200.00"
2020-01-12,2020011201014781,NCCB,4,40,585,217.00,"126,945.00"
2020-01-12,2020011201014700,NCCB,22,40,20,217.00,"4,340.00"
2020-01-12,2020011201014752,NGPL,17,7,100,112.00,"11,200.00"
2020-01-12,2020011201014751,NGPL,29,7,100,112.00,"11,200.00"
2020-01-12,2020011201014563,NHDL,56,25,10,123.00,"1,230.00"
2020-01-12,2020011201014640,NHPC,5,38,10,54.00,540.00
2020-01-12,2020011201014639,NHPC,5,14,90,53.00,"4,770.00"
2020-01-12,2020011201014572,NHPC,57,14,10,53.00,530.00
2020-01-12,2020011201014842,NIB,10,25,36,402.00,"14,472.00"
2020-01-12,2020011201014660,NIB,26,1,30,404.00,"12,120.00"
2020-01-12,2020011201014659,NIB,26,6,44,404.00,"17,776.00"
2020-01-12,2020011201014658,NIB,26,56,46,403.00,"18,538.00"
2020-01-12,2020011201014446,NIB,10,56,256,403.00,"103,168.00"
2020-01-12,2020011201014428,NIB,10,36,44,403.00,"17,732.00"
2020-01-12,2020011201014589,NIBPO,46,6,177,379.00,"67,083.00"
2020-01-12,2020011201014896,NICA,49,45,166,446.00,"74,036.00"
2020-01-12,2020011201014895,NICA,43,45,234,446.00,"104,364.00"
2020-01-12,2020011201014874,NICA,43,46,230,446.00,"102,580.00"
2020-01-12,2020011201014733,NICA,43,4,36,446.00,"16,056.00"
2020-01-12,2020011201014732,NICA,43,4,500,446.00,"223,000.00"
2020-01-12,2020011201014731,NICA,46,4,765,446.00,"341,190.00"
2020-01-12,2020011201014730,NICA,19,4,50,447.00,"22,350.00"
2020-01-12,2020011201014729,NICA,41,4,20,447.00,"8,940.00"
2020-01-12,2020011201014728,NICA,21,4,129,447.00,"57,663.00"
2020-01-12,2020011201014456,NICA,21,36,33,447.00,"14,751.00"
2020-01-12,2020011201014900,NIL,57,52,22,427.00,"9,394.00"
2020-01-12,2020011201014664,NIL,57,21,100,427.00,"42,700.00"
2020-01-12,2020011201014594,NIL,57,52,50,428.00,"21,400.00"
2020-01-12,2020011201014593,NIL,57,4,200,428.00,"85,600.00"
2020-01-12,2020011201014592,NIL,57,43,50,428.00,"21,400.00"
2020-01-12,2020011201014551,NIL,38,45,100,427.00,"42,700.00"
2020-01-12,2020011201014421,NIL,57,45,102,426.00,"43,452.00"
2020-01-12,2020011201014420,NIL,57,47,50,426.00,"21,300.00"
2020-01-12,2020011201014419,NIL,57,6,48,425.00,"20,400.00"
2020-01-12,2020011201014550,NIL,38,1,500,427.00,"213,500.00"
2020-01-12,2020011201014549,NIL,38,10,40,427.00,"17,080.00"
2020-01-12,2020011201014548,NIL,38,26,300,427.00,"128,100.00"
2020-01-12,2020011201014547,NIL,38,47,500,427.00,"213,500.00"
2020-01-12,2020011201014436,NIL,34,45,898,426.00,"382,548.00"
2020-01-12,2020011201014511,NLBBL,59,45,43,638.00,"27,434.00"
2020-01-12,2020011201014510,NLBBL,59,17,104,637.00,"66,248.00"
2020-01-12,2020011201014509,NLBBL,59,26,53,635.00,"33,655.00"
2020-01-12,2020011201014465,NLBBL,59,26,17,635.00,"10,795.00"
2020-01-12,2020011201014464,NLBBL,59,35,103,635.00,"65,405.00"
2020-01-12,2020011201014463,NLBBL,59,52,80,634.00,"50,720.00"
2020-01-12,2020011201014756,NLG,52,25,40,701.00,"28,040.00"
2020-01-12,2020011201014755,NLG,50,25,10,701.00,"7,010.00"
2020-01-12,2020011201014850,NLIC,45,33,67,"1,008.00","67,536.00"
2020-01-12,2020011201014849,NLIC,45,1,50,"1,008.00","50,400.00"
2020-01-12,2020011201014848,NLIC,45,40,208,"1,008.00","209,664.00"
2020-01-12,2020011201014847,NLIC,45,58,175,"1,007.00","176,225.00"
2020-01-12,2020011201014805,NLIC,59,58,325,"1,007.00","327,275.00"
2020-01-12,2020011201014804,NLIC,59,47,125,"1,007.00","125,875.00"
2020-01-12,2020011201014443,NLIC,1,53,58,"1,008.00","58,464.00"
2020-01-12,2020011201014442,NLIC,1,28,50,"1,008.00","50,400.00"
2020-01-12,2020011201014651,NLIC,33,37,17,"1,004.00","17,068.00"
2020-01-12,2020011201014644,NLIC,1,37,100,"1,004.00","100,400.00"
2020-01-12,2020011201014641,NLIC,51,37,178,"1,004.00","178,712.00"
2020-01-12,2020011201014477,NLIC,51,36,22,"1,004.00","22,088.00"
2020-01-12,2020011201014469,NLIC,45,52,14,"1,006.00","14,084.00"
2020-01-12,2020011201014444,NLIC,1,40,92,"1,008.00","92,736.00"
2020-01-12,2020011201014803,NLIC,59,52,50,"1,006.00","50,300.00"
2020-01-12,2020011201014789,NLIC,49,37,137,"1,003.00","137,411.00"
2020-01-12,2020011201014788,NLIC,57,37,63,"1,003.00","63,189.00"
2020-01-12,2020011201014667,NLIC,57,28,70,"1,003.00","70,210.00"
2020-01-12,2020011201014654,NLIC,57,59,67,"1,003.00","67,201.00"
2020-01-12,2020011201014653,NLIC,33,59,33,"1,004.00","33,132.00"
2020-01-12,2020011201014867,NLICL,16,46,200,527.00,"105,400.00"
2020-01-12,2020011201014692,NLICL,16,59,20,532.00,"10,640.00"
2020-01-12,2020011201014691,NLICL,16,16,161,532.00,"85,652.00"
2020-01-12,2020011201014690,NLICL,16,25,90,531.00,"47,790.00"
2020-01-12,2020011201014638,NLICL,37,16,24,532.00,"12,768.00"
2020-01-12,2020011201014515,NLICL,25,16,15,532.00,"7,980.00"
2020-01-12,2020011201014440,NLICL,40,52,50,530.00,"26,500.00"
2020-01-12,2020011201014514,NLICL,25,45,16,532.00,"8,512.00"
2020-01-12,2020011201014513,NLICL,25,45,19,532.00,"10,108.00"
2020-01-12,2020011201014506,NLICL,21,36,14,525.00,"7,350.00"
2020-01-12,2020011201014505,NLICL,22,36,100,527.00,"52,700.00"
2020-01-12,2020011201014473,NLICL,22,8,100,531.00,"53,100.00"
2020-01-12,2020011201014472,NLICL,22,57,100,531.00,"53,100.00"
2020-01-12,2020011201014845,NMB,39,35,100,350.00,"35,000.00"
2020-01-12,2020011201014844,NMB,39,50,50,350.00,"17,500.00"
2020-01-12,2020011201014741,NMB,46,50,50,350.00,"17,500.00"
2020-01-12,2020011201014724,NMB,32,44,"1,000",349.00,"349,000.00"
2020-01-12,2020011201014723,NMB,32,50,100,348.00,"34,800.00"
2020-01-12,2020011201014722,NMB,32,44,50,348.00,"17,400.00"
2020-01-12,2020011201014536,NMB,38,36,15,347.00,"5,205.00"
2020-01-12,2020011201014512,NMB,38,54,73,347.00,"25,331.00"
2020-01-12,2020011201014496,NMB,29,40,66,348.00,"22,968.00"
2020-01-12,2020011201014495,NMB,29,48,34,348.00,"11,832.00"
2020-01-12,2020011201014721,NMB,32,34,100,348.00,"34,800.00"
2020-01-12,2020011201014720,NMB,32,47,395,348.00,"137,460.00"
2020-01-12,2020011201014719,NMB,32,40,34,348.00,"11,832.00"
2020-01-12,2020011201014703,NMB,33,25,64,347.00,"22,208.00"
2020-01-12,2020011201014566,NMB,52,40,100,348.00,"34,800.00"
2020-01-12,2020011201014537,NMB,33,36,18,347.00,"6,246.00"
2020-01-12,2020011201014735,NMBHF1,43,7,"13,000",9.14,"118,820.00"
2020-01-12,2020011201014709,NMBHF1,43,28,"5,000",9.13,"45,650.00"
2020-01-12,2020011201014863,NMFBS,42,25,20,"1,460.00","29,200.00"
2020-01-12,2020011201014734,NTC,22,25,10,623.00,"6,230.00"
2020-01-12,2020011201014449,NTC,22,17,500,623.00,"311,500.00"
2020-01-12,2020011201014427,NTC,22,57,100,623.00,"62,300.00"
2020-01-12,2020011201014817,NUBL,17,50,70,891.00,"62,370.00"
2020-01-12,2020011201014635,NUBL,53,50,200,891.00,"178,200.00"
2020-01-12,2020011201014891,PCBL,11,29,50,254.00,"12,700.00"
2020-01-12,2020011201014890,PCBL,11,28,400,254.00,"101,600.00"
2020-01-12,2020011201014565,PCBL,32,36,40,252.00,"10,080.00"
2020-01-12,2020011201014717,PFL,13,50,10,143.00,"1,430.00"
2020-01-12,2020011201014778,PICL,25,25,12,526.00,"6,312.00"
2020-01-12,2020011201014889,PLIC,10,57,44,410.00,"18,040.00"
2020-01-12,2020011201014888,PLIC,10,40,56,410.00,"22,960.00"
2020-01-12,2020011201014885,PLIC,53,49,59,407.00,"24,013.00"
2020-01-12,2020011201014884,PLIC,48,49,100,407.00,"40,700.00"
2020-01-12,2020011201014883,PLIC,53,49,41,407.00,"16,687.00"
2020-01-12,2020011201014812,PLIC,53,39,459,407.00,"186,813.00"
2020-01-12,2020011201014415,PLIC,4,53,300,406.00,"121,800.00"
2020-01-12,2020011201014414,PLIC,42,53,200,408.00,"81,600.00"
2020-01-12,2020011201014413,PLIC,42,39,300,408.00,"122,400.00"
2020-01-12,2020011201014811,PLIC,32,39,28,407.00,"11,396.00"
2020-01-12,2020011201014810,PLIC,48,39,13,407.00,"5,291.00"
2020-01-12,2020011201014766,PLIC,48,53,87,407.00,"35,409.00"
2020-01-12,2020011201014695,PLIC,48,53,413,410.00,"169,330.00"
2020-01-12,2020011201014694,PLIC,48,49,587,409.00,"240,083.00"
2020-01-12,2020011201014693,PLIC,48,45,100,407.00,"40,700.00"
2020-01-12,2020011201014670,PPCL,38,6,30,117.00,"3,510.00"
2020-01-12,2020011201014569,PPCL,38,56,20,117.00,"2,340.00"
2020-01-12,2020011201014567,PPCL,38,36,10,117.00,"1,170.00"
2020-01-12,2020011201014813,PRIN,44,28,80,382.00,"30,560.00"
2020-01-12,2020011201014686,PRIN,21,28,30,382.00,"11,460.00"
2020-01-12,2020011201014685,PRIN,57,28,90,383.00,"34,470.00"
2020-01-12,2020011201014672,PRIN,10,44,100,384.00,"38,400.00"
2020-01-12,2020011201014906,PRVU,55,58,"1,000",238.00,"238,000.00"
2020-01-12,2020011201014828,PRVU,55,38,49,237.00,"11,613.00"
2020-01-12,2020011201014827,PRVU,13,38,"1,000",237.00,"237,000.00"
2020-01-12,2020011201014826,PRVU,34,38,951,237.00,"225,387.00"
2020-01-12,2020011201014779,PRVU,34,38,500,237.00,"118,500.00"
2020-01-12,2020011201014754,PRVU,34,38,549,237.00,"130,113.00"
2020-01-12,2020011201014753,PRVU,25,38,451,237.00,"106,887.00"
2020-01-12,2020011201014725,PRVU,38,58,300,238.00,"71,400.00"
2020-01-12,2020011201014591,PRVU,25,36,49,237.00,"11,613.00"
2020-01-12,2020011201014821,RADHI,14,36,12,150.00,"1,800.00"
2020-01-12,2020011201014820,RADHI,14,8,127,150.00,"19,050.00"
2020-01-12,2020011201014633,RADHI,54,36,12,148.00,"1,776.00"
2020-01-12,2020011201014761,RHPC,5,17,50,72.00,"3,600.00"
2020-01-12,2020011201014843,RHPL,19,41,10,172.00,"1,720.00"
2020-01-12,2020011201014808,RHPL,38,58,10,174.00,"1,740.00"
2020-01-12,2020011201014807,RHPL,38,37,40,173.00,"6,920.00"
2020-01-12,2020011201014806,RHPL,38,59,30,173.00,"5,190.00"
2020-01-12,2020011201014650,RHPL,19,36,10,172.00,"1,720.00"
2020-01-12,2020011201014532,RHPL,19,21,40,172.00,"6,880.00"
2020-01-12,2020011201014519,RHPL,19,56,10,172.00,"1,720.00"
2020-01-12,2020011201014518,RHPL,57,56,30,172.00,"5,160.00"
2020-01-12,2020011201014533,RLFL,34,28,148,116.00,"17,168.00"
2020-01-12,2020011201014524,RLFL,1,28,500,117.00,"58,500.00"
2020-01-12,2020011201014523,RLFL,1,28,326,117.00,"38,142.00"
2020-01-12,2020011201014522,RLFL,41,28,15,119.00,"1,785.00"
2020-01-12,2020011201014521,RLFL,34,28,50,119.00,"5,950.00"
2020-01-12,2020011201014494,RMDC,45,34,100,642.00,"64,200.00"
2020-01-12,2020011201014493,RMDC,45,48,20,642.00,"12,840.00"
2020-01-12,2020011201014492,RMDC,45,33,260,642.00,"166,920.00"
2020-01-12,2020011201014491,RMDC,45,14,10,640.00,"6,400.00"
2020-01-12,2020011201014490,RMDC,45,56,53,640.00,"33,920.00"
2020-01-12,2020011201014489,RMDC,45,10,50,640.00,"32,000.00"
2020-01-12,2020011201014488,RMDC,45,13,25,640.00,"16,000.00"
2020-01-12,2020011201014487,RMDC,45,41,50,635.00,"31,750.00"
2020-01-12,2020011201014646,RSDC,6,11,20,403.00,"8,060.00"
2020-01-12,2020011201014645,RSDC,6,11,80,403.00,"32,240.00"
2020-01-12,2020011201014871,SADBL,59,6,200,147.00,"29,400.00"
2020-01-12,2020011201014764,SADBL,10,36,746,148.00,"110,408.00"
2020-01-12,2020011201014666,SADBL,59,36,12,147.00,"1,764.00"
2020-01-12,2020011201014665,SADBL,55,36,100,147.00,"14,700.00"
2020-01-12,2020011201014853,SAEF,57,16,"2,000",9.22,"18,440.00"
2020-01-12,2020011201014852,SAEF,57,47,"2,000",9.21,"18,420.00"
2020-01-12,2020011201014880,SANIMA,44,47,59,340.00,"20,060.00"
2020-01-12,2020011201014879,SANIMA,44,17,321,340.00,"109,140.00"
2020-01-12,2020011201014744,SANIMA,17,17,179,340.00,"60,860.00"
2020-01-12,2020011201014743,SANIMA,17,33,21,340.00,"7,140.00"
2020-01-12,2020011201014684,SANIMA,57,36,34,339.00,"11,526.00"
2020-01-12,2020011201014652,SANIMA,44,33,145,340.00,"49,300.00"
2020-01-12,2020011201014708,SAPDBL,4,36,112,138.00,"15,456.00"
2020-01-12,2020011201014544,SAPDBL,4,55,800,138.00,"110,400.00"
2020-01-12,2020011201014543,SAPDBL,26,55,200,138.00,"27,600.00"
2020-01-12,2020011201014726,SBI,11,36,24,401.00,"9,624.00"
2020-01-12,2020011201014859,SBL,8,38,10,308.00,"3,080.00"
2020-01-12,2020011201014835,SBL,8,19,500,308.00,"154,000.00"
2020-01-12,2020011201014747,SBL,58,36,169,307.00,"51,883.00"
2020-01-12,2020011201014767,SCB,47,36,20,574.00,"11,480.00"
2020-01-12,2020011201014757,SCB,7,13,20,576.00,"11,520.00"
2020-01-12,2020011201014468,SCB,47,13,110,574.00,"63,140.00"
2020-01-12,2020011201014579,SCB,16,13,10,577.00,"5,770.00"
2020-01-12,2020011201014483,SCB,16,44,90,577.00,"51,930.00"
2020-01-12,2020011201014471,SCB,56,44,10,577.00,"5,770.00"
2020-01-12,2020011201014470,SCB,56,13,990,576.00,"570,240.00"
2020-01-12,2020011201014713,SHINE,49,16,100,254.00,"25,400.00"
2020-01-12,2020011201014712,SHINE,49,14,200,254.00,"50,800.00"
2020-01-12,2020011201014711,SHINE,49,52,200,254.00,"50,800.00"
2020-01-12,2020011201014904,SHIVM,34,53,35,492.00,"17,220.00"
2020-01-12,2020011201014898,SHIVM,56,21,"1,000",495.00,"495,000.00"
2020-01-12,2020011201014834,SHIVM,34,54,215,492.00,"105,780.00"
2020-01-12,2020011201014833,SHIVM,35,54,35,492.00,"17,220.00"
2020-01-12,2020011201014832,SHIVM,11,54,50,492.00,"24,600.00"
2020-01-12,2020011201014831,SHIVM,35,54,200,492.00,"98,400.00"
2020-01-12,2020011201014841,SHPC,45,28,"1,000",186.00,"186,000.00"
2020-01-12,2020011201014840,SHPC,45,10,100,186.00,"18,600.00"
2020-01-12,2020011201014839,SHPC,45,29,60,185.00,"11,100.00"
2020-01-12,2020011201014838,SHPC,45,50,39,184.00,"7,176.00"
2020-01-12,2020011201014818,SHPC,52,25,230,183.00,"42,090.00"
2020-01-12,2020011201014571,SHPC,52,54,195,183.00,"35,685.00"
2020-01-12,2020011201014877,SICL,34,54,190,961.00,"182,590.00"
2020-01-12,2020011201014876,SICL,7,54,100,962.00,"96,200.00"
2020-01-12,2020011201014897,SIL,33,16,388,473.00,"183,524.00"
2020-01-12,2020011201014417,SIL,33,45,68,473.00,"32,164.00"
2020-01-12,2020011201014416,SIL,41,45,32,473.00,"15,136.00"
2020-01-12,2020011201014858,SJCL,33,41,20,163.00,"3,260.00"
2020-01-12,2020011201014814,SJCL,33,36,10,163.00,"1,630.00"
2020-01-12,2020011201014482,SJCL,33,56,20,163.00,"3,260.00"
2020-01-12,2020011201014902,SLBBL,22,39,180,720.00,"129,600.00"
2020-01-12,2020011201014901,SLBBL,22,57,20,720.00,"14,400.00"
2020-01-12,2020011201014739,SLBBL,42,19,635,719.00,"456,565.00"
2020-01-12,2020011201014595,SLBBL,6,19,40,719.00,"28,760.00"
2020-01-12,2020011201014727,SLBSL,45,19,10,789.00,"7,890.00"
2020-01-12,2020011201014435,SLBSL,16,57,20,776.00,"15,520.00"
2020-01-12,2020011201014434,SLBSL,16,32,280,776.00,"217,280.00"
2020-01-12,2020011201014433,SLBSL,16,43,110,776.00,"85,360.00"
2020-01-12,2020011201014432,SLBSL,16,45,50,776.00,"38,800.00"
2020-01-12,2020011201014431,SLBSL,16,14,200,775.00,"155,000.00"
2020-01-12,2020011201014905,SLICL,8,49,91,341.00,"31,031.00"
2020-01-12,2020011201014802,SLICL,8,37,15,341.00,"5,115.00"
2020-01-12,2020011201014689,SLICL,8,29,87,341.00,"29,667.00"
2020-01-12,2020011201014688,SLICL,6,29,32,341.00,"10,912.00"
2020-01-12,2020011201014580,SLICL,6,1,26,341.00,"8,866.00"
2020-01-12,2020011201014454,SLICL,6,50,632,341.00,"215,512.00"
2020-01-12,2020011201014582,SMFDB,21,42,10,700.00,"7,000.00"
2020-01-12,2020011201014557,SMFDB,21,42,10,700.00,"7,000.00"
2020-01-12,2020011201014892,SRBL,28,26,123,231.00,"28,413.00"
2020-01-12,2020011201014872,SRBL,28,17,900,232.00,"208,800.00"
2020-01-12,2020011201014846,SRBL,28,36,34,231.00,"7,854.00"
2020-01-12,2020011201014771,SRBL,45,17,500,232.00,"116,000.00"
2020-01-12,2020011201014769,SRBL,43,17,500,232.00,"116,000.00"
2020-01-12,2020011201014768,SRBL,51,17,100,232.00,"23,200.00"
2020-01-12,2020011201014674,SWBBL,36,28,12,"1,000.00","12,000.00"
2020-01-12,2020011201014673,SWBBL,36,19,100,999.00,"99,900.00"
2020-01-12,2020011201014636,TRH,3,45,100,294.00,"29,400.00"
2020-01-12,2020011201014701,UIC,32,7,100,328.00,"32,800.00"
2020-01-12,2020011201014409,UIC,21,48,700,328.00,"229,600.00"
2020-01-12,2020011201014870,UPCL,42,51,50,74.00,"3,700.00"
2020-01-12,2020011201014656,UPPER,49,28,30,243.00,"7,290.00"
2020-01-12,2020011201014655,UPPER,49,25,750,243.00,"182,250.00"
2020-01-12,2020011201014626,UPPER,49,25,250,243.00,"60,750.00"
2020-01-12,2020011201014602,UPPER,49,54,40,243.00,"9,720.00"
2020-01-12,2020011201014855,WOMI,38,4,26,939.00,"24,414.00"
2020-01-12,2020011201014854,WOMI,38,4,13,939.00,"12,207.00"
2020-01-12,2020011201014642,WOMI,52,4,20,939.00,"18,780.00"
2020-01-12,2020011201014360,AHPC,39,40,"4,820",89.00,"428,980.00"
2020-01-12,2020011201014359,AHPC,34,40,100,89.00,"8,900.00"
2020-01-12,2020011201014358,AHPC,34,40,"1,000",89.00,"89,000.00"
2020-01-12,2020011201014357,AHPC,1,40,"4,000",89.00,"356,000.00"
2020-01-12,2020011201014356,AHPC,44,40,50,89.00,"4,450.00"
2020-01-12,2020011201014355,AHPC,8,40,30,90.00,"2,700.00"
2020-01-12,2020011201014190,AHPC,59,25,"1,500",90.00,"135,000.00"
2020-01-12,2020011201014189,AHPC,29,25,50,90.00,"4,500.00"
2020-01-12,2020011201014188,AHPC,22,25,"2,000",90.00,"180,000.00"
2020-01-12,2020011201014180,AHPC,57,25,500,91.00,"45,500.00"
2020-01-12,2020011201014166,AHPC,58,25,700,92.00,"64,400.00"
2020-01-12,2020011201014118,AHPC,41,40,10,93.00,930.00
2020-01-12,2020011201014165,AKJCL,51,51,10,57.00,570.00
2020-01-12,2020011201014373,AKPL,25,48,120,116.00,"13,920.00"
2020-01-12,2020011201014333,ALICL,28,33,100,416.00,"41,600.00"
2020-01-12,2020011201014332,ALICL,28,57,400,416.00,"166,400.00"
2020-01-12,2020011201014314,ALICL,25,44,50,415.00,"20,750.00"
2020-01-12,2020011201014313,ALICL,25,44,100,415.00,"41,500.00"
2020-01-12,2020011201014299,ALICL,36,25,50,415.00,"20,750.00"
2020-01-12,2020011201014298,ALICL,36,25,150,415.00,"62,250.00"
2020-01-12,2020011201014244,ALICL,42,8,300,414.00,"124,200.00"
2020-01-12,2020011201014243,ALICL,42,8,200,414.00,"82,800.00"
2020-01-12,2020011201014242,ALICL,42,25,200,414.00,"82,800.00"
2020-01-12,2020011201014241,ALICL,42,47,500,414.00,"207,000.00"
2020-01-12,2020011201014022,ALICL,25,57,300,412.00,"123,600.00"
2020-01-12,2020011201014021,ALICL,25,17,200,411.00,"82,200.00"
2020-01-12,2020011201014364,API,25,43,50,119.00,"5,950.00"
2020-01-12,2020011201014363,API,25,22,50,117.00,"5,850.00"
2020-01-12,2020011201014352,API,25,48,30,117.00,"3,510.00"
2020-01-12,2020011201014351,API,25,22,"2,000",117.00,"234,000.00"
2020-01-12,2020011201014350,API,25,38,400,117.00,"46,800.00"
2020-01-12,2020011201014035,API,21,16,25,114.00,"2,850.00"
2020-01-12,2020011201014274,API,45,38,500,115.00,"57,500.00"
2020-01-12,2020011201014273,API,45,43,600,115.00,"69,000.00"
2020-01-12,2020011201014272,API,45,38,642,115.00,"73,830.00"
2020-01-12,2020011201014280,API,45,42,500,116.00,"58,000.00"
2020-01-12,2020011201014279,API,45,45,100,116.00,"11,600.00"
2020-01-12,2020011201014278,API,45,43,50,116.00,"5,800.00"
2020-01-12,2020011201014277,API,45,34,518,116.00,"60,088.00"
2020-01-12,2020011201014276,API,45,43,"1,000",116.00,"116,000.00"
2020-01-12,2020011201014275,API,45,13,200,115.00,"23,000.00"
2020-01-12,2020011201014286,API,45,37,200,116.00,"23,200.00"
2020-01-12,2020011201014285,API,45,43,50,116.00,"5,800.00"
2020-01-12,2020011201014284,API,45,57,500,116.00,"58,000.00"
2020-01-12,2020011201014283,API,45,52,120,116.00,"13,920.00"
2020-01-12,2020011201014282,API,45,25,"1,000",116.00,"116,000.00"
2020-01-12,2020011201014281,API,45,26,200,116.00,"23,200.00"
2020-01-12,2020011201014303,API,25,38,100,117.00,"11,700.00"
2020-01-12,2020011201014291,API,45,43,611,116.00,"70,876.00"
2020-01-12,2020011201014290,API,45,55,100,116.00,"11,600.00"
2020-01-12,2020011201014289,API,45,41,500,116.00,"58,000.00"
2020-01-12,2020011201014288,API,45,33,500,116.00,"58,000.00"
2020-01-12,2020011201014287,API,45,44,"1,000",116.00,"116,000.00"
2020-01-12,2020011201014046,BBC,34,17,10,"1,782.00","17,820.00"
2020-01-12,2020011201014045,BOKL,11,13,200,229.00,"45,800.00"
2020-01-12,2020011201014044,BOKL,11,13,400,229.00,"91,600.00"
2020-01-12,2020011201013989,BOKL,39,17,50,230.00,"11,500.00"
2020-01-12,2020011201013969,BOKL,56,17,50,230.00,"11,500.00"
2020-01-12,2020011201013968,BOKL,56,29,50,230.00,"11,500.00"
2020-01-12,2020011201014239,CBBL,46,50,800,883.00,"706,400.00"
2020-01-12,2020011201014238,CBBL,40,50,200,883.00,"176,600.00"
2020-01-12,2020011201014237,CBBL,40,50,100,884.00,"88,400.00"
2020-01-12,2020011201014236,CBBL,40,50,100,884.00,"88,400.00"
2020-01-12,2020011201014235,CBBL,19,50,200,884.00,"176,800.00"
2020-01-12,2020011201014234,CBBL,22,50,30,885.00,"26,550.00"
2020-01-12,2020011201014406,CBL,35,32,199,139.00,"27,661.00"
2020-01-12,2020011201014309,CBL,35,51,101,139.00,"14,039.00"
2020-01-12,2020011201014186,CBL,4,51,119,139.00,"16,541.00"
2020-01-12,2020011201014185,CBL,4,35,381,139.00,"52,959.00"
2020-01-12,2020011201014072,CBL,4,35,"2,500",139.00,"347,500.00"
2020-01-12,2020011201013971,CBL,6,35,100,139.00,"13,900.00"
2020-01-12,2020011201013970,CBL,29,35,19,139.00,"2,641.00"
2020-01-12,2020011201014020,CCBL,34,35,"1,000",173.00,"173,000.00"
2020-01-12,2020011201014019,CCBL,34,37,"2,000",173.00,"346,000.00"
2020-01-12,2020011201014018,CCBL,34,56,"1,000",173.00,"173,000.00"
2020-01-12,2020011201014017,CCBL,34,13,200,173.00,"34,600.00"
2020-01-12,2020011201014016,CCBL,34,6,121,173.00,"20,933.00"
2020-01-12,2020011201014015,CCBL,34,59,207,173.00,"35,811.00"
2020-01-12,2020011201013983,CCBL,34,45,282,172.00,"48,504.00"
2020-01-12,2020011201013982,CCBL,34,45,"1,000",172.00,"172,000.00"
2020-01-12,2020011201013981,CCBL,34,32,"4,570",172.00,"786,040.00"
2020-01-12,2020011201013938,CIT,51,21,10,"2,116.00","21,160.00"
2020-01-12,2020011201014399,CLBSL,3,5,10,819.00,"8,190.00"
2020-01-12,2020011201014398,CLBSL,3,5,15,814.00,"12,210.00"
2020-01-12,2020011201014382,CLBSL,3,5,18,814.00,"14,652.00"
2020-01-12,2020011201014381,CLBSL,3,5,20,812.00,"16,240.00"
2020-01-12,2020011201014380,CLBSL,3,55,302,810.00,"244,620.00"
2020-01-12,2020011201014379,CLBSL,3,21,20,809.00,"16,180.00"
2020-01-12,2020011201014143,CLBSL,42,7,100,804.00,"80,400.00"
2020-01-12,2020011201014061,CLBSL,42,3,30,803.00,"24,090.00"
2020-01-12,2020011201014103,CORBL,59,16,40,121.00,"4,840.00"
2020-01-12,2020011201014302,CZBIL,56,17,"1,000",198.00,"198,000.00"
2020-01-12,2020011201014142,CZBIL,26,28,100,198.00,"19,800.00"
2020-01-12,2020011201013954,CZBIL,34,36,78,197.00,"15,366.00"
2020-01-12,2020011201013926,CZBIL,34,6,30,197.00,"5,910.00"
2020-01-12,2020011201014171,DBBL,32,37,350,143.00,"50,050.00"
2020-01-12,2020011201014159,DBBL,32,59,914,142.00,"129,788.00"
2020-01-12,2020011201014158,DBBL,45,59,"1,000",142.00,"142,000.00"
2020-01-12,2020011201014157,DBBL,34,59,"1,886",142.00,"267,812.00"
2020-01-12,2020011201014310,DDBL,28,58,16,"1,020.00","16,320.00"
2020-01-12,2020011201014266,DDBL,28,49,100,"1,020.00","102,000.00"
2020-01-12,2020011201014130,DDBL,28,54,180,"1,020.00","183,600.00"
2020-01-12,2020011201014129,DDBL,28,54,180,"1,020.00","183,600.00"
2020-01-12,2020011201014069,DDBL,55,48,100,"1,023.00","102,300.00"
2020-01-12,2020011201014068,DDBL,55,34,200,"1,023.00","204,600.00"
2020-01-12,2020011201014067,DDBL,55,41,100,"1,022.00","102,200.00"
2020-01-12,2020011201014031,DDBL,28,49,100,"1,020.00","102,000.00"
2020-01-12,2020011201013946,DDBL,28,1,100,"1,020.00","102,000.00"
