Date,Transact. No.,Symbol,Buyer,Seller,Quantity,Rate,Amount
2019-05-28,2019052801008838,ADBL,19,45,23,421.00,"9,683.00"
2019-05-28,2019052801008837,ADBL,58,45,77,421.00,"32,417.00"
2019-05-28,2019052801008754,ADBL,8,58,163,422.00,"68,786.00"
2019-05-28,2019052801008753,ADBL,8,41,30,422.00,"12,660.00"
2019-05-28,2019052801008752,ADBL,8,4,107,422.00,"45,154.00"
2019-05-28,2019052801009130,AHPC,37,28,190,112.00,"21,280.00"
2019-05-28,2019052801009129,AHPC,16,28,500,112.00,"56,000.00"
2019-05-28,2019052801009128,AHPC,10,28,310,112.00,"34,720.00"
2019-05-28,2019052801008938,ALBSL,16,17,10,440.00,"4,400.00"
2019-05-28,2019052801008937,ALBSL,16,46,10,440.00,"4,400.00"
2019-05-28,2019052801008936,ALBSL,16,44,10,440.00,"4,400.00"
2019-05-28,2019052801008935,ALBSL,16,6,10,440.00,"4,400.00"
2019-05-28,2019052801008788,ALBSL,21,41,10,438.00,"4,380.00"
2019-05-28,2019052801008675,ALICL,13,32,100,423.00,"42,300.00"
2019-05-28,2019052801008897,API,25,4,50,157.00,"7,850.00"
2019-05-28,2019052801008896,API,25,44,950,155.00,"147,250.00"
2019-05-28,2019052801008781,API,25,44,400,155.00,"62,000.00"
2019-05-28,2019052801008780,API,25,16,100,154.00,"15,400.00"
2019-05-28,2019052801009059,BFC,42,14,10,103.00,"1,030.00"
2019-05-28,2019052801008846,BOKL,10,43,79,272.00,"21,488.00"
2019-05-28,2019052801009147,BPCL,26,49,16,420.00,"6,720.00"
2019-05-28,2019052801009083,BPCL,57,49,150,420.00,"63,000.00"
2019-05-28,2019052801009016,BPCL,41,33,156,419.00,"65,364.00"
2019-05-28,2019052801009015,BPCL,41,33,"1,000",419.00,"419,000.00"
2019-05-28,2019052801009014,BPCL,1,33,300,420.00,"126,000.00"
2019-05-28,2019052801009013,BPCL,5,33,500,420.00,"210,000.00"
2019-05-28,2019052801009012,BPCL,21,33,44,420.00,"18,480.00"
2019-05-28,2019052801008923,BPCL,21,42,246,420.00,"103,320.00"
2019-05-28,2019052801008922,BPCL,34,42,50,421.00,"21,050.00"
2019-05-28,2019052801008921,BPCL,7,42,104,421.00,"43,784.00"
2019-05-28,2019052801008800,BPCL,7,49,50,421.00,"21,050.00"
2019-05-28,2019052801008755,CBL,13,32,200,148.00,"29,600.00"
2019-05-28,2019052801008667,CBL,52,34,490,147.00,"72,030.00"
2019-05-28,2019052801008966,CFCL,33,3,536,115.00,"61,640.00"
2019-05-28,2019052801008965,CFCL,1,3,600,115.00,"69,000.00"
2019-05-28,2019052801008964,CFCL,1,3,500,116.00,"58,000.00"
2019-05-28,2019052801008904,CHCL,25,7,95,530.00,"50,350.00"
2019-05-28,2019052801008863,CHLBS,40,59,10,460.00,"4,600.00"
2019-05-28,2019052801008998,CIT,34,19,50,"2,591.00","129,550.00"
2019-05-28,2019052801008949,CIT,34,6,74,"2,598.00","192,252.00"
2019-05-28,2019052801008888,CIT,5,16,110,"2,590.00","284,900.00"
2019-05-28,2019052801008887,CIT,17,16,20,"2,590.00","51,800.00"
2019-05-28,2019052801008884,CIT,18,41,50,"2,591.00","129,550.00"
2019-05-28,2019052801008765,CIT,40,41,50,"2,591.00","129,550.00"
2019-05-28,2019052801008768,CZBIL,28,36,666,225.00,"149,850.00"
2019-05-28,2019052801008767,CZBIL,46,36,136,225.00,"30,600.00"
2019-05-28,2019052801008766,CZBIL,53,36,234,226.00,"52,884.00"
2019-05-28,2019052801009082,DBBL,39,26,200,151.00,"30,200.00"
2019-05-28,2019052801008889,DBBL,7,25,28,150.00,"4,200.00"
2019-05-28,2019052801008844,DBBL,29,26,415,151.00,"62,665.00"
2019-05-28,2019052801008843,DBBL,29,6,585,151.00,"88,335.00"
2019-05-28,2019052801008693,DBBL,17,6,"1,000",151.00,"151,000.00"
2019-05-28,2019052801008962,DDBL,43,41,10,721.00,"7,210.00"
2019-05-28,2019052801008961,DDBL,43,41,30,721.00,"21,630.00"
2019-05-28,2019052801008960,DDBL,43,41,30,721.00,"21,630.00"
2019-05-28,2019052801008959,DDBL,43,41,30,721.00,"21,630.00"
2019-05-28,2019052801008958,DDBL,43,41,100,721.00,"72,100.00"
2019-05-28,2019052801008886,DHPL,20,20,100,66.00,"6,600.00"
2019-05-28,2019052801009077,EBL,45,56,153,666.00,"101,898.00"
2019-05-28,2019052801008842,EBL,45,14,800,666.00,"532,800.00"
2019-05-28,2019052801009031,EIC,16,51,150,420.00,"63,000.00"
2019-05-28,2019052801009002,EIC,57,51,50,420.00,"21,000.00"
2019-05-28,2019052801008895,FOWAD,47,19,30,"1,496.00","44,880.00"
2019-05-28,2019052801008759,GBIME,42,25,117,306.00,"35,802.00"
2019-05-28,2019052801008982,GBLBS,14,25,53,377.00,"19,981.00"
2019-05-28,2019052801008981,GBLBS,26,25,90,377.00,"33,930.00"
2019-05-28,2019052801008980,GBLBS,57,25,10,378.00,"3,780.00"
2019-05-28,2019052801009094,GDBL,53,4,"1,547",214.00,"331,058.00"
2019-05-28,2019052801008971,GDBL,53,39,500,213.00,"106,500.00"
2019-05-28,2019052801009024,GDBL,55,39,850,211.00,"179,350.00"
2019-05-28,2019052801009027,GDBL,59,39,300,211.00,"63,300.00"
2019-05-28,2019052801009026,GDBL,34,39,"1,000",211.00,"211,000.00"
2019-05-28,2019052801009025,GDBL,45,39,"1,000",211.00,"211,000.00"
2019-05-28,2019052801008793,GLICL,33,51,50,553.00,"27,650.00"
2019-05-28,2019052801008650,GUFL,19,47,"1,000",117.00,"117,000.00"
2019-05-28,2019052801008849,HBL,26,19,20,576.00,"11,520.00"
2019-05-28,2019052801008848,HBL,22,19,40,576.00,"23,040.00"
2019-05-28,2019052801008847,HBL,49,19,69,576.00,"39,744.00"
2019-05-28,2019052801009125,HDL,56,58,50,"1,596.00","79,800.00"
2019-05-28,2019052801009124,HDL,34,58,30,"1,597.00","47,910.00"
2019-05-28,2019052801009123,HDL,45,58,20,"1,647.00","32,940.00"
2019-05-28,2019052801009122,HDL,52,58,500,"1,647.00","823,500.00"
2019-05-28,2019052801009121,HDL,26,58,50,"1,647.00","82,350.00"
2019-05-28,2019052801009120,HDL,53,58,50,"1,648.00","82,400.00"
2019-05-28,2019052801009113,HDL,55,58,30,"1,662.00","49,860.00"
2019-05-28,2019052801009112,HDL,35,58,30,"1,670.00","50,100.00"
2019-05-28,2019052801009111,HDL,49,58,10,"1,679.00","16,790.00"
2019-05-28,2019052801009119,HDL,53,58,50,"1,648.00","82,400.00"
2019-05-28,2019052801009118,HDL,53,58,30,"1,655.00","49,650.00"
2019-05-28,2019052801009117,HDL,50,58,100,"1,655.00","165,500.00"
2019-05-28,2019052801009116,HDL,22,58,50,"1,660.00","83,000.00"
2019-05-28,2019052801009115,HDL,35,58,30,"1,660.00","49,800.00"
2019-05-28,2019052801009114,HDL,50,58,50,"1,662.00","83,100.00"
2019-05-28,2019052801009140,HGI,35,6,300,382.00,"114,600.00"
2019-05-28,2019052801008969,HGI,40,16,430,378.00,"162,540.00"
2019-05-28,2019052801008968,HGI,58,16,20,378.00,"7,560.00"
2019-05-28,2019052801008967,HGI,1,16,25,378.00,"9,450.00"
2019-05-28,2019052801009100,HPPL,14,42,10,190.00,"1,900.00"
2019-05-28,2019052801008893,HPPL,14,43,"1,304",187.00,"243,848.00"
2019-05-28,2019052801009096,HURJA,6,56,20,133.00,"2,660.00"
2019-05-28,2019052801009008,HURJA,6,34,20,133.00,"2,660.00"
2019-05-28,2019052801009007,HURJA,6,46,20,132.00,"2,640.00"
2019-05-28,2019052801008815,HURJA,22,1,20,131.00,"2,620.00"
2019-05-28,2019052801008751,IGI,32,55,200,407.00,"81,400.00"
2019-05-28,2019052801009145,JBBL,14,53,100,165.00,"16,500.00"
2019-05-28,2019052801009144,JBBL,14,32,19,165.00,"3,135.00"
2019-05-28,2019052801009143,JBBL,14,47,500,165.00,"82,500.00"
2019-05-28,2019052801009127,JBBL,14,47,500,165.00,"82,500.00"
2019-05-28,2019052801009105,JBBL,49,58,"2,213",165.00,"365,145.00"
2019-05-28,2019052801009093,JBBL,14,58,434,165.00,"71,610.00"
2019-05-28,2019052801008941,JBBL,14,47,416,165.00,"68,640.00"
2019-05-28,2019052801008903,JBBL,14,11,50,165.00,"8,250.00"
2019-05-28,2019052801008821,JBBL,14,53,100,165.00,"16,500.00"
2019-05-28,2019052801008785,JBBL,14,43,50,165.00,"8,250.00"
2019-05-28,2019052801008692,JBBL,14,53,265,165.00,"43,725.00"
2019-05-28,2019052801008654,JBBL,14,19,58,165.00,"9,570.00"
2019-05-28,2019052801008970,JBBL,22,45,119,165.00,"19,635.00"
2019-05-28,2019052801008956,JBBL,22,29,375,165.00,"61,875.00"
2019-05-28,2019052801008947,JBBL,22,14,484,165.00,"79,860.00"
2019-05-28,2019052801008946,JBBL,35,14,30,165.00,"4,950.00"
2019-05-28,2019052801008945,JBBL,22,14,486,165.00,"80,190.00"
2019-05-28,2019052801008942,JBBL,22,47,14,165.00,"2,310.00"
2019-05-28,2019052801009052,JBBL,49,58,"1,353",165.00,"223,245.00"
2019-05-28,2019052801009043,JBBL,49,38,307,165.00,"50,655.00"
2019-05-28,2019052801009042,JBBL,49,46,340,165.00,"56,100.00"
2019-05-28,2019052801009041,JBBL,14,46,22,165.00,"3,630.00"
2019-05-28,2019052801008997,JBBL,14,46,978,165.00,"161,370.00"
2019-05-28,2019052801008996,JBBL,22,46,22,165.00,"3,630.00"
2019-05-28,2019052801009092,JBBL,14,58,66,164.00,"10,824.00"
2019-05-28,2019052801009090,JBBL,34,58,"1,000",164.00,"164,000.00"
2019-05-28,2019052801009081,JBBL,59,49,100,162.00,"16,200.00"
2019-05-28,2019052801009078,JBBL,49,58,"2,647",164.00,"434,108.00"
2019-05-28,2019052801009072,JBBL,34,58,"1,287",164.00,"211,068.00"
2019-05-28,2019052801009053,JBBL,59,58,"1,000",165.00,"165,000.00"
2019-05-28,2019052801009073,JBNL,34,34,400,209.00,"83,600.00"
2019-05-28,2019052801009038,JBNL,20,34,150,209.00,"31,350.00"
2019-05-28,2019052801008929,JBNL,41,34,436,208.00,"90,688.00"
2019-05-28,2019052801008928,JBNL,41,34,500,208.00,"104,000.00"
2019-05-28,2019052801008927,JBNL,6,34,811,208.00,"168,688.00"
2019-05-28,2019052801008795,JBNL,16,34,250,209.00,"52,250.00"
2019-05-28,2019052801008661,JBNL,6,48,189,208.00,"39,312.00"
2019-05-28,2019052801008660,JBNL,6,48,"1,000",208.00,"208,000.00"
2019-05-28,2019052801008659,JBNL,41,48,500,208.00,"104,000.00"
2019-05-28,2019052801008658,JBNL,22,48,311,208.00,"64,688.00"
2019-05-28,2019052801008778,KKHC,21,48,16,71.00,"1,136.00"
2019-05-28,2019052801009068,KNBL,25,33,100,163.00,"16,300.00"
2019-05-28,2019052801009067,KNBL,16,33,"1,000",163.00,"163,000.00"
2019-05-28,2019052801008680,KNBL,6,14,17,166.00,"2,822.00"
2019-05-28,2019052801008819,KSBBL,32,4,303,159.00,"48,177.00"
2019-05-28,2019052801008818,KSBBL,32,53,197,159.00,"31,323.00"
2019-05-28,2019052801008907,LBBL,33,28,10,203.00,"2,030.00"
2019-05-28,2019052801008892,LBBL,39,33,"2,107",200.00,"421,400.00"
2019-05-28,2019052801008891,LBBL,20,33,"1,658",201.00,"333,258.00"
2019-05-28,2019052801008890,LBBL,39,33,"1,250",202.00,"252,500.00"
2019-05-28,2019052801008871,LBBL,39,37,"2,000",202.00,"404,000.00"
2019-05-28,2019052801008870,LBBL,39,28,400,202.00,"80,800.00"
2019-05-28,2019052801008869,LBBL,39,45,"1,350",202.00,"272,700.00"
2019-05-28,2019052801008779,LBBL,20,10,"2,179",201.00,"437,979.00"
2019-05-28,2019052801008763,LBBL,20,10,280,201.00,"56,280.00"
2019-05-28,2019052801008762,LBBL,42,10,420,201.00,"84,420.00"
2019-05-28,2019052801009091,LBL,34,34,282,220.00,"62,040.00"
2019-05-28,2019052801008857,LBL,42,16,100,220.00,"22,000.00"
2019-05-28,2019052801008797,LGIL,28,34,16,505.00,"8,080.00"
2019-05-28,2019052801008796,LGIL,28,50,14,500.00,"7,000.00"
2019-05-28,2019052801009110,LICN,28,58,10,"1,903.00","19,030.00"
2019-05-28,2019052801009017,LICN,44,33,406,"1,895.00","769,370.00"
2019-05-28,2019052801008994,LICN,17,58,20,"1,903.00","38,060.00"
2019-05-28,2019052801008940,LICN,28,58,60,"1,903.00","114,180.00"
2019-05-28,2019052801008939,LICN,28,48,40,"1,902.00","76,080.00"
2019-05-28,2019052801008771,LICN,48,58,20,"1,903.00","38,060.00"
2019-05-28,2019052801009103,MBL,33,48,667,270.00,"180,090.00"
2019-05-28,2019052801009102,MBL,33,41,600,270.00,"162,000.00"
2019-05-28,2019052801009101,MBL,33,28,999,270.00,"269,730.00"
2019-05-28,2019052801008952,MBL,17,28,310,270.00,"83,700.00"
2019-05-28,2019052801008951,MBL,17,28,200,270.00,"54,000.00"
2019-05-28,2019052801008950,MBL,17,26,90,270.00,"24,300.00"
2019-05-28,2019052801008688,MDB,45,34,10,257.00,"2,570.00"
2019-05-28,2019052801009018,MEGA,43,40,10,197.00,"1,970.00"
2019-05-28,2019052801008742,MEGA,45,48,61,195.00,"11,895.00"
2019-05-28,2019052801008741,MEGA,28,48,16,195.00,"3,120.00"
2019-05-28,2019052801008740,MEGA,21,48,100,196.00,"19,600.00"
2019-05-28,2019052801008739,MEGA,52,48,200,196.00,"39,200.00"
2019-05-28,2019052801008738,MEGA,19,48,800,196.00,"156,800.00"
2019-05-28,2019052801008737,MEGA,19,48,323,196.00,"63,308.00"
2019-05-28,2019052801009055,MFIL,39,48,"2,098",128.00,"268,544.00"
2019-05-28,2019052801009054,MFIL,39,58,200,128.00,"25,600.00"
2019-05-28,2019052801009066,MSLB,18,48,14,"1,040.00","14,560.00"
2019-05-28,2019052801009099,NABIL,8,11,127,836.00,"106,172.00"
2019-05-28,2019052801009079,NABIL,10,11,63,836.00,"52,668.00"
2019-05-28,2019052801009029,NABIL,49,11,10,838.00,"8,380.00"
2019-05-28,2019052801009049,NABILP,59,49,100,805.00,"80,500.00"
2019-05-28,2019052801008901,NABILP,11,49,100,806.00,"80,600.00"
2019-05-28,2019052801009148,NBL,57,36,100,335.00,"33,500.00"
2019-05-28,2019052801009142,NBL,33,36,10,335.00,"3,350.00"
2019-05-28,2019052801009141,NBL,33,36,100,335.00,"33,500.00"
2019-05-28,2019052801009095,NBL,37,42,250,333.00,"83,250.00"
2019-05-28,2019052801009085,NBL,26,42,100,333.00,"33,300.00"
2019-05-28,2019052801009065,NBL,34,42,500,333.00,"166,500.00"
2019-05-28,2019052801009006,NBL,49,29,"1,300",334.00,"434,200.00"
2019-05-28,2019052801009005,NBL,7,29,500,334.00,"167,000.00"
2019-05-28,2019052801009004,NBL,22,29,200,334.00,"66,800.00"
2019-05-28,2019052801009064,NBL,54,42,300,333.00,"99,900.00"
2019-05-28,2019052801009063,NBL,10,42,"5,000",333.00,"1,665,000.00"
2019-05-28,2019052801009062,NBL,28,42,450,333.00,"149,850.00"
2019-05-28,2019052801009061,NBL,44,42,200,334.00,"66,800.00"
2019-05-28,2019052801009060,NBL,49,42,200,334.00,"66,800.00"
2019-05-28,2019052801009035,NBL,38,36,200,335.00,"67,000.00"
2019-05-28,2019052801009126,NCCB,58,42,10,262.00,"2,620.00"
2019-05-28,2019052801009044,NCCB,56,52,"1,000",260.00,"260,000.00"
2019-05-28,2019052801009020,NCCB,34,34,776,261.00,"202,536.00"
2019-05-28,2019052801008902,NCCB,56,41,50,260.00,"13,000.00"
2019-05-28,2019052801008746,NCCB,56,29,31,260.00,"8,060.00"
2019-05-28,2019052801008745,NCCB,44,29,500,260.00,"130,000.00"
2019-05-28,2019052801008744,NCCB,51,29,19,260.00,"4,940.00"
2019-05-28,2019052801008694,NCCB,28,29,300,261.00,"78,300.00"
2019-05-28,2019052801009076,NGPL,41,16,83,123.00,"10,209.00"
2019-05-28,2019052801009075,NGPL,22,16,100,123.00,"12,300.00"
2019-05-28,2019052801009074,NGPL,56,16,30,124.00,"3,720.00"
2019-05-28,2019052801009086,NIB,53,47,465,536.00,"249,240.00"
2019-05-28,2019052801009036,NIB,26,47,50,536.00,"26,800.00"
2019-05-28,2019052801008974,NIB,58,47,75,536.00,"40,200.00"
2019-05-28,2019052801008973,NIB,58,33,25,536.00,"13,400.00"
2019-05-28,2019052801009022,NICA,44,49,25,480.00,"12,000.00"
2019-05-28,2019052801008861,NICA,44,17,62,480.00,"29,760.00"
2019-05-28,2019052801008860,NICA,6,17,258,480.00,"123,840.00"
2019-05-28,2019052801008859,NICA,33,17,680,480.00,"326,400.00"
2019-05-28,2019052801008786,NICA,33,42,100,480.00,"48,000.00"
2019-05-28,2019052801009097,NICL,16,49,11,387.00,"4,257.00"
2019-05-28,2019052801008985,NICL,43,1,10,390.00,"3,900.00"
2019-05-28,2019052801008840,NICL,16,47,300,387.00,"116,100.00"
2019-05-28,2019052801008845,NIL,42,36,100,516.00,"51,600.00"
2019-05-28,2019052801008690,NLBBL,38,29,55,519.00,"28,545.00"
2019-05-28,2019052801008689,NLBBL,38,59,45,519.00,"23,355.00"
2019-05-28,2019052801008679,NLG,55,8,160,800.00,"128,000.00"
2019-05-28,2019052801008678,NLG,51,8,50,800.00,"40,000.00"
2019-05-28,2019052801008677,NLG,45,8,40,805.00,"32,200.00"
2019-05-28,2019052801008676,NLG,35,8,50,806.00,"40,300.00"
2019-05-28,2019052801009001,NLG,33,53,100,801.00,"80,100.00"
2019-05-28,2019052801008975,NLIC,21,46,70,924.00,"64,680.00"
2019-05-28,2019052801008963,NLIC,6,46,30,924.00,"27,720.00"
2019-05-28,2019052801008820,NLIC,6,51,70,924.00,"64,680.00"
2019-05-28,2019052801008799,NLIC,56,51,260,924.00,"240,240.00"
2019-05-28,2019052801008798,NLIC,56,59,40,924.00,"36,960.00"
2019-05-28,2019052801009011,NLICL,25,36,240,653.00,"156,720.00"
2019-05-28,2019052801009010,NLICL,32,36,50,654.00,"32,700.00"
2019-05-28,2019052801009009,NLICL,43,36,10,662.00,"6,620.00"
2019-05-28,2019052801009104,NMBHF1,43,19,"2,080",9.69,"20,155.20"
2019-05-28,2019052801008983,NMBMF,40,57,13,"1,125.00","14,625.00"
2019-05-28,2019052801009133,NMFBS,49,42,85,"1,560.00","132,600.00"
2019-05-28,2019052801009132,NMFBS,34,42,10,"1,560.00","15,600.00"
2019-05-28,2019052801009131,NMFBS,41,42,30,"1,561.00","46,830.00"
2019-05-28,2019052801008836,NNLB,6,57,100,389.00,"38,900.00"
2019-05-28,2019052801008835,NNLB,22,57,20,389.00,"7,780.00"
2019-05-28,2019052801008876,NSEWA,36,21,10,440.00,"4,400.00"
2019-05-28,2019052801009098,NTC,38,44,"1,000",729.00,"729,000.00"
2019-05-28,2019052801009071,NTC,38,3,180,725.00,"130,500.00"
2019-05-28,2019052801009070,NTC,38,3,300,725.00,"217,500.00"
2019-05-28,2019052801009051,NTC,43,3,10,729.00,"7,290.00"
2019-05-28,2019052801009050,NTC,34,3,10,729.00,"7,290.00"
2019-05-28,2019052801008908,NTC,38,22,100,725.00,"72,500.00"
2019-05-28,2019052801008875,NTC,38,22,100,725.00,"72,500.00"
2019-05-28,2019052801008988,NUBL,22,7,100,856.00,"85,600.00"
2019-05-28,2019052801008987,NUBL,22,17,100,855.00,"85,500.00"
2019-05-28,2019052801008986,NUBL,22,17,100,855.00,"85,500.00"
2019-05-28,2019052801008979,OHL,45,1,"1,000",657.00,"657,000.00"
2019-05-28,2019052801008978,OHL,57,1,137,657.00,"90,009.00"
2019-05-28,2019052801008977,OHL,51,1,300,658.00,"197,400.00"
2019-05-28,2019052801008976,OHL,4,1,500,659.00,"329,500.00"
2019-05-28,2019052801008805,PCBL,1,43,200,310.00,"62,000.00"
2019-05-28,2019052801008804,PCBL,21,43,200,310.00,"62,000.00"
2019-05-28,2019052801008649,PCBL,6,17,300,311.00,"93,300.00"
2019-05-28,2019052801009034,PIC,45,35,160,"1,190.00","190,400.00"
2019-05-28,2019052801009033,PIC,45,35,150,"1,189.00","178,350.00"
2019-05-28,2019052801009032,PIC,45,34,90,"1,188.00","106,920.00"
2019-05-28,2019052801009019,PIC,38,34,10,"1,188.00","11,880.00"
2019-05-28,2019052801008691,PIC,6,25,11,"1,180.00","12,980.00"
2019-05-28,2019052801008668,PIC,6,25,11,"1,180.00","12,980.00"
2019-05-28,2019052801008856,PICL,10,55,200,700.00,"140,000.00"
2019-05-28,2019052801008761,PICL,49,34,40,695.00,"27,800.00"
2019-05-28,2019052801008747,PICL,49,7,20,695.00,"13,900.00"
2019-05-28,2019052801009037,PLIC,59,39,71,471.00,"33,441.00"
2019-05-28,2019052801009089,PRIN,45,52,23,405.00,"9,315.00"
2019-05-28,2019052801009088,PRIN,34,52,117,405.00,"47,385.00"
2019-05-28,2019052801009087,PRIN,29,43,388,407.00,"157,916.00"
2019-05-28,2019052801008864,PRIN,13,43,62,407.00,"25,234.00"
2019-05-28,2019052801008777,PRIN,42,43,50,407.00,"20,350.00"
2019-05-28,2019052801008749,PRIN,34,34,100,405.00,"40,500.00"
2019-05-28,2019052801009109,PRVU,29,42,50,278.00,"13,900.00"
2019-05-28,2019052801009108,PRVU,29,6,800,278.00,"222,400.00"
2019-05-28,2019052801009107,PRVU,29,17,15,278.00,"4,170.00"
2019-05-28,2019052801009106,PRVU,29,57,58,278.00,"16,124.00"
2019-05-28,2019052801009080,PRVU,59,36,80,276.00,"22,080.00"
2019-05-28,2019052801008822,PRVU,36,44,200,277.00,"55,400.00"
2019-05-28,2019052801008784,PRVU,17,44,200,277.00,"55,400.00"
2019-05-28,2019052801008774,PRVU,17,44,500,277.00,"138,500.00"
2019-05-28,2019052801008670,PRVU,59,11,223,276.00,"61,548.00"
2019-05-28,2019052801008948,PRVU,59,26,30,276.00,"8,280.00"
2019-05-28,2019052801008866,PRVU,42,44,200,277.00,"55,400.00"
2019-05-28,2019052801008850,PRVU,45,44,10,277.00,"2,770.00"
2019-05-28,2019052801008824,PRVU,36,44,204,277.00,"56,508.00"
2019-05-28,2019052801008823,PRVU,36,53,96,277.00,"26,592.00"
2019-05-28,2019052801008984,PRVU,5,44,200,277.00,"55,400.00"
2019-05-28,2019052801009058,PRVU,32,57,748,277.00,"207,196.00"
2019-05-28,2019052801009040,PRVU,52,57,614,277.00,"170,078.00"
2019-05-28,2019052801009039,PRVU,52,44,386,277.00,"106,922.00"
2019-05-28,2019052801008894,RADHI,21,26,10,163.00,"1,630.00"
2019-05-28,2019052801008791,RBCL,56,57,10,"10,690.00","106,900.00"
2019-05-28,2019052801008790,RBCL,51,57,10,"10,700.00","107,000.00"
2019-05-28,2019052801008789,RBCL,6,57,10,"10,801.00","108,010.00"
2019-05-28,2019052801008992,RLFL,11,36,488,133.00,"64,904.00"
2019-05-28,2019052801008991,RLFL,11,47,12,133.00,"1,596.00"
2019-05-28,2019052801008810,RLFL,34,47,470,133.00,"62,510.00"
2019-05-28,2019052801008809,RLFL,34,53,500,133.00,"66,500.00"
2019-05-28,2019052801008808,RLFL,34,42,50,132.00,"6,600.00"
2019-05-28,2019052801008657,RLFL,28,42,200,131.00,"26,200.00"
2019-05-28,2019052801008656,RLFL,28,52,100,130.00,"13,000.00"
2019-05-28,2019052801008655,RLFL,28,42,150,130.00,"19,500.00"
2019-05-28,2019052801009136,RMDC,6,56,100,658.00,"65,800.00"
2019-05-28,2019052801008855,RMDC,50,56,486,650.00,"315,900.00"
2019-05-28,2019052801008833,RMDC,19,56,200,650.00,"130,000.00"
2019-05-28,2019052801008832,RMDC,55,56,200,650.00,"130,000.00"
2019-05-28,2019052801008831,RMDC,7,56,100,650.00,"65,000.00"
2019-05-28,2019052801008830,RMDC,37,56,100,650.00,"65,000.00"
2019-05-28,2019052801008829,RMDC,55,56,400,650.00,"260,000.00"
2019-05-28,2019052801008828,RMDC,50,56,200,651.00,"130,200.00"
2019-05-28,2019052801008827,RMDC,47,56,200,651.00,"130,200.00"
2019-05-28,2019052801008826,RMDC,47,56,100,652.00,"65,200.00"
2019-05-28,2019052801008825,RMDC,55,56,77,652.00,"50,204.00"
2019-05-28,2019052801008934,RSDC,39,19,15,390.00,"5,850.00"
2019-05-28,2019052801008933,RSDC,39,42,63,390.00,"24,570.00"
2019-05-28,2019052801008932,RSDC,39,29,100,390.00,"39,000.00"
2019-05-28,2019052801008931,RSDC,39,58,72,389.00,"28,008.00"
2019-05-28,2019052801008930,RSDC,39,29,100,388.00,"38,800.00"
2019-05-28,2019052801008653,RSDC,39,56,18,387.00,"6,966.00"
2019-05-28,2019052801009137,SANIMA,33,52,104,357.00,"37,128.00"
2019-05-28,2019052801009000,SBI,58,47,50,478.00,"23,900.00"
2019-05-28,2019052801008999,SBI,8,47,275,478.00,"131,450.00"
2019-05-28,2019052801008769,SBL,26,25,185,334.00,"61,790.00"
2019-05-28,2019052801008955,SCB,45,41,3,676.00,"2,028.00"
2019-05-28,2019052801008674,SCB,11,28,48,680.00,"32,640.00"
2019-05-28,2019052801008673,SCB,11,58,20,680.00,"13,600.00"
2019-05-28,2019052801008672,SCB,11,46,50,680.00,"34,000.00"
2019-05-28,2019052801008671,SCB,11,57,40,680.00,"27,200.00"
2019-05-28,2019052801008662,SCB,45,45,30,676.00,"20,280.00"
2019-05-28,2019052801009084,SDESI,4,7,300,607.00,"182,100.00"
2019-05-28,2019052801009021,SDESI,8,45,13,601.00,"7,813.00"
2019-05-28,2019052801008787,SDESI,33,25,27,601.00,"16,227.00"
2019-05-28,2019052801008748,SEF,1,40,"1,400",9.75,"13,650.00"
2019-05-28,2019052801008651,SEF,1,40,"1,400",9.75,"13,650.00"
2019-05-28,2019052801009139,SHIVM,52,46,170,646.00,"109,820.00"
2019-05-28,2019052801009138,SHIVM,5,46,230,646.00,"148,580.00"
2019-05-28,2019052801009057,SHIVM,5,44,50,646.00,"32,300.00"
2019-05-28,2019052801009056,SHIVM,5,43,70,646.00,"45,220.00"
2019-05-28,2019052801009030,SHIVM,5,49,30,646.00,"19,380.00"
2019-05-28,2019052801009003,SHIVM,5,38,50,646.00,"32,300.00"
2019-05-28,2019052801008652,SHIVM,42,34,500,646.00,"323,000.00"
2019-05-28,2019052801008685,SHIVM,17,16,100,646.00,"64,600.00"
2019-05-28,2019052801008684,SHIVM,17,6,10,646.00,"6,460.00"
2019-05-28,2019052801008683,SHIVM,17,49,100,646.00,"64,600.00"
2019-05-28,2019052801008682,SHIVM,17,34,"1,170",646.00,"755,820.00"
2019-05-28,2019052801008681,SHIVM,49,34,200,646.00,"129,200.00"
2019-05-28,2019052801008666,SHIVM,57,34,400,646.00,"258,400.00"
2019-05-28,2019052801008698,SHIVM,58,36,50,646.00,"32,300.00"
2019-05-28,2019052801008697,SHIVM,58,14,50,646.00,"32,300.00"
2019-05-28,2019052801008696,SHIVM,58,44,50,646.00,"32,300.00"
2019-05-28,2019052801008695,SHIVM,58,58,"3,380",646.00,"2,183,480.00"
2019-05-28,2019052801008687,SHIVM,42,58,"1,000",646.00,"646,000.00"
2019-05-28,2019052801008686,SHIVM,17,58,620,646.00,"400,520.00"
2019-05-28,2019052801008704,SHIVM,58,5,100,646.00,"64,600.00"
2019-05-28,2019052801008703,SHIVM,58,44,50,646.00,"32,300.00"
2019-05-28,2019052801008702,SHIVM,58,36,50,646.00,"32,300.00"
2019-05-28,2019052801008701,SHIVM,58,16,100,646.00,"64,600.00"
2019-05-28,2019052801008700,SHIVM,58,8,50,646.00,"32,300.00"
2019-05-28,2019052801008699,SHIVM,58,17,50,646.00,"32,300.00"
2019-05-28,2019052801008710,SHIVM,58,34,15,646.00,"9,690.00"
2019-05-28,2019052801008709,SHIVM,58,6,100,646.00,"64,600.00"
2019-05-28,2019052801008708,SHIVM,58,1,50,646.00,"32,300.00"
2019-05-28,2019052801008707,SHIVM,58,35,30,646.00,"19,380.00"
2019-05-28,2019052801008706,SHIVM,58,1,50,646.00,"32,300.00"
2019-05-28,2019052801008705,SHIVM,58,48,100,646.00,"64,600.00"
2019-05-28,2019052801008716,SHIVM,58,55,50,646.00,"32,300.00"
2019-05-28,2019052801008715,SHIVM,58,19,150,646.00,"96,900.00"
2019-05-28,2019052801008714,SHIVM,58,44,50,646.00,"32,300.00"
2019-05-28,2019052801008713,SHIVM,58,40,100,646.00,"64,600.00"
2019-05-28,2019052801008712,SHIVM,58,47,100,646.00,"64,600.00"
2019-05-28,2019052801008711,SHIVM,58,14,50,646.00,"32,300.00"
2019-05-28,2019052801008722,SHIVM,58,41,25,646.00,"16,150.00"
2019-05-28,2019052801008721,SHIVM,58,48,100,646.00,"64,600.00"
2019-05-28,2019052801008720,SHIVM,58,22,100,646.00,"64,600.00"
2019-05-28,2019052801008719,SHIVM,58,38,15,646.00,"9,690.00"
2019-05-28,2019052801008718,SHIVM,58,10,"1,500",646.00,"969,000.00"
2019-05-28,2019052801008717,SHIVM,58,14,20,646.00,"12,920.00"
2019-05-28,2019052801008728,SHIVM,58,34,50,646.00,"32,300.00"
2019-05-28,2019052801008727,SHIVM,58,34,200,646.00,"129,200.00"
2019-05-28,2019052801008726,SHIVM,58,59,100,646.00,"64,600.00"
2019-05-28,2019052801008725,SHIVM,58,41,50,646.00,"32,300.00"
2019-05-28,2019052801008724,SHIVM,58,58,"2,000",646.00,"1,292,000.00"
2019-05-28,2019052801008723,SHIVM,58,49,100,646.00,"64,600.00"
2019-05-28,2019052801008734,SHIVM,58,57,50,646.00,"32,300.00"
2019-05-28,2019052801008733,SHIVM,58,6,100,646.00,"64,600.00"
2019-05-28,2019052801008732,SHIVM,58,34,50,646.00,"32,300.00"
2019-05-28,2019052801008731,SHIVM,58,38,50,646.00,"32,300.00"
2019-05-28,2019052801008730,SHIVM,58,4,300,646.00,"193,800.00"
2019-05-28,2019052801008729,SHIVM,58,10,400,646.00,"258,400.00"
2019-05-28,2019052801008758,SHIVM,25,35,25,646.00,"16,150.00"
2019-05-28,2019052801008757,SHIVM,25,32,50,646.00,"32,300.00"
2019-05-28,2019052801008756,SHIVM,42,32,450,646.00,"290,700.00"
2019-05-28,2019052801008750,SHIVM,42,57,50,646.00,"32,300.00"
2019-05-28,2019052801008736,SHIVM,58,19,300,646.00,"193,800.00"
2019-05-28,2019052801008735,SHIVM,58,35,100,646.00,"64,600.00"
2019-05-28,2019052801008801,SHIVM,50,3,25,646.00,"16,150.00"
2019-05-28,2019052801008792,SHIVM,50,45,100,646.00,"64,600.00"
2019-05-28,2019052801008782,SHIVM,50,39,50,646.00,"32,300.00"
2019-05-28,2019052801008773,SHIVM,50,39,25,646.00,"16,150.00"
2019-05-28,2019052801008772,SHIVM,25,39,25,646.00,"16,150.00"
2019-05-28,2019052801008764,SHIVM,25,50,100,646.00,"64,600.00"
2019-05-28,2019052801008851,SHIVM,3,45,40,646.00,"25,840.00"
2019-05-28,2019052801008834,SHIVM,3,3,50,646.00,"32,300.00"
2019-05-28,2019052801008814,SHIVM,3,35,375,646.00,"242,250.00"
2019-05-28,2019052801008813,SHIVM,3,35,125,646.00,"80,750.00"
2019-05-28,2019052801008803,SHIVM,3,39,50,646.00,"32,300.00"
2019-05-28,2019052801008802,SHIVM,3,3,25,646.00,"16,150.00"
2019-05-28,2019052801008883,SHIVM,17,13,250,646.00,"161,500.00"
2019-05-28,2019052801008872,SHIVM,17,17,30,646.00,"19,380.00"
2019-05-28,2019052801008868,SHIVM,17,26,30,646.00,"19,380.00"
2019-05-28,2019052801008865,SHIVM,17,3,50,646.00,"32,300.00"
2019-05-28,2019052801008854,SHIVM,17,36,15,646.00,"9,690.00"
2019-05-28,2019052801008853,SHIVM,3,36,35,646.00,"22,610.00"
2019-05-28,2019052801008918,SHIVM,3,44,160,646.00,"103,360.00"
2019-05-28,2019052801008917,SHIVM,16,44,50,646.00,"32,300.00"
2019-05-28,2019052801008916,SHIVM,37,44,200,646.00,"129,200.00"
2019-05-28,2019052801008915,SHIVM,36,44,400,646.00,"258,400.00"
2019-05-28,2019052801008914,SHIVM,48,44,150,646.00,"96,900.00"
2019-05-28,2019052801008913,SHIVM,17,44,125,646.00,"80,750.00"
2019-05-28,2019052801008972,SHIVM,5,48,10,646.00,"6,460.00"
2019-05-28,2019052801008957,SHIVM,5,41,50,646.00,"32,300.00"
2019-05-28,2019052801008944,SHIVM,5,38,10,646.00,"6,460.00"
2019-05-28,2019052801008943,SHIVM,3,38,40,646.00,"25,840.00"
2019-05-28,2019052801008920,SHIVM,3,42,50,646.00,"32,300.00"
2019-05-28,2019052801008919,SHIVM,3,19,50,646.00,"32,300.00"
2019-05-28,2019052801008924,SHL,43,40,100,242.00,"24,200.00"
2019-05-28,2019052801009048,SHPC,48,7,301,268.00,"80,668.00"
2019-05-28,2019052801009047,SHPC,48,7,200,268.00,"53,600.00"
2019-05-28,2019052801009046,SHPC,39,7,399,268.00,"106,932.00"
2019-05-28,2019052801009023,SHPC,25,7,300,269.00,"80,700.00"
2019-05-28,2019052801009134,SIC,49,40,35,"1,415.00","49,525.00"
2019-05-28,2019052801008852,SIC,49,39,100,"1,415.00","141,500.00"
2019-05-28,2019052801008775,SIC,49,14,55,"1,415.00","77,825.00"
2019-05-28,2019052801008770,SIC,39,14,10,"1,415.00","14,150.00"
2019-05-28,2019052801008665,SIC,38,14,100,"1,415.00","141,500.00"
2019-05-28,2019052801008664,SIC,58,14,50,"1,415.00","70,750.00"
2019-05-28,2019052801008663,SIC,22,14,35,"1,416.00","49,560.00"
2019-05-28,2019052801008909,SICL,45,4,15,850.00,"12,750.00"
2019-05-28,2019052801008882,SICL,45,4,22,850.00,"18,700.00"
2019-05-28,2019052801008841,SICL,45,4,50,850.00,"42,500.00"
2019-05-28,2019052801008811,SICL,45,4,50,850.00,"42,500.00"
2019-05-28,2019052801008783,SICL,45,4,50,850.00,"42,500.00"
2019-05-28,2019052801008760,SICL,45,4,50,850.00,"42,500.00"
2019-05-28,2019052801008743,SIFC,10,47,"4,061",156.00,"633,516.00"
2019-05-28,2019052801009028,SIL,16,16,25,578.00,"14,450.00"
2019-05-28,2019052801008989,SIL,17,16,10,578.00,"5,780.00"
2019-05-28,2019052801008912,SIL,49,16,10,578.00,"5,780.00"
2019-05-28,2019052801008911,SIL,53,16,100,578.00,"57,800.00"
2019-05-28,2019052801008910,SIL,25,16,100,578.00,"57,800.00"
2019-05-28,2019052801009146,SKBBL,4,26,100,995.00,"99,500.00"
2019-05-28,2019052801008990,SLICL,56,45,173,586.00,"101,378.00"
2019-05-28,2019052801008954,SLICL,35,44,100,587.00,"58,700.00"
2019-05-28,2019052801008953,SLICL,35,44,76,587.00,"44,612.00"
2019-05-28,2019052801008794,SLICL,6,58,100,588.00,"58,800.00"
2019-05-28,2019052801009135,SMATA,26,41,20,"1,320.00","26,400.00"
2019-05-28,2019052801009069,SPARS,7,52,10,503.00,"5,030.00"
2019-05-28,2019052801008898,SPARS,7,13,10,503.00,"5,030.00"
2019-05-28,2019052801008885,SPARS,7,45,10,503.00,"5,030.00"
2019-05-28,2019052801008862,SPARS,7,45,10,503.00,"5,030.00"
2019-05-28,2019052801008839,SPARS,7,45,10,503.00,"5,030.00"
2019-05-28,2019052801009045,SPDL,56,39,14,95.00,"1,330.00"
2019-05-28,2019052801008906,SWBBL,36,59,100,901.00,"90,100.00"
2019-05-28,2019052801008995,UPPER,25,22,32,280.00,"8,960.00"
2019-05-28,2019052801008993,UPPER,20,59,40,278.00,"11,120.00"
2019-05-28,2019052801008926,UPPER,20,3,12,278.00,"3,336.00"
2019-05-28,2019052801008925,UPPER,28,3,488,278.00,"135,664.00"
2019-05-28,2019052801008905,UPPER,28,3,422,278.00,"117,316.00"
2019-05-28,2019052801008900,UPPER,32,22,43,280.00,"12,040.00"
2019-05-28,2019052801008812,UPPER,45,25,500,277.00,"138,500.00"
2019-05-28,2019052801008807,UPPER,42,25,70,277.00,"19,390.00"
2019-05-28,2019052801008806,UPPER,42,16,30,277.00,"8,310.00"
2019-05-28,2019052801008776,UPPER,28,16,500,277.00,"138,500.00"
2019-05-28,2019052801008669,UPPER,38,16,200,277.00,"55,400.00"
2019-05-28,2019052801008874,UPPER,47,52,20,278.00,"5,560.00"
2019-05-28,2019052801008873,UPPER,47,43,390,278.00,"108,420.00"
2019-05-28,2019052801008867,UPPER,19,43,500,278.00,"139,000.00"
2019-05-28,2019052801008858,UPPER,45,29,344,277.00,"95,288.00"
2019-05-28,2019052801008817,UPPER,28,29,156,277.00,"43,212.00"
2019-05-28,2019052801008816,UPPER,28,25,344,277.00,"95,288.00"
2019-05-28,2019052801008899,UPPER,32,4,57,279.00,"15,903.00"
2019-05-28,2019052801008881,UPPER,28,41,40,278.00,"11,120.00"
2019-05-28,2019052801008880,UPPER,28,41,40,278.00,"11,120.00"
2019-05-28,2019052801008879,UPPER,28,41,40,278.00,"11,120.00"
2019-05-28,2019052801008878,UPPER,28,41,40,278.00,"11,120.00"
2019-05-28,2019052801008877,UPPER,28,52,20,278.00,"5,560.00"
2019-05-28,2019052801008620,ADBL,45,4,200,422.00,"84,400.00"
2019-05-28,2019052801008329,ADBL,58,58,43,421.00,"18,103.00"
2019-05-28,2019052801008328,ADBL,26,58,250,421.00,"105,250.00"
2019-05-28,2019052801008327,ADBL,4,58,407,421.00,"171,347.00"
2019-05-28,2019052801008598,AHPC,10,6,100,112.00,"11,200.00"
2019-05-28,2019052801008317,AHPC,10,43,90,112.00,"10,080.00"
2019-05-28,2019052801008316,AHPC,54,43,410,112.00,"45,920.00"
2019-05-28,2019052801008376,ALBSL,46,13,10,437.00,"4,370.00"
2019-05-28,2019052801008359,ALBSL,46,13,10,437.00,"4,370.00"
2019-05-28,2019052801008480,ALICL,55,34,100,423.00,"42,300.00"
2019-05-28,2019052801008591,API,10,16,100,154.00,"15,400.00"
2019-05-28,2019052801008162,API,25,44,50,155.00,"7,750.00"
2019-05-28,2019052801008449,BPCL,7,41,22,421.00,"9,262.00"
2019-05-28,2019052801008413,BPCL,7,59,324,421.00,"136,404.00"
2019-05-28,2019052801008412,BPCL,25,59,100,421.00,"42,100.00"
2019-05-28,2019052801008411,BPCL,45,59,487,421.00,"205,027.00"
2019-05-28,2019052801008410,BPCL,22,59,189,422.00,"79,758.00"
2019-05-28,2019052801008385,CBL,52,25,"1,200",147.00,"176,400.00"
2019-05-28,2019052801008442,CCBL,11,44,100,169.00,"16,900.00"
2019-05-28,2019052801008322,CCBL,7,45,"1,000",168.00,"168,000.00"
2019-05-28,2019052801008212,CCBL,5,44,14,169.00,"2,366.00"
2019-05-28,2019052801008170,CCBL,22,44,150,169.00,"25,350.00"
2019-05-28,2019052801008169,CCBL,16,44,400,169.00,"67,600.00"
2019-05-28,2019052801008168,CCBL,45,44,500,169.00,"84,500.00"
2019-05-28,2019052801008464,CHCL,25,36,26,530.00,"13,780.00"
2019-05-28,2019052801008463,CHCL,45,36,74,530.00,"39,220.00"
2019-05-28,2019052801008206,CHCL,59,14,30,536.00,"16,080.00"
2019-05-28,2019052801008561,CHLBS,40,41,10,455.00,"4,550.00"
2019-05-28,2019052801008471,CHLBS,40,41,10,455.00,"4,550.00"
2019-05-28,2019052801008267,CIT,5,16,120,"2,590.00","310,800.00"
2019-05-28,2019052801008588,CZBIL,53,13,66,226.00,"14,916.00"
2019-05-28,2019052801008291,CZBIL,46,6,64,225.00,"14,400.00"
2019-05-28,2019052801008290,CZBIL,38,6,200,225.00,"45,000.00"
2019-05-28,2019052801008289,CZBIL,10,6,200,225.00,"45,000.00"
2019-05-28,2019052801008288,CZBIL,8,6,94,225.00,"21,150.00"
2019-05-28,2019052801008381,DBBL,7,10,300,150.00,"45,000.00"
2019-05-28,2019052801008167,DBBL,7,51,"1,218",150.00,"182,700.00"
2019-05-28,2019052801008462,DDBL,25,45,129,725.00,"93,525.00"
2019-05-28,2019052801008221,DHPL,47,20,700,65.00,"45,500.00"
2019-05-28,2019052801008191,DHPL,47,20,10,65.00,650.00
2019-05-28,2019052801008307,EBL,45,43,401,667.00,"267,467.00"
2019-05-28,2019052801008163,EIC,37,32,380,417.00,"158,460.00"
2019-05-28,2019052801008645,FMDBL,8,45,50,405.00,"20,250.00"
2019-05-28,2019052801008350,FMDBL,25,59,350,400.00,"140,000.00"
2019-05-28,2019052801008349,FMDBL,17,59,500,401.00,"200,500.00"
2019-05-28,2019052801008248,FOWAD,47,39,15,"1,496.00","22,440.00"
2019-05-28,2019052801008247,FOWAD,41,39,100,"1,497.00","149,700.00"
2019-05-28,2019052801008619,GBBL,38,49,22,227.00,"4,994.00"
2019-05-28,2019052801008618,GBBL,38,49,400,227.00,"90,800.00"
2019-05-28,2019052801008617,GBBL,38,57,22,227.00,"4,994.00"
2019-05-28,2019052801008616,GBBL,38,37,"1,556",226.00,"351,656.00"
2019-05-28,2019052801008599,GBBL,38,37,50,226.00,"11,300.00"
2019-05-28,2019052801008511,GBBL,58,7,300,225.00,"67,500.00"
2019-05-28,2019052801008531,GBIME,6,25,500,306.00,"153,000.00"
2019-05-28,2019052801008507,GDBL,38,39,50,213.00,"10,650.00"
2019-05-28,2019052801008229,GILB,14,32,41,"1,360.00","55,760.00"
2019-05-28,2019052801008577,GLICL,32,51,150,553.00,"82,950.00"
2019-05-28,2019052801008331,GLICL,42,34,25,552.00,"13,800.00"
2019-05-28,2019052801008447,GRDBL,55,1,150,116.00,"17,400.00"
2019-05-28,2019052801008446,GRDBL,55,1,50,116.00,"5,800.00"
2019-05-28,2019052801008281,GRDBL,46,1,19,116.00,"2,204.00"
2019-05-28,2019052801008273,GRDBL,46,47,10,115.00,"1,150.00"
2019-05-28,2019052801008272,GRDBL,46,57,50,115.00,"5,750.00"
2019-05-28,2019052801008567,HDL,36,58,100,"1,680.00","168,000.00"
2019-05-28,2019052801008245,HDL,6,58,150,"1,680.00","252,000.00"
2019-05-28,2019052801008244,HDL,21,58,20,"1,680.00","33,600.00"
2019-05-28,2019052801008243,HDL,48,58,10,"1,695.00","16,950.00"
2019-05-28,2019052801008454,HGI,36,25,109,376.00,"40,984.00"
2019-05-28,2019052801008453,HGI,53,25,200,377.00,"75,400.00"
2019-05-28,2019052801008175,HGI,45,45,37,375.00,"13,875.00"
2019-05-28,2019052801008174,HGI,39,45,20,378.00,"7,560.00"
2019-05-28,2019052801008173,HGI,42,45,10,378.00,"3,780.00"
2019-05-28,2019052801008172,HGI,34,45,100,378.00,"37,800.00"
2019-05-28,2019052801008171,HGI,11,45,100,379.00,"37,900.00"
2019-05-28,2019052801008435,HIDCL,52,39,"1,487",164.00,"243,868.00"
2019-05-28,2019052801008434,HIDCL,36,39,500,164.00,"82,000.00"
2019-05-28,2019052801008433,HIDCL,49,39,100,164.00,"16,400.00"
2019-05-28,2019052801008432,HIDCL,58,39,100,164.00,"16,400.00"
2019-05-28,2019052801008431,HIDCL,14,39,50,164.00,"8,200.00"
2019-05-28,2019052801008430,HIDCL,49,39,462,164.00,"75,768.00"
2019-05-28,2019052801008429,HIDCL,52,39,100,165.00,"16,500.00"
2019-05-28,2019052801008428,HIDCL,26,39,100,165.00,"16,500.00"
2019-05-28,2019052801008427,HIDCL,46,39,150,165.00,"24,750.00"
2019-05-28,2019052801008426,HIDCL,11,39,40,165.00,"6,600.00"
2019-05-28,2019052801008425,HIDCL,36,39,528,165.00,"87,120.00"
2019-05-28,2019052801008615,HPPL,36,18,10,186.00,"1,860.00"
2019-05-28,2019052801008560,HPPL,36,18,10,186.00,"1,860.00"
2019-05-28,2019052801008211,HPPL,36,45,10,186.00,"1,860.00"
2019-05-28,2019052801008644,JBBL,14,53,300,165.00,"49,500.00"
2019-05-28,2019052801008595,JBBL,14,19,61,165.00,"10,065.00"
2019-05-28,2019052801008592,JBBL,14,57,200,165.00,"33,000.00"
2019-05-28,2019052801008571,JBBL,14,29,500,165.00,"82,500.00"
2019-05-28,2019052801008505,JBBL,34,44,239,165.00,"39,435.00"
2019-05-28,2019052801008504,JBBL,34,41,200,165.00,"33,000.00"
2019-05-28,2019052801008154,JBBL,34,44,200,163.00,"32,600.00"
2019-05-28,2019052801008153,JBBL,34,32,22,163.00,"3,586.00"
2019-05-28,2019052801008152,JBBL,34,45,"2,000",163.00,"326,000.00"
2019-05-28,2019052801008151,JBBL,34,47,"1,043",163.00,"170,009.00"
2019-05-28,2019052801008150,JBBL,34,39,400,163.00,"65,200.00"
2019-05-28,2019052801008149,JBBL,34,25,100,163.00,"16,300.00"
2019-05-28,2019052801008398,JBBL,34,34,500,163.00,"81,500.00"
2019-05-28,2019052801008397,JBBL,34,29,"3,000",163.00,"489,000.00"
2019-05-28,2019052801008396,JBBL,34,46,696,163.00,"113,448.00"
2019-05-28,2019052801008395,JBBL,34,6,171,162.00,"27,702.00"
2019-05-28,2019052801008216,JBBL,34,46,304,163.00,"49,552.00"
2019-05-28,2019052801008195,JBBL,34,29,300,163.00,"48,900.00"
2019-05-28,2019052801008404,JBBL,34,44,"1,000",164.00,"164,000.00"
2019-05-28,2019052801008403,JBBL,34,6,"1,000",164.00,"164,000.00"
2019-05-28,2019052801008402,JBBL,34,58,140,164.00,"22,960.00"
2019-05-28,2019052801008401,JBBL,34,40,"2,000",164.00,"328,000.00"
2019-05-28,2019052801008400,JBBL,34,46,150,164.00,"24,600.00"
2019-05-28,2019052801008399,JBBL,34,49,"2,261",164.00,"370,804.00"
2019-05-28,2019052801008485,JBBL,34,53,360,165.00,"59,400.00"
2019-05-28,2019052801008484,JBBL,34,18,"1,000",165.00,"165,000.00"
2019-05-28,2019052801008483,JBBL,34,29,389,165.00,"64,185.00"
2019-05-28,2019052801008478,JBBL,34,45,108,164.00,"17,712.00"
2019-05-28,2019052801008406,JBBL,34,21,700,164.00,"114,800.00"
2019-05-28,2019052801008405,JBBL,34,48,"1,987",164.00,"325,868.00"
2019-05-28,2019052801008491,JBBL,34,14,"2,000",165.00,"330,000.00"
2019-05-28,2019052801008490,JBBL,34,34,190,165.00,"31,350.00"
2019-05-28,2019052801008489,JBBL,34,6,"5,000",165.00,"825,000.00"
2019-05-28,2019052801008488,JBBL,34,34,599,165.00,"98,835.00"
2019-05-28,2019052801008487,JBBL,34,32,51,165.00,"8,415.00"
2019-05-28,2019052801008486,JBBL,34,11,500,165.00,"82,500.00"
2019-05-28,2019052801008497,JBBL,34,43,103,165.00,"16,995.00"
2019-05-28,2019052801008496,JBBL,34,42,300,165.00,"49,500.00"
2019-05-28,2019052801008495,JBBL,34,47,"1,000",165.00,"165,000.00"
2019-05-28,2019052801008494,JBBL,34,41,890,165.00,"146,850.00"
2019-05-28,2019052801008493,JBBL,34,47,660,165.00,"108,900.00"
2019-05-28,2019052801008492,JBBL,34,25,865,165.00,"142,725.00"
2019-05-28,2019052801008503,JBBL,34,1,500,165.00,"82,500.00"
2019-05-28,2019052801008502,JBBL,34,19,400,165.00,"66,000.00"
2019-05-28,2019052801008501,JBBL,34,29,96,165.00,"15,840.00"
2019-05-28,2019052801008500,JBBL,34,41,500,165.00,"82,500.00"
2019-05-28,2019052801008499,JBBL,34,43,100,165.00,"16,500.00"
2019-05-28,2019052801008498,JBBL,34,8,422,165.00,"69,630.00"
2019-05-28,2019052801008648,JBNL,34,34,"1,000",209.00,"209,000.00"
2019-05-28,2019052801008475,JBNL,22,39,689,208.00,"143,312.00"
2019-05-28,2019052801008474,JBNL,47,39,100,208.00,"20,800.00"
2019-05-28,2019052801008473,JBNL,32,39,"1,000",208.00,"208,000.00"
2019-05-28,2019052801008472,JBNL,45,39,211,208.00,"43,888.00"
2019-05-28,2019052801008445,JBNL,50,34,"1,900",209.00,"397,100.00"
2019-05-28,2019052801008444,JBNL,50,34,100,209.00,"20,900.00"
2019-05-28,2019052801008390,JBNL,45,49,252,208.00,"52,416.00"
2019-05-28,2019052801008319,JBNL,45,45,100,208.00,"20,800.00"
2019-05-28,2019052801008278,JBNL,45,43,437,208.00,"90,896.00"
2019-05-28,2019052801008277,JBNL,48,43,263,208.00,"54,704.00"
2019-05-28,2019052801008380,KBBL,38,33,65,227.00,"14,755.00"
2019-05-28,2019052801008393,KBL,55,38,51,218.00,"11,118.00"
2019-05-28,2019052801008227,KBL,17,22,184,217.00,"39,928.00"
2019-05-28,2019052801008223,KNBL,39,14,200,166.00,"33,200.00"
2019-05-28,2019052801008197,KNBL,39,14,200,166.00,"33,200.00"
2019-05-28,2019052801008176,KNBL,39,14,200,166.00,"33,200.00"
2019-05-28,2019052801008510,KSBBL,22,33,397,158.00,"62,726.00"
2019-05-28,2019052801008345,LBBL,44,45,200,202.00,"40,400.00"
2019-05-28,2019052801008352,LBL,42,16,237,219.00,"51,903.00"
2019-05-28,2019052801008251,LBL,42,45,163,219.00,"35,697.00"
2019-05-28,2019052801008250,LBL,38,45,75,219.00,"16,425.00"
2019-05-28,2019052801008161,LBL,58,16,500,220.00,"110,000.00"
2019-05-28,2019052801008160,LBL,29,16,95,220.00,"20,900.00"
2019-05-28,2019052801008159,LBL,22,16,100,220.00,"22,000.00"
2019-05-28,2019052801008576,LGIL,42,22,300,498.00,"149,400.00"
2019-05-28,2019052801008268,LICN,28,58,100,"1,903.00","190,300.00"
2019-05-28,2019052801008228,LICN,28,33,200,"1,900.00","380,000.00"
2019-05-28,2019052801008382,MBL,49,33,205,269.00,"55,145.00"
2019-05-28,2019052801008438,MEGA,19,49,121,196.00,"23,716.00"
2019-05-28,2019052801008312,MEGA,19,7,556,196.00,"108,976.00"
2019-05-28,2019052801008311,MEGA,5,7,100,196.00,"19,600.00"
2019-05-28,2019052801008310,MEGA,14,7,50,196.00,"9,800.00"
2019-05-28,2019052801008309,MEGA,50,7,838,196.00,"164,248.00"
2019-05-28,2019052801008274,MEGA,50,45,39,196.00,"7,644.00"
2019-05-28,2019052801008225,MEGA,50,11,51,196.00,"9,996.00"
2019-05-28,2019052801008448,MHNL,40,43,330,98.00,"32,340.00"
2019-05-28,2019052801008320,MHNL,37,43,"1,000",98.00,"98,000.00"
2019-05-28,2019052801008562,MNBBL,56,58,50,374.00,"18,700.00"
2019-05-28,2019052801008324,MNBBL,50,58,41,374.00,"15,334.00"
2019-05-28,2019052801008323,MNBBL,47,58,25,374.00,"9,350.00"
2019-05-28,2019052801008528,MPFL,28,46,220,224.00,"49,280.00"
2019-05-28,2019052801008527,MPFL,21,46,30,225.00,"6,750.00"
2019-05-28,2019052801008378,MSMBS,16,26,100,472.00,"47,200.00"
2019-05-28,2019052801008377,MSMBS,43,26,50,472.00,"23,600.00"
2019-05-28,2019052801008520,NABIL,5,35,90,839.00,"75,510.00"
2019-05-28,2019052801008421,NABIL,10,6,37,836.00,"30,932.00"
2019-05-28,2019052801008308,NABIL,10,45,200,836.00,"167,200.00"
2019-05-28,2019052801008222,NABILP,59,25,61,805.00,"49,105.00"
2019-05-28,2019052801008590,NADEP,21,58,20,455.00,"9,100.00"
2019-05-28,2019052801008387,NBB,53,6,148,224.00,"33,152.00"
2019-05-28,2019052801008217,NBB,53,43,400,224.00,"89,600.00"
2019-05-28,2019052801008643,NBL,28,42,550,333.00,"183,150.00"
2019-05-28,2019052801008642,NBL,49,42,300,333.00,"99,900.00"
2019-05-28,2019052801008641,NBL,16,42,"2,000",333.00,"666,000.00"
2019-05-28,2019052801008640,NBL,18,42,300,333.00,"99,900.00"
2019-05-28,2019052801008639,NBL,42,42,500,333.00,"166,500.00"
2019-05-28,2019052801008638,NBL,42,42,500,333.00,"166,500.00"
2019-05-28,2019052801008209,NBL,43,33,200,335.00,"67,000.00"
2019-05-28,2019052801008208,NBL,7,33,500,335.00,"167,500.00"
2019-05-28,2019052801008207,NBL,1,33,200,335.00,"67,000.00"
2019-05-28,2019052801008270,NBL,41,33,900,335.00,"301,500.00"
2019-05-28,2019052801008269,NBL,41,43,100,335.00,"33,500.00"
2019-05-28,2019052801008234,NBL,22,43,100,335.00,"33,500.00"
2019-05-28,2019052801008233,NBL,49,43,200,335.00,"67,000.00"
2019-05-28,2019052801008232,NBL,44,43,100,335.00,"33,500.00"
2019-05-28,2019052801008210,NBL,44,33,100,335.00,"33,500.00"
2019-05-28,2019052801008625,NBL,34,42,"1,000",334.00,"334,000.00"
2019-05-28,2019052801008624,NBL,39,42,500,334.00,"167,000.00"
2019-05-28,2019052801008623,NBL,34,42,350,334.00,"116,900.00"
2019-05-28,2019052801008622,NBL,14,42,200,334.00,"66,800.00"
2019-05-28,2019052801008621,NBL,26,42,900,335.00,"301,500.00"
2019-05-28,2019052801008451,NBL,26,33,100,335.00,"33,500.00"
2019-05-28,2019052801008631,NBL,45,42,500,333.00,"166,500.00"
2019-05-28,2019052801008630,NBL,55,42,"1,000",333.00,"333,000.00"
2019-05-28,2019052801008629,NBL,42,42,100,333.00,"33,300.00"
2019-05-28,2019052801008628,NBL,29,42,"1,000",334.00,"334,000.00"
2019-05-28,2019052801008627,NBL,28,42,"2,000",334.00,"668,000.00"
2019-05-28,2019052801008626,NBL,57,42,500,334.00,"167,000.00"
2019-05-28,2019052801008637,NBL,56,42,200,333.00,"66,600.00"
2019-05-28,2019052801008636,NBL,42,42,500,333.00,"166,500.00"
2019-05-28,2019052801008635,NBL,53,42,"1,000",333.00,"333,000.00"
2019-05-28,2019052801008634,NBL,58,42,100,333.00,"33,300.00"
2019-05-28,2019052801008633,NBL,21,42,"1,000",333.00,"333,000.00"
2019-05-28,2019052801008632,NBL,37,42,"1,000",333.00,"333,000.00"
2019-05-28,2019052801008518,NCCB,51,29,981,260.00,"255,060.00"
2019-05-28,2019052801008517,NCCB,1,29,100,260.00,"26,000.00"
2019-05-28,2019052801008516,NCCB,44,29,200,260.00,"52,000.00"
2019-05-28,2019052801008515,NCCB,34,29,500,260.00,"130,000.00"
2019-05-28,2019052801008514,NCCB,57,29,200,260.00,"52,000.00"
2019-05-28,2019052801008513,NCCB,13,29,200,260.00,"52,000.00"
2019-05-28,2019052801008246,NCCB,35,5,50,261.00,"13,050.00"
2019-05-28,2019052801008218,NCCB,35,5,250,261.00,"65,250.00"
2019-05-28,2019052801008266,NCCB,10,29,"1,071",260.00,"278,460.00"
2019-05-28,2019052801008265,NCCB,14,29,100,260.00,"26,000.00"
2019-05-28,2019052801008264,NCCB,10,29,"1,329",260.00,"345,540.00"
2019-05-28,2019052801008263,NCCB,35,5,100,261.00,"26,100.00"
2019-05-28,2019052801008261,NCCB,10,48,"1,671",260.00,"434,460.00"
2019-05-28,2019052801008260,NCCB,59,48,54,260.00,"14,040.00"
2019-05-28,2019052801008512,NCCB,10,29,"1,829",260.00,"475,540.00"
2019-05-28,2019052801008467,NCCB,35,29,50,261.00,"13,050.00"
2019-05-28,2019052801008416,NCCB,35,29,100,261.00,"26,100.00"
2019-05-28,2019052801008415,NCCB,10,5,600,260.00,"156,000.00"
2019-05-28,2019052801008321,NCCB,10,5,"1,000",260.00,"260,000.00"
2019-05-28,2019052801008280,NCCB,10,5,500,260.00,"130,000.00"
2019-05-28,2019052801008572,NIB,13,33,100,536.00,"53,600.00"
2019-05-28,2019052801008371,NIB,45,32,380,535.00,"203,300.00"
2019-05-28,2019052801008287,NIB,58,33,25,536.00,"13,400.00"
2019-05-28,2019052801008184,NIB,45,11,97,535.00,"51,895.00"
2019-05-28,2019052801008183,NIB,42,11,60,535.00,"32,100.00"
2019-05-28,2019052801008182,NIB,45,11,300,535.00,"160,500.00"
2019-05-28,2019052801008181,NIB,32,11,43,535.00,"23,005.00"
2019-05-28,2019052801008164,NIB,45,33,50,536.00,"26,800.00"
2019-05-28,2019052801008479,NICA,33,34,70,480.00,"33,600.00"
2019-05-28,2019052801008325,NICA,33,57,150,480.00,"72,000.00"
2019-05-28,2019052801008194,NICA,44,50,150,480.00,"72,000.00"
2019-05-28,2019052801008193,NICA,44,28,160,480.00,"76,800.00"
2019-05-28,2019052801008157,NICA,7,28,500,480.00,"240,000.00"
2019-05-28,2019052801008482,NIL,50,36,100,516.00,"51,600.00"
2019-05-28,2019052801008326,NIL,50,42,100,516.00,"51,600.00"
2019-05-28,2019052801008196,NLBBL,38,10,50,518.00,"25,900.00"
2019-05-28,2019052801008529,NLIC,35,59,25,924.00,"23,100.00"
2019-05-28,2019052801008526,NLIC,6,59,25,924.00,"23,100.00"
2019-05-28,2019052801008525,NLIC,41,59,100,924.00,"92,400.00"
2019-05-28,2019052801008524,NLIC,43,59,10,924.00,"9,240.00"
2019-05-28,2019052801008384,NLIC,35,34,29,925.00,"26,825.00"
2019-05-28,2019052801008348,NLIC,35,34,50,925.00,"46,250.00"
2019-05-28,2019052801008343,NLIC,35,45,21,925.00,"19,425.00"
2019-05-28,2019052801008342,NLIC,20,45,50,925.00,"46,250.00"
2019-05-28,2019052801008230,NLIC,38,47,75,926.00,"69,450.00"
2019-05-28,2019052801008544,NLICL,38,22,50,660.00,"33,000.00"
2019-05-28,2019052801008543,NLICL,38,22,50,660.00,"33,000.00"
2019-05-28,2019052801008200,NMFBS,42,8,93,"1,561.00","145,173.00"
2019-05-28,2019052801008199,NMFBS,41,8,15,"1,562.00","23,430.00"
2019-05-28,2019052801008198,NMFBS,34,8,25,"1,565.00","39,125.00"
2019-05-28,2019052801008192,NNLB,6,37,100,392.00,"39,200.00"
2019-05-28,2019052801008570,NUBL,16,7,50,856.00,"42,800.00"
2019-05-28,2019052801008545,OHL,4,25,100,658.00,"65,800.00"
2019-05-28,2019052801008275,OHL,51,33,200,658.00,"131,600.00"
2019-05-28,2019052801008292,PCBL,6,32,100,311.00,"31,100.00"
2019-05-28,2019052801008383,PFL,50,45,22,136.00,"2,992.00"
2019-05-28,2019052801008597,PIC,6,58,11,"1,180.00","12,980.00"
2019-05-28,2019052801008573,PIC,6,14,200,"1,180.00","236,000.00"
2019-05-28,2019052801008340,PIC,6,57,64,"1,180.00","75,520.00"
2019-05-28,2019052801008339,PIC,39,57,100,"1,181.00","118,100.00"
2019-05-28,2019052801008338,PIC,59,57,50,"1,183.00","59,150.00"
2019-05-28,2019052801008337,PIC,59,57,50,"1,183.00","59,150.00"
2019-05-28,2019052801008336,PIC,42,57,100,"1,184.00","118,400.00"
2019-05-28,2019052801008202,PLIC,59,47,300,471.00,"141,300.00"
2019-05-28,2019052801008201,PLIC,59,7,129,470.00,"60,630.00"
2019-05-28,2019052801008532,PMHPL,56,58,10,109.00,"1,090.00"
2019-05-28,2019052801008460,PMHPL,56,56,300,110.00,"33,000.00"
2019-05-28,2019052801008459,PMHPL,56,28,10,110.00,"1,100.00"
2019-05-28,2019052801008458,PMHPL,56,39,10,110.00,"1,100.00"
2019-05-28,2019052801008457,PMHPL,56,39,10,110.00,"1,100.00"
2019-05-28,2019052801008456,PMHPL,56,39,10,110.00,"1,100.00"
2019-05-28,2019052801008455,PMHPL,56,39,10,110.00,"1,100.00"
2019-05-28,2019052801008443,PMHPL,56,58,10,109.00,"1,090.00"
2019-05-28,2019052801008537,PRIN,13,43,200,406.00,"81,200.00"
2019-05-28,2019052801008536,PRIN,49,43,88,406.00,"35,728.00"
2019-05-28,2019052801008558,PRVU,55,44,100,277.00,"27,700.00"
2019-05-28,2019052801008557,PRVU,55,28,200,277.00,"55,400.00"
2019-05-28,2019052801008506,PRVU,32,28,500,277.00,"138,500.00"
2019-05-28,2019052801008347,PRVU,43,28,50,277.00,"13,850.00"
2019-05-28,2019052801008300,PRVU,49,28,500,277.00,"138,500.00"
2019-05-28,2019052801008392,RBCL,38,57,10,"10,805.00","108,050.00"
2019-05-28,2019052801008379,RBCL,38,57,40,"10,805.00","432,200.00"
2019-05-28,2019052801008386,RBCLPO,16,33,20,"9,970.00","199,400.00"
2019-05-28,2019052801008542,RLFL,34,53,500,129.00,"64,500.00"
2019-05-28,2019052801008541,RLFL,34,52,200,129.00,"25,800.00"
2019-05-28,2019052801008540,RLFL,34,16,201,128.00,"25,728.00"
2019-05-28,2019052801008351,RLFL,34,16,99,128.00,"12,672.00"
2019-05-28,2019052801008190,RLFL,34,7,100,128.00,"12,800.00"
2019-05-28,2019052801008189,RLFL,34,25,"1,000",128.00,"128,000.00"
2019-05-28,2019052801008188,RLFL,34,59,401,128.00,"51,328.00"
2019-05-28,2019052801008187,RLFL,34,49,500,128.00,"64,000.00"
2019-05-28,2019052801008186,RLFL,34,16,200,127.00,"25,400.00"
2019-05-28,2019052801008185,RLFL,34,33,200,126.00,"25,200.00"
2019-05-28,2019052801008646,RMDC,55,41,23,652.00,"14,996.00"
2019-05-28,2019052801008357,RMDC,20,56,353,653.00,"230,509.00"
2019-05-28,2019052801008356,RMDC,48,56,51,654.00,"33,354.00"
2019-05-28,2019052801008355,RMDC,51,56,100,654.00,"65,400.00"
2019-05-28,2019052801008354,RMDC,47,56,433,655.00,"283,615.00"
2019-05-28,2019052801008465,RRHP,25,58,10,95.00,950.00
2019-05-28,2019052801008375,RSDC,39,47,10,387.00,"3,870.00"
2019-05-28,2019052801008374,RSDC,39,47,10,386.00,"3,860.00"
2019-05-28,2019052801008373,RSDC,39,42,50,385.00,"19,250.00"
2019-05-28,2019052801008372,RSDC,39,33,35,385.00,"13,475.00"
2019-05-28,2019052801008530,SADBL,29,34,52,151.00,"7,852.00"
2019-05-28,2019052801008422,SADBL,29,45,383,151.00,"57,833.00"
2019-05-28,2019052801008519,SANIMA,10,45,174,355.00,"61,770.00"
2019-05-28,2019052801008204,SANIMA,14,53,383,354.00,"135,582.00"
2019-05-28,2019052801008203,SANIMA,41,53,459,355.00,"162,945.00"
2019-05-28,2019052801008391,SBI,8,57,25,478.00,"11,950.00"
2019-05-28,2019052801008389,SBI,8,13,200,478.00,"95,600.00"
2019-05-28,2019052801008566,SBL,5,45,99,333.00,"32,967.00"
2019-05-28,2019052801008565,SBL,32,45,200,333.00,"66,600.00"
2019-05-28,2019052801008418,SBL,55,25,500,334.00,"167,000.00"
2019-05-28,2019052801008417,SBL,53,25,625,334.00,"208,750.00"
2019-05-28,2019052801008306,SBL,53,28,"1,375",334.00,"459,250.00"
2019-05-28,2019052801008305,SBL,32,28,500,334.00,"167,000.00"
2019-05-28,2019052801008304,SBL,54,28,50,335.00,"16,750.00"
2019-05-28,2019052801008303,SBL,35,28,50,335.00,"16,750.00"
2019-05-28,2019052801008302,SBL,29,28,50,335.00,"16,750.00"
2019-05-28,2019052801008301,SBL,11,28,75,335.00,"25,125.00"
2019-05-28,2019052801008367,SCB,45,57,167,676.00,"112,892.00"
2019-05-28,2019052801008366,SCB,3,57,100,676.00,"67,600.00"
2019-05-28,2019052801008365,SCB,42,57,50,678.00,"33,900.00"
2019-05-28,2019052801008564,SDESI,8,25,27,601.00,"16,227.00"
2019-05-28,2019052801008538,SDESI,8,25,27,601.00,"16,227.00"
2019-05-28,2019052801008522,SDESI,8,25,27,601.00,"16,227.00"
2019-05-28,2019052801008424,SHINE,57,1,350,256.00,"89,600.00"
2019-05-28,2019052801008423,SHINE,32,1,300,257.00,"77,100.00"
2019-05-28,2019052801008344,SHINE,6,1,100,258.00,"25,800.00"
2019-05-28,2019052801008614,SHIVM,34,21,50,642.00,"32,100.00"
2019-05-28,2019052801008613,SHIVM,58,34,940,646.00,"607,240.00"
2019-05-28,2019052801008612,SHIVM,58,42,300,645.00,"193,500.00"
2019-05-28,2019052801008611,SHIVM,58,11,10,645.00,"6,450.00"
2019-05-28,2019052801008610,SHIVM,58,51,100,645.00,"64,500.00"
2019-05-28,2019052801008609,SHIVM,58,38,130,645.00,"83,850.00"
2019-05-28,2019052801008155,SHIVM,34,17,50,640.00,"32,000.00"
2019-05-28,2019052801008205,SHIVM,52,5,300,640.00,"192,000.00"
2019-05-28,2019052801008178,SHIVM,5,42,50,640.00,"32,000.00"
2019-05-28,2019052801008177,SHIVM,5,57,100,640.00,"64,000.00"
2019-05-28,2019052801008166,SHIVM,50,6,80,640.00,"51,200.00"
2019-05-28,2019052801008165,SHIVM,34,6,120,640.00,"76,800.00"
2019-05-28,2019052801008158,SHIVM,34,29,100,640.00,"64,000.00"
2019-05-28,2019052801008226,SHIVM,3,34,100,640.00,"64,000.00"
2019-05-28,2019052801008220,SHIVM,33,34,200,640.00,"128,000.00"
2019-05-28,2019052801008219,SHIVM,42,34,200,640.00,"128,000.00"
2019-05-28,2019052801008215,SHIVM,19,33,300,645.00,"193,500.00"
2019-05-28,2019052801008214,SHIVM,19,56,100,644.00,"64,400.00"
2019-05-28,2019052801008213,SHIVM,19,56,100,644.00,"64,400.00"
2019-05-28,2019052801008241,SHIVM,25,45,500,636.00,"318,000.00"
2019-05-28,2019052801008240,SHIVM,34,45,100,637.00,"63,700.00"
2019-05-28,2019052801008239,SHIVM,52,45,160,638.00,"102,080.00"
2019-05-28,2019052801008238,SHIVM,40,45,100,639.00,"63,900.00"
2019-05-28,2019052801008237,SHIVM,50,45,200,640.00,"128,000.00"
2019-05-28,2019052801008235,SHIVM,56,36,200,643.00,"128,600.00"
2019-05-28,2019052801008276,SHIVM,58,33,585,640.00,"374,400.00"
2019-05-28,2019052801008271,SHIVM,58,34,100,640.00,"64,000.00"
2019-05-28,2019052801008262,SHIVM,25,55,100,637.00,"63,700.00"
2019-05-28,2019052801008259,SHIVM,21,34,100,640.00,"64,000.00"
2019-05-28,2019052801008258,SHIVM,21,7,100,640.00,"64,000.00"
2019-05-28,2019052801008242,SHIVM,22,45,940,636.00,"597,840.00"
2019-05-28,2019052801008297,SHIVM,52,44,100,645.00,"64,500.00"
2019-05-28,2019052801008296,SHIVM,52,56,100,644.00,"64,400.00"
2019-05-28,2019052801008295,SHIVM,52,57,50,644.00,"32,200.00"
2019-05-28,2019052801008294,SHIVM,52,56,100,644.00,"64,400.00"
2019-05-28,2019052801008293,SHIVM,58,34,40,640.00,"25,600.00"
2019-05-28,2019052801008286,SHIVM,58,38,50,640.00,"32,000.00"
2019-05-28,2019052801008360,SHIVM,58,33,35,640.00,"22,400.00"
2019-05-28,2019052801008358,SHIVM,58,34,10,640.00,"6,400.00"
2019-05-28,2019052801008353,SHIVM,34,36,100,641.00,"64,100.00"
2019-05-28,2019052801008341,SHIVM,58,56,50,640.00,"32,000.00"
2019-05-28,2019052801008330,SHIVM,58,34,200,640.00,"128,000.00"
2019-05-28,2019052801008298,SHIVM,52,35,150,645.00,"96,750.00"
2019-05-28,2019052801008394,SHIVM,25,41,60,643.00,"38,580.00"
2019-05-28,2019052801008388,SHIVM,25,46,140,643.00,"90,020.00"
2019-05-28,2019052801008370,SHIVM,17,46,860,643.00,"552,980.00"
2019-05-28,2019052801008369,SHIVM,17,42,140,643.00,"90,020.00"
2019-05-28,2019052801008364,SHIVM,6,42,50,643.00,"32,150.00"
2019-05-28,2019052801008363,SHIVM,6,11,50,642.00,"32,100.00"
2019-05-28,2019052801008450,SHIVM,40,5,30,641.00,"19,230.00"
2019-05-28,2019052801008441,SHIVM,5,38,600,643.00,"385,800.00"
2019-05-28,2019052801008440,SHIVM,5,17,50,643.00,"32,150.00"
2019-05-28,2019052801008439,SHIVM,5,41,40,643.00,"25,720.00"
2019-05-28,2019052801008420,SHIVM,40,20,180,641.00,"115,380.00"
2019-05-28,2019052801008419,SHIVM,37,20,20,641.00,"12,820.00"
2019-05-28,2019052801008481,SHIVM,11,14,100,643.00,"64,300.00"
2019-05-28,2019052801008477,SHIVM,52,14,140,643.00,"90,020.00"
2019-05-28,2019052801008476,SHIVM,52,45,160,641.00,"102,560.00"
2019-05-28,2019052801008469,SHIVM,40,45,340,641.00,"217,940.00"
2019-05-28,2019052801008461,SHIVM,40,56,50,641.00,"32,050.00"
2019-05-28,2019052801008452,SHIVM,25,57,100,642.00,"64,200.00"
2019-05-28,2019052801008535,SHIVM,14,19,100,643.00,"64,300.00"
2019-05-28,2019052801008534,SHIVM,1,38,265,644.00,"170,660.00"
2019-05-28,2019052801008533,SHIVM,1,21,25,644.00,"16,100.00"
2019-05-28,2019052801008521,SHIVM,14,14,50,643.00,"32,150.00"
2019-05-28,2019052801008509,SHIVM,58,14,710,643.00,"456,530.00"
2019-05-28,2019052801008508,SHIVM,58,3,50,642.00,"32,100.00"
2019-05-28,2019052801008556,SHIVM,21,48,200,644.00,"128,800.00"
2019-05-28,2019052801008555,SHIVM,21,11,50,644.00,"32,200.00"
2019-05-28,2019052801008554,SHIVM,21,16,400,644.00,"257,600.00"
2019-05-28,2019052801008553,SHIVM,21,1,250,644.00,"161,000.00"
2019-05-28,2019052801008552,SHIVM,21,51,50,644.00,"32,200.00"
2019-05-28,2019052801008551,SHIVM,21,38,135,644.00,"86,940.00"
2019-05-28,2019052801008580,SHIVM,48,5,200,645.00,"129,000.00"
2019-05-28,2019052801008579,SHIVM,48,35,350,645.00,"225,750.00"
2019-05-28,2019052801008578,SHIVM,48,34,10,644.00,"6,440.00"
2019-05-28,2019052801008569,SHIVM,50,34,40,644.00,"25,760.00"
2019-05-28,2019052801008568,SHIVM,50,7,160,644.00,"103,040.00"
2019-05-28,2019052801008559,SHIVM,21,7,40,644.00,"25,760.00"
2019-05-28,2019052801008586,SHIVM,48,5,10,645.00,"6,450.00"
2019-05-28,2019052801008585,SHIVM,48,34,700,645.00,"451,500.00"
2019-05-28,2019052801008584,SHIVM,48,35,600,645.00,"387,000.00"
2019-05-28,2019052801008583,SHIVM,48,14,50,645.00,"32,250.00"
2019-05-28,2019052801008582,SHIVM,48,34,700,645.00,"451,500.00"
2019-05-28,2019052801008581,SHIVM,48,22,300,645.00,"193,500.00"
2019-05-28,2019052801008602,SHIVM,58,34,700,645.00,"451,500.00"
2019-05-28,2019052801008601,SHIVM,58,57,570,645.00,"367,650.00"
2019-05-28,2019052801008600,SHIVM,58,7,200,644.00,"128,800.00"
2019-05-28,2019052801008594,SHIVM,17,42,50,643.00,"32,150.00"
2019-05-28,2019052801008589,SHIVM,14,42,150,643.00,"96,450.00"
2019-05-28,2019052801008587,SHIVM,48,57,80,645.00,"51,600.00"
2019-05-28,2019052801008608,SHIVM,58,37,50,645.00,"32,250.00"
2019-05-28,2019052801008607,SHIVM,58,37,50,645.00,"32,250.00"
2019-05-28,2019052801008606,SHIVM,58,22,400,645.00,"258,000.00"
2019-05-28,2019052801008605,SHIVM,58,58,600,645.00,"387,000.00"
2019-05-28,2019052801008604,SHIVM,58,33,650,645.00,"419,250.00"
2019-05-28,2019052801008603,SHIVM,58,34,300,645.00,"193,500.00"
2019-05-28,2019052801008596,SHPC,45,7,300,269.00,"80,700.00"
2019-05-28,2019052801008437,SHPC,39,7,101,268.00,"27,068.00"
2019-05-28,2019052801008436,SHPC,48,7,225,268.00,"60,300.00"
2019-05-28,2019052801008368,SHPC,48,49,235,268.00,"62,980.00"
2019-05-28,2019052801008257,SHPC,48,49,40,268.00,"10,720.00"
2019-05-28,2019052801008335,SICL,17,10,20,847.00,"16,940.00"
2019-05-28,2019052801008334,SICL,51,10,50,847.00,"42,350.00"
2019-05-28,2019052801008333,SICL,34,10,20,847.00,"16,940.00"
2019-05-28,2019052801008332,SICL,33,10,70,847.00,"59,290.00"
2019-05-28,2019052801008466,SIFC,21,17,150,157.00,"23,550.00"
2019-05-28,2019052801008361,SIFC,21,34,150,157.00,"23,550.00"
2019-05-28,2019052801008647,SKBBL,4,42,625,993.00,"620,625.00"
2019-05-28,2019052801008550,SLBSL,49,29,20,589.00,"11,780.00"
2019-05-28,2019052801008549,SLBSL,49,50,260,589.00,"153,140.00"
2019-05-28,2019052801008548,SLBSL,49,42,10,575.00,"5,750.00"
2019-05-28,2019052801008547,SLBSL,49,44,10,574.00,"5,740.00"
2019-05-28,2019052801008546,SLBSL,49,46,10,574.00,"5,740.00"
2019-05-28,2019052801008593,SPARS,7,44,10,503.00,"5,030.00"
2019-05-28,2019052801008539,SPARS,7,44,10,503.00,"5,030.00"
2019-05-28,2019052801008318,SPARS,7,44,10,503.00,"5,030.00"
2019-05-28,2019052801008346,SRBL,33,45,500,256.00,"128,000.00"
2019-05-28,2019052801008279,SRBL,33,41,50,256.00,"12,800.00"
2019-05-28,2019052801008156,SRBL,37,59,100,257.00,"25,700.00"
2019-05-28,2019052801008575,SWBBL,29,59,200,893.00,"178,600.00"
2019-05-28,2019052801008285,SWBBL,29,59,140,893.00,"125,020.00"
2019-05-28,2019052801008523,UNL,25,56,10,"19,250.00","192,500.00"
2019-05-28,2019052801008315,UPCL,58,17,10,97.00,970.00
2019-05-28,2019052801008314,UPCL,58,42,50,96.00,"4,800.00"
2019-05-28,2019052801008313,UPCL,58,39,40,96.00,"3,840.00"
2019-05-28,2019052801008284,UPCL,58,39,10,96.00,960.00
2019-05-28,2019052801008283,UPCL,58,39,50,95.00,"4,750.00"
2019-05-28,2019052801008282,UPCL,58,28,100,95.00,"9,500.00"
2019-05-28,2019052801008574,UPPER,50,16,500,277.00,"138,500.00"
2019-05-28,2019052801008563,UPPER,42,16,100,277.00,"27,700.00"
2019-05-28,2019052801008470,UPPER,39,16,500,277.00,"138,500.00"
2019-05-28,2019052801008468,UPPER,42,16,100,277.00,"27,700.00"
2019-05-28,2019052801008414,UPPER,28,16,60,277.00,"16,620.00"
2019-05-28,2019052801008409,UPPER,28,43,"1,440",277.00,"398,880.00"
2019-05-28,2019052801008224,UPPER,45,51,16,277.00,"4,432.00"
2019-05-28,2019052801008180,UPPER,41,43,200,278.00,"55,600.00"
2019-05-28,2019052801008179,UPPER,42,43,10,278.00,"2,780.00"
2019-05-28,2019052801008254,UPPER,41,34,"1,000",277.00,"277,000.00"
2019-05-28,2019052801008253,UPPER,42,34,50,277.00,"13,850.00"
2019-05-28,2019052801008252,UPPER,45,34,392,277.00,"108,584.00"
2019-05-28,2019052801008249,UPPER,45,49,32,277.00,"8,864.00"
2019-05-28,2019052801008236,UPPER,33,43,200,278.00,"55,600.00"
2019-05-28,2019052801008231,UPPER,45,42,50,277.00,"13,850.00"
2019-05-28,2019052801008408,UPPER,47,43,560,277.00,"155,120.00"
2019-05-28,2019052801008407,UPPER,11,43,100,278.00,"27,800.00"
2019-05-28,2019052801008362,UPPER,25,43,600,278.00,"166,800.00"
2019-05-28,2019052801008299,UPPER,55,43,"1,000",278.00,"278,000.00"
2019-05-28,2019052801008256,UPPER,52,34,50,277.00,"13,850.00"
2019-05-28,2019052801008255,UPPER,40,34,500,277.00,"138,500.00"
2019-05-28,2019052801007735,ADBL,56,58,230,422.00,"97,060.00"
2019-05-28,2019052801008112,AHPC,26,22,500,113.00,"56,500.00"
2019-05-28,2019052801007945,AHPC,54,52,90,112.00,"10,080.00"
2019-05-28,2019052801008072,AKPL,49,11,23,198.00,"4,554.00"
2019-05-28,2019052801007942,ALBSL,17,57,10,437.00,"4,370.00"
2019-05-28,2019052801007902,ALBSL,17,57,10,437.00,"4,370.00"
2019-05-28,2019052801008041,AMFI,45,26,20,550.00,"11,000.00"
2019-05-28,2019052801007870,AMFI,45,44,10,540.00,"5,400.00"
2019-05-28,2019052801008079,API,34,44,500,154.00,"77,000.00"
2019-05-28,2019052801008078,API,34,44,500,154.00,"77,000.00"
2019-05-28,2019052801008040,API,54,44,500,155.00,"77,500.00"
2019-05-28,2019052801008039,API,1,44,100,155.00,"15,500.00"
2019-05-28,2019052801008048,BOKL,34,55,100,272.00,"27,200.00"
2019-05-28,2019052801008047,BOKL,34,25,204,272.00,"55,488.00"
2019-05-28,2019052801008046,BOKL,34,55,330,272.00,"89,760.00"
2019-05-28,2019052801007972,BPCL,34,42,100,424.00,"42,400.00"
2019-05-28,2019052801007971,BPCL,34,54,500,424.00,"212,000.00"
2019-05-28,2019052801007946,BPCL,22,28,11,422.00,"4,642.00"
2019-05-28,2019052801007881,CBL,34,32,857,148.00,"126,836.00"
2019-05-28,2019052801007880,CBL,34,1,143,148.00,"21,164.00"
2019-05-28,2019052801007806,CBL,57,13,"1,560",147.00,"229,320.00"
2019-05-28,2019052801007757,CBL,57,25,440,147.00,"64,680.00"
2019-05-28,2019052801007756,CBL,40,25,560,147.00,"82,320.00"
2019-05-28,2019052801007970,CCBL,36,48,120,169.00,"20,280.00"
2019-05-28,2019052801007948,CCBL,36,48,120,169.00,"20,280.00"
2019-05-28,2019052801007951,CFCL,11,28,100,116.00,"11,600.00"
2019-05-28,2019052801007676,CHL,3,45,34,99.00,"3,366.00"
2019-05-28,2019052801007950,CHLBS,40,57,10,455.00,"4,550.00"
2019-05-28,2019052801008101,CIT,5,16,57,"2,590.00","147,630.00"
2019-05-28,2019052801008053,CIT,29,16,93,"2,591.00","240,963.00"
2019-05-28,2019052801007981,CIT,29,16,107,"2,591.00","277,237.00"
2019-05-28,2019052801007755,CIT,29,58,200,"2,605.00","521,000.00"
2019-05-28,2019052801007713,CIT,7,16,150,"2,590.00","388,500.00"
2019-05-28,2019052801007685,CIT,7,16,50,"2,590.00","129,500.00"
2019-05-28,2019052801007684,CIT,17,16,20,"2,590.00","51,800.00"
2019-05-28,2019052801007683,CIT,40,16,20,"2,591.00","51,820.00"
2019-05-28,2019052801007682,CIT,40,16,10,"2,591.00","25,910.00"
2019-05-28,2019052801007739,CORBL,6,48,200,119.00,"23,800.00"
2019-05-28,2019052801007872,CZBIL,8,46,156,225.00,"35,100.00"
2019-05-28,2019052801008107,DBBL,7,1,500,150.00,"75,000.00"
2019-05-28,2019052801008042,DBBL,7,58,200,150.00,"30,000.00"
2019-05-28,2019052801007932,DBBL,36,6,"1,000",151.00,"151,000.00"
2019-05-28,2019052801007805,DBBL,7,20,611,150.00,"91,650.00"
2019-05-28,2019052801007804,DBBL,51,20,200,150.00,"30,000.00"
2019-05-28,2019052801007803,DBBL,59,20,189,150.00,"28,350.00"
2019-05-28,2019052801008023,DDBL,44,45,70,725.00,"50,750.00"
2019-05-28,2019052801008022,DDBL,7,45,11,725.00,"7,975.00"
2019-05-28,2019052801008021,DDBL,26,45,80,725.00,"58,000.00"
2019-05-28,2019052801008122,EBL,45,45,99,667.00,"66,033.00"
2019-05-28,2019052801007813,EBL,10,45,300,667.00,"200,100.00"
2019-05-28,2019052801007674,EBL,45,42,30,666.00,"19,980.00"
2019-05-28,2019052801007923,EIC,37,45,55,417.00,"22,935.00"
2019-05-28,2019052801008074,GBBL,58,13,91,225.00,"20,475.00"
2019-05-28,2019052801007910,GBBL,58,6,205,225.00,"46,125.00"
2019-05-28,2019052801007909,GBBL,4,6,152,225.00,"34,200.00"
2019-05-28,2019052801007742,GBIME,37,42,"1,000",306.00,"306,000.00"
2019-05-28,2019052801007741,GBIME,6,42,300,306.00,"91,800.00"
2019-05-28,2019052801007740,GBIME,6,42,144,306.00,"44,064.00"
2019-05-28,2019052801007701,GBIME,6,17,56,306.00,"17,136.00"
2019-05-28,2019052801007700,GBIME,25,17,14,306.00,"4,284.00"
2019-05-28,2019052801008050,GBLBS,57,55,290,378.00,"109,620.00"
2019-05-28,2019052801008049,GBLBS,17,55,310,378.00,"117,180.00"
2019-05-28,2019052801007941,GBLBS,17,45,10,378.00,"3,780.00"
2019-05-28,2019052801008059,GFCL,38,45,186,124.00,"23,064.00"
2019-05-28,2019052801008058,GFCL,19,45,66,125.00,"8,250.00"
2019-05-28,2019052801008057,GFCL,17,45,100,125.00,"12,500.00"
2019-05-28,2019052801008093,GRDBL,38,45,180,113.00,"20,340.00"
2019-05-28,2019052801008092,GRDBL,50,45,320,114.00,"36,480.00"
2019-05-28,2019052801007980,GRDBL,50,28,80,114.00,"9,120.00"
2019-05-28,2019052801008119,HBL,49,45,31,576.00,"17,856.00"
2019-05-28,2019052801008118,HBL,45,45,100,577.00,"57,700.00"
2019-05-28,2019052801008066,HDL,48,54,30,"1,695.00","50,850.00"
2019-05-28,2019052801007758,HDL,21,29,50,"1,680.00","84,000.00"
2019-05-28,2019052801007717,HDL,21,22,130,"1,680.00","218,400.00"
2019-05-28,2019052801007716,HDL,54,22,100,"1,680.00","168,000.00"
2019-05-28,2019052801007699,HDL,39,22,70,"1,681.00","117,670.00"
2019-05-28,2019052801007958,HGI,41,16,500,380.00,"190,000.00"
2019-05-28,2019052801007957,HGI,38,16,380,380.00,"144,400.00"
2019-05-28,2019052801007956,HGI,35,16,500,382.00,"191,000.00"
2019-05-28,2019052801007955,HGI,17,16,10,383.00,"3,830.00"
2019-05-28,2019052801007954,HGI,6,16,100,383.00,"38,300.00"
2019-05-28,2019052801008110,HIDCL,36,43,343,165.00,"56,595.00"
2019-05-28,2019052801008076,HIDCL,36,29,61,165.00,"10,065.00"
2019-05-28,2019052801007698,HIDCL,19,50,270,166.00,"44,820.00"
2019-05-28,2019052801007934,HPPL,47,43,200,187.00,"37,400.00"
2019-05-28,2019052801007745,HPPL,32,55,10,185.00,"1,850.00"
2019-05-28,2019052801007737,HPPL,47,43,200,187.00,"37,400.00"
2019-05-28,2019052801008043,HURJA,37,35,20,132.00,"2,640.00"
2019-05-28,2019052801008037,HURJA,22,38,20,131.00,"2,620.00"
2019-05-28,2019052801007960,HURJA,22,59,20,131.00,"2,620.00"
2019-05-28,2019052801007959,HURJA,22,43,20,131.00,"2,620.00"
2019-05-28,2019052801007901,HURJA,22,58,20,131.00,"2,620.00"
2019-05-28,2019052801007719,HURJA,22,55,20,131.00,"2,620.00"
2019-05-28,2019052801007669,HURJA,22,40,20,133.00,"2,660.00"
2019-05-28,2019052801007711,HURJA,22,6,20,131.00,"2,620.00"
2019-05-28,2019052801007675,HURJA,22,6,20,131.00,"2,620.00"
2019-05-28,2019052801007673,HURJA,22,6,"1,500",133.00,"199,500.00"
2019-05-28,2019052801007672,HURJA,22,14,20,133.00,"2,660.00"
2019-05-28,2019052801007671,HURJA,22,47,10,133.00,"1,330.00"
2019-05-28,2019052801007670,HURJA,22,55,200,133.00,"26,600.00"
2019-05-28,2019052801008148,JBBL,34,51,275,163.00,"44,825.00"
2019-05-28,2019052801008147,JBBL,34,1,554,163.00,"90,302.00"
2019-05-28,2019052801008146,JBBL,34,29,500,163.00,"81,500.00"
2019-05-28,2019052801008145,JBBL,34,28,274,162.00,"44,388.00"
2019-05-28,2019052801008144,JBBL,34,49,"2,000",162.00,"324,000.00"
2019-05-28,2019052801008143,JBBL,34,48,864,161.00,"139,104.00"
2019-05-28,2019052801007999,JBBL,46,28,100,160.00,"16,000.00"
2019-05-28,2019052801007994,JBBL,46,32,100,160.00,"16,000.00"
2019-05-28,2019052801007940,JBBL,14,29,350,160.00,"56,000.00"
2019-05-28,2019052801007939,JBBL,14,48,17,160.00,"2,720.00"
2019-05-28,2019052801008142,JBBL,34,53,164,161.00,"26,404.00"
2019-05-28,2019052801008056,JBBL,36,53,336,161.00,"54,096.00"
2019-05-28,2019052801008055,JBBL,36,4,164,161.00,"26,404.00"
2019-05-28,2019052801008017,JBBL,46,29,51,160.00,"8,160.00"
2019-05-28,2019052801008016,JBBL,14,4,577,161.00,"92,897.00"
2019-05-28,2019052801008015,JBBL,14,57,56,161.00,"9,016.00"
2019-05-28,2019052801008111,JBNL,48,34,500,209.00,"104,500.00"
2019-05-28,2019052801008077,JBNL,48,34,500,209.00,"104,500.00"
2019-05-28,2019052801007943,JBNL,14,34,200,209.00,"41,800.00"
2019-05-28,2019052801007871,JBNL,5,34,200,209.00,"41,800.00"
2019-05-28,2019052801007763,JBNL,45,34,500,209.00,"104,500.00"
2019-05-28,2019052801007976,KBL,55,22,500,217.00,"108,500.00"
2019-05-28,2019052801008129,KNBL,52,57,60,165.00,"9,900.00"
2019-05-28,2019052801008096,KNBL,39,38,161,165.00,"26,565.00"
2019-05-28,2019052801007973,KNBL,6,38,67,165.00,"11,055.00"
2019-05-28,2019052801007953,KSBBL,22,32,400,158.00,"63,200.00"
2019-05-28,2019052801007693,KSBBL,22,16,115,158.00,"18,170.00"
2019-05-28,2019052801007692,KSBBL,20,16,61,158.00,"9,638.00"
2019-05-28,2019052801007800,LBL,29,29,"1,599",220.00,"351,780.00"
2019-05-28,2019052801007799,LBL,29,22,330,220.00,"72,600.00"
2019-05-28,2019052801007798,LBL,29,19,250,220.00,"55,000.00"
2019-05-28,2019052801007797,LBL,29,45,110,220.00,"24,200.00"
2019-05-28,2019052801007796,LBL,29,34,"2,616",220.00,"575,520.00"
2019-05-28,2019052801008104,MBL,45,26,100,270.00,"27,000.00"
2019-05-28,2019052801008070,MBL,38,26,"1,810",270.00,"488,700.00"
2019-05-28,2019052801008069,MBL,38,41,"1,000",270.00,"270,000.00"
2019-05-28,2019052801008068,MBL,38,32,190,270.00,"51,300.00"
2019-05-28,2019052801007779,MBL,22,32,100,270.00,"27,000.00"
2019-05-28,2019052801008019,MEGA,17,40,264,197.00,"52,008.00"
2019-05-28,2019052801008018,MEGA,17,3,236,197.00,"46,492.00"
2019-05-28,2019052801007947,MEGA,6,3,100,197.00,"19,700.00"
2019-05-28,2019052801007967,MFIL,40,58,100,128.00,"12,800.00"
2019-05-28,2019052801007966,MFIL,40,37,400,128.00,"51,200.00"
2019-05-28,2019052801007930,MFIL,56,3,"1,060",127.00,"134,620.00"
2019-05-28,2019052801007929,MFIL,56,47,10,127.00,"1,270.00"
2019-05-28,2019052801007928,MFIL,56,47,50,127.00,"6,350.00"
2019-05-28,2019052801007927,MFIL,56,42,123,127.00,"15,621.00"
2019-05-28,2019052801007704,MFIL,32,57,500,126.00,"63,000.00"
2019-05-28,2019052801008054,MLBL,1,59,100,197.00,"19,700.00"
2019-05-28,2019052801008000,MLBL,52,8,"1,101",196.00,"215,796.00"
2019-05-28,2019052801008052,MNBBL,26,6,500,375.00,"187,500.00"
2019-05-28,2019052801007812,MNBBL,38,6,32,375.00,"12,000.00"
2019-05-28,2019052801007808,MSLB,50,6,15,"1,039.00","15,585.00"
2019-05-28,2019052801007794,NABIL,38,35,150,839.00,"125,850.00"
2019-05-28,2019052801008075,NBB,51,28,10,225.00,"2,250.00"
2019-05-28,2019052801007926,NBL,52,43,50,336.00,"16,800.00"
2019-05-28,2019052801008100,NCCB,59,5,246,260.00,"63,960.00"
2019-05-28,2019052801008099,NCCB,51,5,100,260.00,"26,000.00"
2019-05-28,2019052801008098,NCCB,51,5,354,260.00,"92,040.00"
2019-05-28,2019052801008097,NCCB,52,5,300,261.00,"78,300.00"
2019-05-28,2019052801008012,NCCB,51,5,38,260.00,"9,880.00"
2019-05-28,2019052801008011,NCCB,40,5,83,261.00,"21,663.00"
2019-05-28,2019052801007764,NCCB,57,5,500,262.00,"131,000.00"
2019-05-28,2019052801007691,NCCB,56,5,55,262.00,"14,410.00"
2019-05-28,2019052801007769,NIB,22,33,50,536.00,"26,800.00"
2019-05-28,2019052801008082,NICA,45,28,40,480.00,"19,200.00"
2019-05-28,2019052801008081,NICA,45,49,10,480.00,"4,800.00"
2019-05-28,2019052801008120,NICL,42,47,400,388.00,"155,200.00"
2019-05-28,2019052801008038,NLIC,32,47,100,926.00,"92,600.00"
2019-05-28,2019052801008036,NLIC,46,47,500,926.00,"463,000.00"
2019-05-28,2019052801008024,NLIC,6,47,202,926.00,"187,052.00"
2019-05-28,2019052801007761,NLICL,38,6,100,663.00,"66,300.00"
2019-05-28,2019052801007746,NMBMF,6,21,50,"1,126.00","56,300.00"
2019-05-28,2019052801008027,NNLB,34,37,100,392.00,"39,200.00"
2019-05-28,2019052801008026,NNLB,57,37,50,392.00,"19,600.00"
2019-05-28,2019052801007908,NNLB,43,43,100,396.00,"39,600.00"
2019-05-28,2019052801007793,NNLB,36,43,30,396.00,"11,880.00"
2019-05-28,2019052801007968,NSEWA,28,44,10,437.00,"4,370.00"
2019-05-28,2019052801008135,PCBL,21,43,500,310.00,"155,000.00"
2019-05-28,2019052801008134,PCBL,52,43,200,310.00,"62,000.00"
2019-05-28,2019052801008133,PCBL,26,43,100,310.00,"31,000.00"
2019-05-28,2019052801008132,PCBL,52,43,200,310.00,"62,000.00"
2019-05-28,2019052801008131,PCBL,34,43,40,310.00,"12,400.00"
2019-05-28,2019052801008130,PCBL,6,43,200,310.00,"62,000.00"
2019-05-28,2019052801007922,PFL,14,59,572,135.00,"77,220.00"
2019-05-28,2019052801007921,PFL,38,59,100,135.00,"13,500.00"
2019-05-28,2019052801007920,PFL,47,59,150,135.00,"20,250.00"
2019-05-28,2019052801007919,PFL,14,59,200,135.00,"27,000.00"
2019-05-28,2019052801007918,PFL,49,59,500,135.00,"67,500.00"
2019-05-28,2019052801007917,PFL,1,59,448,135.00,"60,480.00"
2019-05-28,2019052801007878,PFL,50,59,500,136.00,"68,000.00"
2019-05-28,2019052801008108,PIC,49,58,11,"1,184.00","13,024.00"
2019-05-28,2019052801008010,PIC,17,39,100,"1,185.00","118,500.00"
2019-05-28,2019052801008009,PIC,40,39,156,"1,185.00","184,860.00"
2019-05-28,2019052801007891,PIC,40,21,50,"1,186.00","59,300.00"
2019-05-28,2019052801007890,PIC,49,21,150,"1,186.00","177,900.00"
2019-05-28,2019052801007822,PIC,49,21,50,"1,186.00","59,300.00"
2019-05-28,2019052801007821,PIC,52,21,10,"1,186.00","11,860.00"
2019-05-28,2019052801007820,PIC,50,21,200,"1,187.00","237,400.00"
2019-05-28,2019052801008116,PLIC,38,7,50,470.00,"23,500.00"
2019-05-28,2019052801008115,PLIC,38,7,50,470.00,"23,500.00"
2019-05-28,2019052801008121,PMHPL,56,58,10,109.00,"1,090.00"
2019-05-28,2019052801008136,PRVU,42,28,500,277.00,"138,500.00"
2019-05-28,2019052801007903,PRVU,52,28,50,277.00,"13,850.00"
2019-05-28,2019052801007762,PRVU,6,28,100,277.00,"27,700.00"
2019-05-28,2019052801008128,RADHI,21,58,11,163.00,"1,793.00"
2019-05-28,2019052801007775,RBCLPO,33,17,60,"10,000.00","600,000.00"
2019-05-28,2019052801007687,RBCLPO,33,33,30,"9,980.00","299,400.00"
2019-05-28,2019052801007686,RBCLPO,33,59,10,"9,970.00","99,700.00"
2019-05-28,2019052801007714,RLFL,36,33,"1,000",126.00,"126,000.00"
2019-05-28,2019052801007697,RMDC,39,56,455,658.00,"299,390.00"
2019-05-28,2019052801008141,RRHP,25,58,10,95.00,950.00
2019-05-28,2019052801008045,RSDC,39,6,42,381.00,"16,002.00"
2019-05-28,2019052801008044,RSDC,39,57,85,381.00,"32,385.00"
2019-05-28,2019052801007991,RSDC,34,57,21,381.00,"8,001.00"
2019-05-28,2019052801007969,SBI,14,13,100,478.00,"47,800.00"
2019-05-28,2019052801007944,SBL,11,48,254,335.00,"85,090.00"
2019-05-28,2019052801007879,SBL,38,47,150,336.00,"50,400.00"
2019-05-28,2019052801007897,SEOS,55,21,"4,200",10.70,"44,940.00"
2019-05-28,2019052801007896,SEOS,55,58,"4,000",10.60,"42,400.00"
2019-05-28,2019052801007895,SEOS,55,58,"4,800",10.60,"50,880.00"
2019-05-28,2019052801007894,SEOS,55,45,"2,000",10.50,"21,000.00"
2019-05-28,2019052801007893,SEOS,55,59,"3,000",10.50,"31,500.00"
2019-05-28,2019052801008140,SHIVM,34,38,100,640.00,"64,000.00"
2019-05-28,2019052801008139,SHIVM,34,45,50,640.00,"32,000.00"
2019-05-28,2019052801008138,SHIVM,48,48,300,640.00,"192,000.00"
2019-05-28,2019052801008137,SHIVM,48,16,120,640.00,"76,800.00"
2019-05-28,2019052801008127,SHIVM,3,16,380,640.00,"243,200.00"
2019-05-28,2019052801008126,SHIVM,53,33,200,645.00,"129,000.00"
2019-05-28,2019052801007653,SHIVM,42,34,"1,910",635.00,"1,212,850.00"
2019-05-28,2019052801007652,SHIVM,42,21,25,634.00,"15,850.00"
2019-05-28,2019052801007651,SHIVM,42,7,"1,000",634.00,"634,000.00"
2019-05-28,2019052801007650,SHIVM,42,58,500,634.00,"317,000.00"
2019-05-28,2019052801007649,SHIVM,42,42,300,634.00,"190,200.00"
2019-05-28,2019052801007659,SHIVM,42,38,200,635.00,"127,000.00"
2019-05-28,2019052801007658,SHIVM,42,57,500,635.00,"317,500.00"
2019-05-28,2019052801007657,SHIVM,42,5,100,635.00,"63,500.00"
2019-05-28,2019052801007656,SHIVM,42,45,150,635.00,"95,250.00"
2019-05-28,2019052801007655,SHIVM,42,45,100,635.00,"63,500.00"
2019-05-28,2019052801007654,SHIVM,42,17,200,635.00,"127,000.00"
2019-05-28,2019052801007665,SHIVM,42,57,100,635.00,"63,500.00"
2019-05-28,2019052801007664,SHIVM,42,22,50,635.00,"31,750.00"
2019-05-28,2019052801007663,SHIVM,42,58,300,635.00,"190,500.00"
2019-05-28,2019052801007662,SHIVM,42,35,100,635.00,"63,500.00"
2019-05-28,2019052801007661,SHIVM,42,52,40,635.00,"25,400.00"
2019-05-28,2019052801007660,SHIVM,42,44,50,635.00,"31,750.00"
2019-05-28,2019052801007679,SHIVM,58,46,420,637.00,"267,540.00"
2019-05-28,2019052801007678,SHIVM,58,57,50,636.00,"31,800.00"
2019-05-28,2019052801007677,SHIVM,58,39,200,636.00,"127,200.00"
2019-05-28,2019052801007668,SHIVM,42,13,30,635.00,"19,050.00"
2019-05-28,2019052801007667,SHIVM,42,35,100,635.00,"63,500.00"
2019-05-28,2019052801007666,SHIVM,42,42,50,635.00,"31,750.00"
2019-05-28,2019052801007696,SHIVM,42,32,200,635.00,"127,000.00"
2019-05-28,2019052801007695,SHIVM,42,49,50,635.00,"31,750.00"
2019-05-28,2019052801007694,SHIVM,25,49,450,636.00,"286,200.00"
2019-05-28,2019052801007688,SHIVM,25,28,50,636.00,"31,800.00"
2019-05-28,2019052801007681,SHIVM,58,35,180,637.00,"114,660.00"
2019-05-28,2019052801007680,SHIVM,58,32,150,637.00,"95,550.00"
2019-05-28,2019052801007709,SHIVM,52,45,80,637.00,"50,960.00"
2019-05-28,2019052801007708,SHIVM,52,28,10,637.00,"6,370.00"
2019-05-28,2019052801007707,SHIVM,52,16,100,637.00,"63,700.00"
2019-05-28,2019052801007706,SHIVM,52,8,200,637.00,"127,400.00"
2019-05-28,2019052801007705,SHIVM,52,35,70,637.00,"44,590.00"
2019-05-28,2019052801007703,SHIVM,39,48,50,636.00,"31,800.00"
2019-05-28,2019052801007723,SHIVM,46,13,100,639.00,"63,900.00"
2019-05-28,2019052801007722,SHIVM,46,47,50,639.00,"31,950.00"
2019-05-28,2019052801007721,SHIVM,46,13,100,639.00,"63,900.00"
2019-05-28,2019052801007720,SHIVM,46,50,500,639.00,"319,500.00"
2019-05-28,2019052801007718,SHIVM,52,28,50,638.00,"31,900.00"
2019-05-28,2019052801007710,SHIVM,52,39,100,638.00,"63,800.00"
2019-05-28,2019052801007729,SHIVM,46,22,50,640.00,"32,000.00"
2019-05-28,2019052801007728,SHIVM,46,22,50,640.00,"32,000.00"
2019-05-28,2019052801007727,SHIVM,46,14,100,640.00,"64,000.00"
2019-05-28,2019052801007726,SHIVM,46,56,200,639.00,"127,800.00"
2019-05-28,2019052801007725,SHIVM,46,33,130,639.00,"83,070.00"
2019-05-28,2019052801007724,SHIVM,46,50,50,639.00,"31,950.00"
2019-05-28,2019052801007738,SHIVM,52,26,50,638.00,"31,900.00"
2019-05-28,2019052801007734,SHIVM,46,10,970,640.00,"620,800.00"
2019-05-28,2019052801007733,SHIVM,46,50,500,640.00,"320,000.00"
2019-05-28,2019052801007732,SHIVM,46,25,100,640.00,"64,000.00"
2019-05-28,2019052801007731,SHIVM,46,47,50,640.00,"32,000.00"
2019-05-28,2019052801007730,SHIVM,46,44,50,640.00,"32,000.00"
2019-05-28,2019052801007768,SHIVM,52,48,180,638.00,"114,840.00"
2019-05-28,2019052801007751,SHIVM,39,10,"1,500",640.00,"960,000.00"
2019-05-28,2019052801007750,SHIVM,39,33,500,639.00,"319,500.00"
2019-05-28,2019052801007747,SHIVM,52,40,100,638.00,"63,800.00"
2019-05-28,2019052801007744,SHIVM,52,34,300,638.00,"191,400.00"
2019-05-28,2019052801007743,SHIVM,52,41,50,638.00,"31,900.00"
2019-05-28,2019052801007781,SHIVM,42,48,300,641.00,"192,300.00"
2019-05-28,2019052801007780,SHIVM,52,48,200,641.00,"128,200.00"
2019-05-28,2019052801007778,SHIVM,46,10,400,640.00,"256,000.00"
2019-05-28,2019052801007777,SHIVM,46,50,50,640.00,"32,000.00"
2019-05-28,2019052801007776,SHIVM,46,10,280,640.00,"179,200.00"
2019-05-28,2019052801007774,SHIVM,57,10,250,640.00,"160,000.00"
2019-05-28,2019052801007787,SHIVM,42,50,50,642.00,"32,100.00"
2019-05-28,2019052801007786,SHIVM,42,50,50,642.00,"32,100.00"
2019-05-28,2019052801007785,SHIVM,42,34,100,642.00,"64,200.00"
2019-05-28,2019052801007784,SHIVM,42,14,10,642.00,"6,420.00"
2019-05-28,2019052801007783,SHIVM,42,36,50,642.00,"32,100.00"
2019-05-28,2019052801007782,SHIVM,42,43,500,642.00,"321,000.00"
2019-05-28,2019052801007801,SHIVM,42,52,20,642.00,"12,840.00"
2019-05-28,2019052801007792,SHIVM,42,58,250,642.00,"160,500.00"
2019-05-28,2019052801007791,SHIVM,42,13,100,642.00,"64,200.00"
2019-05-28,2019052801007790,SHIVM,42,47,10,642.00,"6,420.00"
2019-05-28,2019052801007789,SHIVM,42,8,100,642.00,"64,200.00"
2019-05-28,2019052801007788,SHIVM,42,46,100,642.00,"64,200.00"
2019-05-28,2019052801007815,SHIVM,42,34,50,642.00,"32,100.00"
2019-05-28,2019052801007814,SHIVM,42,37,15,642.00,"9,630.00"
2019-05-28,2019052801007810,SHIVM,42,37,120,642.00,"77,040.00"
2019-05-28,2019052801007809,SHIVM,42,29,170,642.00,"109,140.00"
2019-05-28,2019052801007807,SHIVM,17,43,500,643.00,"321,500.00"
2019-05-28,2019052801007802,SHIVM,42,1,70,642.00,"44,940.00"
2019-05-28,2019052801007824,SHIVM,42,17,30,642.00,"19,260.00"
2019-05-28,2019052801007823,SHIVM,42,32,30,642.00,"19,260.00"
2019-05-28,2019052801007819,SHIVM,46,34,350,644.00,"225,400.00"
2019-05-28,2019052801007818,SHIVM,46,32,100,644.00,"64,400.00"
2019-05-28,2019052801007817,SHIVM,46,32,500,644.00,"322,000.00"
2019-05-28,2019052801007816,SHIVM,46,4,50,643.00,"32,150.00"
2019-05-28,2019052801007830,SHIVM,42,16,500,645.00,"322,500.00"
2019-05-28,2019052801007829,SHIVM,42,16,20,644.00,"12,880.00"
2019-05-28,2019052801007828,SHIVM,42,16,500,644.00,"322,000.00"
2019-05-28,2019052801007827,SHIVM,42,13,100,644.00,"64,400.00"
2019-05-28,2019052801007826,SHIVM,42,34,650,644.00,"418,600.00"
2019-05-28,2019052801007825,SHIVM,42,33,500,643.00,"321,500.00"
2019-05-28,2019052801007836,SHIVM,42,8,"1,000",646.00,"646,000.00"
2019-05-28,2019052801007835,SHIVM,42,34,100,646.00,"64,600.00"
2019-05-28,2019052801007834,SHIVM,42,7,500,646.00,"323,000.00"
2019-05-28,2019052801007833,SHIVM,42,46,500,645.00,"322,500.00"
2019-05-28,2019052801007832,SHIVM,42,28,200,645.00,"129,000.00"
2019-05-28,2019052801007831,SHIVM,42,22,400,645.00,"258,000.00"
2019-05-28,2019052801007842,SHIVM,42,11,50,646.00,"32,300.00"
2019-05-28,2019052801007841,SHIVM,42,7,500,646.00,"323,000.00"
2019-05-28,2019052801007840,SHIVM,42,16,500,646.00,"323,000.00"
2019-05-28,2019052801007839,SHIVM,42,56,200,646.00,"129,200.00"
2019-05-28,2019052801007838,SHIVM,42,5,100,646.00,"64,600.00"
2019-05-28,2019052801007837,SHIVM,42,34,470,646.00,"303,620.00"
2019-05-28,2019052801007848,SHIVM,42,53,100,646.00,"64,600.00"
2019-05-28,2019052801007847,SHIVM,42,39,250,646.00,"161,500.00"
2019-05-28,2019052801007846,SHIVM,42,47,300,646.00,"193,800.00"
2019-05-28,2019052801007845,SHIVM,42,8,200,646.00,"129,200.00"
2019-05-28,2019052801007844,SHIVM,42,32,100,646.00,"64,600.00"
2019-05-28,2019052801007843,SHIVM,42,7,500,646.00,"323,000.00"
2019-05-28,2019052801007854,SHIVM,42,42,300,646.00,"193,800.00"
2019-05-28,2019052801007853,SHIVM,42,44,50,646.00,"32,300.00"
2019-05-28,2019052801007852,SHIVM,42,25,"1,000",646.00,"646,000.00"
2019-05-28,2019052801007851,SHIVM,42,43,300,646.00,"193,800.00"
2019-05-28,2019052801007850,SHIVM,42,50,100,646.00,"64,600.00"
2019-05-28,2019052801007849,SHIVM,42,41,200,646.00,"129,200.00"
2019-05-28,2019052801007860,SHIVM,42,56,50,646.00,"32,300.00"
2019-05-28,2019052801007859,SHIVM,42,22,"1,100",646.00,"710,600.00"
2019-05-28,2019052801007858,SHIVM,42,41,40,646.00,"25,840.00"
2019-05-28,2019052801007857,SHIVM,42,50,500,646.00,"323,000.00"
2019-05-28,2019052801007856,SHIVM,42,19,50,646.00,"32,300.00"
2019-05-28,2019052801007855,SHIVM,42,8,100,646.00,"64,600.00"
2019-05-28,2019052801007866,SHIVM,42,19,50,646.00,"32,300.00"
2019-05-28,2019052801007865,SHIVM,42,34,999,646.00,"645,354.00"
2019-05-28,2019052801007864,SHIVM,42,39,50,646.00,"32,300.00"
2019-05-28,2019052801007863,SHIVM,42,34,200,646.00,"129,200.00"
2019-05-28,2019052801007862,SHIVM,42,16,50,646.00,"32,300.00"
2019-05-28,2019052801007861,SHIVM,42,32,500,646.00,"323,000.00"
2019-05-28,2019052801007882,SHIVM,38,48,25,642.00,"16,050.00"
2019-05-28,2019052801007876,SHIVM,42,48,25,642.00,"16,050.00"
2019-05-28,2019052801007875,SHIVM,42,34,50,642.00,"32,100.00"
2019-05-28,2019052801007869,SHIVM,42,34,"5,596",646.00,"3,615,016.00"
2019-05-28,2019052801007868,SHIVM,42,38,25,646.00,"16,150.00"
2019-05-28,2019052801007867,SHIVM,42,59,500,646.00,"323,000.00"
2019-05-28,2019052801007888,SHIVM,42,16,500,646.00,"323,000.00"
2019-05-28,2019052801007887,SHIVM,42,42,500,646.00,"323,000.00"
2019-05-28,2019052801007886,SHIVM,42,58,50,646.00,"32,300.00"
2019-05-28,2019052801007885,SHIVM,42,34,654,646.00,"422,484.00"
2019-05-28,2019052801007884,SHIVM,58,34,500,646.00,"323,000.00"
2019-05-28,2019052801007883,SHIVM,40,34,750,646.00,"484,500.00"
2019-05-28,2019052801007904,SHIVM,42,21,35,646.00,"22,610.00"
2019-05-28,2019052801007900,SHIVM,42,34,50,646.00,"32,300.00"
2019-05-28,2019052801007899,SHIVM,42,17,30,646.00,"19,380.00"
2019-05-28,2019052801007898,SHIVM,42,3,10,646.00,"6,460.00"
2019-05-28,2019052801007892,SHIVM,42,34,25,646.00,"16,150.00"
2019-05-28,2019052801007889,SHIVM,42,57,50,646.00,"32,300.00"
2019-05-28,2019052801007913,SHIVM,49,43,275,646.00,"177,650.00"
2019-05-28,2019052801007912,SHIVM,49,16,100,646.00,"64,600.00"
2019-05-28,2019052801007911,SHIVM,49,33,40,646.00,"25,840.00"
2019-05-28,2019052801007907,SHIVM,49,6,85,646.00,"54,910.00"
2019-05-28,2019052801007906,SHIVM,19,6,35,646.00,"22,610.00"
2019-05-28,2019052801007905,SHIVM,19,21,165,646.00,"106,590.00"
2019-05-28,2019052801007931,SHIVM,42,7,30,646.00,"19,380.00"
2019-05-28,2019052801007925,SHIVM,42,7,230,646.00,"148,580.00"
2019-05-28,2019052801007924,SHIVM,42,1,150,646.00,"96,900.00"
2019-05-28,2019052801007916,SHIVM,42,22,100,646.00,"64,600.00"
2019-05-28,2019052801007915,SHIVM,42,43,675,646.00,"436,050.00"
2019-05-28,2019052801007914,SHIVM,40,43,50,646.00,"32,300.00"
2019-05-28,2019052801007952,SHIVM,42,42,10,646.00,"6,460.00"
2019-05-28,2019052801007949,SHIVM,42,44,"1,900",646.00,"1,227,400.00"
2019-05-28,2019052801007938,SHIVM,42,1,50,646.00,"32,300.00"
2019-05-28,2019052801007936,SHIVM,42,1,200,646.00,"129,200.00"
2019-05-28,2019052801007935,SHIVM,42,5,200,646.00,"129,200.00"
2019-05-28,2019052801007933,SHIVM,42,19,500,646.00,"323,000.00"
2019-05-28,2019052801007974,SHIVM,52,51,100,646.00,"64,600.00"
2019-05-28,2019052801007965,SHIVM,52,41,50,646.00,"32,300.00"
2019-05-28,2019052801007964,SHIVM,52,10,315,646.00,"203,490.00"
2019-05-28,2019052801007963,SHIVM,39,10,250,646.00,"161,500.00"
2019-05-28,2019052801007962,SHIVM,42,10,935,646.00,"604,010.00"
2019-05-28,2019052801007961,SHIVM,42,35,20,646.00,"12,920.00"
2019-05-28,2019052801007984,SHIVM,58,42,45,646.00,"29,070.00"
2019-05-28,2019052801007983,SHIVM,58,13,50,646.00,"32,300.00"
2019-05-28,2019052801007979,SHIVM,58,34,405,646.00,"261,630.00"
2019-05-28,2019052801007978,SHIVM,34,34,100,646.00,"64,600.00"
2019-05-28,2019052801007977,SHIVM,52,34,495,646.00,"319,770.00"
2019-05-28,2019052801007975,SHIVM,52,13,40,646.00,"25,840.00"
2019-05-28,2019052801007990,SHIVM,3,25,200,646.00,"129,200.00"
2019-05-28,2019052801007989,SHIVM,34,25,100,646.00,"64,600.00"
2019-05-28,2019052801007988,SHIVM,40,25,500,646.00,"323,000.00"
2019-05-28,2019052801007987,SHIVM,58,25,200,646.00,"129,200.00"
2019-05-28,2019052801007986,SHIVM,58,40,400,646.00,"258,400.00"
2019-05-28,2019052801007985,SHIVM,58,5,100,646.00,"64,600.00"
2019-05-28,2019052801007998,SHIVM,42,35,30,646.00,"19,380.00"
2019-05-28,2019052801007997,SHIVM,42,39,50,646.00,"32,300.00"
2019-05-28,2019052801007996,SHIVM,42,44,50,646.00,"32,300.00"
2019-05-28,2019052801007995,SHIVM,42,10,200,646.00,"129,200.00"
2019-05-28,2019052801007993,SHIVM,42,34,100,646.00,"64,600.00"
2019-05-28,2019052801007992,SHIVM,3,34,100,646.00,"64,600.00"
2019-05-28,2019052801008029,SHIVM,40,34,200,646.00,"129,200.00"
2019-05-28,2019052801008028,SHIVM,42,34,"3,470",646.00,"2,241,620.00"
2019-05-28,2019052801008025,SHIVM,42,5,100,646.00,"64,600.00"
2019-05-28,2019052801008020,SHIVM,42,45,300,646.00,"193,800.00"
2019-05-28,2019052801008014,SHIVM,42,17,200,646.00,"129,200.00"
2019-05-28,2019052801008013,SHIVM,42,14,500,646.00,"323,000.00"
2019-05-28,2019052801008035,SHIVM,38,34,20,646.00,"12,920.00"
2019-05-28,2019052801008034,SHIVM,26,34,"1,500",646.00,"969,000.00"
2019-05-28,2019052801008033,SHIVM,48,34,100,646.00,"64,600.00"
2019-05-28,2019052801008032,SHIVM,58,34,100,646.00,"64,600.00"
2019-05-28,2019052801008031,SHIVM,58,34,100,646.00,"64,600.00"
2019-05-28,2019052801008030,SHIVM,57,34,250,646.00,"161,500.00"
2019-05-28,2019052801008080,SHIVM,46,25,200,640.00,"128,000.00"
2019-05-28,2019052801008071,SHIVM,22,54,800,642.00,"513,600.00"
2019-05-28,2019052801008067,SHIVM,22,6,100,642.00,"64,200.00"
2019-05-28,2019052801008065,SHIVM,22,6,100,642.00,"64,200.00"
2019-05-28,2019052801008064,SHIVM,38,6,200,642.00,"128,400.00"
2019-05-28,2019052801008051,SHIVM,44,34,50,646.00,"32,300.00"
2019-05-28,2019052801008109,SHIVM,46,19,40,640.00,"25,600.00"
2019-05-28,2019052801008106,SHIVM,42,53,450,645.00,"290,250.00"
2019-05-28,2019052801008105,SHIVM,42,34,50,645.00,"32,250.00"
2019-05-28,2019052801008103,SHIVM,56,29,500,645.00,"322,500.00"
2019-05-28,2019052801008102,SHIVM,48,56,500,644.00,"322,000.00"
2019-05-28,2019052801008094,SHIVM,58,54,55,642.00,"35,310.00"
2019-05-28,2019052801008125,SHIVM,53,53,550,645.00,"354,750.00"
2019-05-28,2019052801008124,SHIVM,53,38,200,642.00,"128,400.00"
2019-05-28,2019052801008123,SHIVM,53,29,50,642.00,"32,100.00"
2019-05-28,2019052801008117,SHIVM,3,22,100,640.00,"64,000.00"
2019-05-28,2019052801008114,SHIVM,3,21,20,640.00,"12,800.00"
2019-05-28,2019052801008113,SHIVM,46,21,30,640.00,"19,200.00"
2019-05-28,2019052801008095,SHPC,49,42,60,270.00,"16,200.00"
2019-05-28,2019052801007773,SHPC,39,42,610,270.00,"164,700.00"
2019-05-28,2019052801007772,SHPC,39,4,"1,500",269.00,"403,500.00"
2019-05-28,2019052801007771,SHPC,39,4,"1,210",269.00,"325,490.00"
2019-05-28,2019052801007770,SHPC,39,4,680,268.00,"182,240.00"
2019-05-28,2019052801008007,SICL,33,16,30,847.00,"25,410.00"
2019-05-28,2019052801008006,SICL,21,16,10,847.00,"8,470.00"
2019-05-28,2019052801008005,SICL,21,16,10,847.00,"8,470.00"
2019-05-28,2019052801008004,SICL,54,16,30,847.00,"25,410.00"
2019-05-28,2019052801008003,SICL,56,16,50,848.00,"42,400.00"
2019-05-28,2019052801008002,SICL,42,16,50,850.00,"42,500.00"
2019-05-28,2019052801008001,SICL,45,16,50,854.00,"42,700.00"
2019-05-28,2019052801008063,SIL,37,16,100,580.00,"58,000.00"
2019-05-28,2019052801008062,SIL,44,16,"1,000",581.00,"581,000.00"
2019-05-28,2019052801008061,SIL,55,16,300,582.00,"174,600.00"
2019-05-28,2019052801008060,SIL,45,16,50,583.00,"29,150.00"
2019-05-28,2019052801007767,SLICL,11,58,34,588.00,"19,992.00"
2019-05-28,2019052801007766,SLICL,38,16,100,589.00,"58,900.00"
2019-05-28,2019052801007702,SLICL,43,16,100,589.00,"58,900.00"
2019-05-28,2019052801007937,SPARS,7,44,10,503.00,"5,030.00"
2019-05-28,2019052801007712,SWBBL,29,41,60,893.00,"53,580.00"
2019-05-28,2019052801007754,UPCL,19,28,400,95.00,"38,000.00"
2019-05-28,2019052801007753,UPCL,19,39,50,95.00,"4,750.00"
2019-05-28,2019052801007752,UPCL,19,39,50,95.00,"4,750.00"
2019-05-28,2019052801008091,UPPER,42,43,90,278.00,"25,020.00"
2019-05-28,2019052801008090,UPPER,28,43,"1,500",278.00,"417,000.00"
2019-05-28,2019052801008089,UPPER,10,43,200,278.00,"55,600.00"
2019-05-28,2019052801008088,UPPER,13,43,500,278.00,"139,000.00"
2019-05-28,2019052801008087,UPPER,20,43,730,278.00,"202,940.00"
2019-05-28,2019052801008086,UPPER,41,43,"1,000",279.00,"279,000.00"
2019-05-28,2019052801007690,UPPER,25,28,20,280.00,"5,600.00"
2019-05-28,2019052801007689,UPPER,42,28,30,280.00,"8,400.00"
2019-05-28,2019052801007760,UPPER,54,22,200,280.00,"56,000.00"
2019-05-28,2019052801007759,UPPER,25,22,900,280.00,"252,000.00"
2019-05-28,2019052801007749,UPPER,10,3,50,281.00,"14,050.00"
2019-05-28,2019052801007748,UPPER,25,28,40,280.00,"11,200.00"
2019-05-28,2019052801007736,UPPER,46,3,100,281.00,"28,100.00"
2019-05-28,2019052801007715,UPPER,25,28,40,280.00,"11,200.00"
2019-05-28,2019052801007877,UPPER,33,57,50,279.00,"13,950.00"
2019-05-28,2019052801007874,UPPER,33,32,570,279.00,"159,030.00"
2019-05-28,2019052801007873,UPPER,47,32,230,279.00,"64,170.00"
2019-05-28,2019052801007811,UPPER,22,22,500,280.00,"140,000.00"
2019-05-28,2019052801007795,UPPER,47,42,10,279.00,"2,790.00"
2019-05-28,2019052801007765,UPPER,14,22,60,280.00,"16,800.00"
2019-05-28,2019052801008085,UPPER,33,43,"1,000",279.00,"279,000.00"
2019-05-28,2019052801008084,UPPER,28,43,500,279.00,"139,500.00"
2019-05-28,2019052801008083,UPPER,33,43,280,279.00,"78,120.00"
2019-05-28,2019052801008073,UPPER,33,33,50,279.00,"13,950.00"
2019-05-28,2019052801008008,UPPER,8,22,500,280.00,"140,000.00"
2019-05-28,2019052801007982,UPPER,33,46,50,279.00,"13,950.00"
2019-05-28,2019052801007628,ADBL,56,58,70,422.00,"29,540.00"
2019-05-28,2019052801007617,ADBL,45,45,32,420.00,"13,440.00"
2019-05-28,2019052801007578,ADBL,56,34,287,421.00,"120,827.00"
2019-05-28,2019052801007495,ADBL,45,34,26,421.00,"10,946.00"
2019-05-28,2019052801007432,ADBL,45,36,474,421.00,"199,554.00"
2019-05-28,2019052801007431,ADBL,26,36,200,421.00,"84,200.00"
2019-05-28,2019052801007430,ADBL,57,36,100,421.00,"42,100.00"
2019-05-28,2019052801007429,ADBL,35,36,30,421.00,"12,630.00"
2019-05-28,2019052801007428,ADBL,25,36,"1,254",421.00,"527,934.00"
2019-05-28,2019052801007160,ADBL,36,19,70,422.00,"29,540.00"
2019-05-28,2019052801007252,AKPL,37,58,500,196.00,"98,000.00"
2019-05-28,2019052801007532,ALBSL,17,44,10,437.00,"4,370.00"
2019-05-28,2019052801007229,ALICL,18,32,200,421.00,"84,200.00"
2019-05-28,2019052801007228,ALICL,19,32,100,421.00,"42,100.00"
2019-05-28,2019052801007453,API,25,4,50,157.00,"7,850.00"
2019-05-28,2019052801007408,API,25,52,50,159.00,"7,950.00"
2019-05-28,2019052801007353,API,25,39,50,158.00,"7,900.00"
2019-05-28,2019052801007342,BFC,13,55,37,101.00,"3,737.00"
2019-05-28,2019052801007341,BFC,42,55,50,101.00,"5,050.00"
2019-05-28,2019052801007232,BFC,11,14,100,103.00,"10,300.00"
2019-05-28,2019052801007159,BFC,42,14,10,103.00,"1,030.00"
2019-05-28,2019052801007620,BOKL,28,55,100,272.00,"27,200.00"
2019-05-28,2019052801007576,BOKL,57,22,150,271.00,"40,650.00"
2019-05-28,2019052801007575,BOKL,39,22,250,271.00,"67,750.00"
2019-05-28,2019052801007514,CBL,40,22,440,147.00,"64,680.00"
2019-05-28,2019052801007513,CBL,41,22,60,147.00,"8,820.00"
2019-05-28,2019052801007633,CCBL,36,45,147,169.00,"24,843.00"
2019-05-28,2019052801007626,CCBL,33,35,200,170.00,"34,000.00"
2019-05-28,2019052801007557,CCBL,36,44,32,169.00,"5,408.00"
2019-05-28,2019052801007490,CCBL,36,22,500,169.00,"84,500.00"
2019-05-28,2019052801007280,CCBL,41,35,100,170.00,"17,000.00"
2019-05-28,2019052801007581,DBBL,59,38,811,150.00,"121,650.00"
2019-05-28,2019052801007580,DBBL,51,38,189,150.00,"28,350.00"
2019-05-28,2019052801007493,DBBL,51,6,14,150.00,"2,100.00"
2019-05-28,2019052801007410,DBBL,51,33,297,150.00,"44,550.00"
2019-05-28,2019052801007409,DBBL,59,33,280,150.00,"42,000.00"
2019-05-28,2019052801007351,DBBL,59,55,92,150.00,"13,800.00"
2019-05-28,2019052801007248,DBBL,21,6,"1,000",151.00,"151,000.00"
2019-05-28,2019052801007155,DBBL,59,49,500,150.00,"75,000.00"
2019-05-28,2019052801007556,DHPL,29,20,391,66.00,"25,806.00"
2019-05-28,2019052801007332,DHPL,42,20,"1,000",66.00,"66,000.00"
2019-05-28,2019052801007323,DHPL,47,20,100,67.00,"6,700.00"
2019-05-28,2019052801007535,EBL,3,25,100,668.00,"66,800.00"
2019-05-28,2019052801007534,EBL,45,25,360,668.00,"240,480.00"
2019-05-28,2019052801007446,EBL,45,36,10,668.00,"6,680.00"
2019-05-28,2019052801007465,EIC,37,19,65,417.00,"27,105.00"
2019-05-28,2019052801007464,EIC,34,19,15,417.00,"6,255.00"
2019-05-28,2019052801007244,GBBL,4,33,500,225.00,"112,500.00"
2019-05-28,2019052801007243,GBBL,4,45,60,225.00,"13,500.00"
2019-05-28,2019052801007242,GBBL,4,40,96,225.00,"21,600.00"
2019-05-28,2019052801007241,GBBL,4,40,96,225.00,"21,600.00"
2019-05-28,2019052801007240,GBBL,4,40,96,225.00,"21,600.00"
2019-05-28,2019052801007458,GBIME,25,11,22,306.00,"6,732.00"
2019-05-28,2019052801007419,GBIME,25,43,14,306.00,"4,284.00"
2019-05-28,2019052801007288,GBIME,35,57,34,307.00,"10,438.00"
2019-05-28,2019052801007287,GBIME,35,47,16,307.00,"4,912.00"
2019-05-28,2019052801007154,GBIME,51,47,800,307.00,"245,600.00"
2019-05-28,2019052801007153,GBIME,51,59,200,307.00,"61,400.00"
2019-05-28,2019052801007157,GBLBS,17,21,10,378.00,"3,780.00"
2019-05-28,2019052801007396,HBL,26,49,50,577.00,"28,850.00"
2019-05-28,2019052801007625,HDL,39,49,30,"1,681.00","50,430.00"
2019-05-28,2019052801007624,HDL,55,49,30,"1,681.00","50,430.00"
2019-05-28,2019052801007623,HDL,49,49,90,"1,681.00","151,290.00"
2019-05-28,2019052801007472,HGI,4,13,100,384.00,"38,400.00"
2019-05-28,2019052801007348,HGI,32,13,200,384.00,"76,800.00"
2019-05-28,2019052801007573,HIDCL,19,35,31,166.00,"5,146.00"
2019-05-28,2019052801007279,HIDCL,19,57,16,166.00,"2,656.00"
2019-05-28,2019052801007274,HIDCL,19,49,500,166.00,"83,000.00"
2019-05-28,2019052801007273,HIDCL,19,52,61,166.00,"10,126.00"
2019-05-28,2019052801007272,HIDCL,19,52,61,166.00,"10,126.00"
2019-05-28,2019052801007271,HIDCL,19,52,61,166.00,"10,126.00"
2019-05-28,2019052801007210,HPPL,14,25,10,187.00,"1,870.00"
2019-05-28,2019052801007209,HPPL,14,28,10,187.00,"1,870.00"
2019-05-28,2019052801007208,HPPL,14,41,10,187.00,"1,870.00"
2019-05-28,2019052801007207,HPPL,14,28,20,187.00,"3,740.00"
2019-05-28,2019052801007206,HPPL,14,42,20,187.00,"3,740.00"
2019-05-28,2019052801007205,HPPL,14,49,10,187.00,"1,870.00"
2019-05-28,2019052801007192,HPPL,14,44,10,187.00,"1,870.00"
2019-05-28,2019052801007191,HPPL,14,11,20,187.00,"3,740.00"
2019-05-28,2019052801007190,HPPL,14,40,20,187.00,"3,740.00"
2019-05-28,2019052801007198,HPPL,14,40,20,187.00,"3,740.00"
2019-05-28,2019052801007197,HPPL,14,41,10,187.00,"1,870.00"
2019-05-28,2019052801007196,HPPL,14,44,10,187.00,"1,870.00"
2019-05-28,2019052801007195,HPPL,14,40,20,187.00,"3,740.00"
2019-05-28,2019052801007194,HPPL,14,44,10,187.00,"1,870.00"
2019-05-28,2019052801007193,HPPL,14,11,20,187.00,"3,740.00"
2019-05-28,2019052801007204,HPPL,14,41,10,187.00,"1,870.00"
2019-05-28,2019052801007203,HPPL,14,41,20,187.00,"3,740.00"
2019-05-28,2019052801007202,HPPL,14,40,20,187.00,"3,740.00"
2019-05-28,2019052801007201,HPPL,14,41,10,187.00,"1,870.00"
2019-05-28,2019052801007200,HPPL,14,41,10,187.00,"1,870.00"
2019-05-28,2019052801007199,HPPL,14,18,100,187.00,"18,700.00"
2019-05-28,2019052801007639,HURJA,22,6,500,132.00,"66,000.00"
2019-05-28,2019052801007638,HURJA,22,43,20,132.00,"2,640.00"
2019-05-28,2019052801007637,HURJA,22,43,20,132.00,"2,640.00"
2019-05-28,2019052801007636,HURJA,22,34,10,132.00,"1,320.00"
2019-05-28,2019052801007635,HURJA,22,34,20,132.00,"2,640.00"
2019-05-28,2019052801007634,HURJA,22,35,480,132.00,"63,360.00"
2019-05-28,2019052801007616,HURJA,22,6,20,131.00,"2,620.00"
2019-05-28,2019052801007552,HURJA,22,6,20,131.00,"2,620.00"
2019-05-28,2019052801007457,HURJA,59,35,20,132.00,"2,640.00"
2019-05-28,2019052801007158,HURJA,38,28,20,131.00,"2,620.00"
2019-05-28,2019052801007420,IGI,58,47,150,408.00,"61,200.00"
2019-05-28,2019052801007642,JBBL,45,6,11,159.00,"1,749.00"
