Date,Transact. No.,Symbol,Buyer,Seller,Quantity,Rate,Amount
2019-09-05,2019090501005516,AKPL,53,57,373,148.00,"55,204.00"
2019-09-05,2019090501005515,AKPL,35,57,100,148.00,"14,800.00"
2019-09-05,2019090501005514,AKPL,51,57,150,148.00,"22,200.00"
2019-09-05,2019090501005338,ALBSL,52,25,170,448.00,"76,160.00"
2019-09-05,2019090501005337,ALBSL,39,25,10,450.00,"4,500.00"
2019-09-05,2019090501005328,ALBSL,39,48,10,450.00,"4,500.00"
2019-09-05,2019090501005499,ALICL,39,28,157,329.00,"51,653.00"
2019-09-05,2019090501005437,ALICL,42,40,100,328.00,"32,800.00"
2019-09-05,2019090501005424,ALICL,28,28,343,329.00,"112,847.00"
2019-09-05,2019090501005331,ALICL,28,59,100,329.00,"32,900.00"
2019-09-05,2019090501005330,ALICL,22,6,100,330.00,"33,000.00"
2019-09-05,2019090501005374,API,25,44,250,115.00,"28,750.00"
2019-09-05,2019090501005342,API,56,44,100,115.00,"11,500.00"
2019-09-05,2019090501005629,API,22,25,20,113.00,"2,260.00"
2019-09-05,2019090501005628,API,57,25,100,113.00,"11,300.00"
2019-09-05,2019090501005448,API,25,44,200,115.00,"23,000.00"
2019-09-05,2019090501005441,API,57,17,"4,900",113.00,"553,700.00"
2019-09-05,2019090501005440,API,55,17,"1,000",113.00,"113,000.00"
2019-09-05,2019090501005751,API,50,20,10,116.00,"1,160.00"
2019-09-05,2019090501005707,API,25,20,30,116.00,"3,480.00"
2019-09-05,2019090501005687,API,25,22,"1,000",115.00,"115,000.00"
2019-09-05,2019090501005686,API,25,53,500,115.00,"57,500.00"
2019-09-05,2019090501005685,API,25,44,300,115.00,"34,500.00"
2019-09-05,2019090501005630,API,52,25,"1,000",113.00,"113,000.00"
2019-09-05,2019090501005593,BOKL,22,39,164,261.00,"42,804.00"
2019-09-05,2019090501005592,BOKL,55,39,200,261.00,"52,200.00"
2019-09-05,2019090501005591,BOKL,50,39,23,261.00,"6,003.00"
2019-09-05,2019090501005360,BOKL,54,54,145,262.00,"37,990.00"
2019-09-05,2019090501005359,BOKL,54,49,155,262.00,"40,610.00"
2019-09-05,2019090501005358,BOKL,54,38,700,262.00,"183,400.00"
2019-09-05,2019090501005314,BOKL,50,52,977,261.00,"254,997.00"
2019-09-05,2019090501005313,BOKL,34,52,74,261.00,"19,314.00"
2019-09-05,2019090501005304,BOKL,34,34,33,261.00,"8,613.00"
2019-09-05,2019090501005749,BPCL,58,54,22,380.00,"8,360.00"
2019-09-05,2019090501005603,BPCL,33,51,10,385.00,"3,850.00"
2019-09-05,2019090501005341,BPCL,17,21,90,378.00,"34,020.00"
2019-09-05,2019090501005754,CBL,26,57,300,147.00,"44,100.00"
2019-09-05,2019090501005753,CBL,14,57,200,147.00,"29,400.00"
2019-09-05,2019090501005752,CBL,44,57,500,147.00,"73,500.00"
2019-09-05,2019090501005701,CBL,43,52,10,148.00,"1,480.00"
2019-09-05,2019090501005605,CBL,34,8,226,147.00,"33,222.00"
2019-09-05,2019090501005534,CBL,34,51,20,147.00,"2,940.00"
2019-09-05,2019090501005414,CBL,43,36,49,147.00,"7,203.00"
2019-09-05,2019090501005420,CBL,34,36,"1,751",147.00,"257,397.00"
2019-09-05,2019090501005419,CBL,1,36,"1,000",147.00,"147,000.00"
2019-09-05,2019090501005418,CBL,21,36,500,147.00,"73,500.00"
2019-09-05,2019090501005417,CBL,44,36,100,147.00,"14,700.00"
2019-09-05,2019090501005416,CBL,26,36,500,147.00,"73,500.00"
2019-09-05,2019090501005415,CBL,42,36,100,147.00,"14,700.00"
2019-09-05,2019090501005785,CCBL,25,51,20,160.00,"3,200.00"
2019-09-05,2019090501005387,CCBL,14,36,429,159.00,"68,211.00"
2019-09-05,2019090501005386,CCBL,32,36,671,159.00,"106,689.00"
2019-09-05,2019090501005324,CCBL,32,38,175,159.00,"27,825.00"
2019-09-05,2019090501005323,CCBL,38,38,99,159.00,"15,741.00"
2019-09-05,2019090501005322,CCBL,1,38,500,159.00,"79,500.00"
2019-09-05,2019090501005321,CCBL,10,38,500,159.00,"79,500.00"
2019-09-05,2019090501005320,CCBL,11,38,72,159.00,"11,448.00"
2019-09-05,2019090501005700,CHCL,54,6,148,446.00,"66,008.00"
2019-09-05,2019090501005623,CHCL,54,6,148,446.00,"66,008.00"
2019-09-05,2019090501005606,CHCL,54,49,315,446.00,"140,490.00"
2019-09-05,2019090501005327,CHCL,54,16,30,446.00,"13,380.00"
2019-09-05,2019090501005620,CIT,45,49,10,"1,916.00","19,160.00"
2019-09-05,2019090501005612,CIT,52,14,33,"1,922.00","63,426.00"
2019-09-05,2019090501005567,CIT,32,14,15,"1,922.00","28,830.00"
2019-09-05,2019090501005566,CIT,41,22,10,"1,923.00","19,230.00"
2019-09-05,2019090501005565,CIT,41,40,30,"1,923.00","57,690.00"
2019-09-05,2019090501005564,CIT,41,58,50,"1,922.00","96,100.00"
2019-09-05,2019090501005563,CIT,41,11,10,"1,922.00","19,220.00"
2019-09-05,2019090501005426,CIT,52,35,17,"1,921.00","32,657.00"
2019-09-05,2019090501005445,CZBIL,6,37,263,219.00,"57,597.00"
2019-09-05,2019090501005299,CZBIL,6,16,37,219.00,"8,103.00"
2019-09-05,2019090501005298,CZBIL,14,16,53,219.00,"11,607.00"
2019-09-05,2019090501005531,DBBL,56,46,"1,000",131.00,"131,000.00"
2019-09-05,2019090501005466,DBBL,56,7,500,131.00,"65,500.00"
2019-09-05,2019090501005410,DBBL,39,40,106,132.00,"13,992.00"
2019-09-05,2019090501005488,DDBL,45,11,31,730.00,"22,630.00"
2019-09-05,2019090501005391,DDBL,45,43,500,730.00,"365,000.00"
2019-09-05,2019090501005390,DDBL,45,7,200,730.00,"146,000.00"
2019-09-05,2019090501005389,DDBL,45,52,41,730.00,"29,930.00"
2019-09-05,2019090501005388,DDBL,45,49,28,729.00,"20,412.00"
2019-09-05,2019090501005365,DDBL,33,7,25,725.00,"18,125.00"
2019-09-05,2019090501005364,DDBL,33,7,100,725.00,"72,500.00"
2019-09-05,2019090501005363,DDBL,53,7,100,726.00,"72,600.00"
2019-09-05,2019090501005362,DDBL,6,7,30,726.00,"21,780.00"
2019-09-05,2019090501005657,EBL,28,51,20,622.00,"12,440.00"
2019-09-05,2019090501005602,EBL,22,34,73,623.00,"45,479.00"
2019-09-05,2019090501005601,EBL,22,58,127,623.00,"79,121.00"
2019-09-05,2019090501005394,EBL,34,34,10,623.00,"6,230.00"
2019-09-05,2019090501005490,EIC,52,11,22,300.00,"6,600.00"
2019-09-05,2019090501005444,EIC,3,11,100,303.00,"30,300.00"
2019-09-05,2019090501005443,EIC,54,11,200,303.00,"60,600.00"
2019-09-05,2019090501005711,FMDBL,29,36,10,384.00,"3,840.00"
2019-09-05,2019090501005710,FMDBL,29,59,120,382.00,"45,840.00"
2019-09-05,2019090501005681,FMDBL,58,59,636,380.00,"241,680.00"
2019-09-05,2019090501005627,FMDBL,42,59,64,380.00,"24,320.00"
2019-09-05,2019090501005397,GBBL,14,8,"1,000",214.00,"214,000.00"
2019-09-05,2019090501005396,GBBL,32,8,100,214.00,"21,400.00"
2019-09-05,2019090501005395,GBBL,17,8,846,214.00,"181,044.00"
2019-09-05,2019090501005725,GBLBS,36,6,84,338.00,"28,392.00"
2019-09-05,2019090501005724,GBLBS,6,6,10,339.00,"3,390.00"
2019-09-05,2019090501005413,GBLBS,36,34,20,338.00,"6,760.00"
2019-09-05,2019090501005412,GBLBS,51,34,20,339.00,"6,780.00"
2019-09-05,2019090501005375,GBLBS,51,21,50,339.00,"16,950.00"
2019-09-05,2019090501005729,GDBL,11,47,300,208.00,"62,400.00"
2019-09-05,2019090501005302,GDBL,11,14,101,208.00,"21,008.00"
2019-09-05,2019090502000001,GGBSL,47,29,10,231.00,"2,310.00"
2019-09-05,2019090501005596,GLBSL,42,45,50,478.00,"23,900.00"
2019-09-05,2019090501005595,GLBSL,42,45,30,480.00,"14,400.00"
2019-09-05,2019090501005546,GLICL,17,49,10,390.00,"3,900.00"
2019-09-05,2019090501005512,GMFIL,45,26,20,118.00,"2,360.00"
2019-09-05,2019090501005511,GMFIL,45,26,50,118.00,"5,900.00"
2019-09-05,2019090501005329,HBL,44,28,400,535.00,"214,000.00"
2019-09-05,2019090501005303,HDL,39,38,50,"1,500.00","75,000.00"
2019-09-05,2019090501005706,HGI,34,22,20,299.00,"5,980.00"
2019-09-05,2019090501005783,HIDCL,42,59,400,139.00,"55,600.00"
2019-09-05,2019090501005587,HIDCL,51,49,10,141.00,"1,410.00"
2019-09-05,2019090501005402,HIDCL,52,49,50,140.00,"7,000.00"
2019-09-05,2019090501005401,HIDCL,52,49,89,140.00,"12,460.00"
2019-09-05,2019090501005400,HIDCL,57,49,21,141.00,"2,961.00"
2019-09-05,2019090501005644,IGI,34,19,100,338.00,"33,800.00"
2019-09-05,2019090501005540,ILBS,55,45,80,448.00,"35,840.00"
2019-09-05,2019090501005539,ILBS,52,45,70,449.00,"31,430.00"
2019-09-05,2019090501005442,ILBS,52,39,10,449.00,"4,490.00"
2019-09-05,2019090501005781,JBBL,47,46,10,165.00,"1,650.00"
2019-09-05,2019090501005766,JBBL,47,47,52,163.00,"8,476.00"
2019-09-05,2019090501005616,JBBL,47,46,10,165.00,"1,650.00"
2019-09-05,2019090501005573,JBBL,47,58,150,164.00,"24,600.00"
2019-09-05,2019090501005549,JBBL,47,6,220,163.00,"35,860.00"
2019-09-05,2019090501005548,JBBL,47,58,10,163.00,"1,630.00"
2019-09-05,2019090501005547,JBBL,47,44,500,163.00,"81,500.00"
2019-09-05,2019090501005600,JFL,6,26,330,190.00,"62,700.00"
2019-09-05,2019090501005688,KBL,48,43,200,203.00,"40,600.00"
2019-09-05,2019090501005653,KBL,50,43,717,202.00,"144,834.00"
2019-09-05,2019090501005652,KBL,14,43,100,202.00,"20,200.00"
2019-09-05,2019090501005651,KBL,38,43,50,202.00,"10,100.00"
2019-09-05,2019090501005650,KBL,56,43,450,202.00,"90,900.00"
2019-09-05,2019090501005308,KBL,43,48,30,203.00,"6,090.00"
2019-09-05,2019090501005307,KBL,58,48,100,203.00,"20,300.00"
2019-09-05,2019090501005306,KBL,13,48,100,203.00,"20,300.00"
2019-09-05,2019090501005305,KBL,41,48,50,203.00,"10,150.00"
2019-09-05,2019090501005522,KBL,56,44,28,202.00,"5,656.00"
2019-09-05,2019090501005458,KBL,14,43,200,203.00,"40,600.00"
2019-09-05,2019090501005398,KBL,56,58,500,202.00,"101,000.00"
2019-09-05,2019090501005392,KBL,14,32,882,203.00,"179,046.00"
2019-09-05,2019090501005371,KBL,56,48,472,202.00,"95,344.00"
2019-09-05,2019090501005370,KBL,43,48,50,202.00,"10,100.00"
2019-09-05,2019090501005649,KBL,57,43,55,202.00,"11,110.00"
2019-09-05,2019090501005648,KBL,44,43,"4,628",202.00,"934,856.00"
2019-09-05,2019090501005637,KBL,18,43,10,203.00,"2,030.00"
2019-09-05,2019090501005525,KBL,44,44,372,202.00,"75,144.00"
2019-09-05,2019090501005524,KBL,21,44,100,202.00,"20,200.00"
2019-09-05,2019090501005523,KBL,26,44,500,202.00,"101,000.00"
2019-09-05,2019090501005301,KSBBL,1,34,70,145.00,"10,150.00"
2019-09-05,2019090501005666,LBBL,17,13,500,176.00,"88,000.00"
2019-09-05,2019090501005665,LBBL,42,13,"1,000",176.00,"176,000.00"
2019-09-05,2019090501005664,LBBL,58,13,100,176.00,"17,600.00"
2019-09-05,2019090501005663,LBBL,33,13,500,176.00,"88,000.00"
2019-09-05,2019090501005662,LBBL,21,13,50,176.00,"8,800.00"
2019-09-05,2019090501005661,LBBL,19,13,100,176.00,"17,600.00"
2019-09-05,2019090501005660,LBBL,6,13,30,176.00,"5,280.00"
2019-09-05,2019090501005659,LBBL,35,13,100,176.00,"17,600.00"
2019-09-05,2019090501005658,LBBL,44,13,500,176.00,"88,000.00"
2019-09-05,2019090501005439,LGIL,59,26,25,383.00,"9,575.00"
2019-09-05,2019090501005438,LGIL,13,26,12,383.00,"4,596.00"
2019-09-05,2019090501005597,LICN,25,35,10,"1,024.00","10,240.00"
2019-09-05,2019090501005348,LICN,14,14,250,"1,016.00","254,000.00"
2019-09-05,2019090501005347,LICN,50,14,30,"1,018.00","30,540.00"
2019-09-05,2019090501005719,MBL,39,38,113,256.00,"28,928.00"
2019-09-05,2019090501005718,MBL,21,38,300,256.00,"76,800.00"
2019-09-05,2019090501005717,MBL,49,38,500,256.00,"128,000.00"
2019-09-05,2019090501005716,MBL,4,38,87,256.00,"22,272.00"
2019-09-05,2019090501005739,MEGA,5,11,214,201.00,"43,014.00"
2019-09-05,2019090501005318,MEGA,51,35,100,202.00,"20,200.00"
2019-09-05,2019090501005727,MEGA,43,35,10,202.00,"2,020.00"
2019-09-05,2019090501005647,MEGA,49,35,731,201.00,"146,931.00"
2019-09-05,2019090501005738,MEGA,59,11,100,201.00,"20,100.00"
2019-09-05,2019090501005737,MEGA,21,11,500,201.00,"100,500.00"
2019-09-05,2019090501005736,MEGA,50,11,950,201.00,"190,950.00"
2019-09-05,2019090501005735,MEGA,57,11,20,201.00,"4,020.00"
2019-09-05,2019090501005734,MEGA,14,11,"1,000",201.00,"201,000.00"
2019-09-05,2019090501005733,MEGA,49,11,216,201.00,"43,416.00"
2019-09-05,2019090501005339,MERO,19,6,267,569.00,"151,923.00"
2019-09-05,2019090501005408,MHNL,25,39,20,87.00,"1,740.00"
2019-09-05,2019090501005407,MHNL,37,39,20,87.00,"1,740.00"
2019-09-05,2019090501005571,MLBBL,45,45,3,452.00,"1,356.00"
2019-09-05,2019090501005538,MLBL,34,13,200,212.00,"42,400.00"
2019-09-05,2019090501005537,MLBL,40,13,34,212.00,"7,208.00"
2019-09-05,2019090501005721,MNBBL,14,6,300,320.00,"96,000.00"
2019-09-05,2019090501005570,MNBBL,14,38,600,320.00,"192,000.00"
2019-09-05,2019090501005795,NABIL,52,55,20,780.00,"15,600.00"
2019-09-05,2019090501005793,NABIL,21,38,69,778.00,"53,682.00"
2019-09-05,2019090501005792,NABIL,16,38,39,779.00,"30,381.00"
2019-09-05,2019090501005655,NABIL,16,11,146,779.00,"113,734.00"
2019-09-05,2019090501005654,NABIL,16,40,570,779.00,"444,030.00"
2019-09-05,2019090501005421,NABIL,21,26,56,778.00,"43,568.00"
2019-09-05,2019090501005642,NADEP,32,38,160,458.00,"73,280.00"
2019-09-05,2019090501005641,NADEP,11,38,10,458.00,"4,580.00"
2019-09-05,2019090501005640,NADEP,35,38,30,459.00,"13,770.00"
2019-09-05,2019090501005560,NADEP,55,38,40,464.00,"18,560.00"
2019-09-05,2019090501005559,NADEP,55,26,20,464.00,"9,280.00"
2019-09-05,2019090501005696,NBB,40,34,335,213.00,"71,355.00"
2019-09-05,2019090501005695,NBB,42,34,200,213.00,"42,600.00"
2019-09-05,2019090501005694,NBB,13,34,50,213.00,"10,650.00"
2019-09-05,2019090501005693,NBB,57,34,450,213.00,"95,850.00"
2019-09-05,2019090501005492,NBB,41,38,100,213.00,"21,300.00"
2019-09-05,2019090501005491,NBB,38,38,50,213.00,"10,650.00"
2019-09-05,2019090501005461,NBB,51,36,50,214.00,"10,700.00"
2019-09-05,2019090501005460,NBB,13,36,787,214.00,"168,418.00"
2019-09-05,2019090501005529,NBB,25,36,100,214.00,"21,400.00"
2019-09-05,2019090501005493,NBB,57,38,50,213.00,"10,650.00"
2019-09-05,2019090501005789,NBL,33,53,10,321.00,"3,210.00"
2019-09-05,2019090501005780,NBL,34,41,73,320.00,"23,360.00"
2019-09-05,2019090501005779,NBL,5,41,77,320.00,"24,640.00"
2019-09-05,2019090501005646,NBL,5,42,173,320.00,"55,360.00"
2019-09-05,2019090501005645,NBL,34,42,427,320.00,"136,640.00"
2019-09-05,2019090501005643,NBL,17,53,500,321.00,"160,500.00"
2019-09-05,2019090501005510,NBL,17,53,40,321.00,"12,840.00"
2019-09-05,2019090501005382,NBL,17,19,260,321.00,"83,460.00"
2019-09-05,2019090501005344,NBL,34,11,107,320.00,"34,240.00"
2019-09-05,2019090501005343,NBL,45,11,30,321.00,"9,630.00"
2019-09-05,2019090501005712,NCCB,33,7,10,204.00,"2,040.00"
2019-09-05,2019090501005449,NCCB,44,57,886,203.00,"179,858.00"
2019-09-05,2019090501005436,NCCB,38,57,302,203.00,"61,306.00"
2019-09-05,2019090501005435,NCCB,38,32,98,203.00,"19,894.00"
2019-09-05,2019090501005423,NHPC,19,21,350,56.00,"19,600.00"
2019-09-05,2019090501005422,NHPC,35,21,500,56.00,"28,000.00"
2019-09-05,2019090501005731,NIB,51,45,39,457.00,"17,823.00"
2019-09-05,2019090501005730,NIB,1,45,61,457.00,"27,877.00"
2019-09-05,2019090501005691,NIB,1,45,25,457.00,"11,425.00"
2019-09-05,2019090501005690,NIB,45,45,50,458.00,"22,900.00"
2019-09-05,2019090501005689,NIB,47,45,25,458.00,"11,450.00"
2019-09-05,2019090501005572,NIBPO,20,42,200,430.00,"86,000.00"
2019-09-05,2019090501005796,NICA,46,44,40,449.00,"17,960.00"
2019-09-05,2019090501005580,NICA,48,33,186,447.00,"83,142.00"
2019-09-05,2019090501005486,NICA,41,44,200,448.00,"89,600.00"
2019-09-05,2019090501005485,NICA,5,44,250,448.00,"112,000.00"
2019-09-05,2019090501005484,NICA,34,44,300,448.00,"134,400.00"
2019-09-05,2019090501005483,NICA,46,44,50,448.00,"22,400.00"
2019-09-05,2019090501005476,NICA,49,44,950,449.00,"426,550.00"
2019-09-05,2019090501005457,NICA,49,45,340,449.00,"152,660.00"
2019-09-05,2019090501005482,NICA,37,44,50,448.00,"22,400.00"
2019-09-05,2019090501005481,NICA,49,44,100,448.00,"44,800.00"
2019-09-05,2019090501005480,NICA,38,44,103,448.00,"46,144.00"
2019-09-05,2019090501005479,NICA,49,44,100,448.00,"44,800.00"
2019-09-05,2019090501005478,NICA,8,44,200,448.00,"89,600.00"
2019-09-05,2019090501005477,NICA,42,44,"2,252",448.00,"1,008,896.00"
2019-09-05,2019090501005778,NICL,43,56,10,289.00,"2,890.00"
2019-09-05,2019090501005720,NICL,39,32,318,287.00,"91,266.00"
2019-09-05,2019090501005671,NICL,39,50,190,286.00,"54,340.00"
2019-09-05,2019090501005607,NICL,21,26,100,285.00,"28,500.00"
2019-09-05,2019090501005588,NICL,43,50,10,286.00,"2,860.00"
2019-09-05,2019090501005487,NICL,49,22,300,284.00,"85,200.00"
2019-09-05,2019090501005705,NIL,39,38,10,392.00,"3,920.00"
2019-09-05,2019090501005472,NLBBL,52,34,27,521.00,"14,067.00"
2019-09-05,2019090501005471,NLBBL,25,34,60,522.00,"31,320.00"
2019-09-05,2019090501005714,NLG,57,6,15,600.00,"9,000.00"
2019-09-05,2019090501005467,NLG,6,51,20,590.00,"11,800.00"
2019-09-05,2019090501005774,NLIC,43,38,15,808.00,"12,120.00"
2019-09-05,2019090501005763,NLIC,57,4,140,807.00,"112,980.00"
2019-09-05,2019090501005762,NLIC,51,4,160,807.00,"129,120.00"
2019-09-05,2019090501005692,NLIC,43,38,35,808.00,"28,280.00"
2019-09-05,2019090501005638,NLIC,43,33,15,808.00,"12,120.00"
2019-09-05,2019090501005452,NLIC,16,44,100,806.00,"80,600.00"
2019-09-05,2019090501005451,NLIC,39,44,29,806.00,"23,374.00"
2019-09-05,2019090501005450,NLIC,45,44,100,807.00,"80,700.00"
2019-09-05,2019090501005332,NLIC,39,4,50,810.00,"40,500.00"
2019-09-05,2019090501005617,NLICL,43,25,10,543.00,"5,430.00"
2019-09-05,2019090501005399,NMBHF1,34,4,630,9.58,"6,035.40"
2019-09-05,2019090501005748,NMFBS,49,58,10,"1,651.00","16,510.00"
2019-09-05,2019090501005747,NMFBS,49,16,15,"1,651.00","24,765.00"
2019-09-05,2019090501005723,NMFBS,58,34,10,"1,636.00","16,360.00"
2019-09-05,2019090501005722,NMFBS,58,33,50,"1,636.00","81,800.00"
2019-09-05,2019090501005683,NMFBS,49,33,50,"1,636.00","81,800.00"
2019-09-05,2019090501005618,NMFBS,45,21,10,"1,620.00","16,200.00"
2019-09-05,2019090501005500,NMFBS,33,55,20,"1,635.00","32,700.00"
2019-09-05,2019090501005509,NNLB,26,34,30,444.00,"13,320.00"
2019-09-05,2019090501005680,NTC,43,46,10,651.00,"6,510.00"
2019-09-05,2019090501005558,NTC,34,34,100,641.00,"64,100.00"
2019-09-05,2019090501005454,NTC,41,4,60,650.00,"39,000.00"
2019-09-05,2019090501005557,NTC,38,34,30,643.00,"19,290.00"
2019-09-05,2019090501005556,NTC,52,34,100,643.00,"64,300.00"
2019-09-05,2019090501005555,NTC,38,34,50,644.00,"32,200.00"
2019-09-05,2019090501005554,NTC,45,34,20,644.00,"12,880.00"
2019-09-05,2019090501005773,NUBL,42,11,100,856.00,"85,600.00"
2019-09-05,2019090501005561,NUBL,34,33,425,860.00,"365,500.00"
2019-09-05,2019090501005503,NUBL,34,54,920,860.00,"791,200.00"
2019-09-05,2019090501005502,NUBL,6,54,80,862.00,"68,960.00"
2019-09-05,2019090501005713,OHL,42,38,10,566.00,"5,660.00"
2019-09-05,2019090501005750,PCBL,17,57,200,273.00,"54,600.00"
2019-09-05,2019090501005532,PCBL,17,32,200,273.00,"54,600.00"
2019-09-05,2019090501005475,PCBL,38,58,100,274.00,"27,400.00"
2019-09-05,2019090501005474,PCBL,6,58,11,274.00,"3,014.00"
2019-09-05,2019090501005473,PCBL,37,58,82,274.00,"22,468.00"
2019-09-05,2019090501005384,PCBL,59,26,100,275.00,"27,500.00"
2019-09-05,2019090501005782,PIC,42,20,100,415.00,"41,500.00"
2019-09-05,2019090501005619,PIC,6,56,32,410.00,"13,120.00"
2019-09-05,2019090501005635,PICL,6,26,30,450.00,"13,500.00"
2019-09-05,2019090501005349,PICL,6,26,26,445.00,"11,570.00"
2019-09-05,2019090501005613,PPCL,6,39,10,106.00,"1,060.00"
2019-09-05,2019090501005545,PPCL,6,25,20,106.00,"2,120.00"
2019-09-05,2019090501005434,PPCL,6,21,30,104.00,"3,120.00"
2019-09-05,2019090501005433,PPCL,6,21,30,104.00,"3,120.00"
2019-09-05,2019090501005432,PPCL,6,26,30,104.00,"3,120.00"
2019-09-05,2019090501005431,PPCL,6,21,30,104.00,"3,120.00"
2019-09-05,2019090501005430,PPCL,6,21,20,104.00,"2,080.00"
2019-09-05,2019090501005411,PPCL,6,47,30,102.00,"3,060.00"
2019-09-05,2019090501005770,PRVU,33,32,64,267.00,"17,088.00"
2019-09-05,2019090501005769,PRVU,50,32,320,267.00,"85,440.00"
2019-09-05,2019090501005611,PRVU,50,42,180,267.00,"48,060.00"
2019-09-05,2019090501005610,PRVU,42,42,800,267.00,"213,600.00"
2019-09-05,2019090501005609,PRVU,19,42,20,267.00,"5,340.00"
2019-09-05,2019090501005744,RADHI,35,42,11,135.00,"1,485.00"
2019-09-05,2019090501005743,RADHI,22,25,10,138.00,"1,380.00"
2019-09-05,2019090501005732,RBCLPO,25,44,10,"7,990.00","79,900.00"
2019-09-05,2019090501005698,RBCLPO,1,33,10,"7,920.00","79,200.00"
2019-09-05,2019090501005794,RHPL,35,42,10,173.00,"1,730.00"
2019-09-05,2019090501005761,RHPL,36,7,400,172.00,"68,800.00"
2019-09-05,2019090501005728,RHPL,40,7,20,172.00,"3,440.00"
2019-09-05,2019090501005726,RHPL,41,49,40,171.00,"6,840.00"
2019-09-05,2019090501005715,RHPL,41,44,40,171.00,"6,840.00"
2019-09-05,2019090501005709,RHPL,41,20,30,171.00,"5,130.00"
2019-09-05,2019090501005319,RHPL,45,34,40,172.00,"6,880.00"
2019-09-05,2019090501005357,RHPL,8,44,40,172.00,"6,880.00"
2019-09-05,2019090501005345,RHPL,47,42,600,173.00,"103,800.00"
2019-09-05,2019090501005340,RHPL,8,34,40,172.00,"6,880.00"
2019-09-05,2019090501005334,RHPL,8,49,40,172.00,"6,880.00"
2019-09-05,2019090501005333,RHPL,45,49,10,172.00,"1,720.00"
2019-09-05,2019090501005326,RHPL,45,49,40,172.00,"6,880.00"
2019-09-05,2019090501005425,RHPL,26,44,40,172.00,"6,880.00"
2019-09-05,2019090501005385,RHPL,26,34,40,172.00,"6,880.00"
2019-09-05,2019090501005373,RHPL,26,36,200,172.00,"34,400.00"
2019-09-05,2019090501005372,RHPL,8,36,300,172.00,"51,600.00"
2019-09-05,2019090501005369,RHPL,8,49,40,172.00,"6,880.00"
2019-09-05,2019090501005361,RHPL,8,34,40,172.00,"6,880.00"
2019-09-05,2019090501005520,RHPL,40,42,40,173.00,"6,920.00"
2019-09-05,2019090501005513,RHPL,26,45,30,172.00,"5,160.00"
2019-09-05,2019090501005496,RHPL,26,34,40,172.00,"6,880.00"
2019-09-05,2019090501005495,RHPL,26,44,40,172.00,"6,880.00"
2019-09-05,2019090501005459,RHPL,26,39,30,172.00,"5,160.00"
2019-09-05,2019090501005453,RHPL,26,34,40,172.00,"6,880.00"
2019-09-05,2019090501005608,RHPL,45,49,40,172.00,"6,880.00"
2019-09-05,2019090501005599,RHPL,45,44,40,172.00,"6,880.00"
2019-09-05,2019090501005589,RHPL,25,42,50,173.00,"8,650.00"
2019-09-05,2019090501005581,RHPL,40,42,285,173.00,"49,305.00"
2019-09-05,2019090501005574,RHPL,40,42,100,173.00,"17,300.00"
2019-09-05,2019090501005527,RHPL,26,49,40,172.00,"6,880.00"
2019-09-05,2019090501005675,RHPL,48,42,200,172.00,"34,400.00"
2019-09-05,2019090501005674,RHPL,34,42,100,172.00,"17,200.00"
2019-09-05,2019090501005673,RHPL,40,42,"1,200",172.00,"206,400.00"
2019-09-05,2019090501005672,RHPL,45,42,380,172.00,"65,360.00"
2019-09-05,2019090501005636,RHPL,45,45,40,172.00,"6,880.00"
2019-09-05,2019090501005622,RHPL,40,42,80,173.00,"13,840.00"
2019-09-05,2019090501005699,RHPL,40,7,80,172.00,"13,760.00"
2019-09-05,2019090501005697,RHPL,1,7,500,172.00,"86,000.00"
2019-09-05,2019090501005679,RHPL,35,42,"1,000",172.00,"172,000.00"
2019-09-05,2019090501005678,RHPL,36,42,300,172.00,"51,600.00"
2019-09-05,2019090501005677,RHPL,13,42,"1,200",172.00,"206,400.00"
2019-09-05,2019090501005676,RHPL,59,42,500,172.00,"86,000.00"
2019-09-05,2019090501005368,RMDC,34,50,525,660.00,"346,500.00"
2019-09-05,2019090501005768,SABSL,6,29,10,506.00,"5,060.00"
2019-09-05,2019090501005767,SABSL,44,47,10,504.00,"5,040.00"
2019-09-05,2019090501005742,SABSL,44,58,460,504.00,"231,840.00"
2019-09-05,2019090501005741,SABSL,47,58,30,505.00,"15,150.00"
2019-09-05,2019090501005740,SABSL,34,58,10,505.00,"5,050.00"
2019-09-05,2019090501005708,SABSL,5,29,10,506.00,"5,060.00"
2019-09-05,2019090501005508,SABSL,40,48,10,508.00,"5,080.00"
2019-09-05,2019090501005505,SABSL,16,59,10,506.00,"5,060.00"
2019-09-05,2019090501005670,SABSL,5,29,10,506.00,"5,060.00"
2019-09-05,2019090501005621,SABSL,5,29,10,506.00,"5,060.00"
2019-09-05,2019090501005590,SABSL,5,29,10,506.00,"5,060.00"
2019-09-05,2019090501005582,SABSL,5,39,10,506.00,"5,060.00"
2019-09-05,2019090501005550,SABSL,16,29,10,506.00,"5,060.00"
2019-09-05,2019090501005533,SABSL,16,39,10,506.00,"5,060.00"
2019-09-05,2019090501005703,SANIMA,39,43,57,355.00,"20,235.00"
2019-09-05,2019090501005702,SANIMA,39,14,43,355.00,"15,265.00"
2019-09-05,2019090501005604,SBI,44,21,100,444.00,"44,400.00"
2019-09-05,2019090501005507,SBI,44,13,90,444.00,"39,960.00"
2019-09-05,2019090501005669,SBL,17,32,54,319.00,"17,226.00"
2019-09-05,2019090501005668,SBL,17,49,30,318.00,"9,540.00"
2019-09-05,2019090501005667,SBL,17,6,116,316.00,"36,656.00"
2019-09-05,2019090501005615,SBL,44,6,50,316.00,"15,800.00"
2019-09-05,2019090501005614,SBL,21,6,70,316.00,"22,120.00"
2019-09-05,2019090501005542,SBL,21,39,30,316.00,"9,480.00"
2019-09-05,2019090501005541,SBL,17,39,100,316.00,"31,600.00"
2019-09-05,2019090501005579,SDESI,49,35,100,627.00,"62,700.00"
2019-09-05,2019090501005578,SDESI,44,35,500,627.00,"313,500.00"
2019-09-05,2019090501005577,SDESI,36,35,20,627.00,"12,540.00"
2019-09-05,2019090501005576,SDESI,59,35,50,628.00,"31,400.00"
2019-09-05,2019090501005575,SDESI,14,35,296,628.00,"185,888.00"
2019-09-05,2019090501005536,SDESI,14,41,35,628.00,"21,980.00"
2019-09-05,2019090501005489,SDESI,14,45,50,628.00,"31,400.00"
2019-09-05,2019090501005787,SFFIL,52,6,181,248.00,"44,888.00"
2019-09-05,2019090501005586,SFFIL,52,33,19,248.00,"4,712.00"
2019-09-05,2019090501005585,SFFIL,14,33,50,248.00,"12,400.00"
2019-09-05,2019090501005584,SFFIL,14,33,100,248.00,"24,800.00"
2019-09-05,2019090501005583,SFFIL,4,33,35,249.00,"8,715.00"
2019-09-05,2019090501005310,SFFIL,22,42,100,251.00,"25,100.00"
2019-09-05,2019090501005632,SHIVM,45,21,500,542.00,"271,000.00"
2019-09-05,2019090501005526,SHIVM,29,44,260,542.00,"140,920.00"
2019-09-05,2019090501005427,SHIVM,57,44,200,542.00,"108,400.00"
2019-09-05,2019090501005393,SHIVM,26,18,200,540.00,"108,000.00"
2019-09-05,2019090501005356,SHIVM,26,58,200,540.00,"108,000.00"
2019-09-05,2019090501005355,SHIVM,3,58,50,540.00,"27,000.00"
2019-09-05,2019090501005354,SHIVM,3,19,30,540.00,"16,200.00"
2019-09-05,2019090501005353,SHIVM,58,19,50,540.00,"27,000.00"
2019-09-05,2019090501005352,SHIVM,26,19,40,540.00,"21,600.00"
2019-09-05,2019090501005351,SHIVM,45,19,80,540.00,"43,200.00"
2019-09-05,2019090501005350,SHIVM,5,19,100,541.00,"54,100.00"
2019-09-05,2019090501005335,SHIVM,58,44,300,542.00,"162,600.00"
2019-09-05,2019090501005504,SHL,26,17,500,222.00,"111,000.00"
2019-09-05,2019090501005465,SHL,52,17,100,222.00,"22,200.00"
2019-09-05,2019090501005464,SHL,22,17,100,222.00,"22,200.00"
2019-09-05,2019090501005463,SHL,45,17,200,222.00,"44,400.00"
2019-09-05,2019090501005462,SHL,48,17,200,222.00,"44,400.00"
2019-09-05,2019090501005498,SHPC,59,55,30,213.00,"6,390.00"
2019-09-05,2019090501005497,SHPC,41,55,180,213.00,"38,340.00"
2019-09-05,2019090501005598,SICL,57,35,10,780.00,"7,800.00"
2019-09-05,2019090501005381,SICL,35,35,"3,934",765.00,"3,009,510.00"
2019-09-05,2019090501005346,SICL,35,35,66,765.00,"50,490.00"
2019-09-05,2019090501005634,SIL,21,49,10,403.00,"4,030.00"
2019-09-05,2019090501005569,SIL,25,49,10,403.00,"4,030.00"
2019-09-05,2019090501005772,SJCL,40,42,40,190.00,"7,600.00"
2019-09-05,2019090501005771,SJCL,40,45,20,189.00,"3,780.00"
2019-09-05,2019090501005760,SJCL,17,44,20,188.00,"3,760.00"
2019-09-05,2019090501005746,SJCL,17,20,10,188.00,"1,880.00"
2019-09-05,2019090501005745,SJCL,25,20,10,189.00,"1,890.00"
2019-09-05,2019090501005311,SJCL,29,49,20,189.00,"3,780.00"
2019-09-05,2019090501005309,SJCL,29,44,10,189.00,"1,890.00"
2019-09-05,2019090501005521,SJCL,29,45,20,189.00,"3,780.00"
2019-09-05,2019090501005494,SJCL,29,39,20,189.00,"3,780.00"
2019-09-05,2019090501005446,SJCL,29,44,20,189.00,"3,780.00"
2019-09-05,2019090501005383,SJCL,29,49,20,189.00,"3,780.00"
2019-09-05,2019090501005380,SJCL,29,44,10,189.00,"1,890.00"
2019-09-05,2019090501005336,SJCL,29,49,20,189.00,"3,780.00"
2019-09-05,2019090501005625,SJCL,29,42,"3,690",189.00,"697,410.00"
2019-09-05,2019090501005594,SJCL,29,49,20,189.00,"3,780.00"
2019-09-05,2019090501005562,SJCL,58,42,100,190.00,"19,000.00"
2019-09-05,2019090501005551,SJCL,40,42,120,190.00,"22,800.00"
2019-09-05,2019090501005544,SJCL,29,49,20,189.00,"3,780.00"
2019-09-05,2019090501005530,SJCL,29,44,20,189.00,"3,780.00"
2019-09-05,2019090501005639,SJCL,40,42,20,190.00,"3,800.00"
2019-09-05,2019090501005633,SJCL,25,49,20,189.00,"3,780.00"
2019-09-05,2019090501005631,SJCL,25,44,20,189.00,"3,780.00"
2019-09-05,2019090501005626,SJCL,29,42,630,189.00,"119,070.00"
2019-09-05,2019090501005568,SKBBL,34,44,"1,185",966.00,"1,144,710.00"
2019-09-05,2019090501005765,SLBBL,42,43,100,560.00,"56,000.00"
2019-09-05,2019090501005682,SLBBL,57,43,50,560.00,"28,000.00"
2019-09-05,2019090501005553,SLBBL,6,43,50,560.00,"28,000.00"
2019-09-05,2019090501005552,SLBBL,1,43,100,560.00,"56,000.00"
2019-09-05,2019090501005790,SLBSL,38,49,10,742.00,"7,420.00"
2019-09-05,2019090501005759,SLBSL,54,38,100,736.00,"73,600.00"
2019-09-05,2019090501005758,SLBSL,25,38,100,736.00,"73,600.00"
2019-09-05,2019090501005757,SLBSL,52,38,100,737.00,"73,700.00"
2019-09-05,2019090501005756,SLBSL,58,38,20,738.00,"14,760.00"
2019-09-05,2019090501005755,SLBSL,58,38,40,738.00,"29,520.00"
2019-09-05,2019090501005409,SLBSL,52,49,10,742.00,"7,420.00"
2019-09-05,2019090501005519,SLICL,21,34,400,292.00,"116,800.00"
2019-09-05,2019090501005325,SLICL,44,21,10,289.00,"2,890.00"
2019-09-05,2019090501005777,SMFBS,34,33,200,815.00,"163,000.00"
2019-09-05,2019090501005776,SMFBS,34,42,10,814.00,"8,140.00"
2019-09-05,2019090501005775,SMFBS,34,52,10,813.00,"8,130.00"
2019-09-05,2019090501005704,SMFBS,57,38,10,812.00,"8,120.00"
2019-09-05,2019090501005624,SMFBS,32,57,30,808.00,"24,240.00"
2019-09-05,2019090501005300,SMFBS,32,49,30,808.00,"24,240.00"
2019-09-05,2019090501005456,SMFDB,33,34,30,530.00,"15,900.00"
2019-09-05,2019090501005367,SMFDB,33,49,20,530.00,"10,600.00"
2019-09-05,2019090501005791,SPARS,45,45,10,590.00,"5,900.00"
2019-09-05,2019090501005656,SPARS,13,35,10,590.00,"5,900.00"
2019-09-05,2019090501005470,SPARS,34,19,40,580.00,"23,200.00"
2019-09-05,2019090501005469,SPARS,22,19,10,582.00,"5,820.00"
2019-09-05,2019090501005468,SPARS,34,19,50,582.00,"29,100.00"
2019-09-05,2019090501005455,SPARS,13,49,10,585.00,"5,850.00"
2019-09-05,2019090501005543,SRBL,34,48,700,238.00,"166,600.00"
2019-09-05,2019090501005518,SRBL,34,55,200,238.00,"47,600.00"
2019-09-05,2019090501005517,SRBL,34,35,100,238.00,"23,800.00"
2019-09-05,2019090501005366,SRBL,14,25,200,236.00,"47,200.00"
2019-09-05,2019090501005447,SWBBL,34,50,185,925.00,"171,125.00"
2019-09-05,2019090501005429,SWBBL,34,33,47,925.00,"43,475.00"
2019-09-05,2019090501005428,SWBBL,48,33,85,926.00,"78,710.00"
2019-09-05,2019090501005784,UIC,19,47,80,286.00,"22,880.00"
2019-09-05,2019090501005528,UIC,19,49,18,286.00,"5,148.00"
2019-09-05,2019090501005764,UMHL,48,52,200,104.00,"20,800.00"
2019-09-05,2019090501005788,UPCL,52,21,40,85.00,"3,400.00"
2019-09-05,2019090501005501,UPCL,37,41,150,84.00,"12,600.00"
2019-09-05,2019090501005684,UPPER,21,34,200,245.00,"49,000.00"
2019-09-05,2019090501005315,UPPER,37,25,360,246.00,"88,560.00"
2019-09-05,2019090501005312,UPPER,37,28,40,246.00,"9,840.00"
2019-09-05,2019090501005379,UPPER,49,39,20,245.00,"4,900.00"
2019-09-05,2019090501005378,UPPER,29,39,500,245.00,"122,500.00"
2019-09-05,2019090501005377,UPPER,45,39,50,245.00,"12,250.00"
2019-09-05,2019090501005376,UPPER,43,39,10,246.00,"2,460.00"
2019-09-05,2019090501005317,UPPER,43,25,90,246.00,"22,140.00"
2019-09-05,2019090501005316,UPPER,49,25,50,246.00,"12,300.00"
2019-09-05,2019090501005535,UPPER,21,33,25,245.00,"6,125.00"
2019-09-05,2019090501005506,UPPER,21,58,300,245.00,"73,500.00"
2019-09-05,2019090501005406,UPPER,21,25,50,245.00,"12,250.00"
2019-09-05,2019090501005405,UPPER,58,25,50,245.00,"12,250.00"
2019-09-05,2019090501005404,UPPER,57,25,200,245.00,"49,000.00"
2019-09-05,2019090501005403,UPPER,34,25,200,245.00,"49,000.00"
2019-09-05,2019090501005263,ADBL,57,44,50,425.00,"21,250.00"
2019-09-05,2019090501005262,ADBL,46,44,50,425.00,"21,250.00"
2019-09-05,2019090501005261,ADBL,46,44,50,425.00,"21,250.00"
2019-09-05,2019090501004967,ADBL,38,14,50,426.00,"21,300.00"
2019-09-05,2019090501004855,ADBL,44,50,300,425.00,"127,500.00"
2019-09-05,2019090501004854,ADBL,7,50,100,425.00,"42,500.00"
2019-09-05,2019090501004853,ADBL,57,50,94,425.00,"39,950.00"
2019-09-05,2019090501004821,ADBL,57,51,406,425.00,"172,550.00"
2019-09-05,2019090501004820,ADBL,44,51,20,425.00,"8,500.00"
2019-09-05,2019090501004819,ADBL,44,51,20,425.00,"8,500.00"
2019-09-05,2019090501004818,ADBL,10,51,500,425.00,"212,500.00"
2019-09-05,2019090501004817,ADBL,11,51,54,425.00,"22,950.00"
2019-09-05,2019090501004809,AKJCL,48,55,80,60.00,"4,800.00"
2019-09-05,2019090501005079,AKPL,43,57,25,148.00,"3,700.00"
2019-09-05,2019090501005078,AKPL,53,57,947,148.00,"140,156.00"
2019-09-05,2019090501004885,AKPL,8,40,100,149.00,"14,900.00"
2019-09-05,2019090501005166,ALBSL,45,45,10,449.00,"4,490.00"
2019-09-05,2019090501005163,ALBSL,52,48,10,448.00,"4,480.00"
2019-09-05,2019090501005099,ALBSL,52,33,10,448.00,"4,480.00"
2019-09-05,2019090501005088,ALBSL,42,48,10,450.00,"4,500.00"
2019-09-05,2019090501005000,ALBSL,42,25,70,450.00,"31,500.00"
2019-09-05,2019090501004933,ALBSL,42,38,10,450.00,"4,500.00"
2019-09-05,2019090501004837,ALBSL,6,13,50,451.00,"22,550.00"
2019-09-05,2019090501005179,ALICL,28,22,300,329.00,"98,700.00"
2019-09-05,2019090501005121,ALICL,16,6,40,330.00,"13,200.00"
2019-09-05,2019090501005038,ALICL,16,6,260,330.00,"85,800.00"
2019-09-05,2019090501005291,API,25,44,150,115.00,"17,250.00"
2019-09-05,2019090501005280,API,25,25,50,114.00,"5,700.00"
2019-09-05,2019090501005251,API,25,56,"2,540",112.00,"284,480.00"
2019-09-05,2019090501005224,API,43,56,200,112.00,"22,400.00"
2019-09-05,2019090501005223,API,6,56,"1,000",112.00,"112,000.00"
2019-09-05,2019090501005222,API,56,56,"2,000",112.00,"224,000.00"
2019-09-05,2019090501004908,API,25,14,40,115.00,"4,600.00"
2019-09-05,2019090501004901,API,55,25,"1,000",114.00,"114,000.00"
2019-09-05,2019090501005221,API,43,56,200,112.00,"22,400.00"
2019-09-05,2019090501005220,API,39,56,100,112.00,"11,200.00"
2019-09-05,2019090501005219,API,56,56,500,112.00,"56,000.00"
2019-09-05,2019090501005218,API,13,56,210,112.00,"23,520.00"
2019-09-05,2019090501005202,API,59,56,50,113.00,"5,650.00"
2019-09-05,2019090501005201,API,37,56,200,113.00,"22,600.00"
2019-09-05,2019090501005294,BOKL,34,39,700,261.00,"182,700.00"
2019-09-05,2019090501005192,BOKL,34,52,100,261.00,"26,100.00"
2019-09-05,2019090501005127,BOKL,34,57,70,261.00,"18,270.00"
2019-09-05,2019090501005081,BOKL,34,17,400,261.00,"104,400.00"
2019-09-05,2019090501005059,BOKL,34,59,223,261.00,"58,203.00"
2019-09-05,2019090501004950,BOKL,28,34,15,262.00,"3,930.00"
2019-09-05,2019090501004882,BOKL,34,41,500,261.00,"130,500.00"
2019-09-05,2019090501004841,BOKL,36,34,12,262.00,"3,144.00"
2019-09-05,2019090501004894,BPCL,17,46,405,378.00,"153,090.00"
2019-09-05,2019090501004893,BPCL,37,46,50,378.00,"18,900.00"
2019-09-05,2019090501004892,BPCL,43,46,100,378.00,"37,800.00"
2019-09-05,2019090501004867,BPCL,38,46,200,380.00,"76,000.00"
2019-09-05,2019090501004866,BPCL,56,46,200,380.00,"76,000.00"
2019-09-05,2019090501004865,BPCL,32,46,45,380.00,"17,100.00"
2019-09-05,2019090501005279,CBBL,34,51,400,980.00,"392,000.00"
2019-09-05,2019090501005164,CBBL,44,22,50,978.00,"48,900.00"
2019-09-05,2019090501004969,CBBL,44,53,200,978.00,"195,600.00"
2019-09-05,2019090501004869,CBBL,57,57,"1,198",979.00,"1,172,842.00"
2019-09-05,2019090501004935,CBBL,44,49,25,978.00,"24,450.00"
2019-09-05,2019090501005268,CBL,52,52,50,148.00,"7,400.00"
2019-09-05,2019090501005267,CBL,6,52,150,148.00,"22,200.00"
2019-09-05,2019090501005266,CBL,42,52,500,148.00,"74,000.00"
2019-09-05,2019090501005265,CBL,42,52,"1,254",148.00,"185,592.00"
2019-09-05,2019090501005180,CBL,42,37,14,148.00,"2,072.00"
2019-09-05,2019090501004992,CBL,42,21,232,148.00,"34,336.00"
2019-09-05,2019090501004991,CBL,28,21,100,148.00,"14,800.00"
2019-09-05,2019090501004990,CBL,28,21,100,148.00,"14,800.00"
2019-09-05,2019090501004989,CBL,39,21,68,148.00,"10,064.00"
2019-09-05,2019090501004859,CBL,39,57,109,148.00,"16,132.00"
2019-09-05,2019090501004811,CCBL,11,57,20,159.00,"3,180.00"
2019-09-05,2019090501005047,CHCL,54,58,57,446.00,"25,422.00"
2019-09-05,2019090501005003,CIT,43,11,10,"1,922.00","19,220.00"
2019-09-05,2019090501004879,CIT,28,19,100,"1,920.00","192,000.00"
2019-09-05,2019090501004870,CIT,26,51,10,"1,920.00","19,200.00"
2019-09-05,2019090501004824,CIT,26,51,50,"1,920.00","96,000.00"
2019-09-05,2019090501004804,CIT,6,49,15,"1,915.00","28,725.00"
2019-09-05,2019090501005191,CZBIL,14,37,17,219.00,"3,723.00"
2019-09-05,2019090501005123,CZBIL,14,45,10,219.00,"2,190.00"
2019-09-05,2019090501005013,CZBIL,28,50,15,220.00,"3,300.00"
2019-09-05,2019090501004918,CZBIL,14,6,420,219.00,"91,980.00"
2019-09-05,2019090501004917,CZBIL,44,6,80,219.00,"17,520.00"
2019-09-05,2019090501004902,CZBIL,44,6,300,219.00,"65,700.00"
2019-09-05,2019090501005169,DBBL,56,26,83,131.00,"10,873.00"
2019-09-05,2019090501005168,DBBL,17,26,216,131.00,"28,296.00"
2019-09-05,2019090501005104,EBL,47,34,25,623.00,"15,575.00"
2019-09-05,2019090501004962,EBL,29,34,50,623.00,"31,150.00"
2019-09-05,2019090501004959,EIC,47,11,50,306.00,"15,300.00"
2019-09-05,2019090501004958,EIC,3,11,50,306.00,"15,300.00"
2019-09-05,2019090501004957,EIC,38,11,100,307.00,"30,700.00"
2019-09-05,2019090501004956,EIC,45,11,50,307.00,"15,350.00"
2019-09-05,2019090501004955,EIC,16,11,100,308.00,"30,800.00"
2019-09-05,2019090501004954,EIC,8,11,100,309.00,"30,900.00"
2019-09-05,2019090501004953,EIC,6,11,28,309.00,"8,652.00"
2019-09-05,2019090501005260,FMDBL,42,40,100,380.00,"38,000.00"
2019-09-05,2019090501005259,FMDBL,42,6,36,380.00,"13,680.00"
2019-09-05,2019090501005015,FMDBL,44,34,100,379.00,"37,900.00"
2019-09-05,2019090501004868,FOWAD,35,39,78,"1,315.00","102,570.00"
2019-09-05,2019090501005045,GBBL,17,58,154,214.00,"32,956.00"
2019-09-05,2019090501005044,GBBL,1,58,100,214.00,"21,400.00"
2019-09-05,2019090501005043,GBBL,37,58,100,214.00,"21,400.00"
2019-09-05,2019090501005042,GBBL,17,58,488,214.00,"104,432.00"
2019-09-05,2019090501005041,GBBL,39,58,600,215.00,"129,000.00"
2019-09-05,2019090501005040,GBBL,49,58,548,215.00,"117,820.00"
2019-09-05,2019090501004984,GBBL,49,13,500,215.00,"107,500.00"
2019-09-05,2019090501004904,GBBL,49,29,190,215.00,"40,850.00"
2019-09-05,2019090501005018,GBLBS,36,26,40,338.00,"13,520.00"
2019-09-05,2019090501004973,GBLBS,6,26,15,342.00,"5,130.00"
2019-09-05,2019090501004872,GBLBS,36,16,56,338.00,"18,928.00"
2019-09-05,2019090501004871,GBLBS,40,16,50,338.00,"16,900.00"
2019-09-05,2019090501004836,GBLBS,10,16,100,339.00,"33,900.00"
2019-09-05,2019090501004835,GBLBS,37,16,175,339.00,"59,325.00"
2019-09-05,2019090501004834,GBLBS,44,16,15,339.00,"5,085.00"
2019-09-05,2019090501004833,GBLBS,28,16,30,340.00,"10,200.00"
2019-09-05,2019090501004832,GBLBS,52,16,50,340.00,"17,000.00"
2019-09-05,2019090501004831,GBLBS,48,16,26,340.00,"8,840.00"
2019-09-05,2019090501004828,GBLBS,48,19,74,340.00,"25,160.00"
2019-09-05,2019090501004827,GBLBS,8,19,126,340.00,"42,840.00"
2019-09-05,2019090501004961,GLBSL,42,29,110,480.00,"52,800.00"
2019-09-05,2019090501004876,GLBSL,42,38,10,480.00,"4,800.00"
2019-09-05,2019090501004823,GLBSL,42,38,280,480.00,"134,400.00"
2019-09-05,2019090501004803,GLBSL,42,38,70,480.00,"33,600.00"
2019-09-05,2019090501004932,GLICL,45,58,200,390.00,"78,000.00"
2019-09-05,2019090501004931,GLICL,52,58,200,393.00,"78,600.00"
2019-09-05,2019090501004930,GLICL,22,58,200,394.00,"78,800.00"
2019-09-05,2019090501004929,GLICL,38,58,50,394.00,"19,700.00"
2019-09-05,2019090501005096,GMFBS,40,49,20,512.00,"10,240.00"
2019-09-05,2019090501005049,GUFL,25,28,20,116.00,"2,320.00"
2019-09-05,2019090501005252,HDL,11,38,50,"1,512.00","75,600.00"
2019-09-05,2019090501005189,HGI,43,6,300,294.00,"88,200.00"
2019-09-05,2019090501005176,HGI,22,6,200,295.00,"59,000.00"
2019-09-05,2019090501005154,HIDCL,57,34,79,141.00,"11,139.00"
2019-09-05,2019090501005093,ICFC,8,19,100,162.00,"16,200.00"
2019-09-05,2019090501005092,ICFC,50,19,100,162.00,"16,200.00"
2019-09-05,2019090501004891,ILBS,45,45,10,450.00,"4,500.00"
2019-09-05,2019090501004839,ILBS,52,45,10,449.00,"4,490.00"
2019-09-05,2019090501004845,JBBL,48,52,323,160.00,"51,680.00"
2019-09-05,2019090501004844,JBBL,34,52,50,161.00,"8,050.00"
2019-09-05,2019090501004843,JBBL,34,52,100,161.00,"16,100.00"
2019-09-05,2019090501004842,JBBL,39,52,27,162.00,"4,374.00"
2019-09-05,2019090501004822,JOSHI,41,47,20,64.00,"1,280.00"
2019-09-05,2019090501005214,KBL,26,43,521,203.00,"105,763.00"
2019-09-05,2019090501005213,KBL,46,43,200,203.00,"40,600.00"
2019-09-05,2019090501005212,KBL,56,43,400,203.00,"81,200.00"
2019-09-05,2019090501005211,KBL,13,43,50,203.00,"10,150.00"
2019-09-05,2019090501005210,KBL,56,43,200,203.00,"40,600.00"
2019-09-05,2019090501005209,KBL,45,43,200,203.00,"40,600.00"
2019-09-05,2019090501005208,KBL,25,43,116,203.00,"23,548.00"
2019-09-05,2019090501005207,KBL,56,43,100,203.00,"20,300.00"
2019-09-05,2019090501005206,KBL,28,43,200,203.00,"40,600.00"
2019-09-05,2019090501005205,KBL,56,43,13,203.00,"2,639.00"
2019-09-05,2019090501005181,KBL,49,35,100,204.00,"20,400.00"
2019-09-05,2019090501004883,KBL,13,41,21,203.00,"4,263.00"
2019-09-05,2019090501004909,KPCL,55,41,10,83.00,830.00
2019-09-05,2019090501004910,KPCL,55,58,95,84.00,"7,980.00"
2019-09-05,2019090501005253,KSBBL,1,34,200,145.00,"29,000.00"
2019-09-05,2019090501005145,LBBL,22,13,500,177.00,"88,500.00"
2019-09-05,2019090501005144,LBBL,38,13,500,177.00,"88,500.00"
2019-09-05,2019090501005143,LBBL,35,13,100,177.00,"17,700.00"
2019-09-05,2019090501005142,LBBL,44,13,50,177.00,"8,850.00"
2019-09-05,2019090501005128,LBL,52,19,500,216.00,"108,000.00"
2019-09-05,2019090501005057,LBL,52,52,307,216.00,"66,312.00"
2019-09-05,2019090501005056,LBL,48,52,31,216.00,"6,696.00"
2019-09-05,2019090501005134,LGIL,13,26,88,383.00,"33,704.00"
2019-09-05,2019090501005161,LLBS,57,26,41,707.00,"28,987.00"
2019-09-05,2019090501005160,LLBS,41,26,10,708.00,"7,080.00"
2019-09-05,2019090501005125,LLBS,41,48,210,708.00,"148,680.00"
2019-09-05,2019090501004810,LLBS,22,26,50,721.00,"36,050.00"
2019-09-05,2019090501004850,MDB,33,17,146,238.00,"34,748.00"
2019-09-05,2019090501005290,MEGA,49,19,120,201.00,"24,120.00"
2019-09-05,2019090501005010,MEGA,49,41,158,201.00,"31,758.00"
2019-09-05,2019090501004807,MERO,7,6,500,568.00,"284,000.00"
2019-09-05,2019090501005186,MERO,45,47,100,567.00,"56,700.00"
2019-09-05,2019090501005141,MERO,7,25,187,568.00,"106,216.00"
2019-09-05,2019090501005064,MERO,7,34,100,568.00,"56,800.00"
2019-09-05,2019090501005052,MERO,49,6,20,569.00,"11,380.00"
2019-09-05,2019090501004994,MERO,7,34,113,568.00,"64,184.00"
2019-09-05,2019090501004974,MERO,7,32,100,568.00,"56,800.00"
2019-09-05,2019090501005156,MFIL,29,35,150,127.00,"19,050.00"
2019-09-05,2019090501004857,MHNL,37,22,30,87.00,"2,610.00"
2019-09-05,2019090501005278,MLBL,40,58,66,212.00,"13,992.00"
2019-09-05,2019090501005277,MLBL,40,13,900,212.00,"190,800.00"
2019-09-05,2019090501005188,MLBL,32,13,100,212.00,"21,200.00"
2019-09-05,2019090501005273,MNBBL,14,38,76,318.00,"24,168.00"
2019-09-05,2019090501005272,MNBBL,42,38,50,318.00,"15,900.00"
2019-09-05,2019090501005271,MNBBL,26,38,50,318.00,"15,900.00"
2019-09-05,2019090501005270,MNBBL,45,38,50,318.00,"15,900.00"
2019-09-05,2019090501005269,MNBBL,35,38,10,319.00,"3,190.00"
2019-09-05,2019090501004898,MNBBL,19,43,10,320.00,"3,200.00"
2019-09-05,2019090501004972,MNBBL,28,51,50,321.00,"16,050.00"
2019-09-05,2019090501004900,MNBBL,35,43,90,319.00,"28,710.00"
2019-09-05,2019090501004899,MNBBL,35,43,100,319.00,"31,900.00"
2019-09-05,2019090501005020,MSLB,7,43,20,951.00,"19,020.00"
2019-09-05,2019090501004881,MSMBS,57,29,11,482.00,"5,302.00"
2019-09-05,2019090501004830,MSMBS,57,26,11,482.00,"5,302.00"
2019-09-05,2019090501005242,NABIL,21,43,75,778.00,"58,350.00"
2019-09-05,2019090501005241,NABIL,54,43,25,778.00,"19,450.00"
2019-09-05,2019090501005133,NABIL,54,48,175,778.00,"136,150.00"
2019-09-05,2019090501005132,NABIL,49,48,50,778.00,"38,900.00"
2019-09-05,2019090501005131,NABIL,34,48,50,778.00,"38,900.00"
2019-09-05,2019090501005130,NABIL,6,48,20,779.00,"15,580.00"
2019-09-05,2019090501005129,NABIL,42,48,51,779.00,"39,729.00"
2019-09-05,2019090501005029,NABIL,28,55,20,780.00,"15,600.00"
2019-09-05,2019090501005087,NBB,13,6,613,214.00,"131,182.00"
2019-09-05,2019090501005086,NBB,14,6,100,214.00,"21,400.00"
2019-09-05,2019090501005085,NBB,48,6,142,214.00,"30,388.00"
2019-09-05,2019090501005084,NBB,25,6,200,214.00,"42,800.00"
2019-09-05,2019090501005083,NBB,11,6,200,214.00,"42,800.00"
2019-09-05,2019090501005082,NBB,56,6,700,214.00,"149,800.00"
2019-09-05,2019090501005198,NBL,34,50,"1,000",320.00,"320,000.00"
2019-09-05,2019090501005195,NBL,34,26,100,320.00,"32,000.00"
2019-09-05,2019090501004966,NBL,17,7,30,322.00,"9,660.00"
2019-09-05,2019090501004948,NBL,34,45,366,320.00,"117,120.00"
2019-09-05,2019090501004947,NBL,29,45,234,320.00,"74,880.00"
2019-09-05,2019090501004928,NBL,13,45,300,321.00,"96,300.00"
2019-09-05,2019090501005238,NCCB,44,25,500,203.00,"101,500.00"
2019-09-05,2019090501005182,NCCB,28,25,500,203.00,"101,500.00"
2019-09-05,2019090501005147,NCCB,44,38,798,203.00,"161,994.00"
2019-09-05,2019090501005146,NCCB,44,21,61,203.00,"12,383.00"
2019-09-05,2019090501005102,NCCB,5,50,87,202.00,"17,574.00"
2019-09-05,2019090501005101,NCCB,26,50,300,202.00,"60,600.00"
2019-09-05,2019090501005100,NCCB,3,50,613,202.00,"123,826.00"
2019-09-05,2019090501005061,NCCB,28,21,39,203.00,"7,917.00"
2019-09-05,2019090501005060,NCCB,28,57,461,203.00,"93,583.00"
2019-09-05,2019090501005036,NCCB,28,57,500,203.00,"101,500.00"
2019-09-05,2019090501004963,NCCB,32,57,"1,039",203.00,"210,917.00"
2019-09-05,2019090501004903,NHDL,38,39,10,105.00,"1,050.00"
2019-09-05,2019090501005103,NHPC,39,21,20,57.00,"1,140.00"
2019-09-05,2019090501005051,NHPC,58,21,"1,000",57.00,"57,000.00"
2019-09-05,2019090501005050,NHPC,11,21,20,57.00,"1,140.00"
2019-09-05,2019090501004862,NIBPO,20,57,13,430.00,"5,590.00"
2019-09-05,2019090501004861,NIBPO,20,14,46,430.00,"19,780.00"
2019-09-05,2019090501005240,NICA,49,38,710,449.00,"318,790.00"
2019-09-05,2019090501005239,NICA,28,38,20,449.00,"8,980.00"
2019-09-05,2019090501005119,NICA,28,14,200,449.00,"89,800.00"
2019-09-05,2019090501005053,NICA,28,26,41,450.00,"18,450.00"
2019-09-05,2019090501005019,NICA,28,45,140,449.00,"62,860.00"
2019-09-05,2019090501004916,NICA,28,52,500,449.00,"224,500.00"
2019-09-05,2019090501004858,NICA,49,25,860,449.00,"386,140.00"
2019-09-05,2019090501004987,NICL,29,53,149,285.00,"42,465.00"
2019-09-05,2019090501004986,NICL,38,53,500,285.00,"142,500.00"
2019-09-05,2019090501004985,NICL,25,53,282,285.00,"80,370.00"
2019-09-05,2019090501004944,NICL,25,53,98,285.00,"27,930.00"
2019-09-05,2019090501004943,NICL,38,53,100,286.00,"28,600.00"
2019-09-05,2019090501004942,NICL,25,53,70,286.00,"20,020.00"
2019-09-05,2019090501004924,NICL,13,53,90,287.00,"25,830.00"
2019-09-05,2019090501004923,NICL,38,53,130,288.00,"37,440.00"
2019-09-05,2019090501004968,NIL,34,43,10,385.00,"3,850.00"
2019-09-05,2019090501004936,NIL,1,43,50,391.00,"19,550.00"
2019-09-05,2019090501004897,NIL,28,43,50,392.00,"19,600.00"
2019-09-05,2019090501004896,NIL,35,43,40,392.00,"15,680.00"
2019-09-05,2019090501004884,NLG,6,38,81,584.00,"47,304.00"
2019-09-05,2019090501004799,NLG,48,38,50,584.00,"29,200.00"
2019-09-05,2019090501004798,NLG,38,38,50,584.00,"29,200.00"
2019-09-05,2019090501005249,NLIC,40,4,"1,000",808.00,"808,000.00"
2019-09-05,2019090501005236,NLIC,39,39,71,806.00,"57,226.00"
2019-09-05,2019090501005235,NLIC,35,39,20,806.00,"16,120.00"
2019-09-05,2019090501005234,NLIC,35,39,65,807.00,"52,455.00"
2019-09-05,2019090501005054,NLIC,4,4,"1,000",807.00,"807,000.00"
2019-09-05,2019090501004975,NLIC,35,45,80,806.00,"64,480.00"
2019-09-05,2019090501004949,NLICL,22,52,68,536.00,"36,448.00"
2019-09-05,2019090501005007,NMBMF,45,58,300,"1,070.00","321,000.00"
2019-09-05,2019090501005006,NMBMF,45,17,25,"1,065.00","26,625.00"
2019-09-05,2019090501005005,NMBMF,45,17,150,"1,064.00","159,600.00"
2019-09-05,2019090501005256,NMFBS,58,33,100,"1,619.00","161,900.00"
2019-09-05,2019090501005255,NMFBS,58,40,190,"1,618.00","307,420.00"
2019-09-05,2019090501005227,NMFBS,21,40,10,"1,618.00","16,180.00"
2019-09-05,2019090501005148,NMFBS,49,28,106,"1,605.00","170,130.00"
2019-09-05,2019090501005016,NMFBS,57,57,15,"1,580.00","23,700.00"
2019-09-05,2019090501004890,NMFBS,58,38,15,"1,604.00","24,060.00"
2019-09-05,2019090501004889,NMFBS,58,51,20,"1,600.00","32,000.00"
2019-09-05,2019090501004813,NMFBS,49,34,20,"1,604.00","32,080.00"
2019-09-05,2019090501005039,NTC,44,38,305,649.00,"197,945.00"
2019-09-05,2019090501004878,NUBL,34,26,155,860.00,"133,300.00"
2019-09-05,2019090501004877,NUBL,22,26,100,861.00,"86,100.00"
2019-09-05,2019090501004998,PCBL,28,26,45,275.00,"12,375.00"
2019-09-05,2019090501004996,PCBL,37,41,66,274.00,"18,084.00"
2019-09-05,2019090501004848,PCBL,37,34,100,274.00,"27,400.00"
2019-09-05,2019090501005091,PIC,6,26,18,410.00,"7,380.00"
2019-09-05,2019090501005090,PIC,8,26,32,410.00,"13,120.00"
2019-09-05,2019090501004926,PIC,8,41,18,410.00,"7,380.00"
2019-09-05,2019090501004888,PIC,6,26,50,416.00,"20,800.00"
2019-09-05,2019090501004880,PIC,6,8,180,411.00,"73,980.00"
2019-09-05,2019090501005153,PICL,6,48,60,438.00,"26,280.00"
2019-09-05,2019090501005152,PICL,52,48,20,439.00,"8,780.00"
2019-09-05,2019090501005215,PLIC,29,1,10,416.00,"4,160.00"
2019-09-05,2019090501005194,PLIC,29,35,32,408.00,"13,056.00"
2019-09-05,2019090501005193,PLIC,29,57,193,400.00,"77,200.00"
2019-09-05,2019090501005034,PLIC,25,57,100,400.00,"40,000.00"
2019-09-05,2019090501005033,PLIC,7,57,100,400.00,"40,000.00"
2019-09-05,2019090501005032,PLIC,41,57,500,400.00,"200,000.00"
2019-09-05,2019090501005031,PLIC,56,57,100,400.00,"40,000.00"
2019-09-05,2019090501005030,PLIC,52,57,20,400.00,"8,000.00"
2019-09-05,2019090501004983,PPCL,58,37,10,100.00,"1,000.00"
2019-09-05,2019090501004946,PPCL,58,38,20,100.00,"2,000.00"
2019-09-05,2019090501004895,PPCL,58,38,20,100.00,"2,000.00"
2019-09-05,2019090501005113,PRVU,57,28,100,269.00,"26,900.00"
2019-09-05,2019090501005067,PRVU,16,38,500,268.00,"134,000.00"
2019-09-05,2019090501005066,PRVU,16,38,500,268.00,"134,000.00"
2019-09-05,2019090501005065,PRVU,16,33,100,268.00,"26,800.00"
2019-09-05,2019090501004965,PRVU,45,33,100,268.00,"26,800.00"
2019-09-05,2019090501004964,PRVU,45,50,400,268.00,"107,200.00"
2019-09-05,2019090501005293,RHPL,45,34,40,172.00,"6,880.00"
2019-09-05,2019090501005289,RHPL,45,44,40,172.00,"6,880.00"
2019-09-05,2019090501005288,RHPL,45,42,20,172.00,"3,440.00"
2019-09-05,2019090501005275,RHPL,45,34,40,172.00,"6,880.00"
2019-09-05,2019090501005257,RHPL,45,34,40,172.00,"6,880.00"
2019-09-05,2019090501005247,RHPL,45,49,50,172.00,"8,600.00"
2019-09-05,2019090501004849,RHPL,35,45,30,172.00,"5,160.00"
2019-09-05,2019090501004816,RHPL,35,29,40,172.00,"6,880.00"
2019-09-05,2019090501004812,RHPL,35,34,40,172.00,"6,880.00"
2019-09-05,2019090501004805,RHPL,35,48,40,172.00,"6,880.00"
2019-09-05,2019090501004801,RHPL,35,32,40,172.00,"6,880.00"
2019-09-05,2019090501004800,RHPL,35,14,200,172.00,"34,400.00"
2019-09-05,2019090501004907,RHPL,21,34,40,172.00,"6,880.00"
2019-09-05,2019090501004905,RHPL,21,38,40,172.00,"6,880.00"
2019-09-05,2019090501004875,RHPL,21,32,40,172.00,"6,880.00"
2019-09-05,2019090501004863,RHPL,21,45,40,172.00,"6,880.00"
2019-09-05,2019090501004852,RHPL,21,34,10,172.00,"1,720.00"
2019-09-05,2019090501004851,RHPL,35,34,30,172.00,"5,160.00"
2019-09-05,2019090501004988,RHPL,21,34,40,172.00,"6,880.00"
2019-09-05,2019090501004971,RHPL,21,38,40,172.00,"6,880.00"
2019-09-05,2019090501004952,RHPL,21,34,40,172.00,"6,880.00"
2019-09-05,2019090501004941,RHPL,21,49,40,172.00,"6,880.00"
2019-09-05,2019090501004934,RHPL,21,34,40,172.00,"6,880.00"
2019-09-05,2019090501004925,RHPL,21,34,40,172.00,"6,880.00"
2019-09-05,2019090501005028,RHPL,21,49,40,172.00,"6,880.00"
2019-09-05,2019090501005026,RHPL,21,34,40,172.00,"6,880.00"
2019-09-05,2019090501005017,RHPL,21,42,20,172.00,"3,440.00"
2019-09-05,2019090501005014,RHPL,21,34,40,172.00,"6,880.00"
2019-09-05,2019090501005002,RHPL,21,50,10,172.00,"1,720.00"
2019-09-05,2019090501005001,RHPL,21,34,40,172.00,"6,880.00"
2019-09-05,2019090501005094,RHPL,21,34,40,172.00,"6,880.00"
2019-09-05,2019090501005089,RHPL,35,42,"1,000",173.00,"173,000.00"
2019-09-05,2019090501005080,RHPL,34,42,300,173.00,"51,900.00"
2019-09-05,2019090501005063,RHPL,21,34,40,172.00,"6,880.00"
2019-09-05,2019090501005058,RHPL,21,38,40,172.00,"6,880.00"
2019-09-05,2019090501005046,RHPL,21,34,40,172.00,"6,880.00"
2019-09-05,2019090501005140,RHPL,21,49,50,172.00,"8,600.00"
2019-09-05,2019090501005137,RHPL,21,34,40,172.00,"6,880.00"
2019-09-05,2019090501005126,RHPL,21,34,40,172.00,"6,880.00"
2019-09-05,2019090501005124,RHPL,21,45,30,172.00,"5,160.00"
2019-09-05,2019090501005105,RHPL,21,34,40,172.00,"6,880.00"
2019-09-05,2019090501005098,RHPL,21,32,40,172.00,"6,880.00"
2019-09-05,2019090501005228,RHPL,37,55,60,172.00,"10,320.00"
2019-09-05,2019090501005203,RHPL,45,42,60,173.00,"10,380.00"
2019-09-05,2019090501005200,RHPL,37,34,40,172.00,"6,880.00"
2019-09-05,2019090501005190,RHPL,37,34,40,172.00,"6,880.00"
2019-09-05,2019090501005178,RHPL,37,34,40,172.00,"6,880.00"
2019-09-05,2019090501005159,RHPL,37,34,40,172.00,"6,880.00"
2019-09-05,2019090501005246,RHPL,45,34,40,172.00,"6,880.00"
2019-09-05,2019090501005245,RHPL,45,52,140,172.00,"24,080.00"
2019-09-05,2019090501005244,RHPL,35,52,200,172.00,"34,400.00"
2019-09-05,2019090501005243,RHPL,37,52,160,172.00,"27,520.00"
2019-09-05,2019090501005237,RHPL,37,1,40,172.00,"6,880.00"
2019-09-05,2019090501005229,RHPL,37,34,40,172.00,"6,880.00"
2019-09-05,2019090501004846,RMDC,34,44,100,660.00,"66,000.00"
2019-09-05,2019090501004951,RRHP,22,37,10,103.00,"1,030.00"
2019-09-05,2019090501005177,SABSL,16,38,10,506.00,"5,060.00"
2019-09-05,2019090501004945,SABSL,16,14,10,506.00,"5,060.00"
2019-09-05,2019090501004938,SABSL,16,10,10,506.00,"5,060.00"
2019-09-05,2019090501004927,SABSL,16,10,10,506.00,"5,060.00"
2019-09-05,2019090501004921,SABSL,16,22,10,506.00,"5,060.00"
2019-09-05,2019090501004919,SABSL,16,10,10,506.00,"5,060.00"
2019-09-05,2019090501004802,SABSL,16,58,10,506.00,"5,060.00"
2019-09-05,2019090501004982,SANIMA,1,14,100,355.00,"35,500.00"
2019-09-05,2019090501004981,SANIMA,33,14,20,355.00,"7,100.00"
2019-09-05,2019090501004980,SANIMA,6,14,100,355.00,"35,500.00"
2019-09-05,2019090501004979,SANIMA,42,14,100,355.00,"35,500.00"
2019-09-05,2019090501004978,SANIMA,21,14,20,355.00,"7,100.00"
2019-09-05,2019090501004911,SCB,35,13,100,622.00,"62,200.00"
2019-09-05,2019090501004838,SCB,41,44,10,623.00,"6,230.00"
2019-09-05,2019090501004806,SCB,35,39,50,622.00,"31,100.00"
2019-09-05,2019090501005117,SEF,3,6,"5,000",8.95,"44,750.00"
2019-09-05,2019090501005021,SEF,3,6,"1,000",8.95,"8,950.00"
2019-09-05,2019090501004940,SEF,3,6,"4,000",8.95,"35,800.00"
2019-09-05,2019090501004939,SEF,3,19,"1,000",8.91,"8,910.00"
2019-09-05,2019090501005151,SFFIL,22,42,100,251.00,"25,100.00"
2019-09-05,2019090501004860,SFFIL,51,42,50,250.00,"12,500.00"
2019-09-05,2019090501004993,SHINE,7,26,95,255.00,"24,225.00"
2019-09-05,2019090501005287,SHIVM,46,44,150,542.00,"81,300.00"
2019-09-05,2019090501005286,SHIVM,22,44,60,542.00,"32,520.00"
2019-09-05,2019090501005285,SHIVM,6,44,50,542.00,"27,100.00"
2019-09-05,2019090501005284,SHIVM,44,44,150,542.00,"81,300.00"
2019-09-05,2019090501005283,SHIVM,52,44,50,543.00,"27,150.00"
2019-09-05,2019090501005282,SHIVM,52,26,50,543.00,"27,150.00"
2019-09-05,2019090501005281,SHIVM,57,26,50,543.00,"27,150.00"
2019-09-05,2019090501005196,SHIVM,42,50,200,544.00,"108,800.00"
2019-09-05,2019090501005157,SHIVM,42,39,210,544.00,"114,240.00"
2019-09-05,2019090501005035,SHIVM,49,39,20,544.00,"10,880.00"
2019-09-05,2019090501005027,SHIVM,44,43,350,542.00,"189,700.00"
2019-09-05,2019090501004847,SHIVM,42,39,20,544.00,"10,880.00"
2019-09-05,2019090501005174,SIC,48,17,68,539.00,"36,652.00"
2019-09-05,2019090501005173,SIC,43,17,100,540.00,"54,000.00"
2019-09-05,2019090501005172,SIC,45,17,11,541.00,"5,951.00"
2019-09-05,2019090501005171,SIC,42,17,15,545.00,"8,175.00"
2019-09-05,2019090501005297,SICL,35,35,"5,934",765.00,"4,539,510.00"
2019-09-05,2019090501005296,SICL,8,35,50,765.00,"38,250.00"
2019-09-05,2019090501005295,SICL,44,35,16,765.00,"12,240.00"
2019-09-05,2019090501005175,SIL,20,41,70,398.00,"27,860.00"
2019-09-05,2019090501005055,SIL,20,26,100,398.00,"39,800.00"
2019-09-05,2019090501005292,SJCL,32,42,20,190.00,"3,800.00"
2019-09-05,2019090501005276,SJCL,29,34,20,189.00,"3,780.00"
2019-09-05,2019090501005264,SJCL,29,49,20,189.00,"3,780.00"
2019-09-05,2019090501005258,SJCL,29,34,20,189.00,"3,780.00"
2019-09-05,2019090501005254,SJCL,29,1,20,189.00,"3,780.00"
2019-09-05,2019090501004825,SJCL,14,48,10,189.00,"1,890.00"
2019-09-05,2019090501004815,SJCL,14,49,20,189.00,"3,780.00"
2019-09-05,2019090501004808,SJCL,14,44,10,189.00,"1,890.00"
2019-09-05,2019090501004920,SJCL,50,38,20,189.00,"3,780.00"
2019-09-05,2019090501004887,SJCL,50,32,20,189.00,"3,780.00"
2019-09-05,2019090501004886,SJCL,50,45,20,189.00,"3,780.00"
2019-09-05,2019090501004864,SJCL,14,45,20,189.00,"3,780.00"
2019-09-05,2019090501004829,SJCL,14,34,20,189.00,"3,780.00"
2019-09-05,2019090501004826,SJCL,14,32,20,189.00,"3,780.00"
2019-09-05,2019090501004997,SJCL,50,34,20,189.00,"3,780.00"
2019-09-05,2019090501004995,SJCL,50,38,20,189.00,"3,780.00"
2019-09-05,2019090501004970,SJCL,50,34,10,189.00,"1,890.00"
2019-09-05,2019090501004960,SJCL,50,50,10,189.00,"1,890.00"
2019-09-05,2019090501004937,SJCL,50,34,20,189.00,"3,780.00"
2019-09-05,2019090501004922,SJCL,50,34,20,189.00,"3,780.00"
2019-09-05,2019090501005048,SJCL,50,34,20,189.00,"3,780.00"
2019-09-05,2019090501005037,SJCL,50,42,20,189.00,"3,780.00"
2019-09-05,2019090501005025,SJCL,50,34,20,189.00,"3,780.00"
2019-09-05,2019090501005012,SJCL,50,34,20,189.00,"3,780.00"
2019-09-05,2019090501005004,SJCL,50,49,20,189.00,"3,780.00"
2019-09-05,2019090501005120,SJCL,50,32,20,189.00,"3,780.00"
2019-09-05,2019090501005118,SJCL,34,42,300,190.00,"57,000.00"
2019-09-05,2019090501005116,SJCL,50,34,20,189.00,"3,780.00"
2019-09-05,2019090501005097,SJCL,50,34,20,189.00,"3,780.00"
2019-09-05,2019090501005077,SJCL,50,34,10,189.00,"1,890.00"
2019-09-05,2019090501005076,SJCL,50,38,20,189.00,"3,780.00"
2019-09-05,2019090501005162,SJCL,29,49,20,189.00,"3,780.00"
2019-09-05,2019090501005155,SJCL,29,34,20,189.00,"3,780.00"
2019-09-05,2019090501005139,SJCL,29,36,890,189.00,"168,210.00"
2019-09-05,2019090501005138,SJCL,50,36,110,189.00,"20,790.00"
2019-09-05,2019090501005136,SJCL,50,45,20,189.00,"3,780.00"
2019-09-05,2019090501005135,SJCL,50,34,20,189.00,"3,780.00"
2019-09-05,2019090501005248,SJCL,29,34,20,189.00,"3,780.00"
2019-09-05,2019090501005230,SJCL,29,34,20,189.00,"3,780.00"
2019-09-05,2019090501005226,SJCL,45,42,40,190.00,"7,600.00"
2019-09-05,2019090501005199,SJCL,29,34,20,189.00,"3,780.00"
2019-09-05,2019090501005187,SJCL,29,34,20,189.00,"3,780.00"
2019-09-05,2019090501005165,SJCL,29,34,20,189.00,"3,780.00"
2019-09-05,2019090501004856,SKBBL,11,52,23,968.00,"22,264.00"
2019-09-05,2019090501005184,SLBBL,46,43,300,561.00,"168,300.00"
2019-09-05,2019090501004814,SLBBL,37,46,50,561.00,"28,050.00"
2019-09-05,2019090501005183,SLBBL,37,43,72,561.00,"40,392.00"
2019-09-05,2019090501005150,SLBBL,56,43,80,562.00,"44,960.00"
2019-09-05,2019090501005149,SLBBL,56,49,20,562.00,"11,240.00"
2019-09-05,2019090501004873,SLBSL,43,38,10,740.00,"7,400.00"
2019-09-05,2019090501004840,SLBSL,43,38,10,740.00,"7,400.00"
2019-09-05,2019090501004977,SLICL,44,16,154,289.00,"44,506.00"
2019-09-05,2019090501004976,SLICL,11,16,50,289.00,"14,450.00"
2019-09-05,2019090501004915,SLICL,42,16,200,290.00,"58,000.00"
2019-09-05,2019090501004914,SLICL,34,16,100,290.00,"29,000.00"
2019-09-05,2019090501004913,SLICL,13,16,50,290.00,"14,500.00"
2019-09-05,2019090501004912,SLICL,44,16,50,291.00,"14,550.00"
2019-09-05,2019090501005204,SMFBS,32,44,10,808.00,"8,080.00"
2019-09-05,2019090501005170,SMFBS,32,1,20,808.00,"16,160.00"
2019-09-05,2019090501005122,SMFBS,32,33,10,808.00,"8,080.00"
2019-09-05,2019090501005112,SPARS,52,22,200,590.00,"118,000.00"
2019-09-05,2019090501005111,SPARS,25,22,30,590.00,"17,700.00"
2019-09-05,2019090501005110,SPARS,22,22,50,592.00,"29,600.00"
2019-09-05,2019090501005109,SPARS,25,22,100,592.00,"59,200.00"
2019-09-05,2019090501005108,SPARS,47,22,30,592.00,"17,760.00"
2019-09-05,2019090501005107,SPARS,34,22,20,593.00,"11,860.00"
2019-09-05,2019090501005106,SPARS,16,22,60,593.00,"35,580.00"
2019-09-05,2019090501005115,SRBL,14,52,76,236.00,"17,936.00"
2019-09-05,2019090501005114,SRBL,5,52,33,236.00,"7,788.00"
2019-09-05,2019090501005024,SRBL,5,50,67,236.00,"15,812.00"
2019-09-05,2019090501005023,SRBL,46,50,250,236.00,"59,000.00"
2019-09-05,2019090501005022,SRBL,46,50,183,236.00,"43,188.00"
2019-09-05,2019090501005185,SWBBL,48,38,100,926.00,"92,600.00"
2019-09-05,2019090501005167,SWBBL,48,38,255,926.00,"236,130.00"
2019-09-05,2019090501005197,TRH,1,38,100,299.00,"29,900.00"
2019-09-05,2019090501005216,UFL,44,28,"1,000",183.00,"183,000.00"
2019-09-05,2019090501005225,UIC,38,47,10,289.00,"2,890.00"
2019-09-05,2019090501005075,UIC,17,25,480,285.00,"136,800.00"
2019-09-05,2019090501005074,UIC,17,25,250,285.00,"71,250.00"
2019-09-05,2019090501005073,UIC,28,25,20,285.00,"5,700.00"
2019-09-05,2019090501005072,UIC,43,25,50,285.00,"14,250.00"
2019-09-05,2019090501005071,UIC,34,25,25,286.00,"7,150.00"
2019-09-05,2019090501005070,UIC,38,25,50,286.00,"14,300.00"
2019-09-05,2019090501005069,UIC,41,25,100,286.00,"28,600.00"
2019-09-05,2019090501005068,UIC,58,25,25,286.00,"7,150.00"
2019-09-05,2019090501005009,UIC,58,21,95,286.00,"27,170.00"
2019-09-05,2019090501005008,UIC,43,21,25,287.00,"7,175.00"
2019-09-05,2019090501005011,UPCL,38,47,50,83.00,"4,150.00"
2019-09-05,2019090501004999,UPCL,45,37,50,83.00,"4,150.00"
2019-09-05,2019090501004874,UPCL,45,39,50,83.00,"4,150.00"
2019-09-05,2019090501005274,UPPER,37,1,50,246.00,"12,300.00"
2019-09-05,2019090501005250,UPPER,37,35,50,246.00,"12,300.00"
2019-09-05,2019090501005233,UPPER,42,44,100,247.00,"24,700.00"
2019-09-05,2019090501005232,UPPER,1,44,871,247.00,"215,137.00"
2019-09-05,2019090501005231,UPPER,33,44,"1,220",247.00,"301,340.00"
2019-09-05,2019090501004906,UPPER,46,39,20,249.00,"4,980.00"
2019-09-05,2019090501005095,UPPER,33,45,40,247.00,"9,880.00"
2019-09-05,2019090501005062,UPPER,33,43,50,247.00,"12,350.00"
2019-09-05,2019090501004724,ADBL,11,49,78,425.00,"33,150.00"
2019-09-05,2019090501004460,ADBL,38,14,50,426.00,"21,300.00"
2019-09-05,2019090501004459,ADBL,34,14,127,426.00,"54,102.00"
2019-09-05,2019090501004442,ADBL,34,40,199,426.00,"84,774.00"
2019-09-05,2019090501004357,ADBL,34,35,100,426.00,"42,600.00"
2019-09-05,2019090501004316,ADBL,34,39,74,426.00,"31,524.00"
2019-09-05,2019090501004345,AKJCL,26,44,20,60.00,"1,200.00"
2019-09-05,2019090501004675,ALBSL,57,57,10,451.00,"4,510.00"
2019-09-05,2019090501004462,ALBSL,6,38,10,450.00,"4,500.00"
2019-09-05,2019090501004402,ALBSL,6,17,10,450.00,"4,500.00"
2019-09-05,2019090501004378,ALICL,42,59,436,328.00,"143,008.00"
2019-09-05,2019090501004377,ALICL,28,59,14,328.00,"4,592.00"
2019-09-05,2019090501004376,ALICL,52,59,50,329.00,"16,450.00"
2019-09-05,2019090501004788,API,25,20,20,116.00,"2,320.00"
2019-09-05,2019090501004776,API,25,34,28,115.00,"3,220.00"
2019-09-05,2019090501004775,API,25,7,29,115.00,"3,335.00"
2019-09-05,2019090501004757,API,6,25,100,113.00,"11,300.00"
2019-09-05,2019090501004599,API,13,56,290,112.00,"32,480.00"
2019-09-05,2019090501004598,API,38,56,"2,000",112.00,"224,000.00"
2019-09-05,2019090501004548,API,58,56,10,114.00,"1,140.00"
2019-09-05,2019090501004532,API,25,56,50,114.00,"5,700.00"
2019-09-05,2019090501004370,API,43,56,500,112.00,"56,000.00"
2019-09-05,2019090501004369,API,16,56,"2,000",112.00,"224,000.00"
2019-09-05,2019090501004368,API,39,56,100,112.00,"11,200.00"
2019-09-05,2019090501004758,BOKL,36,34,468,262.00,"122,616.00"
2019-09-05,2019090501004756,BOKL,16,34,472,262.00,"123,664.00"
2019-09-05,2019090501004755,BOKL,16,35,28,262.00,"7,336.00"
2019-09-05,2019090501004311,BOKL,29,35,30,262.00,"7,860.00"
2019-09-05,2019090501004439,CBBL,44,54,"4,000",985.00,"3,940,000.00"
2019-09-05,2019090501004552,CBL,39,57,100,148.00,"14,800.00"
2019-09-05,2019090501004602,CCBL,11,26,408,159.00,"64,872.00"
2019-09-05,2019090501004601,CCBL,49,26,"1,024",159.00,"162,816.00"
2019-09-05,2019090501004573,CCBL,34,38,"2,000",160.00,"320,000.00"
2019-09-05,2019090501004572,CCBL,17,38,500,160.00,"80,000.00"
2019-09-05,2019090501004571,CCBL,51,38,400,160.00,"64,000.00"
2019-09-05,2019090501004570,CCBL,14,38,500,160.00,"80,000.00"
2019-09-05,2019090501004569,CCBL,1,38,100,160.00,"16,000.00"
2019-09-05,2019090501004568,CCBL,22,38,154,160.00,"24,640.00"
2019-09-05,2019090501004299,CCBL,22,16,24,160.00,"3,840.00"
2019-09-05,2019090501004778,CHCL,44,26,63,445.00,"28,035.00"
2019-09-05,2019090501004770,CHCL,8,58,50,446.00,"22,300.00"
2019-09-05,2019090501004497,CHCL,44,6,198,445.00,"88,110.00"
2019-09-05,2019090501004474,CHCL,44,39,506,445.00,"225,170.00"
2019-09-05,2019090501004754,CIT,26,17,10,"1,919.00","19,190.00"
2019-09-05,2019090501004707,CIT,26,17,40,"1,919.00","76,760.00"
2019-09-05,2019090501004586,CIT,6,51,50,"1,915.00","95,750.00"
2019-09-05,2019090501004725,CLBSL,57,57,11,521.00,"5,731.00"
2019-09-05,2019090501004309,CLBSL,26,17,33,520.00,"17,160.00"
2019-09-05,2019090501004308,CLBSL,13,17,50,520.00,"26,000.00"
2019-09-05,2019090501004307,CLBSL,48,17,17,521.00,"8,857.00"
2019-09-05,2019090501004677,CZBIL,44,14,120,219.00,"26,280.00"
2019-09-05,2019090501004676,CZBIL,51,14,130,219.00,"28,470.00"
2019-09-05,2019090501004669,CZBIL,51,4,370,219.00,"81,030.00"
2019-09-05,2019090501004668,CZBIL,14,4,133,219.00,"29,127.00"
2019-09-05,2019090501004338,CZBIL,14,32,10,219.00,"2,190.00"
2019-09-05,2019090501004416,DBBL,57,26,50,133.00,"6,650.00"
2019-09-05,2019090501004671,DDBL,49,52,150,730.00,"109,500.00"
2019-09-05,2019090501004519,DDBL,44,1,50,727.00,"36,350.00"
2019-09-05,2019090501004518,DDBL,45,1,20,728.00,"14,560.00"
2019-09-05,2019090501004301,EBL,28,32,30,622.00,"18,660.00"
2019-09-05,2019090501004300,EBL,21,32,20,623.00,"12,460.00"
2019-09-05,2019090501004649,EDBL,53,46,45,273.00,"12,285.00"
2019-09-05,2019090501004711,FMDBL,44,6,50,380.00,"19,000.00"
2019-09-05,2019090501004636,FMDBL,44,48,345,379.00,"130,755.00"
2019-09-05,2019090501004628,FMDBL,14,59,200,380.00,"76,000.00"
2019-09-05,2019090501004627,FMDBL,49,59,500,380.00,"190,000.00"
2019-09-05,2019090501004626,FMDBL,25,59,500,380.00,"190,000.00"
2019-09-05,2019090501004625,FMDBL,25,59,150,380.00,"57,000.00"
2019-09-05,2019090501004624,FMDBL,8,59,100,381.00,"38,100.00"
2019-09-05,2019090501004623,FMDBL,44,59,100,381.00,"38,100.00"
2019-09-05,2019090501004622,FMDBL,47,59,30,381.00,"11,430.00"
2019-09-05,2019090501004621,FMDBL,53,59,100,381.00,"38,100.00"
2019-09-05,2019090501004504,FMDBL,28,6,50,382.00,"19,100.00"
2019-09-05,2019090501004330,FOWAD,25,49,68,"1,310.00","89,080.00"
2019-09-05,2019090501004606,GBLBS,8,10,15,340.00,"5,100.00"
2019-09-05,2019090501004461,GBLBS,8,49,169,340.00,"57,460.00"
2019-09-05,2019090501004355,GDBL,40,52,50,209.00,"10,450.00"
2019-09-05,2019090501004356,GDBL,33,52,28,209.00,"5,852.00"
2019-09-05,2019090501004769,GHL,51,47,30,70.00,"2,100.00"
2019-09-05,2019090501004560,GLBSL,42,38,100,483.00,"48,300.00"
2019-09-05,2019090501004774,GLICL,13,21,100,395.00,"39,500.00"
2019-09-05,2019090501004773,GLICL,17,21,24,396.00,"9,504.00"
2019-09-05,2019090501004563,GLICL,17,21,200,396.00,"79,200.00"
2019-09-05,2019090501004306,GMFBS,45,11,10,513.00,"5,130.00"
2019-09-05,2019090501004302,GMFBS,45,45,10,515.00,"5,150.00"
2019-09-05,2019090501004415,HBL,19,28,100,539.00,"53,900.00"
2019-09-05,2019090501004640,HGI,43,37,200,294.00,"58,800.00"
2019-09-05,2019090501004701,HIDCL,52,26,11,140.00,"1,540.00"
2019-09-05,2019090501004600,HIDCL,57,57,19,140.00,"2,660.00"
2019-09-05,2019090501004364,HIDCL,42,39,158,139.00,"21,962.00"
2019-09-05,2019090501004363,HIDCL,56,39,30,139.00,"4,170.00"
2019-09-05,2019090501004362,HIDCL,10,39,100,139.00,"13,900.00"
2019-09-05,2019090501004361,HIDCL,35,39,100,139.00,"13,900.00"
2019-09-05,2019090501004360,HIDCL,56,39,200,139.00,"27,800.00"
2019-09-05,2019090501004359,HIDCL,55,39,50,139.00,"6,950.00"
2019-09-05,2019090501004358,HIDCL,8,39,222,139.00,"30,858.00"
2019-09-05,2019090501004343,HIDCL,57,39,100,140.00,"14,000.00"
2019-09-05,2019090501004342,HIDCL,26,39,40,141.00,"5,640.00"
2019-09-05,2019090501004383,HURJA,38,39,20,119.00,"2,380.00"
2019-09-05,2019090501004647,ILBS,52,1,10,449.00,"4,490.00"
2019-09-05,2019090501004646,ILBS,42,1,90,450.00,"40,500.00"
2019-09-05,2019090501004326,ILBS,38,48,10,450.00,"4,500.00"
2019-09-05,2019090501004556,JBBL,39,34,19,162.00,"3,078.00"
2019-09-05,2019090501004408,JBBL,39,39,22,162.00,"3,564.00"
2019-09-05,2019090501004673,JFL,39,6,270,190.00,"51,300.00"
2019-09-05,2019090501004585,JFL,39,52,730,190.00,"138,700.00"
2019-09-05,2019090501004584,JFL,6,52,220,190.00,"41,800.00"
2019-09-05,2019090501004583,JFL,28,52,50,190.00,"9,500.00"
2019-09-05,2019090501004436,JOSHI,42,39,20,63.00,"1,260.00"
2019-09-05,2019090501004403,JOSHI,42,51,20,63.00,"1,260.00"
2019-09-05,2019090501004555,KBL,13,51,177,203.00,"35,931.00"
2019-09-05,2019090501004554,KBL,41,51,11,203.00,"2,233.00"
2019-09-05,2019090501004455,KPCL,55,39,10,83.00,830.00
2019-09-05,2019090501004793,KRBL,5,45,100,105.00,"10,500.00"
2019-09-05,2019090501004792,KRBL,22,45,100,105.00,"10,500.00"
2019-09-05,2019090501004791,KRBL,38,45,100,106.00,"10,600.00"
2019-09-05,2019090501004767,KSBBL,50,48,87,143.00,"12,441.00"
2019-09-05,2019090501004766,KSBBL,45,48,500,143.00,"71,500.00"
2019-09-05,2019090501004765,KSBBL,8,48,467,143.00,"66,781.00"
2019-09-05,2019090501004319,KSBBL,8,39,533,143.00,"76,219.00"
2019-09-05,2019090501004318,KSBBL,38,39,267,143.00,"38,181.00"
2019-09-05,2019090501004491,LBBL,48,26,25,178.00,"4,450.00"
2019-09-05,2019090501004643,LBL,48,42,19,216.00,"4,104.00"
2019-09-05,2019090501004642,LBL,14,42,31,216.00,"6,696.00"
2019-09-05,2019090501004321,LBL,40,26,50,217.00,"10,850.00"
2019-09-05,2019090501004320,LBL,40,26,30,217.00,"6,510.00"
2019-09-05,2019090501004789,LGIL,17,26,44,385.00,"16,940.00"
2019-09-05,2019090501004609,MBL,55,34,255,257.00,"65,535.00"
2019-09-05,2019090501004608,MBL,1,34,37,257.00,"9,509.00"
2019-09-05,2019090501004605,MBL,1,43,63,257.00,"16,191.00"
2019-09-05,2019090501004604,MBL,49,43,200,257.00,"51,400.00"
2019-09-05,2019090501004603,MBL,7,43,337,257.00,"86,609.00"
2019-09-05,2019090501004535,MBL,7,34,100,257.00,"25,700.00"
2019-09-05,2019090501004487,MBL,7,49,500,257.00,"128,500.00"
2019-09-05,2019090501004440,MBL,25,28,10,258.00,"2,580.00"
2019-09-05,2019090501004381,MBL,7,49,63,257.00,"16,191.00"
2019-09-05,2019090501004380,MBL,7,49,487,257.00,"125,159.00"
2019-09-05,2019090501004486,MEGA,49,39,49,201.00,"9,849.00"
2019-09-05,2019090501004672,MEGA,45,35,30,202.00,"6,060.00"
2019-09-05,2019090501004557,MEGA,49,35,80,201.00,"16,080.00"
2019-09-05,2019090501004539,MERO,57,57,33,570.00,"18,810.00"
2019-09-05,2019090501004494,MERO,45,6,200,573.00,"114,600.00"
2019-09-05,2019090501004473,MERO,43,6,10,573.00,"5,730.00"
2019-09-05,2019090501004437,MLBL,48,13,"1,247",212.00,"264,364.00"
2019-09-05,2019090501004388,MLBL,48,32,100,212.00,"21,200.00"
2019-09-05,2019090501004329,MLBL,48,14,49,212.00,"10,388.00"
2019-09-05,2019090501004328,MLBL,14,14,51,212.00,"10,812.00"
2019-09-05,2019090501004695,MNBBL,19,49,20,320.00,"6,400.00"
2019-09-05,2019090501004596,MNBBL,8,49,80,320.00,"25,600.00"
2019-09-05,2019090501004595,MNBBL,8,40,20,320.00,"6,400.00"
2019-09-05,2019090501004453,MNBBL,48,40,19,320.00,"6,080.00"
2019-09-05,2019090501004720,NABIL,42,37,192,779.00,"149,568.00"
2019-09-05,2019090501004694,NABIL,42,39,17,779.00,"13,243.00"
2019-09-05,2019090501004680,NABIL,42,39,40,779.00,"31,160.00"
2019-09-05,2019090501004593,NABIL,38,55,14,780.00,"10,920.00"
2019-09-05,2019090501004514,NABIL,38,49,36,780.00,"28,080.00"
2019-09-05,2019090501004325,NABIL,42,32,50,779.00,"38,950.00"
2019-09-05,2019090501004315,NABIL,42,53,26,780.00,"20,280.00"
2019-09-05,2019090501004314,NABIL,44,53,541,780.00,"421,980.00"
2019-09-05,2019090501004313,NABIL,11,53,10,782.00,"7,820.00"
2019-09-05,2019090501004641,NAGRO,57,58,10,770.00,"7,700.00"
2019-09-05,2019090501004499,NAGRO,39,38,10,757.00,"7,570.00"
2019-09-05,2019090501004409,NBB,44,57,700,215.00,"150,500.00"
2019-09-05,2019090501004375,NBB,44,28,"1,000",215.00,"215,000.00"
2019-09-05,2019090501004531,NBB,59,34,40,215.00,"8,600.00"
2019-09-05,2019090501004513,NBB,59,3,60,215.00,"12,900.00"
2019-09-05,2019090501004512,NBB,21,3,350,215.00,"75,250.00"
2019-09-05,2019090501004511,NBB,44,3,890,215.00,"191,350.00"
2019-09-05,2019090501004410,NBB,44,32,100,215.00,"21,500.00"
2019-09-05,2019090501004709,NBL,29,39,100,320.00,"32,000.00"
2019-09-05,2019090501004614,NBL,29,45,666,320.00,"213,120.00"
2019-09-05,2019090501004613,NBL,45,45,265,320.00,"84,800.00"
2019-09-05,2019090501004612,NBL,25,45,50,321.00,"16,050.00"
2019-09-05,2019090501004611,NBL,32,45,19,321.00,"6,099.00"
2019-09-05,2019090501004506,NBL,32,14,481,321.00,"154,401.00"
2019-09-05,2019090501004505,NBL,25,14,119,321.00,"38,199.00"
2019-09-05,2019090501004419,NBL,28,7,265,322.00,"85,330.00"
2019-09-05,2019090501004382,NBL,28,7,200,322.00,"64,400.00"
2019-09-05,2019090501004336,NBL,25,16,381,321.00,"122,301.00"
2019-09-05,2019090501004335,NBL,44,16,250,321.00,"80,250.00"
2019-09-05,2019090501004334,NBL,44,16,236,321.00,"75,756.00"
2019-09-05,2019090501004786,NCCB,32,57,961,203.00,"195,083.00"
2019-09-05,2019090501004785,NCCB,59,57,200,203.00,"40,600.00"
2019-09-05,2019090501004784,NCCB,52,57,14,203.00,"2,842.00"
2019-09-05,2019090501004705,NCCB,52,26,86,203.00,"17,458.00"
2019-09-05,2019090501004704,NCCB,1,26,100,203.00,"20,300.00"
2019-09-05,2019090501004703,NCCB,44,26,39,203.00,"7,917.00"
2019-09-05,2019090501004651,NCCB,45,7,20,204.00,"4,080.00"
2019-09-05,2019090501004515,NCCB,5,44,243,204.00,"49,572.00"
2019-09-05,2019090501004728,NIB,1,26,14,457.00,"6,398.00"
2019-09-05,2019090501004607,NIB,26,50,103,457.00,"47,071.00"
2019-09-05,2019090501004507,NIB,1,50,113,457.00,"51,641.00"
2019-09-05,2019090501004372,NIB,1,17,17,457.00,"7,769.00"
2019-09-05,2019090501004344,NIB,4,50,10,458.00,"4,580.00"
2019-09-05,2019090501004768,NICA,35,25,140,449.00,"62,860.00"
2019-09-05,2019090501004731,NICA,35,39,60,449.00,"26,940.00"
2019-09-05,2019090501004730,NICA,59,39,100,449.00,"44,900.00"
2019-09-05,2019090501004698,NICA,47,26,200,449.00,"89,800.00"
2019-09-05,2019090501004697,NICA,39,26,200,449.00,"89,800.00"
2019-09-05,2019090501004589,NICA,43,26,80,450.00,"36,000.00"
2019-09-05,2019090501004465,NICA,6,26,44,450.00,"19,800.00"
2019-09-05,2019090501004464,NICA,6,50,56,450.00,"25,200.00"
2019-09-05,2019090501004764,NICL,45,56,110,287.00,"31,570.00"
2019-09-05,2019090501004679,NIL,8,56,200,395.00,"79,000.00"
2019-09-05,2019090501004797,NLG,21,38,100,585.00,"58,500.00"
2019-09-05,2019090501004796,NLG,6,38,44,586.00,"25,784.00"
2019-09-05,2019090501004795,NLG,25,38,40,588.00,"23,520.00"
2019-09-05,2019090501004682,NLG,25,38,60,588.00,"35,280.00"
2019-09-05,2019090501004681,NLG,59,38,100,590.00,"59,000.00"
2019-09-05,2019090501004763,NLIC,34,37,200,807.00,"161,400.00"
2019-09-05,2019090501004762,NLIC,48,37,50,807.00,"40,350.00"
2019-09-05,2019090501004761,NLIC,32,37,100,807.00,"80,700.00"
2019-09-05,2019090501004760,NLIC,41,37,10,807.00,"8,070.00"
2019-09-05,2019090501004759,NLIC,22,37,20,808.00,"16,160.00"
2019-09-05,2019090501004706,NLIC,16,48,50,809.00,"40,450.00"
2019-09-05,2019090501004490,NLIC,16,4,100,808.00,"80,800.00"
2019-09-05,2019090501004489,NLIC,56,4,100,808.00,"80,800.00"
2019-09-05,2019090501004426,NLIC,36,48,10,809.00,"8,090.00"
2019-09-05,2019090501004425,NLIC,40,48,100,809.00,"80,900.00"
2019-09-05,2019090501004424,NLIC,1,48,12,809.00,"9,708.00"
2019-09-05,2019090501004303,NLIC,57,4,11,810.00,"8,910.00"
2019-09-05,2019090501004737,NLICL,5,52,72,536.00,"38,592.00"
2019-09-05,2019090501004564,NLICL,42,25,15,543.00,"8,145.00"
2019-09-05,2019090501004534,NLICL,5,38,128,536.00,"68,608.00"
2019-09-05,2019090501004533,NLICL,26,38,100,538.00,"53,800.00"
2019-09-05,2019090501004418,NLICL,14,25,500,540.00,"270,000.00"
2019-09-05,2019090501004417,NLICL,45,25,100,540.00,"54,000.00"
2019-09-05,2019090501004327,NLICL,39,35,100,541.00,"54,100.00"
2019-09-05,2019090501004787,NMBMF,57,57,40,"1,052.00","42,080.00"
2019-09-05,2019090501004794,NMFBS,49,28,25,"1,605.00","40,125.00"
2019-09-05,2019090501004696,NMFBS,49,6,15,"1,588.00","23,820.00"
2019-09-05,2019090501004592,NMFBS,58,48,15,"1,589.00","23,835.00"
2019-09-05,2019090501004591,NMFBS,49,48,70,"1,589.00","111,230.00"
2019-09-05,2019090501004590,NMFBS,49,34,30,"1,589.00","47,670.00"
2019-09-05,2019090501004565,NMFBS,58,49,50,"1,588.00","79,400.00"
2019-09-05,2019090501004412,NMFBS,49,54,15,"1,565.00","23,475.00"
2019-09-05,2019090501004406,NMFBS,49,35,50,"1,564.00","78,200.00"
2019-09-05,2019090501004405,NMFBS,49,38,35,"1,564.00","54,740.00"
2019-09-05,2019090501004332,NMFBS,49,51,25,"1,550.00","38,750.00"
2019-09-05,2019090501004562,NMFBS,49,49,100,"1,588.00","158,800.00"
2019-09-05,2019090501004559,NMFBS,49,49,50,"1,588.00","79,400.00"
2019-09-05,2019090501004540,NMFBS,49,41,50,"1,575.00","78,750.00"
2019-09-05,2019090501004428,NMFBS,49,33,100,"1,565.00","156,500.00"
2019-09-05,2019090501004414,NMFBS,49,54,15,"1,565.00","23,475.00"
2019-09-05,2019090501004413,NMFBS,49,54,15,"1,565.00","23,475.00"
2019-09-05,2019090501004693,NTC,32,38,15,645.00,"9,675.00"
2019-09-05,2019090501004692,NTC,42,38,30,646.00,"19,380.00"
2019-09-05,2019090501004691,NTC,45,38,200,646.00,"129,200.00"
2019-09-05,2019090501004690,NTC,7,38,10,646.00,"6,460.00"
2019-09-05,2019090501004689,NTC,38,38,100,647.00,"64,700.00"
2019-09-05,2019090501004688,NTC,44,38,200,647.00,"129,400.00"
2019-09-05,2019090501004339,NTC,52,22,60,649.00,"38,940.00"
2019-09-05,2019090501004687,NTC,25,38,40,648.00,"25,920.00"
2019-09-05,2019090501004549,OHL,25,38,80,555.00,"44,400.00"
2019-09-05,2019090501004458,OHL,25,29,420,555.00,"233,100.00"
2019-09-05,2019090501004457,OHL,52,29,50,555.00,"27,750.00"
2019-09-05,2019090501004456,OHL,38,29,30,556.00,"16,680.00"
2019-09-05,2019090501004777,PCBL,37,39,11,274.00,"3,014.00"
2019-09-05,2019090501004741,PCBL,37,26,21,274.00,"5,754.00"
2019-09-05,2019090501004501,PCBL,55,26,13,275.00,"3,575.00"
2019-09-05,2019090501004365,PCBL,55,32,101,275.00,"27,775.00"
2019-09-05,2019090501004744,PFL,26,34,297,134.00,"39,798.00"
2019-09-05,2019090501004743,PFL,14,34,113,134.00,"15,142.00"
2019-09-05,2019090501004714,PIC,11,8,10,412.00,"4,120.00"
2019-09-05,2019090501004713,PIC,54,8,200,412.00,"82,400.00"
2019-09-05,2019090501004712,PIC,17,8,30,412.00,"12,360.00"
2019-09-05,2019090501004322,PIC,28,8,100,416.00,"41,600.00"
2019-09-05,2019090501004715,PICL,52,48,20,446.00,"8,920.00"
2019-09-05,2019090501004659,PLIC,52,17,180,400.00,"72,000.00"
2019-09-05,2019090501004658,PLIC,57,17,105,400.00,"42,000.00"
2019-09-05,2019090501004657,PLIC,20,17,20,401.00,"8,020.00"
2019-09-05,2019090501004656,PLIC,19,17,50,402.00,"20,100.00"
2019-09-05,2019090501004655,PLIC,26,17,100,403.00,"40,300.00"
2019-09-05,2019090501004654,PLIC,41,17,12,404.00,"4,848.00"
2019-09-05,2019090501004331,PLIC,41,51,10,404.00,"4,040.00"
2019-09-05,2019090501004782,PMHPL,56,48,10,97.00,970.00
2019-09-05,2019090501004790,PPCL,58,39,10,100.00,"1,000.00"
2019-09-05,2019090501004710,PPCL,58,49,30,100.00,"3,000.00"
2019-09-05,2019090501004620,PPCL,33,38,20,100.00,"2,000.00"
2019-09-05,2019090501004510,PPCL,33,38,20,100.00,"2,000.00"
2019-09-05,2019090501004618,PRIN,43,16,20,329.00,"6,580.00"
2019-09-05,2019090501004617,PRIN,56,16,50,330.00,"16,500.00"
2019-09-05,2019090501004616,PRIN,40,16,300,330.00,"99,000.00"
2019-09-05,2019090501004615,PRIN,43,16,62,330.00,"20,460.00"
2019-09-05,2019090501004448,PRIN,43,10,438,330.00,"144,540.00"
2019-09-05,2019090501004447,PRIN,14,10,420,331.00,"139,020.00"
2019-09-05,2019090501004384,PRIN,32,16,200,335.00,"67,000.00"
2019-09-05,2019090501004446,PRIN,57,10,52,332.00,"17,264.00"
2019-09-05,2019090501004445,PRIN,19,10,50,332.00,"16,600.00"
2019-09-05,2019090501004444,PRIN,42,10,40,333.00,"13,320.00"
2019-09-05,2019090501004387,PRIN,59,16,50,333.00,"16,650.00"
2019-09-05,2019090501004386,PRIN,29,16,200,333.00,"66,600.00"
2019-09-05,2019090501004385,PRIN,32,16,100,334.00,"33,400.00"
2019-09-05,2019090501004723,PRVU,54,26,100,267.00,"26,700.00"
2019-09-05,2019090501004722,PRVU,45,26,100,267.00,"26,700.00"
2019-09-05,2019090501004721,PRVU,59,26,100,268.00,"26,800.00"
2019-09-05,2019090501004582,PRVU,57,34,100,268.00,"26,800.00"
2019-09-05,2019090501004581,PRVU,59,34,200,268.00,"53,600.00"
2019-09-05,2019090501004580,PRVU,1,34,200,268.00,"53,600.00"
2019-09-05,2019090501004482,PRVU,43,28,33,269.00,"8,877.00"
2019-09-05,2019090501004579,PRVU,1,34,50,268.00,"13,400.00"
2019-09-05,2019090501004578,PRVU,38,34,"1,000",268.00,"268,000.00"
2019-09-05,2019090501004577,PRVU,39,34,200,268.00,"53,600.00"
2019-09-05,2019090501004576,PRVU,33,34,200,268.00,"53,600.00"
2019-09-05,2019090501004575,PRVU,40,34,300,268.00,"80,400.00"
2019-09-05,2019090501004574,PRVU,43,34,878,268.00,"235,304.00"
2019-09-05,2019090501004528,RBCLPO,32,33,55,"8,000.00","440,000.00"
2019-09-05,2019090501004527,RBCLPO,58,33,10,"8,010.00","80,100.00"
2019-09-05,2019090501004772,RHPL,35,49,40,172.00,"6,880.00"
2019-09-05,2019090501004771,RHPL,35,44,40,172.00,"6,880.00"
2019-09-05,2019090501004753,RHPL,34,42,180,173.00,"31,140.00"
2019-09-05,2019090501004752,RHPL,14,42,200,173.00,"34,600.00"
2019-09-05,2019090501004751,RHPL,36,42,500,173.00,"86,500.00"
2019-09-05,2019090501004750,RHPL,45,42,300,173.00,"51,900.00"
2019-09-05,2019090501004304,RHPL,1,45,10,174.00,"1,740.00"
2019-09-05,2019090501004389,RHPL,22,42,170,173.00,"29,410.00"
2019-09-05,2019090501004373,RHPL,22,45,30,173.00,"5,190.00"
2019-09-05,2019090501004349,RHPL,22,17,40,173.00,"6,920.00"
2019-09-05,2019090501004341,RHPL,22,38,10,173.00,"1,730.00"
2019-09-05,2019090501004340,RHPL,45,38,30,174.00,"5,220.00"
2019-09-05,2019090501004305,RHPL,22,45,30,173.00,"5,190.00"
2019-09-05,2019090501004404,RHPL,40,45,30,173.00,"5,190.00"
2019-09-05,2019090501004394,RHPL,21,42,50,173.00,"8,650.00"
2019-09-05,2019090501004393,RHPL,56,42,100,173.00,"17,300.00"
2019-09-05,2019090501004392,RHPL,56,42,100,173.00,"17,300.00"
2019-09-05,2019090501004391,RHPL,38,42,500,173.00,"86,500.00"
2019-09-05,2019090501004390,RHPL,59,42,80,173.00,"13,840.00"
2019-09-05,2019090501004502,RHPL,35,32,40,173.00,"6,920.00"
2019-09-05,2019090501004477,RHPL,35,49,40,173.00,"6,920.00"
2019-09-05,2019090501004476,RHPL,35,7,20,173.00,"3,460.00"
2019-09-05,2019090501004475,RHPL,40,7,10,173.00,"1,730.00"
2019-09-05,2019090501004443,RHPL,40,45,30,173.00,"5,190.00"
2019-09-05,2019090501004420,RHPL,40,45,30,173.00,"5,190.00"
2019-09-05,2019090501004587,RHPL,17,51,20,174.00,"3,480.00"
2019-09-05,2019090501004538,RHPL,59,42,10,173.00,"1,730.00"
2019-09-05,2019090501004524,RHPL,52,7,30,173.00,"5,190.00"
2019-09-05,2019090501004522,RHPL,52,38,20,173.00,"3,460.00"
2019-09-05,2019090501004521,RHPL,58,38,20,173.00,"3,460.00"
2019-09-05,2019090501004516,RHPL,58,32,40,173.00,"6,920.00"
2019-09-05,2019090501004749,RHPL,13,42,380,173.00,"65,740.00"
2019-09-05,2019090501004702,RHPL,13,48,30,173.00,"5,190.00"
2019-09-05,2019090501004663,RHPL,13,49,40,173.00,"6,920.00"
2019-09-05,2019090501004648,RHPL,13,42,50,173.00,"8,650.00"
2019-09-05,2019090501004638,RHPL,59,38,40,173.00,"6,920.00"
2019-09-05,2019090501004588,RHPL,17,17,30,174.00,"5,220.00"
2019-09-05,2019090501004374,RLFL,28,44,390,118.00,"46,020.00"
2019-09-05,2019090501004783,RMDC,34,13,150,660.00,"99,000.00"
2019-09-05,2019090501004742,RMDC,38,38,1,647.00,647.00
2019-09-05,2019090501004727,RMDC,38,38,1,647.00,647.00
2019-09-05,2019090501004317,RMDC,34,10,175,660.00,"115,500.00"
2019-09-05,2019090501004779,SABSL,1,58,10,506.00,"5,060.00"
2019-09-05,2019090501004740,SABSL,1,58,10,506.00,"5,060.00"
2019-09-05,2019090501004674,SABSL,1,20,10,506.00,"5,060.00"
2019-09-05,2019090501004670,SABSL,1,47,10,506.00,"5,060.00"
2019-09-05,2019090501004653,SABSL,1,20,10,506.00,"5,060.00"
2019-09-05,2019090501004650,SABSL,6,38,10,506.00,"5,060.00"
2019-09-05,2019090501004541,SABSL,16,20,10,508.00,"5,080.00"
2019-09-05,2019090501004520,SABSL,16,20,10,508.00,"5,080.00"
2019-09-05,2019090501004508,SABSL,16,20,10,508.00,"5,080.00"
2019-09-05,2019090501004441,SABSL,52,20,10,507.00,"5,070.00"
2019-09-05,2019090501004423,SABSL,52,34,10,507.00,"5,070.00"
2019-09-05,2019090501004401,SABSL,34,20,10,507.00,"5,070.00"
2019-09-05,2019090501004547,SABSL,6,40,30,506.00,"15,180.00"
2019-09-05,2019090501004546,SABSL,14,40,50,506.00,"25,300.00"
2019-09-05,2019090501004545,SABSL,59,40,10,506.00,"5,060.00"
2019-09-05,2019090501004544,SABSL,16,40,200,507.00,"101,400.00"
2019-09-05,2019090501004543,SABSL,52,40,80,507.00,"40,560.00"
2019-09-05,2019090501004542,SABSL,16,40,70,508.00,"35,560.00"
2019-09-05,2019090501004645,SABSL,6,47,10,506.00,"5,060.00"
2019-09-05,2019090501004639,SABSL,6,20,10,506.00,"5,060.00"
2019-09-05,2019090501004619,SABSL,6,20,10,506.00,"5,060.00"
2019-09-05,2019090501004594,SABSL,6,20,10,506.00,"5,060.00"
2019-09-05,2019090501004567,SABSL,6,20,10,506.00,"5,060.00"
2019-09-05,2019090501004550,SABSL,6,38,10,506.00,"5,060.00"
2019-09-05,2019090501004610,SADBL,57,34,50,145.00,"7,250.00"
2019-09-05,2019090501004665,SANIMA,21,49,80,355.00,"28,400.00"
2019-09-05,2019090501004346,SANIMA,38,49,90,356.00,"32,040.00"
2019-09-05,2019090501004324,SANIMA,38,43,300,356.00,"106,800.00"
2019-09-05,2019090501004298,SANIMA,38,53,460,356.00,"163,760.00"
2019-09-05,2019090501004558,SBI,44,26,33,444.00,"14,652.00"
2019-09-05,2019090501004407,SBI,44,45,105,444.00,"46,620.00"
2019-09-05,2019090501004479,SBL,39,16,43,316.00,"13,588.00"
2019-09-05,2019090501004478,SBL,11,16,26,316.00,"8,216.00"
2019-09-05,2019090501004635,SCB,26,44,408,623.00,"254,184.00"
2019-09-05,2019090501004530,SCB,26,26,128,623.00,"79,744.00"
2019-09-05,2019090501004483,SCB,26,25,234,623.00,"145,782.00"
2019-09-05,2019090501004495,SDESI,14,38,119,628.00,"74,732.00"
2019-09-05,2019090501004435,SDESI,47,38,11,630.00,"6,930.00"
2019-09-05,2019090501004434,SDESI,19,38,100,630.00,"63,000.00"
2019-09-05,2019090501004433,SDESI,45,38,10,630.00,"6,300.00"
2019-09-05,2019090501004432,SDESI,41,38,10,631.00,"6,310.00"
2019-09-05,2019090501004431,SDESI,5,38,50,632.00,"31,600.00"
2019-09-05,2019090501004708,SEF,3,37,"1,000",8.95,"8,950.00"
2019-09-05,2019090501004472,SFFIL,45,6,112,250.00,"28,000.00"
2019-09-05,2019090501004471,SFFIL,52,6,50,250.00,"12,500.00"
2019-09-05,2019090501004470,SFFIL,57,6,150,250.00,"37,500.00"
2019-09-05,2019090501004469,SFFIL,59,6,500,250.00,"125,000.00"
2019-09-05,2019090501004468,SFFIL,47,6,200,250.00,"50,000.00"
2019-09-05,2019090501004467,SFFIL,39,6,20,251.00,"5,020.00"
2019-09-05,2019090501004395,SFFIL,19,6,100,253.00,"25,300.00"
2019-09-05,2019090501004323,SFFIL,47,42,20,255.00,"5,100.00"
2019-09-05,2019090501004466,SFFIL,17,6,20,251.00,"5,020.00"
2019-09-05,2019090501004400,SFFIL,17,6,80,251.00,"20,080.00"
2019-09-05,2019090501004399,SFFIL,21,6,90,252.00,"22,680.00"
2019-09-05,2019090501004398,SFFIL,47,6,200,252.00,"50,400.00"
2019-09-05,2019090501004397,SFFIL,47,6,500,253.00,"126,500.00"
2019-09-05,2019090501004396,SFFIL,57,6,30,253.00,"7,590.00"
2019-09-05,2019090501004739,SHIVM,42,25,50,544.00,"27,200.00"
2019-09-05,2019090501004633,SHIVM,42,50,30,544.00,"16,320.00"
2019-09-05,2019090501004632,SHIVM,44,50,170,544.00,"92,480.00"
2019-09-05,2019090501004366,SHIVM,46,53,150,545.00,"81,750.00"
2019-09-05,2019090501004597,SHIVM,44,38,200,544.00,"108,800.00"
2019-09-05,2019090501004452,SHIVM,44,33,130,544.00,"70,720.00"
2019-09-05,2019090501004451,SHIVM,38,33,20,544.00,"10,880.00"
2019-09-05,2019090501004450,SHIVM,49,33,50,544.00,"27,200.00"
2019-09-05,2019090501004449,SHIVM,32,33,100,544.00,"54,400.00"
2019-09-05,2019090501004367,SHIVM,32,53,50,544.00,"27,200.00"
2019-09-05,2019090501004333,SHPC,10,17,19,212.00,"4,028.00"
2019-09-05,2019090501004430,SICL,44,17,134,765.00,"102,510.00"
2019-09-05,2019090501004429,SICL,8,17,35,765.00,"26,775.00"
2019-09-05,2019090501004493,SIFC,52,17,50,155.00,"7,750.00"
2019-09-05,2019090501004492,SIFC,44,17,"2,000",155.00,"310,000.00"
2019-09-05,2019090501004637,SIL,25,49,10,403.00,"4,030.00"
2019-09-05,2019090501004503,SIL,20,16,196,398.00,"78,008.00"
2019-09-05,2019090501004781,SJCL,39,42,550,190.00,"104,500.00"
2019-09-05,2019090501004780,SJCL,39,14,140,190.00,"26,600.00"
2019-09-05,2019090501004745,SJCL,39,42,10,190.00,"1,900.00"
2019-09-05,2019090501004736,SJCL,1,42,200,190.00,"38,000.00"
2019-09-05,2019090501004735,SJCL,39,42,"1,000",190.00,"190,000.00"
2019-09-05,2019090501004734,SJCL,14,42,200,190.00,"38,000.00"
2019-09-05,2019090501004350,SJCL,52,42,230,190.00,"43,700.00"
2019-09-05,2019090501004348,SJCL,52,45,790,190.00,"150,100.00"
2019-09-05,2019090501004347,SJCL,41,45,210,190.00,"39,900.00"
2019-09-05,2019090501004310,SJCL,41,38,20,190.00,"3,800.00"
2019-09-05,2019090501004411,SJCL,59,49,20,190.00,"3,800.00"
2019-09-05,2019090501004371,SJCL,59,51,20,190.00,"3,800.00"
2019-09-05,2019090501004354,SJCL,59,38,10,190.00,"1,900.00"
2019-09-05,2019090501004353,SJCL,59,42,160,190.00,"30,400.00"
2019-09-05,2019090501004352,SJCL,19,42,100,190.00,"19,000.00"
2019-09-05,2019090501004351,SJCL,34,42,50,190.00,"9,500.00"
2019-09-05,2019090501004517,SJCL,59,45,20,190.00,"3,800.00"
2019-09-05,2019090501004498,SJCL,59,7,20,190.00,"3,800.00"
2019-09-05,2019090501004496,SJCL,59,45,20,190.00,"3,800.00"
2019-09-05,2019090501004488,SJCL,59,32,20,190.00,"3,800.00"
2019-09-05,2019090501004454,SJCL,59,53,200,190.00,"38,000.00"
2019-09-05,2019090501004551,SJCL,47,45,20,190.00,"3,800.00"
2019-09-05,2019090501004537,SJCL,47,38,20,190.00,"3,800.00"
2019-09-05,2019090501004536,SJCL,47,13,20,190.00,"3,800.00"
2019-09-05,2019090501004529,SJCL,47,45,20,190.00,"3,800.00"
2019-09-05,2019090501004526,SJCL,47,32,10,190.00,"1,900.00"
2019-09-05,2019090501004525,SJCL,59,32,10,190.00,"1,900.00"
2019-09-05,2019090501004664,SJCL,47,38,20,190.00,"3,800.00"
2019-09-05,2019090501004634,SJCL,47,49,20,190.00,"3,800.00"
2019-09-05,2019090501004566,SJCL,47,13,20,190.00,"3,800.00"
2019-09-05,2019090501004553,SJCL,47,7,20,190.00,"3,800.00"
2019-09-05,2019090501004733,SJCL,39,42,100,190.00,"19,000.00"
2019-09-05,2019090501004732,SJCL,47,42,300,190.00,"57,000.00"
2019-09-05,2019090501004729,SJCL,47,49,10,190.00,"1,900.00"
2019-09-05,2019090501004726,SJCL,47,48,20,190.00,"3,800.00"
2019-09-05,2019090501004700,SJCL,17,7,20,191.00,"3,820.00"
2019-09-05,2019090501004699,SJCL,17,57,40,191.00,"7,640.00"
2019-09-05,2019090501004379,SKBBL,47,52,25,968.00,"24,200.00"
2019-09-05,2019090501004678,SLBBL,25,46,50,562.00,"28,100.00"
2019-09-05,2019090501004561,SLBBL,25,45,50,562.00,"28,100.00"
2019-09-05,2019090501004748,SLICL,57,52,100,291.00,"29,100.00"
2019-09-05,2019090501004747,SLICL,35,52,100,291.00,"29,100.00"
2019-09-05,2019090501004746,SLICL,40,52,100,291.00,"29,100.00"
2019-09-05,2019090501004684,SLICL,45,42,11,292.00,"3,212.00"
2019-09-05,2019090501004683,SLICL,1,42,389,292.00,"113,588.00"
2019-09-05,2019090501004422,SLICL,41,14,100,293.00,"29,300.00"
2019-09-05,2019090501004421,SLICL,25,14,100,293.00,"29,300.00"
2019-09-05,2019090501004685,SMFBS,45,45,10,812.00,"8,120.00"
2019-09-05,2019090501004509,SMFBS,44,44,10,813.00,"8,130.00"
2019-09-05,2019090501004718,SMFDB,25,42,50,530.00,"26,500.00"
2019-09-05,2019090501004717,SMFDB,58,42,50,530.00,"26,500.00"
2019-09-05,2019090501004716,SMFDB,7,42,100,531.00,"53,100.00"
2019-09-05,2019090501004644,SMFDB,7,47,160,536.00,"85,760.00"
2019-09-05,2019090501004686,SPARS,6,42,25,594.00,"14,850.00"
2019-09-05,2019090501004652,SPARS,17,17,10,595.00,"5,950.00"
2019-09-05,2019090501004738,SRBL,46,53,27,236.00,"6,372.00"
2019-09-05,2019090501004485,SRBL,59,53,100,238.00,"23,800.00"
2019-09-05,2019090501004484,SRBL,50,53,430,238.00,"102,340.00"
2019-09-05,2019090501004463,SRBL,50,45,100,238.00,"23,800.00"
2019-09-05,2019090501004719,SWBBL,48,35,50,926.00,"46,300.00"
2019-09-05,2019090501004481,SWBBL,48,48,10,926.00,"9,260.00"
2019-09-05,2019090501004480,SWBBL,26,48,40,927.00,"37,080.00"
2019-09-05,2019090501004438,UNHPL,42,51,50,60.00,"3,000.00"
2019-09-05,2019090501004631,UPPER,34,22,40,249.00,"9,960.00"
2019-09-05,2019090501004630,UPPER,34,55,40,249.00,"9,960.00"
2019-09-05,2019090501004629,UPPER,34,55,24,249.00,"5,976.00"
2019-09-05,2019090501004523,UPPER,34,16,360,248.00,"89,280.00"
2019-09-05,2019090501004500,UPPER,33,33,960,247.00,"237,120.00"
2019-09-05,2019090501004427,UPPER,33,51,10,247.00,"2,470.00"
2019-09-05,2019090501004337,UPPER,33,25,500,247.00,"123,500.00"
2019-09-05,2019090501004312,UPPER,33,57,100,247.00,"24,700.00"
2019-09-05,2019090501004662,VLBS,16,48,125,576.00,"72,000.00"
2019-09-05,2019090501004661,VLBS,51,48,100,577.00,"57,700.00"
2019-09-05,2019090501004660,VLBS,33,48,18,578.00,"10,404.00"
2019-09-05,2019090501003873,ADBL,55,46,56,427.00,"23,912.00"
2019-09-05,2019090501003872,ADBL,55,44,44,427.00,"18,788.00"
2019-09-05,2019090501003820,AHPC,45,49,90,99.00,"8,910.00"
2019-09-05,2019090501003819,AHPC,41,49,150,99.00,"14,850.00"
2019-09-05,2019090501003818,AHPC,40,49,500,99.00,"49,500.00"
2019-09-05,2019090501003817,AHPC,28,49,105,99.00,"10,395.00"
2019-09-05,2019090501003816,AHPC,20,49,50,99.00,"4,950.00"
2019-09-05,2019090501003815,AHPC,43,49,50,99.00,"4,950.00"
2019-09-05,2019090501003814,AHPC,52,49,55,100.00,"5,500.00"
2019-09-05,2019090501004208,AKJCL,26,39,10,60.00,600.00
2019-09-05,2019090501004058,AKJCL,26,16,20,60.00,"1,200.00"
2019-09-05,2019090501004215,AKPL,53,17,13,148.00,"1,924.00"
2019-09-05,2019090501004160,AKPL,53,7,20,148.00,"2,960.00"
2019-09-05,2019090501004152,AKPL,53,19,20,148.00,"2,960.00"
2019-09-05,2019090501004151,AKPL,14,19,80,148.00,"11,840.00"
2019-09-05,2019090501004118,AKPL,14,17,10,148.00,"1,480.00"
2019-09-05,2019090501004286,ALBSL,45,45,10,451.00,"4,510.00"
2019-09-05,2019090501004269,ALBSL,6,52,10,450.00,"4,500.00"
2019-09-05,2019090501004055,ALBSL,45,45,10,451.00,"4,510.00"
2019-09-05,2019090501003908,ALBSL,6,25,65,450.00,"29,250.00"
2019-09-05,2019090501003907,ALBSL,34,25,10,450.00,"4,500.00"
2019-09-05,2019090501003906,ALBSL,51,25,65,450.00,"29,250.00"
2019-09-05,2019090501003905,ALBSL,58,25,10,450.00,"4,500.00"
2019-09-05,2019090501004287,API,29,41,"1,000",112.00,"112,000.00"
2019-09-05,2019090501004247,API,17,17,500,114.00,"57,000.00"
2019-09-05,2019090501004198,API,53,56,50,115.00,"5,750.00"
2019-09-05,2019090501004105,API,43,39,100,117.00,"11,700.00"
2019-09-05,2019090501003932,API,44,48,50,119.00,"5,950.00"
2019-09-05,2019090501003827,API,42,56,590,111.00,"65,490.00"
2019-09-05,2019090501003826,API,41,56,100,112.00,"11,200.00"
2019-09-05,2019090501003825,API,42,56,100,112.00,"11,200.00"
2019-09-05,2019090501003833,API,52,56,50,111.00,"5,550.00"
2019-09-05,2019090501003832,API,22,56,"1,000",111.00,"111,000.00"
2019-09-05,2019090501003831,API,41,56,300,111.00,"33,300.00"
2019-09-05,2019090501003830,API,26,56,500,111.00,"55,500.00"
2019-09-05,2019090501003829,API,33,56,200,111.00,"22,200.00"
2019-09-05,2019090501003828,API,29,56,76,111.00,"8,436.00"
2019-09-05,2019090501003878,API,29,56,130,112.00,"14,560.00"
2019-09-05,2019090501003838,API,50,56,484,111.00,"53,724.00"
2019-09-05,2019090501003837,API,25,56,500,111.00,"55,500.00"
2019-09-05,2019090501003836,API,25,56,500,111.00,"55,500.00"
2019-09-05,2019090501003835,API,34,56,500,111.00,"55,500.00"
2019-09-05,2019090501003834,API,22,56,100,111.00,"11,100.00"
2019-09-05,2019090501003931,API,44,44,50,119.00,"5,950.00"
2019-09-05,2019090501003883,API,42,56,254,111.00,"28,194.00"
2019-09-05,2019090501003882,API,51,56,100,111.00,"11,100.00"
2019-09-05,2019090501003881,API,50,56,516,111.00,"57,276.00"
2019-09-05,2019090501003880,API,38,56,"1,000",112.00,"112,000.00"
2019-09-05,2019090501003879,API,36,56,"3,000",112.00,"336,000.00"
2019-09-05,2019090501004293,BFC,53,26,50,93.00,"4,650.00"
2019-09-05,2019090501004221,BFC,32,39,14,92.00,"1,288.00"
2019-09-05,2019090501003904,BFC,32,14,50,92.00,"4,600.00"
2019-09-05,2019090501004265,BOKL,32,35,500,262.00,"131,000.00"
2019-09-05,2019090501004264,BOKL,50,35,442,262.00,"115,804.00"
2019-09-05,2019090501004222,BOKL,50,44,258,262.00,"67,596.00"
2019-09-05,2019090501004157,BOKL,50,50,300,262.00,"78,600.00"
2019-09-05,2019090501003937,BOKL,11,16,55,263.00,"14,465.00"
2019-09-05,2019090501003936,BOKL,7,16,"1,000",263.00,"263,000.00"
2019-09-05,2019090501003935,BOKL,7,16,631,263.00,"165,953.00"
2019-09-05,2019090501003918,BOKL,7,46,369,263.00,"97,047.00"
2019-09-05,2019090501003917,BOKL,7,46,631,263.00,"165,953.00"
2019-09-05,2019090501003799,BOKL,44,49,200,264.00,"52,800.00"
2019-09-05,2019090501003798,BOKL,44,52,400,264.00,"105,600.00"
2019-09-05,2019090501004002,BPCL,17,17,22,387.00,"8,514.00"
2019-09-05,2019090501003988,BPCL,17,17,11,387.00,"4,257.00"
2019-09-05,2019090501004034,CBBL,44,43,100,985.00,"98,500.00"
2019-09-05,2019090501004033,CBBL,44,56,100,985.00,"98,500.00"
2019-09-05,2019090501004032,CBBL,44,50,50,985.00,"49,250.00"
2019-09-05,2019090501004031,CBBL,44,47,277,985.00,"272,845.00"
2019-09-05,2019090501004030,CBBL,44,45,100,984.00,"98,400.00"
2019-09-05,2019090501004283,CBL,39,51,10,148.00,"1,480.00"
2019-09-05,2019090501004234,CBL,39,39,23,148.00,"3,404.00"
2019-09-05,2019090501004226,CBL,39,51,190,148.00,"28,120.00"
2019-09-05,2019090501004225,CBL,51,51,15,148.00,"2,220.00"
2019-09-05,2019090501003946,CBL,51,38,385,148.00,"56,980.00"
2019-09-05,2019090501003945,CBL,6,38,50,148.00,"7,400.00"
2019-09-05,2019090501003938,CBL,58,38,145,148.00,"21,460.00"
2019-09-05,2019090501003944,CBL,34,38,20,148.00,"2,960.00"
2019-09-05,2019090501003943,CBL,59,38,"1,000",148.00,"148,000.00"
2019-09-05,2019090501003942,CBL,56,38,100,148.00,"14,800.00"
2019-09-05,2019090501003941,CBL,52,38,500,148.00,"74,000.00"
2019-09-05,2019090501003940,CBL,59,38,100,148.00,"14,800.00"
2019-09-05,2019090501003939,CBL,34,38,500,148.00,"74,000.00"
2019-09-05,2019090501004182,CCBL,22,17,22,160.00,"3,520.00"
2019-09-05,2019090501003856,CCBL,57,59,200,161.00,"32,200.00"
2019-09-05,2019090501004296,CHCL,44,34,51,445.00,"22,695.00"
2019-09-05,2019090501004295,CHCL,1,34,24,445.00,"10,680.00"
2019-09-05,2019090501004266,CIT,25,51,10,"1,920.00","19,200.00"
2019-09-05,2019090501004150,CIT,34,34,10,"1,920.00","19,200.00"
2019-09-05,2019090501004149,CIT,34,34,10,"1,920.00","19,200.00"
2019-09-05,2019090501004093,CIT,48,59,140,"1,919.00","268,660.00"
2019-09-05,2019090501004092,CIT,48,22,50,"1,918.00","95,900.00"
2019-09-05,2019090501004091,CIT,48,21,10,"1,918.00","19,180.00"
2019-09-05,2019090501004086,CIT,56,36,50,"1,911.00","95,550.00"
2019-09-05,2019090501004085,CIT,26,36,20,"1,915.00","38,300.00"
2019-09-05,2019090501004060,CIT,42,47,45,"1,915.00","86,175.00"
2019-09-05,2019090501004059,CLBSL,45,45,1,525.00,525.00
2019-09-05,2019090501004147,CZBIL,48,6,200,220.00,"44,000.00"
2019-09-05,2019090501003851,CZBIL,6,51,50,221.00,"11,050.00"
2019-09-05,2019090501004188,DBBL,21,19,300,132.00,"39,600.00"
2019-09-05,2019090501004187,DBBL,10,19,100,132.00,"13,200.00"
2019-09-05,2019090501003915,DBBL,17,10,284,131.00,"37,204.00"
2019-09-05,2019090501003914,DBBL,54,10,500,131.00,"65,500.00"
2019-09-05,2019090501003913,DBBL,17,10,"1,000",131.00,"131,000.00"
2019-09-05,2019090501003912,DBBL,35,10,100,131.00,"13,100.00"
2019-09-05,2019090501003911,DBBL,57,10,500,132.00,"66,000.00"
2019-09-05,2019090501003910,DBBL,19,10,411,132.00,"54,252.00"
2019-09-05,2019090501004079,EBL,28,45,99,622.00,"61,578.00"
2019-09-05,2019090501004078,EBL,36,45,10,622.00,"6,220.00"
2019-09-05,2019090501004077,EBL,14,45,67,622.00,"41,674.00"
2019-09-05,2019090501004076,EBL,49,45,30,622.00,"18,660.00"
2019-09-05,2019090501004075,EBL,44,45,84,622.00,"52,248.00"
2019-09-05,2019090501004074,EBL,28,45,200,623.00,"124,600.00"
2019-09-05,2019090501004073,EBL,34,45,10,623.00,"6,230.00"
2019-09-05,2019090501003909,EBL,14,19,133,622.00,"82,726.00"
2019-09-05,2019090501003894,EIC,6,7,22,309.00,"6,798.00"
2019-09-05,2019090501004123,FMDBL,45,59,100,382.00,"38,200.00"
2019-09-05,2019090501004257,FOWAD,25,39,10,"1,310.00","13,100.00"
2019-09-05,2019090501004262,GBLBS,8,40,190,340.00,"64,600.00"
2019-09-05,2019090501004261,GBLBS,13,40,20,341.00,"6,820.00"
2019-09-05,2019090501004260,GBLBS,52,40,40,341.00,"13,640.00"
2019-09-05,2019090501004038,GBLBS,52,13,460,341.00,"156,860.00"
2019-09-05,2019090501004037,GBLBS,52,13,500,341.00,"170,500.00"
2019-09-05,2019090501004036,GBLBS,40,13,50,341.00,"17,050.00"
2019-09-05,2019090501003993,GBLBS,6,13,50,342.00,"17,100.00"
2019-09-05,2019090501003992,GBLBS,22,13,300,342.00,"102,600.00"
2019-09-05,2019090501003991,GBLBS,8,13,500,342.00,"171,000.00"
2019-09-05,2019090501003990,GBLBS,34,13,100,343.00,"34,300.00"
2019-09-05,2019090501004285,GHL,43,39,30,71.00,"2,130.00"
2019-09-05,2019090501004170,GLBSL,44,44,10,480.00,"4,800.00"
2019-09-05,2019090501004089,GLICL,28,34,23,402.00,"9,246.00"
2019-09-05,2019090501004071,GLICL,28,35,112,402.00,"45,024.00"
