Date,Transact. No.,Symbol,Buyer,Seller,Quantity,Rate,Amount
2019-12-01,2019120101003698,ADBL,39,46,150,404.00,"60,600.00"
2019-12-01,2019120101003666,AHPC,26,50,944,96.00,"90,624.00"
2019-12-01,2019120101003665,AHPC,26,22,20,95.00,"1,900.00"
2019-12-01,2019120101003664,AHPC,26,56,605,95.00,"57,475.00"
2019-12-01,2019120101003663,AHPC,26,42,41,95.00,"3,895.00"
2019-12-01,2019120101003662,AHPC,26,43,490,95.00,"46,550.00"
2019-12-01,2019120101003714,AKPL,57,41,200,122.00,"24,400.00"
2019-12-01,2019120101003695,ALBSL,25,37,10,388.00,"3,880.00"
2019-12-01,2019120101003694,ALBSL,25,37,20,388.00,"7,760.00"
2019-12-01,2019120101003693,ALBSL,46,37,50,388.00,"19,400.00"
2019-12-01,2019120101003692,ALBSL,40,37,40,388.00,"15,520.00"
2019-12-01,2019120101003691,ALBSL,25,37,15,389.00,"5,835.00"
2019-12-01,2019120101003690,ALBSL,25,37,25,389.00,"9,725.00"
2019-12-01,2019120101003466,ALBSL,19,7,20,390.00,"7,800.00"
2019-12-01,2019120101003465,ALBSL,43,7,40,390.00,"15,600.00"
2019-12-01,2019120101003265,ALBSL,40,42,10,391.00,"3,910.00"
2019-12-01,2019120101003590,API,37,53,500,100.00,"50,000.00"
2019-12-01,2019120101003589,API,42,53,100,100.00,"10,000.00"
2019-12-01,2019120101003588,API,45,53,100,100.00,"10,000.00"
2019-12-01,2019120101003587,API,52,53,64,100.00,"6,400.00"
2019-12-01,2019120101003586,API,37,53,200,100.00,"20,000.00"
2019-12-01,2019120101003303,API,22,29,110,101.00,"11,110.00"
2019-12-01,2019120101003302,API,52,29,200,101.00,"20,200.00"
2019-12-01,2019120101003301,API,53,29,100,101.00,"10,100.00"
2019-12-01,2019120101003300,API,7,29,500,101.00,"50,500.00"
2019-12-01,2019120101003299,API,55,29,724,101.00,"73,124.00"
2019-12-01,2019120101003309,API,57,29,100,100.00,"10,000.00"
2019-12-01,2019120101003308,API,14,29,200,100.00,"20,000.00"
2019-12-01,2019120101003307,API,59,29,100,100.00,"10,000.00"
2019-12-01,2019120101003306,API,58,29,"4,000",100.00,"400,000.00"
2019-12-01,2019120101003305,API,34,29,500,100.00,"50,000.00"
2019-12-01,2019120101003304,API,43,29,30,100.00,"3,000.00"
2019-12-01,2019120101003340,API,25,50,50,102.00,"5,100.00"
2019-12-01,2019120101003313,API,52,29,136,100.00,"13,600.00"
2019-12-01,2019120101003312,API,57,29,200,100.00,"20,000.00"
2019-12-01,2019120101003311,API,38,29,100,100.00,"10,000.00"
2019-12-01,2019120101003310,API,55,29,"1,000",100.00,"100,000.00"
2019-12-01,2019120101003720,BOKL,42,50,300,212.00,"63,600.00"
2019-12-01,2019120101003719,BOKL,42,39,420,212.00,"89,040.00"
2019-12-01,2019120101003709,BOKL,42,5,250,211.00,"52,750.00"
2019-12-01,2019120101003708,BOKL,42,16,400,211.00,"84,400.00"
2019-12-01,2019120101003667,BOKL,45,16,250,211.00,"52,750.00"
2019-12-01,2019120101003551,BOKL,6,5,"1,000",211.00,"211,000.00"
2019-12-01,2019120101003550,BOKL,43,5,500,211.00,"105,500.00"
2019-12-01,2019120101003484,BOKL,38,16,100,212.00,"21,200.00"
2019-12-01,2019120101003239,BOKL,49,21,80,210.00,"16,800.00"
2019-12-01,2019120101003238,BOKL,40,21,20,210.00,"4,200.00"
2019-12-01,2019120101003386,BPCL,13,21,22,342.00,"7,524.00"
2019-12-01,2019120101003260,BPCL,16,16,3,340.00,"1,020.00"
2019-12-01,2019120101003725,CBBL,45,48,80,983.00,"78,640.00"
2019-12-01,2019120101003686,CBBL,34,36,300,980.00,"294,000.00"
2019-12-01,2019120101003685,CBBL,45,36,196,982.00,"192,472.00"
2019-12-01,2019120101003678,CBBL,45,49,30,982.00,"29,460.00"
2019-12-01,2019120101003677,CBBL,45,36,54,981.00,"52,974.00"
2019-12-01,2019120101003395,CBBL,46,58,10,982.00,"9,820.00"
2019-12-01,2019120101003339,CBBL,58,25,186,981.00,"182,466.00"
2019-12-01,2019120101003338,CBBL,40,25,100,981.00,"98,100.00"
2019-12-01,2019120101003243,CBBL,21,25,100,981.00,"98,100.00"
2019-12-01,2019120101003242,CBBL,54,25,100,981.00,"98,100.00"
2019-12-01,2019120101003241,CBBL,58,25,14,981.00,"13,734.00"
2019-12-01,2019120101003557,CBBL,58,29,10,981.00,"9,810.00"
2019-12-01,2019120101003554,CBBL,57,49,20,982.00,"19,640.00"
2019-12-01,2019120101003553,CBBL,57,3,10,982.00,"9,820.00"
2019-12-01,2019120101003552,CBBL,57,58,170,982.00,"166,940.00"
2019-12-01,2019120101003549,CBBL,58,58,100,981.00,"98,100.00"
2019-12-01,2019120101003540,CBBL,58,14,100,981.00,"98,100.00"
2019-12-01,2019120101003617,CBBL,34,20,200,980.00,"196,000.00"
2019-12-01,2019120101003616,CBBL,40,20,100,980.00,"98,000.00"
2019-12-01,2019120101003615,CBBL,39,20,100,980.00,"98,000.00"
2019-12-01,2019120101003582,CBBL,22,36,500,981.00,"490,500.00"
2019-12-01,2019120101003575,CBBL,58,45,50,981.00,"49,050.00"
2019-12-01,2019120101003558,CBBL,58,45,50,981.00,"49,050.00"
2019-12-01,2019120101003444,CBL,45,7,30,136.00,"4,080.00"
2019-12-01,2019120101003421,CBL,29,22,444,135.00,"59,940.00"
2019-12-01,2019120101003420,CBL,6,22,21,135.00,"2,835.00"
2019-12-01,2019120101003643,CCBL,49,32,10,160.00,"1,600.00"
2019-12-01,2019120101003591,CCBL,54,32,44,160.00,"7,040.00"
2019-12-01,2019120101003469,CCBL,54,32,52,160.00,"8,320.00"
2019-12-01,2019120101003285,CCBL,49,44,154,160.00,"24,640.00"
2019-12-01,2019120101003584,CHCL,6,47,475,356.00,"169,100.00"
2019-12-01,2019120101003342,CHCL,54,16,40,355.00,"14,200.00"
2019-12-01,2019120101003728,CIT,17,22,10,"1,690.00","16,900.00"
2019-12-01,2019120101003701,CZBIL,41,55,100,180.00,"18,000.00"
2019-12-01,2019120101003585,CZBIL,45,55,50,180.00,"9,000.00"
2019-12-01,2019120101003435,CZBIL,49,55,50,180.00,"9,000.00"
2019-12-01,2019120101003542,DBBL,25,49,84,121.00,"10,164.00"
2019-12-01,2019120101003541,DBBL,58,49,16,121.00,"1,936.00"
2019-12-01,2019120101003388,DBBL,39,51,100,122.00,"12,200.00"
2019-12-01,2019120101003334,DBBL,58,51,11,122.00,"1,342.00"
2019-12-01,2019120101003727,EBL,44,48,234,537.00,"125,658.00"
2019-12-01,2019120101003726,EBL,49,48,100,538.00,"53,800.00"
2019-12-01,2019120101003548,EBL,44,11,190,537.00,"102,030.00"
2019-12-01,2019120101003547,EBL,56,11,180,537.00,"96,660.00"
2019-12-01,2019120101003457,EBL,45,11,30,540.00,"16,200.00"
2019-12-01,2019120101003406,EBL,29,48,"1,000",540.00,"540,000.00"
2019-12-01,2019120101003405,EBL,10,48,20,540.00,"10,800.00"
2019-12-01,2019120101003404,EBL,34,48,433,540.00,"233,820.00"
2019-12-01,2019120101003385,EBL,34,48,320,540.00,"172,800.00"
2019-12-01,2019120101003384,EBL,45,48,100,540.00,"54,000.00"
2019-12-01,2019120101003383,EBL,43,48,30,541.00,"16,230.00"
2019-12-01,2019120101003477,EIC,38,5,100,210.00,"21,000.00"
2019-12-01,2019120101003561,FMDBL,37,8,75,300.00,"22,500.00"
2019-12-01,2019120101003318,FMDBL,37,41,800,300.00,"240,000.00"
2019-12-01,2019120101003528,FOWAD,32,21,50,"1,312.00","65,600.00"
2019-12-01,2019120101003453,GBBL,14,6,90,187.00,"16,830.00"
2019-12-01,2019120101003452,GBBL,22,6,388,187.00,"72,556.00"
2019-12-01,2019120101003403,GBBL,22,6,40,187.00,"7,480.00"
2019-12-01,2019120101003389,GBBL,5,6,60,188.00,"11,280.00"
2019-12-01,2019120101003600,GBLBS,18,35,50,286.00,"14,300.00"
2019-12-01,2019120101003468,GBLBS,18,35,10,286.00,"2,860.00"
2019-12-01,2019120101003467,GBLBS,56,35,100,286.00,"28,600.00"
2019-12-01,2019120101003422,GBLBS,56,35,90,287.00,"25,830.00"
2019-12-01,2019120101003401,GBLBS,56,33,10,287.00,"2,870.00"
2019-12-01,2019120101003539,GMFIL,43,16,10,112.00,"1,120.00"
2019-12-01,2019120101003476,HBL,16,21,10,478.00,"4,780.00"
2019-12-01,2019120101003445,HBL,16,11,300,478.00,"143,400.00"
2019-12-01,2019120101003687,HDL,50,34,50,"1,178.00","58,900.00"
2019-12-01,2019120101003647,HDL,50,3,20,"1,178.00","23,560.00"
2019-12-01,2019120101003646,HDL,50,51,30,"1,178.00","35,340.00"
2019-12-01,2019120101003559,HDL,38,3,10,"1,178.00","11,780.00"
2019-12-01,2019120101003514,HDL,41,38,20,"1,175.00","23,500.00"
2019-12-01,2019120101003513,HDL,41,3,10,"1,174.00","11,740.00"
2019-12-01,2019120101003294,HDL,21,51,50,"1,173.00","58,650.00"
2019-12-01,2019120101003293,HDL,21,45,50,"1,172.00","58,600.00"
2019-12-01,2019120101003292,HDL,21,3,20,"1,171.00","23,420.00"
2019-12-01,2019120101003509,HDL,40,49,100,"1,171.00","117,100.00"
2019-12-01,2019120101003485,HDL,38,56,100,"1,170.00","117,000.00"
2019-12-01,2019120101003473,HDL,38,46,100,"1,170.00","117,000.00"
2019-12-01,2019120101003472,HDL,38,3,20,"1,169.00","23,380.00"
2019-12-01,2019120101003296,HDL,21,56,30,"1,174.00","35,220.00"
2019-12-01,2019120101003295,HDL,21,16,50,"1,174.00","58,700.00"
2019-12-01,2019120101003668,HGI,49,49,10,239.00,"2,390.00"
2019-12-01,2019120101003620,HGI,49,59,97,235.00,"22,795.00"
2019-12-01,2019120101003619,HGI,49,59,100,235.00,"23,500.00"
2019-12-01,2019120101003266,HIDCL,10,32,11,132.00,"1,452.00"
2019-12-01,2019120101003250,HIDCL,10,32,11,132.00,"1,452.00"
2019-12-01,2019120101003240,HIDCL,10,32,11,132.00,"1,452.00"
2019-12-01,2019120101003372,HURJA,59,42,640,97.00,"62,080.00"
2019-12-01,2019120101003344,HURJA,42,42,20,98.00,"1,960.00"
2019-12-01,2019120101003343,HURJA,41,42,60,98.00,"5,880.00"
2019-12-01,2019120101003631,ICFC,43,1,50,156.00,"7,800.00"
2019-12-01,2019120101003676,JBBL,42,38,295,155.00,"45,725.00"
2019-12-01,2019120101003675,JBBL,32,38,255,155.00,"39,525.00"
2019-12-01,2019120101003674,JBBL,17,38,100,156.00,"15,600.00"
2019-12-01,2019120101003673,JBBL,13,38,200,156.00,"31,200.00"
2019-12-01,2019120101003672,JBBL,44,38,50,156.00,"7,800.00"
2019-12-01,2019120101003671,JBBL,57,38,100,156.00,"15,600.00"
2019-12-01,2019120101003245,JBBL,19,13,100,158.00,"15,800.00"
2019-12-01,2019120101003244,JBBL,39,13,173,158.00,"27,334.00"
2019-12-01,2019120101003670,JBBL,21,38,500,156.00,"78,000.00"
2019-12-01,2019120101003669,JBBL,28,38,900,156.00,"140,400.00"
2019-12-01,2019120101003529,JBBL,28,49,100,156.00,"15,600.00"
2019-12-01,2019120101003433,JBBL,8,49,"1,000",157.00,"157,000.00"
2019-12-01,2019120101003432,JBBL,56,49,200,157.00,"31,400.00"
2019-12-01,2019120101003431,JBBL,26,49,183,157.00,"28,731.00"
2019-12-01,2019120101003439,JFL,25,21,453,191.00,"86,523.00"
2019-12-01,2019120101003438,JFL,25,52,271,191.00,"51,761.00"
2019-12-01,2019120101003407,JFL,58,52,150,191.00,"28,650.00"
2019-12-01,2019120101003578,JSLBB,18,34,10,"1,189.00","11,890.00"
2019-12-01,2019120101003326,JSLBB,49,13,40,"1,173.00","46,920.00"
2019-12-01,2019120101003325,JSLBB,49,47,50,"1,173.00","58,650.00"
2019-12-01,2019120101003324,JSLBB,49,34,105,"1,172.00","123,060.00"
2019-12-01,2019120101003323,JSLBB,49,45,100,"1,171.00","117,100.00"
2019-12-01,2019120101003322,JSLBB,49,22,10,"1,171.00","11,710.00"
2019-12-01,2019120101003321,JSLBB,49,45,20,"1,170.00","23,400.00"
2019-12-01,2019120101003320,JSLBB,49,51,10,"1,169.00","11,690.00"
2019-12-01,2019120101003625,KBL,33,34,60,176.00,"10,560.00"
2019-12-01,2019120101003454,KBL,41,51,"1,000",176.00,"176,000.00"
2019-12-01,2019120101003429,KSBBL,32,38,"1,000",132.00,"132,000.00"
2019-12-01,2019120101003428,KSBBL,14,38,100,132.00,"13,200.00"
2019-12-01,2019120101003639,LBBL,26,41,300,170.00,"51,000.00"
2019-12-01,2019120101003638,LBBL,26,41,200,170.00,"34,000.00"
2019-12-01,2019120101003555,LBBL,35,8,491,169.00,"82,979.00"
2019-12-01,2019120101003546,LBBL,25,8,522,170.00,"88,740.00"
2019-12-01,2019120101003545,LBBL,25,42,36,170.00,"6,120.00"
2019-12-01,2019120101003544,LBBL,25,59,170,170.00,"28,900.00"
2019-12-01,2019120101003543,LBBL,25,51,272,170.00,"46,240.00"
2019-12-01,2019120101003502,LBBL,16,51,28,170.00,"4,760.00"
2019-12-01,2019120101003501,LBBL,16,4,200,170.00,"34,000.00"
2019-12-01,2019120101003650,LBL,5,38,400,215.00,"86,000.00"
2019-12-01,2019120101003649,LBL,29,38,100,215.00,"21,500.00"
2019-12-01,2019120101003648,LBL,14,38,500,215.00,"107,500.00"
2019-12-01,2019120101003352,LBL,45,6,500,216.00,"108,000.00"
2019-12-01,2019120101003642,MBL,37,50,542,213.00,"115,446.00"
2019-12-01,2019120101003641,MBL,57,50,100,213.00,"21,300.00"
2019-12-01,2019120101003640,MBL,8,50,400,213.00,"85,200.00"
2019-12-01,2019120101003470,MBL,49,38,50,214.00,"10,700.00"
2019-12-01,2019120101003443,MBL,8,22,100,213.00,"21,300.00"
2019-12-01,2019120101003710,MEGA,42,48,100,179.00,"17,900.00"
2019-12-01,2019120101003633,MEGA,47,48,200,179.00,"35,800.00"
2019-12-01,2019120101003607,MEGA,43,48,10,181.00,"1,810.00"
2019-12-01,2019120101003258,MEGA,42,45,100,179.00,"17,900.00"
2019-12-01,2019120101003257,MEGA,14,45,200,179.00,"35,800.00"
2019-12-01,2019120101003256,MEGA,58,45,80,179.00,"14,320.00"
2019-12-01,2019120101003531,MEGA,28,45,"1,220",179.00,"218,380.00"
2019-12-01,2019120101003471,MEGA,25,45,200,179.00,"35,800.00"
2019-12-01,2019120101003259,MEGA,56,45,200,179.00,"35,800.00"
2019-12-01,2019120101003530,MERO,45,50,50,403.00,"20,150.00"
2019-12-01,2019120101003267,MERO,45,21,170,403.00,"68,510.00"
2019-12-01,2019120101003497,MSLB,58,26,98,830.00,"81,340.00"
2019-12-01,2019120101003718,NABIL,44,58,75,723.00,"54,225.00"
2019-12-01,2019120101003717,NABIL,34,58,20,724.00,"14,480.00"
2019-12-01,2019120101003716,NABIL,26,58,100,724.00,"72,400.00"
2019-12-01,2019120101003480,NABIL,44,47,"1,070",723.00,"773,610.00"
2019-12-01,2019120101003479,NABIL,44,47,50,724.00,"36,200.00"
2019-12-01,2019120101003524,NBB,25,38,50,198.00,"9,900.00"
2019-12-01,2019120101003291,NBB,55,7,850,198.00,"168,300.00"
2019-12-01,2019120101003577,NBL,4,51,100,311.00,"31,100.00"
2019-12-01,2019120101003478,NBL,33,49,100,312.00,"31,200.00"
2019-12-01,2019120101003723,NCCB,58,34,10,200.00,"2,000.00"
2019-12-01,2019120101003722,NCCB,58,29,67,199.00,"13,333.00"
2019-12-01,2019120101003317,NCCB,25,56,100,199.00,"19,900.00"
2019-12-01,2019120101003599,NGPL,59,48,273,104.00,"28,392.00"
2019-12-01,2019120101003598,NGPL,22,48,500,104.00,"52,000.00"
2019-12-01,2019120101003597,NGPL,34,48,500,104.00,"52,000.00"
2019-12-01,2019120101003596,NGPL,35,48,227,105.00,"23,835.00"
2019-12-01,2019120101003526,NGPL,35,48,273,105.00,"28,665.00"
2019-12-01,2019120101003525,NGPL,59,48,300,105.00,"31,500.00"
2019-12-01,2019120101003724,NIB,25,58,50,415.00,"20,750.00"
2019-12-01,2019120101003702,NIB,25,58,13,415.00,"5,395.00"
2019-12-01,2019120101003618,NIB,7,51,200,414.00,"82,800.00"
2019-12-01,2019120101003560,NIB,39,22,21,414.00,"8,694.00"
2019-12-01,2019120101003715,NICA,35,4,"1,000",406.00,"406,000.00"
2019-12-01,2019120101003626,NICA,25,4,250,406.00,"101,500.00"
2019-12-01,2019120101003623,NICGF,43,22,"5,000",8.55,"42,750.00"
2019-12-01,2019120101003637,NICL,43,1,10,248.00,"2,480.00"
2019-12-01,2019120101003734,NIL,28,49,166,370.00,"61,420.00"
2019-12-01,2019120101003327,NIL,28,34,28,370.00,"10,360.00"
2019-12-01,2019120101003713,NLBBL,26,56,104,500.00,"52,000.00"
2019-12-01,2019120101003712,NLBBL,26,34,35,498.00,"17,430.00"
2019-12-01,2019120101003533,NLBBL,55,11,200,497.00,"99,400.00"
2019-12-01,2019120101003729,NLG,58,59,10,503.00,"5,030.00"
2019-12-01,2019120101003707,NLG,58,28,40,495.00,"19,800.00"
2019-12-01,2019120101003706,NLG,58,50,133,494.00,"65,702.00"
2019-12-01,2019120101003532,NLG,37,38,195,492.00,"95,940.00"
2019-12-01,2019120101003689,NLIC,5,55,65,842.00,"54,730.00"
2019-12-01,2019120101003658,NLIC,25,14,40,840.00,"33,600.00"
2019-12-01,2019120101003632,NLIC,50,51,22,832.00,"18,304.00"
2019-12-01,2019120101003630,NLIC,36,14,60,840.00,"50,400.00"
2019-12-01,2019120101003629,NLIC,36,42,50,840.00,"42,000.00"
2019-12-01,2019120101003614,NLIC,26,34,50,840.00,"42,000.00"
2019-12-01,2019120101003377,NLIC,8,44,489,839.00,"410,271.00"
2019-12-01,2019120101003376,NLIC,8,57,11,833.00,"9,163.00"
2019-12-01,2019120101003337,NLIC,36,20,200,833.00,"166,600.00"
2019-12-01,2019120101003336,NLIC,16,20,28,834.00,"23,352.00"
2019-12-01,2019120101003273,NLIC,16,28,11,834.00,"9,174.00"
2019-12-01,2019120101003613,NLIC,26,39,100,839.00,"83,900.00"
2019-12-01,2019120101003612,NLIC,26,44,11,839.00,"9,229.00"
2019-12-01,2019120101003611,NLIC,26,41,200,837.00,"167,400.00"
2019-12-01,2019120101003576,NLIC,36,45,100,831.00,"83,100.00"
2019-12-01,2019120101003391,NLIC,40,16,90,831.00,"74,790.00"
2019-12-01,2019120101003390,NLIC,17,16,10,832.00,"8,320.00"
2019-12-01,2019120101003721,NMB,25,43,137,385.00,"52,745.00"
2019-12-01,2019120101003601,NMB,25,51,63,384.00,"24,192.00"
2019-12-01,2019120101003556,NMB,49,49,19,384.00,"7,296.00"
2019-12-01,2019120101003496,NMB,49,4,"1,000",384.00,"384,000.00"
2019-12-01,2019120101003495,NMB,49,8,981,384.00,"376,704.00"
2019-12-01,2019120101003373,NMB,5,8,19,384.00,"7,296.00"
2019-12-01,2019120101003262,NMB,39,8,100,384.00,"38,400.00"
2019-12-01,2019120101003261,NMB,50,8,80,384.00,"30,720.00"
2019-12-01,2019120101003275,NMB,57,8,659,383.00,"252,397.00"
2019-12-01,2019120101003272,NMB,57,8,341,383.00,"130,603.00"
2019-12-01,2019120101003271,NMB,44,8,500,383.00,"191,500.00"
2019-12-01,2019120101003270,NMB,56,8,159,383.00,"60,897.00"
2019-12-01,2019120101003264,NMB,56,8,720,383.00,"275,760.00"
2019-12-01,2019120101003263,NMB,39,8,100,384.00,"38,400.00"
2019-12-01,2019120101003283,NMB,57,8,491,383.00,"188,053.00"
2019-12-01,2019120101003282,NMB,26,8,200,383.00,"76,600.00"
2019-12-01,2019120101003281,NMB,17,8,50,383.00,"19,150.00"
2019-12-01,2019120101003280,NMB,49,8,259,383.00,"99,197.00"
2019-12-01,2019120101003277,NMB,49,8,241,383.00,"92,303.00"
2019-12-01,2019120101003276,NMB,42,8,100,383.00,"38,300.00"
2019-12-01,2019120101003351,NMB,57,8,181,383.00,"69,323.00"
2019-12-01,2019120101003350,NMB,1,8,50,383.00,"19,150.00"
2019-12-01,2019120101003349,NMB,1,8,100,383.00,"38,300.00"
2019-12-01,2019120101003348,NMB,38,8,300,383.00,"114,900.00"
2019-12-01,2019120101003347,NMB,42,8,60,383.00,"22,980.00"
2019-12-01,2019120101003346,NMB,57,8,309,383.00,"118,347.00"
2019-12-01,2019120101003595,NMBMF,1,10,11,475.00,"5,225.00"
2019-12-01,2019120101003711,NMFBS,32,49,70,"1,800.00","126,000.00"
2019-12-01,2019120101003705,NMFBS,10,49,10,"1,800.00","18,000.00"
2019-12-01,2019120101003682,NMFBS,16,58,90,"1,804.00","162,360.00"
2019-12-01,2019120101003657,NMFBS,39,5,71,"1,804.00","128,084.00"
2019-12-01,2019120101003655,NMFBS,33,5,10,"1,804.00","18,040.00"
2019-12-01,2019120101003610,NMFBS,39,42,24,"1,801.00","43,224.00"
2019-12-01,2019120101003251,NMFBS,52,34,10,"1,802.00","18,020.00"
2019-12-01,2019120101003286,NMFBS,17,26,20,"1,803.00","36,060.00"
2019-12-01,2019120101003274,NMFBS,52,57,15,"1,803.00","27,045.00"
2019-12-01,2019120101003255,NMFBS,52,5,25,"1,804.00","45,100.00"
2019-12-01,2019120101003254,NMFBS,52,17,15,"1,804.00","27,060.00"
2019-12-01,2019120101003253,NMFBS,52,20,29,"1,804.00","52,316.00"
2019-12-01,2019120101003252,NMFBS,52,43,15,"1,803.00","27,045.00"
2019-12-01,2019120101003330,NMFBS,45,43,18,"1,804.00","32,472.00"
2019-12-01,2019120101003319,NMFBS,39,26,15,"1,801.00","27,015.00"
2019-12-01,2019120101003290,NMFBS,34,26,5,"1,800.00","9,000.00"
2019-12-01,2019120101003289,NMFBS,34,26,10,"1,800.00","18,000.00"
2019-12-01,2019120101003288,NMFBS,5,26,20,"1,800.00","36,000.00"
2019-12-01,2019120101003287,NMFBS,19,26,10,"1,800.00","18,000.00"
2019-12-01,2019120101003374,NMFBS,45,5,15,"1,804.00","27,060.00"
2019-12-01,2019120101003364,NMFBS,45,5,43,"1,804.00","77,572.00"
2019-12-01,2019120101003353,NMFBS,17,5,80,"1,804.00","144,320.00"
2019-12-01,2019120101003333,NMFBS,45,26,2,"1,804.00","3,608.00"
2019-12-01,2019120101003332,NMFBS,45,41,200,"1,804.00","360,800.00"
2019-12-01,2019120101003331,NMFBS,45,16,10,"1,804.00","18,040.00"
2019-12-01,2019120101003434,NMFBS,45,8,53,"1,804.00","95,612.00"
2019-12-01,2019120101003411,NMFBS,45,1,15,"1,804.00","27,060.00"
2019-12-01,2019120101003400,NMFBS,45,5,15,"1,804.00","27,060.00"
2019-12-01,2019120101003399,NMFBS,45,1,15,"1,804.00","27,060.00"
2019-12-01,2019120101003387,NMFBS,45,1,15,"1,804.00","27,060.00"
2019-12-01,2019120101003375,NMFBS,45,11,29,"1,804.00","52,316.00"
2019-12-01,2019120101003490,NMFBS,22,49,233,"1,805.00","420,565.00"
2019-12-01,2019120101003489,NMFBS,22,6,29,"1,805.00","52,345.00"
2019-12-01,2019120101003488,NMFBS,22,16,15,"1,805.00","27,075.00"
2019-12-01,2019120101003487,NMFBS,22,49,13,"1,805.00","23,465.00"
2019-12-01,2019120101003486,NMFBS,22,8,37,"1,804.00","66,748.00"
2019-12-01,2019120101003456,NMFBS,45,8,10,"1,804.00","18,040.00"
2019-12-01,2019120101003609,NMFBS,5,42,20,"1,802.00","36,040.00"
2019-12-01,2019120101003608,NMFBS,35,5,10,"1,804.00","18,040.00"
2019-12-01,2019120101003606,NMFBS,10,57,15,"1,802.00","27,030.00"
2019-12-01,2019120101003522,NMFBS,59,45,14,"1,802.00","25,228.00"
2019-12-01,2019120101003492,NMFBS,45,45,100,"1,802.00","180,200.00"
2019-12-01,2019120101003491,NMFBS,22,42,56,"1,805.00","101,080.00"
2019-12-01,2019120101003624,NUBL,16,5,101,885.00,"89,385.00"
2019-12-01,2019120101003455,NUBL,16,4,75,884.00,"66,300.00"
2019-12-01,2019120101003328,NUBL,16,10,11,884.00,"9,724.00"
2019-12-01,2019120101003696,PCBL,5,52,50,271.00,"13,550.00"
2019-12-01,2019120101003583,PCBL,39,28,947,270.00,"255,690.00"
2019-12-01,2019120101003297,PCBL,39,10,11,270.00,"2,970.00"
2019-12-01,2019120101003482,PFL,48,59,500,141.00,"70,500.00"
2019-12-01,2019120101003481,PFL,45,59,300,141.00,"42,300.00"
2019-12-01,2019120101003733,PIC,17,52,12,334.00,"4,008.00"
2019-12-01,2019120101003732,PIC,42,52,30,334.00,"10,020.00"
2019-12-01,2019120101003731,PIC,34,52,10,334.00,"3,340.00"
2019-12-01,2019120101003730,PIC,37,52,500,335.00,"167,500.00"
2019-12-01,2019120101003654,PIC,16,48,100,335.00,"33,500.00"
2019-12-01,2019120101003653,PIC,39,48,200,335.00,"67,000.00"
2019-12-01,2019120101003652,PIC,38,48,100,335.00,"33,500.00"
2019-12-01,2019120101003651,PIC,57,48,10,335.00,"3,350.00"
2019-12-01,2019120101003527,PIC,25,41,100,337.00,"33,700.00"
2019-12-01,2019120101003440,PPCL,35,21,10,100.00,"1,000.00"
2019-12-01,2019120101003464,PRIN,7,46,80,293.00,"23,440.00"
2019-12-01,2019120101003463,PRIN,45,46,20,293.00,"5,860.00"
2019-12-01,2019120101003462,PRIN,32,46,130,293.00,"38,090.00"
2019-12-01,2019120101003461,PRIN,51,46,200,294.00,"58,800.00"
2019-12-01,2019120101003460,PRIN,42,46,10,294.00,"2,940.00"
2019-12-01,2019120101003459,PRIN,42,46,10,294.00,"2,940.00"
2019-12-01,2019120101003458,PRIN,43,46,50,295.00,"14,750.00"
2019-12-01,2019120101003237,PRIN,42,56,10,294.00,"2,940.00"
2019-12-01,2019120101003236,PRIN,42,56,10,294.00,"2,940.00"
2019-12-01,2019120101003235,PRIN,46,56,100,294.00,"29,400.00"
2019-12-01,2019120101003451,PRVU,38,32,508,223.00,"113,284.00"
2019-12-01,2019120101003450,PRVU,42,32,100,223.00,"22,300.00"
2019-12-01,2019120101003449,PRVU,29,32,200,223.00,"44,600.00"
2019-12-01,2019120101003448,PRVU,41,32,100,223.00,"22,300.00"
2019-12-01,2019120101003447,PRVU,45,32,92,223.00,"20,516.00"
2019-12-01,2019120101003419,PRVU,45,32,108,223.00,"24,084.00"
2019-12-01,2019120101003418,PRVU,49,32,50,223.00,"11,150.00"
2019-12-01,2019120101003417,PRVU,58,32,"1,000",223.00,"223,000.00"
2019-12-01,2019120101003416,PRVU,44,32,"1,000",223.00,"223,000.00"
2019-12-01,2019120101003415,PRVU,44,32,"1,000",223.00,"223,000.00"
2019-12-01,2019120101003414,PRVU,38,32,"1,000",223.00,"223,000.00"
2019-12-01,2019120101003413,PRVU,41,32,"1,228",223.00,"273,844.00"
2019-12-01,2019120101003371,RBCLPO,59,11,50,"7,072.00","353,600.00"
2019-12-01,2019120101003370,RBCLPO,59,11,10,"7,077.00","70,770.00"
2019-12-01,2019120101003369,RBCLPO,56,11,20,"7,081.00","141,620.00"
2019-12-01,2019120101003368,RBCLPO,42,11,50,"7,085.00","354,250.00"
2019-12-01,2019120101003367,RBCLPO,19,11,10,"7,085.00","70,850.00"
2019-12-01,2019120101003366,RBCLPO,59,11,10,"7,100.00","71,000.00"
2019-12-01,2019120101003605,RHPL,45,25,108,164.00,"17,712.00"
2019-12-01,2019120101003604,RHPL,1,25,150,164.00,"24,600.00"
2019-12-01,2019120101003603,RHPL,21,25,162,164.00,"26,568.00"
2019-12-01,2019120101003602,RHPL,14,25,80,164.00,"13,120.00"
2019-12-01,2019120101003410,RHPL,14,21,40,164.00,"6,560.00"
2019-12-01,2019120101003628,RMDC,22,53,100,575.00,"57,500.00"
2019-12-01,2019120101003627,RMDC,44,53,33,575.00,"18,975.00"
2019-12-01,2019120101003430,RRHP,42,21,10,98.00,980.00
2019-12-01,2019120101003622,SABSL,19,33,15,474.00,"7,110.00"
2019-12-01,2019120101003621,SABSL,19,37,170,474.00,"80,580.00"
2019-12-01,2019120101003592,SABSL,52,37,10,474.00,"4,740.00"
2019-12-01,2019120101003681,SANIMA,59,52,400,304.00,"121,600.00"
2019-12-01,2019120101003680,SANIMA,59,17,200,304.00,"60,800.00"
2019-12-01,2019120101003679,SANIMA,59,38,300,304.00,"91,200.00"
2019-12-01,2019120101003644,SANIMA,59,38,500,304.00,"152,000.00"
2019-12-01,2019120101003442,SANIMA,34,38,950,303.00,"287,850.00"
2019-12-01,2019120101003441,SANIMA,45,38,50,303.00,"15,150.00"
2019-12-01,2019120101003409,SANIMA,44,5,100,303.00,"30,300.00"
2019-12-01,2019120101003408,SANIMA,58,5,100,303.00,"30,300.00"
2019-12-01,2019120101003516,SBI,58,49,900,348.00,"313,200.00"
2019-12-01,2019120101003515,SBI,58,22,100,348.00,"34,800.00"
2019-12-01,2019120101003382,SBI,22,49,100,346.00,"34,600.00"
2019-12-01,2019120101003381,SBI,6,49,50,346.00,"17,300.00"
2019-12-01,2019120101003380,SBI,19,49,100,346.00,"34,600.00"
2019-12-01,2019120101003379,SBI,38,49,100,346.00,"34,600.00"
2019-12-01,2019120101003378,SBI,7,49,133,346.00,"46,018.00"
2019-12-01,2019120101003284,SBI,50,49,50,347.00,"17,350.00"
2019-12-01,2019120101003436,SBL,40,28,500,279.00,"139,500.00"
2019-12-01,2019120101003656,SCB,38,8,30,525.00,"15,750.00"
2019-12-01,2019120101003521,SCB,52,8,112,525.00,"58,800.00"
2019-12-01,2019120101003520,SCB,45,8,50,525.00,"26,250.00"
2019-12-01,2019120101003519,SCB,34,8,"1,000",525.00,"525,000.00"
2019-12-01,2019120101003518,SCB,40,8,50,525.00,"26,250.00"
2019-12-01,2019120101003517,SCB,45,8,460,525.00,"241,500.00"
2019-12-01,2019120101003398,SCB,45,57,40,525.00,"21,000.00"
2019-12-01,2019120101003397,SCB,26,57,10,525.00,"5,250.00"
2019-12-01,2019120101003396,SCB,34,57,50,525.00,"26,250.00"
2019-12-01,2019120101003661,SDESI,48,17,100,516.00,"51,600.00"
2019-12-01,2019120101003660,SDESI,38,17,100,516.00,"51,600.00"
2019-12-01,2019120101003659,SDESI,40,17,10,517.00,"5,170.00"
2019-12-01,2019120101003645,SFFIL,4,52,500,166.00,"83,000.00"
2019-12-01,2019120101003279,SFFIL,4,36,180,164.00,"29,520.00"
2019-12-01,2019120101003700,SHIVM,22,51,35,391.00,"13,685.00"
2019-12-01,2019120101003699,SHIVM,42,51,15,391.00,"5,865.00"
2019-12-01,2019120101003684,SHPC,14,44,90,182.00,"16,380.00"
2019-12-01,2019120101003427,SICL,57,38,92,740.00,"68,080.00"
2019-12-01,2019120101003426,SICL,19,38,41,744.00,"30,504.00"
2019-12-01,2019120101003425,SICL,19,38,104,744.00,"77,376.00"
2019-12-01,2019120101003424,SICL,6,38,30,745.00,"22,350.00"
2019-12-01,2019120101003423,SICL,40,38,100,745.00,"74,500.00"
2019-12-01,2019120101003316,SIL,42,41,100,360.00,"36,000.00"
2019-12-01,2019120101003315,SIL,42,41,100,360.00,"36,000.00"
2019-12-01,2019120101003314,SIL,47,41,20,360.00,"7,200.00"
2019-12-01,2019120101003538,SJCL,41,38,460,152.00,"69,920.00"
2019-12-01,2019120101003537,SJCL,19,38,500,153.00,"76,500.00"
2019-12-01,2019120101003536,SJCL,39,38,100,153.00,"15,300.00"
2019-12-01,2019120101003535,SJCL,40,38,10,153.00,"1,530.00"
2019-12-01,2019120101003402,SJCL,40,21,20,153.00,"3,060.00"
2019-12-01,2019120101003345,SJCL,40,26,210,153.00,"32,130.00"
2019-12-01,2019120101003688,SKBBL,47,38,60,914.00,"54,840.00"
2019-12-01,2019120101003512,SKBBL,1,38,55,914.00,"50,270.00"
2019-12-01,2019120101003475,SKBBL,1,39,50,914.00,"45,700.00"
2019-12-01,2019120101003278,SLBBL,6,22,500,470.00,"235,000.00"
2019-12-01,2019120101003697,SLBSL,49,35,10,738.00,"7,380.00"
2019-12-01,2019120101003246,SLBSL,49,1,13,738.00,"9,594.00"
2019-12-01,2019120101003335,SLBSL,49,58,40,738.00,"29,520.00"
2019-12-01,2019120101003574,SLICL,26,41,30,240.00,"7,200.00"
2019-12-01,2019120101003573,SLICL,58,41,20,240.00,"4,800.00"
2019-12-01,2019120101003572,SLICL,44,41,50,240.00,"12,000.00"
2019-12-01,2019120101003571,SLICL,39,41,32,240.00,"7,680.00"
2019-12-01,2019120101003570,SLICL,44,41,100,240.00,"24,000.00"
2019-12-01,2019120101003569,SLICL,42,41,10,241.00,"2,410.00"
2019-12-01,2019120101003392,SLICL,1,41,400,245.00,"98,000.00"
2019-12-01,2019120101003247,SLICL,25,45,20,248.00,"4,960.00"
2019-12-01,2019120101003568,SLICL,42,41,10,241.00,"2,410.00"
2019-12-01,2019120101003567,SLICL,42,41,10,241.00,"2,410.00"
2019-12-01,2019120101003566,SLICL,42,41,10,241.00,"2,410.00"
2019-12-01,2019120101003565,SLICL,42,41,30,241.00,"7,230.00"
2019-12-01,2019120101003564,SLICL,6,41,72,241.00,"17,352.00"
2019-12-01,2019120101003393,SLICL,51,41,100,244.00,"24,400.00"
2019-12-01,2019120101003593,SMATA,41,48,19,490.00,"9,310.00"
2019-12-01,2019120101003483,SMATA,41,17,227,490.00,"111,230.00"
2019-12-01,2019120101003446,SMB,21,37,700,437.00,"305,900.00"
2019-12-01,2019120101003365,SMB,17,39,10,437.00,"4,370.00"
2019-12-01,2019120101003704,SMFBS,34,32,10,771.00,"7,710.00"
2019-12-01,2019120101003594,SMFBS,21,26,10,758.00,"7,580.00"
2019-12-01,2019120101003534,SMFBS,34,32,10,768.00,"7,680.00"
2019-12-01,2019120101003511,SMFBS,22,28,10,753.00,"7,530.00"
2019-12-01,2019120101003508,SMFBS,6,28,40,755.00,"30,200.00"
2019-12-01,2019120101003507,SMFBS,57,28,100,756.00,"75,600.00"
2019-12-01,2019120101003298,SMFBS,22,47,10,768.00,"7,680.00"
2019-12-01,2019120101003506,SMFBS,10,28,20,756.00,"15,120.00"
2019-12-01,2019120101003505,SMFBS,34,28,50,760.00,"38,000.00"
2019-12-01,2019120101003504,SMFBS,34,28,20,761.00,"15,220.00"
2019-12-01,2019120101003503,SMFBS,34,28,10,768.00,"7,680.00"
2019-12-01,2019120101003341,SMFBS,6,47,10,768.00,"7,680.00"
2019-12-01,2019120101003329,SMFBS,57,47,20,768.00,"15,360.00"
2019-12-01,2019120101003499,SPARS,50,36,10,522.00,"5,220.00"
2019-12-01,2019120101003493,SPARS,50,11,300,516.00,"154,800.00"
2019-12-01,2019120101003474,SPARS,50,47,90,515.00,"46,350.00"
2019-12-01,2019120101003703,SPDL,45,39,21,83.00,"1,743.00"
2019-12-01,2019120101003412,SWBBL,53,53,50,927.00,"46,350.00"
2019-12-01,2019120101003500,TMDBL,57,52,543,141.00,"76,563.00"
2019-12-01,2019120101003636,UIC,52,35,30,215.00,"6,450.00"
2019-12-01,2019120101003635,UIC,57,35,111,215.00,"23,865.00"
2019-12-01,2019120101003634,UIC,21,35,50,217.00,"10,850.00"
2019-12-01,2019120101003683,UPPER,6,21,50,226.00,"11,300.00"
2019-12-01,2019120101003581,UPPER,25,50,10,230.00,"2,300.00"
2019-12-01,2019120101003580,UPPER,25,40,200,228.00,"45,600.00"
2019-12-01,2019120101003579,UPPER,25,58,40,227.00,"9,080.00"
2019-12-01,2019120101003563,UPPER,25,50,100,226.00,"22,600.00"
2019-12-01,2019120101003562,UPPER,25,48,450,226.00,"101,700.00"
2019-12-01,2019120101003354,UPPER,6,48,350,226.00,"79,100.00"
2019-12-01,2019120101003269,UPPER,6,22,782,225.00,"175,950.00"
2019-12-01,2019120101003268,UPPER,6,47,18,225.00,"4,050.00"
2019-12-01,2019120101003360,UPPER,6,47,40,226.00,"9,040.00"
2019-12-01,2019120101003359,UPPER,6,47,40,226.00,"9,040.00"
2019-12-01,2019120101003358,UPPER,6,16,500,226.00,"113,000.00"
2019-12-01,2019120101003357,UPPER,6,51,500,226.00,"113,000.00"
2019-12-01,2019120101003356,UPPER,6,26,10,226.00,"2,260.00"
2019-12-01,2019120101003355,UPPER,6,34,200,226.00,"45,200.00"
2019-12-01,2019120101003523,UPPER,25,48,50,226.00,"11,300.00"
2019-12-01,2019120101003498,UPPER,14,14,500,226.00,"113,000.00"
2019-12-01,2019120101003394,UPPER,6,21,40,225.00,"9,000.00"
2019-12-01,2019120101003363,UPPER,6,47,50,226.00,"11,300.00"
2019-12-01,2019120101003362,UPPER,6,47,50,226.00,"11,300.00"
2019-12-01,2019120101003361,UPPER,6,47,50,226.00,"11,300.00"
2019-12-01,2019120101003510,VLBS,45,43,10,600.00,"6,000.00"
2019-12-01,2019120101003494,VLBS,45,55,100,600.00,"60,000.00"
2019-12-01,2019120101003437,VLBS,45,35,30,600.00,"18,000.00"
2019-12-01,2019120101003249,VLBS,45,33,570,605.00,"344,850.00"
2019-12-01,2019120101003248,VLBS,45,45,100,604.00,"60,400.00"
2019-12-01,2019120101003151,ADBL,39,36,50,404.00,"20,200.00"
2019-12-01,2019120101003136,ADBL,58,36,189,404.00,"76,356.00"
2019-12-01,2019120101003076,ADBL,50,36,11,404.00,"4,444.00"
2019-12-01,2019120101003026,ADBL,14,36,250,404.00,"101,000.00"
2019-12-01,2019120101002764,ADBL,58,36,500,404.00,"202,000.00"
2019-12-01,2019120101003017,AHPC,28,43,10,95.00,950.00
2019-12-01,2019120101003014,AHPC,28,22,10,94.00,940.00
2019-12-01,2019120101003045,AKBSL,52,44,10,430.00,"4,300.00"
2019-12-01,2019120101003044,AKBSL,52,28,100,430.00,"43,000.00"
2019-12-01,2019120101002964,AKJCL,6,42,260,58.00,"15,080.00"
2019-12-01,2019120101002842,ALBSL,48,36,60,392.00,"23,520.00"
2019-12-01,2019120101002770,ALBSL,48,42,90,391.00,"35,190.00"
2019-12-01,2019120101002850,ALICL,14,52,899,315.00,"283,185.00"
2019-12-01,2019120101002849,ALICL,14,42,300,314.00,"94,200.00"
2019-12-01,2019120101002810,ALICL,16,47,32,312.00,"9,984.00"
2019-12-01,2019120101002754,ALICL,58,47,68,312.00,"21,216.00"
2019-12-01,2019120101003128,API,25,50,50,102.00,"5,100.00"
2019-12-01,2019120101002858,API,7,25,174,101.00,"17,574.00"
2019-12-01,2019120101002859,API,55,25,276,101.00,"27,876.00"
2019-12-01,2019120101003188,BOKL,6,16,"1,000",211.00,"211,000.00"
2019-12-01,2019120101003073,BOKL,6,5,"1,000",211.00,"211,000.00"
2019-12-01,2019120101003072,BOKL,4,5,100,211.00,"21,100.00"
2019-12-01,2019120101003071,BOKL,16,5,200,211.00,"42,200.00"
2019-12-01,2019120101003070,BOKL,43,5,500,211.00,"105,500.00"
2019-12-01,2019120101003069,BOKL,8,5,225,211.00,"47,475.00"
2019-12-01,2019120101003068,BOKL,6,5,267,211.00,"56,337.00"
2019-12-01,2019120101003058,BOKL,49,17,50,213.00,"10,650.00"
2019-12-01,2019120101003224,CBBL,44,58,50,982.00,"49,100.00"
2019-12-01,2019120101003196,CBBL,45,58,15,982.00,"14,730.00"
2019-12-01,2019120101003186,CBBL,58,5,281,981.00,"275,661.00"
2019-12-01,2019120101003185,CBBL,58,5,19,982.00,"18,658.00"
2019-12-01,2019120101003135,CBBL,58,6,138,982.00,"135,516.00"
2019-12-01,2019120101003134,CBBL,48,6,12,982.00,"11,784.00"
2019-12-01,2019120101003133,CBBL,6,6,50,982.00,"49,100.00"
2019-12-01,2019120101003091,CBBL,48,37,33,982.00,"32,406.00"
2019-12-01,2019120101003090,CBBL,13,37,25,982.00,"24,550.00"
2019-12-01,2019120101002878,CBBL,58,51,33,982.00,"32,406.00"
2019-12-01,2019120101003159,CBL,6,38,29,135.00,"3,915.00"
2019-12-01,2019120101003158,CBL,49,38,500,135.00,"67,500.00"
2019-12-01,2019120101003157,CBL,32,38,558,135.00,"75,330.00"
2019-12-01,2019120101003156,CBL,8,38,913,135.00,"123,255.00"
2019-12-01,2019120101003117,CBL,8,58,87,135.00,"11,745.00"
2019-12-01,2019120101003116,CBL,43,58,250,135.00,"33,750.00"
2019-12-01,2019120101003095,CBL,49,22,25,136.00,"3,400.00"
2019-12-01,2019120101003078,CBL,17,22,10,136.00,"1,360.00"
2019-12-01,2019120101003077,CBL,17,38,190,136.00,"25,840.00"
2019-12-01,2019120101003046,CBL,17,38,200,136.00,"27,200.00"
2019-12-01,2019120101002993,CBL,48,38,300,136.00,"40,800.00"
2019-12-01,2019120101002970,CBL,52,38,300,136.00,"40,800.00"
2019-12-01,2019120101003115,CBL,40,58,500,135.00,"67,500.00"
2019-12-01,2019120101003114,CBL,58,58,"2,000",135.00,"270,000.00"
2019-12-01,2019120101003113,CBL,44,58,100,135.00,"13,500.00"
2019-12-01,2019120101003112,CBL,40,58,"2,000",135.00,"270,000.00"
2019-12-01,2019120101003111,CBL,42,58,500,135.00,"67,500.00"
2019-12-01,2019120101003103,CBL,58,38,"2,000",135.00,"270,000.00"
2019-12-01,2019120101003100,CCBL,49,42,856,160.00,"136,960.00"
2019-12-01,2019120101003099,CCBL,49,29,"1,990",160.00,"318,400.00"
2019-12-01,2019120101003054,CCBL,49,29,10,160.00,"1,600.00"
2019-12-01,2019120101003053,CCBL,49,22,40,160.00,"6,400.00"
2019-12-01,2019120101002848,CCBL,29,36,307,159.00,"48,813.00"
2019-12-01,2019120101002847,CCBL,29,45,"1,000",159.00,"159,000.00"
2019-12-01,2019120101002772,CCBL,21,57,174,158.00,"27,492.00"
2019-12-01,2019120101002846,CCBL,29,49,601,159.00,"95,559.00"
2019-12-01,2019120101002845,CCBL,29,52,204,159.00,"32,436.00"
2019-12-01,2019120101002844,CCBL,29,41,360,159.00,"57,240.00"
2019-12-01,2019120101002830,CCBL,21,44,76,158.00,"12,008.00"
2019-12-01,2019120101002829,CCBL,16,44,174,158.00,"27,492.00"
2019-12-01,2019120101002773,CCBL,16,57,326,158.00,"51,508.00"
2019-12-01,2019120101003221,CHCL,46,16,10,356.00,"3,560.00"
2019-12-01,2019120101003092,CIT,54,51,10,"1,690.00","16,900.00"
2019-12-01,2019120101003055,CIT,29,51,20,"1,691.00","33,820.00"
2019-12-01,2019120101002976,CZBIL,16,38,512,179.00,"91,648.00"
2019-12-01,2019120101002975,CZBIL,49,38,50,179.00,"8,950.00"
2019-12-01,2019120101002917,CZBIL,5,52,29,181.00,"5,249.00"
2019-12-01,2019120101003097,EBL,52,48,50,542.00,"27,100.00"
2019-12-01,2019120101002971,EDBL,19,52,100,283.00,"28,300.00"
2019-12-01,2019120101003127,EIC,7,5,430,210.00,"90,300.00"
2019-12-01,2019120101003075,EIC,7,33,"1,070",210.00,"224,700.00"
2019-12-01,2019120101003024,EIC,45,33,350,210.00,"73,500.00"
2019-12-01,2019120101003023,EIC,45,5,150,209.00,"31,350.00"
2019-12-01,2019120101003227,FMDBL,25,57,80,301.00,"24,080.00"
2019-12-01,2019120101002785,FMDBL,25,25,17,301.00,"5,117.00"
2019-12-01,2019120101002783,FMDBL,37,48,103,300.00,"30,900.00"
2019-12-01,2019120101002782,FMDBL,57,48,30,300.00,"9,000.00"
2019-12-01,2019120101003052,FOWAD,18,7,30,"1,314.00","39,420.00"
2019-12-01,2019120101002977,FOWAD,18,17,20,"1,314.00","26,280.00"
2019-12-01,2019120101002831,FOWAD,19,7,40,"1,313.00","52,520.00"
2019-12-01,2019120101003120,GBBL,22,49,72,187.00,"13,464.00"
2019-12-01,2019120101003119,GBBL,1,49,28,187.00,"5,236.00"
2019-12-01,2019120101003033,GBBL,51,55,600,188.00,"112,800.00"
2019-12-01,2019120101003030,GBBL,45,55,100,188.00,"18,800.00"
2019-12-01,2019120101002902,GBBL,56,55,100,188.00,"18,800.00"
2019-12-01,2019120101003212,GBLBS,56,43,100,288.00,"28,800.00"
2019-12-01,2019120101002763,GBLBS,41,43,100,288.00,"28,800.00"
2019-12-01,2019120101002746,GFCL,28,56,20,131.00,"2,620.00"
2019-12-01,2019120101003232,GGBSL,21,7,30,582.00,"17,460.00"
2019-12-01,2019120101003231,GGBSL,21,22,10,582.00,"5,820.00"
2019-12-01,2019120101003230,GGBSL,21,22,10,582.00,"5,820.00"
2019-12-01,2019120101003229,GGBSL,21,42,150,582.00,"87,300.00"
2019-12-01,2019120101002761,GLBSL,38,32,10,408.00,"4,080.00"
2019-12-01,2019120101003039,GLICL,25,48,11,358.00,"3,938.00"
2019-12-01,2019120101003022,GLICL,25,8,78,353.00,"27,534.00"
2019-12-01,2019120101002942,GLICL,25,48,30,352.00,"10,560.00"
2019-12-01,2019120101002935,GLICL,25,48,20,352.00,"7,040.00"
2019-12-01,2019120101002852,GLICL,32,32,216,350.00,"75,600.00"
2019-12-01,2019120101002933,GMFIL,13,16,500,113.00,"56,500.00"
2019-12-01,2019120101002927,GMFIL,58,16,200,113.00,"22,600.00"
2019-12-01,2019120101003144,HBL,25,8,10,480.00,"4,800.00"
2019-12-01,2019120101003143,HBL,58,8,10,480.00,"4,800.00"
2019-12-01,2019120101003142,HBL,41,8,250,480.00,"120,000.00"
2019-12-01,2019120101003141,HBL,18,8,110,480.00,"52,800.00"
2019-12-01,2019120101002997,HDL,58,47,10,"1,172.00","11,720.00"
2019-12-01,2019120101002965,HDL,58,54,10,"1,172.00","11,720.00"
2019-12-01,2019120101002955,HDL,58,39,115,"1,160.00","133,400.00"
2019-12-01,2019120101002954,HDL,58,16,100,"1,157.00","115,700.00"
2019-12-01,2019120101002953,HDL,58,16,50,"1,157.00","57,850.00"
2019-12-01,2019120101002952,HDL,58,49,20,"1,157.00","23,140.00"
2019-12-01,2019120101002905,HDL,58,49,10,"1,157.00","11,570.00"
2019-12-01,2019120101002904,HDL,58,58,10,"1,155.00","11,550.00"
2019-12-01,2019120101002815,HDL,4,47,60,"1,150.00","69,000.00"
2019-12-01,2019120101002786,HDL,4,47,48,"1,150.00","55,200.00"
2019-12-01,2019120101002768,HDL,4,53,200,"1,150.00","230,000.00"
2019-12-01,2019120101002767,HDL,14,58,50,"1,155.00","57,750.00"
2019-12-01,2019120101003233,HIDCL,10,32,11,132.00,"1,452.00"
2019-12-01,2019120101003184,HIDCL,10,14,182,132.00,"24,024.00"
2019-12-01,2019120101003183,HIDCL,1,14,100,132.00,"13,200.00"
2019-12-01,2019120101003182,HIDCL,40,14,268,132.00,"35,376.00"
2019-12-01,2019120101002809,HIDCL,10,4,374,132.00,"49,368.00"
2019-12-01,2019120101002778,HIDCL,40,45,100,132.00,"13,200.00"
2019-12-01,2019120101003041,HPPL,53,17,10,133.00,"1,330.00"
2019-12-01,2019120101002826,ILBS,37,25,10,486.00,"4,860.00"
2019-12-01,2019120101002825,ILBS,37,52,150,485.00,"72,750.00"
2019-12-01,2019120101002824,ILBS,37,1,10,484.00,"4,840.00"
2019-12-01,2019120101003057,JBBL,53,38,100,159.00,"15,900.00"
2019-12-01,2019120101002938,JBBL,39,33,341,158.00,"53,878.00"
2019-12-01,2019120101002910,JBBL,42,33,100,158.00,"15,800.00"
2019-12-01,2019120101002909,JBBL,45,33,59,158.00,"9,322.00"
2019-12-01,2019120101003051,KBL,42,49,191,176.00,"33,616.00"
2019-12-01,2019120101003050,KBL,40,49,200,176.00,"35,200.00"
2019-12-01,2019120101003049,KBL,1,49,300,176.00,"52,800.00"
2019-12-01,2019120101003048,KBL,13,49,100,176.00,"17,600.00"
2019-12-01,2019120101003047,KBL,45,49,100,176.00,"17,600.00"
2019-12-01,2019120101002788,KBL,45,43,50,177.00,"8,850.00"
2019-12-01,2019120101003153,KPCL,6,59,100,81.00,"8,100.00"
2019-12-01,2019120101003152,KPCL,6,59,90,81.00,"7,290.00"
2019-12-01,2019120101002839,KPCL,22,59,79,80.00,"6,320.00"
2019-12-01,2019120101002838,KPCL,22,47,10,80.00,800.00
2019-12-01,2019120101003094,LBL,7,6,500,216.00,"108,000.00"
2019-12-01,2019120101003093,LBL,7,6,133,216.00,"28,728.00"
2019-12-01,2019120101003037,LBL,6,6,467,216.00,"100,872.00"
2019-12-01,2019120101003036,LBL,6,45,33,216.00,"7,128.00"
2019-12-01,2019120101002929,LBL,7,45,527,216.00,"113,832.00"
2019-12-01,2019120101002928,LBL,7,45,223,216.00,"48,168.00"
2019-12-01,2019120101002799,LBL,21,45,120,216.00,"25,920.00"
2019-12-01,2019120101003155,LGIL,58,43,18,300.00,"5,400.00"
2019-12-01,2019120101003154,LGIL,58,52,200,294.00,"58,800.00"
2019-12-01,2019120101003016,LGIL,5,7,400,290.00,"116,000.00"
2019-12-01,2019120101002776,LGIL,5,41,605,290.00,"175,450.00"
2019-12-01,2019120101002918,LICN,25,35,10,949.00,"9,490.00"
2019-12-01,2019120101002820,LICN,25,25,10,943.00,"9,430.00"
2019-12-01,2019120101002817,LICN,14,59,490,935.00,"458,150.00"
2019-12-01,2019120101002789,LICN,25,59,10,938.00,"9,380.00"
2019-12-01,2019120101002781,LICN,25,53,17,923.00,"15,691.00"
2019-12-01,2019120101002780,LICN,25,49,17,922.00,"15,674.00"
2019-12-01,2019120101002779,LICN,25,22,10,921.00,"9,210.00"
2019-12-01,2019120101002775,LICN,25,22,47,920.00,"43,240.00"
2019-12-01,2019120101002766,LICN,25,36,27,910.00,"24,570.00"
2019-12-01,2019120101002762,LLBS,40,47,25,580.00,"14,500.00"
2019-12-01,2019120101003211,MEGA,42,28,213,180.00,"38,340.00"
2019-12-01,2019120101003138,MEGA,49,42,50,180.00,"9,000.00"
2019-12-01,2019120101003137,MEGA,22,42,35,180.00,"6,300.00"
2019-12-01,2019120101002855,MEGA,22,48,465,180.00,"83,700.00"
2019-12-01,2019120101002758,MEGA,38,48,300,180.00,"54,000.00"
2019-12-01,2019120101002757,MEGA,29,48,100,180.00,"18,000.00"
2019-12-01,2019120101002756,MEGA,13,48,500,180.00,"90,000.00"
2019-12-01,2019120101002755,MEGA,22,48,"2,050",180.00,"369,000.00"
2019-12-01,2019120101002759,MEGA,58,48,800,180.00,"144,000.00"
2019-12-01,2019120101002853,MEGA,22,48,"1,000",180.00,"180,000.00"
2019-12-01,2019120101002750,MERO,45,7,80,403.00,"32,240.00"
2019-12-01,2019120101002749,MERO,4,7,10,403.00,"4,030.00"
2019-12-01,2019120101002748,MERO,32,7,130,403.00,"52,390.00"
2019-12-01,2019120101003089,MHNL,40,28,40,78.00,"3,120.00"
2019-12-01,2019120101003104,MNBBL,22,34,20,312.00,"6,240.00"
2019-12-01,2019120101002989,MNBBL,14,7,75,310.00,"23,250.00"
2019-12-01,2019120101002988,MNBBL,13,7,50,310.00,"15,500.00"
2019-12-01,2019120101002987,MNBBL,42,7,10,310.00,"3,100.00"
2019-12-01,2019120101002986,MNBBL,42,7,10,310.00,"3,100.00"
2019-12-01,2019120101002985,MNBBL,42,7,10,310.00,"3,100.00"
2019-12-01,2019120101002984,MNBBL,42,7,10,310.00,"3,100.00"
2019-12-01,2019120101002983,MNBBL,41,7,135,311.00,"41,985.00"
2019-12-01,2019120101002793,MNBBL,41,32,375,311.00,"116,625.00"
2019-12-01,2019120101002792,MNBBL,41,52,990,311.00,"307,890.00"
2019-12-01,2019120101003220,NABIL,44,41,30,723.00,"21,690.00"
2019-12-01,2019120101003191,NABIL,6,52,13,725.00,"9,425.00"
2019-12-01,2019120101003162,NABIL,28,28,168,724.00,"121,632.00"
2019-12-01,2019120101003161,NABIL,28,21,30,724.00,"21,720.00"
2019-12-01,2019120101003106,NABIL,13,21,30,724.00,"21,720.00"
2019-12-01,2019120101002981,NABIL,57,21,20,724.00,"14,480.00"
2019-12-01,2019120101002980,NABIL,57,21,100,724.00,"72,400.00"
2019-12-01,2019120101002979,NABIL,14,21,20,724.00,"14,480.00"
2019-12-01,2019120101002869,NABIL,55,52,70,725.00,"50,750.00"
2019-12-01,2019120101002752,NADEP,48,32,10,384.00,"3,840.00"
2019-12-01,2019120101003074,NBB,49,7,50,198.00,"9,900.00"
2019-12-01,2019120101003035,NBB,42,7,100,198.00,"19,800.00"
2019-12-01,2019120101003007,NBB,5,38,50,198.00,"9,900.00"
2019-12-01,2019120101003006,NBB,6,38,500,198.00,"99,000.00"
2019-12-01,2019120101003005,NBB,22,38,50,198.00,"9,900.00"
2019-12-01,2019120101003004,NBB,6,38,100,198.00,"19,800.00"
2019-12-01,2019120101003003,NBB,19,38,500,198.00,"99,000.00"
2019-12-01,2019120101003002,NBB,1,38,300,198.00,"59,400.00"
2019-12-01,2019120101002784,NBB,45,38,50,199.00,"9,950.00"
2019-12-01,2019120101003173,NBL,17,16,42,311.00,"13,062.00"
2019-12-01,2019120101003172,NBL,1,16,300,311.00,"93,300.00"
2019-12-01,2019120101003125,NBL,49,49,"1,000",312.00,"312,000.00"
2019-12-01,2019120101003124,NBL,28,49,"1,000",312.00,"312,000.00"
2019-12-01,2019120101003123,NBL,28,49,"1,000",312.00,"312,000.00"
2019-12-01,2019120101003122,NBL,10,49,50,312.00,"15,600.00"
2019-12-01,2019120101003062,NBL,44,32,600,313.00,"187,800.00"
2019-12-01,2019120101002856,NBL,35,32,30,313.00,"9,390.00"
2019-12-01,2019120101003105,NCCB,25,41,200,199.00,"39,800.00"
2019-12-01,2019120101003108,NGPL,13,48,500,106.00,"53,000.00"
2019-12-01,2019120101002841,NHDL,57,55,40,106.00,"4,240.00"
2019-12-01,2019120101003195,NIB,39,41,29,414.00,"12,006.00"
2019-12-01,2019120101003194,NIB,42,41,50,414.00,"20,700.00"
2019-12-01,2019120101003193,NIB,16,41,221,414.00,"91,494.00"
2019-12-01,2019120101003163,NIB,44,58,17,415.00,"7,055.00"
2019-12-01,2019120101003149,NIB,17,58,250,415.00,"103,750.00"
2019-12-01,2019120101003140,NIB,28,58,150,415.00,"62,250.00"
2019-12-01,2019120101002911,NIB,34,21,66,414.00,"27,324.00"
2019-12-01,2019120101002897,NIB,34,51,134,414.00,"55,476.00"
2019-12-01,2019120101002896,NIB,33,51,43,414.00,"17,802.00"
2019-12-01,2019120101002737,NIB,25,58,12,415.00,"4,980.00"
2019-12-01,2019120101002736,NIB,25,58,31,415.00,"12,865.00"
2019-12-01,2019120101002735,NIB,6,58,227,415.00,"94,205.00"
2019-12-01,2019120101003121,NIB,44,58,50,415.00,"20,750.00"
2019-12-01,2019120101003027,NIB,42,58,480,415.00,"199,200.00"
2019-12-01,2019120101002919,NIB,51,58,50,415.00,"20,750.00"
2019-12-01,2019120101002914,NIB,16,21,79,414.00,"32,706.00"
2019-12-01,2019120101002913,NIB,22,21,300,414.00,"124,200.00"
2019-12-01,2019120101002912,NIB,14,21,25,414.00,"10,350.00"
2019-12-01,2019120101002860,NIBLPF,26,58,"2,325",6.55,"15,228.75"
2019-12-01,2019120101003174,NIBSF1,22,8,"1,700",8.25,"14,025.00"
2019-12-01,2019120101002915,NIBSF1,11,8,"3,300",8.25,"27,225.00"
2019-12-01,2019120101003109,NICA,34,28,40,405.00,"16,200.00"
2019-12-01,2019120101003088,NICA,52,39,230,406.00,"93,380.00"
2019-12-01,2019120101003064,NICA,44,39,200,406.00,"81,200.00"
2019-12-01,2019120101002890,NICA,25,39,100,406.00,"40,600.00"
2019-12-01,2019120101002832,NICA,44,39,30,406.00,"12,180.00"
2019-12-01,2019120101002751,NICA,29,39,100,406.00,"40,600.00"
2019-12-01,2019120101003187,NIL,28,25,100,370.00,"37,000.00"
2019-12-01,2019120101003178,NIL,29,37,104,369.00,"38,376.00"
2019-12-01,2019120101002960,NIL,53,35,300,370.00,"111,000.00"
2019-12-01,2019120101003228,NLIC,16,10,11,834.00,"9,174.00"
2019-12-01,2019120101003197,NLIC,45,17,50,840.00,"42,000.00"
2019-12-01,2019120101003132,NLIC,45,42,200,840.00,"168,000.00"
2019-12-01,2019120101003018,NLIC,32,47,50,846.00,"42,300.00"
2019-12-01,2019120101003011,NLIC,34,47,105,846.00,"88,830.00"
2019-12-01,2019120101003010,NLIC,34,21,20,846.00,"16,920.00"
2019-12-01,2019120101002742,NLIC,59,50,50,824.00,"41,200.00"
2019-12-01,2019120101002741,NLIC,59,50,106,822.00,"87,132.00"
2019-12-01,2019120101002740,NLIC,59,38,100,822.00,"82,200.00"
2019-12-01,2019120101002739,NLIC,57,57,98,820.00,"80,360.00"
2019-12-01,2019120101002738,NLIC,57,4,50,820.00,"41,000.00"
2019-12-01,2019120101002816,NLIC,45,44,10,829.00,"8,290.00"
2019-12-01,2019120101002774,NLIC,43,36,100,830.00,"83,000.00"
2019-12-01,2019120101002765,NLIC,43,29,100,820.00,"82,000.00"
2019-12-01,2019120101002745,NLIC,59,47,307,827.00,"253,889.00"
2019-12-01,2019120101002744,NLIC,59,22,50,825.00,"41,250.00"
2019-12-01,2019120101002743,NLIC,59,20,110,825.00,"90,750.00"
2019-12-01,2019120101002864,NLIC,59,34,50,832.00,"41,600.00"
2019-12-01,2019120101002863,NLIC,59,54,15,830.00,"12,450.00"
2019-12-01,2019120101002843,NLIC,36,5,90,827.00,"74,430.00"
2019-12-01,2019120101002833,NLIC,49,5,10,830.00,"8,300.00"
2019-12-01,2019120101002828,NLIC,49,44,490,829.00,"406,210.00"
2019-12-01,2019120101002819,NLIC,34,5,100,827.00,"82,700.00"
2019-12-01,2019120101002871,NLIC,16,44,50,825.00,"41,250.00"
2019-12-01,2019120101002870,NLIC,34,44,50,825.00,"41,250.00"
2019-12-01,2019120101002868,NLIC,59,1,95,840.00,"79,800.00"
2019-12-01,2019120101002867,NLIC,59,1,50,840.00,"42,000.00"
2019-12-01,2019120101002866,NLIC,59,10,50,840.00,"42,000.00"
2019-12-01,2019120101002865,NLIC,59,7,150,835.00,"125,250.00"
2019-12-01,2019120101002923,NLIC,26,7,100,839.00,"83,900.00"
2019-12-01,2019120101002922,NLIC,26,52,50,835.00,"41,750.00"
2019-12-01,2019120101002921,NLIC,26,28,200,834.00,"166,800.00"
2019-12-01,2019120101002920,NLIC,26,14,50,833.00,"41,650.00"
2019-12-01,2019120101002894,NLIC,16,44,150,827.00,"124,050.00"
2019-12-01,2019120101002893,NLIC,34,44,50,828.00,"41,400.00"
2019-12-01,2019120101002945,NLIC,42,25,50,841.00,"42,050.00"
2019-12-01,2019120101002944,NLIC,42,35,25,840.00,"21,000.00"
2019-12-01,2019120101002943,NLIC,42,41,100,837.00,"83,700.00"
2019-12-01,2019120101002926,NLIC,26,55,100,840.00,"84,000.00"
2019-12-01,2019120101002925,NLIC,26,6,20,840.00,"16,800.00"
2019-12-01,2019120101002924,NLIC,26,28,88,840.00,"73,920.00"
2019-12-01,2019120101002968,NLIC,38,35,50,843.00,"42,150.00"
2019-12-01,2019120101002967,NLIC,45,19,100,842.00,"84,200.00"
2019-12-01,2019120101002966,NLIC,45,8,125,842.00,"105,250.00"
2019-12-01,2019120101002962,NLIC,32,49,65,841.00,"54,665.00"
2019-12-01,2019120101002961,NLIC,32,14,50,841.00,"42,050.00"
2019-12-01,2019120101002946,NLIC,42,8,75,842.00,"63,150.00"
2019-12-01,2019120101003009,NLIC,34,49,175,846.00,"148,050.00"
2019-12-01,2019120101003008,NLIC,40,49,250,846.00,"211,500.00"
2019-12-01,2019120101002996,NLIC,40,49,214,846.00,"181,044.00"
2019-12-01,2019120101002995,NLIC,40,44,36,845.00,"30,420.00"
2019-12-01,2019120101002974,NLIC,5,44,14,845.00,"11,830.00"
2019-12-01,2019120101002969,NLIC,38,44,950,845.00,"802,750.00"
2019-12-01,2019120101003102,NLICL,25,16,30,420.00,"12,600.00"
2019-12-01,2019120101003025,NLICL,25,16,10,420.00,"4,200.00"
2019-12-01,2019120101002907,NLICL,25,16,11,420.00,"4,620.00"
2019-12-01,2019120101002906,NLICL,25,52,31,419.00,"12,989.00"
2019-12-01,2019120101002872,NLICL,25,52,19,419.00,"7,961.00"
2019-12-01,2019120101002851,NLICL,50,49,169,417.00,"70,473.00"
2019-12-01,2019120101003177,NMB,50,11,80,384.00,"30,720.00"
2019-12-01,2019120101003171,NMB,38,43,201,385.00,"77,385.00"
2019-12-01,2019120101003170,NMB,38,42,200,385.00,"77,000.00"
2019-12-01,2019120101003169,NMB,38,52,200,385.00,"77,000.00"
2019-12-01,2019120101003168,NMB,38,57,20,385.00,"7,700.00"
2019-12-01,2019120101003167,NMB,38,50,379,385.00,"145,915.00"
2019-12-01,2019120101002760,NMB,42,26,200,385.00,"77,000.00"
2019-12-01,2019120101002800,NMB,38,33,200,384.00,"76,800.00"
2019-12-01,2019120101002798,NMB,38,42,194,385.00,"74,690.00"
2019-12-01,2019120101002797,NMB,38,58,513,385.00,"197,505.00"
2019-12-01,2019120101002796,NMB,38,47,150,385.00,"57,750.00"
2019-12-01,2019120101002795,NMB,38,59,69,385.00,"26,565.00"
2019-12-01,2019120101002794,NMB,38,26,74,385.00,"28,490.00"
2019-12-01,2019120101002992,NMB,14,50,54,384.00,"20,736.00"
2019-12-01,2019120101002895,NMB,13,33,500,384.00,"192,000.00"
2019-12-01,2019120101002882,NMB,34,43,150,385.00,"57,750.00"
2019-12-01,2019120101002881,NMB,34,8,200,385.00,"77,000.00"
2019-12-01,2019120101002877,NMB,18,43,44,385.00,"16,940.00"
2019-12-01,2019120101002876,NMB,18,42,26,385.00,"10,010.00"
2019-12-01,2019120101003129,NMB,42,57,50,385.00,"19,250.00"
2019-12-01,2019120101003061,NMB,50,32,70,384.00,"26,880.00"
2019-12-01,2019120101003043,NMB,42,57,110,385.00,"42,350.00"
2019-12-01,2019120101003042,NMB,42,43,206,385.00,"79,310.00"
2019-12-01,2019120101003029,NMB,50,14,30,384.00,"11,520.00"
2019-12-01,2019120101003028,NMB,14,14,46,384.00,"17,664.00"
2019-12-01,2019120101003139,NMFBS,19,57,15,"1,800.00","27,000.00"
2019-12-01,2019120101003032,NMFBS,32,46,50,"1,799.00","89,950.00"
2019-12-01,2019120101003001,NMFBS,17,26,10,"1,804.00","18,040.00"
2019-12-01,2019120101003000,NMFBS,17,41,15,"1,803.00","27,045.00"
2019-12-01,2019120101002999,NMFBS,17,41,15,"1,803.00","27,045.00"
2019-12-01,2019120101002998,NMFBS,17,41,15,"1,802.00","27,030.00"
2019-12-01,2019120101002892,NMFBS,5,19,10,"1,803.00","18,030.00"
2019-12-01,2019120101003234,NNLB,43,28,70,465.00,"32,550.00"
2019-12-01,2019120101002787,NSEWA,38,32,10,375.00,"3,750.00"
2019-12-01,2019120101003131,NUBL,16,5,50,884.00,"44,200.00"
2019-12-01,2019120101002959,NUBL,29,47,10,882.00,"8,820.00"
2019-12-01,2019120101002958,NUBL,53,47,30,882.00,"26,460.00"
2019-12-01,2019120101002957,NUBL,47,47,60,882.00,"52,920.00"
2019-12-01,2019120101002916,NUBL,56,5,50,884.00,"44,200.00"
2019-12-01,2019120101002862,NUBL,13,5,25,883.00,"22,075.00"
2019-12-01,2019120101002861,NUBL,19,5,10,883.00,"8,830.00"
2019-12-01,2019120101003219,PCBL,39,8,550,271.00,"149,050.00"
2019-12-01,2019120101003218,PCBL,43,8,500,271.00,"135,500.00"
2019-12-01,2019120101003217,PCBL,40,8,50,271.00,"13,550.00"
2019-12-01,2019120101003216,PCBL,19,8,200,271.00,"54,200.00"
2019-12-01,2019120101003215,PCBL,53,8,96,271.00,"26,016.00"
2019-12-01,2019120101003210,PCBL,36,8,70,272.00,"19,040.00"
2019-12-01,2019120101003203,PCBL,17,8,96,272.00,"26,112.00"
2019-12-01,2019120101003202,PCBL,38,8,150,272.00,"40,800.00"
2019-12-01,2019120101002753,PCBL,42,21,50,273.00,"13,650.00"
2019-12-01,2019120101003209,PCBL,38,8,50,272.00,"13,600.00"
2019-12-01,2019120101003208,PCBL,29,8,300,272.00,"81,600.00"
2019-12-01,2019120101003207,PCBL,13,8,500,272.00,"136,000.00"
2019-12-01,2019120101003206,PCBL,16,8,100,272.00,"27,200.00"
2019-12-01,2019120101003205,PCBL,38,8,"1,000",272.00,"272,000.00"
2019-12-01,2019120101003204,PCBL,17,8,60,272.00,"16,320.00"
2019-12-01,2019120101002840,PFL,43,43,500,142.00,"71,000.00"
2019-12-01,2019120101003130,PIC,57,53,40,335.00,"13,400.00"
2019-12-01,2019120101003067,PIC,47,17,10,335.00,"3,350.00"
2019-12-01,2019120101003066,PIC,52,17,10,335.00,"3,350.00"
2019-12-01,2019120101003107,PLIC,1,55,200,307.00,"61,400.00"
2019-12-01,2019120101003021,PLIC,38,38,40,302.00,"12,080.00"
2019-12-01,2019120101003020,PLIC,38,59,112,301.00,"33,712.00"
2019-12-01,2019120101003019,PLIC,38,52,50,301.00,"15,050.00"
2019-12-01,2019120101002994,PLIC,49,8,"1,213",300.00,"363,900.00"
2019-12-01,2019120101002899,PLIC,19,34,102,297.00,"30,294.00"
2019-12-01,2019120101002898,PLIC,48,34,20,298.00,"5,960.00"
2019-12-01,2019120101002857,PLIC,58,45,20,300.00,"6,000.00"
2019-12-01,2019120101003214,PRIN,43,56,12,296.00,"3,552.00"
2019-12-01,2019120101003223,PRVU,46,32,300,224.00,"67,200.00"
2019-12-01,2019120101003040,PRVU,41,7,400,223.00,"89,200.00"
2019-12-01,2019120101002901,PRVU,41,47,372,223.00,"82,956.00"
2019-12-01,2019120101002900,PRVU,26,47,128,223.00,"28,544.00"
2019-12-01,2019120101002963,RADHI,20,47,11,140.00,"1,540.00"
2019-12-01,2019120101002951,RADHI,20,53,11,139.00,"1,529.00"
2019-12-01,2019120101003226,RBCLPO,32,11,32,"7,213.00","230,816.00"
2019-12-01,2019120101002823,RBCLPO,32,28,10,"7,360.00","73,600.00"
2019-12-01,2019120101002822,RBCLPO,32,11,18,"7,300.00","131,400.00"
2019-12-01,2019120101003150,RHPC,13,48,300,75.00,"22,500.00"
2019-12-01,2019120101003101,RHPC,22,48,30,75.00,"2,250.00"
2019-12-01,2019120101003190,RHPL,14,39,40,164.00,"6,560.00"
2019-12-01,2019120101003189,RHPL,14,48,30,164.00,"4,920.00"
2019-12-01,2019120101003165,RHPL,59,43,230,165.00,"37,950.00"
2019-12-01,2019120101003164,RHPL,59,28,270,165.00,"44,550.00"
2019-12-01,2019120101003060,RHPL,14,8,10,164.00,"1,640.00"
2019-12-01,2019120101003059,RHPL,16,8,60,164.00,"9,840.00"
2019-12-01,2019120101003056,RHPL,16,8,40,164.00,"6,560.00"
2019-12-01,2019120101002939,RHPL,16,59,20,164.00,"3,280.00"
2019-12-01,2019120101002834,RHPL,41,39,50,163.00,"8,150.00"
2019-12-01,2019120101002827,RHPL,41,39,40,163.00,"6,520.00"
2019-12-01,2019120101003222,RLFL,34,20,148,106.00,"15,688.00"
2019-12-01,2019120101003201,RLFL,34,20,128,106.00,"13,568.00"
2019-12-01,2019120101003200,RLFL,44,20,20,106.00,"2,120.00"
2019-12-01,2019120101002880,RLFL,44,43,980,106.00,"103,880.00"
2019-12-01,2019120101002854,RSDC,46,52,282,286.00,"80,652.00"
2019-12-01,2019120101002777,SADBL,28,45,102,134.00,"13,668.00"
2019-12-01,2019120101003176,SANIMA,28,38,200,304.00,"60,800.00"
2019-12-01,2019120101003175,SANIMA,28,43,100,304.00,"30,400.00"
2019-12-01,2019120101003110,SANIMA,40,43,160,304.00,"48,640.00"
2019-12-01,2019120101003098,SANIMA,49,43,50,304.00,"15,200.00"
2019-12-01,2019120101002903,SANIMA,20,43,20,304.00,"6,080.00"
2019-12-01,2019120101003160,SBI,6,49,100,347.00,"34,700.00"
2019-12-01,2019120101003015,SBI,47,49,100,347.00,"34,700.00"
2019-12-01,2019120101003065,SBL,49,28,50,279.00,"13,950.00"
2019-12-01,2019120101002949,SBL,4,28,50,279.00,"13,950.00"
2019-12-01,2019120101002771,SBL,56,22,156,278.00,"43,368.00"
2019-12-01,2019120101003225,SCB,34,41,28,525.00,"14,700.00"
2019-12-01,2019120101002972,SCB,34,41,20,525.00,"10,500.00"
2019-12-01,2019120101002947,SDESI,45,47,100,518.00,"51,800.00"
2019-12-01,2019120101003087,SHIVM,58,25,200,394.00,"78,800.00"
2019-12-01,2019120101002837,SHIVM,42,25,85,391.00,"33,235.00"
2019-12-01,2019120101002836,SHIVM,22,25,15,391.00,"5,865.00"
2019-12-01,2019120101002835,SHIVM,41,25,100,392.00,"39,200.00"
2019-12-01,2019120101003096,SHL,32,36,"1,000",209.00,"209,000.00"
2019-12-01,2019120101002888,SHL,48,51,346,206.00,"71,276.00"
2019-12-01,2019120101002887,SHL,45,51,100,206.00,"20,600.00"
2019-12-01,2019120101002886,SHL,44,51,100,206.00,"20,600.00"
2019-12-01,2019120101002885,SHL,17,51,100,207.00,"20,700.00"
2019-12-01,2019120101002884,SHL,48,51,500,207.00,"103,500.00"
2019-12-01,2019120101002883,SHL,45,51,100,207.00,"20,700.00"
2019-12-01,2019120101002747,SHL,42,39,150,210.00,"31,500.00"
2019-12-01,2019120101003013,SHPC,19,14,70,181.00,"12,670.00"
2019-12-01,2019120101003012,SHPC,48,14,30,181.00,"5,430.00"
2019-12-01,2019120101003192,SJCL,40,48,10,153.00,"1,530.00"
2019-12-01,2019120101002934,SJCL,16,50,70,154.00,"10,780.00"
2019-12-01,2019120101002805,SJCL,25,43,30,153.00,"4,590.00"
2019-12-01,2019120101002804,SJCL,34,43,50,153.00,"7,650.00"
2019-12-01,2019120101002803,SJCL,11,43,400,153.00,"61,200.00"
2019-12-01,2019120101002802,SJCL,21,43,100,153.00,"15,300.00"
2019-12-01,2019120101002801,SJCL,34,43,100,153.00,"15,300.00"
2019-12-01,2019120101002821,SJCL,40,39,20,153.00,"3,060.00"
2019-12-01,2019120101002818,SJCL,40,39,20,153.00,"3,060.00"
2019-12-01,2019120101002808,SJCL,40,43,210,153.00,"32,130.00"
2019-12-01,2019120101002807,SJCL,17,43,200,153.00,"30,600.00"
2019-12-01,2019120101002806,SJCL,32,43,20,153.00,"3,060.00"
2019-12-01,2019120101003213,SKBBL,1,10,11,910.00,"10,010.00"
2019-12-01,2019120101003034,SKBBL,1,46,84,913.00,"76,692.00"
2019-12-01,2019120101002973,SLBBL,47,50,100,474.00,"47,400.00"
2019-12-01,2019120101003086,SLBSL,49,42,10,738.00,"7,380.00"
2019-12-01,2019120101003085,SLBSL,49,19,70,738.00,"51,660.00"
2019-12-01,2019120101003084,SLBSL,49,45,50,737.00,"36,850.00"
2019-12-01,2019120101003083,SLBSL,49,19,55,737.00,"40,535.00"
2019-12-01,2019120101003082,SLBSL,49,25,20,736.00,"14,720.00"
2019-12-01,2019120101003081,SLBSL,49,44,10,735.00,"7,350.00"
2019-12-01,2019120101003080,SLBSL,49,38,10,732.00,"7,320.00"
2019-12-01,2019120101003079,SLBSL,49,38,10,732.00,"7,320.00"
2019-12-01,2019120101002956,SLBSL,34,7,80,730.00,"58,400.00"
2019-12-01,2019120101002950,SLBSL,34,18,20,730.00,"14,600.00"
2019-12-01,2019120101003181,SLICL,29,52,460,245.00,"112,700.00"
2019-12-01,2019120101003180,SLICL,35,52,90,245.00,"22,050.00"
2019-12-01,2019120101003179,SLICL,25,52,10,245.00,"2,450.00"
2019-12-01,2019120101002990,SLICL,35,25,10,243.00,"2,430.00"
2019-12-01,2019120101002982,SMATA,41,51,60,490.00,"29,400.00"
2019-12-01,2019120101003063,SMB,21,37,500,429.00,"214,500.00"
2019-12-01,2019120101003166,SMFBS,6,28,40,783.00,"31,320.00"
2019-12-01,2019120101003118,SMFBS,6,32,10,783.00,"7,830.00"
2019-12-01,2019120101002991,SMFBS,6,46,10,798.00,"7,980.00"
2019-12-01,2019120101002791,SRBL,57,52,391,212.00,"82,892.00"
2019-12-01,2019120101002790,SRBL,57,20,19,211.00,"4,009.00"
2019-12-01,2019120101003148,STC,49,22,10,"1,203.00","12,030.00"
2019-12-01,2019120101003147,STC,1,22,160,"1,203.00","192,480.00"
2019-12-01,2019120101003146,STC,51,22,100,"1,204.00","120,400.00"
2019-12-01,2019120101003145,STC,16,22,20,"1,204.00","24,080.00"
2019-12-01,2019120101002978,SWBBL,35,47,150,930.00,"139,500.00"
2019-12-01,2019120101002769,SWBBL,45,26,10,937.00,"9,370.00"
2019-12-01,2019120101003126,UMHL,13,41,100,101.00,"10,100.00"
2019-12-01,2019120101002948,UMHL,45,48,260,100.00,"26,000.00"
2019-12-01,2019120101002941,UMHL,45,48,264,100.00,"26,400.00"
2019-12-01,2019120101002875,UMHL,5,48,148,100.00,"14,800.00"
2019-12-01,2019120101002874,UMHL,36,48,144,100.00,"14,400.00"
2019-12-01,2019120101002873,UMHL,59,48,72,100.00,"7,200.00"
2019-12-01,2019120101002940,UMHL,53,48,100,100.00,"10,000.00"
2019-12-01,2019120101002937,UMHL,45,48,78,100.00,"7,800.00"
2019-12-01,2019120101002936,UMHL,5,48,286,100.00,"28,600.00"
2019-12-01,2019120101002932,UMHL,5,48,101,100.00,"10,100.00"
2019-12-01,2019120101002908,UMHL,5,48,101,100.00,"10,100.00"
2019-12-01,2019120101002891,UMHL,5,48,364,100.00,"36,400.00"
2019-12-01,2019120101003038,UPCL,13,48,50,72.00,"3,600.00"
2019-12-01,2019120101003031,UPPER,6,47,120,225.00,"27,000.00"
2019-12-01,2019120101002931,UPPER,16,47,160,225.00,"36,000.00"
2019-12-01,2019120101002930,UPPER,55,47,50,225.00,"11,250.00"
2019-12-01,2019120101002812,UPPER,42,34,40,224.00,"8,960.00"
2019-12-01,2019120101002811,UPPER,56,34,40,224.00,"8,960.00"
2019-12-01,2019120101002889,UPPER,38,47,152,225.00,"34,200.00"
2019-12-01,2019120101002879,UPPER,56,59,20,224.00,"4,480.00"
2019-12-01,2019120101002814,UPPER,56,34,243,224.00,"54,432.00"
2019-12-01,2019120101002813,UPPER,29,34,100,224.00,"22,400.00"
2019-12-01,2019120101003199,VLBS,45,39,50,600.00,"30,000.00"
2019-12-01,2019120101003198,VLBS,45,43,80,600.00,"48,000.00"
2019-12-01,2019120101002588,ADBL,57,57,111,403.00,"44,733.00"
2019-12-01,2019120101002561,ADBL,43,32,100,403.00,"40,300.00"
2019-12-01,2019120101002678,AKBSL,52,42,10,425.00,"4,250.00"
2019-12-01,2019120101002421,AKBSL,38,28,80,430.00,"34,400.00"
2019-12-01,2019120101002420,AKBSL,38,8,10,429.00,"4,290.00"
2019-12-01,2019120101002419,AKBSL,38,8,10,429.00,"4,290.00"
2019-12-01,2019120101002418,AKBSL,38,8,10,429.00,"4,290.00"
2019-12-01,2019120101002417,AKBSL,38,8,10,429.00,"4,290.00"
2019-12-01,2019120101002416,AKBSL,38,8,10,429.00,"4,290.00"
2019-12-01,2019120101002415,AKBSL,38,8,10,429.00,"4,290.00"
2019-12-01,2019120101002414,AKBSL,38,8,10,429.00,"4,290.00"
2019-12-01,2019120101002682,AKJCL,29,56,10,57.00,570.00
2019-12-01,2019120101002525,AKJCL,29,26,10,58.00,580.00
2019-12-01,2019120101002524,AKJCL,29,41,10,58.00,580.00
2019-12-01,2019120101002628,AKPL,51,44,393,122.00,"47,946.00"
2019-12-01,2019120101002627,AKPL,51,25,168,121.00,"20,328.00"
2019-12-01,2019120101002520,AKPL,29,25,32,122.00,"3,904.00"
2019-12-01,2019120101002518,AKPL,29,13,60,122.00,"7,320.00"
2019-12-01,2019120101002517,AKPL,29,52,108,122.00,"13,176.00"
2019-12-01,2019120101002512,AKPL,29,41,30,121.00,"3,630.00"
2019-12-01,2019120101002473,AKPL,57,41,20,119.00,"2,380.00"
2019-12-01,2019120101002734,ALBSL,43,32,10,390.00,"3,900.00"
2019-12-01,2019120101002720,ALBSL,48,42,10,391.00,"3,910.00"
2019-12-01,2019120101002577,ALBSL,48,16,10,391.00,"3,910.00"
2019-12-01,2019120101002479,API,56,50,200,102.00,"20,400.00"
2019-12-01,2019120101002344,API,52,4,219,102.00,"22,338.00"
2019-12-01,2019120101002706,BOKL,8,16,"1,000",212.00,"212,000.00"
2019-12-01,2019120101002537,BOKL,28,17,100,213.00,"21,300.00"
2019-12-01,2019120101002480,BOKL,8,22,200,212.00,"42,400.00"
2019-12-01,2019120101002376,BOKL,6,11,500,211.00,"105,500.00"
2019-12-01,2019120101002348,BOKL,43,51,50,212.00,"10,600.00"
2019-12-01,2019120101002697,BPCL,19,47,77,343.00,"26,411.00"
2019-12-01,2019120101002626,BPCL,21,59,39,344.00,"13,416.00"
2019-12-01,2019120101002625,BPCL,21,38,161,344.00,"55,384.00"
2019-12-01,2019120101002526,BPCL,19,53,11,343.00,"3,773.00"
2019-12-01,2019120101002380,CBBL,55,42,50,984.00,"49,200.00"
2019-12-01,2019120101002379,CBBL,55,54,500,984.00,"492,000.00"
2019-12-01,2019120101002378,CBBL,55,53,80,983.00,"78,640.00"
2019-12-01,2019120101002377,CBBL,55,29,200,983.00,"196,600.00"
2019-12-01,2019120101002687,CBL,17,38,10,136.00,"1,360.00"
2019-12-01,2019120101002499,CHCL,6,32,368,355.00,"130,640.00"
2019-12-01,2019120101002466,CHCL,6,32,182,355.00,"64,610.00"
2019-12-01,2019120101002453,CHCL,43,32,50,355.00,"17,750.00"
2019-12-01,2019120101002716,CIT,54,16,30,"1,690.00","50,700.00"
2019-12-01,2019120101002569,CIT,54,33,150,"1,690.00","253,500.00"
2019-12-01,2019120101002642,CZBIL,42,38,100,180.00,"18,000.00"
2019-12-01,2019120101002641,CZBIL,41,38,400,180.00,"72,000.00"
2019-12-01,2019120101002640,CZBIL,57,38,100,180.00,"18,000.00"
2019-12-01,2019120101002272,DBBL,6,48,150,122.00,"18,300.00"
2019-12-01,2019120101002390,EBL,16,11,100,543.00,"54,300.00"
2019-12-01,2019120101002531,EIC,14,5,50,209.00,"10,450.00"
2019-12-01,2019120101002273,EIC,58,5,93,209.00,"19,437.00"
2019-12-01,2019120101002460,FMDBL,42,25,100,301.00,"30,100.00"
2019-12-01,2019120101002616,FOWAD,19,26,19,"1,313.00","24,947.00"
2019-12-01,2019120101002271,FOWAD,52,7,10,"1,315.00","13,150.00"
2019-12-01,2019120101002715,GBBL,29,55,200,188.00,"37,600.00"
2019-12-01,2019120101002658,GBBL,1,49,22,187.00,"4,114.00"
2019-12-01,2019120101002554,GBBL,7,49,200,187.00,"37,400.00"
2019-12-01,2019120101002551,GBBL,28,49,100,187.00,"18,700.00"
2019-12-01,2019120101002315,GBBL,44,49,100,187.00,"18,700.00"
2019-12-01,2019120101002314,GBBL,14,49,100,187.00,"18,700.00"
2019-12-01,2019120101002256,GBBL,40,55,200,188.00,"37,600.00"
2019-12-01,2019120101002255,GBBL,39,55,20,188.00,"3,760.00"
2019-12-01,2019120101002245,GBBL,41,4,50,189.00,"9,450.00"
2019-12-01,2019120101002242,GBBL,53,4,100,189.00,"18,900.00"
2019-12-01,2019120101002241,GBBL,1,4,60,189.00,"11,340.00"
2019-12-01,2019120101002240,GBBL,25,4,100,189.00,"18,900.00"
2019-12-01,2019120101002307,GBBL,26,49,150,187.00,"28,050.00"
2019-12-01,2019120101002306,GBBL,14,49,180,187.00,"33,660.00"
2019-12-01,2019120101002260,GBBL,7,55,655,188.00,"123,140.00"
2019-12-01,2019120101002259,GBBL,1,55,240,188.00,"45,120.00"
2019-12-01,2019120101002258,GBBL,53,55,100,188.00,"18,800.00"
2019-12-01,2019120101002257,GBBL,44,55,50,188.00,"9,400.00"
2019-12-01,2019120101002313,GBBL,40,49,"1,000",187.00,"187,000.00"
2019-12-01,2019120101002312,GBBL,20,49,108,187.00,"20,196.00"
2019-12-01,2019120101002311,GBBL,13,49,100,187.00,"18,700.00"
2019-12-01,2019120101002310,GBBL,54,49,200,187.00,"37,400.00"
2019-12-01,2019120101002309,GBBL,6,49,200,187.00,"37,400.00"
2019-12-01,2019120101002308,GBBL,57,49,40,187.00,"7,480.00"
2019-12-01,2019120101002324,GBLBS,22,52,110,286.00,"31,460.00"
2019-12-01,2019120101002680,GLBSL,38,42,10,408.00,"4,080.00"
2019-12-01,2019120101002533,GLBSL,43,58,10,410.00,"4,100.00"
2019-12-01,2019120101002459,GLBSL,33,48,10,410.00,"4,100.00"
2019-12-01,2019120101002513,GLICL,48,56,86,347.00,"29,842.00"
2019-12-01,2019120101002457,GLICL,58,32,84,350.00,"29,400.00"
2019-12-01,2019120101002456,GLICL,42,32,50,350.00,"17,500.00"
2019-12-01,2019120101002619,GMFBS,21,42,10,490.00,"4,900.00"
2019-12-01,2019120101002556,GMFBS,21,42,10,490.00,"4,900.00"
2019-12-01,2019120101002683,GMFIL,58,16,100,113.00,"11,300.00"
2019-12-01,2019120101002669,HBL,18,32,90,489.00,"44,010.00"
2019-12-01,2019120101002671,HDL,53,7,50,"1,150.00","57,500.00"
2019-12-01,2019120101002670,HDL,19,7,50,"1,150.00","57,500.00"
2019-12-01,2019120101002289,HDL,51,49,166,"1,150.00","190,900.00"
2019-12-01,2019120101002398,HURJA,43,42,30,99.00,"2,970.00"
2019-12-01,2019120101002501,ILBS,52,52,10,479.00,"4,790.00"
2019-12-01,2019120101002264,ILBS,52,8,10,479.00,"4,790.00"
2019-12-01,2019120101002252,ILBS,11,8,10,480.00,"4,800.00"
2019-12-01,2019120101002246,ILBS,11,8,10,480.00,"4,800.00"
2019-12-01,2019120101002237,ILBS,11,8,10,480.00,"4,800.00"
2019-12-01,2019120101002638,JBBL,29,38,500,159.00,"79,500.00"
2019-12-01,2019120101002270,JOSHI,47,49,20,54.00,"1,080.00"
2019-12-01,2019120101002713,KBL,28,49,368,177.00,"65,136.00"
2019-12-01,2019120101002712,KBL,28,28,199,177.00,"35,223.00"
2019-12-01,2019120101002711,KBL,28,33,83,177.00,"14,691.00"
2019-12-01,2019120101002350,KBL,57,52,192,176.00,"33,792.00"
2019-12-01,2019120101002304,KBL,57,52,300,176.00,"52,800.00"
2019-12-01,2019120101002290,KKHC,57,4,48,51.00,"2,448.00"
2019-12-01,2019120101002611,KPCL,19,56,10,79.00,790.00
2019-12-01,2019120101002614,LBL,6,13,500,216.00,"108,000.00"
2019-12-01,2019120101002613,LBL,40,13,100,216.00,"21,600.00"
2019-12-01,2019120101002612,LBL,7,13,500,216.00,"108,000.00"
2019-12-01,2019120101002389,LGIL,36,56,500,290.00,"145,000.00"
2019-12-01,2019120101002268,LGIL,43,41,100,290.00,"29,000.00"
2019-12-01,2019120101002267,LGIL,34,41,100,290.00,"29,000.00"
2019-12-01,2019120101002294,LLBS,40,4,24,580.00,"13,920.00"
2019-12-01,2019120101002523,MBL,8,52,500,213.00,"106,500.00"
2019-12-01,2019120101002321,MBL,59,1,105,212.00,"22,260.00"
2019-12-01,2019120101002412,MEGA,29,48,200,181.00,"36,200.00"
2019-12-01,2019120101002354,MEGA,22,51,50,180.00,"9,000.00"
2019-12-01,2019120101002262,MEGA,22,52,400,180.00,"72,000.00"
2019-12-01,2019120101002730,MERO,26,7,150,404.00,"60,600.00"
2019-12-01,2019120101002635,MLBBL,43,48,46,444.00,"20,424.00"
2019-12-01,2019120101002700,MNBBL,17,52,10,311.00,"3,110.00"
2019-12-01,2019120101002303,MSMBS,1,4,11,458.00,"5,038.00"
2019-12-01,2019120101002535,NABIL,22,52,200,725.00,"145,000.00"
2019-12-01,2019120101002467,NABIL,55,52,10,725.00,"7,250.00"
2019-12-01,2019120101002411,NABIL,44,11,249,723.00,"180,027.00"
2019-12-01,2019120101002410,NABIL,51,11,50,723.00,"36,150.00"
2019-12-01,2019120101002409,NABIL,16,11,161,723.00,"116,403.00"
2019-12-01,2019120101002408,NABIL,47,11,20,724.00,"14,480.00"
2019-12-01,2019120101002407,NABIL,35,11,20,724.00,"14,480.00"
2019-12-01,2019120101002276,NABIL,45,52,70,725.00,"50,750.00"
2019-12-01,2019120101002275,NABIL,45,43,80,725.00,"58,000.00"
2019-12-01,2019120101002710,NADEP,48,48,20,384.00,"7,680.00"
2019-12-01,2019120101002629,NADEP,38,56,20,384.00,"7,680.00"
2019-12-01,2019120101002465,NADEP,38,54,25,384.00,"9,600.00"
2019-12-01,2019120101002462,NADEP,45,54,15,385.00,"5,775.00"
2019-12-01,2019120101002461,NADEP,45,54,10,385.00,"3,850.00"
2019-12-01,2019120101002396,NADEP,45,38,20,385.00,"7,700.00"
2019-12-01,2019120101002299,NADEP,49,21,10,385.00,"3,850.00"
2019-12-01,2019120101002667,NBB,32,38,378,198.00,"74,844.00"
2019-12-01,2019120101002637,NBB,32,48,22,198.00,"4,356.00"
2019-12-01,2019120101002581,NBB,56,38,30,199.00,"5,970.00"
2019-12-01,2019120101002375,NBB,46,38,"1,500",198.00,"297,000.00"
2019-12-01,2019120101002374,NBB,6,38,200,198.00,"39,600.00"
2019-12-01,2019120101002373,NBB,48,38,120,198.00,"23,760.00"
2019-12-01,2019120101002366,NBB,41,38,"1,000",198.00,"198,000.00"
2019-12-01,2019120101002365,NBB,1,38,500,198.00,"99,000.00"
2019-12-01,2019120101002364,NBB,28,38,50,198.00,"9,900.00"
2019-12-01,2019120101002363,NBB,49,38,110,198.00,"21,780.00"
2019-12-01,2019120101002362,NBB,13,38,144,199.00,"28,656.00"
2019-12-01,2019120101002302,NBB,13,52,356,199.00,"70,844.00"
2019-12-01,2019120101002372,NBB,17,38,"1,000",198.00,"198,000.00"
2019-12-01,2019120101002371,NBB,48,38,70,198.00,"13,860.00"
2019-12-01,2019120101002370,NBB,56,38,100,198.00,"19,800.00"
2019-12-01,2019120101002369,NBB,13,38,200,198.00,"39,600.00"
2019-12-01,2019120101002368,NBB,58,38,501,198.00,"99,198.00"
2019-12-01,2019120101002367,NBB,58,38,100,198.00,"19,800.00"
2019-12-01,2019120101002660,NBL,13,16,30,312.00,"9,360.00"
2019-12-01,2019120101002659,NBL,55,16,300,312.00,"93,600.00"
2019-12-01,2019120101002636,NBL,55,56,300,312.00,"93,600.00"
2019-12-01,2019120101002610,NBL,55,49,100,312.00,"31,200.00"
2019-12-01,2019120101002546,NBL,41,32,420,313.00,"131,460.00"
2019-12-01,2019120101002545,NBL,41,56,500,313.00,"156,500.00"
2019-12-01,2019120101002338,NBL,34,1,152,312.00,"47,424.00"
2019-12-01,2019120101002266,NBL,34,53,48,312.00,"14,976.00"
2019-12-01,2019120101002265,NBL,43,53,252,312.00,"78,624.00"
2019-12-01,2019120101002544,NBL,41,17,80,313.00,"25,040.00"
2019-12-01,2019120101002343,NBL,55,52,300,312.00,"93,600.00"
2019-12-01,2019120101002342,NBL,42,1,10,312.00,"3,120.00"
2019-12-01,2019120101002341,NBL,42,1,10,312.00,"3,120.00"
2019-12-01,2019120101002340,NBL,42,1,10,312.00,"3,120.00"
2019-12-01,2019120101002339,NBL,42,1,10,312.00,"3,120.00"
2019-12-01,2019120101002653,NCCB,58,34,10,200.00,"2,000.00"
2019-12-01,2019120101002652,NCCB,58,6,21,199.00,"4,179.00"
2019-12-01,2019120101002623,NCCB,58,49,115,198.00,"22,770.00"
2019-12-01,2019120101002578,NCCB,28,6,100,199.00,"19,900.00"
2019-12-01,2019120101002468,NCCB,55,6,60,199.00,"11,940.00"
2019-12-01,2019120101002288,NEF,26,28,"3,659",7.22,"26,417.98"
2019-12-01,2019120101002287,NEF,49,28,"5,000",7.24,"36,200.00"
2019-12-01,2019120101002286,NEF,14,28,"2,000",7.25,"14,500.00"
2019-12-01,2019120101002285,NEF,44,28,"5,000",7.26,"36,300.00"
2019-12-01,2019120101002732,NGPL,59,48,500,105.00,"52,500.00"
2019-12-01,2019120101002731,NGPL,41,48,427,105.00,"44,835.00"
2019-12-01,2019120101002728,NGPL,41,48,11,105.00,"1,155.00"
2019-12-01,2019120101002703,NGPL,41,17,562,105.00,"59,010.00"
2019-12-01,2019120101002702,NGPL,49,17,238,105.00,"24,990.00"
2019-12-01,2019120101002701,NGPL,14,17,200,105.00,"21,000.00"
2019-12-01,2019120101002576,NHDL,19,55,10,104.00,"1,040.00"
2019-12-01,2019120101002361,NHPC,34,55,"1,000",50.00,"50,000.00"
2019-12-01,2019120101002360,NHPC,6,55,300,50.00,"15,000.00"
2019-12-01,2019120101002359,NHPC,22,55,200,50.00,"10,000.00"
2019-12-01,2019120101002676,NIB,6,52,99,415.00,"41,085.00"
2019-12-01,2019120101002675,NIB,6,58,274,415.00,"113,710.00"
2019-12-01,2019120101002591,NIB,13,58,100,415.00,"41,500.00"
2019-12-01,2019120101002553,NIB,21,58,100,415.00,"41,500.00"
2019-12-01,2019120101002464,NIB,10,10,3,413.00,"1,239.00"
2019-12-01,2019120101002620,NIBLPF,5,58,200,6.55,"1,310.00"
2019-12-01,2019120101002600,NIBLPF,14,58,"1,495",6.56,"9,807.20"
2019-12-01,2019120101002599,NIBLPF,45,58,"1,000",6.60,"6,600.00"
2019-12-01,2019120101002557,NIBPO,1,21,10,386.00,"3,860.00"
2019-12-01,2019120101002511,NIBPO,4,44,900,388.00,"349,200.00"
2019-12-01,2019120101002510,NIBPO,4,52,100,388.00,"38,800.00"
2019-12-01,2019120101002318,NIBPO,1,29,88,386.00,"33,968.00"
2019-12-01,2019120101002317,NIBPO,52,29,412,387.00,"159,444.00"
2019-12-01,2019120101002503,NICA,42,33,170,406.00,"69,020.00"
2019-12-01,2019120101002477,NICA,25,33,100,406.00,"40,600.00"
2019-12-01,2019120101002443,NICA,13,33,30,406.00,"12,180.00"
2019-12-01,2019120101002406,NICA,29,33,200,406.00,"81,200.00"
2019-12-01,2019120101002405,NICA,56,33,100,406.00,"40,600.00"
2019-12-01,2019120101002404,NICA,48,33,400,406.00,"162,400.00"
2019-12-01,2019120101002279,NICA,13,4,100,407.00,"40,700.00"
2019-12-01,2019120101002263,NICA,57,4,50,407.00,"20,350.00"
2019-12-01,2019120101002254,NICA,38,19,60,406.00,"24,360.00"
2019-12-01,2019120101002383,NICA,49,52,261,405.00,"105,705.00"
2019-12-01,2019120101002382,NICA,21,52,301,405.00,"121,905.00"
2019-12-01,2019120101002381,NICA,38,52,70,406.00,"28,420.00"
2019-12-01,2019120101002334,NICA,57,4,50,407.00,"20,350.00"
2019-12-01,2019120101002332,NICA,14,4,900,407.00,"366,300.00"
2019-12-01,2019120101002298,NICA,22,4,200,407.00,"81,400.00"
2019-12-01,2019120101002665,NICL,14,26,30,247.00,"7,410.00"
2019-12-01,2019120101002644,NICL,55,56,50,243.00,"12,150.00"
2019-12-01,2019120101002516,NICL,55,56,78,243.00,"18,954.00"
2019-12-01,2019120101002515,NICL,43,56,20,243.00,"4,860.00"
2019-12-01,2019120101002474,NICL,43,54,22,245.00,"5,390.00"
2019-12-01,2019120101002663,NLG,26,48,14,491.00,"6,874.00"
2019-12-01,2019120101002724,NLIC,48,33,100,817.00,"81,700.00"
2019-12-01,2019120101002723,NLIC,48,52,22,817.00,"17,974.00"
2019-12-01,2019120101002722,NLIC,48,11,200,817.00,"163,400.00"
2019-12-01,2019120101002721,NLIC,48,25,77,816.00,"62,832.00"
2019-12-01,2019120101002694,NLIC,43,25,13,816.00,"10,608.00"
2019-12-01,2019120101002693,NLIC,43,52,50,816.00,"40,800.00"
2019-12-01,2019120101002395,NLIC,58,52,100,810.00,"81,000.00"
2019-12-01,2019120101002394,NLIC,16,52,100,811.00,"81,100.00"
2019-12-01,2019120101002393,NLIC,57,52,50,811.00,"40,550.00"
2019-12-01,2019120101002604,NLIC,40,1,10,814.00,"8,140.00"
2019-12-01,2019120101002603,NLIC,40,1,10,814.00,"8,140.00"
2019-12-01,2019120101002522,NLIC,58,4,40,810.00,"32,400.00"
2019-12-01,2019120101002521,NLIC,40,4,100,811.00,"81,100.00"
2019-12-01,2019120101002487,NLIC,40,39,100,813.00,"81,300.00"
2019-12-01,2019120101002463,NLIC,55,56,10,813.00,"8,130.00"
2019-12-01,2019120101002686,NLIC,43,38,22,815.00,"17,930.00"
2019-12-01,2019120101002609,NLIC,40,1,10,814.00,"8,140.00"
2019-12-01,2019120101002608,NLIC,40,1,10,814.00,"8,140.00"
2019-12-01,2019120101002607,NLIC,40,1,10,814.00,"8,140.00"
2019-12-01,2019120101002606,NLIC,40,1,10,814.00,"8,140.00"
2019-12-01,2019120101002605,NLIC,40,1,10,814.00,"8,140.00"
2019-12-01,2019120101002649,NLICL,50,26,68,416.00,"28,288.00"
2019-12-01,2019120101002639,NLICL,50,48,61,415.00,"25,315.00"
2019-12-01,2019120101002541,NLICL,5,48,15,415.00,"6,225.00"
2019-12-01,2019120101002540,NLICL,51,48,113,415.00,"46,895.00"
2019-12-01,2019120101002274,NLICL,26,28,50,416.00,"20,800.00"
2019-12-01,2019120101002733,NMB,29,17,500,385.00,"192,500.00"
2019-12-01,2019120101002726,NMB,56,42,12,383.00,"4,596.00"
2019-12-01,2019120101002719,NMB,56,42,12,383.00,"4,596.00"
2019-12-01,2019120101002714,NMB,56,42,12,383.00,"4,596.00"
2019-12-01,2019120101002709,NMB,56,42,12,383.00,"4,596.00"
2019-12-01,2019120101002685,NMB,56,42,12,383.00,"4,596.00"
2019-12-01,2019120101002238,NMB,53,33,48,385.00,"18,480.00"
2019-12-01,2019120101002345,NMB,39,29,50,385.00,"19,250.00"
2019-12-01,2019120101002329,NMB,28,29,128,385.00,"49,280.00"
2019-12-01,2019120101002328,NMB,28,19,80,385.00,"30,800.00"
2019-12-01,2019120101002327,NMB,28,42,92,385.00,"35,420.00"
2019-12-01,2019120101002284,NMB,55,21,10,384.00,"3,840.00"
2019-12-01,2019120101002239,NMB,53,42,202,385.00,"77,770.00"
2019-12-01,2019120101002433,NMB,53,54,100,384.00,"38,400.00"
2019-12-01,2019120101002432,NMB,19,54,200,384.00,"76,800.00"
2019-12-01,2019120101002431,NMB,22,54,904,384.00,"347,136.00"
2019-12-01,2019120101002400,NMB,22,52,346,384.00,"132,864.00"
2019-12-01,2019120101002399,NMB,55,52,654,384.00,"251,136.00"
2019-12-01,2019120101002385,NMB,28,29,200,385.00,"77,000.00"
2019-12-01,2019120101002439,NMB,49,54,"1,000",384.00,"384,000.00"
2019-12-01,2019120101002438,NMB,42,54,"1,000",384.00,"384,000.00"
2019-12-01,2019120101002437,NMB,14,54,300,384.00,"115,200.00"
2019-12-01,2019120101002436,NMB,43,54,220,384.00,"84,480.00"
2019-12-01,2019120101002435,NMB,6,54,100,384.00,"38,400.00"
2019-12-01,2019120101002434,NMB,36,54,"1,000",384.00,"384,000.00"
2019-12-01,2019120101002476,NMB,4,29,96,385.00,"36,960.00"
2019-12-01,2019120101002475,NMB,56,29,13,385.00,"5,005.00"
2019-12-01,2019120101002472,NMB,56,29,13,385.00,"5,005.00"
2019-12-01,2019120101002444,NMB,39,42,"1,000",385.00,"385,000.00"
2019-12-01,2019120101002441,NMB,29,54,676,384.00,"259,584.00"
2019-12-01,2019120101002440,NMB,21,54,500,384.00,"192,000.00"
2019-12-01,2019120101002555,NMB,29,32,"2,000",384.00,"768,000.00"
2019-12-01,2019120101002552,NMB,29,42,12,384.00,"4,608.00"
2019-12-01,2019120101002536,NMB,29,42,12,384.00,"4,608.00"
2019-12-01,2019120101002532,NMB,29,42,12,384.00,"4,608.00"
2019-12-01,2019120101002483,NMB,56,26,13,385.00,"5,005.00"
2019-12-01,2019120101002478,NMB,56,26,13,385.00,"5,005.00"
2019-12-01,2019120101002568,NMB,6,42,12,383.00,"4,596.00"
2019-12-01,2019120101002567,NMB,32,32,558,384.00,"214,272.00"
2019-12-01,2019120101002564,NMB,13,52,30,384.00,"11,520.00"
2019-12-01,2019120101002563,NMB,29,52,500,384.00,"192,000.00"
2019-12-01,2019120101002562,NMB,29,52,276,384.00,"105,984.00"
2019-12-01,2019120101002560,NMB,29,42,12,384.00,"4,608.00"
2019-12-01,2019120101002602,NMB,56,42,12,383.00,"4,596.00"
2019-12-01,2019120101002601,NMB,13,52,100,384.00,"38,400.00"
2019-12-01,2019120101002596,NMB,56,42,12,383.00,"4,596.00"
2019-12-01,2019120101002593,NMB,6,42,12,383.00,"4,596.00"
2019-12-01,2019120101002587,NMB,6,42,12,383.00,"4,596.00"
2019-12-01,2019120101002579,NMB,6,42,12,383.00,"4,596.00"
2019-12-01,2019120101002672,NMB,18,42,12,384.00,"4,608.00"
2019-12-01,2019120101002668,NMB,18,42,12,384.00,"4,608.00"
2019-12-01,2019120101002664,NMB,18,42,12,384.00,"4,608.00"
2019-12-01,2019120101002662,NMB,18,52,94,384.00,"36,096.00"
2019-12-01,2019120101002661,NMB,56,56,25,383.00,"9,575.00"
2019-12-01,2019120101002632,NMB,56,42,12,383.00,"4,596.00"
2019-12-01,2019120101002704,NMBMF,1,48,51,475.00,"24,225.00"
2019-12-01,2019120101002729,NMFBS,34,49,15,"1,800.00","27,000.00"
2019-12-01,2019120101002648,NMFBS,14,49,100,"1,800.00","180,000.00"
2019-12-01,2019120101002647,NMFBS,55,49,145,"1,802.00","261,290.00"
2019-12-01,2019120101002646,NMFBS,50,49,12,"1,803.00","21,636.00"
2019-12-01,2019120101002645,NMFBS,50,49,10,"1,803.00","18,030.00"
2019-12-01,2019120101002631,NMFBS,45,26,10,"1,804.00","18,040.00"
2019-12-01,2019120101002322,NMFBS,38,42,26,"1,803.00","46,878.00"
2019-12-01,2019120101002244,NMFBS,38,29,160,"1,802.00","288,320.00"
2019-12-01,2019120101002243,NMFBS,38,11,15,"1,802.00","27,030.00"
2019-12-01,2019120101002387,NMFBS,55,41,15,"1,802.00","27,030.00"
2019-12-01,2019120101002386,NMFBS,55,48,20,"1,802.00","36,040.00"
2019-12-01,2019120101002384,NMFBS,55,21,15,"1,802.00","27,030.00"
2019-12-01,2019120101002335,NMFBS,38,48,42,"1,803.00","75,726.00"
2019-12-01,2019120101002331,NMFBS,55,57,15,"1,802.00","27,030.00"
2019-12-01,2019120101002323,NMFBS,38,28,20,"1,803.00","36,060.00"
2019-12-01,2019120101002508,NMFBS,45,1,65,"1,804.00","117,260.00"
2019-12-01,2019120101002507,NMFBS,36,1,10,"1,804.00","18,040.00"
2019-12-01,2019120101002403,NMFBS,55,1,15,"1,804.00","27,060.00"
2019-12-01,2019120101002402,NMFBS,55,1,15,"1,804.00","27,060.00"
2019-12-01,2019120101002392,NMFBS,55,48,20,"1,802.00","36,040.00"
2019-12-01,2019120101002388,NMFBS,55,48,20,"1,802.00","36,040.00"
2019-12-01,2019120101002549,OHL,32,32,150,402.00,"60,300.00"
2019-12-01,2019120101002542,OHL,32,32,150,402.00,"60,300.00"
2019-12-01,2019120101002654,PCBL,18,21,200,273.00,"54,600.00"
2019-12-01,2019120101002634,PCBL,8,21,142,273.00,"38,766.00"
2019-12-01,2019120101002594,PCBL,45,21,100,273.00,"27,300.00"
2019-12-01,2019120101002586,PCBL,4,20,50,272.00,"13,600.00"
2019-12-01,2019120101002530,PCBL,39,21,500,273.00,"136,500.00"
2019-12-01,2019120101002442,PCBL,13,21,100,273.00,"27,300.00"
2019-12-01,2019120101002397,PCBL,39,21,20,273.00,"5,460.00"
2019-12-01,2019120101002305,PCBL,7,21,100,273.00,"27,300.00"
2019-12-01,2019120101002293,PCBL,58,28,100,273.00,"27,300.00"
2019-12-01,2019120101002292,PCBL,36,28,100,273.00,"27,300.00"
2019-12-01,2019120101002291,PCBL,34,28,990,273.00,"270,270.00"
2019-12-01,2019120101002248,PCBL,34,50,400,273.00,"109,200.00"
2019-12-01,2019120101002251,PFL,5,49,"1,000",142.00,"142,000.00"
2019-12-01,2019120101002250,PFL,5,14,200,142.00,"28,400.00"
2019-12-01,2019120101002633,PIC,52,42,20,335.00,"6,700.00"
2019-12-01,2019120101002589,PIC,52,42,20,335.00,"6,700.00"
2019-12-01,2019120101002580,PIC,7,42,20,335.00,"6,700.00"
2019-12-01,2019120101002565,PIC,7,42,20,335.00,"6,700.00"
2019-12-01,2019120101002301,PIC,6,37,93,340.00,"31,620.00"
2019-12-01,2019120101002300,PIC,6,45,57,340.00,"19,380.00"
2019-12-01,2019120101002448,PICL,28,8,500,360.00,"180,000.00"
2019-12-01,2019120101002447,PICL,28,5,500,359.00,"179,500.00"
2019-12-01,2019120101002497,PLIC,45,8,100,297.00,"29,700.00"
2019-12-01,2019120101002496,PLIC,44,8,100,297.00,"29,700.00"
2019-12-01,2019120101002495,PLIC,40,8,500,297.00,"148,500.00"
2019-12-01,2019120101002494,PLIC,25,8,50,297.00,"14,850.00"
2019-12-01,2019120101002349,PLIC,1,1,99,299.00,"29,601.00"
2019-12-01,2019120101002297,PLIC,10,25,61,300.00,"18,300.00"
2019-12-01,2019120101002296,PLIC,10,52,50,300.00,"15,000.00"
2019-12-01,2019120101002295,PLIC,10,8,201,300.00,"60,300.00"
2019-12-01,2019120101002493,PLIC,19,8,100,298.00,"29,800.00"
2019-12-01,2019120101002492,PLIC,45,8,150,298.00,"44,700.00"
2019-12-01,2019120101002491,PLIC,28,8,100,298.00,"29,800.00"
2019-12-01,2019120101002490,PLIC,19,8,49,298.00,"14,602.00"
2019-12-01,2019120101002489,PLIC,45,8,50,299.00,"14,950.00"
2019-12-01,2019120101002488,PLIC,1,8,201,299.00,"60,099.00"
2019-12-01,2019120101002688,PMHPL,54,42,10,80.00,800.00
2019-12-01,2019120101002666,PMHPL,54,56,10,80.00,800.00
2019-12-01,2019120101002543,PMHPL,54,42,10,80.00,800.00
2019-12-01,2019120101002674,PRVU,26,56,72,223.00,"16,056.00"
2019-12-01,2019120101002673,PRVU,28,56,78,223.00,"17,394.00"
2019-12-01,2019120101002548,PRVU,28,32,100,224.00,"22,400.00"
2019-12-01,2019120101002413,PRVU,7,32,100,224.00,"22,400.00"
2019-12-01,2019120101002391,PRVU,50,32,11,224.00,"2,464.00"
2019-12-01,2019120101002278,PRVU,52,32,103,224.00,"23,072.00"
2019-12-01,2019120101002277,PRVU,52,57,97,224.00,"21,728.00"
2019-12-01,2019120101002681,RBCL,25,6,10,"7,870.00","78,700.00"
2019-12-01,2019120101002618,RBCL,56,6,10,"7,860.00","78,600.00"
2019-12-01,2019120101002617,RBCL,38,6,10,"7,865.00","78,650.00"
2019-12-01,2019120101002677,RHPC,26,48,18,74.00,"1,332.00"
2019-12-01,2019120101002471,RHPC,20,39,500,75.00,"37,500.00"
2019-12-01,2019120101002695,RHPL,41,36,50,163.00,"8,150.00"
2019-12-01,2019120101002691,RHPL,41,42,40,163.00,"6,520.00"
2019-12-01,2019120101002657,RHPL,21,42,50,164.00,"8,200.00"
2019-12-01,2019120101002656,RHPL,21,57,88,164.00,"14,432.00"
2019-12-01,2019120101002622,RHPL,29,57,100,164.00,"16,400.00"
2019-12-01,2019120101002621,RHPL,6,57,12,164.00,"1,968.00"
2019-12-01,2019120101002358,RHPL,5,25,500,164.00,"82,000.00"
2019-12-01,2019120101002357,RHPL,37,25,40,164.00,"6,560.00"
2019-12-01,2019120101002356,RHPL,54,25,60,164.00,"9,840.00"
2019-12-01,2019120101002355,RHPL,43,25,159,164.00,"26,076.00"
2019-12-01,2019120101002347,RHPL,43,4,20,164.00,"3,280.00"
2019-12-01,2019120101002346,RHPL,43,50,690,164.00,"113,160.00"
2019-12-01,2019120101002592,RHPL,6,20,20,164.00,"3,280.00"
2019-12-01,2019120101002519,RHPL,6,56,40,164.00,"6,560.00"
2019-12-01,2019120101002498,RHPL,6,16,28,164.00,"4,592.00"
2019-12-01,2019120101002452,RHPL,1,28,10,165.00,"1,650.00"
2019-12-01,2019120101002423,RHPL,48,28,720,165.00,"118,800.00"
2019-12-01,2019120101002422,RHPL,48,49,480,165.00,"79,200.00"
2019-12-01,2019120101002451,RLFL,1,20,"1,906",106.00,"202,036.00"
2019-12-01,2019120101002450,RLFL,47,20,200,106.00,"21,200.00"
2019-12-01,2019120101002449,RLFL,44,20,"2,447",107.00,"261,829.00"
2019-12-01,2019120101002316,RLFL,44,4,53,107.00,"5,671.00"
2019-12-01,2019120101002708,RMDC,29,45,243,580.00,"140,940.00"
2019-12-01,2019120101002707,RMDC,29,5,57,578.00,"32,946.00"
2019-12-01,2019120101002585,RMDC,44,53,17,575.00,"9,775.00"
2019-12-01,2019120101002584,RMDC,35,53,20,575.00,"11,500.00"
2019-12-01,2019120101002583,RMDC,59,53,10,576.00,"5,760.00"
2019-12-01,2019120101002696,RRHP,42,42,10,98.00,980.00
2019-12-01,2019120101002527,RRHP,42,53,10,98.00,980.00
2019-12-01,2019120101002718,RSDC,41,34,23,288.00,"6,624.00"
2019-12-01,2019120101002717,RSDC,41,42,27,287.00,"7,749.00"
2019-12-01,2019120101002500,RSDC,4,42,10,287.00,"2,870.00"
2019-12-01,2019120101002458,RSDC,14,41,40,284.00,"11,360.00"
2019-12-01,2019120101002249,RSDC,14,26,10,285.00,"2,850.00"
2019-12-01,2019120101002236,RSDC,14,36,16,284.00,"4,544.00"
2019-12-01,2019120101002235,RSDC,38,36,40,284.00,"11,360.00"
2019-12-01,2019120101002509,SABSL,11,42,10,470.00,"4,700.00"
2019-12-01,2019120101002470,SABSL,1,37,10,474.00,"4,740.00"
2019-12-01,2019120101002469,SABSL,1,37,10,474.00,"4,740.00"
2019-12-01,2019120101002727,SBI,19,49,300,347.00,"104,100.00"
2019-12-01,2019120101002559,SBI,28,49,42,348.00,"14,616.00"
2019-12-01,2019120101002558,SBI,28,45,10,348.00,"3,480.00"
2019-12-01,2019120101002506,SBI,7,52,67,346.00,"23,182.00"
2019-12-01,2019120101002505,SBI,48,52,100,346.00,"34,600.00"
2019-12-01,2019120101002504,SBI,56,52,23,346.00,"7,958.00"
2019-12-01,2019120101002446,SBI,56,11,227,346.00,"78,542.00"
2019-12-01,2019120101002445,SBI,51,11,50,347.00,"17,350.00"
2019-12-01,2019120101002253,SBI,57,49,200,347.00,"69,400.00"
2019-12-01,2019120101002679,SBL,56,56,100,278.00,"27,800.00"
2019-12-01,2019120101002485,SBL,26,34,150,277.00,"41,550.00"
2019-12-01,2019120101002484,SBL,44,34,50,277.00,"13,850.00"
2019-12-01,2019120101002326,SBL,43,55,500,278.00,"139,000.00"
2019-12-01,2019120101002325,SBL,43,55,500,278.00,"139,000.00"
2019-12-01,2019120101002550,SCB,45,42,100,526.00,"52,600.00"
2019-12-01,2019120101002454,SCB,34,11,200,525.00,"105,000.00"
2019-12-01,2019120101002330,SCB,34,4,203,525.00,"106,575.00"
2019-12-01,2019120101002690,SDESI,34,17,50,520.00,"26,000.00"
2019-12-01,2019120101002598,SDESI,54,48,28,525.00,"14,700.00"
2019-12-01,2019120101002597,SDESI,51,48,10,526.00,"5,260.00"
2019-12-01,2019120101002282,SFFIL,4,45,200,164.00,"32,800.00"
2019-12-01,2019120101002281,SFFIL,4,45,229,164.00,"37,556.00"
2019-12-01,2019120101002280,SFFIL,38,45,435,165.00,"71,775.00"
2019-12-01,2019120101002684,SHIVM,22,48,20,391.00,"7,820.00"
2019-12-01,2019120101002514,SHPC,48,44,20,182.00,"3,640.00"
2019-12-01,2019120101002481,SHPC,39,34,250,181.00,"45,250.00"
2019-12-01,2019120101002455,SHPC,1,34,100,181.00,"18,100.00"
2019-12-01,2019120101002283,SHPC,13,21,15,180.00,"2,700.00"
2019-12-01,2019120101002655,SICL,1,17,10,745.00,"7,450.00"
2019-12-01,2019120101002699,SJCL,34,42,20,153.00,"3,060.00"
2019-12-01,2019120101002698,SJCL,34,36,20,153.00,"3,060.00"
2019-12-01,2019120101002689,SJCL,34,36,20,153.00,"3,060.00"
2019-12-01,2019120101002643,SJCL,34,42,20,153.00,"3,060.00"
2019-12-01,2019120101002595,SJCL,34,20,20,153.00,"3,060.00"
2019-12-01,2019120101002502,SJCL,19,16,10,153.00,"1,530.00"
2019-12-01,2019120101002337,SJCL,39,50,100,154.00,"15,400.00"
2019-12-01,2019120101002336,SJCL,45,50,60,154.00,"9,240.00"
2019-12-01,2019120101002692,SLBBL,47,48,42,470.00,"19,740.00"
2019-12-01,2019120101002624,SLBBL,47,33,50,470.00,"23,500.00"
2019-12-01,2019120101002571,SLBBL,45,52,10,467.00,"4,670.00"
2019-12-01,2019120101002570,SLBBL,54,52,50,468.00,"23,400.00"
2019-12-01,2019120101002575,SLBBL,40,52,10,465.00,"4,650.00"
2019-12-01,2019120101002574,SLBBL,22,52,30,465.00,"13,950.00"
2019-12-01,2019120101002573,SLBBL,21,52,50,465.00,"23,250.00"
2019-12-01,2019120101002572,SLBBL,49,52,50,466.00,"23,300.00"
2019-12-01,2019120101002725,SLBSL,39,48,10,730.00,"7,300.00"
2019-12-01,2019120101002539,SLBSL,43,45,34,737.00,"25,058.00"
2019-12-01,2019120101002486,SLBSL,1,43,10,736.00,"7,360.00"
2019-12-01,2019120101002353,SLBSL,38,5,100,725.00,"72,500.00"
2019-12-01,2019120101002352,SLBSL,45,5,50,727.00,"36,350.00"
2019-12-01,2019120101002351,SLBSL,54,5,50,728.00,"36,400.00"
2019-12-01,2019120101002320,SLBSL,43,43,140,736.00,"103,040.00"
2019-12-01,2019120101002319,SLBSL,43,42,10,735.00,"7,350.00"
2019-12-01,2019120101002269,SLBSL,29,45,16,737.00,"11,792.00"
2019-12-01,2019120101002590,SMATA,41,22,29,490.00,"14,210.00"
2019-12-01,2019120101002529,SMATA,41,52,33,490.00,"16,170.00"
2019-12-01,2019120101002528,SMATA,32,52,12,498.00,"5,976.00"
2019-12-01,2019120101002547,SMB,20,8,10,429.00,"4,290.00"
2019-12-01,2019120101002538,SMB,20,8,10,429.00,"4,290.00"
2019-12-01,2019120101002534,SMB,20,8,10,429.00,"4,290.00"
2019-12-01,2019120101002401,SMB,10,10,10,430.00,"4,300.00"
2019-12-01,2019120101002261,SPDL,45,16,15,81.00,"1,215.00"
2019-12-01,2019120101002247,SPDL,45,16,15,81.00,"1,215.00"
2019-12-01,2019120101002430,SRBL,57,55,300,212.00,"63,600.00"
2019-12-01,2019120101002429,SRBL,57,44,"2,500",212.00,"530,000.00"
2019-12-01,2019120101002428,SRBL,57,11,"1,000",212.00,"212,000.00"
2019-12-01,2019120101002427,SRBL,57,16,100,212.00,"21,200.00"
2019-12-01,2019120101002426,SRBL,57,37,"1,000",211.00,"211,000.00"
2019-12-01,2019120101002425,SRBL,57,51,100,211.00,"21,100.00"
2019-12-01,2019120101002424,SRBL,57,43,360,211.00,"75,960.00"
2019-12-01,2019120101002482,STC,54,54,500,"1,204.00","602,000.00"
2019-12-01,2019120101002582,SWBBL,29,26,29,937.00,"27,173.00"
2019-12-01,2019120101002566,SWBBL,29,48,21,936.00,"19,656.00"
2019-12-01,2019120101002333,UPCL,13,4,100,72.00,"7,200.00"
2019-12-01,2019120101002705,UPPER,56,42,50,224.00,"11,200.00"
2019-12-01,2019120101002651,UPPER,56,42,10,224.00,"2,240.00"
2019-12-01,2019120101002650,UPPER,6,42,40,225.00,"9,000.00"
2019-12-01,2019120101002630,UPPER,6,20,50,225.00,"11,250.00"
2019-12-01,2019120101002615,UPPER,6,51,10,225.00,"2,250.00"
2019-12-01,2019120101002126,ADBL,55,52,74,404.00,"29,896.00"
2019-12-01,2019120101002125,ADBL,55,42,734,404.00,"296,536.00"
2019-12-01,2019120101001853,AHPC,45,8,45,93.00,"4,185.00"
2019-12-01,2019120101002106,AKBSL,22,28,60,430.00,"25,800.00"
2019-12-01,2019120101002105,AKBSL,22,47,10,430.00,"4,300.00"
2019-12-01,2019120101002195,ALBSL,48,41,10,393.00,"3,930.00"
2019-12-01,2019120101002194,ALBSL,48,19,10,392.00,"3,920.00"
2019-12-01,2019120101002193,ALBSL,48,17,10,392.00,"3,920.00"
2019-12-01,2019120101001918,ALICL,58,13,32,312.00,"9,984.00"
2019-12-01,2019120101002191,BOKL,6,17,233,211.00,"49,163.00"
2019-12-01,2019120101002190,BOKL,21,17,717,211.00,"151,287.00"
2019-12-01,2019120101002087,BOKL,21,1,83,211.00,"17,513.00"
2019-12-01,2019120101001967,BOKL,32,52,"1,000",211.00,"211,000.00"
2019-12-01,2019120101001966,BOKL,32,45,150,211.00,"31,650.00"
2019-12-01,2019120101001965,BOKL,32,48,541,211.00,"114,151.00"
2019-12-01,2019120101001964,BOKL,42,48,50,211.00,"10,550.00"
2019-12-01,2019120101001864,BOKL,40,47,280,210.00,"58,800.00"
2019-12-01,2019120101001812,BOKL,44,48,10,211.00,"2,110.00"
2019-12-01,2019120101002182,CBBL,58,5,205,981.00,"201,105.00"
2019-12-01,2019120101002181,CBBL,6,5,10,981.00,"9,810.00"
2019-12-01,2019120101002180,CBBL,43,5,190,981.00,"186,390.00"
2019-12-01,2019120101002176,CBBL,50,5,30,982.00,"29,460.00"
2019-12-01,2019120101001929,CBBL,43,20,310,981.00,"304,110.00"
2019-12-01,2019120101001928,CBBL,53,20,100,981.00,"98,100.00"
2019-12-01,2019120101001899,CBBL,58,48,410,982.00,"402,620.00"
2019-12-01,2019120101001874,CBBL,58,1,100,982.00,"98,200.00"
2019-12-01,2019120101001768,CBBL,58,20,23,983.00,"22,609.00"
2019-12-01,2019120101001927,CBBL,19,20,20,981.00,"19,620.00"
2019-12-01,2019120101001926,CBBL,18,20,13,981.00,"12,753.00"
2019-12-01,2019120101001916,CBBL,17,20,10,983.00,"9,830.00"
2019-12-01,2019120101001910,CBBL,8,20,50,983.00,"49,150.00"
2019-12-01,2019120101001901,CBBL,18,48,37,981.00,"36,297.00"
2019-12-01,2019120101001900,CBBL,49,48,274,981.00,"268,794.00"
2019-12-01,2019120101002162,CCBL,42,52,22,159.00,"3,498.00"
2019-12-01,2019120101002161,CCBL,42,50,78,159.00,"12,402.00"
2019-12-01,2019120101001960,CCBL,42,52,10,159.00,"1,590.00"
2019-12-01,2019120101001959,CCBL,42,52,10,159.00,"1,590.00"
2019-12-01,2019120101001958,CCBL,42,52,10,159.00,"1,590.00"
2019-12-01,2019120101001743,CCBL,42,48,10,159.00,"1,590.00"
2019-12-01,2019120101001811,CFCL,25,28,"1,000",113.00,"113,000.00"
2019-12-01,2019120101001810,CFCL,25,28,"1,000",113.00,"113,000.00"
2019-12-01,2019120101002201,CHCL,6,13,50,355.00,"17,750.00"
2019-12-01,2019120101002200,CHCL,6,17,30,355.00,"10,650.00"
2019-12-01,2019120101001912,CHCL,38,47,99,354.00,"35,046.00"
2019-12-01,2019120101002097,CMF1,43,38,"10,000",8.63,"86,300.00"
2019-12-01,2019120101002113,CZBIL,6,38,"1,000",180.00,"180,000.00"
2019-12-01,2019120101002112,CZBIL,41,38,921,180.00,"165,780.00"
2019-12-01,2019120101001955,CZBIL,41,14,"1,079",180.00,"194,220.00"
2019-12-01,2019120101001954,CZBIL,42,14,50,180.00,"9,000.00"
2019-12-01,2019120101001953,CZBIL,49,14,200,180.00,"36,000.00"
2019-12-01,2019120101001952,CZBIL,19,14,171,180.00,"30,780.00"
2019-12-01,2019120101002199,DBBL,6,49,350,122.00,"42,700.00"
2019-12-01,2019120101002198,DBBL,32,49,100,122.00,"12,200.00"
2019-12-01,2019120101001829,DDBL,34,32,55,722.00,"39,710.00"
2019-12-01,2019120101002202,DHPL,44,4,22,49.00,"1,078.00"
2019-12-01,2019120101002232,EBL,56,53,68,544.00,"36,992.00"
2019-12-01,2019120101002231,EBL,58,53,12,544.00,"6,528.00"
2019-12-01,2019120101002058,EBL,58,1,38,544.00,"20,672.00"
2019-12-01,2019120101002057,EBL,58,1,300,544.00,"163,200.00"
2019-12-01,2019120101001950,EBL,42,43,15,546.00,"8,190.00"
2019-12-01,2019120101001949,EBL,41,43,34,546.00,"18,564.00"
2019-12-01,2019120101001947,EBL,11,1,400,547.00,"218,800.00"
2019-12-01,2019120101001760,EBL,41,28,16,546.00,"8,736.00"
2019-12-01,2019120101002056,EBL,32,1,50,544.00,"27,200.00"
2019-12-01,2019120101002007,EBL,56,1,50,545.00,"27,250.00"
2019-12-01,2019120101002006,EBL,44,1,100,545.00,"54,500.00"
2019-12-01,2019120101002005,EBL,40,1,50,545.00,"27,250.00"
2019-12-01,2019120101002004,EBL,41,1,180,545.00,"98,100.00"
2019-12-01,2019120101002003,EBL,34,1,32,545.00,"17,440.00"
2019-12-01,2019120101001878,EDBL,57,52,10,281.00,"2,810.00"
2019-12-01,2019120101001969,EIC,28,33,50,210.00,"10,500.00"
2019-12-01,2019120101002205,GBBL,25,35,100,189.00,"18,900.00"
2019-12-01,2019120101001809,GBBL,39,49,500,190.00,"95,000.00"
2019-12-01,2019120101001771,GBBL,25,41,160,190.00,"30,400.00"
2019-12-01,2019120101002139,GILB,6,1,80,745.00,"59,600.00"
2019-12-01,2019120101001873,GILB,34,34,1,731.00,731.00
2019-12-01,2019120101001871,GILB,34,34,1,731.00,731.00
2019-12-01,2019120101001870,GILB,34,34,1,731.00,731.00
2019-12-01,2019120101001869,GILB,34,34,1,731.00,731.00
2019-12-01,2019120101001867,GILB,34,34,1,731.00,731.00
2019-12-01,2019120101001865,GILB,34,34,1,731.00,731.00
2019-12-01,2019120101001863,GILB,34,34,1,731.00,731.00
2019-12-01,2019120101001862,GILB,34,34,1,731.00,731.00
2019-12-01,2019120101002085,GLBSL,38,36,10,408.00,"4,080.00"
2019-12-01,2019120101001931,GLICL,58,45,16,350.00,"5,600.00"
2019-12-01,2019120101001759,GLICL,41,8,135,351.00,"47,385.00"
2019-12-01,2019120101001758,GLICL,57,8,170,351.00,"59,670.00"
2019-12-01,2019120101001757,GLICL,48,8,"1,000",351.00,"351,000.00"
2019-12-01,2019120101001756,GLICL,32,8,17,353.00,"6,001.00"
2019-12-01,2019120101001747,GLICL,32,3,64,353.00,"22,592.00"
2019-12-01,2019120101002174,GRDBL,14,45,115,100.00,"11,500.00"
2019-12-01,2019120101002173,GRDBL,14,43,30,100.00,"3,000.00"
2019-12-01,2019120101002133,GUFL,28,58,20,112.00,"2,240.00"
2019-12-01,2019120101002136,HBL,1,39,100,487.00,"48,700.00"
2019-12-01,2019120101002135,HBL,1,37,100,487.00,"48,700.00"
2019-12-01,2019120101002118,HBL,16,35,180,478.00,"86,040.00"
2019-12-01,2019120101002117,HBL,42,35,20,479.00,"9,580.00"
2019-12-01,2019120101002214,HDL,14,49,34,"1,150.00","39,100.00"
2019-12-01,2019120101002213,HDL,14,6,16,"1,150.00","18,400.00"
2019-12-01,2019120101002079,HDL,57,6,10,"1,150.00","11,500.00"
2019-12-01,2019120101002076,HDL,38,52,50,"1,146.00","57,300.00"
2019-12-01,2019120101002075,HDL,41,52,30,"1,149.00","34,470.00"
2019-12-01,2019120101001996,HDL,58,6,24,"1,150.00","27,600.00"
2019-12-01,2019120101001735,HDL,48,50,190,"1,144.00","217,360.00"
2019-12-01,2019120101002100,HIDCL,40,26,132,132.00,"17,424.00"
2019-12-01,2019120101001903,HIDCL,36,36,61,132.00,"8,052.00"
2019-12-01,2019120101001881,HIDCL,56,17,467,131.00,"61,177.00"
2019-12-01,2019120101001880,HIDCL,41,17,33,131.00,"4,323.00"
2019-12-01,2019120101001919,HPPL,53,41,10,133.00,"1,330.00"
2019-12-01,2019120101001907,HPPL,36,42,20,134.00,"2,680.00"
2019-12-01,2019120101001884,HPPL,53,36,20,133.00,"2,660.00"
2019-12-01,2019120101002226,ILBS,11,8,10,480.00,"4,800.00"
2019-12-01,2019120101002218,ILBS,11,8,10,480.00,"4,800.00"
2019-12-01,2019120101002212,ILBS,11,8,10,480.00,"4,800.00"
2019-12-01,2019120101002208,ILBS,11,8,10,480.00,"4,800.00"
2019-12-01,2019120101002197,ILBS,11,8,10,480.00,"4,800.00"
2019-12-01,2019120101002189,ILBS,11,8,10,480.00,"4,800.00"
2019-12-01,2019120101001946,ILBS,11,45,10,482.00,"4,820.00"
2019-12-01,2019120101001761,ILBS,52,42,60,480.00,"28,800.00"
2019-12-01,2019120101001932,JOSHI,19,41,20,55.00,"1,100.00"
2019-12-01,2019120101002157,KBL,36,38,900,176.00,"158,400.00"
2019-12-01,2019120101002155,KBL,42,38,100,176.00,"17,600.00"
2019-12-01,2019120101002043,KBL,50,49,500,176.00,"88,000.00"
2019-12-01,2019120101001854,KBL,40,48,834,176.00,"146,784.00"
2019-12-01,2019120101001844,KBL,21,22,120,175.00,"21,000.00"
