Date,Transact. No.,Symbol,Buyer,Seller,Quantity,Rate,Amount
2020-09-10,2020091001029904,ACLBSL,32,41,40,782.00,"31,280.00"
2020-09-10,2020091001029807,ACLBSL,29,48,50,784.00,"39,200.00"
2020-09-10,2020091001029769,ACLBSL,32,47,31,782.00,"24,242.00"
2020-09-10,2020091001029607,ACLBSL,42,47,29,782.00,"22,678.00"
2020-09-10,2020091001029952,ADBL,35,42,200,425.00,"85,000.00"
2020-09-10,2020091001029781,ADBL,42,42,20,425.00,"8,500.00"
2020-09-10,2020091001029759,ADBL,14,52,25,424.00,"10,600.00"
2020-09-10,2020091001029698,ADBL,8,42,123,425.00,"52,275.00"
2020-09-10,2020091001029697,ADBL,8,56,277,425.00,"117,725.00"
2020-09-10,2020091001029690,ADBL,38,56,413,425.00,"175,525.00"
2020-09-10,2020091001029614,ADBL,14,14,100,424.00,"42,400.00"
2020-09-10,2020091001029600,ADBL,58,56,30,425.00,"12,750.00"
2020-09-10,2020091001029874,AHPC,38,33,512,119.00,"60,928.00"
2020-09-10,2020091001029873,AHPC,38,55,100,119.00,"11,900.00"
2020-09-10,2020091001029872,AHPC,38,44,388,119.00,"46,172.00"
2020-09-10,2020091001029531,AIL,59,49,10,525.00,"5,250.00"
2020-09-10,2020091001029530,AIL,59,45,70,525.00,"36,750.00"
2020-09-10,2020091001029948,AKPL,32,14,500,164.00,"82,000.00"
2020-09-10,2020091001029611,AKPL,1,42,17,163.00,"2,771.00"
2020-09-10,2020091001029610,AKPL,50,42,500,163.00,"81,500.00"
2020-09-10,2020091001029609,AKPL,37,42,210,163.00,"34,230.00"
2020-09-10,2020091001029608,AKPL,17,42,83,163.00,"13,529.00"
2020-09-10,2020091001029674,ALBSL,45,51,75,928.00,"69,600.00"
2020-09-10,2020091001029673,ALBSL,37,51,25,928.00,"23,200.00"
2020-09-10,2020091001029842,ALICL,37,44,500,754.00,"377,000.00"
2020-09-10,2020091001029837,ALICL,6,44,881,760.00,"669,560.00"
2020-09-10,2020091001029836,ALICL,6,25,50,760.00,"38,000.00"
2020-09-10,2020091001029835,ALICL,6,41,50,760.00,"38,000.00"
2020-09-10,2020091001029834,ALICL,6,52,10,760.00,"7,600.00"
2020-09-10,2020091001029833,ALICL,6,55,45,760.00,"34,200.00"
2020-09-10,2020091001029603,ALICL,50,44,"5,000",756.00,"3,780,000.00"
2020-09-10,2020091001029814,ALICL,6,17,66,758.00,"50,028.00"
2020-09-10,2020091001029813,ALICL,6,35,75,757.00,"56,775.00"
2020-09-10,2020091001029812,ALICL,6,14,100,757.00,"75,700.00"
2020-09-10,2020091001029811,ALICL,6,16,20,757.00,"15,140.00"
2020-09-10,2020091001029707,ALICL,35,44,255,755.00,"192,525.00"
2020-09-10,2020091001029706,ALICL,5,44,22,755.00,"16,610.00"
2020-09-10,2020091001029820,ALICL,6,29,100,759.00,"75,900.00"
2020-09-10,2020091001029819,ALICL,6,40,50,759.00,"37,950.00"
2020-09-10,2020091001029818,ALICL,6,57,60,759.00,"45,540.00"
2020-09-10,2020091001029817,ALICL,6,19,10,758.00,"7,580.00"
2020-09-10,2020091001029816,ALICL,6,57,10,758.00,"7,580.00"
2020-09-10,2020091001029815,ALICL,6,46,500,758.00,"379,000.00"
2020-09-10,2020091001029826,ALICL,6,45,15,760.00,"11,400.00"
2020-09-10,2020091001029825,ALICL,6,20,223,760.00,"169,480.00"
2020-09-10,2020091001029824,ALICL,6,46,100,759.00,"75,900.00"
2020-09-10,2020091001029823,ALICL,6,14,100,759.00,"75,900.00"
2020-09-10,2020091001029822,ALICL,6,38,100,759.00,"75,900.00"
2020-09-10,2020091001029821,ALICL,6,55,250,759.00,"189,750.00"
2020-09-10,2020091001029832,ALICL,6,34,85,760.00,"64,600.00"
2020-09-10,2020091001029831,ALICL,6,41,"1,000",760.00,"760,000.00"
2020-09-10,2020091001029830,ALICL,6,4,90,760.00,"68,400.00"
2020-09-10,2020091001029829,ALICL,6,52,900,760.00,"684,000.00"
2020-09-10,2020091001029828,ALICL,6,57,60,760.00,"45,600.00"
2020-09-10,2020091001029827,ALICL,6,10,50,760.00,"38,000.00"
2020-09-10,2020091001029670,API,50,26,310,129.00,"39,990.00"
2020-09-10,2020091001029669,API,50,26,250,129.00,"32,250.00"
2020-09-10,2020091001029668,API,50,57,440,129.00,"56,760.00"
2020-09-10,2020091001029976,BFC,47,46,20,107.00,"2,140.00"
2020-09-10,2020091001029916,BPCL,38,50,10,390.00,"3,900.00"
2020-09-10,2020091001029866,CHCL,39,11,20,466.00,"9,320.00"
2020-09-10,2020091001029865,CHCL,39,34,142,466.00,"66,172.00"
2020-09-10,2020091001029757,CHCL,39,7,500,465.00,"232,500.00"
2020-09-10,2020091001029756,CHCL,39,52,133,465.00,"61,845.00"
2020-09-10,2020091001029755,CHCL,39,56,25,465.00,"11,625.00"
2020-09-10,2020091001029754,CHCL,39,50,100,465.00,"46,500.00"
2020-09-10,2020091001029735,CHCL,42,28,31,459.00,"14,229.00"
2020-09-10,2020091001029734,CHCL,50,28,320,460.00,"147,200.00"
2020-09-10,2020091001029601,CHCL,50,57,180,460.00,"82,800.00"
2020-09-10,2020091001029741,CHCL,39,45,350,461.00,"161,350.00"
2020-09-10,2020091001029740,CHCL,39,46,100,461.00,"46,100.00"
2020-09-10,2020091001029739,CHCL,39,56,164,461.00,"75,604.00"
2020-09-10,2020091001029738,CHCL,39,28,439,458.00,"201,062.00"
2020-09-10,2020091001029737,CHCL,49,28,10,459.00,"4,590.00"
2020-09-10,2020091001029736,CHCL,22,28,200,459.00,"91,800.00"
2020-09-10,2020091001029747,CHCL,39,43,33,464.00,"15,312.00"
2020-09-10,2020091001029746,CHCL,39,21,"1,000",463.00,"463,000.00"
2020-09-10,2020091001029745,CHCL,39,22,40,463.00,"18,520.00"
2020-09-10,2020091001029744,CHCL,39,37,469,462.00,"216,678.00"
2020-09-10,2020091001029743,CHCL,39,45,100,462.00,"46,200.00"
2020-09-10,2020091001029742,CHCL,39,16,300,461.00,"138,300.00"
2020-09-10,2020091001029753,CHCL,39,51,100,465.00,"46,500.00"
2020-09-10,2020091001029752,CHCL,39,57,76,465.00,"35,340.00"
2020-09-10,2020091001029751,CHCL,39,57,601,465.00,"279,465.00"
2020-09-10,2020091001029750,CHCL,39,45,10,465.00,"4,650.00"
2020-09-10,2020091001029749,CHCL,39,6,50,464.00,"23,200.00"
2020-09-10,2020091001029748,CHCL,39,1,200,464.00,"92,800.00"
2020-09-10,2020091001029869,CIT,25,53,12,"3,546.00","42,552.00"
2020-09-10,2020091001029802,CIT,45,53,10,"3,546.00","35,460.00"
2020-09-10,2020091001029791,CIT,49,53,10,"3,546.00","35,460.00"
2020-09-10,2020091001029790,CIT,48,53,10,"3,546.00","35,460.00"
2020-09-10,2020091001029789,CIT,52,53,10,"3,546.00","35,460.00"
2020-09-10,2020091001029786,CIT,38,26,120,"3,550.00","426,000.00"
2020-09-10,2020091001029785,CIT,38,1,50,"3,550.00","177,500.00"
2020-09-10,2020091001029784,CIT,38,59,20,"3,550.00","71,000.00"
2020-09-10,2020091001029783,CIT,38,41,10,"3,548.00","35,480.00"
2020-09-10,2020091001029562,CIT,54,52,25,"3,547.00","88,675.00"
2020-09-10,2020091001029502,CIT,47,52,20,"3,548.00","70,960.00"
2020-09-10,2020091001029651,CLBSL,38,38,17,745.00,"12,665.00"
2020-09-10,2020091001029633,CLBSL,38,29,10,745.00,"7,450.00"
2020-09-10,2020091001029540,DDBL,21,14,100,888.00,"88,800.00"
2020-09-10,2020091001029538,DDBL,52,14,40,888.00,"35,520.00"
2020-09-10,2020091001029780,EBL,13,19,100,722.00,"72,200.00"
2020-09-10,2020091001029779,EBL,13,19,90,722.00,"64,980.00"
2020-09-10,2020091001029778,EBL,26,19,10,722.00,"7,220.00"
2020-09-10,2020091001029893,EIC,28,58,10,545.00,"5,450.00"
2020-09-10,2020091001029892,EIC,28,55,170,545.00,"92,650.00"
2020-09-10,2020091001029890,EIC,59,57,70,543.00,"38,010.00"
2020-09-10,2020091001029722,EIC,28,55,30,545.00,"16,350.00"
2020-09-10,2020091001029721,EIC,28,35,10,545.00,"5,450.00"
2020-09-10,2020091001029720,EIC,28,59,50,545.00,"27,250.00"
2020-09-10,2020091001029578,EIC,45,58,100,543.00,"54,300.00"
2020-09-10,2020091001029577,EIC,28,58,80,543.00,"43,440.00"
2020-09-10,2020091001029576,EIC,13,58,30,544.00,"16,320.00"
2020-09-10,2020091001029575,EIC,28,58,400,544.00,"217,600.00"
2020-09-10,2020091001029574,EIC,41,58,150,544.00,"81,600.00"
2020-09-10,2020091001029507,EIC,51,58,50,545.00,"27,250.00"
2020-09-10,2020091001029719,EIC,28,22,90,544.00,"48,960.00"
2020-09-10,2020091001029679,EIC,46,22,100,544.00,"54,400.00"
2020-09-10,2020091001029676,EIC,50,22,10,544.00,"5,440.00"
2020-09-10,2020091001029612,EIC,28,34,200,544.00,"108,800.00"
2020-09-10,2020091001029580,EIC,59,58,332,543.00,"180,276.00"
2020-09-10,2020091001029579,EIC,59,58,200,543.00,"108,600.00"
2020-09-10,2020091001029995,FMDBL,35,57,15,608.00,"9,120.00"
2020-09-10,2020091001029923,FMDBL,35,29,35,608.00,"21,280.00"
2020-09-10,2020091001029799,FMDBL,1,29,50,608.00,"30,400.00"
2020-09-10,2020091001029798,FMDBL,57,29,155,608.00,"94,240.00"
2020-09-10,2020091001029797,FMDBL,57,59,45,608.00,"27,360.00"
2020-09-10,2020091001029796,FMDBL,58,59,45,608.00,"27,360.00"
2020-09-10,2020091001029644,FMDBL,5,1,750,609.00,"456,750.00"
2020-09-10,2020091001029597,FMDBL,50,47,100,608.00,"60,800.00"
2020-09-10,2020091001029566,FMDBL,21,1,50,609.00,"30,450.00"
2020-09-10,2020091001029532,FMDBL,53,1,100,609.00,"60,900.00"
2020-09-10,2020091001029795,FMDBL,38,59,20,608.00,"12,160.00"
2020-09-10,2020091001029794,FMDBL,50,59,40,608.00,"24,320.00"
2020-09-10,2020091001029733,FMDBL,50,13,200,608.00,"121,600.00"
2020-09-10,2020091001029696,FMDBL,34,1,30,609.00,"18,270.00"
2020-09-10,2020091001029646,FMDBL,5,1,146,609.00,"88,914.00"
2020-09-10,2020091001029645,FMDBL,5,26,104,609.00,"63,336.00"
2020-09-10,2020091001029542,GBBL,42,7,400,235.00,"94,000.00"
2020-09-10,2020091002000001,GBILD80/81,49,42,"3,590","1,050.00","3,769,500.00"
2020-09-10,2020091001029911,GBIME,48,39,20,263.00,"5,260.00"
2020-09-10,2020091001029910,GBIME,57,59,180,262.00,"47,160.00"
2020-09-10,2020091001029599,GBIME,29,39,100,263.00,"26,300.00"
2020-09-10,2020091001029925,GGBSL,11,28,10,850.00,"8,500.00"
2020-09-10,2020091001029671,GILB,5,44,10,"1,220.00","12,200.00"
2020-09-10,2020091001029598,GLBSL,56,26,20,806.00,"16,120.00"
2020-09-10,2020091001029860,GLICL,26,57,300,621.00,"186,300.00"
2020-09-10,2020091001029647,GLICL,48,32,50,621.00,"31,050.00"
2020-09-10,2020091001029889,GUFL,56,43,32,125.00,"4,000.00"
2020-09-10,2020091001029888,GUFL,56,49,140,124.00,"17,360.00"
2020-09-10,2020091001029887,GUFL,56,35,78,123.00,"9,594.00"
2020-09-10,2020091001029547,HBL,38,38,50,553.00,"27,650.00"
2020-09-10,2020091001029988,HDL,49,21,30,"1,832.00","54,960.00"
2020-09-10,2020091001029667,HGI,32,44,284,490.00,"139,160.00"
2020-09-10,2020091001029666,HGI,32,38,16,490.00,"7,840.00"
2020-09-10,2020091001029665,HGI,32,7,100,489.00,"48,900.00"
2020-09-10,2020091001029664,HGI,32,18,100,489.00,"48,900.00"
2020-09-10,2020091001029527,HGI,44,18,100,489.00,"48,900.00"
2020-09-10,2020091001029526,HGI,58,18,20,489.00,"9,780.00"
2020-09-10,2020091001029525,HGI,14,18,20,489.00,"9,780.00"
2020-09-10,2020091001029524,HGI,41,18,100,489.00,"48,900.00"
2020-09-10,2020091001029523,HGI,25,18,10,489.00,"4,890.00"
2020-09-10,2020091001029838,HIDCL,5,43,10,143.00,"1,430.00"
2020-09-10,2020091001029801,HPPL,51,49,10,164.00,"1,640.00"
2020-09-10,2020091001029793,HURJA,13,57,170,105.00,"17,850.00"
2020-09-10,2020091001029678,HURJA,33,57,50,105.00,"5,250.00"
2020-09-10,2020091001029565,ILBS,13,58,36,874.00,"31,464.00"
2020-09-10,2020091001029563,JBBL,49,1,10,171.00,"1,710.00"
2020-09-10,2020091001029564,JOSHI,41,49,10,90.00,900.00
2020-09-10,2020091001029965,KBL,34,41,232,187.00,"43,384.00"
2020-09-10,2020091001029868,KBL,50,41,33,187.00,"6,171.00"
2020-09-10,2020091001029867,KBL,50,50,267,187.00,"49,929.00"
2020-09-10,2020091001029859,KBL,33,45,100,186.00,"18,600.00"
2020-09-10,2020091001029648,KMCDB,38,53,10,788.00,"7,880.00"
2020-09-10,2020091001029975,KPCL,25,36,10,120.00,"1,200.00"
2020-09-10,2020091001029974,KPCL,25,7,10,120.00,"1,200.00"
2020-09-10,2020091001029973,KPCL,25,58,10,120.00,"1,200.00"
2020-09-10,2020091001029972,KPCL,25,56,10,120.00,"1,200.00"
2020-09-10,2020091001029971,KPCL,25,38,10,120.00,"1,200.00"
2020-09-10,2020091001029560,KPCL,25,1,10,119.00,"1,190.00"
2020-09-10,2020091001029567,LBBL,34,14,85,184.00,"15,640.00"
2020-09-10,2020091001029858,LGIL,53,35,50,538.00,"26,900.00"
2020-09-10,2020091001029857,LGIL,53,6,389,538.00,"209,282.00"
2020-09-10,2020091001029656,LGIL,58,6,70,538.00,"37,660.00"
2020-09-10,2020091001029655,LGIL,58,53,30,538.00,"16,140.00"
2020-09-10,2020091001029654,LGIL,58,6,100,538.00,"53,800.00"
2020-09-10,2020091001029903,MBL,58,49,95,223.00,"21,185.00"
2020-09-10,2020091001029777,MBL,58,5,500,223.00,"111,500.00"
2020-09-10,2020091001029649,MBL,14,40,20,224.00,"4,480.00"
2020-09-10,2020091001029966,MEGA,34,8,500,219.00,"109,500.00"
2020-09-10,2020091001029951,MEGA,22,8,400,219.00,"87,600.00"
2020-09-10,2020091001029730,MEGA,54,8,200,219.00,"43,800.00"
2020-09-10,2020091001029606,MEGA,37,8,"4,829",218.00,"1,052,720.00"
2020-09-10,2020091001029605,MEGA,34,8,171,218.00,"37,278.00"
2020-09-10,2020091001029559,MEGA,34,8,"2,000",219.00,"438,000.00"
2020-09-10,2020091001029663,MERO,40,25,20,745.00,"14,900.00"
2020-09-10,2020091001029871,MLBBL,29,49,20,805.00,"16,100.00"
2020-09-10,2020091001029870,MLBBL,48,49,100,805.00,"80,500.00"
2020-09-10,2020091001029570,MLBBL,42,1,11,809.00,"8,899.00"
2020-09-10,2020091001029886,MLBL,51,45,200,193.00,"38,600.00"
2020-09-10,2020091001029621,MLBL,47,45,400,193.00,"77,200.00"
2020-09-10,2020091001029840,MNBBL,46,49,450,327.00,"147,150.00"
2020-09-10,2020091001029839,MNBBL,26,49,50,327.00,"16,350.00"
2020-09-10,2020091001029700,MNBBL,14,25,10,328.00,"3,280.00"
2020-09-10,2020091001029699,MNBBL,14,33,318,328.00,"104,304.00"
2020-09-10,2020091001029693,MPFL,34,32,84,108.00,"9,072.00"
2020-09-10,2020091001029692,MPFL,38,32,100,108.00,"10,800.00"
2020-09-10,2020091001029691,MPFL,45,32,100,108.00,"10,800.00"
2020-09-10,2020091001029650,NABIL,50,58,48,845.00,"40,560.00"
2020-09-10,2020091001029970,NADEP,38,59,80,727.00,"58,160.00"
2020-09-10,2020091001029969,NADEP,38,36,403,727.00,"292,981.00"
2020-09-10,2020091001029501,NADEP,50,6,250,725.00,"181,250.00"
2020-09-10,2020091001029497,NADEP,50,45,23,725.00,"16,675.00"
2020-09-10,2020091001029776,NBB,37,25,257,197.00,"50,629.00"
2020-09-10,2020091001029775,NBB,22,25,253,197.00,"49,841.00"
2020-09-10,2020091001029653,NBL,58,25,155,301.00,"46,655.00"
2020-09-10,2020091001029652,NBL,48,25,100,301.00,"30,100.00"
2020-09-10,2020091001029583,NBL,48,14,100,301.00,"30,100.00"
2020-09-10,2020091001029573,NBL,48,33,100,301.00,"30,100.00"
2020-09-10,2020091001029517,NBL,34,58,300,302.00,"90,600.00"
2020-09-10,2020091001029884,NCCB,56,29,10,199.00,"1,990.00"
2020-09-10,2020091001029883,NCCB,56,53,"1,000",198.00,"198,000.00"
2020-09-10,2020091001029882,NCCB,56,54,400,198.00,"79,200.00"
2020-09-10,2020091001029881,NCCB,56,40,200,198.00,"39,600.00"
2020-09-10,2020091001029841,NFS,4,50,10,185.00,"1,850.00"
2020-09-10,2020091001029772,NFS,4,34,20,183.00,"3,660.00"
2020-09-10,2020091001029771,NFS,4,16,50,183.00,"9,150.00"
2020-09-10,2020091001029770,NFS,4,33,"1,160",183.00,"212,280.00"
2020-09-10,2020091001029623,NFS,4,33,10,183.00,"1,830.00"
2020-09-10,2020091001029764,NGPL,22,45,11,138.00,"1,518.00"
2020-09-10,2020091001029917,NICA,33,10,600,576.00,"345,600.00"
2020-09-10,2020091001029862,NICA,21,38,100,577.00,"57,700.00"
2020-09-10,2020091001029498,NICA,21,38,26,577.00,"15,002.00"
2020-09-10,2020091001029993,NICL,45,36,100,566.00,"56,600.00"
2020-09-10,2020091001029636,NICL,36,38,100,566.00,"56,600.00"
2020-09-10,2020091001029635,NICL,6,38,31,566.00,"17,546.00"
2020-09-10,2020091001029584,NICL,21,56,100,567.00,"56,700.00"
2020-09-10,2020091001029504,NICL,6,41,100,566.00,"56,600.00"
2020-09-10,2020091001029964,NIL,48,32,10,838.00,"8,380.00"
2020-09-10,2020091001029595,NIL,29,40,100,835.00,"83,500.00"
2020-09-10,2020091001029594,NIL,29,58,800,835.00,"668,000.00"
2020-09-10,2020091001029569,NIL,34,58,500,835.00,"417,500.00"
2020-09-10,2020091001029568,NIL,57,58,100,835.00,"83,500.00"
2020-09-10,2020091001029522,NIL,57,13,100,837.00,"83,700.00"
2020-09-10,2020091001029521,NIL,57,38,347,837.00,"290,439.00"
2020-09-10,2020091001029520,NIL,57,58,"1,000",837.00,"837,000.00"
2020-09-10,2020091001029519,NIL,57,29,47,837.00,"39,339.00"
2020-09-10,2020091001029518,NIL,57,35,350,836.00,"292,600.00"
2020-09-10,2020091001029897,NLBBL,57,6,10,799.00,"7,990.00"
2020-09-10,2020091001029800,NLBBL,46,6,20,799.00,"15,980.00"
2020-09-10,2020091001029604,NLBBL,46,13,20,792.00,"15,840.00"
2020-09-10,2020091001029989,NLG,51,25,10,767.00,"7,670.00"
2020-09-10,2020091001029898,NLG,10,25,300,767.00,"230,100.00"
2020-09-10,2020091001029682,NLG,52,10,50,766.00,"38,300.00"
2020-09-10,2020091001029681,NLG,52,44,250,766.00,"191,500.00"
2020-09-10,2020091001029680,NLG,52,26,30,762.00,"22,860.00"
2020-09-10,2020091001029620,NLG,28,44,50,766.00,"38,300.00"
2020-09-10,2020091001029619,NLG,28,33,50,765.00,"38,250.00"
2020-09-10,2020091001029895,NLIC,38,59,20,"1,393.00","27,860.00"
2020-09-10,2020091001029891,NLIC,17,59,50,"1,393.00","69,650.00"
2020-09-10,2020091001029516,NLIC,1,59,668,"1,393.00","930,524.00"
2020-09-10,2020091001029515,NLIC,1,49,27,"1,393.00","37,611.00"
2020-09-10,2020091001029514,NLIC,1,25,49,"1,393.00","68,257.00"
2020-09-10,2020091001029513,NLIC,1,5,10,"1,393.00","13,930.00"
2020-09-10,2020091001029512,NLIC,1,34,24,"1,393.00","33,432.00"
2020-09-10,2020091001029992,NLICL,6,22,200,793.00,"158,600.00"
2020-09-10,2020091001029924,NLICL,6,49,50,793.00,"39,650.00"
2020-09-10,2020091001029792,NLICL,6,55,25,793.00,"19,825.00"
2020-09-10,2020091001029627,NMB,29,50,150,421.00,"63,150.00"
2020-09-10,2020091001029626,NMB,29,50,300,421.00,"126,300.00"
2020-09-10,2020091001029625,NMB,59,50,41,421.00,"17,261.00"
2020-09-10,2020091001029899,NMBMF,45,10,15,838.00,"12,570.00"
2020-09-10,2020091001029894,NMBMF,58,45,100,835.00,"83,500.00"
2020-09-10,2020091001029596,NMBMF,58,35,100,835.00,"83,500.00"
2020-09-10,2020091001029963,NRIC,38,5,65,895.00,"58,175.00"
2020-09-10,2020091001029962,NRIC,37,5,350,895.00,"313,250.00"
2020-09-10,2020091001029961,NRIC,26,5,10,895.00,"8,950.00"
2020-09-10,2020091001029960,NRIC,28,5,74,895.00,"66,230.00"
2020-09-10,2020091001029947,NRIC,28,25,126,895.00,"112,770.00"
2020-09-10,2020091001029946,NRIC,28,25,30,895.00,"26,850.00"
2020-09-10,2020091001029554,NRIC,16,4,20,896.00,"17,920.00"
2020-09-10,2020091001029543,NRIC,16,52,40,896.00,"35,840.00"
2020-09-10,2020091001029535,NRIC,16,34,40,896.00,"35,840.00"
2020-09-10,2020091001029534,NRIC,25,34,30,896.00,"26,880.00"
2020-09-10,2020091001029533,NRIC,45,34,45,896.00,"40,320.00"
2020-09-10,2020091001029662,NRIC,37,5,254,896.00,"227,584.00"
2020-09-10,2020091001029661,NRIC,38,5,20,896.00,"17,920.00"
2020-09-10,2020091001029660,NRIC,57,5,80,896.00,"71,680.00"
2020-09-10,2020091001029659,NRIC,22,5,50,896.00,"44,800.00"
2020-09-10,2020091001029658,NRIC,1,5,96,896.00,"86,016.00"
2020-09-10,2020091001029555,NRIC,1,4,30,896.00,"26,880.00"
2020-09-10,2020091001029765,NRIC,37,14,23,896.00,"20,608.00"
2020-09-10,2020091001029732,NRIC,37,4,40,896.00,"35,840.00"
2020-09-10,2020091001029718,NRIC,16,44,500,897.00,"448,500.00"
2020-09-10,2020091001029709,NRIC,37,6,200,896.00,"179,200.00"
2020-09-10,2020091001029685,NRIC,37,41,10,896.00,"8,960.00"
2020-09-10,2020091001029683,NRIC,37,44,100,897.00,"89,700.00"
2020-09-10,2020091001029806,NRIC,19,5,237,896.00,"212,352.00"
2020-09-10,2020091001029805,NRIC,52,5,100,896.00,"89,600.00"
2020-09-10,2020091001029804,NRIC,54,5,40,896.00,"35,840.00"
2020-09-10,2020091001029803,NRIC,35,5,23,896.00,"20,608.00"
2020-09-10,2020091001029787,NRIC,35,59,200,896.00,"179,200.00"
2020-09-10,2020091001029766,NRIC,35,14,77,896.00,"68,992.00"
2020-09-10,2020091001029901,NRIC,29,59,50,896.00,"44,800.00"
2020-09-10,2020091001029900,NRIC,19,59,13,896.00,"11,648.00"
2020-09-10,2020091001029878,NRIC,16,44,50,897.00,"44,850.00"
2020-09-10,2020091001029877,NRIC,16,50,50,897.00,"44,850.00"
2020-09-10,2020091001029876,NRIC,16,44,400,897.00,"358,800.00"
2020-09-10,2020091001029875,NRIC,19,36,250,896.00,"224,000.00"
2020-09-10,2020091001029933,NRIC,57,25,20,895.00,"17,900.00"
2020-09-10,2020091001029932,NRIC,54,25,100,896.00,"89,600.00"
2020-09-10,2020091001029931,NRIC,26,25,10,896.00,"8,960.00"
2020-09-10,2020091001029930,NRIC,53,25,20,896.00,"17,920.00"
2020-09-10,2020091001029929,NRIC,26,25,163,896.00,"146,048.00"
2020-09-10,2020091001029902,NRIC,26,59,37,896.00,"33,152.00"
2020-09-10,2020091001029939,NRIC,33,25,100,895.00,"89,500.00"
2020-09-10,2020091001029938,NRIC,45,25,25,895.00,"22,375.00"
2020-09-10,2020091001029937,NRIC,59,25,20,895.00,"17,900.00"
2020-09-10,2020091001029936,NRIC,1,25,160,895.00,"143,200.00"
2020-09-10,2020091001029935,NRIC,35,25,200,895.00,"179,000.00"
2020-09-10,2020091001029934,NRIC,33,25,100,895.00,"89,500.00"
2020-09-10,2020091001029945,NRIC,26,25,200,895.00,"179,000.00"
2020-09-10,2020091001029944,NRIC,6,25,10,895.00,"8,950.00"
2020-09-10,2020091001029943,NRIC,57,25,40,895.00,"35,800.00"
2020-09-10,2020091001029942,NRIC,26,25,100,895.00,"89,500.00"
2020-09-10,2020091001029941,NRIC,6,25,50,895.00,"44,750.00"
2020-09-10,2020091001029940,NRIC,46,25,500,895.00,"447,500.00"
2020-09-10,2020091001029885,NRN,38,38,10,389.00,"3,890.00"
2020-09-10,2020091001029864,NRN,38,52,10,389.00,"3,890.00"
2020-09-10,2020091001029708,NRN,38,14,10,389.00,"3,890.00"
2020-09-10,2020091001029705,NRN,38,38,10,389.00,"3,890.00"
2020-09-10,2020091001029701,NRN,38,38,10,389.00,"3,890.00"
2020-09-10,2020091001029581,NRN,38,38,10,389.00,"3,890.00"
2020-09-10,2020091001029539,NRN,38,38,10,389.00,"3,890.00"
2020-09-10,2020091001029508,NRN,38,38,10,389.00,"3,890.00"
2020-09-10,2020091001029758,NTC,34,28,10,703.00,"7,030.00"
2020-09-10,2020091001029529,OHL,16,46,300,348.00,"104,400.00"
2020-09-10,2020091001029528,OHL,16,14,200,348.00,"69,600.00"
2020-09-10,2020091001029896,PCBL,58,35,56,278.00,"15,568.00"
2020-09-10,2020091001029950,PICL,55,34,50,545.00,"27,250.00"
2020-09-10,2020091001029684,PICL,42,34,30,545.00,"16,350.00"
2020-09-10,2020091001029843,PLIC,56,44,10,680.00,"6,800.00"
2020-09-10,2020091001029774,PLIC,59,44,75,680.00,"51,000.00"
2020-09-10,2020091001029773,PLIC,59,34,425,680.00,"289,000.00"
2020-09-10,2020091001029541,PLIC,50,34,75,680.00,"51,000.00"
2020-09-10,2020091001029968,PRIN,14,41,100,615.00,"61,500.00"
2020-09-10,2020091001029593,PRIN,38,41,29,615.00,"17,835.00"
2020-09-10,2020091001029536,PRIN,55,41,50,615.00,"30,750.00"
2020-09-10,2020091001029503,PRIN,10,41,50,615.00,"30,750.00"
2020-09-10,2020091001029630,PRVU,41,3,35,229.00,"8,015.00"
2020-09-10,2020091001029629,PRVU,41,17,65,229.00,"14,885.00"
2020-09-10,2020091001029613,RADHI,36,41,300,218.00,"65,400.00"
2020-09-10,2020091001029549,RHPC,57,14,71,99.00,"7,029.00"
2020-09-10,2020091001029548,RHPC,51,14,429,99.00,"42,471.00"
2020-09-10,2020091001029915,RHPL,50,54,10,169.00,"1,690.00"
2020-09-10,2020091001029717,RHPL,50,35,40,169.00,"6,760.00"
2020-09-10,2020091001029716,RHPL,50,1,40,169.00,"6,760.00"
2020-09-10,2020091001029634,RHPL,50,42,20,169.00,"3,380.00"
2020-09-10,2020091001029632,RMDC,32,42,90,874.00,"78,660.00"
2020-09-10,2020091001029631,RMDC,13,42,10,874.00,"8,740.00"
2020-09-10,2020091001029863,RRHP,42,58,10,105.00,"1,050.00"
2020-09-10,2020091001029928,RSDC,52,57,50,584.00,"29,200.00"
2020-09-10,2020091001029927,RSDC,52,39,50,584.00,"29,200.00"
2020-09-10,2020091001029926,RSDC,52,17,100,583.00,"58,300.00"
2020-09-10,2020091001029912,RSDC,26,17,50,583.00,"29,150.00"
2020-09-10,2020091001029879,RSDC,56,32,95,582.00,"55,290.00"
2020-09-10,2020091001029715,RSDC,42,39,50,584.00,"29,200.00"
2020-09-10,2020091001029557,RSDC,1,42,50,583.00,"29,150.00"
2020-09-10,2020091001029556,RSDC,56,42,13,583.00,"7,579.00"
2020-09-10,2020091001029949,SABSL,44,11,11,890.00,"9,790.00"
2020-09-10,2020091001029762,SABSL,44,25,50,899.00,"44,950.00"
2020-09-10,2020091001029761,SABSL,44,25,41,898.00,"36,818.00"
2020-09-10,2020091001029553,SABSL,25,25,59,898.00,"52,982.00"
2020-09-10,2020091001029552,SABSL,25,32,300,898.00,"269,400.00"
2020-09-10,2020091001029551,SABSL,25,57,25,898.00,"22,450.00"
2020-09-10,2020091001029550,SABSL,25,45,216,897.00,"193,752.00"
2020-09-10,2020091001029767,SADBL,57,16,50,145.00,"7,250.00"
2020-09-10,2020091001029731,SANIMA,53,45,50,339.00,"16,950.00"
2020-09-10,2020091001029713,SBL,10,34,100,301.00,"30,100.00"
2020-09-10,2020091001029712,SBL,32,34,100,301.00,"30,100.00"
2020-09-10,2020091001029711,SBL,43,34,100,301.00,"30,100.00"
2020-09-10,2020091001029782,SCB,54,57,10,660.00,"6,600.00"
2020-09-10,2020091001029624,SCB,54,17,20,659.00,"13,180.00"
2020-09-10,2020091001029704,SDLBSL,56,56,100,904.00,"90,400.00"
2020-09-10,2020091001029703,SDLBSL,56,16,20,904.00,"18,080.00"
2020-09-10,2020091001029702,SDLBSL,56,42,80,903.00,"72,240.00"
2020-09-10,2020091001029618,SDLBSL,26,42,20,903.00,"18,060.00"
2020-09-10,2020091001029617,SDLBSL,26,42,10,903.00,"9,030.00"
2020-09-10,2020091001029616,SDLBSL,26,53,10,903.00,"9,030.00"
2020-09-10,2020091001029615,SDLBSL,26,42,10,903.00,"9,030.00"
2020-09-10,2020091001029558,SDLBSL,26,11,10,896.00,"8,960.00"
2020-09-10,2020091001029728,SFCL,7,29,41,109.00,"4,469.00"
2020-09-10,2020091001029727,SFCL,6,29,40,110.00,"4,400.00"
2020-09-10,2020091001029726,SFCL,56,29,200,110.00,"22,000.00"
2020-09-10,2020091001029725,SFCL,58,29,15,110.00,"1,650.00"
2020-09-10,2020091001029724,SFCL,43,29,100,110.00,"11,000.00"
2020-09-10,2020091001029723,SFCL,52,29,54,110.00,"5,940.00"
2020-09-10,2020091001029914,SHIVM,56,35,10,744.00,"7,440.00"
2020-09-10,2020091001029909,SHIVM,25,19,300,742.00,"222,600.00"
2020-09-10,2020091001029908,SHIVM,52,19,200,742.00,"148,400.00"
2020-09-10,2020091001029768,SHIVM,36,43,30,743.00,"22,290.00"
2020-09-10,2020091001029672,SHIVM,38,35,10,744.00,"7,440.00"
2020-09-10,2020091001029643,SHIVM,52,55,300,742.00,"222,600.00"
2020-09-10,2020091001029642,SHIVM,52,55,200,742.00,"148,400.00"
2020-09-10,2020091001029500,SHIVM,57,43,85,742.00,"63,070.00"
2020-09-10,2020091001029977,SHPC,38,55,10,271.00,"2,710.00"
2020-09-10,2020091001029763,SHPC,14,55,10,271.00,"2,710.00"
2020-09-10,2020091001029694,SHPC,25,36,150,269.00,"40,350.00"
2020-09-10,2020091001029983,SIC,44,22,60,919.00,"55,140.00"
2020-09-10,2020091001029982,SIC,44,22,60,919.00,"55,140.00"
2020-09-10,2020091001029981,SIC,44,48,331,919.00,"304,189.00"
2020-09-10,2020091001029980,SIC,44,44,200,919.00,"183,800.00"
2020-09-10,2020091001029979,SIC,44,44,45,919.00,"41,355.00"
2020-09-10,2020091001029978,SIC,44,41,86,918.00,"78,948.00"
2020-09-10,2020091001029695,SIC,59,44,10,919.00,"9,190.00"
2020-09-10,2020091001029628,SIC,44,49,100,919.00,"91,900.00"
2020-09-10,2020091001029572,SIC,44,55,100,918.00,"91,800.00"
2020-09-10,2020091001029571,SIC,44,56,180,918.00,"165,240.00"
2020-09-10,2020091001029987,SICL,4,3,126,"1,388.00","174,888.00"
2020-09-10,2020091001029986,SICL,4,34,89,"1,387.00","123,443.00"
2020-09-10,2020091001029985,SICL,4,34,100,"1,386.00","138,600.00"
2020-09-10,2020091001029984,SICL,4,36,185,"1,385.00","256,225.00"
2020-09-10,2020091001029959,SICL,58,28,163,"1,379.00","224,777.00"
2020-09-10,2020091001029958,SICL,56,28,50,"1,379.00","68,950.00"
2020-09-10,2020091001029906,SICL,58,10,75,"1,385.00","103,875.00"
2020-09-10,2020091001029905,SICL,58,42,10,"1,383.00","13,830.00"
2020-09-10,2020091001029957,SICL,41,28,100,"1,380.00","138,000.00"
2020-09-10,2020091001029956,SICL,49,28,50,"1,380.00","69,000.00"
2020-09-10,2020091001029955,SICL,32,28,50,"1,381.00","69,050.00"
2020-09-10,2020091001029954,SICL,36,28,27,"1,381.00","37,287.00"
2020-09-10,2020091001029953,SICL,49,28,60,"1,382.00","82,920.00"
2020-09-10,2020091001029907,SICL,58,36,15,"1,385.00","20,775.00"
2020-09-10,2020091001029592,SIL,6,44,340,772.00,"262,480.00"
2020-09-10,2020091001029591,SIL,6,17,100,772.00,"77,200.00"
2020-09-10,2020091001029590,SIL,6,22,70,772.00,"54,040.00"
2020-09-10,2020091001029589,SIL,6,21,100,772.00,"77,200.00"
2020-09-10,2020091001029588,SIL,6,11,100,772.00,"77,200.00"
2020-09-10,2020091001029587,SIL,6,44,300,772.00,"231,600.00"
2020-09-10,2020091001029586,SIL,6,25,20,772.00,"15,440.00"
2020-09-10,2020091001029585,SIL,6,58,970,772.00,"748,840.00"
2020-09-10,2020091001029810,SINDU,38,44,50,124.00,"6,200.00"
2020-09-10,2020091001029582,SJCL,22,54,10,148.00,"1,480.00"
2020-09-10,2020091001029855,SLBBL,58,44,34,913.00,"31,042.00"
2020-09-10,2020091001029848,SLBBL,58,57,40,910.00,"36,400.00"
2020-09-10,2020091001029847,SLBBL,58,44,500,909.00,"454,500.00"
2020-09-10,2020091001029846,SLBBL,58,55,50,909.00,"45,450.00"
2020-09-10,2020091001029845,SLBBL,58,44,90,909.00,"81,810.00"
2020-09-10,2020091001029844,SLBBL,58,20,76,908.00,"69,008.00"
2020-09-10,2020091001029854,SLBBL,58,44,200,912.00,"182,400.00"
2020-09-10,2020091001029853,SLBBL,58,54,20,912.00,"18,240.00"
2020-09-10,2020091001029852,SLBBL,58,51,45,911.00,"40,995.00"
2020-09-10,2020091001029851,SLBBL,58,58,10,910.00,"9,100.00"
2020-09-10,2020091001029850,SLBBL,58,32,100,910.00,"91,000.00"
2020-09-10,2020091001029849,SLBBL,58,48,100,910.00,"91,000.00"
2020-09-10,2020091001029788,SLBSL,38,22,13,832.00,"10,816.00"
2020-09-10,2020091001029991,SLICL,56,47,10,641.00,"6,410.00"
2020-09-10,2020091001029990,SLICL,56,47,40,641.00,"25,640.00"
2020-09-10,2020091001029861,SLICL,56,58,60,641.00,"38,460.00"
2020-09-10,2020091001029856,SLICL,56,44,100,641.00,"64,100.00"
2020-09-10,2020091001029809,SLICL,56,42,100,641.00,"64,100.00"
2020-09-10,2020091001029808,SLICL,39,42,100,641.00,"64,100.00"
2020-09-10,2020091001029537,SLICL,39,6,15,641.00,"9,615.00"
2020-09-10,2020091001029967,SMB,56,10,10,912.00,"9,120.00"
2020-09-10,2020091001029913,SMB,50,38,10,910.00,"9,100.00"
2020-09-10,2020091001029689,SMFBS,58,45,200,"1,044.00","208,800.00"
2020-09-10,2020091001029688,SMFBS,53,45,60,"1,045.00","62,700.00"
2020-09-10,2020091001029687,SMFBS,34,45,60,"1,046.00","62,760.00"
2020-09-10,2020091001029686,SMFBS,53,45,15,"1,049.00","15,735.00"
2020-09-10,2020091001029675,SMFBS,53,45,10,"1,049.00","10,490.00"
2020-09-10,2020091001029637,SMFBS,53,25,75,"1,049.00","78,675.00"
2020-09-10,2020091001029922,SRBL,6,38,153,229.00,"35,037.00"
2020-09-10,2020091001029921,SRBL,6,34,180,229.00,"41,220.00"
2020-09-10,2020091001029920,SRBL,6,39,267,229.00,"61,143.00"
2020-09-10,2020091001029561,SRBL,43,34,100,229.00,"22,900.00"
2020-09-10,2020091001029506,SRBL,1,34,220,229.00,"50,380.00"
2020-09-10,2020091001029505,SRBL,1,1,280,229.00,"64,120.00"
2020-09-10,2020091001029994,UIC,33,38,10,445.00,"4,450.00"
2020-09-10,2020091001029919,UIC,58,38,15,444.00,"6,660.00"
2020-09-10,2020091001029918,UIC,55,38,400,444.00,"177,600.00"
2020-09-10,2020091001029729,UIC,55,14,100,444.00,"44,400.00"
2020-09-10,2020091001029714,UIC,50,38,500,445.00,"222,500.00"
2020-09-10,2020091001029710,UIC,5,38,300,445.00,"133,500.00"
2020-09-10,2020091001029622,UIC,58,38,50,445.00,"22,250.00"
2020-09-10,2020091001029641,UMHL,56,36,20,115.00,"2,300.00"
2020-09-10,2020091001029640,UMHL,56,58,60,115.00,"6,900.00"
2020-09-10,2020091001029639,UMHL,56,37,"1,032",115.00,"118,680.00"
2020-09-10,2020091001029638,UMHL,56,40,20,115.00,"2,300.00"
2020-09-10,2020091001029511,UNHPL,40,33,780,66.00,"51,480.00"
2020-09-10,2020091001029510,UNHPL,36,33,200,66.00,"13,200.00"
2020-09-10,2020091001029509,UNHPL,51,33,10,66.00,660.00
2020-09-10,2020091001029880,UPCL,59,22,100,93.00,"9,300.00"
2020-09-10,2020091001029760,UPCL,59,22,50,93.00,"4,650.00"
2020-09-10,2020091001029677,UPCL,38,22,300,93.00,"27,900.00"
2020-09-10,2020091001029657,UPCL,59,22,50,93.00,"4,650.00"
2020-09-10,2020091001029499,UPCL,56,22,100,93.00,"9,300.00"
2020-09-10,2020091001029546,UPPER,14,37,500,250.00,"125,000.00"
2020-09-10,2020091001029545,UPPER,14,21,691,250.00,"172,750.00"
2020-09-10,2020091001029544,UPPER,14,38,480,250.00,"120,000.00"
2020-09-10,2020091001029602,USLB,53,39,27,"1,237.00","33,399.00"
2020-09-10,2020091001029460,ACLBSL,52,47,10,782.00,"7,820.00"
2020-09-10,2020091001029459,ACLBSL,52,47,10,782.00,"7,820.00"
2020-09-10,2020091001029452,ACLBSL,58,25,55,782.00,"43,010.00"
2020-09-10,2020091001029140,ACLBSL,42,25,80,783.00,"62,640.00"
2020-09-10,2020091001029488,ADBL,14,56,"1,000",425.00,"425,000.00"
2020-09-10,2020091001029299,ADBL,58,56,30,425.00,"12,750.00"
2020-09-10,2020091001029496,AIL,20,4,10,524.00,"5,240.00"
2020-09-10,2020091001029291,AIL,20,11,10,524.00,"5,240.00"
2020-09-10,2020091001029263,AIL,20,41,10,524.00,"5,240.00"
2020-09-10,2020091001029130,AIL,20,11,10,524.00,"5,240.00"
2020-09-10,2020091001029127,AIL,20,25,20,524.00,"10,480.00"
2020-09-10,2020091001029126,AIL,43,25,50,524.00,"26,200.00"
2020-09-10,2020091001029125,AIL,4,25,20,524.00,"10,480.00"
2020-09-10,2020091001029124,AIL,4,25,10,524.00,"5,240.00"
2020-09-10,2020091001029036,AIL,54,45,15,525.00,"7,875.00"
2020-09-10,2020091001029462,ALBSL,37,39,10,928.00,"9,280.00"
2020-09-10,2020091001029184,ALBSL,37,1,65,928.00,"60,320.00"
2020-09-10,2020091001029470,ALICL,5,43,70,755.00,"52,850.00"
2020-09-10,2020091001029427,ALICL,5,38,153,755.00,"115,515.00"
2020-09-10,2020091001029426,ALICL,5,8,255,755.00,"192,525.00"
2020-09-10,2020091001029228,ALICL,37,8,245,755.00,"184,975.00"
2020-09-10,2020091001029160,BARUN,46,6,38,103.00,"3,914.00"
2020-09-10,2020091001029119,BARUN,26,6,30,104.00,"3,120.00"
2020-09-10,2020091001029089,BARUN,46,6,100,104.00,"10,400.00"
2020-09-10,2020091001029088,BARUN,34,6,90,104.00,"9,360.00"
2020-09-10,2020091001029087,BARUN,22,6,879,104.00,"91,416.00"
2020-09-10,2020091001029324,BOKL,46,56,925,234.00,"216,450.00"
2020-09-10,2020091001029323,BOKL,33,56,575,234.00,"134,550.00"
2020-09-10,2020091001029325,BPCL,26,42,28,388.00,"10,864.00"
2020-09-10,2020091001029063,BPCL,6,55,67,388.00,"25,996.00"
2020-09-10,2020091001029061,BPCL,59,42,11,387.00,"4,257.00"
2020-09-10,2020091001029064,CCBL,39,42,48,172.00,"8,256.00"
2020-09-10,2020091001029147,CFCL,58,58,50,126.00,"6,300.00"
2020-09-10,2020091001029214,CHCL,46,19,27,460.00,"12,420.00"
2020-09-10,2020091001029209,CHCL,46,43,50,460.00,"23,000.00"
2020-09-10,2020091001029012,CHCL,22,56,86,461.00,"39,646.00"
2020-09-10,2020091001029011,CHCL,22,42,414,461.00,"190,854.00"
2020-09-10,2020091001029483,CIT,29,48,20,"3,550.00","71,000.00"
2020-09-10,2020091001029475,CIT,41,48,10,"3,550.00","35,500.00"
2020-09-10,2020091001029474,CIT,38,48,15,"3,550.00","53,250.00"
2020-09-10,2020091001029473,CIT,38,6,25,"3,550.00","88,750.00"
2020-09-10,2020091001029433,CIT,46,6,20,"3,550.00","71,000.00"
2020-09-10,2020091001029431,CIT,48,6,10,"3,550.00","35,500.00"
2020-09-10,2020091001029023,CIT,38,41,11,"3,551.00","39,061.00"
2020-09-10,2020091001029258,CIT,39,45,10,"3,550.00","35,500.00"
2020-09-10,2020091001029201,CIT,39,50,10,"3,550.00","35,500.00"
2020-09-10,2020091001029200,CIT,14,50,10,"3,550.00","35,500.00"
2020-09-10,2020091001029133,CIT,57,58,18,"3,551.00","63,918.00"
2020-09-10,2020091001029115,CIT,57,13,32,"3,551.00","113,632.00"
2020-09-10,2020091001029114,CIT,38,13,68,"3,551.00","241,468.00"
2020-09-10,2020091001029369,CIT,25,6,25,"3,550.00","88,750.00"
2020-09-10,2020091001029326,CIT,58,49,20,"3,550.00","71,000.00"
2020-09-10,2020091001029312,CIT,49,49,45,"3,550.00","159,750.00"
2020-09-10,2020091001029311,CIT,58,49,25,"3,550.00","88,750.00"
2020-09-10,2020091001029310,CIT,56,49,10,"3,550.00","35,500.00"
2020-09-10,2020091001029259,CIT,56,45,40,"3,550.00","142,000.00"
2020-09-10,2020091001029167,CLBSL,38,35,417,745.00,"310,665.00"
2020-09-10,2020091001029166,CLBSL,35,35,100,746.00,"74,600.00"
2020-09-10,2020091001029165,CLBSL,49,35,183,747.00,"136,701.00"
2020-09-10,2020091001029044,CLBSL,54,34,110,748.00,"82,280.00"
2020-09-10,2020091001029243,CZBIL,49,52,100,194.00,"19,400.00"
2020-09-10,2020091001029306,DDBL,45,14,20,888.00,"17,760.00"
2020-09-10,2020091001029237,DDBL,32,45,11,887.00,"9,757.00"
2020-09-10,2020091001029207,DDBL,45,14,50,888.00,"44,400.00"
2020-09-10,2020091001029203,DDBL,42,14,15,888.00,"13,320.00"
2020-09-10,2020091001029202,DDBL,42,25,85,888.00,"75,480.00"
2020-09-10,2020091001029158,DDBL,45,14,20,888.00,"17,760.00"
2020-09-10,2020091001029024,DDBL,51,14,50,888.00,"44,400.00"
2020-09-10,2020091001029490,EIC,41,14,50,544.00,"27,200.00"
2020-09-10,2020091001029489,EIC,42,14,75,544.00,"40,800.00"
2020-09-10,2020091001029484,EIC,58,58,100,545.00,"54,500.00"
2020-09-10,2020091001029472,EIC,42,55,25,544.00,"13,600.00"
2020-09-10,2020091001029471,EIC,56,55,25,544.00,"13,600.00"
2020-09-10,2020091001029152,EIC,52,58,500,545.00,"272,500.00"
2020-09-10,2020091001029151,EIC,58,58,100,545.00,"54,500.00"
2020-09-10,2020091001029150,EIC,29,58,100,545.00,"54,500.00"
2020-09-10,2020091001029149,EIC,34,58,50,545.00,"27,250.00"
2020-09-10,2020091001029148,EIC,25,58,153,545.00,"83,385.00"
2020-09-10,2020091001029136,EIC,41,57,30,546.00,"16,380.00"
2020-09-10,2020091001029070,EIC,5,57,100,546.00,"54,600.00"
2020-09-10,2020091001029485,FMDBL,36,1,150,609.00,"91,350.00"
2020-09-10,2020091001029017,FMDBL,17,1,950,609.00,"578,550.00"
2020-09-10,2020091001029016,FMDBL,17,42,50,608.00,"30,400.00"
2020-09-10,2020091001029002,FMDBL,56,42,100,608.00,"60,800.00"
2020-09-10,2020091001029049,GBIME,58,40,100,262.00,"26,200.00"
2020-09-10,2020091001029048,GBIME,58,40,50,262.00,"13,100.00"
2020-09-10,2020091001029047,GBIME,49,40,50,262.00,"13,100.00"
2020-09-10,2020091001029046,GBIME,58,40,20,262.00,"5,240.00"
2020-09-10,2020091001029424,GBLBS,43,42,60,563.00,"33,780.00"
2020-09-10,2020091001029176,GBLBS,39,36,80,562.00,"44,960.00"
2020-09-10,2020091001029043,GBLBS,34,36,50,562.00,"28,100.00"
2020-09-10,2020091001029416,GFCL,11,38,100,158.00,"15,800.00"
2020-09-10,2020091001029415,GFCL,11,19,47,157.00,"7,379.00"
2020-09-10,2020091001029414,GFCL,11,34,220,157.00,"34,540.00"
2020-09-10,2020091001029413,GFCL,11,38,200,157.00,"31,400.00"
2020-09-10,2020091001029412,GFCL,11,11,200,156.00,"31,200.00"
2020-09-10,2020091001029411,GFCL,11,42,266,156.00,"41,496.00"
2020-09-10,2020091001029134,GFCL,11,26,500,155.00,"77,500.00"
2020-09-10,2020091001029015,GLICL,13,43,100,620.00,"62,000.00"
2020-09-10,2020091001029014,GLICL,49,43,100,621.00,"62,100.00"
2020-09-10,2020091001029013,GLICL,37,43,50,621.00,"31,050.00"
2020-09-10,2020091001029109,GMFBS,46,50,80,853.00,"68,240.00"
2020-09-10,2020091001029108,GMFBS,46,14,50,853.00,"42,650.00"
2020-09-10,2020091001029107,GMFBS,46,20,10,853.00,"8,530.00"
2020-09-10,2020091001029106,GMFBS,46,11,10,853.00,"8,530.00"
2020-09-10,2020091001029105,GMFBS,46,11,10,853.00,"8,530.00"
2020-09-10,2020091001029193,GUFL,10,35,50,123.00,"6,150.00"
2020-09-10,2020091001029298,HDHPC,45,46,20,91.00,"1,820.00"
2020-09-10,2020091001029297,HDHPC,45,3,10,91.00,910.00
2020-09-10,2020091001029296,HDHPC,45,6,50,91.00,"4,550.00"
2020-09-10,2020091001029333,HDL,52,57,10,"1,845.00","18,450.00"
2020-09-10,2020091001029100,HDL,16,45,100,"1,833.00","183,300.00"
2020-09-10,2020091001029099,HDL,54,45,100,"1,835.00","183,500.00"
2020-09-10,2020091001029098,HDL,42,45,52,"1,838.00","95,576.00"
2020-09-10,2020091001029097,HDL,57,45,20,"1,840.00","36,800.00"
2020-09-10,2020091001029168,HDL,50,45,10,"1,831.00","18,310.00"
2020-09-10,2020091001029104,HDL,50,45,500,"1,832.00","916,000.00"
2020-09-10,2020091001029103,HDL,14,45,50,"1,832.00","91,600.00"
2020-09-10,2020091001029102,HDL,32,45,200,"1,833.00","366,600.00"
2020-09-10,2020091001029101,HDL,50,45,100,"1,833.00","183,300.00"
2020-09-10,2020091001029173,HDL,58,45,48,"1,830.00","87,840.00"
2020-09-10,2020091001029172,HDL,40,45,20,"1,830.00","36,600.00"
2020-09-10,2020091001029171,HDL,26,45,100,"1,830.00","183,000.00"
2020-09-10,2020091001029170,HDL,10,45,200,"1,830.00","366,000.00"
2020-09-10,2020091001029169,HDL,49,45,500,"1,831.00","915,500.00"
2020-09-10,2020091001029257,HGI,25,38,10,489.00,"4,890.00"
2020-09-10,2020091001029181,HGI,57,38,34,490.00,"16,660.00"
2020-09-10,2020091001029180,HGI,57,14,66,490.00,"32,340.00"
2020-09-10,2020091001029001,HGI,28,14,134,490.00,"65,660.00"
2020-09-10,2020091001029000,HGI,28,48,100,490.00,"49,000.00"
2020-09-10,2020091001028999,HGI,28,48,16,490.00,"7,840.00"
2020-09-10,2020091001029486,HIDCL,52,37,390,144.00,"56,160.00"
2020-09-10,2020091001029376,HIDCL,34,37,10,144.00,"1,440.00"
2020-09-10,2020091001029231,HIDCL,41,37,49,144.00,"7,056.00"
2020-09-10,2020091001029230,HIDCL,22,37,51,144.00,"7,344.00"
2020-09-10,2020091001029380,ILBS,16,14,38,869.00,"33,022.00"
2020-09-10,2020091001029379,ILBS,29,14,17,869.00,"14,773.00"
2020-09-10,2020091001029378,ILBS,16,14,89,870.00,"77,430.00"
2020-09-10,2020091001029377,ILBS,46,14,56,871.00,"48,776.00"
2020-09-10,2020091001029022,JFL,42,32,10,172.00,"1,720.00"
2020-09-10,2020091001029021,JFL,58,32,100,172.00,"17,200.00"
2020-09-10,2020091001029020,JFL,56,32,100,172.00,"17,200.00"
2020-09-10,2020091001029437,JOSHI,19,59,500,89.00,"44,500.00"
2020-09-10,2020091001029436,JOSHI,19,59,340,89.00,"30,260.00"
2020-09-10,2020091001029210,JOSHI,41,52,10,90.00,900.00
2020-09-10,2020091001029112,JOSHI,41,42,10,89.00,890.00
2020-09-10,2020091001029111,JOSHI,41,42,10,89.00,890.00
2020-09-10,2020091001029031,JOSHI,41,49,10,90.00,900.00
2020-09-10,2020091001029495,KMCDB,40,11,10,779.00,"7,790.00"
2020-09-10,2020091001029494,KMCDB,29,53,10,788.00,"7,880.00"
2020-09-10,2020091001029234,KPCL,25,58,10,119.00,"1,190.00"
2020-09-10,2020091001029278,KSBBL,56,48,10,143.00,"1,430.00"
2020-09-10,2020091001029420,LGIL,28,43,10,537.00,"5,370.00"
2020-09-10,2020091001029199,LGIL,44,59,146,535.00,"78,110.00"
2020-09-10,2020091001029198,LGIL,38,59,50,535.00,"26,750.00"
2020-09-10,2020091001029197,LGIL,56,59,40,535.00,"21,400.00"
2020-09-10,2020091001029300,LICN,49,49,10,"1,485.00","14,850.00"
2020-09-10,2020091001029018,MBL,58,57,105,223.00,"23,415.00"
2020-09-10,2020091001029394,MDB,54,38,53,350.00,"18,550.00"
2020-09-10,2020091001029393,MDB,54,26,47,350.00,"16,450.00"
2020-09-10,2020091001029287,MDB,26,54,100,348.00,"34,800.00"
2020-09-10,2020091001029042,MDB,26,21,200,348.00,"69,600.00"
2020-09-10,2020091001029421,MEGA,25,8,100,219.00,"21,900.00"
2020-09-10,2020091001029334,MEGA,49,8,100,219.00,"21,900.00"
2020-09-10,2020091001029313,MEGA,50,8,228,219.00,"49,932.00"
2020-09-10,2020091001029138,MEGA,34,8,232,219.00,"50,808.00"
2020-09-10,2020091001029137,MEGA,59,8,500,219.00,"109,500.00"
2020-09-10,2020091001029068,MEGA,56,8,50,220.00,"11,000.00"
2020-09-10,2020091001029491,MNBBL,51,33,50,328.00,"16,400.00"
2020-09-10,2020091001029423,MNBBL,57,33,100,328.00,"32,800.00"
2020-09-10,2020091001029410,MNBBL,26,4,50,327.00,"16,350.00"
2020-09-10,2020091001029155,MSMBS,52,32,80,740.00,"59,200.00"
2020-09-10,2020091001029461,NABIL,44,48,10,846.00,"8,460.00"
2020-09-10,2020091001029348,NABIL,42,35,24,844.00,"20,256.00"
2020-09-10,2020091001029347,NABIL,43,35,50,844.00,"42,200.00"
2020-09-10,2020091001029346,NABIL,25,35,100,844.00,"84,400.00"
2020-09-10,2020091001029345,NABIL,14,35,100,844.00,"84,400.00"
2020-09-10,2020091001029344,NABIL,59,35,50,844.00,"42,200.00"
2020-09-10,2020091001028997,NABIL,42,58,38,844.00,"32,072.00"
2020-09-10,2020091001029343,NABIL,57,35,100,844.00,"84,400.00"
2020-09-10,2020091001029342,NABIL,42,35,50,844.00,"42,200.00"
2020-09-10,2020091001029341,NABIL,33,35,36,844.00,"30,384.00"
2020-09-10,2020091001029290,NABIL,16,48,50,846.00,"42,300.00"
2020-09-10,2020091001029289,NABIL,16,28,10,845.00,"8,450.00"
2020-09-10,2020091001028998,NABIL,33,58,364,844.00,"307,216.00"
2020-09-10,2020091001029337,NADEP,44,36,40,727.00,"29,080.00"
2020-09-10,2020091001029236,NADEP,50,41,127,725.00,"92,075.00"
2020-09-10,2020091001029235,NADEP,59,41,94,726.00,"68,244.00"
2020-09-10,2020091001029157,NADEP,59,39,10,726.00,"7,260.00"
2020-09-10,2020091001029481,NBL,59,58,165,302.00,"49,830.00"
2020-09-10,2020091001029480,NBL,59,29,335,301.00,"100,835.00"
2020-09-10,2020091001029479,NBL,59,29,165,301.00,"49,665.00"
2020-09-10,2020091001029438,NBL,59,42,335,301.00,"100,835.00"
2020-09-10,2020091001029270,NBL,59,42,50,301.00,"15,050.00"
2020-09-10,2020091001029269,NBL,28,42,115,301.00,"34,615.00"
2020-09-10,2020091001029029,NBL,28,48,185,301.00,"55,685.00"
2020-09-10,2020091001029028,NBL,37,48,45,301.00,"13,545.00"
2020-09-10,2020091001029027,NBL,45,48,10,301.00,"3,010.00"
2020-09-10,2020091001029026,NBL,47,48,60,301.00,"18,060.00"
2020-09-10,2020091001029425,NGPL,44,58,110,136.00,"14,960.00"
2020-09-10,2020091001029025,NGPL,22,14,11,137.00,"1,507.00"
2020-09-10,2020091001029440,NIB,29,39,51,419.00,"21,369.00"
2020-09-10,2020091001029319,NIB,51,39,657,419.00,"275,283.00"
2020-09-10,2020091001029318,NIB,51,35,10,419.00,"4,190.00"
2020-09-10,2020091001029317,NIB,51,25,200,419.00,"83,800.00"
2020-09-10,2020091001029316,NIB,51,25,133,419.00,"55,727.00"
2020-09-10,2020091001029238,NIBLPF,39,32,505,8.32,"4,201.60"
2020-09-10,2020091001029332,NICA,58,38,20,577.00,"11,540.00"
2020-09-10,2020091001029328,NICA,46,38,180,577.00,"103,860.00"
2020-09-10,2020091001029327,NICA,46,4,220,577.00,"126,940.00"
2020-09-10,2020091001029321,NICA,42,4,100,577.00,"57,700.00"
2020-09-10,2020091001029309,NICA,18,4,500,577.00,"288,500.00"
2020-09-10,2020091001029295,NICA,37,4,200,577.00,"115,400.00"
2020-09-10,2020091001029487,NICL,6,36,50,566.00,"28,300.00"
2020-09-10,2020091001029428,NICL,6,45,200,566.00,"113,200.00"
2020-09-10,2020091001029256,NICL,6,38,200,566.00,"113,200.00"
2020-09-10,2020091001029226,NICL,26,21,66,568.00,"37,488.00"
2020-09-10,2020091001029225,NICL,26,33,134,567.00,"75,978.00"
2020-09-10,2020091001029178,NICL,36,33,16,567.00,"9,072.00"
2020-09-10,2020091001029177,NICL,36,44,84,567.00,"47,628.00"
2020-09-10,2020091001029142,NICL,51,44,100,567.00,"56,700.00"
2020-09-10,2020091001029139,NICL,45,44,500,567.00,"283,500.00"
2020-09-10,2020091001029135,NICL,6,33,100,566.00,"56,600.00"
2020-09-10,2020091001029035,NICL,55,44,200,567.00,"113,400.00"
2020-09-10,2020091001029435,NIL,32,34,100,836.00,"83,600.00"
2020-09-10,2020091001029128,NIL,33,34,50,836.00,"41,800.00"
2020-09-10,2020091001029019,NIL,57,40,46,835.00,"38,410.00"
2020-09-10,2020091001029429,NLBBL,57,6,10,799.00,"7,990.00"
2020-09-10,2020091001029206,NLG,52,49,10,759.00,"7,590.00"
2020-09-10,2020091001029205,NLG,45,38,150,763.00,"114,450.00"
2020-09-10,2020091001029204,NLG,45,26,80,763.00,"61,040.00"
2020-09-10,2020091001029281,NLIC,32,34,76,"1,393.00","105,868.00"
2020-09-10,2020091001029280,NLIC,32,37,49,"1,393.00","68,257.00"
2020-09-10,2020091001029279,NLIC,32,56,75,"1,393.00","104,475.00"
2020-09-10,2020091001029255,NLIC,22,37,100,"1,393.00","139,300.00"
2020-09-10,2020091001029247,NLIC,35,37,10,"1,393.00","13,930.00"
2020-09-10,2020091001029086,NLIC,49,37,10,"1,393.00","13,930.00"
2020-09-10,2020091001029076,NLIC,57,37,150,"1,393.00","208,950.00"
2020-09-10,2020091001029075,NLIC,1,37,50,"1,393.00","69,650.00"
2020-09-10,2020091001029074,NLIC,5,37,131,"1,393.00","182,483.00"
2020-09-10,2020091001029469,NLICL,44,52,57,795.00,"45,315.00"
2020-09-10,2020091001029468,NLICL,44,43,50,795.00,"39,750.00"
2020-09-10,2020091001029467,NLICL,44,34,100,795.00,"79,500.00"
2020-09-10,2020091001029466,NLICL,44,57,400,795.00,"318,000.00"
2020-09-10,2020091001029465,NLICL,44,54,100,795.00,"79,500.00"
2020-09-10,2020091001029464,NLICL,44,52,193,795.00,"153,435.00"
2020-09-10,2020091001029080,NLICL,6,34,50,792.00,"39,600.00"
2020-09-10,2020091001029079,NLICL,6,6,230,792.00,"182,160.00"
2020-09-10,2020091001029092,NLICL,6,22,100,793.00,"79,300.00"
2020-09-10,2020091001029085,NLICL,6,52,193,793.00,"153,049.00"
2020-09-10,2020091001029084,NLICL,6,26,15,793.00,"11,895.00"
2020-09-10,2020091001029083,NLICL,6,52,50,793.00,"39,650.00"
2020-09-10,2020091001029082,NLICL,6,49,50,793.00,"39,650.00"
2020-09-10,2020091001029081,NLICL,6,33,25,792.00,"19,800.00"
2020-09-10,2020091001029463,NLICL,44,13,100,795.00,"79,500.00"
2020-09-10,2020091001029363,NLICL,44,6,100,794.00,"79,400.00"
2020-09-10,2020091001029362,NLICL,44,34,800,794.00,"635,200.00"
2020-09-10,2020091001029229,NLICL,6,57,518,793.00,"410,774.00"
2020-09-10,2020091001029227,NLICL,8,34,100,794.00,"79,400.00"
2020-09-10,2020091001029208,NLICL,6,44,54,793.00,"42,822.00"
2020-09-10,2020091001029419,NMB,59,11,34,421.00,"14,314.00"
2020-09-10,2020091001029418,NMB,59,42,13,421.00,"5,473.00"
2020-09-10,2020091001029417,NMB,59,11,12,421.00,"5,052.00"
2020-09-10,2020091001029285,NMB,6,11,100,421.00,"42,100.00"
2020-09-10,2020091001029116,NMB,42,11,200,421.00,"84,200.00"
2020-09-10,2020091001029096,NMB,48,11,30,421.00,"12,630.00"
2020-09-10,2020091001029095,NMB,21,11,100,421.00,"42,100.00"
2020-09-10,2020091001029094,NMB,56,11,320,421.00,"134,720.00"
2020-09-10,2020091001029034,NMB,5,11,10,422.00,"4,220.00"
2020-09-10,2020091001029033,NMB,21,11,200,422.00,"84,400.00"
2020-09-10,2020091001029032,NMB,11,11,28,422.00,"11,816.00"
2020-09-10,2020091001029265,NMBMF,10,35,500,835.00,"417,500.00"
2020-09-10,2020091001029264,NMBMF,19,35,100,835.00,"83,500.00"
2020-09-10,2020091001029232,NMBMF,33,59,100,836.00,"83,600.00"
2020-09-10,2020091001029113,NMBMF,33,14,40,837.00,"33,480.00"
2020-09-10,2020091001029308,NMFBS,35,25,26,"1,572.00","40,872.00"
2020-09-10,2020091001029183,NMFBS,35,4,11,"1,572.00","17,292.00"
2020-09-10,2020091001029476,NRIC,45,32,40,896.00,"35,840.00"
2020-09-10,2020091001029360,NRIC,45,4,15,896.00,"13,440.00"
2020-09-10,2020091001029359,NRIC,58,4,35,896.00,"31,360.00"
2020-09-10,2020091001029286,NRIC,16,44,500,897.00,"448,500.00"
2020-09-10,2020091001029239,NRIC,16,44,500,897.00,"448,500.00"
2020-09-10,2020091001029159,NRIC,16,44,500,898.00,"449,000.00"
2020-09-10,2020091001029123,NRIC,16,44,289,898.00,"259,522.00"
2020-09-10,2020091001029122,NRIC,16,28,11,898.00,"9,878.00"
2020-09-10,2020091001029121,NRIC,16,35,100,897.00,"89,700.00"
2020-09-10,2020091001029120,NRIC,16,45,100,897.00,"89,700.00"
2020-09-10,2020091001029492,NRN,38,33,10,389.00,"3,890.00"
2020-09-10,2020091001029482,NRN,38,57,10,389.00,"3,890.00"
2020-09-10,2020091001029364,NRN,38,57,10,389.00,"3,890.00"
2020-09-10,2020091001029283,NRN,38,38,10,389.00,"3,890.00"
2020-09-10,2020091001029246,NRN,38,40,10,389.00,"3,890.00"
2020-09-10,2020091001029003,NRN,38,38,10,389.00,"3,890.00"
2020-09-10,2020091001029069,NRN,38,34,10,389.00,"3,890.00"
2020-09-10,2020091001029062,NRN,38,57,10,389.00,"3,890.00"
2020-09-10,2020091001029132,NRN,38,13,10,389.00,"3,890.00"
2020-09-10,2020091001029240,NRN,38,57,10,389.00,"3,890.00"
2020-09-10,2020091001029077,NUBL,39,5,100,987.00,"98,700.00"
2020-09-10,2020091001029444,PCBL,38,49,30,279.00,"8,370.00"
2020-09-10,2020091001029443,PCBL,16,49,199,279.00,"55,521.00"
2020-09-10,2020091001029368,PCBL,16,36,101,279.00,"28,179.00"
2020-09-10,2020091001029175,PFL,34,42,11,148.00,"1,628.00"
2020-09-10,2020091001029422,PIC,26,28,78,772.00,"60,216.00"
2020-09-10,2020091001029262,PIC,56,39,21,771.00,"16,191.00"
2020-09-10,2020091001029261,PIC,33,39,100,771.00,"77,100.00"
2020-09-10,2020091001029192,PIC,21,28,100,772.00,"77,200.00"
2020-09-10,2020091001029191,PIC,33,28,200,772.00,"154,400.00"
2020-09-10,2020091001029190,PIC,29,28,100,772.00,"77,200.00"
2020-09-10,2020091001029189,PIC,40,28,100,773.00,"77,300.00"
2020-09-10,2020091001029188,PIC,51,28,50,773.00,"38,650.00"
2020-09-10,2020091001029187,PIC,48,28,100,773.00,"77,300.00"
2020-09-10,2020091001029186,PIC,57,28,72,773.00,"55,656.00"
2020-09-10,2020091001029185,PIC,33,28,200,773.00,"154,600.00"
2020-09-10,2020091001029156,PIC,18,37,500,775.00,"387,500.00"
2020-09-10,2020091001029146,PICL,48,3,40,544.00,"21,760.00"
2020-09-10,2020091001029392,PLIC,50,22,150,680.00,"102,000.00"
2020-09-10,2020091001029336,PLIC,50,13,10,680.00,"6,800.00"
2020-09-10,2020091001029335,PLIC,6,13,190,680.00,"129,200.00"
2020-09-10,2020091001029271,PLIC,6,45,56,680.00,"38,080.00"
2020-09-10,2020091001029244,PLIC,6,16,200,680.00,"136,000.00"
2020-09-10,2020091001029213,PLIC,6,16,100,680.00,"68,000.00"
2020-09-10,2020091001029129,PLIC,6,7,184,680.00,"125,120.00"
2020-09-10,2020091001029052,PLIC,6,35,14,680.00,"9,520.00"
2020-09-10,2020091001029294,PPCL,7,41,10,130.00,"1,300.00"
2020-09-10,2020091001029293,PPCL,7,36,260,130.00,"33,800.00"
2020-09-10,2020091001029391,PRIN,37,28,63,613.00,"38,619.00"
2020-09-10,2020091001029390,PRIN,55,28,400,613.00,"245,200.00"
2020-09-10,2020091001029389,PRIN,45,28,"1,000",613.00,"613,000.00"
2020-09-10,2020091001029388,PRIN,40,28,200,613.00,"122,600.00"
2020-09-10,2020091001029387,PRIN,50,28,200,613.00,"122,600.00"
2020-09-10,2020091001029386,PRIN,44,28,179,613.00,"109,727.00"
2020-09-10,2020091001029331,PRIN,21,51,150,615.00,"92,250.00"
2020-09-10,2020091001029330,PRIN,21,59,50,615.00,"30,750.00"
2020-09-10,2020091001029329,PRIN,21,5,700,615.00,"430,500.00"
2020-09-10,2020091001029131,PRIN,57,5,300,615.00,"184,500.00"
2020-09-10,2020091001029385,PRIN,59,28,500,614.00,"307,000.00"
2020-09-10,2020091001029384,PRIN,10,28,200,614.00,"122,800.00"
2020-09-10,2020091001029383,PRIN,22,28,30,614.00,"18,420.00"
2020-09-10,2020091001029382,PRIN,16,28,208,614.00,"127,712.00"
2020-09-10,2020091001029381,PRIN,36,28,20,614.00,"12,280.00"
2020-09-10,2020091001029367,PRIN,21,41,100,615.00,"61,500.00"
2020-09-10,2020091001029245,RHPC,51,38,71,99.00,"7,029.00"
2020-09-10,2020091001029154,RHPC,51,38,929,99.00,"91,971.00"
2020-09-10,2020091001029153,RHPC,51,57,71,99.00,"7,029.00"
2020-09-10,2020091001029493,RHPL,50,54,10,169.00,"1,690.00"
2020-09-10,2020091001029451,RHPL,50,34,10,169.00,"1,690.00"
2020-09-10,2020091001029221,RHPL,50,42,40,169.00,"6,760.00"
2020-09-10,2020091001029457,RLFL,29,34,183,134.00,"24,522.00"
2020-09-10,2020091001029456,RLFL,29,17,94,134.00,"12,596.00"
2020-09-10,2020091001029254,RLFL,50,17,53,134.00,"7,102.00"
2020-09-10,2020091001029253,RLFL,50,17,147,134.00,"19,698.00"
2020-09-10,2020091001029454,RRHP,43,21,490,106.00,"51,940.00"
2020-09-10,2020091001029453,RRHP,43,36,10,106.00,"1,060.00"
2020-09-10,2020091001029041,RRHP,42,8,10,105.00,"1,050.00"
2020-09-10,2020091001029358,RSDC,56,42,87,583.00,"50,721.00"
2020-09-10,2020091001029357,RSDC,56,29,200,583.00,"116,600.00"
2020-09-10,2020091001029224,RSDC,33,42,28,583.00,"16,324.00"
2020-09-10,2020091001029223,RSDC,33,48,22,583.00,"12,826.00"
2020-09-10,2020091001029195,RSDC,42,48,28,583.00,"16,324.00"
2020-09-10,2020091001029194,RSDC,42,29,157,583.00,"91,531.00"
2020-09-10,2020091001029118,RSDC,56,10,200,582.00,"116,400.00"
2020-09-10,2020091001029117,RSDC,56,38,102,582.00,"59,364.00"
2020-09-10,2020091001029030,SABSL,44,52,100,896.00,"89,600.00"
2020-09-10,2020091001029292,SADBL,34,34,100,143.00,"14,300.00"
2020-09-10,2020091001029162,SAEF,56,41,"3,000",10.26,"30,780.00"
2020-09-10,2020091001029375,SANIMA,50,45,29,339.00,"9,831.00"
2020-09-10,2020091001029252,SANIMA,50,36,100,339.00,"33,900.00"
2020-09-10,2020091001029251,SANIMA,50,34,100,339.00,"33,900.00"
2020-09-10,2020091001029250,SANIMA,50,40,41,339.00,"13,899.00"
2020-09-10,2020091001029161,SANIMA,55,19,50,338.00,"16,900.00"
2020-09-10,2020091001029260,SBL,43,19,100,301.00,"30,100.00"
2020-09-10,2020091001029361,SDLBSL,26,11,10,896.00,"8,960.00"
2020-09-10,2020091001029174,SDLBSL,26,11,10,896.00,"8,960.00"
2020-09-10,2020091001029143,SDLBSL,26,34,10,896.00,"8,960.00"
2020-09-10,2020091001029040,SDLBSL,26,11,10,896.00,"8,960.00"
2020-09-10,2020091001029439,SFCL,45,29,50,111.00,"5,550.00"
2020-09-10,2020091001029441,SHINE,49,49,98,238.00,"23,324.00"
2020-09-10,2020091001029373,SHINE,49,37,168,238.00,"39,984.00"
2020-09-10,2020091001029372,SHINE,56,37,500,238.00,"119,000.00"
2020-09-10,2020091001029371,SHINE,25,37,200,238.00,"47,600.00"
2020-09-10,2020091001029370,SHINE,47,37,132,238.00,"31,416.00"
2020-09-10,2020091001029400,SHIVM,6,48,900,743.00,"668,700.00"
2020-09-10,2020091001029288,SHIVM,6,36,850,743.00,"631,550.00"
2020-09-10,2020091001029196,SHIVM,6,34,200,743.00,"148,600.00"
2020-09-10,2020091001029164,SHIVM,6,57,"1,000",743.00,"743,000.00"
2020-09-10,2020091001029163,SHIVM,6,25,50,742.00,"37,100.00"
2020-09-10,2020091001029067,SHIVM,59,57,30,741.00,"22,230.00"
2020-09-10,2020091001029066,SHIVM,13,57,50,741.00,"37,050.00"
2020-09-10,2020091001029065,SHIVM,51,57,120,741.00,"88,920.00"
2020-09-10,2020091001029060,SHIVM,51,34,280,741.00,"207,480.00"
2020-09-10,2020091001029059,SHIVM,52,34,300,742.00,"222,600.00"
2020-09-10,2020091001029058,SHIVM,50,34,20,742.00,"14,840.00"
2020-09-10,2020091001029009,SHPC,38,50,100,270.00,"27,000.00"
2020-09-10,2020091001029008,SHPC,38,45,84,270.00,"22,680.00"
2020-09-10,2020091001029007,SHPC,38,6,500,270.00,"135,000.00"
2020-09-10,2020091001029006,SHPC,38,54,"1,000",269.00,"269,000.00"
2020-09-10,2020091001029010,SHPC,38,8,200,270.00,"54,000.00"
2020-09-10,2020091001029399,SIC,56,17,100,912.00,"91,200.00"
2020-09-10,2020091001029141,SIC,49,56,20,918.00,"18,360.00"
2020-09-10,2020091001029458,SIL,14,44,848,771.00,"653,808.00"
2020-09-10,2020091001029374,SIL,39,44,50,771.00,"38,550.00"
2020-09-10,2020091001029314,SIL,29,44,82,771.00,"63,222.00"
2020-09-10,2020091001029268,SIL,39,44,20,771.00,"15,420.00"
2020-09-10,2020091001029267,SIL,39,22,70,771.00,"53,970.00"
2020-09-10,2020091001029266,SIL,39,13,10,771.00,"7,710.00"
2020-09-10,2020091001029145,SIL,29,13,70,771.00,"53,970.00"
2020-09-10,2020091001029302,SINDU,33,44,330,124.00,"40,920.00"
2020-09-10,2020091001029442,SJCL,22,4,20,148.00,"2,960.00"
2020-09-10,2020091001029307,SJCL,22,34,10,148.00,"1,480.00"
2020-09-10,2020091001029301,SJCL,22,34,10,148.00,"1,480.00"
2020-09-10,2020091001029282,SJCL,22,42,10,148.00,"1,480.00"
2020-09-10,2020091001029220,SJCL,22,42,20,148.00,"2,960.00"
2020-09-10,2020091001029039,SKBBL,58,41,98,"1,360.00","133,280.00"
2020-09-10,2020091001029038,SKBBL,16,41,50,"1,361.00","68,050.00"
2020-09-10,2020091001029037,SKBBL,17,41,50,"1,369.00","68,450.00"
2020-09-10,2020091001029305,SLBBL,58,44,10,909.00,"9,090.00"
2020-09-10,2020091001029284,SLBBL,58,44,100,902.00,"90,200.00"
2020-09-10,2020091001029182,SLBBL,58,19,200,902.00,"180,400.00"
2020-09-10,2020091001029409,SLBS,34,42,49,"1,000.00","49,000.00"
2020-09-10,2020091001029408,SLBS,34,53,181,999.00,"180,819.00"
2020-09-10,2020091001029407,SLBS,34,33,11,998.00,"10,978.00"
2020-09-10,2020091001029406,SLBS,34,50,11,998.00,"10,978.00"
2020-09-10,2020091001029405,SLBS,34,22,38,998.00,"37,924.00"
2020-09-10,2020091001029404,SLBS,34,51,23,998.00,"22,954.00"
2020-09-10,2020091001029403,SLBS,34,32,38,997.00,"37,886.00"
2020-09-10,2020091001029402,SLBS,34,25,11,997.00,"10,967.00"
2020-09-10,2020091001029401,SLBS,34,19,38,991.00,"37,658.00"
2020-09-10,2020091001029249,SLBS,25,42,27,991.00,"26,757.00"
2020-09-10,2020091001029248,SLBS,35,42,10,991.00,"9,910.00"
2020-09-10,2020091001029366,SLBSL,39,55,43,834.00,"35,862.00"
2020-09-10,2020091001029365,SLBSL,34,55,68,834.00,"56,712.00"
2020-09-10,2020091001029091,SLBSL,34,39,19,834.00,"15,846.00"
2020-09-10,2020091001029398,SLICL,51,26,"1,000",642.00,"642,000.00"
2020-09-10,2020091001029397,SLICL,48,26,400,642.00,"256,800.00"
2020-09-10,2020091001029396,SLICL,53,26,50,643.00,"32,150.00"
2020-09-10,2020091001029395,SLICL,13,26,495,643.00,"318,285.00"
2020-09-10,2020091001029315,SLICL,49,34,110,644.00,"70,840.00"
2020-09-10,2020091001029277,SLICL,13,18,35,643.00,"22,505.00"
2020-09-10,2020091001029179,SLICL,33,17,50,644.00,"32,200.00"
2020-09-10,2020091001029276,SLICL,5,18,190,644.00,"122,360.00"
2020-09-10,2020091001029242,SLICL,5,56,100,644.00,"64,400.00"
2020-09-10,2020091001029241,SLICL,5,38,10,644.00,"6,440.00"
2020-09-10,2020091001029233,SLICL,13,57,300,643.00,"192,900.00"
2020-09-10,2020091001029212,SLICL,13,19,70,643.00,"45,010.00"
2020-09-10,2020091001029211,SLICL,56,19,30,643.00,"19,290.00"
2020-09-10,2020091001029434,SPDL,34,44,"1,450",131.00,"189,950.00"
2020-09-10,2020091001029144,SPDL,16,44,500,131.00,"65,500.00"
2020-09-10,2020091001029222,SRBL,52,1,200,229.00,"45,800.00"
2020-09-10,2020091001029090,SRBL,45,38,200,228.00,"45,600.00"
2020-09-10,2020091001029432,TRH,57,45,200,213.00,"42,600.00"
2020-09-10,2020091001029430,UIC,44,7,100,446.00,"44,600.00"
2020-09-10,2020091001029356,UIC,55,7,500,444.00,"222,000.00"
2020-09-10,2020091001029355,UIC,51,7,180,444.00,"79,920.00"
2020-09-10,2020091001029354,UIC,56,7,150,444.00,"66,600.00"
2020-09-10,2020091001029353,UIC,47,7,500,444.00,"222,000.00"
2020-09-10,2020091001029352,UIC,52,7,300,445.00,"133,500.00"
2020-09-10,2020091001029045,UIC,36,52,40,445.00,"17,800.00"
2020-09-10,2020091001029056,UIC,58,38,45,444.00,"19,980.00"
2020-09-10,2020091001029055,UIC,39,38,125,444.00,"55,500.00"
2020-09-10,2020091001029054,UIC,35,38,300,445.00,"133,500.00"
2020-09-10,2020091001029053,UIC,36,38,280,445.00,"124,600.00"
2020-09-10,2020091001029051,UIC,44,7,30,446.00,"13,380.00"
2020-09-10,2020091001029050,UIC,44,33,150,446.00,"66,900.00"
2020-09-10,2020091001029273,UIC,47,20,60,445.00,"26,700.00"
2020-09-10,2020091001029272,UIC,47,51,15,445.00,"6,675.00"
2020-09-10,2020091001029073,UIC,35,7,50,446.00,"22,300.00"
2020-09-10,2020091001029072,UIC,44,7,50,446.00,"22,300.00"
2020-09-10,2020091001029071,UIC,44,38,200,444.00,"88,800.00"
2020-09-10,2020091001029057,UIC,17,38,50,444.00,"22,200.00"
2020-09-10,2020091001029351,UIC,22,7,100,445.00,"44,500.00"
2020-09-10,2020091001029350,UIC,56,7,50,445.00,"22,250.00"
2020-09-10,2020091001029349,UIC,45,7,50,445.00,"22,250.00"
2020-09-10,2020091001029320,UIC,41,16,100,445.00,"44,500.00"
2020-09-10,2020091001029275,UIC,47,14,100,445.00,"44,500.00"
2020-09-10,2020091001029274,UIC,47,34,200,445.00,"89,000.00"
2020-09-10,2020091001029450,UMHL,56,17,10,113.00,"1,130.00"
2020-09-10,2020091001029449,UMHL,56,8,34,113.00,"3,842.00"
2020-09-10,2020091001029448,UMHL,56,35,40,113.00,"4,520.00"
2020-09-10,2020091001029447,UMHL,56,38,223,113.00,"25,199.00"
2020-09-10,2020091001029446,UMHL,56,36,"1,000",113.00,"113,000.00"
2020-09-10,2020091001029445,UMHL,56,58,14,112.00,"1,568.00"
2020-09-10,2020091001029219,UMHL,13,56,14,111.00,"1,554.00"
2020-09-10,2020091001029218,UMHL,13,56,14,111.00,"1,554.00"
2020-09-10,2020091001029217,UMHL,13,7,10,111.00,"1,110.00"
2020-09-10,2020091001029216,UMHL,13,51,10,111.00,"1,110.00"
2020-09-10,2020091001029215,UMHL,13,34,62,111.00,"6,882.00"
2020-09-10,2020091001029340,UPCL,38,22,480,93.00,"44,640.00"
2020-09-10,2020091001029339,UPCL,38,48,500,93.00,"46,500.00"
2020-09-10,2020091001029338,UPCL,38,42,20,93.00,"1,860.00"
2020-09-10,2020091001029304,UPCL,59,42,80,93.00,"7,440.00"
2020-09-10,2020091001029303,UPCL,59,29,420,93.00,"39,060.00"
2020-09-10,2020091001029093,UPCL,59,29,50,93.00,"4,650.00"
2020-09-10,2020091001029478,UPPER,25,52,165,249.00,"41,085.00"
2020-09-10,2020091001029477,UPPER,1,52,37,249.00,"9,213.00"
2020-09-10,2020091001029078,UPPER,1,26,"1,000",249.00,"249,000.00"
2020-09-10,2020091001029005,USLB,42,41,23,"1,247.00","28,681.00"
2020-09-10,2020091001029004,USLB,42,58,22,"1,247.00","27,434.00"
2020-09-10,2020091001029455,WOMI,21,25,10,914.00,"9,140.00"
2020-09-10,2020091001029322,WOMI,14,25,150,914.00,"137,100.00"
2020-09-10,2020091001029110,WOMI,47,49,100,912.00,"91,200.00"
2020-09-10,2020091001028882,ACLBSL,58,25,40,782.00,"31,280.00"
2020-09-10,2020091001028881,ACLBSL,19,25,57,782.00,"44,574.00"
2020-09-10,2020091001028669,ACLBSL,10,48,80,784.00,"62,720.00"
2020-09-10,2020091001028534,ACLBSL,38,48,20,784.00,"15,680.00"
2020-09-10,2020091001028946,ADBL,1,56,100,425.00,"42,500.00"
2020-09-10,2020091001028897,ADBL,59,10,100,424.00,"42,400.00"
2020-09-10,2020091001028857,ADBL,59,57,43,424.00,"18,232.00"
2020-09-10,2020091001028856,ADBL,17,57,63,424.00,"26,712.00"
2020-09-10,2020091001028677,ADBL,47,56,150,425.00,"63,750.00"
2020-09-10,2020091001028676,ADBL,47,45,350,425.00,"148,750.00"
2020-09-10,2020091001028967,AIL,47,45,100,525.00,"52,500.00"
2020-09-10,2020091001028941,AIL,41,45,300,525.00,"157,500.00"
2020-09-10,2020091001028940,AIL,32,45,500,525.00,"262,500.00"
2020-09-10,2020091001028939,AIL,37,45,200,525.00,"105,000.00"
2020-09-10,2020091001028938,AIL,40,45,100,525.00,"52,500.00"
2020-09-10,2020091001028937,AIL,14,45,100,525.00,"52,500.00"
2020-09-10,2020091001028712,AIL,14,45,10,525.00,"5,250.00"
2020-09-10,2020091001028671,AIL,14,58,10,525.00,"5,250.00"
2020-09-10,2020091001028667,AIL,14,50,10,525.00,"5,250.00"
2020-09-10,2020091001028936,AIL,14,11,10,525.00,"5,250.00"
2020-09-10,2020091001028908,AIL,14,49,30,525.00,"15,750.00"
2020-09-10,2020091001028907,AIL,50,49,20,526.00,"10,520.00"
2020-09-10,2020091001028901,AIL,50,58,10,526.00,"5,260.00"
2020-09-10,2020091001028821,AIL,14,59,10,525.00,"5,250.00"
2020-09-10,2020091001028744,AIL,14,58,10,525.00,"5,250.00"
2020-09-10,2020091001028797,AKJCL,41,49,20,66.00,"1,320.00"
2020-09-10,2020091001028664,AKPL,25,42,190,164.00,"31,160.00"
2020-09-10,2020091001028566,AKPL,25,58,10,164.00,"1,640.00"
2020-09-10,2020091001028565,AKPL,36,58,290,164.00,"47,560.00"
2020-09-10,2020091001028549,AKPL,36,46,"1,001",164.00,"164,164.00"
2020-09-10,2020091001028548,AKPL,36,59,160,164.00,"26,240.00"
2020-09-10,2020091001028547,AKPL,36,26,13,164.00,"2,132.00"
2020-09-10,2020091001028546,AKPL,36,14,500,164.00,"82,000.00"
2020-09-10,2020091001028545,AKPL,36,21,36,164.00,"5,904.00"
2020-09-10,2020091001028816,ALBSL,25,34,11,927.00,"10,197.00"
2020-09-10,2020091001028663,ALBSL,25,49,15,927.00,"13,905.00"
2020-09-10,2020091001028896,ALICL,49,21,10,756.00,"7,560.00"
2020-09-10,2020091001028876,ALICL,37,50,200,755.00,"151,000.00"
2020-09-10,2020091001028838,ALICL,37,50,55,755.00,"41,525.00"
2020-09-10,2020091001028837,ALICL,50,50,445,755.00,"335,975.00"
2020-09-10,2020091001028761,ALICL,5,33,92,756.00,"69,552.00"
2020-09-10,2020091001028752,ALICL,50,45,10,755.00,"7,550.00"
2020-09-10,2020091001028511,ALICL,33,44,200,755.00,"151,000.00"
2020-09-10,2020091001028510,ALICL,33,25,55,755.00,"41,525.00"
2020-09-10,2020091001028706,ALICL,50,13,45,755.00,"33,975.00"
2020-09-10,2020091001028631,ALICL,5,33,400,756.00,"302,400.00"
2020-09-10,2020091001028614,ALICL,43,33,208,756.00,"157,248.00"
2020-09-10,2020091001028613,ALICL,43,19,20,756.00,"15,120.00"
2020-09-10,2020091001028612,ALICL,43,46,272,756.00,"205,632.00"
2020-09-10,2020091001028512,ALICL,33,48,150,755.00,"113,250.00"
2020-09-10,2020091001028813,API,36,57,10,129.00,"1,290.00"
2020-09-10,2020091001028873,CBBL,36,34,150,"1,135.00","170,250.00"
2020-09-10,2020091001028872,CBBL,36,49,100,"1,135.00","113,500.00"
2020-09-10,2020091001028871,CBBL,36,54,100,"1,135.00","113,500.00"
2020-09-10,2020091001028870,CBBL,36,44,100,"1,134.00","113,400.00"
2020-09-10,2020091001028869,CBBL,36,33,50,"1,134.00","56,700.00"
2020-09-10,2020091001028943,CBL,14,39,100,145.00,"14,500.00"
2020-09-10,2020091001028942,CBL,49,39,256,145.00,"37,120.00"
2020-09-10,2020091001028721,CBL,49,58,320,145.00,"46,400.00"
2020-09-10,2020091001028864,CHCL,42,5,169,459.00,"77,571.00"
2020-09-10,2020091001028863,CHCL,57,5,81,459.00,"37,179.00"
2020-09-10,2020091001028961,CHL,44,45,10,102.00,"1,020.00"
2020-09-10,2020091001028928,CIT,38,37,100,"3,551.00","355,100.00"
2020-09-10,2020091001028880,CIT,38,3,40,"3,551.00","142,040.00"
2020-09-10,2020091001028858,CIT,58,41,10,"3,553.00","35,530.00"
2020-09-10,2020091001028854,CIT,38,33,10,"3,551.00","35,510.00"
2020-09-10,2020091001028791,CIT,38,17,11,"3,551.00","39,061.00"
2020-09-10,2020091001028703,CIT,38,49,200,"3,551.00","710,200.00"
2020-09-10,2020091001028577,CIT,38,10,50,"3,551.00","177,550.00"
2020-09-10,2020091001028576,CIT,38,35,10,"3,551.00","35,510.00"
2020-09-10,2020091001028569,CIT,17,55,30,"3,550.00","106,500.00"
2020-09-10,2020091001028568,CIT,55,55,10,"3,550.00","35,500.00"
2020-09-10,2020091001028567,CIT,45,55,10,"3,550.00","35,500.00"
2020-09-10,2020091001028945,CLBSL,54,43,10,748.00,"7,480.00"
2020-09-10,2020091001028817,CLBSL,54,43,110,748.00,"82,280.00"
2020-09-10,2020091001028993,CMF1,43,35,200,10.52,"2,104.00"
2020-09-10,2020091001028917,CZBIL,41,32,200,194.00,"38,800.00"
2020-09-10,2020091001028699,CZBIL,36,34,212,194.00,"41,128.00"
2020-09-10,2020091001028698,CZBIL,36,36,500,194.00,"97,000.00"
2020-09-10,2020091001028592,DDBL,32,1,12,887.00,"10,644.00"
2020-09-10,2020091001028844,EDBL,42,14,300,300.00,"90,000.00"
2020-09-10,2020091001028843,EDBL,45,14,100,300.00,"30,000.00"
2020-09-10,2020091001028842,EDBL,42,14,50,300.00,"15,000.00"
2020-09-10,2020091001028841,EDBL,37,14,50,301.00,"15,050.00"
2020-09-10,2020091001028951,EIC,28,14,100,546.00,"54,600.00"
2020-09-10,2020091001028910,EIC,28,34,30,546.00,"16,380.00"
2020-09-10,2020091001028812,EIC,25,54,10,545.00,"5,450.00"
2020-09-10,2020091001028651,EIC,25,36,37,545.00,"20,165.00"
2020-09-10,2020091001028650,EIC,25,36,100,545.00,"54,500.00"
2020-09-10,2020091001028649,EIC,28,36,743,545.00,"404,935.00"
2020-09-10,2020091001028526,EIC,49,37,680,546.00,"371,280.00"
2020-09-10,2020091001028525,EIC,49,3,150,546.00,"81,900.00"
2020-09-10,2020091001028524,EIC,49,49,170,546.00,"92,820.00"
2020-09-10,2020091001028608,EIC,28,5,100,546.00,"54,600.00"
2020-09-10,2020091001028607,EIC,28,49,200,546.00,"109,200.00"
2020-09-10,2020091001028606,EIC,28,37,120,546.00,"65,520.00"
2020-09-10,2020091001028572,EIC,28,40,174,545.00,"94,830.00"
2020-09-10,2020091001028550,EIC,1,37,200,546.00,"109,200.00"
2020-09-10,2020091001028536,EIC,28,22,200,545.00,"109,000.00"
2020-09-10,2020091001028995,FMDBL,34,42,50,608.00,"30,400.00"
2020-09-10,2020091001028994,FMDBL,34,42,50,608.00,"30,400.00"
2020-09-10,2020091001028851,FMDBL,45,56,100,607.00,"60,700.00"
2020-09-10,2020091001028850,FMDBL,58,56,50,607.00,"30,350.00"
2020-09-10,2020091001028849,FMDBL,56,56,50,607.00,"30,350.00"
2020-09-10,2020091001028740,FMDBL,35,41,10,608.00,"6,080.00"
2020-09-10,2020091001028499,FMDBL,35,34,50,608.00,"30,400.00"
2020-09-10,2020091001028498,FMDBL,35,26,50,608.00,"30,400.00"
2020-09-10,2020091001028497,FMDBL,35,44,270,608.00,"164,160.00"
2020-09-10,2020091001028505,FMDBL,35,35,500,608.00,"304,000.00"
2020-09-10,2020091001028504,FMDBL,35,25,100,608.00,"60,800.00"
2020-09-10,2020091001028503,FMDBL,35,58,"1,000",608.00,"608,000.00"
2020-09-10,2020091001028502,FMDBL,35,13,200,608.00,"121,600.00"
2020-09-10,2020091001028501,FMDBL,35,14,100,608.00,"60,800.00"
2020-09-10,2020091001028500,FMDBL,35,35,60,608.00,"36,480.00"
2020-09-10,2020091001028996,GBBL,42,45,313,234.00,"73,242.00"
2020-09-10,2020091001028952,GBBL,5,45,50,234.00,"11,700.00"
2020-09-10,2020091001028891,GBBL,44,45,100,234.00,"23,400.00"
2020-09-10,2020091001028702,GBBL,22,45,500,234.00,"117,000.00"
2020-09-10,2020091001028875,GBIME,58,34,30,262.00,"7,860.00"
2020-09-10,2020091001028874,GBIME,34,34,50,262.00,"13,100.00"
2020-09-10,2020091001028683,GBIME,36,39,10,263.00,"2,630.00"
2020-09-10,2020091001028898,GBLBS,44,49,200,562.00,"112,400.00"
2020-09-10,2020091001028695,GBLBS,41,42,35,563.00,"19,705.00"
2020-09-10,2020091001028694,GBLBS,41,35,15,563.00,"8,445.00"
2020-09-10,2020091001028675,GBLBS,44,48,100,562.00,"56,200.00"
2020-09-10,2020091001028535,GLICL,38,57,65,624.00,"40,560.00"
2020-09-10,2020091001028533,GLICL,48,17,300,622.00,"186,600.00"
2020-09-10,2020091001028860,HDHPC,38,49,10,90.00,900.00
2020-09-10,2020091001028972,HDL,49,45,200,"1,842.00","368,400.00"
2020-09-10,2020091001028971,HDL,14,45,100,"1,843.00","184,300.00"
2020-09-10,2020091001028800,HGI,57,48,500,490.00,"245,000.00"
2020-09-10,2020091001028748,HGI,55,48,284,490.00,"139,160.00"
2020-09-10,2020091001028747,HGI,55,50,50,490.00,"24,500.00"
2020-09-10,2020091001028746,HGI,55,29,50,490.00,"24,500.00"
2020-09-10,2020091001028745,HGI,55,14,16,490.00,"7,840.00"
2020-09-10,2020091001028513,HGI,55,14,300,490.00,"147,000.00"
2020-09-10,2020091001028965,HIDCL,45,56,50,145.00,"7,250.00"
2020-09-10,2020091001028811,HIDCL,22,56,49,144.00,"7,056.00"
2020-09-10,2020091001028810,HIDCL,34,56,70,144.00,"10,080.00"
2020-09-10,2020091001028809,HIDCL,14,56,381,144.00,"54,864.00"
2020-09-10,2020091001028661,HIDCL,14,16,100,144.00,"14,400.00"
2020-09-10,2020091001028519,HIDCL,14,17,19,144.00,"2,736.00"
2020-09-10,2020091001028518,HIDCL,6,17,106,144.00,"15,264.00"
2020-09-10,2020091001028866,HPPL,59,49,20,165.00,"3,300.00"
2020-09-10,2020091001028731,HPPL,59,16,10,164.00,"1,640.00"
2020-09-10,2020091001028541,HPPL,51,58,20,163.00,"3,260.00"
2020-09-10,2020091001028799,HURJA,22,58,20,104.00,"2,080.00"
2020-09-10,2020091001028687,HURJA,22,58,20,104.00,"2,080.00"
2020-09-10,2020091001028921,IGI,19,53,100,541.00,"54,100.00"
2020-09-10,2020091001028662,IGI,26,53,100,541.00,"54,100.00"
2020-09-10,2020091001028704,IGI,35,53,300,541.00,"162,300.00"
2020-09-10,2020091001028692,IGI,50,26,36,540.00,"19,440.00"
2020-09-10,2020091001028929,ILBS,16,58,11,870.00,"9,570.00"
2020-09-10,2020091001028818,KBL,34,50,20,187.00,"3,740.00"
2020-09-10,2020091001028701,KBL,13,49,9,187.00,"1,683.00"
2020-09-10,2020091001028700,KBL,32,49,500,187.00,"93,500.00"
2020-09-10,2020091001028659,KBL,33,45,100,186.00,"18,600.00"
2020-09-10,2020091001028970,KMCDB,25,53,10,777.00,"7,770.00"
2020-09-10,2020091001028862,KMCDB,25,35,10,777.00,"7,770.00"
2020-09-10,2020091001028833,KMCDB,25,26,100,777.00,"77,700.00"
2020-09-10,2020091001028666,KMCDB,25,36,100,777.00,"77,700.00"
2020-09-10,2020091001028604,KMCDB,25,42,73,777.00,"56,721.00"
2020-09-10,2020091001028652,KPCL,25,35,100,119.00,"11,900.00"
2020-09-10,2020091001028899,LBL,47,45,10,235.00,"2,350.00"
2020-09-10,2020091001028890,LGIL,42,53,20,538.00,"10,760.00"
2020-09-10,2020091001028889,LGIL,42,45,300,538.00,"161,400.00"
2020-09-10,2020091001028888,LGIL,42,32,100,538.00,"53,800.00"
2020-09-10,2020091001028887,LGIL,42,1,80,538.00,"43,040.00"
2020-09-10,2020091001028886,LGIL,42,34,"1,000",537.00,"537,000.00"
2020-09-10,2020091001028885,LGIL,42,34,500,537.00,"268,500.00"
2020-09-10,2020091001028884,LGIL,42,26,500,535.00,"267,500.00"
2020-09-10,2020091001028803,LGIL,33,49,10,535.00,"5,350.00"
2020-09-10,2020091001028732,LGIL,33,11,40,535.00,"21,400.00"
2020-09-10,2020091001028691,LGIL,34,11,50,535.00,"26,750.00"
2020-09-10,2020091001028605,LGIL,59,11,10,535.00,"5,350.00"
2020-09-10,2020091001028574,LGIL,48,50,100,535.00,"53,500.00"
2020-09-10,2020091001028845,MDB,54,26,100,350.00,"35,000.00"
2020-09-10,2020091001028585,MDB,17,54,100,347.00,"34,700.00"
2020-09-10,2020091001028530,MDB,17,58,75,347.00,"26,025.00"
2020-09-10,2020091001028867,MEGA,1,8,84,220.00,"18,480.00"
2020-09-10,2020091001028760,MEGA,1,29,150,220.00,"33,000.00"
2020-09-10,2020091001028727,MEGA,41,8,500,219.00,"109,500.00"
2020-09-10,2020091001028726,MEGA,49,8,500,219.00,"109,500.00"
2020-09-10,2020091001028564,MEGA,29,8,464,219.00,"101,616.00"
2020-09-10,2020091001028522,MEGA,29,8,36,219.00,"7,884.00"
2020-09-10,2020091001028521,MEGA,14,8,200,219.00,"43,800.00"
2020-09-10,2020091001028520,MEGA,59,8,"1,592",219.00,"348,648.00"
2020-09-10,2020091001028900,MERO,40,19,79,745.00,"58,855.00"
2020-09-10,2020091001028883,MERO,57,49,54,749.00,"40,446.00"
2020-09-10,2020091001028587,MERO,57,11,20,749.00,"14,980.00"
2020-09-10,2020091001028554,MERO,57,8,153,749.00,"114,597.00"
2020-09-10,2020091001028553,MERO,17,8,40,749.00,"29,960.00"
2020-09-10,2020091001028847,MFIL,34,44,76,304.00,"23,104.00"
2020-09-10,2020091001028846,MFIL,34,18,24,303.00,"7,272.00"
2020-09-10,2020091001028552,MFIL,1,38,"1,500",300.00,"450,000.00"
2020-09-10,2020091001028710,MHNL,14,49,40,89.00,"3,560.00"
2020-09-10,2020091001028556,MMFDB,26,32,50,970.00,"48,500.00"
2020-09-10,2020091001028949,MNBBL,16,33,20,328.00,"6,560.00"
2020-09-10,2020091001028828,MNBBL,33,33,12,328.00,"3,936.00"
2020-09-10,2020091001028506,MNBBL,6,42,198,327.00,"64,746.00"
2020-09-10,2020091001028918,NABIL,33,28,100,845.00,"84,500.00"
2020-09-10,2020091001028855,NABIL,41,28,40,845.00,"33,800.00"
2020-09-10,2020091001028796,NABIL,52,28,150,845.00,"126,750.00"
2020-09-10,2020091001028730,NABIL,25,28,50,845.00,"42,250.00"
2020-09-10,2020091001028729,NABIL,45,28,100,845.00,"84,500.00"
2020-09-10,2020091001028728,NABIL,6,28,50,845.00,"42,250.00"
2020-09-10,2020091001028720,NABIL,6,48,50,845.00,"42,250.00"
2020-09-10,2020091001028668,NABIL,48,48,50,846.00,"42,300.00"
2020-09-10,2020091001028912,NADEP,59,36,180,726.00,"130,680.00"
2020-09-10,2020091001028825,NADEP,16,36,37,727.00,"26,899.00"
2020-09-10,2020091001028824,NADEP,16,41,23,727.00,"16,721.00"
2020-09-10,2020091001028610,NADEP,59,52,16,726.00,"11,616.00"
2020-09-10,2020091001028609,NADEP,36,52,31,726.00,"22,506.00"
2020-09-10,2020091001028589,NADEP,36,35,69,726.00,"50,094.00"
2020-09-10,2020091001028588,NADEP,36,35,31,726.00,"22,506.00"
2020-09-10,2020091001028930,NBB,38,34,50,198.00,"9,900.00"
2020-09-10,2020091001028658,NBL,47,49,40,301.00,"12,040.00"
2020-09-10,2020091001028657,NBL,20,49,10,301.00,"3,010.00"
2020-09-10,2020091001028656,NBL,59,49,50,301.00,"15,050.00"
2020-09-10,2020091001028514,NBL,59,45,400,301.00,"120,400.00"
2020-09-10,2020091001028705,NCCB,56,29,50,199.00,"9,950.00"
2020-09-10,2020091001028678,NCCB,39,50,"2,000",197.00,"394,000.00"
2020-09-10,2020091001028645,NCCB,39,42,100,198.00,"19,800.00"
2020-09-10,2020091001028644,NCCB,39,55,"1,000",198.00,"198,000.00"
2020-09-10,2020091001028643,NCCB,39,17,"2,075",198.00,"410,850.00"
2020-09-10,2020091001028642,NCCB,39,57,"1,114",198.00,"220,572.00"
2020-09-10,2020091001028635,NCCB,39,57,500,198.00,"99,000.00"
2020-09-10,2020091001028634,NCCB,39,22,500,198.00,"99,000.00"
2020-09-10,2020091001028633,NCCB,39,33,187,198.00,"37,026.00"
2020-09-10,2020091001028632,NCCB,39,41,185,198.00,"36,630.00"
2020-09-10,2020091001028641,NCCB,39,19,"3,100",198.00,"613,800.00"
2020-09-10,2020091001028640,NCCB,39,39,"4,349",198.00,"861,102.00"
2020-09-10,2020091001028639,NCCB,39,42,400,198.00,"79,200.00"
2020-09-10,2020091001028638,NCCB,39,28,300,198.00,"59,400.00"
2020-09-10,2020091001028637,NCCB,39,14,"1,500",198.00,"297,000.00"
2020-09-10,2020091001028636,NCCB,39,33,"4,000",198.00,"792,000.00"
2020-09-10,2020091001028976,NEF,58,1,500,8.86,"4,430.00"
2020-09-10,2020091001028848,NIB,42,25,40,419.00,"16,760.00"
2020-09-10,2020091001028750,NIB,45,7,207,417.00,"86,319.00"
2020-09-10,2020091001028749,NIB,36,7,34,417.00,"14,178.00"
2020-09-10,2020091001028741,NIB,41,16,70,419.00,"29,330.00"
2020-09-10,2020091001028674,NIB,54,16,10,419.00,"4,190.00"
2020-09-10,2020091001028673,NIB,54,38,190,419.00,"79,610.00"
2020-09-10,2020091001028909,NICA,33,41,100,576.00,"57,600.00"
2020-09-10,2020091001028852,NICA,48,4,200,577.00,"115,400.00"
2020-09-10,2020091001028686,NICA,43,4,50,577.00,"28,850.00"
2020-09-10,2020091001028978,NICL,56,44,100,567.00,"56,700.00"
2020-09-10,2020091001028977,NICL,6,28,"3,000",566.00,"1,698,000.00"
2020-09-10,2020091001028932,NICL,55,44,200,567.00,"113,400.00"
2020-09-10,2020091001028597,NICL,7,43,32,567.00,"18,144.00"
2020-09-10,2020091001028515,NICL,7,40,250,567.00,"141,750.00"
2020-09-10,2020091001028509,NICL,51,40,500,567.00,"283,500.00"
2020-09-10,2020091001028753,NICL,51,54,100,567.00,"56,700.00"
2020-09-10,2020091001028715,NICL,6,43,462,566.00,"261,492.00"
2020-09-10,2020091001028714,NICL,40,43,20,567.00,"11,340.00"
2020-09-10,2020091001028713,NICL,51,43,18,567.00,"10,206.00"
2020-09-10,2020091001028629,NICL,51,11,82,567.00,"46,494.00"
2020-09-10,2020091001028628,NICL,7,11,18,567.00,"10,206.00"
2020-09-10,2020091001028865,NICL,6,26,10,566.00,"5,660.00"
2020-09-10,2020091001028839,NICL,36,44,300,567.00,"170,100.00"
2020-09-10,2020091001028827,NICL,51,44,400,567.00,"226,800.00"
2020-09-10,2020091001028826,NICL,51,54,100,567.00,"56,700.00"
2020-09-10,2020091001028758,NIL,57,45,54,835.00,"45,090.00"
2020-09-10,2020091001028630,NIL,33,45,210,835.00,"175,350.00"
2020-09-10,2020091001028602,NIL,35,34,48,836.00,"40,128.00"
2020-09-10,2020091001028601,NIL,35,56,52,836.00,"43,472.00"
2020-09-10,2020091001028600,NIL,35,3,50,836.00,"41,800.00"
2020-09-10,2020091001028584,NIL,55,3,50,836.00,"41,800.00"
2020-09-10,2020091001028583,NIL,55,6,50,836.00,"41,800.00"
2020-09-10,2020091001028528,NIL,58,6,200,835.00,"167,000.00"
2020-09-10,2020091001028527,NIL,58,16,30,835.00,"25,050.00"
2020-09-10,2020091001028861,NLBBL,57,13,50,792.00,"39,600.00"
2020-09-10,2020091001028743,NLG,52,5,437,759.00,"331,683.00"
2020-09-10,2020091001028742,NLG,52,5,200,759.00,"151,800.00"
2020-09-10,2020091001028716,NLG,41,26,20,763.00,"15,260.00"
2020-09-10,2020091001028581,NLG,41,5,300,760.00,"228,000.00"
2020-09-10,2020091001028580,NLG,52,5,300,760.00,"228,000.00"
2020-09-10,2020091001028579,NLG,52,5,325,760.00,"247,000.00"
2020-09-10,2020091001028507,NLG,52,7,50,760.00,"38,000.00"
2020-09-10,2020091001028933,NLIC,34,41,20,"1,394.00","27,880.00"
2020-09-10,2020091001028853,NLIC,41,41,50,"1,394.00","69,700.00"
2020-09-10,2020091001028807,NLIC,22,41,100,"1,394.00","139,400.00"
2020-09-10,2020091001028739,NLIC,5,37,16,"1,393.00","22,288.00"
2020-09-10,2020091001028593,NLIC,35,28,50,"1,394.00","69,700.00"
2020-09-10,2020091001028517,NLIC,32,28,242,"1,394.00","337,348.00"
2020-09-10,2020091001028516,NLIC,32,57,58,"1,393.00","80,794.00"
2020-09-10,2020091001028953,NLICL,34,6,500,792.00,"396,000.00"
2020-09-10,2020091001028665,NLICL,48,49,20,791.00,"15,820.00"
2020-09-10,2020091001028611,NLICL,40,6,200,790.00,"158,000.00"
2020-09-10,2020091001028737,NMB,11,34,50,422.00,"21,100.00"
2020-09-10,2020091001028736,NMB,11,17,22,422.00,"9,284.00"
2020-09-10,2020091001028679,NMB,56,54,15,421.00,"6,315.00"
2020-09-10,2020091001028646,NMB,56,5,665,421.00,"279,965.00"
2020-09-10,2020091001028868,NMBMF,53,14,50,837.00,"41,850.00"
2020-09-10,2020091001028834,NMFBS,35,21,10,"1,572.00","15,720.00"
2020-09-10,2020091001028989,NRIC,16,28,29,898.00,"26,042.00"
2020-09-10,2020091001028988,NRIC,16,28,40,898.00,"35,920.00"
2020-09-10,2020091001028987,NRIC,16,56,150,898.00,"134,700.00"
2020-09-10,2020091001028986,NRIC,16,38,50,898.00,"44,900.00"
2020-09-10,2020091001028985,NRIC,16,38,40,898.00,"35,920.00"
2020-09-10,2020091001028984,NRIC,16,44,191,898.00,"171,518.00"
2020-09-10,2020091001028532,NRIC,19,41,50,896.00,"44,800.00"
2020-09-10,2020091001028708,NRIC,17,1,100,897.00,"89,700.00"
2020-09-10,2020091001028707,NRIC,57,1,100,897.00,"89,700.00"
2020-09-10,2020091001028615,NRIC,57,58,40,897.00,"35,880.00"
2020-09-10,2020091001028603,NRIC,37,44,200,898.00,"179,600.00"
2020-09-10,2020091001028590,NRIC,57,34,40,897.00,"35,880.00"
2020-09-10,2020091001028582,NRIC,57,14,20,897.00,"17,940.00"
2020-09-10,2020091001028923,NRIC,28,40,180,896.00,"161,280.00"
2020-09-10,2020091001028922,NRIC,19,40,141,896.00,"126,336.00"
2020-09-10,2020091001028802,NRIC,19,34,40,897.00,"35,880.00"
2020-09-10,2020091001028794,NRIC,19,49,100,897.00,"89,700.00"
2020-09-10,2020091001028792,NRIC,5,44,14,898.00,"12,572.00"
2020-09-10,2020091001028709,NRIC,19,1,200,897.00,"179,400.00"
2020-09-10,2020091001028947,NRIC,56,26,21,896.00,"18,816.00"
2020-09-10,2020091001028935,NRIC,16,44,510,898.00,"457,980.00"
2020-09-10,2020091001028934,NRIC,16,22,40,897.00,"35,880.00"
2020-09-10,2020091001028926,NRIC,56,40,79,896.00,"70,784.00"
2020-09-10,2020091001028925,NRIC,49,40,50,896.00,"44,800.00"
2020-09-10,2020091001028924,NRIC,38,40,10,896.00,"8,960.00"
2020-09-10,2020091001028681,NRN,38,50,10,389.00,"3,890.00"
2020-09-10,2020091001028660,NRN,38,58,10,389.00,"3,890.00"
2020-09-10,2020091001028591,NRN,38,49,10,389.00,"3,890.00"
2020-09-10,2020091001028586,NRN,38,32,10,389.00,"3,890.00"
2020-09-10,2020091001028508,NRN,38,44,10,389.00,"3,890.00"
2020-09-10,2020091001028916,NUBL,25,42,50,988.00,"49,400.00"
2020-09-10,2020091001028655,OHL,41,14,100,348.00,"34,800.00"
2020-09-10,2020091001028654,OHL,41,57,25,348.00,"8,700.00"
2020-09-10,2020091001028653,OHL,41,26,175,348.00,"60,900.00"
2020-09-10,2020091001028944,PCBL,41,36,600,279.00,"167,400.00"
2020-09-10,2020091001028725,PCBL,58,29,278,278.00,"77,284.00"
2020-09-10,2020091001028724,PCBL,38,29,50,278.00,"13,900.00"
2020-09-10,2020091001028723,PCBL,49,29,50,278.00,"13,900.00"
2020-09-10,2020091001028722,PCBL,58,29,491,278.00,"136,498.00"
2020-09-10,2020091001028682,PCBL,58,40,33,278.00,"9,174.00"
2020-09-10,2020091001028622,PCBL,53,40,47,279.00,"13,113.00"
2020-09-10,2020091001028620,PCBL,53,54,18,279.00,"5,022.00"
2020-09-10,2020091001028563,PCBL,53,4,35,279.00,"9,765.00"
2020-09-10,2020091001028562,PCBL,49,4,15,279.00,"4,185.00"
2020-09-10,2020091001028561,PCBL,33,4,50,279.00,"13,950.00"
2020-09-10,2020091001028529,PIC,33,57,20,773.00,"15,460.00"
2020-09-10,2020091001028759,PICL,32,3,80,544.00,"43,520.00"
2020-09-10,2020091001028964,PLIC,6,44,44,680.00,"29,920.00"
2020-09-10,2020091001028962,PLIC,6,22,200,680.00,"136,000.00"
2020-09-10,2020091001028950,PLIC,6,7,184,680.00,"125,120.00"
2020-09-10,2020091001028801,PLIC,6,18,200,680.00,"136,000.00"
2020-09-10,2020091001028793,PLIC,6,21,10,680.00,"6,800.00"
2020-09-10,2020091001028785,PLIC,6,57,200,680.00,"136,000.00"
2020-09-10,2020091001028571,PLIC,39,13,944,678.00,"640,032.00"
2020-09-10,2020091001028570,PLIC,39,44,56,677.00,"37,912.00"
2020-09-10,2020091001028551,PLIC,25,22,100,676.00,"67,600.00"
2020-09-10,2020091001028531,PLIC,20,22,30,676.00,"20,280.00"
2020-09-10,2020091001028523,PLIC,20,33,100,676.00,"67,600.00"
2020-09-10,2020091001028766,PLIC,6,53,100,679.00,"67,900.00"
2020-09-10,2020091001028765,PLIC,6,19,243,679.00,"164,997.00"
2020-09-10,2020091001028689,PLIC,56,35,53,677.00,"35,881.00"
2020-09-10,2020091001028688,PLIC,38,42,115,678.00,"77,970.00"
2020-09-10,2020091001028617,PLIC,38,22,150,678.00,"101,700.00"
2020-09-10,2020091001028616,PLIC,38,13,49,678.00,"33,222.00"
2020-09-10,2020091001028772,PLIC,6,16,500,680.00,"340,000.00"
2020-09-10,2020091001028771,PLIC,6,13,300,679.00,"203,700.00"
2020-09-10,2020091001028770,PLIC,6,59,200,679.00,"135,800.00"
2020-09-10,2020091001028769,PLIC,6,36,200,679.00,"135,800.00"
2020-09-10,2020091001028768,PLIC,6,14,78,679.00,"52,962.00"
2020-09-10,2020091001028767,PLIC,6,22,100,679.00,"67,900.00"
2020-09-10,2020091001028778,PLIC,6,17,50,680.00,"34,000.00"
2020-09-10,2020091001028777,PLIC,6,28,100,680.00,"68,000.00"
2020-09-10,2020091001028776,PLIC,6,52,91,680.00,"61,880.00"
2020-09-10,2020091001028775,PLIC,6,45,38,680.00,"25,840.00"
2020-09-10,2020091001028774,PLIC,6,48,300,680.00,"204,000.00"
2020-09-10,2020091001028773,PLIC,6,59,40,680.00,"27,200.00"
2020-09-10,2020091001028784,PLIC,6,42,200,680.00,"136,000.00"
2020-09-10,2020091001028783,PLIC,6,25,175,680.00,"119,000.00"
2020-09-10,2020091001028782,PLIC,6,7,40,680.00,"27,200.00"
2020-09-10,2020091001028781,PLIC,6,38,20,680.00,"13,600.00"
2020-09-10,2020091001028780,PLIC,6,53,20,680.00,"13,600.00"
2020-09-10,2020091001028779,PLIC,6,49,623,680.00,"423,640.00"
2020-09-10,2020091001028575,PMHPL,58,41,10,89.00,890.00
2020-09-10,2020091001028877,PPCL,28,41,20,129.00,"2,580.00"
2020-09-10,2020091001028711,PRIN,37,59,23,617.00,"14,191.00"
2020-09-10,2020091001028647,PRIN,57,59,200,617.00,"123,400.00"
2020-09-10,2020091001028966,PRVU,58,21,348,228.00,"79,344.00"
2020-09-10,2020091001028573,PRVU,58,35,16,228.00,"3,648.00"
2020-09-10,2020091001028915,RHPC,22,45,154,98.00,"15,092.00"
2020-09-10,2020091001028979,RHPL,50,34,40,169.00,"6,760.00"
2020-09-10,2020091001028751,RHPL,50,52,20,169.00,"3,380.00"
2020-09-10,2020091001028738,RHPL,50,41,20,169.00,"3,380.00"
2020-09-10,2020091001028969,RSDC,17,42,81,581.00,"47,061.00"
2020-09-10,2020091001028968,RSDC,34,42,20,581.00,"11,620.00"
2020-09-10,2020091001028906,RSDC,39,38,100,582.00,"58,200.00"
2020-09-10,2020091001028840,RSDC,49,38,100,582.00,"58,200.00"
2020-09-10,2020091001028764,RSDC,49,38,500,582.00,"291,000.00"
2020-09-10,2020091001028763,RSDC,49,36,400,582.00,"232,800.00"
2020-09-10,2020091001028672,RSDC,39,36,100,582.00,"58,200.00"
2020-09-10,2020091001028621,RSDC,44,38,29,582.00,"16,878.00"
2020-09-10,2020091001028959,SABSL,44,52,33,895.00,"29,535.00"
2020-09-10,2020091001028958,SABSL,44,48,11,895.00,"9,845.00"
2020-09-10,2020091001028957,SABSL,44,17,10,895.00,"8,950.00"
2020-09-10,2020091001028956,SABSL,44,45,300,894.00,"268,200.00"
2020-09-10,2020091001028836,SADBL,32,34,500,143.00,"71,500.00"
2020-09-10,2020091001028835,SADBL,36,34,920,143.00,"131,560.00"
2020-09-10,2020091001028823,SADBL,36,25,80,143.00,"11,440.00"
2020-09-10,2020091001028822,SADBL,58,25,20,143.00,"2,860.00"
2020-09-10,2020091001028911,SANIMA,55,57,46,338.00,"15,548.00"
2020-09-10,2020091001028762,SANIMA,55,1,55,338.00,"18,590.00"
2020-09-10,2020091001028719,SANIMA,55,58,41,338.00,"13,858.00"
2020-09-10,2020091001028718,SANIMA,13,58,14,338.00,"4,732.00"
2020-09-10,2020091001028806,SCB,52,41,81,653.00,"52,893.00"
2020-09-10,2020091001028805,SCB,44,41,67,654.00,"43,818.00"
2020-09-10,2020091001028804,SCB,59,41,50,654.00,"32,700.00"
2020-09-10,2020091001028963,SDLBSL,4,39,100,897.00,"89,700.00"
2020-09-10,2020091001028619,SDLBSL,26,28,10,896.00,"8,960.00"
2020-09-10,2020091001028798,SHINE,47,42,18,238.00,"4,284.00"
2020-09-10,2020091001028879,SHIVM,26,48,"2,565",742.00,"1,903,230.00"
2020-09-10,2020091001028878,SHIVM,26,34,435,742.00,"322,770.00"
2020-09-10,2020091001028820,SHIVM,57,34,50,742.00,"37,100.00"
2020-09-10,2020091001028819,SHIVM,50,34,900,743.00,"668,700.00"
2020-09-10,2020091001028808,SHIVM,50,43,100,743.00,"74,300.00"
2020-09-10,2020091001028757,SHIVM,49,48,20,743.00,"14,860.00"
2020-09-10,2020091001028625,SHIVM,49,34,20,745.00,"14,900.00"
2020-09-10,2020091001028624,SHIVM,1,34,"5,000",745.00,"3,725,000.00"
2020-09-10,2020091001028623,SHIVM,14,34,100,745.00,"74,500.00"
2020-09-10,2020091001028756,SHIVM,13,48,50,743.00,"37,150.00"
2020-09-10,2020091001028755,SHIVM,25,48,"2,000",743.00,"1,486,000.00"
2020-09-10,2020091001028754,SHIVM,26,48,100,743.00,"74,300.00"
2020-09-10,2020091001028648,SHIVM,58,34,20,744.00,"14,880.00"
2020-09-10,2020091001028627,SHIVM,50,34,50,744.00,"37,200.00"
2020-09-10,2020091001028626,SHIVM,34,34,"1,380",744.00,"1,026,720.00"
2020-09-10,2020091001028717,SHPC,42,17,100,268.00,"26,800.00"
2020-09-10,2020091001028992,SIC,14,16,50,918.00,"45,900.00"
2020-09-10,2020091001028991,SIC,14,44,43,918.00,"39,474.00"
2020-09-10,2020091001028990,SIC,44,26,100,911.00,"91,100.00"
2020-09-10,2020091001028895,SIC,45,44,207,918.00,"190,026.00"
2020-09-10,2020091001028894,SIC,45,59,33,918.00,"30,294.00"
2020-09-10,2020091001028893,SIC,45,22,60,917.00,"55,020.00"
2020-09-10,2020091001028892,SIC,45,39,100,917.00,"91,700.00"
2020-09-10,2020091001028596,SIC,44,42,"2,000",912.00,"1,824,000.00"
2020-09-10,2020091001028595,SIC,56,42,439,912.00,"400,368.00"
2020-09-10,2020091001028594,SIC,45,42,300,913.00,"273,900.00"
2020-09-10,2020091001028904,SICL,36,41,28,"1,381.00","38,668.00"
2020-09-10,2020091001028903,SICL,32,41,120,"1,382.00","165,840.00"
2020-09-10,2020091001028902,SICL,7,41,20,"1,382.00","27,640.00"
2020-09-10,2020091001028697,SICL,7,49,280,"1,382.00","386,960.00"
2020-09-10,2020091001028696,SICL,37,49,20,"1,383.00","27,660.00"
2020-09-10,2020091001028693,SICL,37,50,100,"1,383.00","138,300.00"
2020-09-10,2020091001028832,SIFC,35,26,"1,308",154.00,"201,432.00"
2020-09-10,2020091001028831,SIFC,43,26,300,154.00,"46,200.00"
2020-09-10,2020091001028830,SIFC,1,26,300,155.00,"46,500.00"
2020-09-10,2020091001028829,SIFC,52,26,500,155.00,"77,500.00"
2020-09-10,2020091001028733,SIL,29,59,48,770.00,"36,960.00"
2020-09-10,2020091001028954,SJCL,22,41,20,148.00,"2,960.00"
2020-09-10,2020091001028919,SJCL,22,34,20,148.00,"2,960.00"
2020-09-10,2020091001028540,SJCL,22,26,740,148.00,"109,520.00"
2020-09-10,2020091001028859,SKBBL,21,53,50,"1,372.00","68,600.00"
2020-09-10,2020091001028790,SLBBL,58,55,80,909.00,"72,720.00"
2020-09-10,2020091001028789,SLBBL,58,44,100,904.00,"90,400.00"
2020-09-10,2020091001028788,SLBBL,58,22,50,904.00,"45,200.00"
2020-09-10,2020091001028787,SLBBL,58,49,49,903.00,"44,247.00"
2020-09-10,2020091001028786,SLBBL,58,28,16,900.00,"14,400.00"
2020-09-10,2020091001028690,SLBBL,58,28,10,900.00,"9,000.00"
2020-09-10,2020091001028684,SLBBL,58,44,350,899.00,"314,650.00"
2020-09-10,2020091001028931,SLBSL,34,29,13,834.00,"10,842.00"
2020-09-10,2020091001028983,SLICL,56,11,170,643.00,"109,310.00"
2020-09-10,2020091001028982,SLICL,33,11,700,643.00,"450,100.00"
2020-09-10,2020091001028981,SLICL,50,11,20,643.00,"12,860.00"
2020-09-10,2020091001028980,SLICL,33,11,110,643.00,"70,730.00"
2020-09-10,2020091001028975,SLICL,33,26,190,643.00,"122,170.00"
2020-09-10,2020091001028974,SLICL,57,26,300,643.00,"192,900.00"
2020-09-10,2020091001028599,SLICL,55,50,200,644.00,"128,800.00"
2020-09-10,2020091001028598,SLICL,55,29,345,644.00,"222,180.00"
2020-09-10,2020091001028973,SLICL,54,26,10,643.00,"6,430.00"
2020-09-10,2020091001028920,SLICL,34,17,100,644.00,"64,400.00"
2020-09-10,2020091001028815,SLICL,39,1,200,645.00,"129,000.00"
2020-09-10,2020091001028814,SLICL,39,42,100,644.00,"64,400.00"
2020-09-10,2020091001028680,SLICL,39,17,100,644.00,"64,400.00"
2020-09-10,2020091001028670,SLICL,39,45,100,644.00,"64,400.00"
2020-09-10,2020091001028905,SPDL,47,44,250,131.00,"32,750.00"
2020-09-10,2020091001028685,SPDL,47,44,100,131.00,"13,100.00"
2020-09-10,2020091001028539,SPDL,29,58,215,130.00,"27,950.00"
2020-09-10,2020091001028538,SPDL,6,58,225,130.00,"29,250.00"
2020-09-10,2020091001028948,TMDBL,29,42,50,171.00,"8,550.00"
2020-09-10,2020091001028618,TRH,5,45,25,213.00,"5,325.00"
2020-09-10,2020091001028955,UIC,36,8,180,445.00,"80,100.00"
2020-09-10,2020091001028927,UIC,54,5,50,444.00,"22,200.00"
2020-09-10,2020091001028914,UIC,47,32,50,445.00,"22,250.00"
2020-09-10,2020091001028913,UIC,47,56,200,445.00,"89,000.00"
2020-09-10,2020091001028795,UIC,44,28,200,445.00,"89,000.00"
2020-09-10,2020091001028560,UIC,17,48,11,444.00,"4,884.00"
2020-09-10,2020091001028559,UIC,17,48,20,444.00,"8,880.00"
2020-09-10,2020091001028558,UIC,44,48,23,444.00,"10,212.00"
2020-09-10,2020091001028557,UIC,6,48,40,445.00,"17,800.00"
2020-09-10,2020091001028555,UIC,6,34,10,445.00,"4,450.00"
2020-09-10,2020091001028578,UMHL,13,57,71,110.00,"7,810.00"
2020-09-10,2020091001028960,UNHPL,51,49,40,66.00,"2,640.00"
2020-09-10,2020091001028544,UPPER,48,38,400,250.00,"100,000.00"
2020-09-10,2020091001028543,UPPER,36,38,350,250.00,"87,500.00"
2020-09-10,2020091001028542,UPPER,14,38,700,250.00,"175,000.00"
2020-09-10,2020091001028537,UPPER,14,25,400,250.00,"100,000.00"
2020-09-10,2020091001028735,UPPER,1,16,100,249.00,"24,900.00"
2020-09-10,2020091001028734,UPPER,1,32,20,249.00,"4,980.00"
2020-09-10,2020091001028269,ACLBSL,19,55,21,782.00,"16,422.00"
2020-09-10,2020091001028123,ACLBSL,56,42,10,783.00,"7,830.00"
2020-09-10,2020091001028122,ACLBSL,56,49,93,783.00,"72,819.00"
2020-09-10,2020091001028060,ACLBSL,19,34,10,782.00,"7,820.00"
2020-09-10,2020091001028059,ACLBSL,19,48,12,782.00,"9,384.00"
2020-09-10,2020091001028395,ADBL,17,45,50,424.00,"21,200.00"
2020-09-10,2020091001028328,ADBL,17,43,187,424.00,"79,288.00"
2020-09-10,2020091001028327,ADBL,44,43,13,424.00,"5,512.00"
2020-09-10,2020091001028100,ADBL,44,56,287,424.00,"121,688.00"
2020-09-10,2020091001028099,ADBL,33,56,37,424.00,"15,688.00"
2020-09-10,2020091001028098,ADBL,42,56,400,424.00,"169,600.00"
2020-09-10,2020091001028097,ADBL,21,56,276,424.00,"117,024.00"
2020-09-10,2020091001028356,AHPC,58,58,235,118.00,"27,730.00"
2020-09-10,2020091001028467,AIL,14,54,10,525.00,"5,250.00"
2020-09-10,2020091001028239,AIL,45,13,10,525.00,"5,250.00"
2020-09-10,2020091001028171,AIL,14,13,10,526.00,"5,260.00"
2020-09-10,2020091001028071,AIL,41,13,10,525.00,"5,250.00"
2020-09-10,2020091001028047,AIL,41,42,10,525.00,"5,250.00"
2020-09-10,2020091001028010,AIL,41,28,10,525.00,"5,250.00"
2020-09-10,2020091001028241,AKJCL,41,41,20,66.00,"1,320.00"
2020-09-10,2020091001028382,AKPL,45,21,10,164.00,"1,640.00"
2020-09-10,2020091001028496,ALBSL,46,49,35,927.00,"32,445.00"
2020-09-10,2020091001028300,ALBSL,45,41,11,926.00,"10,186.00"
2020-09-10,2020091001028483,ALICL,1,45,15,753.00,"11,295.00"
2020-09-10,2020091001028468,ALICL,1,50,140,753.00,"105,420.00"
2020-09-10,2020091001028452,ALICL,33,25,45,755.00,"33,975.00"
2020-09-10,2020091001028451,ALICL,33,58,14,755.00,"10,570.00"
2020-09-10,2020091001028450,ALICL,33,33,50,755.00,"37,750.00"
2020-09-10,2020091001028449,ALICL,33,34,79,755.00,"59,645.00"
2020-09-10,2020091001028196,ALICL,50,34,700,750.00,"525,000.00"
2020-09-10,2020091001028154,ALICL,49,57,30,750.00,"22,500.00"
2020-09-10,2020091001028076,ALICL,26,57,100,750.00,"75,000.00"
2020-09-10,2020091001028075,ALICL,13,57,100,751.00,"75,100.00"
2020-09-10,2020091001028074,ALICL,58,57,70,751.00,"52,570.00"
2020-09-10,2020091001028436,ALICL,33,46,500,753.00,"376,500.00"
2020-09-10,2020091001028435,ALICL,33,25,30,753.00,"22,590.00"
2020-09-10,2020091001028434,ALICL,33,45,350,753.00,"263,550.00"
2020-09-10,2020091001028433,ALICL,33,35,300,753.00,"225,900.00"
2020-09-10,2020091001028198,ALICL,50,35,200,753.00,"150,600.00"
2020-09-10,2020091001028197,ALICL,50,34,100,752.00,"75,200.00"
2020-09-10,2020091001028442,ALICL,33,38,50,755.00,"37,750.00"
2020-09-10,2020091001028441,ALICL,33,42,500,755.00,"377,500.00"
2020-09-10,2020091001028440,ALICL,33,6,282,755.00,"212,910.00"
2020-09-10,2020091001028439,ALICL,33,33,500,754.00,"377,000.00"
2020-09-10,2020091001028438,ALICL,33,50,"1,223",754.00,"922,142.00"
2020-09-10,2020091001028437,ALICL,33,25,366,754.00,"275,964.00"
2020-09-10,2020091001028448,ALICL,33,50,500,755.00,"377,500.00"
2020-09-10,2020091001028447,ALICL,33,20,201,755.00,"151,755.00"
2020-09-10,2020091001028446,ALICL,33,20,200,755.00,"151,000.00"
2020-09-10,2020091001028445,ALICL,33,28,500,755.00,"377,500.00"
2020-09-10,2020091001028444,ALICL,33,53,10,755.00,"7,550.00"
2020-09-10,2020091001028443,ALICL,33,37,300,755.00,"226,500.00"
2020-09-10,2020091001028401,API,36,57,10,129.00,"1,290.00"
2020-09-10,2020091001028251,API,38,35,37,128.00,"4,736.00"
2020-09-10,2020091001028006,BARUN,54,6,250,105.00,"26,250.00"
2020-09-10,2020091001028005,BARUN,38,6,50,105.00,"5,250.00"
2020-09-10,2020091001028004,BARUN,46,6,90,105.00,"9,450.00"
2020-09-10,2020091001028107,BNT,7,42,10,"6,420.00","64,200.00"
2020-09-10,2020091001028319,BOKL,39,47,150,235.00,"35,250.00"
2020-09-10,2020091001028318,BOKL,39,39,"1,000",235.00,"235,000.00"
2020-09-10,2020091001028317,BOKL,39,50,100,235.00,"23,500.00"
2020-09-10,2020091001028316,BOKL,39,52,245,235.00,"57,575.00"
2020-09-10,2020091001028315,BOKL,39,50,100,235.00,"23,500.00"
2020-09-10,2020091001028314,BOKL,39,26,300,235.00,"70,500.00"
2020-09-10,2020091001028313,BOKL,39,42,185,235.00,"43,475.00"
2020-09-10,2020091001028312,BOKL,39,5,25,235.00,"5,875.00"
2020-09-10,2020091001028309,BOKL,33,35,100,234.00,"23,400.00"
2020-09-10,2020091001028485,BPCL,59,16,14,387.00,"5,418.00"
2020-09-10,2020091001028484,BPCL,39,16,32,387.00,"12,384.00"
2020-09-10,2020091001028003,BPCL,39,41,48,387.00,"18,576.00"
2020-09-10,2020091001028048,CBBL,36,28,55,"1,130.00","62,150.00"
2020-09-10,2020091001028022,CBBL,22,34,75,"1,134.00","85,050.00"
2020-09-10,2020091001028021,CBBL,22,16,25,"1,133.00","28,325.00"
2020-09-10,2020091001028051,CBBL,29,28,90,"1,129.00","101,610.00"
2020-09-10,2020091001028050,CBBL,6,28,10,"1,129.00","11,290.00"
2020-09-10,2020091001028049,CBBL,48,28,50,"1,130.00","56,500.00"
2020-09-10,2020091001028175,CBBL,38,28,45,"1,129.00","50,805.00"
2020-09-10,2020091001028177,CBBL,38,45,22,"1,134.00","24,948.00"
2020-09-10,2020091001028176,CBBL,38,34,33,"1,134.00","37,422.00"
2020-09-10,2020091001028305,CBL,49,6,"1,000",145.00,"145,000.00"
2020-09-10,2020091001028159,CCBL,39,59,781,173.00,"135,113.00"
2020-09-10,2020091001028158,CCBL,39,17,50,173.00,"8,650.00"
2020-09-10,2020091001028157,CCBL,39,42,170,173.00,"29,410.00"
2020-09-10,2020091001028066,CFCL,56,57,32,125.00,"4,000.00"
2020-09-10,2020091001028209,CHCL,46,42,279,461.00,"128,619.00"
2020-09-10,2020091001028208,CHCL,46,25,50,461.00,"23,050.00"
2020-09-10,2020091001028207,CHCL,46,17,200,460.00,"92,000.00"
2020-09-10,2020091001028206,CHCL,46,57,100,460.00,"46,000.00"
2020-09-10,2020091001028205,CHCL,46,58,300,460.00,"138,000.00"
2020-09-10,2020091001028204,CHCL,46,26,71,460.00,"32,660.00"
2020-09-10,2020091001028429,CIT,36,49,14,"3,557.00","49,798.00"
2020-09-10,2020091001028420,CIT,25,57,50,"3,558.00","177,900.00"
2020-09-10,2020091001028362,CIT,36,4,30,"3,557.00","106,710.00"
2020-09-10,2020091001028306,CIT,36,52,22,"3,557.00","78,254.00"
2020-09-10,2020091001028190,CIT,36,59,14,"3,557.00","49,798.00"
2020-09-10,2020091001028183,CIT,53,10,10,"3,557.00","35,570.00"
2020-09-10,2020091001028307,CLBSL,57,43,50,750.00,"37,500.00"
2020-09-10,2020091001028215,CLBSL,54,34,50,748.00,"37,400.00"
2020-09-10,2020091001028202,CMF1,25,58,100,10.32,"1,032.00"
2020-09-10,2020091001028086,CZBIL,39,57,259,194.00,"50,246.00"
2020-09-10,2020091001028085,CZBIL,39,37,310,194.00,"60,140.00"
2020-09-10,2020091001028084,CZBIL,39,41,10,194.00,"1,940.00"
2020-09-10,2020091001028083,CZBIL,39,17,"2,459",194.00,"477,046.00"
2020-09-10,2020091001028143,DDBL,45,32,10,887.00,"8,870.00"
2020-09-10,2020091001028333,EBL,49,10,200,723.00,"144,600.00"
2020-09-10,2020091001028290,EBL,13,19,77,721.00,"55,517.00"
2020-09-10,2020091001028289,EBL,35,19,100,721.00,"72,100.00"
2020-09-10,2020091001028288,EBL,46,19,100,721.00,"72,100.00"
2020-09-10,2020091001028287,EBL,50,19,60,721.00,"43,260.00"
2020-09-10,2020091001028286,EBL,14,19,113,721.00,"81,473.00"
2020-09-10,2020091001028431,EIC,28,59,50,545.00,"27,250.00"
2020-09-10,2020091001028355,EIC,28,49,10,545.00,"5,450.00"
2020-09-10,2020091001028344,EIC,50,49,10,546.00,"5,460.00"
2020-09-10,2020091001028192,EIC,34,49,50,546.00,"27,300.00"
2020-09-10,2020091001028147,EIC,50,49,10,546.00,"5,460.00"
2020-09-10,2020091001028146,EIC,29,49,400,546.00,"218,400.00"
2020-09-10,2020091001028145,EIC,20,49,60,546.00,"32,760.00"
2020-09-10,2020091001028330,FMDBL,56,33,300,607.00,"182,100.00"
