Date,Transact. No.,Symbol,Buyer,Seller,Quantity,Rate,Amount
2020-02-20,2020022001023839,AHPC,29,26,500,98.00,"49,000.00"
2020-02-20,2020022001023838,AHPC,37,26,919,98.00,"90,062.00"
2020-02-20,2020022001023620,AKJCL,43,49,100,56.00,"5,600.00"
2020-02-20,2020022001023897,AKPL,41,6,10,137.00,"1,370.00"
2020-02-20,2020022001023855,AKPL,49,57,785,135.00,"105,975.00"
2020-02-20,2020022001023854,AKPL,38,57,400,135.00,"54,000.00"
2020-02-20,2020022001023853,AKPL,14,57,500,135.00,"67,500.00"
2020-02-20,2020022001023852,AKPL,17,57,415,135.00,"56,025.00"
2020-02-20,2020022001023718,AKPL,17,40,585,135.00,"78,975.00"
2020-02-20,2020022001023711,AKPL,54,40,500,135.00,"67,500.00"
2020-02-20,2020022001023710,AKPL,26,40,215,135.00,"29,025.00"
2020-02-20,2020022001023614,AKPL,19,40,287,136.00,"39,032.00"
2020-02-20,2020022001023717,AKPL,36,40,"1,000",135.00,"135,000.00"
2020-02-20,2020022001023716,AKPL,19,40,500,135.00,"67,500.00"
2020-02-20,2020022001023715,AKPL,57,40,100,135.00,"13,500.00"
2020-02-20,2020022001023714,AKPL,28,40,"1,000",135.00,"135,000.00"
2020-02-20,2020022001023713,AKPL,54,40,"1,000",135.00,"135,000.00"
2020-02-20,2020022001023712,AKPL,52,40,100,135.00,"13,500.00"
2020-02-20,2020022001023572,ALBSL,54,21,11,886.00,"9,746.00"
2020-02-20,2020022001023835,ALICL,21,21,123,647.00,"79,581.00"
2020-02-20,2020022001023834,ALICL,6,21,77,648.00,"49,896.00"
2020-02-20,2020022001023554,ALICL,6,42,23,648.00,"14,904.00"
2020-02-20,2020022001023553,ALICL,32,42,50,648.00,"32,400.00"
2020-02-20,2020022001023552,ALICL,58,42,127,648.00,"82,296.00"
2020-02-20,2020022001023498,ALICL,58,56,200,648.00,"129,600.00"
2020-02-20,2020022001023635,BOKL,29,50,354,237.00,"83,898.00"
2020-02-20,2020022001023634,BOKL,13,50,458,237.00,"108,546.00"
2020-02-20,2020022001023633,BOKL,33,50,10,238.00,"2,380.00"
2020-02-20,2020022001023534,BOKL,33,33,890,238.00,"211,820.00"
2020-02-20,2020022001023508,BOKL,28,33,100,238.00,"23,800.00"
2020-02-20,2020022001023808,CBBL,34,58,150,"1,253.00","187,950.00"
2020-02-20,2020022001023807,CBBL,34,57,50,"1,252.00","62,600.00"
2020-02-20,2020022001023851,CBL,36,43,"1,172",153.00,"179,316.00"
2020-02-20,2020022001023504,CCBL,34,38,"1,446",184.00,"266,064.00"
2020-02-20,2020022001023890,CIT,57,34,23,"2,903.00","66,769.00"
2020-02-20,2020022001023865,CIT,57,25,50,"2,903.00","145,150.00"
2020-02-20,2020022001023758,CIT,57,49,30,"2,903.00","87,090.00"
2020-02-20,2020022001023757,CIT,57,16,63,"2,903.00","182,889.00"
2020-02-20,2020022001023756,CIT,57,14,120,"2,902.00","348,240.00"
2020-02-20,2020022001023755,CIT,57,58,169,"2,900.00","490,100.00"
2020-02-20,2020022001023506,CIT,50,19,25,"2,900.00","72,500.00"
2020-02-20,2020022001023499,CIT,54,55,97,"2,892.00","280,524.00"
2020-02-20,2020022001023445,CIT,52,33,100,"2,899.00","289,900.00"
2020-02-20,2020022001023709,CIT,19,7,20,"2,891.00","57,820.00"
2020-02-20,2020022001023692,CIT,38,58,100,"2,900.00","290,000.00"
2020-02-20,2020022001023621,CIT,50,58,231,"2,900.00","669,900.00"
2020-02-20,2020022001023601,CIT,19,14,10,"2,902.00","29,020.00"
2020-02-20,2020022001023556,CIT,19,51,40,"2,901.00","116,040.00"
2020-02-20,2020022001023507,CIT,50,13,244,"2,900.00","707,600.00"
2020-02-20,2020022001023783,CLBSL,34,42,800,"1,270.00","1,016,000.00"
2020-02-20,2020022001023744,DDBL,38,45,200,"1,004.00","200,800.00"
2020-02-20,2020022001023738,DDBL,43,51,100,"1,001.00","100,100.00"
2020-02-20,2020022001023639,DDBL,34,5,20,"1,000.00","20,000.00"
2020-02-20,2020022001023638,DDBL,34,34,50,"1,000.00","50,000.00"
2020-02-20,2020022001023637,DDBL,34,58,280,"1,000.00","280,000.00"
2020-02-20,2020022001023636,DDBL,34,44,290,"1,000.00","290,000.00"
2020-02-20,2020022001023465,DDBL,34,11,100,999.00,"99,900.00"
2020-02-20,2020022001023437,DDBL,8,29,50,"1,000.00","50,000.00"
2020-02-20,2020022001023436,DDBL,8,25,300,"1,000.00","300,000.00"
2020-02-20,2020022001023435,DDBL,8,20,170,"1,000.00","170,000.00"
2020-02-20,2020022001023434,DDBL,8,44,471,"1,000.00","471,000.00"
2020-02-20,2020022001023615,DDBL,59,44,200,"1,000.00","200,000.00"
2020-02-20,2020022001023564,DDBL,34,11,100,999.00,"99,900.00"
2020-02-20,2020022001023549,DDBL,34,44,10,"1,000.00","10,000.00"
2020-02-20,2020022001023548,DDBL,34,52,400,"1,000.00","400,000.00"
2020-02-20,2020022001023547,DDBL,34,46,40,"1,000.00","40,000.00"
2020-02-20,2020022001023546,DDBL,34,5,50,"1,000.00","50,000.00"
2020-02-20,2020022001023779,EBL,44,53,256,680.00,"174,080.00"
2020-02-20,2020022001023778,EBL,44,54,100,680.00,"68,000.00"
2020-02-20,2020022001023464,EBL,42,54,100,680.00,"68,000.00"
2020-02-20,2020022001023830,EIC,57,43,50,474.00,"23,700.00"
2020-02-20,2020022001023747,EIC,56,43,10,474.00,"4,740.00"
2020-02-20,2020022001023736,EIC,40,34,982,470.00,"461,540.00"
2020-02-20,2020022001023735,EIC,51,34,18,470.00,"8,460.00"
2020-02-20,2020022001023675,EIC,16,7,200,472.00,"94,400.00"
2020-02-20,2020022001023674,EIC,16,34,80,472.00,"37,760.00"
2020-02-20,2020022001023720,FOWAD,43,32,22,"1,799.00","39,578.00"
2020-02-20,2020022001023719,FOWAD,39,32,37,"1,800.00","66,600.00"
2020-02-20,2020022001023627,FOWAD,58,35,19,"1,805.00","34,295.00"
2020-02-20,2020022001023811,GBBL,16,40,"2,000",244.00,"488,000.00"
2020-02-20,2020022001023732,GBBL,4,34,200,243.00,"48,600.00"
2020-02-20,2020022001023631,GBIME,48,39,"1,375",283.00,"389,125.00"
2020-02-20,2020022001023525,GBIME,48,43,375,283.00,"106,125.00"
2020-02-20,2020022001023524,GBIME,16,43,125,283.00,"35,375.00"
2020-02-20,2020022001023502,GBIME,16,35,75,283.00,"21,225.00"
2020-02-20,2020022001023501,GBIME,50,35,425,283.00,"120,275.00"
2020-02-20,2020022001023557,GILB,41,16,30,"1,499.00","44,970.00"
2020-02-20,2020022001023792,GLICL,57,11,20,830.00,"16,600.00"
2020-02-20,2020022001023724,GLICL,46,19,10,835.00,"8,350.00"
2020-02-20,2020022001023723,GLICL,46,51,50,835.00,"41,750.00"
2020-02-20,2020022001023883,GMFBS,1,43,30,"1,033.00","30,990.00"
2020-02-20,2020022001023882,GMFBS,14,43,30,"1,033.00","30,990.00"
2020-02-20,2020022001023797,GMFBS,53,57,40,"1,034.00","41,360.00"
2020-02-20,2020022001023796,GMFBS,53,29,10,"1,034.00","10,340.00"
2020-02-20,2020022001023624,GMFBS,14,26,30,"1,033.00","30,990.00"
2020-02-20,2020022001023563,GUFL,33,57,11,130.00,"1,430.00"
2020-02-20,2020022001023722,HBL,49,11,13,574.00,"7,462.00"
2020-02-20,2020022001023721,HBL,49,11,204,574.00,"117,096.00"
2020-02-20,2020022001023777,HDL,50,57,50,"1,591.00","79,550.00"
2020-02-20,2020022001023776,HDL,19,46,40,"1,591.00","63,640.00"
2020-02-20,2020022001023708,HDL,16,46,60,"1,591.00","95,460.00"
2020-02-20,2020022001023685,HDL,16,40,40,"1,591.00","63,640.00"
2020-02-20,2020022001023684,HDL,17,40,10,"1,592.00","15,920.00"
2020-02-20,2020022001023729,HGI,58,26,10,477.00,"4,770.00"
2020-02-20,2020022001023728,HGI,58,57,100,474.00,"47,400.00"
2020-02-20,2020022001023867,IGI,58,10,10,510.00,"5,100.00"
2020-02-20,2020022001023570,IGI,6,10,100,510.00,"51,000.00"
2020-02-20,2020022001023569,IGI,42,10,20,510.00,"10,200.00"
2020-02-20,2020022001023568,IGI,13,10,150,510.00,"76,500.00"
2020-02-20,2020022001023687,ILBS,29,21,10,966.00,"9,660.00"
2020-02-20,2020022001023598,ILBS,26,44,10,985.00,"9,850.00"
2020-02-20,2020022001023619,JBBL,16,33,"2,000",192.00,"384,000.00"
2020-02-20,2020022001023829,JSLBB,34,29,10,"1,950.00","19,500.00"
2020-02-20,2020022001023769,JSLBB,34,38,100,"1,989.00","198,900.00"
2020-02-20,2020022001023768,JSLBB,34,17,50,"1,968.00","98,400.00"
2020-02-20,2020022001023767,JSLBB,34,37,100,"1,968.00","196,800.00"
2020-02-20,2020022001023766,JSLBB,34,44,253,"1,950.00","493,350.00"
2020-02-20,2020022001023701,JSLBB,34,44,10,"1,950.00","19,500.00"
2020-02-20,2020022001023686,JSLBB,16,44,160,"1,950.00","312,000.00"
2020-02-20,2020022001023566,JSLBB,16,44,70,"1,950.00","136,500.00"
2020-02-20,2020022001023565,JSLBB,16,8,70,"1,950.00","136,500.00"
2020-02-20,2020022001023790,KBL,34,38,200,196.00,"39,200.00"
2020-02-20,2020022001023789,KBL,38,38,50,196.00,"9,800.00"
2020-02-20,2020022001023617,KBL,33,14,122,196.00,"23,912.00"
2020-02-20,2020022001023616,KBL,33,13,223,196.00,"43,708.00"
2020-02-20,2020022001023514,KBL,50,13,100,196.00,"19,600.00"
2020-02-20,2020022001023700,KPCL,55,16,30,106.00,"3,180.00"
2020-02-20,2020022001023699,KPCL,55,25,10,106.00,"1,060.00"
2020-02-20,2020022001023698,KPCL,55,32,10,106.00,"1,060.00"
2020-02-20,2020022001023632,KPCL,55,34,120,105.00,"12,600.00"
2020-02-20,2020022001023739,KSBBL,43,51,50,172.00,"8,600.00"
2020-02-20,2020022001023847,LBBL,48,49,122,197.00,"24,034.00"
2020-02-20,2020022001023846,LBBL,48,19,78,197.00,"15,366.00"
2020-02-20,2020022001023889,LBL,35,48,100,230.00,"23,000.00"
2020-02-20,2020022001023765,LBL,35,10,100,230.00,"23,000.00"
2020-02-20,2020022001023544,LBL,32,41,10,231.00,"2,310.00"
2020-02-20,2020022001023523,LGIL,59,58,54,568.00,"30,672.00"
2020-02-20,2020022001023522,LGIL,59,45,20,567.00,"11,340.00"
2020-02-20,2020022001023521,LGIL,59,17,300,565.00,"169,500.00"
2020-02-20,2020022001023520,LGIL,59,34,100,565.00,"56,500.00"
2020-02-20,2020022001023519,LGIL,59,38,100,565.00,"56,500.00"
2020-02-20,2020022001023518,LGIL,59,28,500,565.00,"282,500.00"
2020-02-20,2020022001023517,LGIL,59,10,200,565.00,"113,000.00"
2020-02-20,2020022001023516,LGIL,59,32,226,564.00,"127,464.00"
2020-02-20,2020022001023799,LICN,39,46,10,"1,505.00","15,050.00"
2020-02-20,2020022001023798,LICN,39,6,27,"1,503.00","40,581.00"
2020-02-20,2020022001023673,LICN,39,14,400,"1,502.00","600,800.00"
2020-02-20,2020022001023509,MBL,50,57,100,240.00,"24,000.00"
2020-02-20,2020022001023505,MDB,50,10,500,367.00,"183,500.00"
2020-02-20,2020022001023463,MEGA,6,38,166,212.00,"35,192.00"
2020-02-20,2020022001023462,MEGA,6,56,100,212.00,"21,200.00"
2020-02-20,2020022001023461,MEGA,6,52,34,212.00,"7,208.00"
2020-02-20,2020022001023895,MNBBL,42,42,500,331.00,"165,500.00"
2020-02-20,2020022001023837,MNBBL,58,42,150,331.00,"49,650.00"
2020-02-20,2020022001023885,MSMBS,11,43,20,920.00,"18,400.00"
2020-02-20,2020022001023833,MSMBS,32,43,50,920.00,"46,000.00"
2020-02-20,2020022001023898,NABIL,42,14,200,755.00,"151,000.00"
2020-02-20,2020022001023828,NABIL,42,36,73,755.00,"55,115.00"
2020-02-20,2020022001023827,NABIL,42,11,100,755.00,"75,500.00"
2020-02-20,2020022001023826,NABIL,42,40,106,755.00,"80,030.00"
2020-02-20,2020022001023759,NABIL,14,40,100,755.00,"75,500.00"
2020-02-20,2020022001023593,NADEP,17,28,180,827.00,"148,860.00"
2020-02-20,2020022001023592,NADEP,17,28,20,827.00,"16,540.00"
2020-02-20,2020022001023571,NADEP,21,52,15,828.00,"12,420.00"
2020-02-20,2020022001023886,NBL,33,47,10,273.00,"2,730.00"
2020-02-20,2020022001023810,NBL,34,47,"2,000",271.00,"542,000.00"
2020-02-20,2020022001023809,NBL,34,10,200,271.00,"54,200.00"
2020-02-20,2020022001023707,NBL,34,47,"1,600",271.00,"433,600.00"
2020-02-20,2020022001023706,NBL,57,47,400,272.00,"108,800.00"
2020-02-20,2020022001023450,NBL,57,47,300,272.00,"81,600.00"
2020-02-20,2020022001023449,NBL,29,46,50,273.00,"13,650.00"
2020-02-20,2020022001023888,NCCB,8,59,20,197.00,"3,940.00"
2020-02-20,2020022001023862,NCCB,58,59,10,197.00,"1,970.00"
2020-02-20,2020022001023850,NCCB,14,59,32,197.00,"6,304.00"
2020-02-20,2020022001023849,NCCB,14,36,748,197.00,"147,356.00"
2020-02-20,2020022001023848,NCCB,14,38,220,197.00,"43,340.00"
2020-02-20,2020022001023795,NCCB,35,34,105,196.00,"20,580.00"
2020-02-20,2020022001023896,NGPL,33,10,10,138.00,"1,380.00"
2020-02-20,2020022001023806,NGPL,49,55,880,137.00,"120,560.00"
2020-02-20,2020022001023666,NHPC,58,36,300,64.00,"19,200.00"
2020-02-20,2020022001023665,NHPC,58,37,"1,000",64.00,"64,000.00"
2020-02-20,2020022001023664,NHPC,58,50,690,64.00,"44,160.00"
2020-02-20,2020022001023663,NHPC,58,57,200,64.00,"12,800.00"
2020-02-20,2020022001023662,NHPC,58,35,"1,000",64.00,"64,000.00"
2020-02-20,2020022001023661,NHPC,58,42,"2,000",64.00,"128,000.00"
2020-02-20,2020022001023648,NHPC,58,58,"3,000",63.00,"189,000.00"
2020-02-20,2020022001023647,NHPC,58,28,"1,800",63.00,"113,400.00"
2020-02-20,2020022001023654,NHPC,58,56,500,63.00,"31,500.00"
2020-02-20,2020022001023653,NHPC,58,38,200,63.00,"12,600.00"
2020-02-20,2020022001023652,NHPC,58,6,10,63.00,630.00
2020-02-20,2020022001023651,NHPC,58,28,300,63.00,"18,900.00"
2020-02-20,2020022001023650,NHPC,58,16,500,63.00,"31,500.00"
2020-02-20,2020022001023649,NHPC,58,29,"1,000",63.00,"63,000.00"
2020-02-20,2020022001023660,NHPC,58,48,300,64.00,"19,200.00"
2020-02-20,2020022001023659,NHPC,58,58,"5,000",64.00,"320,000.00"
2020-02-20,2020022001023658,NHPC,58,38,"1,000",64.00,"64,000.00"
2020-02-20,2020022001023657,NHPC,58,33,"1,000",64.00,"64,000.00"
2020-02-20,2020022001023656,NHPC,58,42,"2,000",64.00,"128,000.00"
2020-02-20,2020022001023655,NHPC,58,57,500,63.00,"31,500.00"
2020-02-20,2020022001023734,NIB,34,33,384,396.00,"152,064.00"
2020-02-20,2020022001023733,NIB,34,33,616,396.00,"243,936.00"
2020-02-20,2020022001023803,NIBPO,39,43,200,354.00,"70,800.00"
2020-02-20,2020022001023813,NICA,5,38,100,554.00,"55,400.00"
2020-02-20,2020022001023805,NICA,33,38,500,554.00,"277,000.00"
2020-02-20,2020022001023743,NICA,14,38,113,554.00,"62,602.00"
2020-02-20,2020022001023742,NICA,14,47,548,554.00,"303,592.00"
2020-02-20,2020022001023555,NICGF,56,7,"2,000",9.68,"19,360.00"
2020-02-20,2020022001023762,NICL,17,28,65,504.00,"32,760.00"
2020-02-20,2020022001023761,NICL,17,28,50,504.00,"25,200.00"
2020-02-20,2020022001023760,NICL,34,28,100,504.00,"50,400.00"
2020-02-20,2020022001023535,NICL,26,57,300,506.00,"151,800.00"
2020-02-20,2020022001023746,NIL,38,43,100,657.00,"65,700.00"
2020-02-20,2020022001023623,NIL,16,43,200,657.00,"131,400.00"
2020-02-20,2020022001023622,NIL,4,43,"2,891",657.00,"1,899,387.00"
2020-02-20,2020022001023607,NIL,4,13,300,657.00,"197,100.00"
2020-02-20,2020022001023511,NIL,4,43,100,657.00,"65,700.00"
2020-02-20,2020022001023459,NIL,35,57,76,658.00,"50,008.00"
2020-02-20,2020022001023458,NIL,35,35,24,658.00,"15,792.00"
2020-02-20,2020022001023457,NIL,35,13,100,658.00,"65,800.00"
2020-02-20,2020022001023825,NLBBL,58,6,100,952.00,"95,200.00"
2020-02-20,2020022001023775,NLBBL,6,1,100,948.00,"94,800.00"
2020-02-20,2020022001023455,NLBBL,1,29,100,950.00,"95,000.00"
2020-02-20,2020022001023618,NLIC,1,49,250,"1,240.00","310,000.00"
2020-02-20,2020022001023603,NLIC,1,34,50,"1,240.00","62,000.00"
2020-02-20,2020022001023596,NLIC,28,1,22,"1,238.00","27,236.00"
2020-02-20,2020022001023510,NLIC,16,34,50,"1,240.00","62,000.00"
2020-02-20,2020022001023452,NLIC,3,14,100,"1,239.00","123,900.00"
2020-02-20,2020022001023841,NLICL,14,53,106,723.00,"76,638.00"
2020-02-20,2020022001023840,NLICL,54,53,100,723.00,"72,300.00"
2020-02-20,2020022001023667,NLICL,35,53,100,724.00,"72,400.00"
2020-02-20,2020022001023645,NLICL,34,53,194,724.00,"140,456.00"
2020-02-20,2020022001023891,NMB,21,58,500,413.00,"206,500.00"
2020-02-20,2020022001023731,NMB,47,58,50,413.00,"20,650.00"
2020-02-20,2020022001023730,NMB,47,16,50,413.00,"20,650.00"
2020-02-20,2020022001023433,NMB,10,35,500,412.00,"206,000.00"
2020-02-20,2020022001023432,NMB,10,41,246,412.00,"101,352.00"
2020-02-20,2020022001023431,NMB,10,6,100,412.00,"41,200.00"
2020-02-20,2020022001023430,NMB,10,40,472,412.00,"194,464.00"
2020-02-20,2020022001023429,NMB,10,57,137,412.00,"56,444.00"
2020-02-20,2020022001023532,NMBMF,13,11,100,"1,058.00","105,800.00"
2020-02-20,2020022001023737,NSEWA,48,51,50,877.00,"43,850.00"
2020-02-20,2020022001023597,NSEWA,43,51,30,877.00,"26,310.00"
2020-02-20,2020022001023858,NTC,1,7,73,629.00,"45,917.00"
2020-02-20,2020022001023788,NTC,47,58,50,628.00,"31,400.00"
2020-02-20,2020022001023864,NUBL,59,51,10,"1,159.00","11,590.00"
2020-02-20,2020022001023567,OHL,25,16,285,504.00,"143,640.00"
2020-02-20,2020022001023753,PCBL,13,8,200,288.00,"57,600.00"
2020-02-20,2020022001023741,PCBL,52,8,500,288.00,"144,000.00"
2020-02-20,2020022001023625,PCBL,52,8,"1,000",288.00,"288,000.00"
2020-02-20,2020022001023446,PCBL,19,8,200,288.00,"57,600.00"
2020-02-20,2020022001023881,PFL,13,57,11,161.00,"1,771.00"
2020-02-20,2020022001023880,PFL,13,35,165,160.00,"26,400.00"
2020-02-20,2020022001023879,PFL,13,29,13,160.00,"2,080.00"
2020-02-20,2020022001023878,PFL,13,16,26,160.00,"4,160.00"
2020-02-20,2020022001023877,PFL,13,13,85,160.00,"13,600.00"
2020-02-20,2020022001023863,PIC,58,32,184,700.00,"128,800.00"
2020-02-20,2020022001023781,PIC,19,34,20,698.00,"13,960.00"
2020-02-20,2020022001023892,PICL,34,36,20,561.00,"11,220.00"
2020-02-20,2020022001023845,PICL,34,51,90,556.00,"50,040.00"
2020-02-20,2020022001023844,PICL,34,54,100,556.00,"55,600.00"
2020-02-20,2020022001023843,PICL,34,26,100,556.00,"55,600.00"
2020-02-20,2020022001023466,PICL,56,57,169,549.00,"92,781.00"
2020-02-20,2020022001023748,PLIC,14,50,430,638.00,"274,340.00"
2020-02-20,2020022001023444,PLIC,14,34,10,638.00,"6,380.00"
2020-02-20,2020022001023443,PLIC,14,34,500,638.00,"319,000.00"
2020-02-20,2020022001023442,PLIC,57,34,90,638.00,"57,420.00"
2020-02-20,2020022001023440,PPCL,32,59,30,127.00,"3,810.00"
2020-02-20,2020022001023439,PPCL,32,41,20,127.00,"2,540.00"
2020-02-20,2020022001023438,PPCL,32,52,30,127.00,"3,810.00"
2020-02-20,2020022001023866,PRIN,28,36,200,529.00,"105,800.00"
2020-02-20,2020022001023836,PRIN,58,36,"1,000",530.00,"530,000.00"
2020-02-20,2020022001023689,PRIN,35,35,200,531.00,"106,200.00"
2020-02-20,2020022001023842,PRVU,47,58,990,250.00,"247,500.00"
2020-02-20,2020022001023787,RADHI,50,39,60,174.00,"10,440.00"
2020-02-20,2020022001023786,RADHI,42,39,431,175.00,"75,425.00"
2020-02-20,2020022001023752,RBCL,58,13,14,"11,435.00","160,090.00"
2020-02-20,2020022001023751,RBCL,58,50,10,"11,400.00","114,000.00"
2020-02-20,2020022001023750,RBCL,58,19,10,"11,400.00","114,000.00"
2020-02-20,2020022001023749,RBCL,58,14,16,"11,200.00","179,200.00"
2020-02-20,2020022001023704,RBCL,16,14,19,"11,200.00","212,800.00"
2020-02-20,2020022001023703,RBCL,38,14,15,"11,210.00","168,150.00"
2020-02-20,2020022001023604,RBCL,58,13,10,"11,280.00","112,800.00"
2020-02-20,2020022001023539,RBCL,58,3,40,"11,270.00","450,800.00"
2020-02-20,2020022001023538,RBCL,58,42,10,"11,270.00","112,700.00"
2020-02-20,2020022001023537,RBCL,58,55,10,"11,260.00","112,600.00"
2020-02-20,2020022001023536,RBCL,58,43,35,"11,210.00","392,350.00"
2020-02-20,2020022001023702,RBCL,58,14,20,"11,370.00","227,400.00"
2020-02-20,2020022001023695,RBCL,58,49,15,"11,400.00","171,000.00"
2020-02-20,2020022001023694,RBCL,58,40,10,"11,374.00","113,740.00"
2020-02-20,2020022001023693,RBCL,58,46,20,"11,374.00","227,480.00"
2020-02-20,2020022001023606,RBCL,58,21,10,"11,370.00","113,700.00"
2020-02-20,2020022001023605,RBCL,58,58,10,"11,300.00","113,000.00"
2020-02-20,2020022001023562,RBCLPO,56,58,40,"9,549.00","381,960.00"
2020-02-20,2020022001023561,RBCLPO,56,57,10,"9,548.00","95,480.00"
2020-02-20,2020022001023560,RBCLPO,56,17,30,"9,547.00","286,410.00"
2020-02-20,2020022001023559,RBCLPO,56,57,10,"9,546.00","95,460.00"
2020-02-20,2020022001023558,RBCLPO,56,57,10,"9,545.00","95,450.00"
2020-02-20,2020022001023782,RHPL,59,20,40,167.00,"6,680.00"
2020-02-20,2020022001023754,RHPL,59,21,30,167.00,"5,010.00"
2020-02-20,2020022001023668,RHPL,59,42,100,167.00,"16,700.00"
2020-02-20,2020022001023602,RHPL,59,20,40,167.00,"6,680.00"
2020-02-20,2020022001023454,RHPL,59,20,40,167.00,"6,680.00"
2020-02-20,2020022001023868,RMDC,5,58,34,836.00,"28,424.00"
2020-02-20,2020022001023780,RMDC,42,58,50,838.00,"41,900.00"
2020-02-20,2020022001023456,RMDC,43,58,135,838.00,"113,130.00"
2020-02-20,2020022001023861,SANIMA,54,50,100,355.00,"35,500.00"
2020-02-20,2020022001023531,SANIMA,54,17,136,355.00,"48,280.00"
2020-02-20,2020022001023530,SANIMA,8,17,500,355.00,"177,500.00"
2020-02-20,2020022001023529,SANIMA,41,17,100,355.00,"35,500.00"
2020-02-20,2020022001023528,SANIMA,32,17,500,355.00,"177,500.00"
2020-02-20,2020022001023527,SANIMA,47,17,100,355.00,"35,500.00"
2020-02-20,2020022001023526,SANIMA,29,17,64,355.00,"22,720.00"
2020-02-20,2020022001023497,SANIMA,29,17,400,355.00,"142,000.00"
2020-02-20,2020022001023496,SANIMA,58,17,500,355.00,"177,500.00"
2020-02-20,2020022001023495,SANIMA,48,17,500,355.00,"177,500.00"
2020-02-20,2020022001023688,SBI,56,58,130,429.00,"55,770.00"
2020-02-20,2020022001023727,SBL,25,6,850,323.00,"274,550.00"
2020-02-20,2020022001023513,SCB,14,35,227,658.00,"149,366.00"
2020-02-20,2020022001023691,SDESI,25,55,20,"1,008.00","20,160.00"
2020-02-20,2020022001023690,SDESI,25,6,80,"1,006.00","80,480.00"
2020-02-20,2020022001023448,SDESI,33,6,20,"1,006.00","20,120.00"
2020-02-20,2020022001023447,SDESI,33,6,180,"1,006.00","181,080.00"
2020-02-20,2020022001023594,SFCL,33,39,440,104.00,"45,760.00"
2020-02-20,2020022001023494,SHINE,29,38,100,302.00,"30,200.00"
2020-02-20,2020022001023493,SHINE,29,1,500,302.00,"151,000.00"
2020-02-20,2020022001023468,SHINE,29,52,57,300.00,"17,100.00"
2020-02-20,2020022001023467,SHINE,29,45,112,300.00,"33,600.00"
2020-02-20,2020022001023474,SHINE,29,45,100,300.00,"30,000.00"
2020-02-20,2020022001023473,SHINE,29,34,"1,000",300.00,"300,000.00"
2020-02-20,2020022001023472,SHINE,29,39,20,300.00,"6,000.00"
2020-02-20,2020022001023471,SHINE,29,33,105,300.00,"31,500.00"
2020-02-20,2020022001023470,SHINE,29,52,105,300.00,"31,500.00"
2020-02-20,2020022001023469,SHINE,29,52,105,300.00,"31,500.00"
2020-02-20,2020022001023480,SHINE,29,1,500,300.00,"150,000.00"
2020-02-20,2020022001023479,SHINE,29,35,210,300.00,"63,000.00"
2020-02-20,2020022001023478,SHINE,29,39,106,300.00,"31,800.00"
2020-02-20,2020022001023477,SHINE,29,38,100,300.00,"30,000.00"
2020-02-20,2020022001023476,SHINE,29,55,500,300.00,"150,000.00"
2020-02-20,2020022001023475,SHINE,29,52,400,300.00,"120,000.00"
2020-02-20,2020022001023486,SHINE,29,41,500,301.00,"150,500.00"
2020-02-20,2020022001023485,SHINE,29,51,554,301.00,"166,754.00"
2020-02-20,2020022001023484,SHINE,29,1,100,301.00,"30,100.00"
2020-02-20,2020022001023483,SHINE,29,59,180,301.00,"54,180.00"
2020-02-20,2020022001023482,SHINE,29,34,"1,000",301.00,"301,000.00"
2020-02-20,2020022001023481,SHINE,29,25,671,301.00,"201,971.00"
2020-02-20,2020022001023492,SHINE,29,32,94,302.00,"28,388.00"
2020-02-20,2020022001023491,SHINE,29,8,"2,000",302.00,"604,000.00"
2020-02-20,2020022001023490,SHINE,29,52,500,302.00,"151,000.00"
2020-02-20,2020022001023489,SHINE,29,58,"1,500",302.00,"453,000.00"
2020-02-20,2020022001023488,SHINE,29,39,"1,306",302.00,"394,412.00"
2020-02-20,2020022001023487,SHINE,29,34,"1,000",301.00,"301,000.00"
2020-02-20,2020022001023900,SHIVM,56,34,10,667.00,"6,670.00"
2020-02-20,2020022001023893,SHIVM,40,34,10,667.00,"6,670.00"
2020-02-20,2020022001023876,SHIVM,45,39,106,661.00,"70,066.00"
2020-02-20,2020022001023875,SHIVM,36,39,74,661.00,"48,914.00"
2020-02-20,2020022001023874,SHIVM,54,39,200,662.00,"132,400.00"
2020-02-20,2020022001023873,SHIVM,19,39,120,662.00,"79,440.00"
2020-02-20,2020022001023441,SHIVM,40,5,80,663.00,"53,040.00"
2020-02-20,2020022001023764,SHIVM,56,7,300,665.00,"199,500.00"
2020-02-20,2020022001023763,SHIVM,56,34,200,664.00,"132,800.00"
2020-02-20,2020022001023696,SHIVM,29,34,300,664.00,"199,200.00"
2020-02-20,2020022001023641,SHIVM,40,11,30,663.00,"19,890.00"
2020-02-20,2020022001023640,SHIVM,34,11,20,664.00,"13,280.00"
2020-02-20,2020022001023545,SHIVM,40,7,10,665.00,"6,650.00"
2020-02-20,2020022001023802,SHIVM,29,39,100,663.00,"66,300.00"
2020-02-20,2020022001023801,SHIVM,5,39,100,663.00,"66,300.00"
2020-02-20,2020022001023800,SHIVM,35,39,800,663.00,"530,400.00"
2020-02-20,2020022001023794,SHIVM,58,35,320,666.00,"213,120.00"
2020-02-20,2020022001023793,SHIVM,58,7,"1,180",665.00,"784,700.00"
2020-02-20,2020022001023791,SHIVM,40,14,96,663.00,"63,648.00"
2020-02-20,2020022001023872,SHIVM,1,39,200,663.00,"132,600.00"
2020-02-20,2020022001023871,SHIVM,29,39,400,663.00,"265,200.00"
2020-02-20,2020022001023870,SHIVM,42,39,400,665.00,"266,000.00"
2020-02-20,2020022001023869,SHIVM,58,39,500,666.00,"333,000.00"
2020-02-20,2020022001023859,SHIVM,58,35,395,666.00,"263,070.00"
2020-02-20,2020022001023857,SHIVM,28,35,500,666.00,"333,000.00"
2020-02-20,2020022001023672,SHL,14,34,350,195.00,"68,250.00"
2020-02-20,2020022001023671,SHL,56,34,300,195.00,"58,500.00"
2020-02-20,2020022001023670,SHL,34,34,500,195.00,"97,500.00"
2020-02-20,2020022001023669,SHL,13,34,350,196.00,"68,600.00"
2020-02-20,2020022001023600,SHL,50,39,100,198.00,"19,800.00"
2020-02-20,2020022001023856,SHPC,11,1,"1,000",235.00,"235,000.00"
2020-02-20,2020022001023677,SHPC,57,1,20,235.00,"4,700.00"
2020-02-20,2020022001023543,SHPC,6,37,"1,000",234.00,"234,000.00"
2020-02-20,2020022001023541,SHPC,28,25,"1,400",232.00,"324,800.00"
2020-02-20,2020022001023540,SHPC,51,25,100,232.00,"23,200.00"
2020-02-20,2020022001023460,SHPC,6,1,"1,000",235.00,"235,000.00"
2020-02-20,2020022001023626,SIC,56,18,10,825.00,"8,250.00"
2020-02-20,2020022001023551,SIC,34,20,14,819.00,"11,466.00"
2020-02-20,2020022001023550,SIC,49,20,56,820.00,"45,920.00"
2020-02-20,2020022001023591,SICL,44,54,37,"1,300.00","48,100.00"
2020-02-20,2020022001023590,SICL,44,19,50,"1,300.00","65,000.00"
2020-02-20,2020022001023589,SICL,44,58,40,"1,300.00","52,000.00"
2020-02-20,2020022001023588,SICL,44,49,50,"1,300.00","65,000.00"
2020-02-20,2020022001023587,SICL,44,53,200,"1,300.00","260,000.00"
2020-02-20,2020022001023586,SICL,44,45,320,"1,300.00","416,000.00"
2020-02-20,2020022001023573,SICL,44,58,900,"1,295.00","1,165,500.00"
2020-02-20,2020022001023533,SICL,16,58,300,"1,295.00","388,500.00"
2020-02-20,2020022001023515,SICL,38,11,206,"1,294.00","266,564.00"
2020-02-20,2020022001023453,SICL,38,43,100,"1,294.00","129,400.00"
2020-02-20,2020022001023579,SICL,44,58,200,"1,299.00","259,800.00"
2020-02-20,2020022001023578,SICL,44,19,79,"1,299.00","102,621.00"
2020-02-20,2020022001023577,SICL,44,48,54,"1,299.00","70,146.00"
2020-02-20,2020022001023576,SICL,44,14,200,"1,299.00","259,800.00"
2020-02-20,2020022001023575,SICL,44,34,100,"1,298.00","129,800.00"
2020-02-20,2020022001023574,SICL,44,14,50,"1,298.00","64,900.00"
2020-02-20,2020022001023585,SICL,44,35,300,"1,300.00","390,000.00"
2020-02-20,2020022001023584,SICL,44,5,100,"1,300.00","130,000.00"
2020-02-20,2020022001023583,SICL,44,45,50,"1,300.00","65,000.00"
2020-02-20,2020022001023582,SICL,44,32,50,"1,300.00","65,000.00"
2020-02-20,2020022001023581,SICL,44,5,20,"1,300.00","26,000.00"
2020-02-20,2020022001023580,SICL,44,47,200,"1,300.00","260,000.00"
2020-02-20,2020022001023884,SJCL,3,14,110,158.00,"17,380.00"
2020-02-20,2020022001023860,SJCL,3,59,"1,000",158.00,"158,000.00"
2020-02-20,2020022001023832,SJCL,3,35,890,158.00,"140,620.00"
2020-02-20,2020022001023831,SJCL,3,35,"1,000",158.00,"158,000.00"
2020-02-20,2020022001023812,SJCL,59,20,20,158.00,"3,160.00"
2020-02-20,2020022001023804,SJCL,59,21,10,158.00,"1,580.00"
2020-02-20,2020022001023676,SJCL,59,20,20,158.00,"3,160.00"
2020-02-20,2020022001023512,SJCL,59,20,20,158.00,"3,160.00"
2020-02-20,2020022001023595,SKBBL,42,35,100,"1,369.00","136,900.00"
2020-02-20,2020022001023451,SKBBL,42,35,100,"1,369.00","136,900.00"
2020-02-20,2020022001023608,SLBBL,33,39,60,"1,038.00","62,280.00"
2020-02-20,2020022001023612,SLBBL,33,26,108,"1,039.00","112,212.00"
2020-02-20,2020022001023611,SLBBL,33,57,212,"1,039.00","220,268.00"
2020-02-20,2020022001023610,SLBBL,33,8,100,"1,038.00","103,800.00"
2020-02-20,2020022001023609,SLBBL,33,19,20,"1,038.00","20,760.00"
2020-02-20,2020022001023887,SLICL,34,40,50,525.00,"26,250.00"
2020-02-20,2020022001023824,SLICL,38,40,378,525.00,"198,450.00"
2020-02-20,2020022001023823,SLICL,38,26,200,525.00,"105,000.00"
2020-02-20,2020022001023822,SLICL,38,3,50,525.00,"26,250.00"
2020-02-20,2020022001023821,SLICL,38,53,100,525.00,"52,500.00"
2020-02-20,2020022001023820,SLICL,38,28,500,525.00,"262,500.00"
2020-02-20,2020022001023402,SLICL,4,42,500,516.00,"258,000.00"
2020-02-20,2020022001023401,SLICL,4,1,80,516.00,"41,280.00"
2020-02-20,2020022001023408,SLICL,4,17,300,517.00,"155,100.00"
2020-02-20,2020022001023407,SLICL,4,58,250,517.00,"129,250.00"
2020-02-20,2020022001023406,SLICL,4,39,100,517.00,"51,700.00"
2020-02-20,2020022001023405,SLICL,4,59,645,517.00,"333,465.00"
2020-02-20,2020022001023404,SLICL,4,13,30,517.00,"15,510.00"
2020-02-20,2020022001023403,SLICL,4,50,553,517.00,"285,901.00"
2020-02-20,2020022001023414,SLICL,4,35,100,518.00,"51,800.00"
2020-02-20,2020022001023413,SLICL,4,17,91,518.00,"47,138.00"
2020-02-20,2020022001023412,SLICL,4,38,500,518.00,"259,000.00"
2020-02-20,2020022001023411,SLICL,4,43,"1,000",518.00,"518,000.00"
2020-02-20,2020022001023410,SLICL,4,34,20,518.00,"10,360.00"
2020-02-20,2020022001023409,SLICL,4,46,15,518.00,"7,770.00"
2020-02-20,2020022001023420,SLICL,4,38,100,519.00,"51,900.00"
2020-02-20,2020022001023419,SLICL,4,56,300,519.00,"155,700.00"
2020-02-20,2020022001023418,SLICL,4,16,300,518.00,"155,400.00"
2020-02-20,2020022001023417,SLICL,4,18,100,518.00,"51,800.00"
2020-02-20,2020022001023416,SLICL,4,45,500,518.00,"259,000.00"
2020-02-20,2020022001023415,SLICL,4,6,150,518.00,"77,700.00"
2020-02-20,2020022001023426,SLICL,4,43,199,520.00,"103,480.00"
2020-02-20,2020022001023425,SLICL,4,38,100,520.00,"52,000.00"
2020-02-20,2020022001023424,SLICL,4,45,200,519.00,"103,800.00"
2020-02-20,2020022001023423,SLICL,4,21,100,519.00,"51,900.00"
2020-02-20,2020022001023422,SLICL,4,20,"1,521",519.00,"789,399.00"
2020-02-20,2020022001023421,SLICL,4,38,50,519.00,"25,950.00"
2020-02-20,2020022001023678,SLICL,4,41,191,520.00,"99,320.00"
2020-02-20,2020022001023644,SLICL,28,16,126,520.00,"65,520.00"
2020-02-20,2020022001023643,SLICL,28,29,174,520.00,"90,480.00"
2020-02-20,2020022001023642,SLICL,28,17,200,519.00,"103,800.00"
2020-02-20,2020022001023428,SLICL,4,29,26,520.00,"13,520.00"
2020-02-20,2020022001023427,SLICL,4,50,300,520.00,"156,000.00"
2020-02-20,2020022001023745,SLICL,25,38,100,523.00,"52,300.00"
2020-02-20,2020022001023683,SLICL,4,41,100,523.00,"52,300.00"
2020-02-20,2020022001023682,SLICL,4,21,500,523.00,"261,500.00"
2020-02-20,2020022001023681,SLICL,4,32,26,522.00,"13,572.00"
2020-02-20,2020022001023680,SLICL,4,58,300,520.00,"156,000.00"
2020-02-20,2020022001023679,SLICL,4,16,374,520.00,"194,480.00"
2020-02-20,2020022001023774,SLICL,4,46,141,525.00,"74,025.00"
2020-02-20,2020022001023773,SLICL,4,35,20,524.00,"10,480.00"
2020-02-20,2020022001023772,SLICL,4,53,100,524.00,"52,400.00"
2020-02-20,2020022001023771,SLICL,4,21,189,524.00,"99,036.00"
2020-02-20,2020022001023770,SLICL,4,3,50,523.00,"26,150.00"
2020-02-20,2020022001023819,SLICL,38,21,280,525.00,"147,000.00"
2020-02-20,2020022001023818,SLICL,38,4,50,525.00,"26,250.00"
2020-02-20,2020022001023817,SLICL,38,53,33,525.00,"17,325.00"
2020-02-20,2020022001023816,SLICL,38,25,250,525.00,"131,250.00"
2020-02-20,2020022001023815,SLICL,38,46,59,525.00,"30,975.00"
2020-02-20,2020022001023814,SLICL,38,36,100,523.00,"52,300.00"
2020-02-20,2020022001023726,SMATA,58,41,10,925.00,"9,250.00"
2020-02-20,2020022001023725,SMATA,58,17,40,925.00,"37,000.00"
2020-02-20,2020022001023542,SMATA,34,17,20,925.00,"18,500.00"
2020-02-20,2020022001023784,SMB,19,43,10,"1,090.00","10,900.00"
2020-02-20,2020022001023613,SMB,16,43,90,"1,100.00","99,000.00"
2020-02-20,2020022001023646,SPARS,38,34,50,"1,035.00","51,750.00"
2020-02-20,2020022001023740,SRBL,19,50,100,257.00,"25,700.00"
2020-02-20,2020022001023630,SRBL,19,6,221,257.00,"56,797.00"
2020-02-20,2020022001023629,SRBL,35,6,100,257.00,"25,700.00"
2020-02-20,2020022001023628,SRBL,19,6,679,257.00,"174,503.00"
2020-02-20,2020022001023705,SWBBL,37,43,250,"1,409.00","352,250.00"
2020-02-20,2020022001023599,SWBBL,1,43,30,"1,409.00","42,270.00"
2020-02-20,2020022001023503,UMHL,1,52,72,116.00,"8,352.00"
2020-02-20,2020022001023899,UPCL,42,34,50,79.00,"3,950.00"
2020-02-20,2020022001023894,UPPER,6,21,50,238.00,"11,900.00"
2020-02-20,2020022001023785,UPPER,41,40,200,240.00,"48,000.00"
2020-02-20,2020022001023500,UPPER,25,40,50,240.00,"12,000.00"
2020-02-20,2020022001023697,UPPER,13,40,100,240.00,"24,000.00"
2020-02-20,2020022001023103,ADBL,34,10,210,398.00,"83,580.00"
2020-02-20,2020022001023369,AKPL,19,42,213,136.00,"28,968.00"
2020-02-20,2020022001023368,AKPL,57,42,100,136.00,"13,600.00"
2020-02-20,2020022001023367,AKPL,38,42,687,136.00,"93,432.00"
2020-02-20,2020022001023257,ALBSL,54,21,11,886.00,"9,746.00"
2020-02-20,2020022001023200,ALBSL,1,34,70,890.00,"62,300.00"
2020-02-20,2020022001023199,ALBSL,58,34,50,892.00,"44,600.00"
2020-02-20,2020022001023198,ALBSL,49,34,50,892.00,"44,600.00"
2020-02-20,2020022001023145,ALICL,58,7,173,648.00,"112,104.00"
2020-02-20,2020022001023144,ALICL,39,7,327,648.00,"211,896.00"
2020-02-20,2020022001023309,API,25,26,53,136.00,"7,208.00"
2020-02-20,2020022001023265,API,21,17,500,135.00,"67,500.00"
2020-02-20,2020022001023066,API,8,38,605,135.00,"81,675.00"
2020-02-20,2020022001022967,API,8,26,395,135.00,"53,325.00"
2020-02-20,2020022001022966,API,48,26,100,135.00,"13,500.00"
2020-02-20,2020022001022965,API,1,26,500,135.00,"67,500.00"
2020-02-20,2020022001022964,API,39,26,60,135.00,"8,100.00"
2020-02-20,2020022001022903,BBC,40,26,10,"1,897.00","18,970.00"
2020-02-20,2020022001023366,BOKL,33,33,"1,000",238.00,"238,000.00"
2020-02-20,2020022001022990,BOKL,13,41,468,237.00,"110,916.00"
2020-02-20,2020022001023218,BPCL,42,49,100,396.00,"39,600.00"
2020-02-20,2020022001023217,BPCL,42,47,20,394.00,"7,880.00"
2020-02-20,2020022001023190,BPCL,42,8,200,390.00,"78,000.00"
2020-02-20,2020022001023189,BPCL,42,14,100,389.00,"38,900.00"
2020-02-20,2020022001023188,BPCL,42,29,20,388.00,"7,760.00"
2020-02-20,2020022001023155,BPCL,55,52,100,386.00,"38,600.00"
2020-02-20,2020022001023059,BPCL,55,53,116,385.00,"44,660.00"
2020-02-20,2020022001023313,CBBL,6,14,200,"1,254.00","250,800.00"
2020-02-20,2020022001023168,CBBL,13,14,55,"1,254.00","68,970.00"
2020-02-20,2020022001023167,CBBL,6,14,54,"1,254.00","67,716.00"
2020-02-20,2020022001023027,CBBL,35,42,90,"1,255.00","112,950.00"
2020-02-20,2020022001023026,CBBL,35,47,390,"1,255.00","489,450.00"
2020-02-20,2020022001023018,CBBL,6,51,16,"1,254.00","20,064.00"
2020-02-20,2020022001023291,CBL,39,14,"3,000",152.00,"456,000.00"
2020-02-20,2020022001023116,CBL,39,16,990,152.00,"150,480.00"
2020-02-20,2020022001023095,CBL,43,16,10,152.00,"1,520.00"
2020-02-20,2020022001023266,CIT,52,59,200,"2,900.00","580,000.00"
2020-02-20,2020022001023058,CIT,52,55,100,"2,900.00","290,000.00"
2020-02-20,2020022001023014,CIT,37,16,87,"2,903.00","252,561.00"
2020-02-20,2020022001023013,CIT,37,16,13,"2,902.00","37,726.00"
2020-02-20,2020022001023295,CLBSL,43,42,200,"1,270.00","254,000.00"
2020-02-20,2020022001023360,DDBL,8,44,529,"1,000.00","529,000.00"
2020-02-20,2020022001023359,DDBL,8,42,93,"1,000.00","93,000.00"
2020-02-20,2020022001023358,DDBL,8,45,178,"1,000.00","178,000.00"
2020-02-20,2020022001023357,DDBL,8,19,200,999.00,"199,800.00"
2020-02-20,2020022001023305,DDBL,55,11,25,996.00,"24,900.00"
2020-02-20,2020022001023304,DDBL,37,11,25,996.00,"24,900.00"
2020-02-20,2020022001023034,DDBL,8,49,45,999.00,"44,955.00"
2020-02-20,2020022001022938,DDBL,43,49,155,999.00,"154,845.00"
2020-02-20,2020022001022937,DDBL,43,41,200,998.00,"199,600.00"
2020-02-20,2020022001022936,DDBL,43,51,45,998.00,"44,910.00"
2020-02-20,2020022001023246,DDBL,19,49,83,"1,000.00","83,000.00"
2020-02-20,2020022001023245,DDBL,19,35,30,"1,000.00","30,000.00"
2020-02-20,2020022001023244,DDBL,19,25,290,"1,000.00","290,000.00"
2020-02-20,2020022001023037,DDBL,8,44,500,999.00,"499,500.00"
2020-02-20,2020022001023036,DDBL,8,25,100,999.00,"99,900.00"
2020-02-20,2020022001023035,DDBL,8,38,200,999.00,"199,800.00"
2020-02-20,2020022001023303,DDBL,57,11,50,999.00,"49,950.00"
2020-02-20,2020022001023251,DDBL,19,45,47,"1,000.00","47,000.00"
2020-02-20,2020022001023250,DDBL,19,17,100,"1,000.00","100,000.00"
2020-02-20,2020022001023249,DDBL,19,5,100,"1,000.00","100,000.00"
2020-02-20,2020022001023248,DDBL,19,14,200,"1,000.00","200,000.00"
2020-02-20,2020022001023247,DDBL,19,55,150,"1,000.00","150,000.00"
2020-02-20,2020022001023386,EBL,28,54,50,680.00,"34,000.00"
2020-02-20,2020022001023336,EBL,28,54,50,680.00,"34,000.00"
2020-02-20,2020022001023241,EDBL,47,29,668,375.00,"250,500.00"
2020-02-20,2020022001023240,EDBL,47,39,300,375.00,"112,500.00"
2020-02-20,2020022001023343,EIC,39,34,100,472.00,"47,200.00"
2020-02-20,2020022001023259,EIC,51,50,532,470.00,"250,040.00"
2020-02-20,2020022001023258,EIC,38,50,190,471.00,"89,490.00"
2020-02-20,2020022001023243,EIC,38,21,10,471.00,"4,710.00"
2020-02-20,2020022001023242,EIC,28,21,10,471.00,"4,710.00"
2020-02-20,2020022001023187,EIC,28,10,300,471.00,"141,300.00"
2020-02-20,2020022001022934,EIC,56,46,500,474.00,"237,000.00"
2020-02-20,2020022001023153,EIC,42,34,10,472.00,"4,720.00"
2020-02-20,2020022001023085,EIC,41,34,500,472.00,"236,000.00"
2020-02-20,2020022001023064,EIC,42,34,10,472.00,"4,720.00"
2020-02-20,2020022001023008,EIC,20,34,100,472.00,"47,200.00"
2020-02-20,2020022001022991,EIC,38,34,200,472.00,"94,400.00"
2020-02-20,2020022001022935,EIC,56,43,135,474.00,"63,990.00"
2020-02-20,2020022001023183,EIC,28,34,101,471.00,"47,571.00"
2020-02-20,2020022001023166,EIC,28,21,589,471.00,"277,419.00"
2020-02-20,2020022001023165,EIC,21,21,40,471.00,"18,840.00"
2020-02-20,2020022001023164,EIC,42,21,10,471.00,"4,710.00"
2020-02-20,2020022001023163,EIC,38,21,300,471.00,"141,300.00"
2020-02-20,2020022001023162,EIC,46,21,11,471.00,"5,181.00"
2020-02-20,2020022001023289,GBBL,32,40,200,244.00,"48,800.00"
2020-02-20,2020022001022999,GBBL,4,35,172,243.00,"41,796.00"
2020-02-20,2020022001023391,GBIME,42,39,200,284.00,"56,800.00"
2020-02-20,2020022001023177,GBIME,50,16,75,283.00,"21,225.00"
2020-02-20,2020022001023159,GBIME,59,16,250,283.00,"70,750.00"
2020-02-20,2020022001023158,GBIME,14,16,200,283.00,"56,600.00"
2020-02-20,2020022001023157,GBIME,38,16,475,283.00,"134,425.00"
2020-02-20,2020022001023123,GBIME,38,16,525,283.00,"148,575.00"
2020-02-20,2020022001023029,GBIME,28,50,"1,700",283.00,"481,100.00"
2020-02-20,2020022001023028,GBIME,26,50,294,283.00,"83,202.00"
2020-02-20,2020022001023122,GBIME,1,16,175,283.00,"49,525.00"
2020-02-20,2020022001023121,GBIME,33,16,200,283.00,"56,600.00"
2020-02-20,2020022001023120,GBIME,59,16,100,283.00,"28,300.00"
2020-02-20,2020022001023119,GBIME,11,16,200,283.00,"56,600.00"
2020-02-20,2020022001023077,GBIME,6,39,200,284.00,"56,800.00"
2020-02-20,2020022001023070,GBIME,10,39,100,284.00,"28,400.00"
2020-02-20,2020022001023203,GBLBS,58,52,726,580.00,"421,080.00"
2020-02-20,2020022001023125,GBLBS,58,32,50,580.00,"29,000.00"
2020-02-20,2020022001023000,GBLBS,58,6,75,580.00,"43,500.00"
2020-02-20,2020022001022972,GBLBS,36,6,225,581.00,"130,725.00"
2020-02-20,2020022001022959,GBLBS,36,41,480,581.00,"278,880.00"
2020-02-20,2020022001022958,GBLBS,36,5,45,581.00,"26,145.00"
2020-02-20,2020022001022957,GBLBS,36,42,50,581.00,"29,050.00"
2020-02-20,2020022001022956,GBLBS,36,21,200,581.00,"116,200.00"
2020-02-20,2020022001022943,GBLBS,58,7,400,580.00,"232,000.00"
2020-02-20,2020022001022942,GBLBS,58,57,455,580.00,"263,900.00"
2020-02-20,2020022001023345,GGBSL,29,3,10,971.00,"9,710.00"
2020-02-20,2020022001023267,GHL,59,34,30,79.00,"2,370.00"
2020-02-20,2020022001023269,GLICL,38,38,20,832.00,"16,640.00"
2020-02-20,2020022001023268,GLICL,49,38,35,832.00,"29,120.00"
2020-02-20,2020022001022997,GLICL,6,26,250,834.00,"208,500.00"
2020-02-20,2020022001022996,GLICL,6,44,940,834.00,"783,960.00"
2020-02-20,2020022001022995,GLICL,6,7,100,833.00,"83,300.00"
2020-02-20,2020022001023342,GMFIL,52,14,93,135.00,"12,555.00"
2020-02-20,2020022001023102,HBL,29,11,400,575.00,"230,000.00"
2020-02-20,2020022001023020,HBL,40,11,10,575.00,"5,750.00"
2020-02-20,2020022001023019,HBL,56,11,257,575.00,"147,775.00"
2020-02-20,2020022001023326,HDL,42,28,107,"1,590.00","170,130.00"
2020-02-20,2020022001023325,HDL,10,28,200,"1,590.00","318,000.00"
2020-02-20,2020022001023219,HDL,42,14,50,"1,590.00","79,500.00"
2020-02-20,2020022001023101,HDL,42,34,126,"1,590.00","200,340.00"
2020-02-20,2020022001023100,HDL,28,34,10,"1,590.00","15,900.00"
2020-02-20,2020022001023099,HDL,10,34,14,"1,590.00","22,260.00"
2020-02-20,2020022001022946,HDL,59,36,100,"1,590.00","159,000.00"
2020-02-20,2020022001022945,HDL,25,36,24,"1,592.00","38,208.00"
2020-02-20,2020022001022944,HDL,58,36,15,"1,593.00","23,895.00"
2020-02-20,2020022001023098,HDL,14,34,50,"1,591.00","79,550.00"
2020-02-20,2020022001023086,HDL,32,6,100,"1,599.00","159,900.00"
2020-02-20,2020022001022950,HDL,10,36,11,"1,590.00","17,490.00"
2020-02-20,2020022001022949,HDL,42,36,100,"1,590.00","159,000.00"
2020-02-20,2020022001022948,HDL,26,36,50,"1,590.00","79,500.00"
2020-02-20,2020022001022947,HDL,59,36,100,"1,590.00","159,000.00"
2020-02-20,2020022001022905,HGI,1,5,350,472.00,"165,200.00"
2020-02-20,2020022001022904,HGI,29,5,150,473.00,"70,950.00"
2020-02-20,2020022001023007,HIDCL,49,32,61,139.00,"8,479.00"
2020-02-20,2020022001023185,ICFC,52,49,10,188.00,"1,880.00"
2020-02-20,2020022001023152,IGI,39,59,10,513.00,"5,130.00"
2020-02-20,2020022001023226,ILBS,29,40,230,966.00,"222,180.00"
2020-02-20,2020022001023225,ILBS,7,40,10,967.00,"9,670.00"
2020-02-20,2020022001023224,ILBS,41,40,20,967.00,"19,340.00"
2020-02-20,2020022001023285,JBBL,51,10,246,191.00,"46,986.00"
2020-02-20,2020022001023284,JBBL,47,10,50,191.00,"9,550.00"
2020-02-20,2020022001023283,JBBL,43,10,204,191.00,"38,964.00"
2020-02-20,2020022001023172,JFL,50,49,800,178.00,"142,400.00"
2020-02-20,2020022001023230,JSLBB,34,29,20,"1,949.00","38,980.00"
2020-02-20,2020022001023229,JSLBB,34,8,10,"1,950.00","19,500.00"
2020-02-20,2020022001022975,JSLBB,34,29,10,"1,949.00","19,490.00"
2020-02-20,2020022001023365,KBL,33,50,366,195.00,"71,370.00"
2020-02-20,2020022001023346,KBL,33,38,82,195.00,"15,990.00"
2020-02-20,2020022001023213,KBL,33,16,266,195.00,"51,870.00"
2020-02-20,2020022001023212,KBL,26,13,"2,000",196.00,"392,000.00"
2020-02-20,2020022001023192,KBL,11,13,"1,000",196.00,"196,000.00"
2020-02-20,2020022001023062,KBL,33,34,150,195.00,"29,250.00"
2020-02-20,2020022001023001,KBL,33,13,500,196.00,"98,000.00"
2020-02-20,2020022001023106,KSBBL,16,50,150,171.00,"25,650.00"
2020-02-20,2020022001023097,LBL,35,40,491,230.00,"112,930.00"
2020-02-20,2020022001023096,LBL,35,58,"1,000",230.00,"230,000.00"
2020-02-20,2020022001023332,LGIL,35,32,166,564.00,"93,624.00"
2020-02-20,2020022001023331,LGIL,35,32,149,564.00,"84,036.00"
2020-02-20,2020022001023330,LGIL,13,32,166,564.00,"93,624.00"
2020-02-20,2020022001023084,LGIL,13,56,400,564.00,"225,600.00"
2020-02-20,2020022001023083,LGIL,13,51,200,563.00,"112,600.00"
2020-02-20,2020022001023082,LGIL,13,33,34,563.00,"19,142.00"
2020-02-20,2020022001023023,LGIL,14,33,16,563.00,"9,008.00"
2020-02-20,2020022001023022,LGIL,14,59,70,563.00,"39,410.00"
2020-02-20,2020022001023021,LGIL,14,39,114,563.00,"64,182.00"
2020-02-20,2020022001022928,LICN,32,35,40,"1,502.00","60,080.00"
2020-02-20,2020022001023208,LLBS,14,11,15,"1,268.00","19,020.00"
2020-02-20,2020022001022992,LLBS,14,5,33,"1,268.00","41,844.00"
2020-02-20,2020022001023375,MBL,33,47,500,238.00,"119,000.00"
2020-02-20,2020022001023335,MBL,33,57,10,240.00,"2,400.00"
2020-02-20,2020022001023321,MBL,33,41,430,238.00,"102,340.00"
2020-02-20,2020022001023320,MBL,32,41,"2,000",238.00,"476,000.00"
2020-02-20,2020022001023319,MBL,33,41,500,239.00,"119,500.00"
2020-02-20,2020022001023318,MBL,53,41,70,239.00,"16,730.00"
2020-02-20,2020022001023395,MDB,50,34,500,367.00,"183,500.00"
2020-02-20,2020022001023061,MEGA,43,52,10,212.00,"2,120.00"
2020-02-20,2020022001023238,MERO,21,53,42,763.00,"32,046.00"
2020-02-20,2020022001023176,MERO,21,25,19,763.00,"14,497.00"
2020-02-20,2020022001023175,MERO,38,25,181,763.00,"138,103.00"
2020-02-20,2020022001023180,MFIL,43,47,10,203.00,"2,030.00"
2020-02-20,2020022001023011,MLBBL,54,6,40,908.00,"36,320.00"
2020-02-20,2020022001023010,MLBBL,54,7,10,908.00,"9,080.00"
2020-02-20,2020022001023292,MNBBL,46,42,150,331.00,"49,650.00"
2020-02-20,2020022001023282,MNBBL,39,42,50,331.00,"16,550.00"
2020-02-20,2020022001022961,MNBBL,55,42,100,330.00,"33,000.00"
2020-02-20,2020022001022960,MNBBL,46,42,"3,658",330.00,"1,207,140.00"
2020-02-20,2020022001023394,NABIL,1,1,26,754.00,"19,604.00"
2020-02-20,2020022001023232,NABIL,1,14,16,754.00,"12,064.00"
2020-02-20,2020022001023231,NABIL,47,14,84,754.00,"63,336.00"
2020-02-20,2020022001023202,NABIL,47,7,16,754.00,"12,064.00"
2020-02-20,2020022001023141,NABIL,59,40,50,755.00,"37,750.00"
2020-02-20,2020022001023387,NADEP,21,52,50,828.00,"41,400.00"
2020-02-20,2020022001023113,NADEP,51,52,50,830.00,"41,500.00"
2020-02-20,2020022001023030,NADEP,51,53,250,830.00,"207,500.00"
2020-02-20,2020022001022909,NADEP,39,47,10,834.00,"8,340.00"
2020-02-20,2020022001022908,NADEP,39,58,50,833.00,"41,650.00"
2020-02-20,2020022001023324,NBB,36,53,100,211.00,"21,100.00"
2020-02-20,2020022001023094,NBF2,48,48,900,9.58,"8,622.00"
2020-02-20,2020022001023350,NBL,5,45,280,274.00,"76,720.00"
2020-02-20,2020022001023349,NBL,5,1,220,273.00,"60,060.00"
2020-02-20,2020022001023057,NBL,34,33,170,271.00,"46,070.00"
2020-02-20,2020022001023056,NBL,19,33,30,272.00,"8,160.00"
2020-02-20,2020022001023017,NBL,43,41,10,273.00,"2,730.00"
2020-02-20,2020022001022933,NBL,19,10,400,272.00,"108,800.00"
2020-02-20,2020022001022911,NBL,48,34,"2,000",271.00,"542,000.00"
2020-02-20,2020022001022910,NBL,52,34,500,271.00,"135,500.00"
2020-02-20,2020022001022917,NBL,7,34,"4,000",271.00,"1,084,000.00"
2020-02-20,2020022001022916,NBL,37,34,"1,400",271.00,"379,400.00"
2020-02-20,2020022001022915,NBL,6,34,250,271.00,"67,750.00"
2020-02-20,2020022001022914,NBL,59,34,200,271.00,"54,200.00"
2020-02-20,2020022001022913,NBL,36,34,"1,000",271.00,"271,000.00"
2020-02-20,2020022001022912,NBL,19,34,200,271.00,"54,200.00"
2020-02-20,2020022001022932,NBL,19,41,50,272.00,"13,600.00"
2020-02-20,2020022001022931,NBL,19,58,"2,820",272.00,"767,040.00"
2020-02-20,2020022001022921,NBL,34,34,"17,350",271.00,"4,701,850.00"
2020-02-20,2020022001022920,NBL,59,34,100,271.00,"27,100.00"
2020-02-20,2020022001022919,NBL,47,34,"1,000",271.00,"271,000.00"
2020-02-20,2020022001022918,NBL,47,34,"2,000",271.00,"542,000.00"
2020-02-20,2020022001023393,NCCB,33,38,10,197.00,"1,970.00"
2020-02-20,2020022001023385,NCCB,35,57,88,196.00,"17,248.00"
2020-02-20,2020022001023384,NCCB,34,57,110,196.00,"21,560.00"
2020-02-20,2020022001023115,NCCB,34,13,150,196.00,"29,400.00"
2020-02-20,2020022001023220,NCCBPO,25,38,"91,000",118.00,"10,738,000.00"
2020-02-20,2020022001023171,NGPL,6,19,250,138.00,"34,500.00"
2020-02-20,2020022001023348,NIB,6,33,200,396.00,"79,200.00"
2020-02-20,2020022001023143,NIB,41,33,25,396.00,"9,900.00"
2020-02-20,2020022001023076,NIB,52,33,80,396.00,"31,680.00"
2020-02-20,2020022001023075,NIB,52,51,920,396.00,"364,320.00"
2020-02-20,2020022001023032,NIB,3,36,200,395.00,"79,000.00"
2020-02-20,2020022001022979,NIB,3,47,138,395.00,"54,510.00"
2020-02-20,2020022001022922,NIB,3,17,500,395.00,"197,500.00"
2020-02-20,2020022001023392,NICA,14,10,39,553.00,"21,567.00"
2020-02-20,2020022001023223,NICA,8,47,142,554.00,"78,668.00"
2020-02-20,2020022001022978,NICA,19,47,410,554.00,"227,140.00"
2020-02-20,2020022001022977,NICA,19,25,50,554.00,"27,700.00"
2020-02-20,2020022001022976,NICA,19,41,40,554.00,"22,160.00"
2020-02-20,2020022001023276,NICL,43,57,10,506.00,"5,060.00"
2020-02-20,2020022001023275,NICL,43,26,50,505.00,"25,250.00"
2020-02-20,2020022001022953,NICL,47,16,80,504.00,"40,320.00"
2020-02-20,2020022001022952,NICL,47,57,10,504.00,"5,040.00"
2020-02-20,2020022001022951,NICL,47,50,500,504.00,"252,000.00"
2020-02-20,2020022001023270,NIL,4,40,123,657.00,"80,811.00"
2020-02-20,2020022001023211,NIL,5,13,500,658.00,"329,000.00"
2020-02-20,2020022001023179,NIL,55,13,400,658.00,"263,200.00"
2020-02-20,2020022001023178,NIL,55,43,100,658.00,"65,800.00"
2020-02-20,2020022001023080,NIL,4,57,46,657.00,"30,222.00"
2020-02-20,2020022001022983,NIL,4,28,500,657.00,"328,500.00"
2020-02-20,2020022001022982,NIL,4,28,50,657.00,"32,850.00"
2020-02-20,2020022001022981,NIL,4,34,490,656.00,"321,440.00"
2020-02-20,2020022001022980,NIL,4,16,500,655.00,"327,500.00"
2020-02-20,2020022001022974,NIL,55,34,10,656.00,"6,560.00"
2020-02-20,2020022001022925,NIL,42,29,390,652.00,"254,280.00"
2020-02-20,2020022001023209,NLBBL,34,28,"1,521",950.00,"1,444,950.00"
2020-02-20,2020022001023294,NLG,54,35,50,749.00,"37,450.00"
2020-02-20,2020022001023293,NLG,42,35,100,749.00,"74,900.00"
2020-02-20,2020022001023347,NLIC,28,25,11,"1,238.00","13,618.00"
2020-02-20,2020022001023312,NLIC,28,17,50,"1,238.00","61,900.00"
2020-02-20,2020022001023239,NLIC,28,32,175,"1,239.00","216,825.00"
2020-02-20,2020022001023149,NLIC,58,46,300,"1,240.00","372,000.00"
2020-02-20,2020022001023146,NLIC,35,25,52,"1,241.00","64,532.00"
2020-02-20,2020022001023112,NLIC,35,34,148,"1,241.00","183,668.00"
2020-02-20,2020022001023111,NLIC,39,34,53,"1,241.00","65,773.00"
2020-02-20,2020022001022923,NLIC,21,4,50,"1,242.00","62,100.00"
2020-02-20,2020022001022906,NLIC,39,34,181,"1,241.00","224,621.00"
2020-02-20,2020022001023288,NLICL,43,17,10,726.00,"7,260.00"
2020-02-20,2020022001023049,NLICL,34,28,"1,806",724.00,"1,307,544.00"
2020-02-20,2020022001023048,NLICL,53,28,"1,000",725.00,"725,000.00"
2020-02-20,2020022001023047,NLICL,52,28,500,725.00,"362,500.00"
2020-02-20,2020022001023046,NLICL,37,28,210,725.00,"152,250.00"
2020-02-20,2020022001023045,NLICL,14,28,200,725.00,"145,000.00"
2020-02-20,2020022001023044,NLICL,37,28,85,725.00,"61,625.00"
2020-02-20,2020022001023043,NLICL,41,28,100,726.00,"72,600.00"
2020-02-20,2020022001023042,NLICL,54,28,99,726.00,"71,874.00"
2020-02-20,2020022001023364,NMB,26,57,96,412.00,"39,552.00"
2020-02-20,2020022001023363,NMB,26,8,50,412.00,"20,600.00"
2020-02-20,2020022001023362,NMB,26,55,54,412.00,"22,248.00"
2020-02-20,2020022001023323,NMB,42,55,15,412.00,"6,180.00"
2020-02-20,2020022001023255,NMB,32,55,931,412.00,"383,572.00"
2020-02-20,2020022001023254,NMB,32,28,69,412.00,"28,428.00"
2020-02-20,2020022001023216,NMB,43,28,431,412.00,"177,572.00"
2020-02-20,2020022001023215,NMB,43,37,189,412.00,"77,868.00"
2020-02-20,2020022001023214,NMB,43,33,380,412.00,"156,560.00"
2020-02-20,2020022001023194,NMB,33,33,500,412.00,"206,000.00"
2020-02-20,2020022001023118,NMB,28,33,500,412.00,"206,000.00"
2020-02-20,2020022001023069,NMB,59,50,65,411.00,"26,715.00"
2020-02-20,2020022001023374,NMFBS,33,1,15,"1,883.00","28,245.00"
2020-02-20,2020022001023373,NMFBS,33,1,50,"1,882.00","94,100.00"
2020-02-20,2020022001023372,NMFBS,33,10,15,"1,880.00","28,200.00"
2020-02-20,2020022001023371,NMFBS,33,38,10,"1,880.00","18,800.00"
2020-02-20,2020022001023264,NMFBS,37,56,100,"1,879.00","187,900.00"
2020-02-20,2020022001023263,NMFBS,37,36,28,"1,865.00","52,220.00"
2020-02-20,2020022001023262,NMFBS,37,34,50,"1,859.00","92,950.00"
2020-02-20,2020022001023261,NMFBS,37,33,100,"1,855.00","185,500.00"
2020-02-20,2020022001023260,NMFBS,37,16,15,"1,850.00","27,750.00"
2020-02-20,2020022001023311,NSEWA,43,50,60,877.00,"52,620.00"
2020-02-20,2020022001023273,NTC,59,16,60,630.00,"37,800.00"
2020-02-20,2020022001023272,NTC,59,50,100,629.00,"62,900.00"
2020-02-20,2020022001023271,NTC,59,8,140,629.00,"88,060.00"
2020-02-20,2020022001023237,NTC,1,7,22,623.00,"13,706.00"
2020-02-20,2020022001023210,NTC,59,8,20,629.00,"12,580.00"
2020-02-20,2020022001023184,NTC,59,16,200,627.00,"125,400.00"
2020-02-20,2020022001023150,NTC,1,47,55,623.00,"34,265.00"
2020-02-20,2020022001023328,NUBL,42,51,130,"1,152.00","149,760.00"
2020-02-20,2020022001022963,NUBL,14,51,100,"1,152.00","115,200.00"
2020-02-20,2020022001022907,NUBL,57,51,200,"1,152.00","230,400.00"
2020-02-20,2020022001023117,OHL,25,34,250,501.00,"125,250.00"
2020-02-20,2020022001023290,PCBL,20,8,100,288.00,"28,800.00"
2020-02-20,2020022001023142,PCBL,13,8,"1,732",288.00,"498,816.00"
2020-02-20,2020022001023068,PCBL,32,56,30,289.00,"8,670.00"
2020-02-20,2020022001023067,PCBL,32,28,970,289.00,"280,330.00"
2020-02-20,2020022001022924,PCBL,51,28,"1,000",289.00,"289,000.00"
2020-02-20,2020022001023306,PIC,52,20,150,700.00,"105,000.00"
2020-02-20,2020022001022973,PIC,19,39,50,698.00,"34,900.00"
2020-02-20,2020022001023307,PICL,52,57,50,554.00,"27,700.00"
2020-02-20,2020022001023390,PLIC,4,40,500,639.00,"319,500.00"
2020-02-20,2020022001023174,PLIC,57,1,410,638.00,"261,580.00"
2020-02-20,2020022001023173,PLIC,4,1,89,639.00,"56,871.00"
2020-02-20,2020022001023092,PPCL,34,20,10,126.00,"1,260.00"
2020-02-20,2020022001023277,PRIN,44,13,"1,000",530.00,"530,000.00"
2020-02-20,2020022001023154,PRIN,44,57,15,530.00,"7,950.00"
2020-02-20,2020022001023016,PRIN,36,57,40,530.00,"21,200.00"
2020-02-20,2020022001022971,PRIN,36,46,100,530.00,"53,000.00"
2020-02-20,2020022001022970,PRIN,36,42,50,530.00,"26,500.00"
2020-02-20,2020022001022969,PRIN,36,13,100,530.00,"53,000.00"
2020-02-20,2020022001022968,PRIN,36,54,10,530.00,"5,300.00"
2020-02-20,2020022001023322,PRVU,47,47,320,250.00,"80,000.00"
2020-02-20,2020022001023281,PRVU,47,29,100,250.00,"25,000.00"
2020-02-20,2020022001023280,PRVU,47,36,174,250.00,"43,500.00"
2020-02-20,2020022001023253,PRVU,59,36,300,250.00,"75,000.00"
2020-02-20,2020022001023114,PRVU,55,36,"1,000",250.00,"250,000.00"
2020-02-20,2020022001023033,PRVU,50,36,200,250.00,"50,000.00"
2020-02-20,2020022001022927,PRVU,39,36,204,250.00,"51,000.00"
2020-02-20,2020022001022926,PRVU,47,36,122,250.00,"30,500.00"
2020-02-20,2020022001023352,RBCL,16,7,25,"11,200.00","280,000.00"
2020-02-20,2020022001023221,RBCL,58,49,100,"11,200.00","1,120,000.00"
2020-02-20,2020022001023006,RBCL,58,57,20,"11,225.00","224,500.00"
2020-02-20,2020022001023005,RBCL,58,33,30,"11,200.00","336,000.00"
2020-02-20,2020022001023004,RBCL,58,17,20,"11,200.00","224,000.00"
2020-02-20,2020022001023003,RBCL,58,7,10,"11,199.00","111,990.00"
2020-02-20,2020022001023002,RBCL,58,14,20,"11,150.00","223,000.00"
2020-02-20,2020022001023314,RHPL,59,20,40,167.00,"6,680.00"
2020-02-20,2020022001023274,RHPL,59,20,20,167.00,"3,340.00"
2020-02-20,2020022001023222,RHPL,59,20,40,167.00,"6,680.00"
2020-02-20,2020022001023124,RHPL,59,20,40,167.00,"6,680.00"
2020-02-20,2020022001022930,RHPL,59,34,50,167.00,"8,350.00"
2020-02-20,2020022001022929,RHPL,59,34,40,167.00,"6,680.00"
2020-02-20,2020022001023361,RLFL,29,34,26,139.00,"3,614.00"
2020-02-20,2020022001023370,RMDC,25,58,50,839.00,"41,950.00"
2020-02-20,2020022001023228,RMDC,41,1,20,840.00,"16,800.00"
2020-02-20,2020022001023201,RMDC,39,1,99,840.00,"83,160.00"
2020-02-20,2020022001023300,SABSL,58,34,100,984.00,"98,400.00"
2020-02-20,2020022001023299,SABSL,51,34,50,984.00,"49,200.00"
2020-02-20,2020022001023298,SABSL,51,34,30,984.00,"29,520.00"
2020-02-20,2020022001023297,SABSL,51,34,90,985.00,"88,650.00"
2020-02-20,2020022001023296,SABSL,1,34,20,986.00,"19,720.00"
2020-02-20,2020022001023256,SBI,42,54,100,430.00,"43,000.00"
2020-02-20,2020022001023151,SBI,44,37,300,428.00,"128,400.00"
2020-02-20,2020022001023012,SBI,44,40,32,428.00,"13,696.00"
2020-02-20,2020022001023334,SBL,6,6,300,323.00,"96,900.00"
2020-02-20,2020022001023333,SBL,49,6,49,323.00,"15,827.00"
2020-02-20,2020022001023355,SDESI,54,19,340,"1,000.00","340,000.00"
2020-02-20,2020022001023354,SDESI,51,19,110,"1,000.00","110,000.00"
2020-02-20,2020022001023353,SDESI,56,19,50,"1,005.00","50,250.00"
2020-02-20,2020022001023196,SDESI,25,6,20,"1,006.00","20,120.00"
2020-02-20,2020022001023195,SDESI,25,26,30,"1,006.00","30,180.00"
2020-02-20,2020022001023065,SDESI,25,37,10,"1,006.00","10,060.00"
2020-02-20,2020022001023379,SFCL,34,39,100,105.00,"10,500.00"
2020-02-20,2020022001023378,SFCL,10,39,200,105.00,"21,000.00"
2020-02-20,2020022001023377,SFCL,25,39,100,105.00,"10,500.00"
2020-02-20,2020022001023081,SHINE,58,52,50,300.00,"15,000.00"
2020-02-20,2020022001023055,SHINE,58,52,50,300.00,"15,000.00"
2020-02-20,2020022001023380,SHIVM,40,40,294,663.00,"194,922.00"
2020-02-20,2020022001023356,SHIVM,4,38,500,663.00,"331,500.00"
2020-02-20,2020022001023344,SHIVM,6,40,196,664.00,"130,144.00"
2020-02-20,2020022001023341,SHIVM,6,34,404,664.00,"268,256.00"
2020-02-20,2020022001023340,SHIVM,19,34,150,664.00,"99,600.00"
2020-02-20,2020022001023339,SHIVM,6,34,150,664.00,"99,600.00"
2020-02-20,2020022001022994,SHIVM,49,7,500,666.00,"333,000.00"
2020-02-20,2020022001022993,SHIVM,35,7,29,666.00,"19,314.00"
2020-02-20,2020022001022939,SHIVM,35,20,100,666.00,"66,600.00"
2020-02-20,2020022001023041,SHIVM,36,34,140,665.00,"93,100.00"
2020-02-20,2020022001023040,SHIVM,48,34,100,665.00,"66,500.00"
2020-02-20,2020022001023039,SHIVM,32,34,200,665.00,"133,000.00"
2020-02-20,2020022001023038,SHIVM,1,34,60,665.00,"39,900.00"
2020-02-20,2020022001023025,SHIVM,1,34,40,665.00,"26,600.00"
2020-02-20,2020022001023024,SHIVM,21,34,460,665.00,"305,900.00"
2020-02-20,2020022001023107,SHIVM,35,34,100,664.00,"66,400.00"
2020-02-20,2020022001023054,SHIVM,47,8,150,665.00,"99,750.00"
2020-02-20,2020022001023053,SHIVM,29,8,200,665.00,"133,000.00"
2020-02-20,2020022001023052,SHIVM,46,8,500,665.00,"332,500.00"
2020-02-20,2020022001023051,SHIVM,42,8,150,665.00,"99,750.00"
2020-02-20,2020022001023050,SHIVM,36,8,360,665.00,"239,400.00"
2020-02-20,2020022001023227,SHIVM,32,35,50,665.00,"33,250.00"
2020-02-20,2020022001023197,SHIVM,48,35,50,666.00,"33,300.00"
2020-02-20,2020022001023160,SHIVM,32,50,40,665.00,"26,600.00"
2020-02-20,2020022001023127,SHIVM,56,50,460,665.00,"305,900.00"
2020-02-20,2020022001023126,SHIVM,56,8,"1,140",665.00,"758,100.00"
2020-02-20,2020022001023108,SHIVM,20,34,500,664.00,"332,000.00"
2020-02-20,2020022001023338,SHIVM,11,34,100,664.00,"66,400.00"
2020-02-20,2020022001023337,SHIVM,28,34,196,664.00,"130,144.00"
2020-02-20,2020022001023310,SHIVM,28,40,104,664.00,"69,056.00"
2020-02-20,2020022001023252,SHIVM,32,7,10,665.00,"6,650.00"
2020-02-20,2020022001023233,SHIVM,32,19,100,665.00,"66,500.00"
2020-02-20,2020022001023079,SHL,52,43,511,202.00,"103,222.00"
2020-02-20,2020022001023078,SHL,52,21,500,202.00,"101,000.00"
2020-02-20,2020022001023015,SHL,52,11,100,201.00,"20,100.00"
2020-02-20,2020022001023286,SHPC,57,1,50,235.00,"11,750.00"
2020-02-20,2020022001023186,SHPC,14,49,418,233.00,"97,394.00"
2020-02-20,2020022001023148,SHPC,56,49,300,233.00,"69,900.00"
2020-02-20,2020022001023376,SIC,49,20,400,820.00,"328,000.00"
2020-02-20,2020022001023074,SIC,34,18,244,825.00,"201,300.00"
2020-02-20,2020022001023073,SIC,34,49,86,825.00,"70,950.00"
2020-02-20,2020022001023072,SIC,34,6,100,825.00,"82,500.00"
2020-02-20,2020022001023071,SIC,34,42,70,825.00,"57,750.00"
2020-02-20,2020022001022988,SIC,34,42,130,825.00,"107,250.00"
2020-02-20,2020022001022987,SIC,34,41,150,825.00,"123,750.00"
2020-02-20,2020022001022986,SIC,34,38,50,824.00,"41,200.00"
2020-02-20,2020022001022985,SIC,34,58,100,824.00,"82,400.00"
2020-02-20,2020022001022984,SIC,34,45,70,824.00,"57,680.00"
2020-02-20,2020022001022902,SIC,34,45,180,824.00,"148,320.00"
2020-02-20,2020022001022901,SIC,34,1,100,824.00,"82,400.00"
2020-02-20,2020022001023278,SICL,14,58,50,"1,295.00","64,750.00"
2020-02-20,2020022001023207,SICL,32,58,183,"1,290.00","236,070.00"
2020-02-20,2020022001023206,SICL,56,58,100,"1,291.00","129,100.00"
2020-02-20,2020022001023205,SICL,7,58,76,"1,291.00","98,116.00"
2020-02-20,2020022001023204,SICL,52,58,39,"1,292.00","50,388.00"
2020-02-20,2020022001023191,SICL,56,58,100,"1,295.00","129,500.00"
2020-02-20,2020022001023169,SICL,55,58,200,"1,295.00","259,000.00"
2020-02-20,2020022001023105,SICL,56,58,450,"1,295.00","582,750.00"
2020-02-20,2020022001023104,SICL,56,46,50,"1,295.00","64,750.00"
2020-02-20,2020022001022989,SIL,6,10,"1,654",626.00,"1,035,404.00"
2020-02-20,2020022001023063,SINDU,29,40,10,140.00,"1,400.00"
2020-02-20,2020022001023009,SINDU,29,42,74,139.00,"10,286.00"
2020-02-20,2020022001023351,SJCL,59,20,20,158.00,"3,160.00"
2020-02-20,2020022001023170,SJCL,59,20,20,158.00,"3,160.00"
2020-02-20,2020022001023382,SKBBL,57,35,40,"1,369.00","54,760.00"
2020-02-20,2020022001023381,SKBBL,57,5,60,"1,364.00","81,840.00"
2020-02-20,2020022001023182,SKBBL,8,28,200,"1,357.00","271,400.00"
2020-02-20,2020022001023181,SKBBL,1,28,100,"1,358.00","135,800.00"
2020-02-20,2020022001023156,SKBBL,42,5,40,"1,364.00","54,560.00"
2020-02-20,2020022001023400,SLICL,4,41,25,516.00,"12,900.00"
2020-02-20,2020022001023399,SLICL,4,36,"1,000",515.00,"515,000.00"
2020-02-20,2020022001023398,SLICL,4,29,400,515.00,"206,000.00"
2020-02-20,2020022001023397,SLICL,4,8,170,514.00,"87,380.00"
2020-02-20,2020022001023396,SLICL,4,11,275,511.00,"140,525.00"
2020-02-20,2020022001023389,SLICL,35,11,75,511.00,"38,325.00"
2020-02-20,2020022001023109,SLICL,5,32,400,514.00,"205,600.00"
2020-02-20,2020022001022941,SLICL,57,16,100,514.00,"51,400.00"
2020-02-20,2020022001022940,SLICL,57,57,100,513.00,"51,300.00"
2020-02-20,2020022001023132,SLICL,4,21,100,515.00,"51,500.00"
2020-02-20,2020022001023131,SLICL,4,13,650,515.00,"334,750.00"
2020-02-20,2020022001023130,SLICL,4,55,100,514.00,"51,400.00"
2020-02-20,2020022001023129,SLICL,4,1,100,514.00,"51,400.00"
2020-02-20,2020022001023128,SLICL,4,16,300,514.00,"154,200.00"
2020-02-20,2020022001023110,SLICL,5,16,100,514.00,"51,400.00"
2020-02-20,2020022001023138,SLICL,4,20,660,516.00,"340,560.00"
2020-02-20,2020022001023137,SLICL,4,49,500,516.00,"258,000.00"
2020-02-20,2020022001023136,SLICL,4,47,150,516.00,"77,400.00"
2020-02-20,2020022001023135,SLICL,4,1,200,516.00,"103,200.00"
2020-02-20,2020022001023134,SLICL,4,17,336,516.00,"173,376.00"
2020-02-20,2020022001023133,SLICL,4,32,690,515.00,"355,350.00"
2020-02-20,2020022001023388,SLICL,47,11,100,511.00,"51,100.00"
2020-02-20,2020022001023279,SLICL,50,29,200,515.00,"103,000.00"
2020-02-20,2020022001023193,SLICL,4,41,275,516.00,"141,900.00"
2020-02-20,2020022001023147,SLICL,4,39,100,516.00,"51,600.00"
2020-02-20,2020022001023140,SLICL,4,47,39,516.00,"20,124.00"
2020-02-20,2020022001023139,SLICL,4,20,800,516.00,"412,800.00"
2020-02-20,2020022001023329,SMATA,16,25,50,920.00,"46,000.00"
2020-02-20,2020022001023302,SMB,52,36,40,"1,096.00","43,840.00"
2020-02-20,2020022001023301,SMB,52,33,20,"1,095.00","21,900.00"
2020-02-20,2020022001022998,SMB,46,36,130,"1,096.00","142,480.00"
2020-02-20,2020022001022962,SMB,6,10,50,"1,085.00","54,250.00"
2020-02-20,2020022001023317,STC,51,58,442,"2,747.00","1,214,174.00"
2020-02-20,2020022001023316,STC,50,58,20,"2,780.00","55,600.00"
2020-02-20,2020022001023315,STC,49,58,38,"2,780.00","105,640.00"
2020-02-20,2020022001023093,UIC,13,51,148,460.00,"68,080.00"
2020-02-20,2020022001022955,UIC,44,51,50,460.00,"23,000.00"
2020-02-20,2020022001023031,UMHL,1,52,150,116.00,"17,400.00"
2020-02-20,2020022001023383,UPPER,6,21,40,238.00,"9,520.00"
2020-02-20,2020022001023327,UPPER,6,21,50,238.00,"11,900.00"
2020-02-20,2020022001023287,UPPER,6,21,40,238.00,"9,520.00"
2020-02-20,2020022001023236,UPPER,25,43,200,240.00,"48,000.00"
2020-02-20,2020022001023235,UPPER,25,51,100,240.00,"24,000.00"
2020-02-20,2020022001023234,UPPER,25,35,970,240.00,"232,800.00"
2020-02-20,2020022001023161,UPPER,6,36,40,239.00,"9,560.00"
2020-02-20,2020022001023060,UPPER,6,16,50,239.00,"11,950.00"
2020-02-20,2020022001022954,UPPER,6,14,400,239.00,"95,600.00"
2020-02-20,2020022001023308,VLBS,34,7,10,"1,250.00","12,500.00"
2020-02-20,2020022001023091,WOMI,14,16,97,"1,180.00","114,460.00"
2020-02-20,2020022001023090,WOMI,14,33,100,"1,180.00","118,000.00"
2020-02-20,2020022001023089,WOMI,14,13,100,"1,179.00","117,900.00"
2020-02-20,2020022001023088,WOMI,14,16,50,"1,178.00","58,900.00"
2020-02-20,2020022001023087,WOMI,14,16,50,"1,178.00","58,900.00"
2020-02-20,2020022001022784,ADBL,58,42,500,399.00,"199,500.00"
2020-02-20,2020022001022783,ADBL,49,42,72,399.00,"28,728.00"
2020-02-20,2020022001022755,AKPL,29,6,10,137.00,"1,370.00"
2020-02-20,2020022001022630,AKPL,38,39,13,136.00,"1,768.00"
2020-02-20,2020022001022629,AKPL,35,39,"1,987",136.00,"270,232.00"
2020-02-20,2020022001022599,AKPL,20,40,"1,918",138.00,"264,684.00"
2020-02-20,2020022001022598,AKPL,20,38,"1,000",138.00,"138,000.00"
2020-02-20,2020022001022431,AKPL,50,28,300,137.00,"41,100.00"
2020-02-20,2020022001022597,AKPL,20,40,"1,000",138.00,"138,000.00"
2020-02-20,2020022001022579,AKPL,35,56,13,136.00,"1,768.00"
2020-02-20,2020022001022558,AKPL,28,40,"2,000",138.00,"276,000.00"
2020-02-20,2020022001022708,ALBSL,49,3,35,892.00,"31,220.00"
2020-02-20,2020022001022414,ALBSL,55,43,72,895.00,"64,440.00"
2020-02-20,2020022001022510,ALBSL,49,42,11,892.00,"9,812.00"
2020-02-20,2020022001022446,ALBSL,3,58,11,898.00,"9,878.00"
2020-02-20,2020022001022433,ALBSL,39,58,50,898.00,"44,900.00"
2020-02-20,2020022001022867,ALICL,39,50,173,648.00,"112,104.00"
2020-02-20,2020022001022866,ALICL,16,50,139,649.00,"90,211.00"
2020-02-20,2020022001022820,ALICL,48,32,500,650.00,"325,000.00"
2020-02-20,2020022001022745,ALICL,16,32,200,650.00,"130,000.00"
2020-02-20,2020022001022600,ALICL,6,11,200,650.00,"130,000.00"
2020-02-20,2020022001022575,ALICL,28,36,20,651.00,"13,020.00"
2020-02-20,2020022001022417,ALICL,16,59,11,649.00,"7,139.00"
2020-02-20,2020022001022887,API,21,26,500,136.00,"68,000.00"
2020-02-20,2020022001022700,BOKL,13,51,74,237.00,"17,538.00"
2020-02-20,2020022001022699,BOKL,42,51,100,237.00,"23,700.00"
2020-02-20,2020022001022698,BOKL,14,51,100,237.00,"23,700.00"
2020-02-20,2020022001022697,BOKL,36,51,426,237.00,"100,962.00"
2020-02-20,2020022001022664,BOKL,32,33,10,238.00,"2,380.00"
2020-02-20,2020022001022794,BPCL,55,8,33,385.00,"12,705.00"
2020-02-20,2020022001022505,BPCL,42,53,34,390.00,"13,260.00"
2020-02-20,2020022001022504,BPCL,42,14,66,390.00,"25,740.00"
2020-02-20,2020022001022582,CBL,40,42,135,151.00,"20,385.00"
2020-02-20,2020022001022555,CBL,29,42,25,152.00,"3,800.00"
2020-02-20,2020022001022403,CBL,29,37,20,152.00,"3,040.00"
2020-02-20,2020022001022402,CBL,35,37,200,152.00,"30,400.00"
2020-02-20,2020022001022401,CBL,37,37,333,152.00,"50,616.00"
2020-02-20,2020022001022712,CCBL,51,38,300,184.00,"55,200.00"
2020-02-20,2020022001022454,CCBL,45,48,300,183.00,"54,900.00"
2020-02-20,2020022001022819,CHCL,59,56,44,430.00,"18,920.00"
2020-02-20,2020022001022818,CHCL,59,47,256,430.00,"110,080.00"
2020-02-20,2020022001022751,CHCL,26,50,234,428.00,"100,152.00"
2020-02-20,2020022001022750,CHCL,40,50,10,429.00,"4,290.00"
2020-02-20,2020022001022873,CIT,19,16,60,"2,902.00","174,120.00"
2020-02-20,2020022001022872,CIT,19,16,40,"2,900.00","116,000.00"
2020-02-20,2020022001022805,CIT,40,16,100,"2,900.00","290,000.00"
2020-02-20,2020022001022739,CIT,38,16,50,"2,899.00","144,950.00"
2020-02-20,2020022001022497,CIT,14,16,10,"2,900.00","29,000.00"
2020-02-20,2020022001022405,CIT,59,49,100,"2,900.00","290,000.00"
2020-02-20,2020022001022404,CIT,39,49,27,"2,900.00","78,300.00"
2020-02-20,2020022001022855,CLBSL,16,40,57,"1,268.00","72,276.00"
2020-02-20,2020022001022701,CZBIL,38,17,50,199.00,"9,950.00"
2020-02-20,2020022001022741,DDBL,14,51,10,998.00,"9,980.00"
2020-02-20,2020022001022740,DDBL,14,38,40,998.00,"39,920.00"
2020-02-20,2020022001022696,DDBL,37,21,25,996.00,"24,900.00"
2020-02-20,2020022001022646,DDBL,47,47,100,997.00,"99,700.00"
2020-02-20,2020022001022645,DDBL,47,47,130,997.00,"129,610.00"
2020-02-20,2020022001022587,DDBL,55,38,10,998.00,"9,980.00"
2020-02-20,2020022001022564,DDBL,47,14,170,997.00,"169,490.00"
2020-02-20,2020022001022563,DDBL,58,14,100,997.00,"99,700.00"
2020-02-20,2020022001022562,DDBL,14,14,30,997.00,"29,910.00"
2020-02-20,2020022001022530,DDBL,58,38,150,998.00,"149,700.00"
2020-02-20,2020022001022440,DHPL,42,49,621,56.00,"34,776.00"
2020-02-20,2020022001022425,DHPL,42,13,10,55.00,550.00
2020-02-20,2020022001022678,EBL,33,54,200,680.00,"136,000.00"
2020-02-20,2020022001022490,EBL,16,26,39,679.00,"26,481.00"
2020-02-20,2020022001022467,EDBL,32,52,81,372.00,"30,132.00"
2020-02-20,2020022001022817,EIC,38,34,300,472.00,"141,600.00"
2020-02-20,2020022001022798,EIC,57,34,200,472.00,"94,400.00"
2020-02-20,2020022001022769,EIC,57,26,"1,050",472.00,"495,600.00"
2020-02-20,2020022001022762,EIC,50,26,200,472.00,"94,400.00"
2020-02-20,2020022001022749,EIC,46,42,89,471.00,"41,919.00"
2020-02-20,2020022001022748,EIC,43,42,200,471.00,"94,200.00"
2020-02-20,2020022001022747,EIC,28,42,211,471.00,"99,381.00"
2020-02-20,2020022001022650,EIC,49,26,100,472.00,"47,200.00"
2020-02-20,2020022001022621,EIC,42,46,500,474.00,"237,000.00"
2020-02-20,2020022001022525,EIC,28,50,124,472.00,"58,528.00"
2020-02-20,2020022001022534,FMDBL,52,53,3,562.00,"1,686.00"
2020-02-20,2020022001022533,FMDBL,41,53,147,562.00,"82,614.00"
2020-02-20,2020022001022884,FOWAD,39,10,63,"1,799.00","113,337.00"
2020-02-20,2020022001022429,GBBL,4,42,34,243.00,"8,262.00"
2020-02-20,2020022001022411,GBBL,4,38,300,243.00,"72,900.00"
2020-02-20,2020022001022714,GBIME,43,39,"1,700",284.00,"482,800.00"
2020-02-20,2020022001022622,GBIME,55,39,500,284.00,"142,000.00"
2020-02-20,2020022001022466,GBIME,26,21,189,283.00,"53,487.00"
2020-02-20,2020022001022456,GBIME,26,40,"1,546",283.00,"437,518.00"
2020-02-20,2020022001022415,GBIME,26,37,393,283.00,"111,219.00"
2020-02-20,2020022001022877,GBLBS,21,57,55,580.00,"31,900.00"
2020-02-20,2020022001022865,GBLBS,14,57,250,580.00,"145,000.00"
2020-02-20,2020022001022842,GBLBS,25,57,240,580.00,"139,200.00"
2020-02-20,2020022001022832,GBLBS,58,48,144,581.00,"83,664.00"
2020-02-20,2020022001022831,GBLBS,58,28,300,581.00,"174,300.00"
2020-02-20,2020022001022830,GBLBS,58,50,200,581.00,"116,200.00"
2020-02-20,2020022001022506,GBLBS,25,39,"1,110",580.00,"643,800.00"
2020-02-20,2020022001022420,GBLBS,33,39,40,580.00,"23,200.00"
2020-02-20,2020022001022619,GBLBS,54,48,20,581.00,"11,620.00"
2020-02-20,2020022001022618,GBLBS,54,8,160,581.00,"92,960.00"
2020-02-20,2020022001022543,GBLBS,25,39,520,580.00,"301,600.00"
2020-02-20,2020022001022509,GBLBS,25,43,100,580.00,"58,000.00"
2020-02-20,2020022001022508,GBLBS,25,41,30,580.00,"17,400.00"
2020-02-20,2020022001022507,GBLBS,25,48,40,580.00,"23,200.00"
2020-02-20,2020022001022679,GBLBS,25,50,50,580.00,"29,000.00"
2020-02-20,2020022001022636,GBLBS,56,17,20,581.00,"11,620.00"
2020-02-20,2020022001022635,GBLBS,56,6,100,581.00,"58,100.00"
2020-02-20,2020022001022634,GBLBS,56,7,380,581.00,"220,780.00"
2020-02-20,2020022001022633,GBLBS,5,7,300,581.00,"174,300.00"
2020-02-20,2020022001022620,GBLBS,54,7,320,581.00,"185,920.00"
2020-02-20,2020022001022829,GBLBS,58,41,500,581.00,"290,500.00"
2020-02-20,2020022001022828,GBLBS,58,11,500,581.00,"290,500.00"
2020-02-20,2020022001022827,GBLBS,58,58,326,581.00,"189,406.00"
2020-02-20,2020022001022826,GBLBS,58,17,30,581.00,"17,430.00"
2020-02-20,2020022001022811,GBLBS,25,7,910,580.00,"527,800.00"
2020-02-20,2020022001022785,GBLBS,38,17,50,581.00,"29,050.00"
2020-02-20,2020022001022453,GGBSL,29,36,10,971.00,"9,710.00"
2020-02-20,2020022001022452,GGBSL,29,29,10,971.00,"9,710.00"
2020-02-20,2020022001022451,GGBSL,29,41,10,970.00,"9,700.00"
2020-02-20,2020022001022450,GGBSL,29,46,10,969.00,"9,690.00"
2020-02-20,2020022001022449,GGBSL,29,3,50,969.00,"48,450.00"
2020-02-20,2020022001022825,GILB,57,10,11,"1,480.00","16,280.00"
2020-02-20,2020022001022824,GILB,14,10,10,"1,480.00","14,800.00"
2020-02-20,2020022001022823,GILB,14,10,10,"1,480.00","14,800.00"
2020-02-20,2020022001022474,GILB,7,14,250,"1,490.00","372,500.00"
2020-02-20,2020022001022473,GILB,54,14,100,"1,490.00","149,000.00"
2020-02-20,2020022001022472,GILB,32,14,50,"1,491.00","74,550.00"
2020-02-20,2020022001022596,GLICL,49,32,50,832.00,"41,600.00"
2020-02-20,2020022001022430,GRDBL,16,35,500,137.00,"68,500.00"
2020-02-20,2020022001022674,GUFL,44,34,423,128.00,"54,144.00"
2020-02-20,2020022001022673,GUFL,1,34,300,128.00,"38,400.00"
2020-02-20,2020022001022672,GUFL,25,34,110,129.00,"14,190.00"
2020-02-20,2020022001022863,HBL,40,11,10,576.00,"5,760.00"
2020-02-20,2020022001022516,HBL,56,34,43,575.00,"24,725.00"
2020-02-20,2020022001022511,HBL,17,16,200,576.00,"115,200.00"
2020-02-20,2020022001022733,HDL,58,39,570,"1,593.00","908,010.00"
2020-02-20,2020022001022732,HDL,57,39,100,"1,593.00","159,300.00"
2020-02-20,2020022001022731,HDL,16,39,90,"1,599.00","143,910.00"
2020-02-20,2020022001022683,HDL,35,48,45,"1,594.00","71,730.00"
2020-02-20,2020022001022682,HDL,59,48,35,"1,595.00","55,825.00"
2020-02-20,2020022001022681,HDL,6,48,100,"1,599.00","159,900.00"
2020-02-20,2020022001022680,HDL,41,48,20,"1,599.00","31,980.00"
2020-02-20,2020022001022588,HDL,41,47,30,"1,599.00","47,970.00"
2020-02-20,2020022001022495,HDL,59,48,65,"1,595.00","103,675.00"
2020-02-20,2020022001022494,HDL,37,48,10,"1,596.00","15,960.00"
2020-02-20,2020022001022493,HDL,42,48,15,"1,597.00","23,955.00"
2020-02-20,2020022001022492,HDL,16,48,10,"1,598.00","15,980.00"
2020-02-20,2020022001022860,HGI,58,54,20,478.00,"9,560.00"
2020-02-20,2020022001022789,HGI,29,42,350,473.00,"165,550.00"
2020-02-20,2020022001022788,HGI,36,42,100,475.00,"47,500.00"
2020-02-20,2020022001022787,HGI,42,42,50,475.00,"23,750.00"
2020-02-20,2020022001022578,HPPL,41,38,10,159.00,"1,590.00"
2020-02-20,2020022001022577,HPPL,41,49,10,158.00,"1,580.00"
2020-02-20,2020022001022576,HPPL,41,17,10,157.00,"1,570.00"
2020-02-20,2020022001022518,ICFC,52,38,137,186.00,"25,482.00"
2020-02-20,2020022001022517,ICFC,52,14,102,186.00,"18,972.00"
2020-02-20,2020022001022844,IGI,13,32,100,510.00,"51,000.00"
2020-02-20,2020022001022661,IGI,53,13,50,511.00,"25,550.00"
2020-02-20,2020022001022561,ILBS,29,40,340,984.00,"334,560.00"
2020-02-20,2020022001022560,ILBS,29,43,50,980.00,"49,000.00"
2020-02-20,2020022001022559,ILBS,29,33,10,980.00,"9,800.00"
2020-02-20,2020022001022432,ILBS,7,42,10,967.00,"9,670.00"
2020-02-20,2020022001022815,JBBL,36,33,108,192.00,"20,736.00"
2020-02-20,2020022001022814,JBBL,36,13,800,192.00,"153,600.00"
2020-02-20,2020022001022813,JBBL,36,57,18,192.00,"3,456.00"
2020-02-20,2020022001022812,JBBL,36,40,74,192.00,"14,208.00"
2020-02-20,2020022001022515,JSLBB,49,8,20,"1,950.00","39,000.00"
2020-02-20,2020022001022659,KBL,36,16,55,196.00,"10,780.00"
2020-02-20,2020022001022658,KBL,36,14,"1,000",196.00,"196,000.00"
2020-02-20,2020022001022657,KBL,36,56,100,196.00,"19,600.00"
2020-02-20,2020022001022656,KBL,36,55,474,196.00,"92,904.00"
2020-02-20,2020022001022655,KBL,36,14,55,196.00,"10,780.00"
2020-02-20,2020022001022553,KBL,33,52,85,195.00,"16,575.00"
2020-02-20,2020022001022455,KMCDB,1,37,10,928.00,"9,280.00"
2020-02-20,2020022001022609,KSBBL,16,6,565,171.00,"96,615.00"
2020-02-20,2020022001022608,KSBBL,32,6,50,171.00,"8,550.00"
2020-02-20,2020022001022607,KSBBL,51,6,100,171.00,"17,100.00"
2020-02-20,2020022001022668,LBL,48,43,500,229.00,"114,500.00"
2020-02-20,2020022001022799,LGIL,13,54,200,562.00,"112,400.00"
2020-02-20,2020022001022644,LGIL,59,39,86,563.00,"48,418.00"
2020-02-20,2020022001022643,LGIL,59,33,50,563.00,"28,150.00"
2020-02-20,2020022001022642,LGIL,59,28,500,563.00,"281,500.00"
2020-02-20,2020022001022641,LGIL,59,32,100,563.00,"56,300.00"
2020-02-20,2020022001022617,LGIL,59,34,40,562.00,"22,480.00"
2020-02-20,2020022001022610,LGIL,59,26,500,560.00,"280,000.00"
2020-02-20,2020022001022416,LGIL,13,36,200,558.00,"111,600.00"
2020-02-20,2020022001022616,LGIL,59,57,200,562.00,"112,400.00"
2020-02-20,2020022001022615,LGIL,59,54,50,562.00,"28,100.00"
2020-02-20,2020022001022614,LGIL,59,34,70,562.00,"39,340.00"
2020-02-20,2020022001022613,LGIL,59,42,124,562.00,"69,688.00"
2020-02-20,2020022001022612,LGIL,59,38,80,562.00,"44,960.00"
2020-02-20,2020022001022611,LGIL,59,5,200,561.00,"112,200.00"
2020-02-20,2020022001022447,LICN,39,16,50,"1,500.00","75,000.00"
2020-02-20,2020022001022767,LLBS,49,52,185,"1,280.00","236,800.00"
2020-02-20,2020022001022766,LLBS,49,53,15,"1,279.00","19,185.00"
2020-02-20,2020022001022841,MBL,33,50,678,238.00,"161,364.00"
2020-02-20,2020022001022438,MBL,33,37,235,238.00,"55,930.00"
2020-02-20,2020022001022665,MDB,4,16,43,370.00,"15,910.00"
2020-02-20,2020022001022457,MDB,4,38,284,370.00,"105,080.00"
2020-02-20,2020022001022484,MEGA,1,37,381,211.00,"80,391.00"
2020-02-20,2020022001022427,MEGA,1,7,38,211.00,"8,018.00"
2020-02-20,2020022001022754,MERO,38,47,19,763.00,"14,497.00"
2020-02-20,2020022001022753,MERO,6,47,10,763.00,"7,630.00"
2020-02-20,2020022001022752,MERO,58,47,72,763.00,"54,936.00"
2020-02-20,2020022001022791,MLBBL,14,7,40,908.00,"36,320.00"
2020-02-20,2020022001022790,MLBBL,14,6,60,908.00,"54,480.00"
2020-02-20,2020022001022746,MNBBL,46,49,100,330.00,"33,000.00"
2020-02-20,2020022001022594,MNBBL,46,57,107,330.00,"35,310.00"
2020-02-20,2020022001022593,MNBBL,46,37,135,330.00,"44,550.00"
2020-02-20,2020022001022580,MNBBL,19,57,100,330.00,"33,000.00"
2020-02-20,2020022001022566,MNBBL,4,57,128,330.00,"42,240.00"
2020-02-20,2020022001022498,MNBBL,4,49,467,330.00,"154,110.00"
2020-02-20,2020022001022465,MNBBL,4,47,20,330.00,"6,600.00"
2020-02-20,2020022001022464,MNBBL,4,35,"4,385",330.00,"1,447,050.00"
2020-02-20,2020022001022585,NABIL,33,40,84,755.00,"63,420.00"
2020-02-20,2020022001022523,NABIL,33,49,10,755.00,"7,550.00"
2020-02-20,2020022001022864,NADEP,51,17,200,830.00,"166,000.00"
2020-02-20,2020022001022803,NADEP,14,51,46,829.00,"38,134.00"
2020-02-20,2020022001022726,NADEP,21,40,23,828.00,"19,044.00"
2020-02-20,2020022001022725,NADEP,21,40,23,828.00,"19,044.00"
2020-02-20,2020022001022711,NADEP,17,48,380,827.00,"314,260.00"
2020-02-20,2020022001022437,NADEP,17,14,100,827.00,"82,700.00"
2020-02-20,2020022001022410,NADEP,17,14,400,827.00,"330,800.00"
2020-02-20,2020022001022889,NBB,25,50,707,210.00,"148,470.00"
2020-02-20,2020022001022888,NBB,25,50,293,210.00,"61,530.00"
2020-02-20,2020022001022496,NBB,57,53,300,211.00,"63,300.00"
2020-02-20,2020022001022491,NBB,11,53,200,211.00,"42,200.00"
2020-02-20,2020022001022632,NBL,13,58,480,272.00,"130,560.00"
2020-02-20,2020022001022792,NCCB,34,48,40,196.00,"7,840.00"
2020-02-20,2020022001022501,NCCB,10,48,100,196.00,"19,600.00"
2020-02-20,2020022001022500,NCCB,53,48,100,196.00,"19,600.00"
2020-02-20,2020022001022499,NCCB,29,48,41,196.00,"8,036.00"
2020-02-20,2020022001022486,NCCB,29,46,102,196.00,"19,992.00"
2020-02-20,2020022001022703,NHPC,58,28,500,63.00,"31,500.00"
2020-02-20,2020022001022640,NHPC,58,40,200,62.00,"12,400.00"
2020-02-20,2020022001022439,NHPC,32,28,"1,000",63.00,"63,000.00"
2020-02-20,2020022001022418,NHPC,51,28,"1,500",63.00,"94,500.00"
2020-02-20,2020022001022761,NIB,3,40,117,395.00,"46,215.00"
2020-02-20,2020022001022760,NIB,7,40,200,395.00,"79,000.00"
2020-02-20,2020022001022483,NIB,7,59,117,395.00,"46,215.00"
2020-02-20,2020022001022460,NIB,40,59,63,395.00,"24,885.00"
2020-02-20,2020022001022459,NIB,40,56,137,395.00,"54,115.00"
2020-02-20,2020022001022840,NICA,56,41,500,554.00,"277,000.00"
2020-02-20,2020022001022759,NICA,47,53,635,552.00,"350,520.00"
2020-02-20,2020022001022758,NICA,57,53,100,552.00,"55,200.00"
2020-02-20,2020022001022859,NICL,34,16,200,502.00,"100,400.00"
2020-02-20,2020022001022858,NICL,57,16,100,502.00,"50,200.00"
2020-02-20,2020022001022649,NICL,17,10,800,503.00,"402,400.00"
2020-02-20,2020022001022627,NICL,5,10,200,503.00,"100,600.00"
2020-02-20,2020022001022626,NICL,5,5,200,503.00,"100,600.00"
2020-02-20,2020022001022529,NICL,21,33,293,501.00,"146,793.00"
2020-02-20,2020022001022528,NICL,41,33,100,501.00,"50,100.00"
2020-02-20,2020022001022527,NICL,34,33,500,502.00,"251,000.00"
2020-02-20,2020022001022526,NICL,34,33,107,502.00,"53,714.00"
2020-02-20,2020022001022728,NIL,42,28,10,652.00,"6,520.00"
2020-02-20,2020022001022702,NIL,42,14,100,652.00,"65,200.00"
2020-02-20,2020022001022628,NIL,51,28,200,656.00,"131,200.00"
2020-02-20,2020022001022584,NIL,51,34,300,656.00,"196,800.00"
2020-02-20,2020022001022581,NIL,34,34,200,656.00,"131,200.00"
2020-02-20,2020022001022557,NIL,40,28,250,657.00,"164,250.00"
2020-02-20,2020022001022556,NIL,40,53,50,657.00,"32,850.00"
2020-02-20,2020022001022448,NIL,38,51,200,655.00,"131,000.00"
2020-02-20,2020022001022424,NIL,38,38,100,655.00,"65,500.00"
2020-02-20,2020022001022423,NIL,38,21,10,655.00,"6,550.00"
2020-02-20,2020022001022422,NIL,38,35,100,655.00,"65,500.00"
2020-02-20,2020022001022421,NIL,38,42,17,655.00,"11,135.00"
2020-02-20,2020022001022871,NLBBL,29,57,61,952.00,"58,072.00"
2020-02-20,2020022001022870,NLBBL,29,51,70,952.00,"66,640.00"
2020-02-20,2020022001022869,NLBBL,29,26,30,952.00,"28,560.00"
2020-02-20,2020022001022868,NLBBL,29,38,39,950.00,"37,050.00"
2020-02-20,2020022001022894,NLIC,39,21,66,"1,241.00","81,906.00"
2020-02-20,2020022001022695,NLIC,53,4,300,"1,242.00","372,600.00"
2020-02-20,2020022001022694,NLIC,32,4,106,"1,242.00","131,652.00"
2020-02-20,2020022001022693,NLIC,13,4,"1,000","1,243.00","1,243,000.00"
2020-02-20,2020022001022692,NLIC,21,4,10,"1,244.00","12,440.00"
2020-02-20,2020022001022691,NLIC,56,4,58,"1,244.00","72,152.00"
2020-02-20,2020022001022550,NLIC,13,4,"1,000","1,245.00","1,245,000.00"
2020-02-20,2020022001022549,NLIC,56,4,50,"1,245.00","62,250.00"
2020-02-20,2020022001022548,NLIC,6,4,50,"1,245.00","62,250.00"
2020-02-20,2020022001022547,NLIC,17,4,50,"1,245.00","62,250.00"
2020-02-20,2020022001022546,NLIC,52,4,500,"1,246.00","623,000.00"
2020-02-20,2020022001022461,NLIC,39,34,50,"1,252.00","62,600.00"
2020-02-20,2020022001022690,NLIC,1,4,100,"1,244.00","124,400.00"
2020-02-20,2020022001022689,NLIC,14,4,125,"1,244.00","155,500.00"
2020-02-20,2020022001022688,NLIC,14,16,75,"1,244.00","93,300.00"
2020-02-20,2020022001022687,NLIC,19,16,25,"1,244.00","31,100.00"
2020-02-20,2020022001022589,NLIC,58,4,150,"1,245.00","186,750.00"
2020-02-20,2020022001022551,NLIC,34,4,100,"1,245.00","124,500.00"
2020-02-20,2020022001022637,NLICL,54,52,200,726.00,"145,200.00"
2020-02-20,2020022001022512,NLICL,54,14,201,726.00,"145,926.00"
2020-02-20,2020022001022892,NMB,33,41,254,411.00,"104,394.00"
2020-02-20,2020022001022891,NMB,33,59,"1,085",411.00,"445,935.00"
2020-02-20,2020022001022890,NMB,33,38,250,411.00,"102,750.00"
2020-02-20,2020022001022857,NMB,14,53,459,410.00,"188,190.00"
2020-02-20,2020022001022797,NMB,14,6,175,410.00,"71,750.00"
2020-02-20,2020022001022444,NMB,26,6,300,410.00,"123,000.00"
2020-02-20,2020022001022443,NMB,59,6,525,410.00,"215,250.00"
2020-02-20,2020022001022849,NMBMF,13,47,19,"1,058.00","20,102.00"
2020-02-20,2020022001022848,NMBMF,49,47,50,"1,058.00","52,900.00"
2020-02-20,2020022001022847,NMBMF,11,47,20,"1,058.00","21,160.00"
2020-02-20,2020022001022846,NMBMF,49,47,11,"1,058.00","11,638.00"
2020-02-20,2020022001022756,NUBL,17,51,500,"1,152.00","576,000.00"
2020-02-20,2020022001022489,NUBL,5,51,55,"1,159.00","63,745.00"
2020-02-20,2020022001022488,NUBL,5,7,45,"1,159.00","52,155.00"
2020-02-20,2020022001022413,NUBL,5,7,55,"1,159.00","63,745.00"
2020-02-20,2020022001022412,NUBL,5,5,45,"1,159.00","52,155.00"
2020-02-20,2020022001022893,OHL,41,34,250,501.00,"125,250.00"
2020-02-20,2020022001022514,OHL,33,48,500,504.00,"252,000.00"
2020-02-20,2020022001022861,PCBL,17,28,100,289.00,"28,900.00"
2020-02-20,2020022001022570,PCBL,13,37,268,288.00,"77,184.00"
2020-02-20,2020022001022569,PCBL,47,37,24,288.00,"6,912.00"
2020-02-20,2020022001022469,PCBL,47,49,476,288.00,"137,088.00"
2020-02-20,2020022001022468,PCBL,51,49,24,288.00,"6,912.00"
2020-02-20,2020022001022638,PFL,1,34,39,159.00,"6,201.00"
2020-02-20,2020022001022862,PIC,4,5,52,705.00,"36,660.00"
2020-02-20,2020022001022839,PIC,4,48,495,714.00,"353,430.00"
2020-02-20,2020022001022838,PIC,4,7,20,713.00,"14,260.00"
2020-02-20,2020022001022837,PIC,4,1,300,712.00,"213,600.00"
2020-02-20,2020022001022836,PIC,4,25,50,710.00,"35,500.00"
2020-02-20,2020022001022835,PIC,4,39,25,710.00,"17,750.00"
2020-02-20,2020022001022772,PIC,4,38,500,702.00,"351,000.00"
2020-02-20,2020022001022771,PIC,4,52,267,702.00,"187,434.00"
2020-02-20,2020022001022764,PIC,40,52,173,702.00,"121,446.00"
2020-02-20,2020022001022763,PIC,40,36,327,701.00,"229,227.00"
2020-02-20,2020022001022710,PIC,40,36,173,701.00,"121,273.00"
2020-02-20,2020022001022709,PIC,40,59,27,701.00,"18,927.00"
2020-02-20,2020022001022778,PIC,4,44,594,705.00,"418,770.00"
2020-02-20,2020022001022777,PIC,4,40,164,704.00,"115,456.00"
2020-02-20,2020022001022776,PIC,4,11,"1,000",703.00,"703,000.00"
2020-02-20,2020022001022775,PIC,4,52,85,703.00,"59,755.00"
2020-02-20,2020022001022774,PIC,4,35,75,702.00,"52,650.00"
2020-02-20,2020022001022773,PIC,4,58,500,702.00,"351,000.00"
2020-02-20,2020022001022834,PIC,4,8,100,706.00,"70,600.00"
2020-02-20,2020022001022833,PIC,4,56,10,706.00,"7,060.00"
2020-02-20,2020022001022782,PIC,4,49,500,705.00,"352,500.00"
2020-02-20,2020022001022781,PIC,4,49,20,705.00,"14,100.00"
2020-02-20,2020022001022780,PIC,4,20,50,705.00,"35,250.00"
2020-02-20,2020022001022779,PIC,4,8,224,705.00,"157,920.00"
2020-02-20,2020022001022816,PICL,56,56,200,555.00,"111,000.00"
2020-02-20,2020022001022768,PICL,56,56,110,554.00,"60,940.00"
2020-02-20,2020022001022705,PICL,56,5,500,550.00,"275,000.00"
2020-02-20,2020022001022704,PICL,56,10,200,550.00,"110,000.00"
2020-02-20,2020022001022879,PLIC,4,58,411,639.00,"262,629.00"
2020-02-20,2020022001022810,PLIC,4,58,339,640.00,"216,960.00"
2020-02-20,2020022001022806,PLIC,4,32,411,640.00,"263,040.00"
2020-02-20,2020022001022666,PLIC,57,32,489,640.00,"312,960.00"
2020-02-20,2020022001022552,PLIC,36,32,100,640.00,"64,000.00"
2020-02-20,2020022001022442,PLIC,49,58,200,640.00,"128,000.00"
2020-02-20,2020022001022441,PLIC,52,58,71,640.00,"45,440.00"
2020-02-20,2020022001022738,PPCL,34,20,10,126.00,"1,260.00"
2020-02-20,2020022001022729,PRIN,59,16,500,526.00,"263,000.00"
2020-02-20,2020022001022724,PRIN,49,54,990,530.00,"524,700.00"
2020-02-20,2020022001022723,PRIN,49,33,150,530.00,"79,500.00"
2020-02-20,2020022001022722,PRIN,49,34,150,530.00,"79,500.00"
2020-02-20,2020022001022721,PRIN,49,35,290,529.00,"153,410.00"
2020-02-20,2020022001022720,PRIN,49,46,100,528.00,"52,800.00"
2020-02-20,2020022001022623,PRIN,48,38,76,525.00,"39,900.00"
2020-02-20,2020022001022539,PRIN,6,57,241,527.00,"127,007.00"
2020-02-20,2020022001022538,PRIN,6,36,500,527.00,"263,500.00"
2020-02-20,2020022001022537,PRIN,6,13,50,527.00,"26,350.00"
2020-02-20,2020022001022536,PRIN,6,39,50,527.00,"26,350.00"
2020-02-20,2020022001022535,PRIN,6,26,159,527.00,"83,793.00"
2020-02-20,2020022001022719,PRIN,49,17,400,528.00,"211,200.00"
2020-02-20,2020022001022718,PRIN,49,6,500,528.00,"264,000.00"
2020-02-20,2020022001022717,PRIN,49,7,100,527.00,"52,700.00"
2020-02-20,2020022001022716,PRIN,49,57,20,527.00,"10,540.00"
2020-02-20,2020022001022625,PRIN,44,38,217,525.00,"113,925.00"
2020-02-20,2020022001022624,PRIN,34,38,500,525.00,"262,500.00"
2020-02-20,2020022001022845,PRVU,47,40,709,250.00,"177,250.00"
2020-02-20,2020022001022727,PRVU,47,28,169,250.00,"42,250.00"
2020-02-20,2020022001022660,PRVU,49,28,31,250.00,"7,750.00"
2020-02-20,2020022001022478,PRVU,29,34,809,251.00,"203,059.00"
2020-02-20,2020022001022648,RBCL,58,43,20,"11,100.00","222,000.00"
2020-02-20,2020022001022545,RBCL,42,14,20,"11,100.00","222,000.00"
2020-02-20,2020022001022544,RBCL,42,58,30,"11,099.00","332,970.00"
2020-02-20,2020022001022684,RBCLPO,3,57,30,"9,461.00","283,830.00"
2020-02-20,2020022001022651,RHPC,29,48,10,91.00,910.00
2020-02-20,2020022001022770,RHPL,6,20,40,166.00,"6,640.00"
2020-02-20,2020022001022663,RHPL,6,38,20,166.00,"3,320.00"
2020-02-20,2020022001022662,RHPL,7,38,20,166.00,"3,320.00"
2020-02-20,2020022001022574,RHPL,7,34,40,166.00,"6,640.00"
2020-02-20,2020022001022730,RLFL,16,46,147,141.00,"20,727.00"
2020-02-20,2020022001022795,RMDC,49,1,93,840.00,"78,120.00"
2020-02-20,2020022001022502,RMDC,29,1,100,840.00,"84,000.00"
2020-02-20,2020022001022419,RMDC,54,1,43,841.00,"36,163.00"
2020-02-20,2020022001022409,RMDC,54,50,135,841.00,"113,535.00"
2020-02-20,2020022001022524,RRHP,45,38,10,102.00,"1,020.00"
2020-02-20,2020022001022886,SABSL,34,34,100,990.00,"99,000.00"
2020-02-20,2020022001022885,SABSL,25,34,50,991.00,"49,550.00"
2020-02-20,2020022001022513,SABSL,42,42,20,992.00,"19,840.00"
2020-02-20,2020022001022595,SADBL,36,37,200,175.00,"35,000.00"
2020-02-20,2020022001022542,SADBL,36,36,50,175.00,"8,750.00"
2020-02-20,2020022001022487,SADBL,36,42,67,173.00,"11,591.00"
2020-02-20,2020022001022471,SANIMA,33,17,650,356.00,"231,400.00"
2020-02-20,2020022001022470,SANIMA,33,17,350,356.00,"124,600.00"
2020-02-20,2020022001022407,SANIMA,57,17,100,356.00,"35,600.00"
2020-02-20,2020022001022707,SBI,42,54,55,430.00,"23,650.00"
2020-02-20,2020022001022706,SBI,42,47,70,430.00,"30,100.00"
2020-02-20,2020022001022480,SBI,34,47,50,429.00,"21,450.00"
2020-02-20,2020022001022479,SBI,33,47,75,429.00,"32,175.00"
2020-02-20,2020022001022796,SBL,49,50,169,323.00,"54,587.00"
2020-02-20,2020022001022677,SBL,58,25,172,324.00,"55,728.00"
2020-02-20,2020022001022676,SBL,58,8,200,324.00,"64,800.00"
2020-02-20,2020022001022675,SBL,58,6,628,324.00,"203,472.00"
2020-02-20,2020022001022522,SBL,8,6,372,324.00,"120,528.00"
2020-02-20,2020022001022521,SBL,8,46,28,324.00,"9,072.00"
2020-02-20,2020022001022878,SCB,14,46,113,658.00,"74,354.00"
2020-02-20,2020022001022876,SCB,36,46,40,658.00,"26,320.00"
2020-02-20,2020022001022875,SCB,36,29,290,658.00,"190,820.00"
2020-02-20,2020022001022874,SCB,36,11,50,658.00,"32,900.00"
2020-02-20,2020022001022541,SEF,41,48,500,9.60,"4,800.00"
2020-02-20,2020022001022503,SFCL,20,38,790,106.00,"83,740.00"
2020-02-20,2020022001022843,SHINE,51,43,50,299.00,"14,950.00"
2020-02-20,2020022001022583,SHINE,51,58,335,299.00,"100,165.00"
2020-02-20,2020022001022568,SHINE,57,46,888,298.00,"264,624.00"
2020-02-20,2020022001022567,SHINE,39,46,102,298.00,"30,396.00"
2020-02-20,2020022001022742,SHIVM,35,19,100,666.00,"66,600.00"
2020-02-20,2020022001022686,SHIVM,35,19,271,666.00,"180,486.00"
2020-02-20,2020022001022685,SHIVM,38,19,29,666.00,"19,314.00"
2020-02-20,2020022001022667,SHIVM,16,34,130,667.00,"86,710.00"
2020-02-20,2020022001022532,SHL,50,26,"1,900",198.00,"376,200.00"
2020-02-20,2020022001022531,SHL,28,26,100,201.00,"20,100.00"
2020-02-20,2020022001022406,SHL,50,50,300,198.00,"59,400.00"
2020-02-20,2020022001022808,SHPC,6,49,200,233.00,"46,600.00"
2020-02-20,2020022001022807,SHPC,6,49,"3,000",233.00,"699,000.00"
2020-02-20,2020022001022765,SHPC,11,49,120,233.00,"27,960.00"
2020-02-20,2020022001022586,SHPC,6,49,500,233.00,"116,500.00"
2020-02-20,2020022001022573,SHPC,49,47,"1,000",231.00,"231,000.00"
2020-02-20,2020022001022572,SHPC,32,47,"1,000",231.00,"231,000.00"
2020-02-20,2020022001022482,SHPC,6,49,462,233.00,"107,646.00"
2020-02-20,2020022001022900,SIC,34,13,200,823.00,"164,600.00"
2020-02-20,2020022001022802,SIC,49,53,144,820.00,"118,080.00"
2020-02-20,2020022001022801,SIC,33,53,33,820.00,"27,060.00"
2020-02-20,2020022001022800,SIC,59,53,23,822.00,"18,906.00"
2020-02-20,2020022001022477,SIC,59,39,10,822.00,"8,220.00"
2020-02-20,2020022001022476,SIC,59,26,140,822.00,"115,080.00"
2020-02-20,2020022001022475,SIC,59,3,127,821.00,"104,267.00"
2020-02-20,2020022001022896,SICL,7,17,24,"1,291.00","30,984.00"
2020-02-20,2020022001022895,SICL,56,17,76,"1,291.00","98,116.00"
2020-02-20,2020022001022822,SICL,28,35,500,"1,295.00","647,500.00"
2020-02-20,2020022001022821,SICL,56,35,80,"1,295.00","103,600.00"
2020-02-20,2020022001022571,SICL,58,59,19,"1,296.00","24,624.00"
2020-02-20,2020022001022519,SICL,58,17,50,"1,296.00","64,800.00"
2020-02-20,2020022001022458,SICL,58,17,19,"1,296.00","24,624.00"
2020-02-20,2020022001022445,SICL,52,17,31,"1,296.00","40,176.00"
2020-02-20,2020022001022744,SICL,52,58,50,"1,296.00","64,800.00"
2020-02-20,2020022001022743,SICL,58,58,52,"1,296.00","67,392.00"
2020-02-20,2020022001022735,SICL,42,46,50,"1,297.00","64,850.00"
2020-02-20,2020022001022734,SICL,42,26,50,"1,297.00","64,850.00"
2020-02-20,2020022001022647,SICL,58,37,10,"1,296.00","12,960.00"
2020-02-20,2020022001022606,SIL,6,6,100,626.00,"62,600.00"
2020-02-20,2020022001022605,SIL,6,46,100,626.00,"62,600.00"
2020-02-20,2020022001022604,SIL,6,34,496,626.00,"310,496.00"
2020-02-20,2020022001022603,SIL,6,34,50,625.00,"31,250.00"
2020-02-20,2020022001022602,SIL,6,40,100,625.00,"62,500.00"
2020-02-20,2020022001022601,SIL,6,38,500,625.00,"312,500.00"
2020-02-20,2020022001022713,SINDU,49,34,235,137.00,"32,195.00"
2020-02-20,2020022001022809,SJCL,59,20,10,158.00,"1,580.00"
2020-02-20,2020022001022804,SJCL,59,38,20,158.00,"3,160.00"
2020-02-20,2020022001022540,SJCL,59,6,200,158.00,"31,600.00"
2020-02-20,2020022001022757,SKBBL,55,17,35,"1,360.00","47,600.00"
2020-02-20,2020022001022639,SKBBL,34,17,10,"1,360.00","13,600.00"
2020-02-20,2020022001022565,SLBSL,14,21,10,"1,068.00","10,680.00"
2020-02-20,2020022001022883,SLICL,57,57,101,510.00,"51,510.00"
2020-02-20,2020022001022882,SLICL,32,57,100,511.00,"51,100.00"
2020-02-20,2020022001022881,SLICL,38,57,20,512.00,"10,240.00"
2020-02-20,2020022001022880,SLICL,47,57,26,512.00,"13,312.00"
2020-02-20,2020022001022737,SLICL,57,16,100,514.00,"51,400.00"
2020-02-20,2020022001022736,SLICL,57,59,100,514.00,"51,400.00"
2020-02-20,2020022001022715,SLICL,47,16,50,512.00,"25,600.00"
2020-02-20,2020022001022669,SLICL,47,59,13,512.00,"6,656.00"
2020-02-20,2020022001022631,SLICL,47,59,19,512.00,"9,728.00"
2020-02-20,2020022001022520,SLICL,36,58,200,514.00,"102,800.00"
2020-02-20,2020022001022462,SLICL,47,59,12,512.00,"6,144.00"
2020-02-20,2020022001022853,SMB,28,36,10,"1,096.00","10,960.00"
2020-02-20,2020022001022852,SMB,55,36,100,"1,097.00","109,700.00"
2020-02-20,2020022001022851,SMB,6,36,20,"1,097.00","21,940.00"
2020-02-20,2020022001022850,SMB,46,32,20,"1,105.00","22,100.00"
2020-02-20,2020022001022654,SRBL,19,34,21,257.00,"5,397.00"
2020-02-20,2020022001022653,SRBL,44,34,100,257.00,"25,700.00"
2020-02-20,2020022001022652,SRBL,58,34,279,257.00,"71,703.00"
2020-02-20,2020022001022436,SRBL,49,36,118,258.00,"30,444.00"
2020-02-20,2020022001022435,SRBL,49,35,"1,000",258.00,"258,000.00"
2020-02-20,2020022001022434,SRBL,49,6,382,258.00,"98,556.00"
2020-02-20,2020022001022408,SRBL,16,6,80,258.00,"20,640.00"
2020-02-20,2020022001022554,STC,40,17,100,"2,790.00","279,000.00"
2020-02-20,2020022001022485,TMDBL,52,57,80,195.00,"15,600.00"
2020-02-20,2020022001022899,UIC,49,51,300,461.00,"138,300.00"
2020-02-20,2020022001022898,UIC,47,51,67,462.00,"30,954.00"
2020-02-20,2020022001022897,UIC,48,51,35,462.00,"16,170.00"
2020-02-20,2020022001022854,UIC,42,42,83,470.00,"39,010.00"
2020-02-20,2020022001022463,UPCL,37,34,50,78.00,"3,900.00"
2020-02-20,2020022001022856,UPPER,6,50,10,239.00,"2,390.00"
2020-02-20,2020022001022793,UPPER,58,16,35,239.00,"8,365.00"
2020-02-20,2020022001022671,UPPER,58,11,165,239.00,"39,435.00"
2020-02-20,2020022001022670,UPPER,25,11,"1,835",239.00,"438,565.00"
2020-02-20,2020022001022592,UPPER,25,36,165,239.00,"39,435.00"
2020-02-20,2020022001022591,UPPER,29,36,100,239.00,"23,900.00"
2020-02-20,2020022001022590,UPPER,17,36,380,239.00,"90,820.00"
2020-02-20,2020022001022428,UPPER,17,34,50,239.00,"11,950.00"
2020-02-20,2020022001022786,VLBS,14,35,25,"1,241.00","31,025.00"
2020-02-20,2020022001022481,VLBS,52,35,14,"1,242.00","17,388.00"
2020-02-20,2020022001022426,VLBS,52,42,13,"1,241.00","16,133.00"
2020-02-20,2020022001022367,ADBL,49,37,145,399.00,"57,855.00"
2020-02-20,2020022001022171,ADBL,43,59,100,400.00,"40,000.00"
2020-02-20,2020022001022170,ADBL,43,41,98,400.00,"39,200.00"
2020-02-20,2020022001022071,ADBL,49,46,83,399.00,"33,117.00"
2020-02-20,2020022001021976,AHPC,37,6,81,98.00,"7,938.00"
2020-02-20,2020022001021975,AHPC,51,6,20,98.00,"1,960.00"
2020-02-20,2020022001022166,AKPL,20,38,"1,000",137.00,"137,000.00"
2020-02-20,2020022001022165,AKPL,20,40,"3,000",137.00,"411,000.00"
2020-02-20,2020022001022339,ALBSL,44,43,28,895.00,"25,060.00"
2020-02-20,2020022001022336,ALBSL,44,42,11,895.00,"9,845.00"
2020-02-20,2020022001022128,ALBSL,44,21,11,895.00,"9,845.00"
2020-02-20,2020022001021985,ALBSL,29,34,259,900.00,"233,100.00"
2020-02-20,2020022001021984,ALBSL,29,38,11,900.00,"9,900.00"
2020-02-20,2020022001021983,ALBSL,29,1,10,900.00,"9,000.00"
2020-02-20,2020022001021982,ALBSL,29,41,10,900.00,"9,000.00"
2020-02-20,2020022001021981,ALBSL,29,41,10,900.00,"9,000.00"
2020-02-20,2020022001022324,ALICL,50,57,450,650.00,"292,500.00"
2020-02-20,2020022001022282,ALICL,40,40,265,650.00,"172,250.00"
2020-02-20,2020022001022129,ALICL,40,17,180,650.00,"117,000.00"
2020-02-20,2020022001022082,ALICL,40,39,50,650.00,"32,500.00"
2020-02-20,2020022001022036,ALICL,41,36,100,651.00,"65,100.00"
2020-02-20,2020022001022004,ALICL,16,19,350,649.00,"227,150.00"
2020-02-20,2020022001022003,ALICL,41,19,50,650.00,"32,500.00"
2020-02-20,2020022001022002,ALICL,54,19,100,650.00,"65,000.00"
2020-02-20,2020022001021909,ALICL,49,36,100,651.00,"65,100.00"
2020-02-20,2020022001022376,API,49,56,400,136.00,"54,400.00"
2020-02-20,2020022001022374,API,35,56,200,136.00,"27,200.00"
2020-02-20,2020022001021956,API,21,56,"1,500",136.00,"204,000.00"
2020-02-20,2020022001022387,BOKL,36,34,155,237.00,"36,735.00"
2020-02-20,2020022001022130,BOKL,36,39,56,237.00,"13,272.00"
2020-02-20,2020022001021959,BOKL,8,41,653,238.00,"155,414.00"
2020-02-20,2020022001022377,BPCL,52,14,67,390.00,"26,130.00"
2020-02-20,2020022001021902,BPCL,59,53,500,380.00,"190,000.00"
2020-02-20,2020022001022198,BPCL,49,17,300,382.00,"114,600.00"
2020-02-20,2020022001022099,BPCL,11,17,200,382.00,"76,400.00"
2020-02-20,2020022001022098,BPCL,11,6,100,382.00,"38,200.00"
2020-02-20,2020022001022262,BPCL,14,11,50,383.00,"19,150.00"
2020-02-20,2020022001022237,BPCL,26,49,417,385.00,"160,545.00"
2020-02-20,2020022001022236,BPCL,26,33,522,384.00,"200,448.00"
2020-02-20,2020022001022235,BPCL,26,41,11,383.00,"4,213.00"
2020-02-20,2020022001022234,BPCL,26,8,50,383.00,"19,150.00"
2020-02-20,2020022001022300,BPCL,32,14,67,390.00,"26,130.00"
2020-02-20,2020022001022299,BPCL,32,47,50,390.00,"19,500.00"
2020-02-20,2020022001022298,BPCL,32,43,"1,000",390.00,"390,000.00"
2020-02-20,2020022001022297,BPCL,32,47,200,387.00,"77,400.00"
2020-02-20,2020022001022296,BPCL,32,58,100,387.00,"38,700.00"
2020-02-20,2020022001022295,BPCL,32,49,83,385.00,"31,955.00"
2020-02-20,2020022001022389,CBBL,6,42,10,"1,255.00","12,550.00"
2020-02-20,2020022001022388,CBBL,6,43,50,"1,255.00","62,750.00"
2020-02-20,2020022001022209,CBBL,6,10,100,"1,254.00","125,400.00"
2020-02-20,2020022001022208,CBBL,6,4,30,"1,251.00","37,530.00"
2020-02-20,2020022001022091,CBBL,6,55,500,"1,250.00","625,000.00"
2020-02-20,2020022001022155,CBL,37,58,200,152.00,"30,400.00"
2020-02-20,2020022001022152,CBL,37,43,"2,000",152.00,"304,000.00"
2020-02-20,2020022001022268,CCBL,45,43,19,183.00,"3,477.00"
2020-02-20,2020022001022267,CCBL,22,43,100,183.00,"18,300.00"
2020-02-20,2020022001022266,CCBL,59,43,400,183.00,"73,200.00"
2020-02-20,2020022001022265,CCBL,59,43,300,183.00,"54,900.00"
2020-02-20,2020022001022264,CCBL,47,43,181,183.00,"33,123.00"
2020-02-20,2020022001021923,CCBL,47,19,121,183.00,"22,143.00"
2020-02-20,2020022001021958,CHCL,1,47,244,430.00,"104,920.00"
2020-02-20,2020022001021957,CHCL,1,29,56,430.00,"24,080.00"
2020-02-20,2020022001021928,CHCL,26,40,327,428.00,"139,956.00"
2020-02-20,2020022001021927,CHCL,37,40,200,428.00,"85,600.00"
2020-02-20,2020022001021926,CHCL,59,40,60,428.00,"25,680.00"
2020-02-20,2020022001021925,CHCL,38,40,20,429.00,"8,580.00"
2020-02-20,2020022001022301,CIT,39,20,11,"2,900.00","31,900.00"
2020-02-20,2020022001022293,CIT,52,34,22,"2,910.00","64,020.00"
2020-02-20,2020022001022292,CIT,52,58,98,"2,909.00","285,082.00"
2020-02-20,2020022001022280,CIT,39,32,50,"2,900.00","145,000.00"
2020-02-20,2020022001022243,CIT,28,34,55,"2,910.00","160,050.00"
2020-02-20,2020022001022242,CIT,28,37,95,"2,910.00","276,450.00"
2020-02-20,2020022001022054,CIT,39,58,290,"2,900.00","841,000.00"
2020-02-20,2020022001022053,CIT,39,57,50,"2,899.00","144,950.00"
2020-02-20,2020022001021905,CIT,19,17,40,"2,891.00","115,640.00"
2020-02-20,2020022001021904,CIT,52,17,50,"2,892.00","144,600.00"
2020-02-20,2020022001021903,CIT,52,17,10,"2,892.00","28,920.00"
2020-02-20,2020022001022241,CIT,28,56,50,"2,909.00","145,450.00"
2020-02-20,2020022001022167,CIT,39,47,22,"2,900.00","63,800.00"
2020-02-20,2020022001022164,CIT,52,37,15,"2,910.00","43,650.00"
2020-02-20,2020022001022163,CIT,52,14,150,"2,910.00","436,500.00"
2020-02-20,2020022001022162,CIT,52,16,35,"2,905.00","101,675.00"
2020-02-20,2020022001022055,CIT,39,58,50,"2,900.00","145,000.00"
2020-02-20,2020022001022366,CZBIL,38,17,153,199.00,"30,447.00"
2020-02-20,2020022001022034,DDBL,14,38,20,997.00,"19,940.00"
2020-02-20,2020022001021997,EBL,32,40,133,677.00,"90,041.00"
2020-02-20,2020022001021901,EBL,50,1,500,678.00,"339,000.00"
2020-02-20,2020022001022391,EIC,28,10,250,471.00,"117,750.00"
2020-02-20,2020022001022368,EIC,28,32,39,471.00,"18,369.00"
2020-02-20,2020022001022345,EIC,42,50,10,472.00,"4,720.00"
2020-02-20,2020022001022335,EIC,41,50,100,472.00,"47,200.00"
2020-02-20,2020022001022334,EIC,38,50,156,472.00,"73,632.00"
2020-02-20,2020022001022333,EIC,50,50,10,473.00,"4,730.00"
