Date,Transact. No.,Symbol,Buyer,Seller,Quantity,Rate,Amount
2020-09-22,2020092204009676,GIMES1,34,42,"3,338",9.27,"30,943.30"
2020-09-22,2020092204009675,GIMES1,19,42,"1,662",9.27,"15,406.70"
2020-09-22,2020092204009393,GIMES1,19,21,"2,000",9.27,"18,540.00"
2020-09-22,2020092204009512,NIBPO,17,58,129,359.00,"46,311.00"
2020-09-22,2020092204009511,NIBPO,46,58,272,359.00,"97,648.00"
2020-09-22,2020092204009470,NIBPO,46,34,28,359.00,"10,052.00"
2020-09-22,2020092204009469,NIBPO,17,34,343,359.00,"123,137.00"
2020-09-22,2020092204009496,NICBF,19,29,500,8.82,"4,410.00"
2020-09-22,2020092204009431,NMB50,16,38,100,9.25,925.00
2020-09-22,2020092204009542,NMBHF1,58,7,841,9.94,"8,359.54"
2020-09-22,2020092204009719,RLI,39,29,10,630.00,"6,300.00"
2020-09-22,2020092204009718,RLI,39,14,10,630.00,"6,300.00"
2020-09-22,2020092204009717,RLI,39,40,10,630.00,"6,300.00"
2020-09-22,2020092204009716,RLI,39,48,10,630.00,"6,300.00"
2020-09-22,2020092204009715,RLI,39,39,10,630.00,"6,300.00"
2020-09-22,2020092204009714,RLI,39,38,10,630.00,"6,300.00"
2020-09-22,2020092204009225,RLI,5,29,10,628.00,"6,280.00"
2020-09-22,2020092204009224,RLI,5,29,10,628.00,"6,280.00"
2020-09-22,2020092204009223,RLI,5,29,10,628.00,"6,280.00"
2020-09-22,2020092204009222,RLI,5,29,10,628.00,"6,280.00"
2020-09-22,2020092204009221,RLI,5,29,10,628.00,"6,280.00"
2020-09-22,2020092204009220,RLI,5,29,10,628.00,"6,280.00"
2020-09-22,2020092204009231,RLI,36,10,10,627.00,"6,270.00"
2020-09-22,2020092204009230,RLI,36,44,10,627.00,"6,270.00"
2020-09-22,2020092204009229,RLI,5,35,10,628.00,"6,280.00"
2020-09-22,2020092204009228,RLI,5,29,10,628.00,"6,280.00"
2020-09-22,2020092204009227,RLI,5,29,10,628.00,"6,280.00"
2020-09-22,2020092204009226,RLI,5,29,10,628.00,"6,280.00"
2020-09-22,2020092204009237,RLI,36,10,10,627.00,"6,270.00"
2020-09-22,2020092204009236,RLI,36,58,10,627.00,"6,270.00"
2020-09-22,2020092204009235,RLI,36,44,10,627.00,"6,270.00"
2020-09-22,2020092204009234,RLI,36,29,10,627.00,"6,270.00"
2020-09-22,2020092204009233,RLI,36,10,10,627.00,"6,270.00"
2020-09-22,2020092204009232,RLI,36,40,10,627.00,"6,270.00"
2020-09-22,2020092204009243,RLI,36,33,10,628.00,"6,280.00"
2020-09-22,2020092204009242,RLI,36,33,10,628.00,"6,280.00"
2020-09-22,2020092204009241,RLI,36,44,10,627.00,"6,270.00"
2020-09-22,2020092204009240,RLI,36,38,10,627.00,"6,270.00"
2020-09-22,2020092204009239,RLI,36,1,10,627.00,"6,270.00"
2020-09-22,2020092204009238,RLI,36,14,10,627.00,"6,270.00"
2020-09-22,2020092204009249,RLI,36,29,10,628.00,"6,280.00"
2020-09-22,2020092204009248,RLI,36,29,10,628.00,"6,280.00"
2020-09-22,2020092204009247,RLI,36,29,10,628.00,"6,280.00"
2020-09-22,2020092204009246,RLI,36,58,10,628.00,"6,280.00"
2020-09-22,2020092204009245,RLI,36,58,10,628.00,"6,280.00"
2020-09-22,2020092204009244,RLI,36,33,10,628.00,"6,280.00"
2020-09-22,2020092204009255,RLI,36,41,10,628.00,"6,280.00"
2020-09-22,2020092204009254,RLI,36,29,10,628.00,"6,280.00"
2020-09-22,2020092204009253,RLI,36,29,10,628.00,"6,280.00"
2020-09-22,2020092204009252,RLI,36,29,10,628.00,"6,280.00"
2020-09-22,2020092204009251,RLI,36,58,10,628.00,"6,280.00"
2020-09-22,2020092204009250,RLI,36,29,10,628.00,"6,280.00"
2020-09-22,2020092204009261,RLI,36,45,10,628.00,"6,280.00"
2020-09-22,2020092204009260,RLI,36,14,10,628.00,"6,280.00"
2020-09-22,2020092204009259,RLI,36,14,10,628.00,"6,280.00"
2020-09-22,2020092204009258,RLI,36,14,10,628.00,"6,280.00"
2020-09-22,2020092204009257,RLI,36,41,10,628.00,"6,280.00"
2020-09-22,2020092204009256,RLI,36,40,10,628.00,"6,280.00"
2020-09-22,2020092204009267,RLI,36,42,10,628.00,"6,280.00"
2020-09-22,2020092204009266,RLI,36,42,10,628.00,"6,280.00"
2020-09-22,2020092204009265,RLI,36,28,10,628.00,"6,280.00"
2020-09-22,2020092204009264,RLI,36,50,10,628.00,"6,280.00"
2020-09-22,2020092204009263,RLI,36,1,10,628.00,"6,280.00"
2020-09-22,2020092204009262,RLI,36,52,10,628.00,"6,280.00"
2020-09-22,2020092204009273,RLI,36,37,10,629.00,"6,290.00"
2020-09-22,2020092204009272,RLI,36,42,10,629.00,"6,290.00"
2020-09-22,2020092204009271,RLI,36,36,10,628.00,"6,280.00"
2020-09-22,2020092204009270,RLI,36,38,10,628.00,"6,280.00"
2020-09-22,2020092204009269,RLI,36,36,10,628.00,"6,280.00"
2020-09-22,2020092204009268,RLI,36,36,10,628.00,"6,280.00"
2020-09-22,2020092204009279,RLI,36,29,10,629.00,"6,290.00"
2020-09-22,2020092204009278,RLI,36,37,10,629.00,"6,290.00"
2020-09-22,2020092204009277,RLI,36,38,10,629.00,"6,290.00"
2020-09-22,2020092204009276,RLI,36,34,10,629.00,"6,290.00"
2020-09-22,2020092204009275,RLI,36,52,10,629.00,"6,290.00"
2020-09-22,2020092204009274,RLI,36,29,10,629.00,"6,290.00"
2020-09-22,2020092204009285,RLI,36,29,10,629.00,"6,290.00"
2020-09-22,2020092204009284,RLI,36,58,10,629.00,"6,290.00"
2020-09-22,2020092204009283,RLI,36,6,10,629.00,"6,290.00"
2020-09-22,2020092204009282,RLI,36,37,10,629.00,"6,290.00"
2020-09-22,2020092204009281,RLI,36,49,10,629.00,"6,290.00"
2020-09-22,2020092204009280,RLI,36,29,10,629.00,"6,290.00"
2020-09-22,2020092204009291,RLI,36,37,10,629.00,"6,290.00"
2020-09-22,2020092204009290,RLI,36,29,10,629.00,"6,290.00"
2020-09-22,2020092204009289,RLI,36,37,10,629.00,"6,290.00"
2020-09-22,2020092204009288,RLI,36,29,10,629.00,"6,290.00"
2020-09-22,2020092204009287,RLI,36,37,10,629.00,"6,290.00"
2020-09-22,2020092204009286,RLI,36,25,10,629.00,"6,290.00"
2020-09-22,2020092204009297,RLI,52,34,20,626.00,"12,520.00"
2020-09-22,2020092204009296,RLI,22,34,50,626.00,"31,300.00"
2020-09-22,2020092204009295,RLI,44,34,30,626.00,"18,780.00"
2020-09-22,2020092204009294,RLI,51,34,330,626.00,"206,580.00"
2020-09-22,2020092204009293,RLI,36,34,810,627.00,"507,870.00"
2020-09-22,2020092204009292,RLI,49,34,"1,000",628.00,"628,000.00"
2020-09-22,2020092204009303,RLI,40,57,10,628.00,"6,280.00"
2020-09-22,2020092204009302,RLI,40,44,10,628.00,"6,280.00"
2020-09-22,2020092204009301,RLI,5,46,10,626.00,"6,260.00"
2020-09-22,2020092204009300,RLI,5,10,10,626.00,"6,260.00"
2020-09-22,2020092204009299,RLI,5,34,90,626.00,"56,340.00"
2020-09-22,2020092204009298,RLI,42,34,100,626.00,"62,600.00"
2020-09-22,2020092204009309,RLI,34,37,10,629.00,"6,290.00"
2020-09-22,2020092204009308,RLI,34,29,10,629.00,"6,290.00"
2020-09-22,2020092204009307,RLI,34,37,10,629.00,"6,290.00"
2020-09-22,2020092204009306,RLI,34,29,10,629.00,"6,290.00"
2020-09-22,2020092204009305,RLI,34,37,10,629.00,"6,290.00"
2020-09-22,2020092204009304,RLI,34,29,10,629.00,"6,290.00"
2020-09-22,2020092204009315,RLI,34,29,10,629.00,"6,290.00"
2020-09-22,2020092204009314,RLI,34,37,10,629.00,"6,290.00"
2020-09-22,2020092204009313,RLI,34,29,10,629.00,"6,290.00"
2020-09-22,2020092204009312,RLI,34,37,10,629.00,"6,290.00"
2020-09-22,2020092204009311,RLI,34,37,10,629.00,"6,290.00"
2020-09-22,2020092204009310,RLI,34,29,10,629.00,"6,290.00"
2020-09-22,2020092204009321,RLI,34,29,10,629.00,"6,290.00"
2020-09-22,2020092204009320,RLI,34,42,10,629.00,"6,290.00"
2020-09-22,2020092204009319,RLI,34,37,10,629.00,"6,290.00"
2020-09-22,2020092204009318,RLI,34,29,10,629.00,"6,290.00"
2020-09-22,2020092204009317,RLI,34,37,10,629.00,"6,290.00"
2020-09-22,2020092204009316,RLI,34,37,10,629.00,"6,290.00"
2020-09-22,2020092204009327,RLI,34,37,10,629.00,"6,290.00"
2020-09-22,2020092204009326,RLI,34,37,10,629.00,"6,290.00"
2020-09-22,2020092204009325,RLI,34,29,10,629.00,"6,290.00"
2020-09-22,2020092204009324,RLI,34,37,10,629.00,"6,290.00"
2020-09-22,2020092204009323,RLI,34,29,10,629.00,"6,290.00"
2020-09-22,2020092204009322,RLI,34,37,10,629.00,"6,290.00"
2020-09-22,2020092204009333,RLI,34,44,10,629.00,"6,290.00"
2020-09-22,2020092204009332,RLI,34,58,10,629.00,"6,290.00"
2020-09-22,2020092204009331,RLI,34,42,10,629.00,"6,290.00"
2020-09-22,2020092204009330,RLI,34,44,10,629.00,"6,290.00"
2020-09-22,2020092204009329,RLI,34,34,10,629.00,"6,290.00"
2020-09-22,2020092204009328,RLI,34,35,10,629.00,"6,290.00"
2020-09-22,2020092204009339,RLI,34,44,10,629.00,"6,290.00"
2020-09-22,2020092204009338,RLI,34,55,10,629.00,"6,290.00"
2020-09-22,2020092204009337,RLI,34,6,10,629.00,"6,290.00"
2020-09-22,2020092204009336,RLI,34,45,10,629.00,"6,290.00"
2020-09-22,2020092204009335,RLI,34,42,10,629.00,"6,290.00"
2020-09-22,2020092204009334,RLI,34,43,10,629.00,"6,290.00"
2020-09-22,2020092204009345,RLI,34,21,10,629.00,"6,290.00"
2020-09-22,2020092204009344,RLI,34,38,10,629.00,"6,290.00"
2020-09-22,2020092204009343,RLI,34,44,10,629.00,"6,290.00"
2020-09-22,2020092204009342,RLI,34,49,10,629.00,"6,290.00"
2020-09-22,2020092204009341,RLI,34,34,10,629.00,"6,290.00"
2020-09-22,2020092204009340,RLI,34,11,10,629.00,"6,290.00"
2020-09-22,2020092204009351,RLI,34,55,10,629.00,"6,290.00"
2020-09-22,2020092204009350,RLI,34,44,10,629.00,"6,290.00"
2020-09-22,2020092204009349,RLI,34,10,10,629.00,"6,290.00"
2020-09-22,2020092204009348,RLI,34,32,10,629.00,"6,290.00"
2020-09-22,2020092204009347,RLI,34,41,10,629.00,"6,290.00"
2020-09-22,2020092204009346,RLI,34,34,10,629.00,"6,290.00"
2020-09-22,2020092204009357,RLI,59,42,10,629.00,"6,290.00"
2020-09-22,2020092204009356,RLI,59,11,10,629.00,"6,290.00"
2020-09-22,2020092204009355,RLI,59,46,10,629.00,"6,290.00"
2020-09-22,2020092204009354,RLI,25,34,10,629.00,"6,290.00"
2020-09-22,2020092204009353,RLI,34,29,10,629.00,"6,290.00"
2020-09-22,2020092204009352,RLI,34,49,10,629.00,"6,290.00"
2020-09-22,2020092204009363,RLI,59,6,20,629.00,"12,580.00"
2020-09-22,2020092204009362,RLI,59,49,10,629.00,"6,290.00"
2020-09-22,2020092204009361,RLI,59,38,10,629.00,"6,290.00"
2020-09-22,2020092204009360,RLI,59,29,10,629.00,"6,290.00"
2020-09-22,2020092204009359,RLI,59,44,10,629.00,"6,290.00"
2020-09-22,2020092204009358,RLI,59,44,10,629.00,"6,290.00"
2020-09-22,2020092204009369,RLI,42,44,10,627.00,"6,270.00"
2020-09-22,2020092204009368,RLI,35,57,10,629.00,"6,290.00"
2020-09-22,2020092204009367,RLI,35,38,10,629.00,"6,290.00"
2020-09-22,2020092204009366,RLI,35,42,10,629.00,"6,290.00"
2020-09-22,2020092204009365,RLI,35,6,"1,464",629.00,"920,856.00"
2020-09-22,2020092204009364,RLI,41,6,50,629.00,"31,450.00"
2020-09-22,2020092204009375,RLI,43,8,10,627.00,"6,270.00"
2020-09-22,2020092204009374,RLI,43,44,10,627.00,"6,270.00"
2020-09-22,2020092204009373,RLI,42,45,10,627.00,"6,270.00"
2020-09-22,2020092204009372,RLI,42,10,10,627.00,"6,270.00"
2020-09-22,2020092204009371,RLI,42,38,10,627.00,"6,270.00"
2020-09-22,2020092204009370,RLI,42,38,10,627.00,"6,270.00"
2020-09-22,2020092204009381,RLI,42,56,10,628.00,"6,280.00"
2020-09-22,2020092204009380,RLI,5,49,10,626.00,"6,260.00"
2020-09-22,2020092204009379,RLI,49,46,10,627.00,"6,270.00"
2020-09-22,2020092204009378,RLI,43,44,10,627.00,"6,270.00"
2020-09-22,2020092204009377,RLI,43,40,10,627.00,"6,270.00"
2020-09-22,2020092204009376,RLI,43,45,10,627.00,"6,270.00"
2020-09-22,2020092204009387,RLI,42,57,10,629.00,"6,290.00"
2020-09-22,2020092204009386,RLI,42,58,10,629.00,"6,290.00"
2020-09-22,2020092204009385,RLI,42,58,10,629.00,"6,290.00"
2020-09-22,2020092204009384,RLI,42,14,10,629.00,"6,290.00"
2020-09-22,2020092204009383,RLI,42,29,10,629.00,"6,290.00"
2020-09-22,2020092204009382,RLI,42,25,10,628.00,"6,280.00"
2020-09-22,2020092204009394,RLI,42,40,10,629.00,"6,290.00"
2020-09-22,2020092204009392,RLI,42,48,10,629.00,"6,290.00"
2020-09-22,2020092204009391,RLI,42,38,10,629.00,"6,290.00"
2020-09-22,2020092204009390,RLI,42,29,10,629.00,"6,290.00"
2020-09-22,2020092204009389,RLI,42,45,10,629.00,"6,290.00"
2020-09-22,2020092204009388,RLI,42,8,10,629.00,"6,290.00"
2020-09-22,2020092204009400,RLI,5,48,10,626.00,"6,260.00"
2020-09-22,2020092204009399,RLI,5,45,10,626.00,"6,260.00"
2020-09-22,2020092204009398,RLI,5,38,10,626.00,"6,260.00"
2020-09-22,2020092204009397,RLI,5,17,10,626.00,"6,260.00"
2020-09-22,2020092204009396,RLI,42,22,10,629.00,"6,290.00"
2020-09-22,2020092204009395,RLI,42,34,10,629.00,"6,290.00"
2020-09-22,2020092204009406,RLI,3,38,10,627.00,"6,270.00"
2020-09-22,2020092204009405,RLI,3,8,10,627.00,"6,270.00"
2020-09-22,2020092204009404,RLI,3,45,10,627.00,"6,270.00"
2020-09-22,2020092204009403,RLI,3,21,10,627.00,"6,270.00"
2020-09-22,2020092204009402,RLI,3,58,10,627.00,"6,270.00"
2020-09-22,2020092204009401,RLI,3,40,10,627.00,"6,270.00"
2020-09-22,2020092204009412,RLI,3,48,10,627.00,"6,270.00"
2020-09-22,2020092204009411,RLI,3,55,10,627.00,"6,270.00"
2020-09-22,2020092204009410,RLI,3,10,10,627.00,"6,270.00"
2020-09-22,2020092204009409,RLI,3,57,10,627.00,"6,270.00"
2020-09-22,2020092204009408,RLI,3,40,10,627.00,"6,270.00"
2020-09-22,2020092204009407,RLI,3,42,10,627.00,"6,270.00"
2020-09-22,2020092204009418,RLI,11,19,10,629.00,"6,290.00"
2020-09-22,2020092204009417,RLI,11,45,10,629.00,"6,290.00"
2020-09-22,2020092204009416,RLI,11,8,10,629.00,"6,290.00"
2020-09-22,2020092204009415,RLI,3,8,10,627.00,"6,270.00"
2020-09-22,2020092204009414,RLI,3,38,10,627.00,"6,270.00"
2020-09-22,2020092204009413,RLI,3,45,10,627.00,"6,270.00"
2020-09-22,2020092204009424,RLI,11,40,10,630.00,"6,300.00"
2020-09-22,2020092204009423,RLI,11,45,10,630.00,"6,300.00"
2020-09-22,2020092204009422,RLI,11,47,10,629.00,"6,290.00"
2020-09-22,2020092204009421,RLI,11,29,10,629.00,"6,290.00"
2020-09-22,2020092204009420,RLI,11,34,10,629.00,"6,290.00"
2020-09-22,2020092204009419,RLI,11,43,10,629.00,"6,290.00"
2020-09-22,2020092204009430,RLI,11,57,10,630.00,"6,300.00"
2020-09-22,2020092204009429,RLI,11,39,10,630.00,"6,300.00"
2020-09-22,2020092204009428,RLI,11,34,10,630.00,"6,300.00"
2020-09-22,2020092204009427,RLI,11,47,10,630.00,"6,300.00"
2020-09-22,2020092204009426,RLI,11,45,10,630.00,"6,300.00"
2020-09-22,2020092204009425,RLI,11,13,10,630.00,"6,300.00"
2020-09-22,2020092204009437,RLI,41,38,10,628.00,"6,280.00"
2020-09-22,2020092204009436,RLI,41,48,10,628.00,"6,280.00"
2020-09-22,2020092204009435,RLI,41,6,10,628.00,"6,280.00"
2020-09-22,2020092204009434,RLI,41,8,10,628.00,"6,280.00"
2020-09-22,2020092204009433,RLI,41,49,10,628.00,"6,280.00"
2020-09-22,2020092204009432,RLI,41,45,10,628.00,"6,280.00"
2020-09-22,2020092204009444,RLI,41,49,10,628.00,"6,280.00"
2020-09-22,2020092204009443,RLI,41,38,10,628.00,"6,280.00"
2020-09-22,2020092204009442,RLI,41,37,10,628.00,"6,280.00"
2020-09-22,2020092204009441,RLI,11,57,10,630.00,"6,300.00"
2020-09-22,2020092204009440,RLI,11,29,10,629.00,"6,290.00"
2020-09-22,2020092204009439,RLI,41,42,10,628.00,"6,280.00"
2020-09-22,2020092204009450,RLI,3,38,10,627.00,"6,270.00"
2020-09-22,2020092204009449,RLI,21,49,10,628.00,"6,280.00"
2020-09-22,2020092204009448,RLI,21,8,10,628.00,"6,280.00"
2020-09-22,2020092204009447,RLI,21,57,10,628.00,"6,280.00"
2020-09-22,2020092204009446,RLI,21,48,10,628.00,"6,280.00"
2020-09-22,2020092204009445,RLI,21,10,10,628.00,"6,280.00"
2020-09-22,2020092204009462,RLI,3,38,10,627.00,"6,270.00"
2020-09-22,2020092204009461,RLI,3,42,10,627.00,"6,270.00"
2020-09-22,2020092204009460,RLI,3,39,10,627.00,"6,270.00"
2020-09-22,2020092204009459,RLI,3,8,10,627.00,"6,270.00"
2020-09-22,2020092204009458,RLI,3,48,10,627.00,"6,270.00"
2020-09-22,2020092204009457,RLI,3,42,10,627.00,"6,270.00"
2020-09-22,2020092204009468,RLI,3,55,10,627.00,"6,270.00"
2020-09-22,2020092204009467,RLI,3,39,10,627.00,"6,270.00"
2020-09-22,2020092204009466,RLI,3,38,10,627.00,"6,270.00"
2020-09-22,2020092204009465,RLI,3,8,10,627.00,"6,270.00"
2020-09-22,2020092204009464,RLI,3,48,10,627.00,"6,270.00"
2020-09-22,2020092204009463,RLI,3,10,10,627.00,"6,270.00"
2020-09-22,2020092204009476,RLI,3,47,10,627.00,"6,270.00"
2020-09-22,2020092204009475,RLI,3,58,10,627.00,"6,270.00"
2020-09-22,2020092204009474,RLI,3,48,10,627.00,"6,270.00"
2020-09-22,2020092204009473,RLI,3,39,10,627.00,"6,270.00"
2020-09-22,2020092204009472,RLI,3,38,10,627.00,"6,270.00"
2020-09-22,2020092204009471,RLI,3,47,10,627.00,"6,270.00"
2020-09-22,2020092204009482,RLI,3,35,10,627.00,"6,270.00"
2020-09-22,2020092204009481,RLI,3,10,10,627.00,"6,270.00"
2020-09-22,2020092204009480,RLI,3,42,10,627.00,"6,270.00"
2020-09-22,2020092204009479,RLI,3,42,10,627.00,"6,270.00"
2020-09-22,2020092204009478,RLI,3,38,10,627.00,"6,270.00"
2020-09-22,2020092204009477,RLI,3,58,10,627.00,"6,270.00"
2020-09-22,2020092204009488,RLI,38,34,10,628.00,"6,280.00"
2020-09-22,2020092204009487,RLI,3,39,10,628.00,"6,280.00"
2020-09-22,2020092204009486,RLI,3,41,10,628.00,"6,280.00"
2020-09-22,2020092204009485,RLI,3,38,10,628.00,"6,280.00"
2020-09-22,2020092204009484,RLI,3,42,10,627.00,"6,270.00"
2020-09-22,2020092204009483,RLI,3,48,10,627.00,"6,270.00"
2020-09-22,2020092204009494,RLI,45,29,10,629.00,"6,290.00"
2020-09-22,2020092204009493,RLI,38,58,10,628.00,"6,280.00"
2020-09-22,2020092204009492,RLI,38,21,10,628.00,"6,280.00"
2020-09-22,2020092204009491,RLI,38,52,10,628.00,"6,280.00"
2020-09-22,2020092204009490,RLI,38,41,10,628.00,"6,280.00"
2020-09-22,2020092204009489,RLI,38,55,10,628.00,"6,280.00"
2020-09-22,2020092204009501,RLI,7,54,10,629.00,"6,290.00"
2020-09-22,2020092204009500,RLI,7,53,10,629.00,"6,290.00"
2020-09-22,2020092204009499,RLI,38,14,10,628.00,"6,280.00"
2020-09-22,2020092204009498,RLI,38,6,10,628.00,"6,280.00"
2020-09-22,2020092204009497,RLI,38,38,10,628.00,"6,280.00"
2020-09-22,2020092204009495,RLI,45,29,10,629.00,"6,290.00"
2020-09-22,2020092204009507,RLI,7,48,10,629.00,"6,290.00"
2020-09-22,2020092204009506,RLI,7,46,10,629.00,"6,290.00"
2020-09-22,2020092204009505,RLI,7,29,10,629.00,"6,290.00"
2020-09-22,2020092204009504,RLI,7,55,10,629.00,"6,290.00"
2020-09-22,2020092204009503,RLI,7,41,10,629.00,"6,290.00"
2020-09-22,2020092204009502,RLI,7,29,10,629.00,"6,290.00"
2020-09-22,2020092204009515,RLI,57,38,10,628.00,"6,280.00"
2020-09-22,2020092204009514,RLI,44,8,10,628.00,"6,280.00"
2020-09-22,2020092204009513,RLI,38,7,10,628.00,"6,280.00"
2020-09-22,2020092204009510,RLI,38,58,10,628.00,"6,280.00"
2020-09-22,2020092204009509,RLI,7,58,10,629.00,"6,290.00"
2020-09-22,2020092204009508,RLI,7,29,10,629.00,"6,290.00"
2020-09-22,2020092204009521,RLI,57,38,10,628.00,"6,280.00"
2020-09-22,2020092204009520,RLI,57,48,10,628.00,"6,280.00"
2020-09-22,2020092204009519,RLI,57,14,10,628.00,"6,280.00"
2020-09-22,2020092204009518,RLI,57,58,10,628.00,"6,280.00"
2020-09-22,2020092204009517,RLI,57,55,10,628.00,"6,280.00"
2020-09-22,2020092204009516,RLI,57,10,10,628.00,"6,280.00"
2020-09-22,2020092204009527,RLI,45,41,10,629.00,"6,290.00"
2020-09-22,2020092204009526,RLI,57,38,10,628.00,"6,280.00"
2020-09-22,2020092204009525,RLI,57,58,10,628.00,"6,280.00"
2020-09-22,2020092204009524,RLI,44,56,10,629.00,"6,290.00"
2020-09-22,2020092204009523,RLI,57,8,10,628.00,"6,280.00"
2020-09-22,2020092204009522,RLI,57,48,10,628.00,"6,280.00"
2020-09-22,2020092204009533,RLI,45,29,10,629.00,"6,290.00"
2020-09-22,2020092204009532,RLI,45,46,10,629.00,"6,290.00"
2020-09-22,2020092204009531,RLI,45,29,10,629.00,"6,290.00"
2020-09-22,2020092204009530,RLI,45,58,10,629.00,"6,290.00"
2020-09-22,2020092204009529,RLI,57,10,10,628.00,"6,280.00"
2020-09-22,2020092204009528,RLI,57,19,10,628.00,"6,280.00"
2020-09-22,2020092204009539,RLI,45,38,10,629.00,"6,290.00"
2020-09-22,2020092204009538,RLI,45,58,10,629.00,"6,290.00"
2020-09-22,2020092204009537,RLI,45,14,10,629.00,"6,290.00"
2020-09-22,2020092204009536,RLI,45,34,10,629.00,"6,290.00"
2020-09-22,2020092204009535,RLI,45,35,10,629.00,"6,290.00"
2020-09-22,2020092204009534,RLI,45,29,10,629.00,"6,290.00"
2020-09-22,2020092204009546,RLI,29,42,10,629.00,"6,290.00"
2020-09-22,2020092204009545,RLI,29,19,10,629.00,"6,290.00"
2020-09-22,2020092204009544,RLI,29,29,10,629.00,"6,290.00"
2020-09-22,2020092204009543,RLI,29,14,10,629.00,"6,290.00"
2020-09-22,2020092204009541,RLI,29,48,10,629.00,"6,290.00"
2020-09-22,2020092204009540,RLI,57,57,10,628.00,"6,280.00"
2020-09-22,2020092204009552,RLI,29,48,10,629.00,"6,290.00"
2020-09-22,2020092204009551,RLI,29,41,10,629.00,"6,290.00"
2020-09-22,2020092204009550,RLI,34,39,108,630.00,"68,040.00"
2020-09-22,2020092204009549,RLI,29,58,10,629.00,"6,290.00"
2020-09-22,2020092204009548,RLI,29,21,10,629.00,"6,290.00"
2020-09-22,2020092204009547,RLI,29,38,10,629.00,"6,290.00"
2020-09-22,2020092204009558,RLI,26,7,10,630.00,"6,300.00"
2020-09-22,2020092204009557,RLI,29,29,10,629.00,"6,290.00"
2020-09-22,2020092204009556,RLI,29,43,10,629.00,"6,290.00"
2020-09-22,2020092204009555,RLI,29,21,10,629.00,"6,290.00"
2020-09-22,2020092204009554,RLI,29,42,10,629.00,"6,290.00"
2020-09-22,2020092204009553,RLI,29,14,10,629.00,"6,290.00"
2020-09-22,2020092204009564,RLI,26,7,10,630.00,"6,300.00"
2020-09-22,2020092204009563,RLI,26,33,10,630.00,"6,300.00"
2020-09-22,2020092204009562,RLI,26,35,10,630.00,"6,300.00"
2020-09-22,2020092204009561,RLI,26,7,10,630.00,"6,300.00"
2020-09-22,2020092204009560,RLI,26,58,10,630.00,"6,300.00"
2020-09-22,2020092204009559,RLI,26,7,10,630.00,"6,300.00"
2020-09-22,2020092204009570,RLI,29,57,10,629.00,"6,290.00"
2020-09-22,2020092204009569,RLI,29,35,10,629.00,"6,290.00"
2020-09-22,2020092204009568,RLI,29,35,10,629.00,"6,290.00"
2020-09-22,2020092204009567,RLI,26,29,10,630.00,"6,300.00"
2020-09-22,2020092204009566,RLI,26,58,10,630.00,"6,300.00"
2020-09-22,2020092204009565,RLI,26,58,10,630.00,"6,300.00"
2020-09-22,2020092204009576,RLI,8,41,10,630.00,"6,300.00"
2020-09-22,2020092204009575,RLI,29,14,10,629.00,"6,290.00"
2020-09-22,2020092204009574,RLI,29,10,10,629.00,"6,290.00"
2020-09-22,2020092204009573,RLI,29,39,10,629.00,"6,290.00"
2020-09-22,2020092204009572,RLI,29,29,10,629.00,"6,290.00"
2020-09-22,2020092204009571,RLI,29,19,10,629.00,"6,290.00"
2020-09-22,2020092204009582,RLI,8,41,10,630.00,"6,300.00"
2020-09-22,2020092204009581,RLI,8,58,10,630.00,"6,300.00"
2020-09-22,2020092204009580,RLI,8,39,92,630.00,"57,960.00"
2020-09-22,2020092204009579,RLI,8,20,10,630.00,"6,300.00"
2020-09-22,2020092204009578,RLI,8,11,10,630.00,"6,300.00"
2020-09-22,2020092204009577,RLI,8,8,10,630.00,"6,300.00"
2020-09-22,2020092204009588,RLI,8,45,10,630.00,"6,300.00"
2020-09-22,2020092204009587,RLI,8,51,10,630.00,"6,300.00"
2020-09-22,2020092204009586,RLI,8,42,10,630.00,"6,300.00"
2020-09-22,2020092204009585,RLI,8,28,10,630.00,"6,300.00"
2020-09-22,2020092204009584,RLI,8,7,10,630.00,"6,300.00"
2020-09-22,2020092204009583,RLI,8,21,10,630.00,"6,300.00"
2020-09-22,2020092204009594,RLI,8,32,10,630.00,"6,300.00"
2020-09-22,2020092204009593,RLI,8,3,10,630.00,"6,300.00"
2020-09-22,2020092204009592,RLI,8,49,10,630.00,"6,300.00"
2020-09-22,2020092204009591,RLI,8,45,10,630.00,"6,300.00"
2020-09-22,2020092204009590,RLI,8,45,10,630.00,"6,300.00"
2020-09-22,2020092204009589,RLI,8,45,10,630.00,"6,300.00"
2020-09-22,2020092204009600,RLI,8,49,10,630.00,"6,300.00"
2020-09-22,2020092204009599,RLI,8,32,10,630.00,"6,300.00"
2020-09-22,2020092204009598,RLI,8,29,10,630.00,"6,300.00"
2020-09-22,2020092204009597,RLI,8,32,10,630.00,"6,300.00"
2020-09-22,2020092204009596,RLI,8,56,10,630.00,"6,300.00"
2020-09-22,2020092204009595,RLI,8,32,10,630.00,"6,300.00"
2020-09-22,2020092204009606,RLI,8,13,10,630.00,"6,300.00"
2020-09-22,2020092204009605,RLI,8,13,10,630.00,"6,300.00"
2020-09-22,2020092204009604,RLI,8,13,10,630.00,"6,300.00"
2020-09-22,2020092204009603,RLI,8,53,10,630.00,"6,300.00"
2020-09-22,2020092204009602,RLI,8,58,10,630.00,"6,300.00"
2020-09-22,2020092204009601,RLI,8,21,10,630.00,"6,300.00"
2020-09-22,2020092204009612,RLI,8,56,10,630.00,"6,300.00"
2020-09-22,2020092204009611,RLI,8,4,10,630.00,"6,300.00"
2020-09-22,2020092204009610,RLI,8,21,10,630.00,"6,300.00"
2020-09-22,2020092204009609,RLI,8,4,10,630.00,"6,300.00"
2020-09-22,2020092204009608,RLI,8,11,10,630.00,"6,300.00"
2020-09-22,2020092204009607,RLI,8,41,10,630.00,"6,300.00"
2020-09-22,2020092204009618,RLI,8,45,10,630.00,"6,300.00"
2020-09-22,2020092204009617,RLI,8,34,10,630.00,"6,300.00"
2020-09-22,2020092204009616,RLI,8,16,10,630.00,"6,300.00"
2020-09-22,2020092204009615,RLI,8,17,10,630.00,"6,300.00"
2020-09-22,2020092204009614,RLI,8,32,10,630.00,"6,300.00"
2020-09-22,2020092204009613,RLI,8,51,10,630.00,"6,300.00"
2020-09-22,2020092204009624,RLI,8,51,10,630.00,"6,300.00"
2020-09-22,2020092204009623,RLI,8,44,10,630.00,"6,300.00"
2020-09-22,2020092204009622,RLI,8,13,10,630.00,"6,300.00"
2020-09-22,2020092204009621,RLI,8,13,10,630.00,"6,300.00"
2020-09-22,2020092204009620,RLI,8,13,10,630.00,"6,300.00"
2020-09-22,2020092204009619,RLI,8,58,10,630.00,"6,300.00"
2020-09-22,2020092204009630,RLI,29,29,10,629.00,"6,290.00"
2020-09-22,2020092204009629,RLI,29,48,10,629.00,"6,290.00"
2020-09-22,2020092204009628,RLI,29,35,10,629.00,"6,290.00"
2020-09-22,2020092204009627,RLI,29,6,10,629.00,"6,290.00"
2020-09-22,2020092204009626,RLI,29,1,10,629.00,"6,290.00"
2020-09-22,2020092204009625,RLI,8,13,10,630.00,"6,300.00"
2020-09-22,2020092204009638,RLI,52,13,10,630.00,"6,300.00"
2020-09-22,2020092204009637,RLI,52,7,10,630.00,"6,300.00"
2020-09-22,2020092204009636,RLI,29,4,10,629.00,"6,290.00"
2020-09-22,2020092204009633,RLI,29,35,10,629.00,"6,290.00"
2020-09-22,2020092204009632,RLI,29,14,10,629.00,"6,290.00"
2020-09-22,2020092204009631,RLI,29,58,10,629.00,"6,290.00"
2020-09-22,2020092204009644,RLI,52,25,10,630.00,"6,300.00"
2020-09-22,2020092204009643,RLI,52,26,10,630.00,"6,300.00"
2020-09-22,2020092204009642,RLI,52,42,10,630.00,"6,300.00"
2020-09-22,2020092204009641,RLI,52,49,10,630.00,"6,300.00"
2020-09-22,2020092204009640,RLI,52,51,10,630.00,"6,300.00"
2020-09-22,2020092204009639,RLI,52,42,10,630.00,"6,300.00"
2020-09-22,2020092204009650,RLI,42,6,10,630.00,"6,300.00"
2020-09-22,2020092204009649,RLI,29,38,10,629.00,"6,290.00"
2020-09-22,2020092204009648,RLI,29,48,10,629.00,"6,290.00"
2020-09-22,2020092204009647,RLI,29,58,10,629.00,"6,290.00"
2020-09-22,2020092204009646,RLI,52,11,10,630.00,"6,300.00"
2020-09-22,2020092204009645,RLI,52,6,10,630.00,"6,300.00"
2020-09-22,2020092204009656,RLI,42,52,10,630.00,"6,300.00"
2020-09-22,2020092204009655,RLI,42,36,10,630.00,"6,300.00"
2020-09-22,2020092204009654,RLI,42,52,10,630.00,"6,300.00"
2020-09-22,2020092204009653,RLI,42,25,10,630.00,"6,300.00"
2020-09-22,2020092204009652,RLI,42,17,10,630.00,"6,300.00"
2020-09-22,2020092204009651,RLI,42,17,10,630.00,"6,300.00"
2020-09-22,2020092204009662,RLI,42,46,10,630.00,"6,300.00"
2020-09-22,2020092204009661,RLI,42,21,10,630.00,"6,300.00"
2020-09-22,2020092204009660,RLI,42,58,10,630.00,"6,300.00"
2020-09-22,2020092204009659,RLI,42,6,10,630.00,"6,300.00"
2020-09-22,2020092204009658,RLI,42,57,10,630.00,"6,300.00"
2020-09-22,2020092204009657,RLI,42,25,10,630.00,"6,300.00"
2020-09-22,2020092204009668,RLI,42,51,10,630.00,"6,300.00"
2020-09-22,2020092204009667,RLI,42,14,10,630.00,"6,300.00"
2020-09-22,2020092204009666,RLI,42,58,10,630.00,"6,300.00"
2020-09-22,2020092204009665,RLI,42,43,10,630.00,"6,300.00"
2020-09-22,2020092204009664,RLI,42,39,10,630.00,"6,300.00"
2020-09-22,2020092204009663,RLI,42,43,10,630.00,"6,300.00"
2020-09-22,2020092204009677,RLI,39,58,10,630.00,"6,300.00"
2020-09-22,2020092204009674,RLI,29,54,10,629.00,"6,290.00"
2020-09-22,2020092204009673,RLI,29,14,10,629.00,"6,290.00"
2020-09-22,2020092204009672,RLI,29,35,10,629.00,"6,290.00"
2020-09-22,2020092204009670,RLI,29,58,10,629.00,"6,290.00"
2020-09-22,2020092204009669,RLI,42,59,10,630.00,"6,300.00"
2020-09-22,2020092204009683,RLI,39,38,10,630.00,"6,300.00"
2020-09-22,2020092204009682,RLI,39,49,10,630.00,"6,300.00"
2020-09-22,2020092204009681,RLI,39,14,10,630.00,"6,300.00"
2020-09-22,2020092204009680,RLI,39,29,10,630.00,"6,300.00"
2020-09-22,2020092204009679,RLI,39,52,10,630.00,"6,300.00"
2020-09-22,2020092204009678,RLI,39,14,10,630.00,"6,300.00"
2020-09-22,2020092204009689,RLI,39,13,10,630.00,"6,300.00"
2020-09-22,2020092204009688,RLI,39,50,10,630.00,"6,300.00"
2020-09-22,2020092204009687,RLI,39,51,10,630.00,"6,300.00"
2020-09-22,2020092204009686,RLI,39,50,10,630.00,"6,300.00"
2020-09-22,2020092204009685,RLI,39,45,10,630.00,"6,300.00"
2020-09-22,2020092204009684,RLI,39,14,10,630.00,"6,300.00"
2020-09-22,2020092204009695,RLI,39,51,10,630.00,"6,300.00"
2020-09-22,2020092204009694,RLI,39,20,10,630.00,"6,300.00"
2020-09-22,2020092204009693,RLI,39,19,10,630.00,"6,300.00"
2020-09-22,2020092204009692,RLI,39,13,10,630.00,"6,300.00"
2020-09-22,2020092204009691,RLI,39,13,10,630.00,"6,300.00"
2020-09-22,2020092204009690,RLI,39,13,10,630.00,"6,300.00"
2020-09-22,2020092204009701,RLI,39,19,10,630.00,"6,300.00"
2020-09-22,2020092204009700,RLI,39,44,10,630.00,"6,300.00"
2020-09-22,2020092204009699,RLI,39,58,10,630.00,"6,300.00"
2020-09-22,2020092204009698,RLI,39,45,10,630.00,"6,300.00"
2020-09-22,2020092204009697,RLI,39,14,10,630.00,"6,300.00"
2020-09-22,2020092204009696,RLI,39,49,10,630.00,"6,300.00"
2020-09-22,2020092204009707,RLI,39,10,10,630.00,"6,300.00"
2020-09-22,2020092204009706,RLI,39,29,10,630.00,"6,300.00"
2020-09-22,2020092204009705,RLI,39,13,10,630.00,"6,300.00"
2020-09-22,2020092204009704,RLI,39,41,10,630.00,"6,300.00"
2020-09-22,2020092204009703,RLI,39,29,10,630.00,"6,300.00"
2020-09-22,2020092204009702,RLI,39,36,10,630.00,"6,300.00"
2020-09-22,2020092204009713,RLI,39,35,10,630.00,"6,300.00"
2020-09-22,2020092204009712,RLI,39,58,10,630.00,"6,300.00"
2020-09-22,2020092204009711,RLI,39,48,10,630.00,"6,300.00"
2020-09-22,2020092204009710,RLI,39,19,10,630.00,"6,300.00"
2020-09-22,2020092204009709,RLI,39,21,10,630.00,"6,300.00"
2020-09-22,2020092204009708,RLI,39,34,10,630.00,"6,300.00"
2020-09-22,2020092204009635,SAEF,57,6,"4,450",10.33,"45,968.50"
2020-09-22,2020092204009634,SAEF,7,6,550,10.33,"5,681.50"
2020-09-22,2020092204009456,SAEF,7,34,"9,450",10.33,"97,618.50"
2020-09-22,2020092204009455,SAEF,7,34,400,10.33,"4,132.00"
2020-09-22,2020092204009438,SAND2085,17,38,25,"1,005.00","25,125.00"
2020-09-22,2020092204009671,STC,57,22,50,"3,300.00","165,000.00"
2020-09-22,2020092204009454,STC,34,1,53,"3,265.00","173,045.00"
2020-09-22,2020092204009453,STC,26,1,50,"3,266.00","163,300.00"
2020-09-22,2020092204009452,STC,57,1,57,"3,266.00","186,162.00"
2020-09-22,2020092204009451,STC,45,1,50,"3,280.00","164,000.00"
2020-09-22,2020092204008920,BBC,34,45,10,"1,666.00","16,660.00"
2020-09-22,2020092204008892,BBC,11,45,10,"1,670.00","16,700.00"
2020-09-22,2020092204008872,GIMES1,19,44,"5,000",9.27,"46,350.00"
2020-09-22,2020092204008768,LEMF,34,55,"2,000",8.65,"17,300.00"
2020-09-22,2020092204009174,LUK,42,6,200,9.13,"1,826.00"
2020-09-22,2020092204009139,LUK,42,57,100,9.12,912.00
2020-09-22,2020092204009119,LUK,42,57,100,9.12,912.00
2020-09-22,2020092204009118,LUK,42,6,200,9.12,"1,824.00"
2020-09-22,2020092204009117,LUK,42,6,200,9.12,"1,824.00"
2020-09-22,2020092204009116,LUK,42,51,100,9.10,910.00
2020-09-22,2020092204008997,NIBLPF,43,28,"2,525",8.77,"22,144.20"
2020-09-22,2020092204009146,NIBPO,11,58,500,360.00,"180,000.00"
2020-09-22,2020092204009145,NIBPO,6,58,99,360.00,"35,640.00"
2020-09-22,2020092204009147,RBCLPO,34,59,10,"9,996.00","99,960.00"
2020-09-22,2020092204009069,RBCLPO,35,56,90,"10,000.00","900,000.00"
2020-09-22,2020092204009068,RBCLPO,45,56,10,"10,001.00","100,010.00"
2020-09-22,2020092204009044,RBCLPO,32,19,10,"10,050.00","100,500.00"
2020-09-22,2020092204009043,RBCLPO,54,19,10,"10,051.00","100,510.00"
2020-09-22,2020092204008959,RBCLPO,54,21,10,"10,051.00","100,510.00"
2020-09-22,2020092204008958,RBCLPO,32,21,20,"10,060.00","201,200.00"
2020-09-22,2020092204008957,RBCLPO,32,21,20,"10,060.00","201,200.00"
2020-09-22,2020092204009219,RLI,5,10,10,628.00,"6,280.00"
2020-09-22,2020092204009218,RLI,5,29,10,628.00,"6,280.00"
2020-09-22,2020092204009217,RLI,5,29,10,628.00,"6,280.00"
2020-09-22,2020092204009216,RLI,5,29,10,628.00,"6,280.00"
2020-09-22,2020092204009215,RLI,5,29,10,628.00,"6,280.00"
2020-09-22,2020092204009214,RLI,5,29,10,628.00,"6,280.00"
2020-09-22,2020092204008725,RLI,29,40,10,625.00,"6,250.00"
2020-09-22,2020092204008724,RLI,42,11,10,626.00,"6,260.00"
2020-09-22,2020092204008723,RLI,42,42,10,626.00,"6,260.00"
2020-09-22,2020092204008722,RLI,42,40,10,626.00,"6,260.00"
2020-09-22,2020092204008721,RLI,29,14,10,625.00,"6,250.00"
2020-09-22,2020092204008720,RLI,29,41,10,625.00,"6,250.00"
2020-09-22,2020092204008731,RLI,33,29,10,625.00,"6,250.00"
2020-09-22,2020092204008730,RLI,33,40,10,625.00,"6,250.00"
2020-09-22,2020092204008729,RLI,33,10,10,625.00,"6,250.00"
2020-09-22,2020092204008728,RLI,48,42,10,625.00,"6,250.00"
2020-09-22,2020092204008727,RLI,48,58,10,625.00,"6,250.00"
2020-09-22,2020092204008726,RLI,48,10,10,625.00,"6,250.00"
2020-09-22,2020092204008737,RLI,10,18,10,626.00,"6,260.00"
2020-09-22,2020092204008736,RLI,10,59,10,626.00,"6,260.00"
2020-09-22,2020092204008735,RLI,45,25,10,626.00,"6,260.00"
2020-09-22,2020092204008734,RLI,45,6,10,626.00,"6,260.00"
2020-09-22,2020092204008733,RLI,33,6,10,625.00,"6,250.00"
2020-09-22,2020092204008732,RLI,33,40,10,625.00,"6,250.00"
2020-09-22,2020092204008743,RLI,33,10,10,625.00,"6,250.00"
2020-09-22,2020092204008742,RLI,33,40,10,625.00,"6,250.00"
2020-09-22,2020092204008741,RLI,33,38,10,625.00,"6,250.00"
2020-09-22,2020092204008740,RLI,33,21,10,625.00,"6,250.00"
2020-09-22,2020092204008739,RLI,10,57,10,626.00,"6,260.00"
2020-09-22,2020092204008738,RLI,10,10,10,626.00,"6,260.00"
2020-09-22,2020092204008749,RLI,33,38,10,625.00,"6,250.00"
2020-09-22,2020092204008748,RLI,33,10,10,625.00,"6,250.00"
2020-09-22,2020092204008747,RLI,33,44,10,625.00,"6,250.00"
2020-09-22,2020092204008746,RLI,33,8,10,625.00,"6,250.00"
2020-09-22,2020092204008745,RLI,33,17,10,625.00,"6,250.00"
2020-09-22,2020092204008744,RLI,33,40,10,625.00,"6,250.00"
2020-09-22,2020092204008755,RLI,52,55,10,627.00,"6,270.00"
2020-09-22,2020092204008754,RLI,33,34,10,625.00,"6,250.00"
2020-09-22,2020092204008753,RLI,33,17,10,625.00,"6,250.00"
2020-09-22,2020092204008752,RLI,33,7,10,625.00,"6,250.00"
2020-09-22,2020092204008751,RLI,33,55,10,625.00,"6,250.00"
2020-09-22,2020092204008750,RLI,33,6,10,625.00,"6,250.00"
2020-09-22,2020092204008761,RLI,33,45,10,625.00,"6,250.00"
2020-09-22,2020092204008760,RLI,33,40,10,625.00,"6,250.00"
2020-09-22,2020092204008759,RLI,33,21,10,625.00,"6,250.00"
2020-09-22,2020092204008758,RLI,33,44,10,625.00,"6,250.00"
2020-09-22,2020092204008757,RLI,33,58,10,625.00,"6,250.00"
2020-09-22,2020092204008756,RLI,52,40,10,627.00,"6,270.00"
2020-09-22,2020092204008767,RLI,33,21,10,625.00,"6,250.00"
2020-09-22,2020092204008766,RLI,33,42,10,625.00,"6,250.00"
2020-09-22,2020092204008765,RLI,33,6,10,625.00,"6,250.00"
2020-09-22,2020092204008764,RLI,33,17,10,625.00,"6,250.00"
2020-09-22,2020092204008763,RLI,33,29,10,625.00,"6,250.00"
2020-09-22,2020092204008762,RLI,33,36,10,625.00,"6,250.00"
2020-09-22,2020092204008774,RLI,33,38,10,625.00,"6,250.00"
2020-09-22,2020092204008773,RLI,43,29,10,626.00,"6,260.00"
2020-09-22,2020092204008772,RLI,43,17,10,626.00,"6,260.00"
2020-09-22,2020092204008771,RLI,43,55,10,626.00,"6,260.00"
2020-09-22,2020092204008770,RLI,43,59,10,626.00,"6,260.00"
2020-09-22,2020092204008769,RLI,43,18,10,626.00,"6,260.00"
2020-09-22,2020092204008780,RLI,43,56,10,626.00,"6,260.00"
2020-09-22,2020092204008779,RLI,43,58,10,626.00,"6,260.00"
2020-09-22,2020092204008778,RLI,43,42,10,626.00,"6,260.00"
2020-09-22,2020092204008777,RLI,43,42,10,626.00,"6,260.00"
2020-09-22,2020092204008776,RLI,43,40,10,626.00,"6,260.00"
2020-09-22,2020092204008775,RLI,33,44,10,625.00,"6,250.00"
2020-09-22,2020092204008786,RLI,43,17,10,626.00,"6,260.00"
2020-09-22,2020092204008785,RLI,43,38,10,626.00,"6,260.00"
2020-09-22,2020092204008784,RLI,43,44,10,626.00,"6,260.00"
2020-09-22,2020092204008783,RLI,43,40,10,626.00,"6,260.00"
2020-09-22,2020092204008782,RLI,43,8,10,626.00,"6,260.00"
2020-09-22,2020092204008781,RLI,43,29,10,626.00,"6,260.00"
2020-09-22,2020092204008792,RLI,43,38,10,626.00,"6,260.00"
2020-09-22,2020092204008791,RLI,43,44,10,626.00,"6,260.00"
2020-09-22,2020092204008790,RLI,43,18,10,626.00,"6,260.00"
2020-09-22,2020092204008789,RLI,43,40,10,626.00,"6,260.00"
2020-09-22,2020092204008788,RLI,43,29,10,626.00,"6,260.00"
2020-09-22,2020092204008787,RLI,43,32,10,626.00,"6,260.00"
2020-09-22,2020092204008798,RLI,43,56,10,626.00,"6,260.00"
2020-09-22,2020092204008797,RLI,43,29,10,626.00,"6,260.00"
2020-09-22,2020092204008796,RLI,43,10,10,626.00,"6,260.00"
2020-09-22,2020092204008795,RLI,43,42,10,626.00,"6,260.00"
2020-09-22,2020092204008794,RLI,43,20,10,626.00,"6,260.00"
2020-09-22,2020092204008793,RLI,43,58,10,626.00,"6,260.00"
2020-09-22,2020092204008804,RLI,43,44,10,626.00,"6,260.00"
2020-09-22,2020092204008803,RLI,43,42,10,626.00,"6,260.00"
2020-09-22,2020092204008802,RLI,43,45,10,626.00,"6,260.00"
2020-09-22,2020092204008801,RLI,43,38,10,626.00,"6,260.00"
2020-09-22,2020092204008800,RLI,43,17,10,626.00,"6,260.00"
2020-09-22,2020092204008799,RLI,43,42,10,626.00,"6,260.00"
2020-09-22,2020092204008810,RLI,43,58,10,626.00,"6,260.00"
2020-09-22,2020092204008809,RLI,43,55,10,626.00,"6,260.00"
2020-09-22,2020092204008808,RLI,43,38,10,626.00,"6,260.00"
2020-09-22,2020092204008807,RLI,43,29,10,626.00,"6,260.00"
2020-09-22,2020092204008806,RLI,43,29,10,626.00,"6,260.00"
2020-09-22,2020092204008805,RLI,43,8,10,626.00,"6,260.00"
2020-09-22,2020092204008817,RLI,38,4,10,626.00,"6,260.00"
2020-09-22,2020092204008816,RLI,6,22,10,626.00,"6,260.00"
2020-09-22,2020092204008815,RLI,6,45,10,626.00,"6,260.00"
2020-09-22,2020092204008814,RLI,6,29,10,626.00,"6,260.00"
2020-09-22,2020092204008812,RLI,6,17,10,626.00,"6,260.00"
2020-09-22,2020092204008811,RLI,6,21,10,626.00,"6,260.00"
2020-09-22,2020092204008823,RLI,50,45,10,626.00,"6,260.00"
2020-09-22,2020092204008822,RLI,50,51,10,626.00,"6,260.00"
2020-09-22,2020092204008821,RLI,38,29,10,626.00,"6,260.00"
2020-09-22,2020092204008820,RLI,38,56,10,626.00,"6,260.00"
2020-09-22,2020092204008819,RLI,38,18,10,626.00,"6,260.00"
2020-09-22,2020092204008818,RLI,38,38,10,626.00,"6,260.00"
2020-09-22,2020092204008829,RLI,5,52,10,626.00,"6,260.00"
2020-09-22,2020092204008828,RLI,5,29,10,626.00,"6,260.00"
2020-09-22,2020092204008827,RLI,44,42,10,626.00,"6,260.00"
2020-09-22,2020092204008826,RLI,44,58,10,626.00,"6,260.00"
2020-09-22,2020092204008825,RLI,50,46,10,626.00,"6,260.00"
2020-09-22,2020092204008824,RLI,50,20,10,626.00,"6,260.00"
2020-09-22,2020092204008837,RLI,33,5,10,625.00,"6,250.00"
2020-09-22,2020092204008834,RLI,33,6,10,625.00,"6,250.00"
2020-09-22,2020092204008833,RLI,56,40,10,626.00,"6,260.00"
2020-09-22,2020092204008832,RLI,5,40,10,626.00,"6,260.00"
2020-09-22,2020092204008831,RLI,5,45,10,626.00,"6,260.00"
2020-09-22,2020092204008830,RLI,5,22,10,626.00,"6,260.00"
2020-09-22,2020092204008843,RLI,29,36,10,626.00,"6,260.00"
2020-09-22,2020092204008842,RLI,29,44,10,626.00,"6,260.00"
2020-09-22,2020092204008841,RLI,29,18,10,626.00,"6,260.00"
2020-09-22,2020092204008840,RLI,33,19,10,625.00,"6,250.00"
2020-09-22,2020092204008839,RLI,33,6,10,625.00,"6,250.00"
2020-09-22,2020092204008838,RLI,33,22,10,625.00,"6,250.00"
2020-09-22,2020092204008849,RLI,29,6,10,626.00,"6,260.00"
2020-09-22,2020092204008848,RLI,29,38,10,626.00,"6,260.00"
2020-09-22,2020092204008847,RLI,29,56,10,626.00,"6,260.00"
2020-09-22,2020092204008846,RLI,29,58,10,626.00,"6,260.00"
2020-09-22,2020092204008845,RLI,29,38,10,626.00,"6,260.00"
2020-09-22,2020092204008844,RLI,29,55,10,626.00,"6,260.00"
2020-09-22,2020092204008855,RLI,29,38,10,626.00,"6,260.00"
2020-09-22,2020092204008854,RLI,29,18,10,626.00,"6,260.00"
2020-09-22,2020092204008853,RLI,52,55,10,627.00,"6,270.00"
2020-09-22,2020092204008852,RLI,52,56,10,627.00,"6,270.00"
2020-09-22,2020092204008851,RLI,52,40,10,627.00,"6,270.00"
2020-09-22,2020092204008850,RLI,29,45,10,626.00,"6,260.00"
2020-09-22,2020092204008861,RLI,29,45,10,626.00,"6,260.00"
2020-09-22,2020092204008860,RLI,29,4,10,626.00,"6,260.00"
2020-09-22,2020092204008859,RLI,29,51,10,626.00,"6,260.00"
2020-09-22,2020092204008858,RLI,29,40,10,626.00,"6,260.00"
2020-09-22,2020092204008857,RLI,29,58,10,626.00,"6,260.00"
2020-09-22,2020092204008856,RLI,29,38,10,626.00,"6,260.00"
2020-09-22,2020092204008867,RLI,29,38,10,626.00,"6,260.00"
2020-09-22,2020092204008866,RLI,29,56,10,626.00,"6,260.00"
2020-09-22,2020092204008865,RLI,29,22,10,626.00,"6,260.00"
2020-09-22,2020092204008864,RLI,29,38,10,626.00,"6,260.00"
2020-09-22,2020092204008863,RLI,29,38,10,626.00,"6,260.00"
2020-09-22,2020092204008862,RLI,29,17,10,626.00,"6,260.00"
2020-09-22,2020092204008874,RLI,29,26,10,626.00,"6,260.00"
2020-09-22,2020092204008873,RLI,29,58,10,626.00,"6,260.00"
2020-09-22,2020092204008871,RLI,29,25,10,626.00,"6,260.00"
2020-09-22,2020092204008870,RLI,29,58,10,626.00,"6,260.00"
2020-09-22,2020092204008869,RLI,29,42,10,626.00,"6,260.00"
2020-09-22,2020092204008868,RLI,29,5,10,626.00,"6,260.00"
2020-09-22,2020092204008880,RLI,47,42,10,627.00,"6,270.00"
2020-09-22,2020092204008879,RLI,47,56,10,627.00,"6,270.00"
2020-09-22,2020092204008878,RLI,47,40,10,627.00,"6,270.00"
2020-09-22,2020092204008877,RLI,47,40,10,627.00,"6,270.00"
2020-09-22,2020092204008876,RLI,47,40,10,627.00,"6,270.00"
2020-09-22,2020092204008875,RLI,47,40,10,627.00,"6,270.00"
2020-09-22,2020092204008886,RLI,47,58,10,627.00,"6,270.00"
2020-09-22,2020092204008885,RLI,47,59,10,627.00,"6,270.00"
2020-09-22,2020092204008884,RLI,47,40,10,627.00,"6,270.00"
2020-09-22,2020092204008883,RLI,47,58,10,627.00,"6,270.00"
2020-09-22,2020092204008882,RLI,47,11,10,627.00,"6,270.00"
2020-09-22,2020092204008881,RLI,47,57,10,627.00,"6,270.00"
2020-09-22,2020092204008893,RLI,29,29,10,626.00,"6,260.00"
2020-09-22,2020092204008891,RLI,29,56,10,626.00,"6,260.00"
2020-09-22,2020092204008890,RLI,29,21,10,626.00,"6,260.00"
2020-09-22,2020092204008889,RLI,29,38,10,626.00,"6,260.00"
2020-09-22,2020092204008888,RLI,47,17,70,627.00,"43,890.00"
2020-09-22,2020092204008887,RLI,47,55,10,627.00,"6,270.00"
2020-09-22,2020092204008899,RLI,29,17,10,626.00,"6,260.00"
2020-09-22,2020092204008898,RLI,29,42,10,626.00,"6,260.00"
2020-09-22,2020092204008897,RLI,29,19,10,626.00,"6,260.00"
2020-09-22,2020092204008896,RLI,29,22,10,626.00,"6,260.00"
2020-09-22,2020092204008895,RLI,29,40,10,626.00,"6,260.00"
2020-09-22,2020092204008894,RLI,29,58,10,626.00,"6,260.00"
2020-09-22,2020092204008905,RLI,29,22,10,626.00,"6,260.00"
2020-09-22,2020092204008904,RLI,29,14,10,626.00,"6,260.00"
2020-09-22,2020092204008903,RLI,29,58,10,626.00,"6,260.00"
2020-09-22,2020092204008902,RLI,29,40,10,626.00,"6,260.00"
2020-09-22,2020092204008901,RLI,29,22,10,626.00,"6,260.00"
2020-09-22,2020092204008900,RLI,29,55,10,626.00,"6,260.00"
2020-09-22,2020092204008911,RLI,29,55,10,626.00,"6,260.00"
2020-09-22,2020092204008910,RLI,29,22,10,626.00,"6,260.00"
2020-09-22,2020092204008909,RLI,29,17,10,626.00,"6,260.00"
2020-09-22,2020092204008908,RLI,29,38,10,626.00,"6,260.00"
2020-09-22,2020092204008907,RLI,50,17,20,627.00,"12,540.00"
2020-09-22,2020092204008906,RLI,29,42,10,626.00,"6,260.00"
2020-09-22,2020092204008917,RLI,29,51,10,626.00,"6,260.00"
2020-09-22,2020092204008916,RLI,29,39,10,626.00,"6,260.00"
2020-09-22,2020092204008915,RLI,29,38,10,626.00,"6,260.00"
2020-09-22,2020092204008914,RLI,29,58,10,626.00,"6,260.00"
2020-09-22,2020092204008913,RLI,29,17,10,626.00,"6,260.00"
2020-09-22,2020092204008912,RLI,29,42,10,626.00,"6,260.00"
2020-09-22,2020092204008924,RLI,29,21,10,626.00,"6,260.00"
2020-09-22,2020092204008923,RLI,29,42,10,626.00,"6,260.00"
2020-09-22,2020092204008922,RLI,29,40,10,626.00,"6,260.00"
2020-09-22,2020092204008921,RLI,29,42,10,626.00,"6,260.00"
2020-09-22,2020092204008919,RLI,29,40,10,626.00,"6,260.00"
2020-09-22,2020092204008918,RLI,29,4,10,626.00,"6,260.00"
2020-09-22,2020092204008930,RLI,8,7,10,627.00,"6,270.00"
2020-09-22,2020092204008929,RLI,8,45,10,627.00,"6,270.00"
2020-09-22,2020092204008928,RLI,8,51,10,627.00,"6,270.00"
2020-09-22,2020092204008927,RLI,8,48,10,627.00,"6,270.00"
2020-09-22,2020092204008926,RLI,8,17,410,627.00,"257,070.00"
2020-09-22,2020092204008925,RLI,29,38,10,626.00,"6,260.00"
2020-09-22,2020092204008936,RLI,8,59,10,627.00,"6,270.00"
2020-09-22,2020092204008935,RLI,8,52,10,627.00,"6,270.00"
2020-09-22,2020092204008934,RLI,8,1,10,627.00,"6,270.00"
2020-09-22,2020092204008933,RLI,8,20,10,627.00,"6,270.00"
2020-09-22,2020092204008932,RLI,8,14,10,627.00,"6,270.00"
2020-09-22,2020092204008931,RLI,8,42,10,627.00,"6,270.00"
2020-09-22,2020092204008942,RLI,8,59,10,627.00,"6,270.00"
2020-09-22,2020092204008941,RLI,8,3,10,627.00,"6,270.00"
2020-09-22,2020092204008940,RLI,8,22,10,627.00,"6,270.00"
2020-09-22,2020092204008939,RLI,8,17,"1,000",627.00,"627,000.00"
2020-09-22,2020092204008938,RLI,8,59,10,627.00,"6,270.00"
2020-09-22,2020092204008937,RLI,8,59,10,627.00,"6,270.00"
2020-09-22,2020092204008948,RLI,29,35,10,626.00,"6,260.00"
2020-09-22,2020092204008947,RLI,29,17,10,626.00,"6,260.00"
2020-09-22,2020092204008946,RLI,29,22,10,626.00,"6,260.00"
2020-09-22,2020092204008945,RLI,29,39,10,626.00,"6,260.00"
2020-09-22,2020092204008944,RLI,29,29,10,626.00,"6,260.00"
2020-09-22,2020092204008943,RLI,8,26,10,627.00,"6,270.00"
2020-09-22,2020092204008954,RLI,29,19,10,626.00,"6,260.00"
2020-09-22,2020092204008953,RLI,29,7,10,626.00,"6,260.00"
2020-09-22,2020092204008952,RLI,29,58,10,626.00,"6,260.00"
2020-09-22,2020092204008951,RLI,29,38,10,626.00,"6,260.00"
2020-09-22,2020092204008950,RLI,29,29,10,626.00,"6,260.00"
2020-09-22,2020092204008949,RLI,29,56,10,626.00,"6,260.00"
2020-09-22,2020092204008963,RLI,29,38,10,626.00,"6,260.00"
2020-09-22,2020092204008962,RLI,29,49,10,626.00,"6,260.00"
2020-09-22,2020092204008961,RLI,29,17,10,626.00,"6,260.00"
2020-09-22,2020092204008960,RLI,29,21,10,626.00,"6,260.00"
2020-09-22,2020092204008956,RLI,29,6,10,626.00,"6,260.00"
2020-09-22,2020092204008955,RLI,29,32,10,626.00,"6,260.00"
2020-09-22,2020092204008969,RLI,29,38,10,626.00,"6,260.00"
2020-09-22,2020092204008968,RLI,29,19,10,626.00,"6,260.00"
2020-09-22,2020092204008967,RLI,29,58,10,626.00,"6,260.00"
2020-09-22,2020092204008966,RLI,29,21,10,626.00,"6,260.00"
2020-09-22,2020092204008965,RLI,29,43,10,626.00,"6,260.00"
2020-09-22,2020092204008964,RLI,29,21,10,626.00,"6,260.00"
2020-09-22,2020092204008975,RLI,29,42,10,626.00,"6,260.00"
2020-09-22,2020092204008974,RLI,29,38,10,626.00,"6,260.00"
2020-09-22,2020092204008973,RLI,29,22,10,626.00,"6,260.00"
2020-09-22,2020092204008972,RLI,29,43,10,626.00,"6,260.00"
2020-09-22,2020092204008971,RLI,29,7,10,626.00,"6,260.00"
2020-09-22,2020092204008970,RLI,29,39,10,626.00,"6,260.00"
2020-09-22,2020092204008981,RLI,29,41,10,626.00,"6,260.00"
2020-09-22,2020092204008980,RLI,29,57,10,626.00,"6,260.00"
2020-09-22,2020092204008979,RLI,29,21,10,626.00,"6,260.00"
2020-09-22,2020092204008978,RLI,29,40,10,626.00,"6,260.00"
2020-09-22,2020092204008977,RLI,29,58,10,626.00,"6,260.00"
2020-09-22,2020092204008976,RLI,29,38,10,626.00,"6,260.00"
2020-09-22,2020092204008987,RLI,52,21,10,626.00,"6,260.00"
2020-09-22,2020092204008986,RLI,52,13,10,626.00,"6,260.00"
2020-09-22,2020092204008985,RLI,52,38,10,626.00,"6,260.00"
2020-09-22,2020092204008984,RLI,26,38,10,626.00,"6,260.00"
2020-09-22,2020092204008983,RLI,26,42,10,626.00,"6,260.00"
2020-09-22,2020092204008982,RLI,29,17,10,626.00,"6,260.00"
2020-09-22,2020092204008994,RLI,52,38,10,626.00,"6,260.00"
2020-09-22,2020092204008993,RLI,52,22,10,626.00,"6,260.00"
2020-09-22,2020092204008992,RLI,52,58,10,626.00,"6,260.00"
2020-09-22,2020092204008991,RLI,52,39,10,626.00,"6,260.00"
2020-09-22,2020092204008990,RLI,52,22,10,626.00,"6,260.00"
2020-09-22,2020092204008988,RLI,52,42,10,626.00,"6,260.00"
2020-09-22,2020092204009002,RLI,52,7,10,626.00,"6,260.00"
2020-09-22,2020092204009001,RLI,52,14,10,626.00,"6,260.00"
2020-09-22,2020092204009000,RLI,52,38,10,626.00,"6,260.00"
2020-09-22,2020092204008999,RLI,52,45,10,626.00,"6,260.00"
2020-09-22,2020092204008998,RLI,52,42,10,626.00,"6,260.00"
2020-09-22,2020092204008995,RLI,52,55,10,626.00,"6,260.00"
2020-09-22,2020092204009008,RLI,52,57,10,626.00,"6,260.00"
2020-09-22,2020092204009007,RLI,52,55,10,626.00,"6,260.00"
2020-09-22,2020092204009006,RLI,52,22,10,626.00,"6,260.00"
2020-09-22,2020092204009005,RLI,52,43,10,626.00,"6,260.00"
2020-09-22,2020092204009004,RLI,52,33,10,626.00,"6,260.00"
2020-09-22,2020092204009003,RLI,52,58,10,626.00,"6,260.00"
2020-09-22,2020092204009014,RLI,52,38,10,626.00,"6,260.00"
2020-09-22,2020092204009013,RLI,52,7,10,626.00,"6,260.00"
2020-09-22,2020092204009012,RLI,52,10,10,626.00,"6,260.00"
2020-09-22,2020092204009011,RLI,52,21,10,626.00,"6,260.00"
2020-09-22,2020092204009010,RLI,52,22,10,626.00,"6,260.00"
2020-09-22,2020092204009009,RLI,52,38,10,626.00,"6,260.00"
2020-09-22,2020092204009020,RLI,1,58,10,626.00,"6,260.00"
2020-09-22,2020092204009019,RLI,1,22,10,626.00,"6,260.00"
2020-09-22,2020092204009018,RLI,1,38,10,626.00,"6,260.00"
2020-09-22,2020092204009017,RLI,52,58,10,626.00,"6,260.00"
2020-09-22,2020092204009016,RLI,52,49,10,626.00,"6,260.00"
2020-09-22,2020092204009015,RLI,52,41,10,626.00,"6,260.00"
2020-09-22,2020092204009026,RLI,1,58,10,626.00,"6,260.00"
2020-09-22,2020092204009025,RLI,1,39,10,626.00,"6,260.00"
2020-09-22,2020092204009024,RLI,1,42,10,626.00,"6,260.00"
2020-09-22,2020092204009023,RLI,1,57,10,626.00,"6,260.00"
2020-09-22,2020092204009022,RLI,1,42,10,626.00,"6,260.00"
2020-09-22,2020092204009021,RLI,1,49,10,626.00,"6,260.00"
2020-09-22,2020092204009032,RLI,1,41,10,626.00,"6,260.00"
2020-09-22,2020092204009031,RLI,1,34,10,626.00,"6,260.00"
2020-09-22,2020092204009030,RLI,1,7,10,626.00,"6,260.00"
2020-09-22,2020092204009029,RLI,1,22,10,626.00,"6,260.00"
2020-09-22,2020092204009028,RLI,1,47,10,626.00,"6,260.00"
2020-09-22,2020092204009027,RLI,1,38,10,626.00,"6,260.00"
2020-09-22,2020092204009038,RLI,38,3,10,627.00,"6,270.00"
2020-09-22,2020092204009037,RLI,38,40,10,627.00,"6,270.00"
2020-09-22,2020092204009036,RLI,38,56,10,627.00,"6,270.00"
2020-09-22,2020092204009035,RLI,1,8,10,626.00,"6,260.00"
2020-09-22,2020092204009034,RLI,1,42,10,626.00,"6,260.00"
2020-09-22,2020092204009033,RLI,1,13,10,626.00,"6,260.00"
2020-09-22,2020092204009046,RLI,1,14,10,626.00,"6,260.00"
2020-09-22,2020092204009045,RLI,1,22,10,626.00,"6,260.00"
2020-09-22,2020092204009042,RLI,1,5,10,626.00,"6,260.00"
2020-09-22,2020092204009041,RLI,1,52,10,626.00,"6,260.00"
2020-09-22,2020092204009040,RLI,1,38,10,626.00,"6,260.00"
2020-09-22,2020092204009039,RLI,38,40,10,627.00,"6,270.00"
2020-09-22,2020092204009052,RLI,1,40,10,626.00,"6,260.00"
2020-09-22,2020092204009051,RLI,1,29,10,626.00,"6,260.00"
2020-09-22,2020092204009050,RLI,1,58,10,626.00,"6,260.00"
2020-09-22,2020092204009049,RLI,1,38,10,626.00,"6,260.00"
2020-09-22,2020092204009048,RLI,1,22,10,626.00,"6,260.00"
2020-09-22,2020092204009047,RLI,1,49,10,626.00,"6,260.00"
2020-09-22,2020092204009058,RLI,1,29,10,626.00,"6,260.00"
2020-09-22,2020092204009057,RLI,1,8,10,626.00,"6,260.00"
2020-09-22,2020092204009056,RLI,1,49,10,626.00,"6,260.00"
2020-09-22,2020092204009055,RLI,1,52,10,626.00,"6,260.00"
2020-09-22,2020092204009054,RLI,1,14,10,626.00,"6,260.00"
2020-09-22,2020092204009053,RLI,1,10,10,626.00,"6,260.00"
2020-09-22,2020092204009064,RLI,1,58,10,626.00,"6,260.00"
2020-09-22,2020092204009063,RLI,1,22,10,626.00,"6,260.00"
2020-09-22,2020092204009062,RLI,42,58,10,627.00,"6,270.00"
2020-09-22,2020092204009061,RLI,42,17,10,627.00,"6,270.00"
2020-09-22,2020092204009060,RLI,1,57,10,626.00,"6,260.00"
2020-09-22,2020092204009059,RLI,1,38,10,626.00,"6,260.00"
2020-09-22,2020092204009072,RLI,1,42,10,626.00,"6,260.00"
2020-09-22,2020092204009071,RLI,1,29,10,626.00,"6,260.00"
2020-09-22,2020092204009070,RLI,1,45,10,626.00,"6,260.00"
2020-09-22,2020092204009067,RLI,1,49,10,626.00,"6,260.00"
2020-09-22,2020092204009066,RLI,1,39,10,626.00,"6,260.00"
2020-09-22,2020092204009065,RLI,1,8,10,626.00,"6,260.00"
2020-09-22,2020092204009078,RLI,43,17,10,626.00,"6,260.00"
2020-09-22,2020092204009077,RLI,1,22,10,626.00,"6,260.00"
2020-09-22,2020092204009076,RLI,1,58,10,626.00,"6,260.00"
2020-09-22,2020092204009075,RLI,1,57,10,626.00,"6,260.00"
2020-09-22,2020092204009074,RLI,1,55,10,626.00,"6,260.00"
2020-09-22,2020092204009073,RLI,1,28,10,626.00,"6,260.00"
2020-09-22,2020092204009084,RLI,57,21,10,626.00,"6,260.00"
2020-09-22,2020092204009083,RLI,57,29,10,626.00,"6,260.00"
2020-09-22,2020092204009082,RLI,43,8,10,626.00,"6,260.00"
2020-09-22,2020092204009081,RLI,43,38,10,626.00,"6,260.00"
2020-09-22,2020092204009080,RLI,43,49,10,626.00,"6,260.00"
2020-09-22,2020092204009079,RLI,43,6,10,626.00,"6,260.00"
2020-09-22,2020092204009090,RLI,54,58,10,626.00,"6,260.00"
2020-09-22,2020092204009089,RLI,54,38,10,626.00,"6,260.00"
2020-09-22,2020092204009088,RLI,54,22,10,626.00,"6,260.00"
2020-09-22,2020092204009087,RLI,57,21,10,626.00,"6,260.00"
2020-09-22,2020092204009086,RLI,57,7,10,626.00,"6,260.00"
2020-09-22,2020092204009085,RLI,57,38,10,626.00,"6,260.00"
2020-09-22,2020092204009096,RLI,25,59,10,627.00,"6,270.00"
2020-09-22,2020092204009095,RLI,21,38,10,626.00,"6,260.00"
2020-09-22,2020092204009094,RLI,21,57,10,626.00,"6,260.00"
2020-09-22,2020092204009093,RLI,21,42,10,626.00,"6,260.00"
2020-09-22,2020092204009092,RLI,54,29,10,626.00,"6,260.00"
2020-09-22,2020092204009091,RLI,54,22,10,626.00,"6,260.00"
2020-09-22,2020092204009102,RLI,51,42,10,626.00,"6,260.00"
2020-09-22,2020092204009101,RLI,51,58,10,626.00,"6,260.00"
2020-09-22,2020092204009100,RLI,51,57,10,626.00,"6,260.00"
2020-09-22,2020092204009099,RLI,51,49,10,626.00,"6,260.00"
2020-09-22,2020092204009098,RLI,51,13,10,626.00,"6,260.00"
2020-09-22,2020092204009097,RLI,21,7,10,626.00,"6,260.00"
2020-09-22,2020092204009108,RLI,51,42,10,626.00,"6,260.00"
2020-09-22,2020092204009107,RLI,51,38,10,626.00,"6,260.00"
2020-09-22,2020092204009106,RLI,51,22,10,626.00,"6,260.00"
2020-09-22,2020092204009105,RLI,51,29,10,626.00,"6,260.00"
2020-09-22,2020092204009104,RLI,51,46,10,626.00,"6,260.00"
2020-09-22,2020092204009103,RLI,51,8,10,626.00,"6,260.00"
2020-09-22,2020092204009114,RLI,39,59,10,627.00,"6,270.00"
2020-09-22,2020092204009113,RLI,39,58,10,627.00,"6,270.00"
2020-09-22,2020092204009112,RLI,51,41,10,626.00,"6,260.00"
2020-09-22,2020092204009111,RLI,51,53,10,626.00,"6,260.00"
2020-09-22,2020092204009110,RLI,51,7,10,626.00,"6,260.00"
2020-09-22,2020092204009109,RLI,51,43,10,626.00,"6,260.00"
2020-09-22,2020092204009124,RLI,51,32,10,626.00,"6,260.00"
2020-09-22,2020092204009123,RLI,51,8,10,626.00,"6,260.00"
2020-09-22,2020092204009122,RLI,51,42,10,626.00,"6,260.00"
2020-09-22,2020092204009121,RLI,51,10,10,626.00,"6,260.00"
2020-09-22,2020092204009120,RLI,51,44,10,626.00,"6,260.00"
2020-09-22,2020092204009115,RLI,39,17,80,627.00,"50,160.00"
2020-09-22,2020092204009130,RLI,51,8,10,626.00,"6,260.00"
2020-09-22,2020092204009129,RLI,51,41,10,626.00,"6,260.00"
2020-09-22,2020092204009128,RLI,51,7,10,626.00,"6,260.00"
2020-09-22,2020092204009127,RLI,51,38,10,626.00,"6,260.00"
2020-09-22,2020092204009126,RLI,51,7,10,626.00,"6,260.00"
2020-09-22,2020092204009125,RLI,51,58,10,626.00,"6,260.00"
2020-09-22,2020092204009136,RLI,51,42,10,626.00,"6,260.00"
2020-09-22,2020092204009135,RLI,51,7,10,626.00,"6,260.00"
2020-09-22,2020092204009134,RLI,51,43,10,626.00,"6,260.00"
2020-09-22,2020092204009133,RLI,51,44,10,626.00,"6,260.00"
2020-09-22,2020092204009132,RLI,51,34,10,626.00,"6,260.00"
2020-09-22,2020092204009131,RLI,51,44,10,626.00,"6,260.00"
2020-09-22,2020092204009143,RLI,51,55,10,626.00,"6,260.00"
2020-09-22,2020092204009142,RLI,51,14,10,626.00,"6,260.00"
2020-09-22,2020092204009141,RLI,51,21,10,626.00,"6,260.00"
2020-09-22,2020092204009140,RLI,51,6,10,626.00,"6,260.00"
2020-09-22,2020092204009138,RLI,51,22,10,626.00,"6,260.00"
2020-09-22,2020092204009137,RLI,51,8,10,626.00,"6,260.00"
2020-09-22,2020092204009152,RLI,51,22,10,626.00,"6,260.00"
2020-09-22,2020092204009151,RLI,51,44,10,626.00,"6,260.00"
2020-09-22,2020092204009150,RLI,51,34,10,626.00,"6,260.00"
2020-09-22,2020092204009149,RLI,51,7,10,626.00,"6,260.00"
2020-09-22,2020092204009148,RLI,51,8,10,626.00,"6,260.00"
2020-09-22,2020092204009144,RLI,51,10,10,626.00,"6,260.00"
2020-09-22,2020092204009158,RLI,51,38,10,626.00,"6,260.00"
2020-09-22,2020092204009157,RLI,51,22,10,626.00,"6,260.00"
2020-09-22,2020092204009156,RLI,51,58,10,626.00,"6,260.00"
2020-09-22,2020092204009155,RLI,51,8,10,626.00,"6,260.00"
2020-09-22,2020092204009154,RLI,51,36,10,626.00,"6,260.00"
2020-09-22,2020092204009153,RLI,51,6,10,626.00,"6,260.00"
2020-09-22,2020092204009164,RLI,51,22,10,626.00,"6,260.00"
2020-09-22,2020092204009163,RLI,51,55,10,626.00,"6,260.00"
2020-09-22,2020092204009162,RLI,51,59,10,626.00,"6,260.00"
2020-09-22,2020092204009161,RLI,51,13,10,626.00,"6,260.00"
2020-09-22,2020092204009160,RLI,51,19,10,626.00,"6,260.00"
2020-09-22,2020092204009159,RLI,51,49,10,626.00,"6,260.00"
2020-09-22,2020092204009170,RLI,51,56,10,626.00,"6,260.00"
2020-09-22,2020092204009169,RLI,51,22,10,626.00,"6,260.00"
2020-09-22,2020092204009168,RLI,51,22,10,626.00,"6,260.00"
2020-09-22,2020092204009167,RLI,14,17,20,627.00,"12,540.00"
2020-09-22,2020092204009166,RLI,51,58,10,626.00,"6,260.00"
2020-09-22,2020092204009165,RLI,51,10,10,626.00,"6,260.00"
2020-09-22,2020092204009177,RLI,51,41,10,626.00,"6,260.00"
2020-09-22,2020092204009176,RLI,51,10,10,626.00,"6,260.00"
2020-09-22,2020092204009175,RLI,51,33,10,626.00,"6,260.00"
2020-09-22,2020092204009173,RLI,51,44,10,626.00,"6,260.00"
2020-09-22,2020092204009172,RLI,51,1,10,626.00,"6,260.00"
2020-09-22,2020092204009171,RLI,51,43,10,626.00,"6,260.00"
2020-09-22,2020092204009183,RLI,35,59,10,627.00,"6,270.00"
2020-09-22,2020092204009182,RLI,35,58,10,627.00,"6,270.00"
2020-09-22,2020092204009181,RLI,35,58,10,627.00,"6,270.00"
2020-09-22,2020092204009180,RLI,35,58,10,627.00,"6,270.00"
2020-09-22,2020092204009179,RLI,35,17,500,627.00,"313,500.00"
2020-09-22,2020092204009178,RLI,35,17,900,627.00,"564,300.00"
2020-09-22,2020092204009189,RLI,35,21,10,627.00,"6,270.00"
2020-09-22,2020092204009188,RLI,35,40,10,627.00,"6,270.00"
2020-09-22,2020092204009187,RLI,35,59,10,627.00,"6,270.00"
2020-09-22,2020092204009186,RLI,35,14,10,627.00,"6,270.00"
2020-09-22,2020092204009185,RLI,35,47,10,627.00,"6,270.00"
2020-09-22,2020092204009184,RLI,35,22,10,627.00,"6,270.00"
2020-09-22,2020092204009195,RLI,17,28,10,628.00,"6,280.00"
2020-09-22,2020092204009194,RLI,36,58,10,627.00,"6,270.00"
2020-09-22,2020092204009193,RLI,36,51,10,627.00,"6,270.00"
2020-09-22,2020092204009192,RLI,36,44,10,627.00,"6,270.00"
2020-09-22,2020092204009191,RLI,36,49,10,627.00,"6,270.00"
2020-09-22,2020092204009190,RLI,36,22,10,627.00,"6,270.00"
2020-09-22,2020092204009201,RLI,5,6,10,628.00,"6,280.00"
2020-09-22,2020092204009200,RLI,5,48,10,628.00,"6,280.00"
2020-09-22,2020092204009199,RLI,36,10,10,627.00,"6,270.00"
2020-09-22,2020092204009198,RLI,36,58,10,627.00,"6,270.00"
2020-09-22,2020092204009197,RLI,17,35,10,628.00,"6,280.00"
2020-09-22,2020092204009196,RLI,17,45,10,628.00,"6,280.00"
2020-09-22,2020092204009207,RLI,5,35,10,628.00,"6,280.00"
2020-09-22,2020092204009206,RLI,5,8,10,628.00,"6,280.00"
2020-09-22,2020092204009205,RLI,5,25,10,628.00,"6,280.00"
2020-09-22,2020092204009204,RLI,5,8,10,628.00,"6,280.00"
2020-09-22,2020092204009203,RLI,5,56,10,628.00,"6,280.00"
2020-09-22,2020092204009202,RLI,5,35,10,628.00,"6,280.00"
2020-09-22,2020092204009213,RLI,5,10,10,628.00,"6,280.00"
2020-09-22,2020092204009212,RLI,5,6,10,628.00,"6,280.00"
2020-09-22,2020092204009211,RLI,5,6,10,628.00,"6,280.00"
2020-09-22,2020092204009210,RLI,5,35,10,628.00,"6,280.00"
2020-09-22,2020092204009209,RLI,5,8,10,628.00,"6,280.00"
2020-09-22,2020092204009208,RLI,5,8,10,628.00,"6,280.00"
2020-09-22,2020092204008996,SAEF,7,36,500,10.33,"5,165.00"
2020-09-22,2020092204008836,SAEF,7,29,"9,100",10.33,"94,003.00"
2020-09-22,2020092204008835,SAEF,57,29,900,10.33,"9,297.00"
2020-09-22,2020092204008989,SAND2085,17,41,25,"1,005.00","25,125.00"
2020-09-22,2020092204008813,SEF,43,17,550,9.01,"4,955.50"
2020-09-22,2020092204008428,BBC,11,7,200,"1,675.00","335,000.00"
2020-09-22,2020092204008601,CMF1,16,6,"2,000",11.18,"22,360.00"
2020-09-22,2020092204008565,CMF1,16,6,"3,000",11.18,"33,540.00"
2020-09-22,2020092204008526,LUK,22,28,"5,000",9.10,"45,500.00"
2020-09-22,2020092204008360,NBF2,17,53,"4,600",8.81,"40,526.00"
2020-09-22,2020092204008328,NBF2,49,53,400,8.85,"3,540.00"
2020-09-22,2020092204008320,NEF,32,42,414,8.69,"3,597.66"
2020-09-22,2020092204008576,NIBPO,35,45,100,361.00,"36,100.00"
2020-09-22,2020092204008425,NIBPO,6,49,71,360.00,"25,560.00"
2020-09-22,2020092204008294,NIBPO,6,42,50,360.00,"18,000.00"
2020-09-22,2020092204008221,NICGF,17,52,"7,500",9.38,"70,350.00"
2020-09-22,2020092204008570,RBCLPO,54,52,30,"10,051.00","301,530.00"
2020-09-22,2020092204008569,RBCLPO,32,52,20,"10,060.00","201,200.00"
2020-09-22,2020092204008548,RBCLPO,32,38,50,"10,110.00","505,500.00"
2020-09-22,2020092204008719,RLI,59,21,10,626.00,"6,260.00"
2020-09-22,2020092204008718,RLI,6,18,10,626.00,"6,260.00"
2020-09-22,2020092204008717,RLI,6,6,10,626.00,"6,260.00"
2020-09-22,2020092204008716,RLI,6,47,10,626.00,"6,260.00"
2020-09-22,2020092204008715,RLI,6,38,10,626.00,"6,260.00"
2020-09-22,2020092204008714,RLI,6,41,10,626.00,"6,260.00"
2020-09-22,2020092204008224,RLI,21,19,10,626.00,"6,260.00"
2020-09-22,2020092204008223,RLI,21,42,10,626.00,"6,260.00"
2020-09-22,2020092204008222,RLI,45,32,10,626.00,"6,260.00"
2020-09-22,2020092204008220,RLI,4,57,70,626.00,"43,820.00"
2020-09-22,2020092204008230,RLI,21,29,10,626.00,"6,260.00"
2020-09-22,2020092204008229,RLI,21,47,10,626.00,"6,260.00"
2020-09-22,2020092204008228,RLI,21,44,10,626.00,"6,260.00"
2020-09-22,2020092204008227,RLI,21,7,10,626.00,"6,260.00"
2020-09-22,2020092204008226,RLI,21,38,10,626.00,"6,260.00"
2020-09-22,2020092204008225,RLI,21,48,10,626.00,"6,260.00"
2020-09-22,2020092204008236,RLI,48,32,10,626.00,"6,260.00"
2020-09-22,2020092204008235,RLI,44,20,10,626.00,"6,260.00"
2020-09-22,2020092204008234,RLI,44,38,10,626.00,"6,260.00"
2020-09-22,2020092204008233,RLI,44,39,10,626.00,"6,260.00"
2020-09-22,2020092204008232,RLI,21,8,10,626.00,"6,260.00"
2020-09-22,2020092204008231,RLI,21,41,10,626.00,"6,260.00"
2020-09-22,2020092204008242,RLI,48,7,10,626.00,"6,260.00"
2020-09-22,2020092204008241,RLI,48,44,10,626.00,"6,260.00"
2020-09-22,2020092204008240,RLI,48,42,10,626.00,"6,260.00"
2020-09-22,2020092204008239,RLI,48,14,10,626.00,"6,260.00"
2020-09-22,2020092204008238,RLI,48,18,10,626.00,"6,260.00"
2020-09-22,2020092204008237,RLI,48,25,10,626.00,"6,260.00"
2020-09-22,2020092204008248,RLI,43,6,10,626.00,"6,260.00"
2020-09-22,2020092204008247,RLI,43,25,10,626.00,"6,260.00"
2020-09-22,2020092204008246,RLI,43,47,10,626.00,"6,260.00"
2020-09-22,2020092204008245,RLI,48,32,10,626.00,"6,260.00"
2020-09-22,2020092204008244,RLI,48,44,10,626.00,"6,260.00"
2020-09-22,2020092204008243,RLI,48,39,10,626.00,"6,260.00"
2020-09-22,2020092204008254,RLI,43,48,10,626.00,"6,260.00"
2020-09-22,2020092204008253,RLI,43,7,10,626.00,"6,260.00"
2020-09-22,2020092204008252,RLI,43,20,10,626.00,"6,260.00"
2020-09-22,2020092204008251,RLI,43,39,10,626.00,"6,260.00"
2020-09-22,2020092204008250,RLI,43,42,10,626.00,"6,260.00"
2020-09-22,2020092204008249,RLI,43,38,10,626.00,"6,260.00"
2020-09-22,2020092204008260,RLI,6,38,10,626.00,"6,260.00"
2020-09-22,2020092204008259,RLI,6,5,10,626.00,"6,260.00"
2020-09-22,2020092204008258,RLI,6,51,10,626.00,"6,260.00"
2020-09-22,2020092204008257,RLI,6,18,10,626.00,"6,260.00"
2020-09-22,2020092204008256,RLI,6,38,10,626.00,"6,260.00"
2020-09-22,2020092204008255,RLI,43,44,10,626.00,"6,260.00"
2020-09-22,2020092204008266,RLI,11,44,10,626.00,"6,260.00"
2020-09-22,2020092204008265,RLI,6,47,10,626.00,"6,260.00"
2020-09-22,2020092204008264,RLI,6,7,10,626.00,"6,260.00"
2020-09-22,2020092204008263,RLI,6,59,10,626.00,"6,260.00"
2020-09-22,2020092204008262,RLI,6,39,10,626.00,"6,260.00"
2020-09-22,2020092204008261,RLI,6,42,10,626.00,"6,260.00"
2020-09-22,2020092204008272,RLI,45,44,10,626.00,"6,260.00"
2020-09-22,2020092204008271,RLI,45,7,10,626.00,"6,260.00"
2020-09-22,2020092204008270,RLI,45,39,10,626.00,"6,260.00"
2020-09-22,2020092204008269,RLI,45,42,10,626.00,"6,260.00"
2020-09-22,2020092204008268,RLI,45,32,10,626.00,"6,260.00"
2020-09-22,2020092204008267,RLI,11,25,10,626.00,"6,260.00"
2020-09-22,2020092204008278,RLI,34,5,10,626.00,"6,260.00"
2020-09-22,2020092204008277,RLI,45,38,10,626.00,"6,260.00"
2020-09-22,2020092204008276,RLI,45,8,10,626.00,"6,260.00"
2020-09-22,2020092204008275,RLI,45,20,10,626.00,"6,260.00"
2020-09-22,2020092204008274,RLI,45,49,10,626.00,"6,260.00"
2020-09-22,2020092204008273,RLI,45,48,10,626.00,"6,260.00"
2020-09-22,2020092204008284,RLI,45,55,10,627.00,"6,270.00"
2020-09-22,2020092204008283,RLI,45,35,10,627.00,"6,270.00"
2020-09-22,2020092204008282,RLI,45,45,10,627.00,"6,270.00"
2020-09-22,2020092204008281,RLI,45,17,10,627.00,"6,270.00"
2020-09-22,2020092204008280,RLI,45,51,10,627.00,"6,270.00"
2020-09-22,2020092204008279,RLI,34,39,10,626.00,"6,260.00"
2020-09-22,2020092204008290,RLI,7,58,10,626.00,"6,260.00"
2020-09-22,2020092204008289,RLI,6,44,10,626.00,"6,260.00"
2020-09-22,2020092204008288,RLI,6,47,10,626.00,"6,260.00"
2020-09-22,2020092204008287,RLI,34,48,10,626.00,"6,260.00"
2020-09-22,2020092204008286,RLI,34,42,10,626.00,"6,260.00"
2020-09-22,2020092204008285,RLI,45,55,10,627.00,"6,270.00"
2020-09-22,2020092204008297,RLI,7,39,10,626.00,"6,260.00"
2020-09-22,2020092204008296,RLI,7,42,10,626.00,"6,260.00"
2020-09-22,2020092204008295,RLI,7,56,10,626.00,"6,260.00"
2020-09-22,2020092204008293,RLI,7,8,10,626.00,"6,260.00"
2020-09-22,2020092204008292,RLI,7,7,10,626.00,"6,260.00"
2020-09-22,2020092204008291,RLI,7,38,10,626.00,"6,260.00"
2020-09-22,2020092204008303,RLI,7,38,10,626.00,"6,260.00"
2020-09-22,2020092204008302,RLI,7,47,10,626.00,"6,260.00"
2020-09-22,2020092204008301,RLI,7,7,10,626.00,"6,260.00"
2020-09-22,2020092204008300,RLI,7,22,10,626.00,"6,260.00"
2020-09-22,2020092204008299,RLI,7,20,10,626.00,"6,260.00"
2020-09-22,2020092204008298,RLI,7,34,10,626.00,"6,260.00"
2020-09-22,2020092204008309,RLI,45,58,10,627.00,"6,270.00"
2020-09-22,2020092204008308,RLI,7,38,10,626.00,"6,260.00"
2020-09-22,2020092204008307,RLI,7,6,10,626.00,"6,260.00"
2020-09-22,2020092204008306,RLI,7,42,10,626.00,"6,260.00"
2020-09-22,2020092204008305,RLI,7,32,10,626.00,"6,260.00"
2020-09-22,2020092204008304,RLI,7,5,10,626.00,"6,260.00"
2020-09-22,2020092204008315,RLI,41,20,10,626.00,"6,260.00"
2020-09-22,2020092204008314,RLI,7,18,10,626.00,"6,260.00"
2020-09-22,2020092204008313,RLI,7,8,10,626.00,"6,260.00"
2020-09-22,2020092204008312,RLI,45,55,10,627.00,"6,270.00"
2020-09-22,2020092204008311,RLI,45,50,10,627.00,"6,270.00"
2020-09-22,2020092204008310,RLI,45,34,10,627.00,"6,270.00"
2020-09-22,2020092204008322,RLI,53,34,10,626.00,"6,260.00"
2020-09-22,2020092204008321,RLI,41,42,10,626.00,"6,260.00"
2020-09-22,2020092204008319,RLI,41,7,10,626.00,"6,260.00"
2020-09-22,2020092204008318,RLI,41,51,10,626.00,"6,260.00"
2020-09-22,2020092204008317,RLI,41,38,10,626.00,"6,260.00"
2020-09-22,2020092204008316,RLI,26,54,10,627.00,"6,270.00"
2020-09-22,2020092204008329,RLI,53,53,10,626.00,"6,260.00"
2020-09-22,2020092204008327,RLI,53,5,10,626.00,"6,260.00"
2020-09-22,2020092204008326,RLI,53,17,10,626.00,"6,260.00"
2020-09-22,2020092204008325,RLI,53,29,10,626.00,"6,260.00"
2020-09-22,2020092204008324,RLI,53,38,10,626.00,"6,260.00"
2020-09-22,2020092204008323,RLI,53,32,10,626.00,"6,260.00"
2020-09-22,2020092204008335,RLI,19,59,10,626.00,"6,260.00"
2020-09-22,2020092204008334,RLI,19,34,10,626.00,"6,260.00"
2020-09-22,2020092204008333,RLI,19,22,10,626.00,"6,260.00"
2020-09-22,2020092204008332,RLI,53,48,10,626.00,"6,260.00"
2020-09-22,2020092204008331,RLI,53,7,10,626.00,"6,260.00"
2020-09-22,2020092204008330,RLI,53,47,10,626.00,"6,260.00"
2020-09-22,2020092204008341,RLI,19,44,10,626.00,"6,260.00"
2020-09-22,2020092204008340,RLI,19,38,10,626.00,"6,260.00"
2020-09-22,2020092204008339,RLI,19,17,10,626.00,"6,260.00"
2020-09-22,2020092204008338,RLI,19,39,10,626.00,"6,260.00"
2020-09-22,2020092204008337,RLI,19,18,10,626.00,"6,260.00"
2020-09-22,2020092204008336,RLI,19,20,10,626.00,"6,260.00"
2020-09-22,2020092204008347,RLI,19,36,10,626.00,"6,260.00"
2020-09-22,2020092204008346,RLI,19,17,10,626.00,"6,260.00"
2020-09-22,2020092204008345,RLI,19,50,10,626.00,"6,260.00"
2020-09-22,2020092204008344,RLI,19,47,10,626.00,"6,260.00"
2020-09-22,2020092204008343,RLI,19,49,10,626.00,"6,260.00"
2020-09-22,2020092204008342,RLI,19,42,10,626.00,"6,260.00"
2020-09-22,2020092204008353,RLI,19,42,10,626.00,"6,260.00"
2020-09-22,2020092204008352,RLI,19,18,10,626.00,"6,260.00"
2020-09-22,2020092204008351,RLI,19,39,10,626.00,"6,260.00"
2020-09-22,2020092204008350,RLI,41,55,10,627.00,"6,270.00"
2020-09-22,2020092204008349,RLI,19,20,10,626.00,"6,260.00"
2020-09-22,2020092204008348,RLI,19,34,10,626.00,"6,260.00"
2020-09-22,2020092204008359,RLI,58,17,10,626.00,"6,260.00"
2020-09-22,2020092204008358,RLI,43,48,10,626.00,"6,260.00"
2020-09-22,2020092204008357,RLI,43,38,10,626.00,"6,260.00"
2020-09-22,2020092204008356,RLI,43,44,10,626.00,"6,260.00"
2020-09-22,2020092204008355,RLI,43,42,10,626.00,"6,260.00"
2020-09-22,2020092204008354,RLI,43,16,10,626.00,"6,260.00"
2020-09-22,2020092204008366,RLI,35,42,10,626.00,"6,260.00"
2020-09-22,2020092204008365,RLI,35,8,10,626.00,"6,260.00"
2020-09-22,2020092204008364,RLI,35,22,10,626.00,"6,260.00"
2020-09-22,2020092204008363,RLI,35,39,10,626.00,"6,260.00"
2020-09-22,2020092204008362,RLI,35,47,10,626.00,"6,260.00"
2020-09-22,2020092204008361,RLI,58,34,10,626.00,"6,260.00"
2020-09-22,2020092204008372,RLI,45,39,10,626.00,"6,260.00"
2020-09-22,2020092204008371,RLI,45,38,10,626.00,"6,260.00"
2020-09-22,2020092204008370,RLI,45,18,10,626.00,"6,260.00"
2020-09-22,2020092204008369,RLI,57,29,10,625.00,"6,250.00"
2020-09-22,2020092204008368,RLI,57,17,10,625.00,"6,250.00"
2020-09-22,2020092204008367,RLI,57,44,10,625.00,"6,250.00"
2020-09-22,2020092204008378,RLI,57,34,10,625.00,"6,250.00"
2020-09-22,2020092204008377,RLI,57,47,10,625.00,"6,250.00"
2020-09-22,2020092204008376,RLI,57,21,10,625.00,"6,250.00"
2020-09-22,2020092204008375,RLI,57,39,10,625.00,"6,250.00"
2020-09-22,2020092204008374,RLI,45,17,10,626.00,"6,260.00"
2020-09-22,2020092204008373,RLI,45,52,10,626.00,"6,260.00"
2020-09-22,2020092204008384,RLI,4,46,10,625.00,"6,250.00"
2020-09-22,2020092204008383,RLI,4,39,10,625.00,"6,250.00"
2020-09-22,2020092204008382,RLI,4,17,10,625.00,"6,250.00"
2020-09-22,2020092204008381,RLI,4,21,10,625.00,"6,250.00"
2020-09-22,2020092204008380,RLI,57,32,10,625.00,"6,250.00"
2020-09-22,2020092204008379,RLI,57,28,10,625.00,"6,250.00"
2020-09-22,2020092204008390,RLI,6,19,10,626.00,"6,260.00"
2020-09-22,2020092204008389,RLI,4,39,10,625.00,"6,250.00"
2020-09-22,2020092204008388,RLI,4,14,10,625.00,"6,250.00"
2020-09-22,2020092204008387,RLI,4,42,10,625.00,"6,250.00"
2020-09-22,2020092204008386,RLI,4,34,10,625.00,"6,250.00"
2020-09-22,2020092204008385,RLI,4,38,10,625.00,"6,250.00"
2020-09-22,2020092204008396,RLI,6,38,10,626.00,"6,260.00"
2020-09-22,2020092204008395,RLI,6,18,10,626.00,"6,260.00"
2020-09-22,2020092204008394,RLI,6,14,10,626.00,"6,260.00"
2020-09-22,2020092204008393,RLI,6,42,10,626.00,"6,260.00"
2020-09-22,2020092204008392,RLI,6,48,10,626.00,"6,260.00"
2020-09-22,2020092204008391,RLI,6,58,10,626.00,"6,260.00"
2020-09-22,2020092204008402,RLI,4,43,10,625.00,"6,250.00"
2020-09-22,2020092204008401,RLI,4,48,10,625.00,"6,250.00"
2020-09-22,2020092204008400,RLI,4,36,10,625.00,"6,250.00"
2020-09-22,2020092204008399,RLI,6,43,10,626.00,"6,260.00"
2020-09-22,2020092204008398,RLI,6,42,10,626.00,"6,260.00"
2020-09-22,2020092204008397,RLI,6,58,10,626.00,"6,260.00"
2020-09-22,2020092204008408,RLI,4,28,10,625.00,"6,250.00"
2020-09-22,2020092204008407,RLI,4,53,10,625.00,"6,250.00"
2020-09-22,2020092204008406,RLI,4,36,10,625.00,"6,250.00"
2020-09-22,2020092204008405,RLI,4,46,10,625.00,"6,250.00"
2020-09-22,2020092204008404,RLI,4,39,10,625.00,"6,250.00"
2020-09-22,2020092204008403,RLI,4,44,10,625.00,"6,250.00"
2020-09-22,2020092204008414,RLI,6,47,10,626.00,"6,260.00"
2020-09-22,2020092204008413,RLI,4,36,10,625.00,"6,250.00"
2020-09-22,2020092204008412,RLI,4,43,10,625.00,"6,250.00"
2020-09-22,2020092204008411,RLI,4,38,10,625.00,"6,250.00"
2020-09-22,2020092204008410,RLI,4,1,10,625.00,"6,250.00"
2020-09-22,2020092204008409,RLI,4,44,10,625.00,"6,250.00"
2020-09-22,2020092204008420,RLI,6,48,10,626.00,"6,260.00"
2020-09-22,2020092204008419,RLI,6,40,10,626.00,"6,260.00"
2020-09-22,2020092204008418,RLI,6,48,10,626.00,"6,260.00"
2020-09-22,2020092204008417,RLI,6,47,10,626.00,"6,260.00"
2020-09-22,2020092204008416,RLI,6,43,10,626.00,"6,260.00"
2020-09-22,2020092204008415,RLI,6,18,10,626.00,"6,260.00"
2020-09-22,2020092204008429,RLI,4,46,10,625.00,"6,250.00"
2020-09-22,2020092204008426,RLI,4,7,10,625.00,"6,250.00"
2020-09-22,2020092204008424,RLI,4,39,10,625.00,"6,250.00"
2020-09-22,2020092204008423,RLI,6,44,10,626.00,"6,260.00"
2020-09-22,2020092204008422,RLI,6,42,10,626.00,"6,260.00"
2020-09-22,2020092204008421,RLI,6,47,10,626.00,"6,260.00"
2020-09-22,2020092204008435,RLI,4,14,10,625.00,"6,250.00"
2020-09-22,2020092204008434,RLI,4,45,10,625.00,"6,250.00"
2020-09-22,2020092204008433,RLI,4,28,10,625.00,"6,250.00"
2020-09-22,2020092204008432,RLI,4,47,10,625.00,"6,250.00"
2020-09-22,2020092204008431,RLI,4,38,10,625.00,"6,250.00"
2020-09-22,2020092204008430,RLI,4,44,10,625.00,"6,250.00"
2020-09-22,2020092204008441,RLI,14,43,10,626.00,"6,260.00"
2020-09-22,2020092204008440,RLI,14,58,10,626.00,"6,260.00"
2020-09-22,2020092204008439,RLI,14,3,10,626.00,"6,260.00"
2020-09-22,2020092204008438,RLI,4,29,10,625.00,"6,250.00"
2020-09-22,2020092204008437,RLI,4,44,10,625.00,"6,250.00"
2020-09-22,2020092204008436,RLI,4,3,10,625.00,"6,250.00"
2020-09-22,2020092204008447,RLI,14,40,10,626.00,"6,260.00"
2020-09-22,2020092204008446,RLI,14,38,10,626.00,"6,260.00"
2020-09-22,2020092204008445,RLI,14,18,10,626.00,"6,260.00"
2020-09-22,2020092204008444,RLI,14,22,10,626.00,"6,260.00"
2020-09-22,2020092204008443,RLI,14,48,10,626.00,"6,260.00"
2020-09-22,2020092204008442,RLI,14,18,10,626.00,"6,260.00"
2020-09-22,2020092204008453,RLI,14,33,10,626.00,"6,260.00"
2020-09-22,2020092204008452,RLI,14,44,10,626.00,"6,260.00"
2020-09-22,2020092204008451,RLI,14,1,10,626.00,"6,260.00"
2020-09-22,2020092204008450,RLI,14,1,10,626.00,"6,260.00"
2020-09-22,2020092204008449,RLI,14,56,10,626.00,"6,260.00"
2020-09-22,2020092204008448,RLI,14,45,10,626.00,"6,260.00"
2020-09-22,2020092204008459,RLI,14,53,10,626.00,"6,260.00"
2020-09-22,2020092204008458,RLI,14,3,10,626.00,"6,260.00"
2020-09-22,2020092204008457,RLI,14,40,10,626.00,"6,260.00"
2020-09-22,2020092204008456,RLI,14,36,10,626.00,"6,260.00"
2020-09-22,2020092204008455,RLI,14,49,10,626.00,"6,260.00"
2020-09-22,2020092204008454,RLI,14,48,10,626.00,"6,260.00"
2020-09-22,2020092204008465,RLI,14,38,10,626.00,"6,260.00"
2020-09-22,2020092204008464,RLI,14,7,10,626.00,"6,260.00"
2020-09-22,2020092204008463,RLI,14,58,10,626.00,"6,260.00"
2020-09-22,2020092204008462,RLI,14,42,10,626.00,"6,260.00"
2020-09-22,2020092204008461,RLI,14,45,10,626.00,"6,260.00"
2020-09-22,2020092204008460,RLI,14,48,10,626.00,"6,260.00"
2020-09-22,2020092204008472,RLI,4,22,10,625.00,"6,250.00"
2020-09-22,2020092204008471,RLI,4,38,10,625.00,"6,250.00"
2020-09-22,2020092204008469,RLI,4,44,10,625.00,"6,250.00"
2020-09-22,2020092204008468,RLI,14,7,10,626.00,"6,260.00"
2020-09-22,2020092204008467,RLI,14,51,10,626.00,"6,260.00"
2020-09-22,2020092204008466,RLI,14,18,10,626.00,"6,260.00"
2020-09-22,2020092204008478,RLI,4,1,10,625.00,"6,250.00"
2020-09-22,2020092204008477,RLI,4,44,10,625.00,"6,250.00"
2020-09-22,2020092204008476,RLI,4,17,10,625.00,"6,250.00"
2020-09-22,2020092204008475,RLI,4,33,10,625.00,"6,250.00"
2020-09-22,2020092204008474,RLI,4,45,10,625.00,"6,250.00"
2020-09-22,2020092204008473,RLI,4,21,10,625.00,"6,250.00"
2020-09-22,2020092204008484,RLI,4,8,10,625.00,"6,250.00"
2020-09-22,2020092204008483,RLI,4,8,10,625.00,"6,250.00"
2020-09-22,2020092204008482,RLI,4,7,10,625.00,"6,250.00"
2020-09-22,2020092204008481,RLI,4,38,10,625.00,"6,250.00"
2020-09-22,2020092204008480,RLI,4,50,10,625.00,"6,250.00"
2020-09-22,2020092204008479,RLI,4,7,10,625.00,"6,250.00"
2020-09-22,2020092204008490,RLI,57,7,10,625.00,"6,250.00"
2020-09-22,2020092204008489,RLI,57,49,10,625.00,"6,250.00"
2020-09-22,2020092204008488,RLI,57,33,10,625.00,"6,250.00"
2020-09-22,2020092204008487,RLI,57,44,10,625.00,"6,250.00"
2020-09-22,2020092204008486,RLI,57,3,10,625.00,"6,250.00"
2020-09-22,2020092204008485,RLI,14,57,10,625.00,"6,250.00"
2020-09-22,2020092204008496,RLI,57,14,10,625.00,"6,250.00"
2020-09-22,2020092204008495,RLI,57,1,10,625.00,"6,250.00"
2020-09-22,2020092204008494,RLI,57,48,10,625.00,"6,250.00"
2020-09-22,2020092204008493,RLI,57,44,10,625.00,"6,250.00"
2020-09-22,2020092204008492,RLI,57,1,10,625.00,"6,250.00"
2020-09-22,2020092204008491,RLI,57,7,10,625.00,"6,250.00"
2020-09-22,2020092204008502,RLI,42,42,10,625.00,"6,250.00"
2020-09-22,2020092204008501,RLI,57,7,10,625.00,"6,250.00"
2020-09-22,2020092204008500,RLI,57,7,10,625.00,"6,250.00"
2020-09-22,2020092204008499,RLI,57,1,10,625.00,"6,250.00"
2020-09-22,2020092204008498,RLI,57,48,10,625.00,"6,250.00"
2020-09-22,2020092204008497,RLI,57,33,10,625.00,"6,250.00"
2020-09-22,2020092204008508,RLI,29,48,10,625.00,"6,250.00"
2020-09-22,2020092204008507,RLI,29,28,10,625.00,"6,250.00"
2020-09-22,2020092204008506,RLI,42,6,10,625.00,"6,250.00"
2020-09-22,2020092204008505,RLI,42,1,10,625.00,"6,250.00"
2020-09-22,2020092204008504,RLI,42,40,10,625.00,"6,250.00"
2020-09-22,2020092204008503,RLI,42,44,10,625.00,"6,250.00"
2020-09-22,2020092204008514,RLI,38,58,10,626.00,"6,260.00"
2020-09-22,2020092204008513,RLI,38,6,10,626.00,"6,260.00"
2020-09-22,2020092204008512,RLI,38,28,10,626.00,"6,260.00"
2020-09-22,2020092204008511,RLI,19,38,10,625.00,"6,250.00"
2020-09-22,2020092204008510,RLI,19,44,10,625.00,"6,250.00"
2020-09-22,2020092204008509,RLI,19,38,10,625.00,"6,250.00"
2020-09-22,2020092204008520,RLI,26,59,10,625.00,"6,250.00"
2020-09-22,2020092204008519,RLI,26,39,10,625.00,"6,250.00"
2020-09-22,2020092204008518,RLI,26,17,10,625.00,"6,250.00"
2020-09-22,2020092204008517,RLI,26,17,10,625.00,"6,250.00"
2020-09-22,2020092204008516,RLI,38,18,10,626.00,"6,260.00"
2020-09-22,2020092204008515,RLI,38,48,10,626.00,"6,260.00"
2020-09-22,2020092204008527,RLI,26,48,10,625.00,"6,250.00"
2020-09-22,2020092204008525,RLI,26,17,10,625.00,"6,250.00"
2020-09-22,2020092204008524,RLI,26,6,10,625.00,"6,250.00"
2020-09-22,2020092204008523,RLI,26,17,10,625.00,"6,250.00"
2020-09-22,2020092204008522,RLI,26,8,10,625.00,"6,250.00"
2020-09-22,2020092204008521,RLI,26,44,10,625.00,"6,250.00"
2020-09-22,2020092204008533,RLI,52,29,10,625.00,"6,250.00"
2020-09-22,2020092204008532,RLI,26,56,10,625.00,"6,250.00"
2020-09-22,2020092204008531,RLI,26,44,10,625.00,"6,250.00"
2020-09-22,2020092204008530,RLI,26,17,10,625.00,"6,250.00"
2020-09-22,2020092204008529,RLI,26,7,10,625.00,"6,250.00"
2020-09-22,2020092204008528,RLI,26,8,10,625.00,"6,250.00"
2020-09-22,2020092204008539,RLI,52,29,10,625.00,"6,250.00"
2020-09-22,2020092204008538,RLI,57,48,10,626.00,"6,260.00"
2020-09-22,2020092204008537,RLI,57,40,10,626.00,"6,260.00"
2020-09-22,2020092204008536,RLI,57,40,10,626.00,"6,260.00"
2020-09-22,2020092204008535,RLI,57,40,10,626.00,"6,260.00"
2020-09-22,2020092204008534,RLI,57,40,10,626.00,"6,260.00"
2020-09-22,2020092204008545,RLI,38,49,10,625.00,"6,250.00"
2020-09-22,2020092204008544,RLI,38,48,10,625.00,"6,250.00"
2020-09-22,2020092204008543,RLI,38,36,10,625.00,"6,250.00"
2020-09-22,2020092204008542,RLI,38,28,10,625.00,"6,250.00"
2020-09-22,2020092204008541,RLI,38,28,10,625.00,"6,250.00"
2020-09-22,2020092204008540,RLI,52,47,10,625.00,"6,250.00"
2020-09-22,2020092204008552,RLI,38,47,10,626.00,"6,260.00"
2020-09-22,2020092204008551,RLI,38,40,10,626.00,"6,260.00"
2020-09-22,2020092204008550,RLI,38,59,10,626.00,"6,260.00"
2020-09-22,2020092204008549,RLI,38,40,10,626.00,"6,260.00"
2020-09-22,2020092204008547,RLI,34,56,10,625.00,"6,250.00"
2020-09-22,2020092204008546,RLI,34,47,10,625.00,"6,250.00"
2020-09-22,2020092204008558,RLI,48,29,10,625.00,"6,250.00"
2020-09-22,2020092204008557,RLI,48,50,10,625.00,"6,250.00"
2020-09-22,2020092204008556,RLI,48,59,10,625.00,"6,250.00"
2020-09-22,2020092204008555,RLI,38,42,10,626.00,"6,260.00"
2020-09-22,2020092204008554,RLI,38,11,10,626.00,"6,260.00"
2020-09-22,2020092204008553,RLI,38,32,10,626.00,"6,260.00"
2020-09-22,2020092204008564,RLI,28,28,10,625.00,"6,250.00"
2020-09-22,2020092204008563,RLI,28,10,10,625.00,"6,250.00"
2020-09-22,2020092204008562,RLI,35,47,10,625.00,"6,250.00"
2020-09-22,2020092204008561,RLI,35,21,10,625.00,"6,250.00"
2020-09-22,2020092204008560,RLI,48,59,10,625.00,"6,250.00"
2020-09-22,2020092204008559,RLI,48,7,10,625.00,"6,250.00"
2020-09-22,2020092204008573,RLI,28,7,10,625.00,"6,250.00"
2020-09-22,2020092204008572,RLI,28,38,10,625.00,"6,250.00"
2020-09-22,2020092204008571,RLI,28,8,10,625.00,"6,250.00"
2020-09-22,2020092204008568,RLI,28,56,10,625.00,"6,250.00"
2020-09-22,2020092204008567,RLI,28,49,10,625.00,"6,250.00"
2020-09-22,2020092204008566,RLI,28,21,10,625.00,"6,250.00"
2020-09-22,2020092204008580,RLI,28,56,10,625.00,"6,250.00"
2020-09-22,2020092204008579,RLI,49,38,10,626.00,"6,260.00"
2020-09-22,2020092204008578,RLI,49,58,10,626.00,"6,260.00"
2020-09-22,2020092204008577,RLI,28,47,10,625.00,"6,250.00"
2020-09-22,2020092204008575,RLI,14,59,10,626.00,"6,260.00"
2020-09-22,2020092204008574,RLI,14,1,10,626.00,"6,260.00"
2020-09-22,2020092204008586,RLI,49,40,10,625.00,"6,250.00"
2020-09-22,2020092204008585,RLI,38,38,10,625.00,"6,250.00"
2020-09-22,2020092204008584,RLI,38,8,10,625.00,"6,250.00"
2020-09-22,2020092204008583,RLI,38,4,10,625.00,"6,250.00"
2020-09-22,2020092204008582,RLI,38,42,10,625.00,"6,250.00"
2020-09-22,2020092204008581,RLI,38,28,10,625.00,"6,250.00"
2020-09-22,2020092204008592,RLI,6,7,10,626.00,"6,260.00"
2020-09-22,2020092204008591,RLI,6,56,10,626.00,"6,260.00"
2020-09-22,2020092204008590,RLI,6,59,10,626.00,"6,260.00"
2020-09-22,2020092204008589,RLI,6,29,10,626.00,"6,260.00"
2020-09-22,2020092204008588,RLI,49,4,10,625.00,"6,250.00"
2020-09-22,2020092204008587,RLI,49,48,10,625.00,"6,250.00"
2020-09-22,2020092204008598,RLI,28,4,10,626.00,"6,260.00"
2020-09-22,2020092204008597,RLI,34,10,10,625.00,"6,250.00"
2020-09-22,2020092204008596,RLI,34,38,10,625.00,"6,250.00"
2020-09-22,2020092204008595,RLI,49,22,10,625.00,"6,250.00"
2020-09-22,2020092204008594,RLI,49,29,10,625.00,"6,250.00"
2020-09-22,2020092204008593,RLI,6,56,10,626.00,"6,260.00"
2020-09-22,2020092204008605,RLI,28,57,10,626.00,"6,260.00"
2020-09-22,2020092204008604,RLI,28,18,10,626.00,"6,260.00"
2020-09-22,2020092204008603,RLI,28,58,10,626.00,"6,260.00"
2020-09-22,2020092204008602,RLI,28,48,10,626.00,"6,260.00"
2020-09-22,2020092204008600,RLI,28,56,10,626.00,"6,260.00"
2020-09-22,2020092204008599,RLI,28,28,10,626.00,"6,260.00"
2020-09-22,2020092204008611,RLI,38,48,10,626.00,"6,260.00"
2020-09-22,2020092204008610,RLI,25,7,10,626.00,"6,260.00"
2020-09-22,2020092204008609,RLI,25,36,10,626.00,"6,260.00"
2020-09-22,2020092204008608,RLI,28,38,10,626.00,"6,260.00"
2020-09-22,2020092204008607,RLI,28,17,10,626.00,"6,260.00"
2020-09-22,2020092204008606,RLI,28,49,10,626.00,"6,260.00"
2020-09-22,2020092204008617,RLI,38,6,10,626.00,"6,260.00"
2020-09-22,2020092204008616,RLI,38,38,10,626.00,"6,260.00"
2020-09-22,2020092204008615,RLI,38,56,10,626.00,"6,260.00"
2020-09-22,2020092204008614,RLI,38,38,10,626.00,"6,260.00"
2020-09-22,2020092204008613,RLI,38,29,10,626.00,"6,260.00"
2020-09-22,2020092204008612,RLI,38,53,10,626.00,"6,260.00"
2020-09-22,2020092204008623,RLI,43,36,10,625.00,"6,250.00"
2020-09-22,2020092204008622,RLI,43,8,10,625.00,"6,250.00"
2020-09-22,2020092204008621,RLI,43,28,10,625.00,"6,250.00"
2020-09-22,2020092204008620,RLI,38,10,10,626.00,"6,260.00"
2020-09-22,2020092204008619,RLI,38,18,10,626.00,"6,260.00"
2020-09-22,2020092204008618,RLI,38,22,10,626.00,"6,260.00"
2020-09-22,2020092204008629,RLI,57,14,10,626.00,"6,260.00"
2020-09-22,2020092204008628,RLI,42,10,10,625.00,"6,250.00"
2020-09-22,2020092204008627,RLI,42,21,10,625.00,"6,250.00"
2020-09-22,2020092204008626,RLI,42,45,10,625.00,"6,250.00"
2020-09-22,2020092204008625,RLI,43,38,10,625.00,"6,250.00"
2020-09-22,2020092204008624,RLI,43,42,10,625.00,"6,250.00"
2020-09-22,2020092204008635,RLI,42,38,10,625.00,"6,250.00"
2020-09-22,2020092204008634,RLI,42,22,10,625.00,"6,250.00"
2020-09-22,2020092204008633,RLI,42,6,10,625.00,"6,250.00"
2020-09-22,2020092204008632,RLI,42,38,10,625.00,"6,250.00"
2020-09-22,2020092204008631,RLI,42,48,10,625.00,"6,250.00"
2020-09-22,2020092204008630,RLI,57,48,10,626.00,"6,260.00"
2020-09-22,2020092204008641,RLI,42,45,10,626.00,"6,260.00"
2020-09-22,2020092204008640,RLI,42,49,10,626.00,"6,260.00"
2020-09-22,2020092204008639,RLI,42,10,10,626.00,"6,260.00"
2020-09-22,2020092204008638,RLI,42,56,10,626.00,"6,260.00"
2020-09-22,2020092204008637,RLI,42,18,10,626.00,"6,260.00"
2020-09-22,2020092204008636,RLI,42,48,10,625.00,"6,250.00"
2020-09-22,2020092204008647,RLI,6,57,10,626.00,"6,260.00"
2020-09-22,2020092204008646,RLI,6,40,10,626.00,"6,260.00"
2020-09-22,2020092204008645,RLI,42,49,10,626.00,"6,260.00"
2020-09-22,2020092204008644,RLI,42,38,10,626.00,"6,260.00"
2020-09-22,2020092204008643,RLI,42,57,10,626.00,"6,260.00"
2020-09-22,2020092204008642,RLI,42,13,10,626.00,"6,260.00"
2020-09-22,2020092204008653,RLI,6,45,10,626.00,"6,260.00"
2020-09-22,2020092204008652,RLI,6,44,10,626.00,"6,260.00"
2020-09-22,2020092204008651,RLI,6,36,10,626.00,"6,260.00"
2020-09-22,2020092204008650,RLI,6,38,10,626.00,"6,260.00"
2020-09-22,2020092204008649,RLI,6,45,10,626.00,"6,260.00"
2020-09-22,2020092204008648,RLI,6,56,10,626.00,"6,260.00"
2020-09-22,2020092204008659,RLI,6,49,10,626.00,"6,260.00"
2020-09-22,2020092204008658,RLI,6,38,10,626.00,"6,260.00"
2020-09-22,2020092204008657,RLI,6,36,10,626.00,"6,260.00"
2020-09-22,2020092204008656,RLI,6,6,10,626.00,"6,260.00"
2020-09-22,2020092204008655,RLI,6,1,10,626.00,"6,260.00"
2020-09-22,2020092204008654,RLI,6,10,10,626.00,"6,260.00"
2020-09-22,2020092204008665,RLI,6,45,10,626.00,"6,260.00"
2020-09-22,2020092204008664,RLI,6,36,10,626.00,"6,260.00"
2020-09-22,2020092204008663,RLI,6,21,10,626.00,"6,260.00"
2020-09-22,2020092204008662,RLI,6,45,10,626.00,"6,260.00"
2020-09-22,2020092204008661,RLI,6,13,10,626.00,"6,260.00"
2020-09-22,2020092204008660,RLI,6,56,10,626.00,"6,260.00"
2020-09-22,2020092204008671,RLI,5,18,10,626.00,"6,260.00"
2020-09-22,2020092204008670,RLI,5,56,10,626.00,"6,260.00"
2020-09-22,2020092204008669,RLI,5,45,10,626.00,"6,260.00"
2020-09-22,2020092204008668,RLI,5,48,10,626.00,"6,260.00"
2020-09-22,2020092204008667,RLI,48,6,10,626.00,"6,260.00"
2020-09-22,2020092204008666,RLI,48,58,10,626.00,"6,260.00"
2020-09-22,2020092204008677,RLI,5,45,10,626.00,"6,260.00"
2020-09-22,2020092204008676,RLI,5,10,10,626.00,"6,260.00"
2020-09-22,2020092204008675,RLI,5,13,10,626.00,"6,260.00"
2020-09-22,2020092204008674,RLI,5,56,10,626.00,"6,260.00"
2020-09-22,2020092204008673,RLI,5,6,10,626.00,"6,260.00"
2020-09-22,2020092204008672,RLI,5,36,10,626.00,"6,260.00"
2020-09-22,2020092204008683,RLI,5,38,10,626.00,"6,260.00"
2020-09-22,2020092204008682,RLI,5,55,10,626.00,"6,260.00"
2020-09-22,2020092204008681,RLI,5,53,10,626.00,"6,260.00"
2020-09-22,2020092204008680,RLI,5,56,10,626.00,"6,260.00"
2020-09-22,2020092204008679,RLI,5,45,10,626.00,"6,260.00"
2020-09-22,2020092204008678,RLI,5,18,10,626.00,"6,260.00"
2020-09-22,2020092204008689,RLI,47,46,10,626.00,"6,260.00"
2020-09-22,2020092204008688,RLI,47,59,10,626.00,"6,260.00"
2020-09-22,2020092204008687,RLI,47,56,10,626.00,"6,260.00"
2020-09-22,2020092204008686,RLI,47,36,10,626.00,"6,260.00"
2020-09-22,2020092204008685,RLI,5,45,10,626.00,"6,260.00"
2020-09-22,2020092204008684,RLI,5,19,10,626.00,"6,260.00"
2020-09-22,2020092204008695,RLI,47,10,10,626.00,"6,260.00"
2020-09-22,2020092204008694,RLI,47,18,10,626.00,"6,260.00"
2020-09-22,2020092204008693,RLI,47,45,10,626.00,"6,260.00"
2020-09-22,2020092204008692,RLI,47,53,10,626.00,"6,260.00"
2020-09-22,2020092204008691,RLI,47,13,10,626.00,"6,260.00"
2020-09-22,2020092204008690,RLI,47,6,10,626.00,"6,260.00"
2020-09-22,2020092204008701,RLI,45,38,10,626.00,"6,260.00"
2020-09-22,2020092204008700,RLI,45,43,10,626.00,"6,260.00"
2020-09-22,2020092204008699,RLI,45,6,10,626.00,"6,260.00"
2020-09-22,2020092204008698,RLI,45,56,10,626.00,"6,260.00"
2020-09-22,2020092204008697,RLI,46,36,10,626.00,"6,260.00"
2020-09-22,2020092204008696,RLI,46,49,10,626.00,"6,260.00"
2020-09-22,2020092204008707,RLI,45,45,10,625.00,"6,250.00"
2020-09-22,2020092204008706,RLI,45,55,10,625.00,"6,250.00"
2020-09-22,2020092204008705,RLI,45,10,10,625.00,"6,250.00"
2020-09-22,2020092204008704,RLI,45,21,10,625.00,"6,250.00"
2020-09-22,2020092204008703,RLI,42,40,10,625.00,"6,250.00"
2020-09-22,2020092204008702,RLI,45,20,10,626.00,"6,260.00"
2020-09-22,2020092204008713,RLI,6,26,10,626.00,"6,260.00"
2020-09-22,2020092204008712,RLI,6,17,10,626.00,"6,260.00"
2020-09-22,2020092204008711,RLI,6,56,10,626.00,"6,260.00"
2020-09-22,2020092204008710,RLI,6,4,10,626.00,"6,260.00"
2020-09-22,2020092204008709,RLI,6,59,10,626.00,"6,260.00"
2020-09-22,2020092204008708,RLI,45,32,10,625.00,"6,250.00"
2020-09-22,2020092204008470,SAEF,57,36,500,10.33,"5,165.00"
2020-09-22,2020092204008427,SAEF,57,36,"1,000",10.33,"10,330.00"
2020-09-22,2020092204008020,CMF1,50,58,"6,000",11.17,"67,020.00"
2020-09-22,2020092204008019,CMF1,11,58,"5,000",11.19,"55,950.00"
2020-09-22,2020092204008018,CMF1,50,58,"9,000",11.19,"100,710.00"
2020-09-22,2020092204007936,CMF1,50,51,"1,000",11.19,"11,190.00"
2020-09-22,2020092204007847,LUK,33,58,350,9.10,"3,185.00"
2020-09-22,2020092204007737,LUK,33,58,350,9.10,"3,185.00"
2020-09-22,2020092204007801,NBF2,49,10,100,8.85,885.00
2020-09-22,2020092204007885,NEF,34,42,"2,000",8.69,"17,380.00"
2020-09-22,2020092204007917,NICD83/84,19,49,25,"1,020.00","25,500.00"
2020-09-22,2020092204008184,NICGF,16,52,"2,000",9.39,"18,780.00"
2020-09-22,2020092204007988,RBCLPO,32,38,20,"10,110.00","202,200.00"
2020-09-22,2020092204007881,RBCLPO,35,38,10,"10,000.00","100,000.00"
2020-09-22,2020092204007880,RBCLPO,26,38,10,"10,000.00","100,000.00"
2020-09-22,2020092204007879,RBCLPO,59,38,10,"10,001.00","100,010.00"
2020-09-22,2020092204007878,RBCLPO,59,38,10,"10,001.00","100,010.00"
2020-09-22,2020092204007877,RBCLPO,11,38,10,"10,005.00","100,050.00"
2020-09-22,2020092204007876,RBCLPO,32,38,20,"10,100.00","202,000.00"
2020-09-22,2020092204007875,RBCLPO,33,38,10,"10,105.00","101,050.00"
2020-09-22,2020092204007770,RBCLPO,54,53,20,"10,106.00","202,120.00"
2020-09-22,2020092204008219,RLI,45,57,80,626.00,"50,080.00"
2020-09-22,2020092204008218,RLI,56,57,10,626.00,"6,260.00"
2020-09-22,2020092204008217,RLI,52,57,20,626.00,"12,520.00"
2020-09-22,2020092204008216,RLI,5,57,50,626.00,"31,300.00"
2020-09-22,2020092204008215,RLI,42,57,100,626.00,"62,600.00"
2020-09-22,2020092204008214,RLI,19,57,90,626.00,"56,340.00"
2020-09-22,2020092204007725,RLI,33,58,10,626.00,"6,260.00"
2020-09-22,2020092204007724,RLI,33,46,10,626.00,"6,260.00"
2020-09-22,2020092204007723,RLI,33,18,10,626.00,"6,260.00"
2020-09-22,2020092204007722,RLI,33,57,10,626.00,"6,260.00"
2020-09-22,2020092204007721,RLI,33,28,10,626.00,"6,260.00"
2020-09-22,2020092204007720,RLI,33,1,10,626.00,"6,260.00"
2020-09-22,2020092204007731,RLI,42,29,10,626.00,"6,260.00"
2020-09-22,2020092204007730,RLI,21,49,10,626.00,"6,260.00"
2020-09-22,2020092204007729,RLI,21,46,10,626.00,"6,260.00"
2020-09-22,2020092204007728,RLI,33,48,10,626.00,"6,260.00"
2020-09-22,2020092204007727,RLI,33,45,10,626.00,"6,260.00"
2020-09-22,2020092204007726,RLI,33,14,10,626.00,"6,260.00"
2020-09-22,2020092204007738,RLI,42,45,10,626.00,"6,260.00"
2020-09-22,2020092204007736,RLI,42,1,10,626.00,"6,260.00"
2020-09-22,2020092204007735,RLI,42,14,10,626.00,"6,260.00"
2020-09-22,2020092204007734,RLI,42,22,10,626.00,"6,260.00"
2020-09-22,2020092204007733,RLI,42,18,10,626.00,"6,260.00"
2020-09-22,2020092204007732,RLI,42,38,10,626.00,"6,260.00"
2020-09-22,2020092204007744,RLI,42,33,10,626.00,"6,260.00"
2020-09-22,2020092204007743,RLI,42,18,10,626.00,"6,260.00"
2020-09-22,2020092204007742,RLI,42,38,10,626.00,"6,260.00"
2020-09-22,2020092204007741,RLI,42,42,10,626.00,"6,260.00"
2020-09-22,2020092204007740,RLI,42,28,10,626.00,"6,260.00"
2020-09-22,2020092204007739,RLI,42,29,10,626.00,"6,260.00"
2020-09-22,2020092204007750,RLI,42,18,10,626.00,"6,260.00"
2020-09-22,2020092204007749,RLI,42,20,10,626.00,"6,260.00"
2020-09-22,2020092204007748,RLI,42,29,10,626.00,"6,260.00"
2020-09-22,2020092204007747,RLI,42,45,10,626.00,"6,260.00"
2020-09-22,2020092204007746,RLI,42,45,10,626.00,"6,260.00"
2020-09-22,2020092204007745,RLI,42,49,10,626.00,"6,260.00"
2020-09-22,2020092204007756,RLI,37,45,10,626.00,"6,260.00"
2020-09-22,2020092204007755,RLI,37,21,10,626.00,"6,260.00"
2020-09-22,2020092204007754,RLI,37,47,10,626.00,"6,260.00"
2020-09-22,2020092204007753,RLI,37,56,10,626.00,"6,260.00"
2020-09-22,2020092204007752,RLI,37,38,10,626.00,"6,260.00"
2020-09-22,2020092204007751,RLI,42,48,10,626.00,"6,260.00"
2020-09-22,2020092204007762,RLI,58,45,10,626.00,"6,260.00"
2020-09-22,2020092204007761,RLI,58,45,10,626.00,"6,260.00"
2020-09-22,2020092204007760,RLI,58,33,10,626.00,"6,260.00"
2020-09-22,2020092204007759,RLI,58,18,10,626.00,"6,260.00"
2020-09-22,2020092204007758,RLI,37,29,10,626.00,"6,260.00"
2020-09-22,2020092204007757,RLI,37,18,10,626.00,"6,260.00"
2020-09-22,2020092204007768,RLI,58,10,10,626.00,"6,260.00"
2020-09-22,2020092204007767,RLI,58,47,10,626.00,"6,260.00"
2020-09-22,2020092204007766,RLI,58,21,10,626.00,"6,260.00"
2020-09-22,2020092204007765,RLI,58,18,10,626.00,"6,260.00"
2020-09-22,2020092204007764,RLI,58,57,10,626.00,"6,260.00"
2020-09-22,2020092204007763,RLI,58,28,10,626.00,"6,260.00"
2020-09-22,2020092204007775,RLI,45,18,10,626.00,"6,260.00"
2020-09-22,2020092204007774,RLI,58,58,10,626.00,"6,260.00"
2020-09-22,2020092204007773,RLI,58,28,10,626.00,"6,260.00"
2020-09-22,2020092204007772,RLI,58,45,10,626.00,"6,260.00"
2020-09-22,2020092204007771,RLI,58,17,10,626.00,"6,260.00"
2020-09-22,2020092204007769,RLI,58,29,10,626.00,"6,260.00"
2020-09-22,2020092204007781,RLI,45,14,10,626.00,"6,260.00"
2020-09-22,2020092204007780,RLI,45,45,10,626.00,"6,260.00"
2020-09-22,2020092204007779,RLI,45,21,10,626.00,"6,260.00"
2020-09-22,2020092204007778,RLI,45,33,10,626.00,"6,260.00"
2020-09-22,2020092204007777,RLI,45,48,10,626.00,"6,260.00"
2020-09-22,2020092204007776,RLI,45,22,10,626.00,"6,260.00"
2020-09-22,2020092204007787,RLI,43,56,10,626.00,"6,260.00"
2020-09-22,2020092204007786,RLI,43,20,10,626.00,"6,260.00"
2020-09-22,2020092204007785,RLI,43,21,10,626.00,"6,260.00"
2020-09-22,2020092204007784,RLI,45,47,10,626.00,"6,260.00"
2020-09-22,2020092204007783,RLI,45,29,10,626.00,"6,260.00"
2020-09-22,2020092204007782,RLI,45,38,10,626.00,"6,260.00"
2020-09-22,2020092204007793,RLI,6,56,10,627.00,"6,270.00"
2020-09-22,2020092204007792,RLI,21,26,10,626.00,"6,260.00"
2020-09-22,2020092204007791,RLI,21,29,10,626.00,"6,260.00"
2020-09-22,2020092204007790,RLI,21,28,10,626.00,"6,260.00"
2020-09-22,2020092204007789,RLI,43,48,10,626.00,"6,260.00"
2020-09-22,2020092204007788,RLI,43,1,10,626.00,"6,260.00"
2020-09-22,2020092204007799,RLI,57,44,10,626.00,"6,260.00"
2020-09-22,2020092204007798,RLI,57,45,10,626.00,"6,260.00"
2020-09-22,2020092204007797,RLI,57,22,10,626.00,"6,260.00"
2020-09-22,2020092204007796,RLI,57,47,10,626.00,"6,260.00"
2020-09-22,2020092204007795,RLI,21,57,10,626.00,"6,260.00"
2020-09-22,2020092204007794,RLI,21,45,10,626.00,"6,260.00"
2020-09-22,2020092204007806,RLI,26,28,10,626.00,"6,260.00"
2020-09-22,2020092204007805,RLI,26,48,10,626.00,"6,260.00"
2020-09-22,2020092204007804,RLI,26,26,10,626.00,"6,260.00"
2020-09-22,2020092204007803,RLI,26,48,10,626.00,"6,260.00"
2020-09-22,2020092204007802,RLI,26,29,10,626.00,"6,260.00"
2020-09-22,2020092204007800,RLI,39,21,10,626.00,"6,260.00"
2020-09-22,2020092204007812,RLI,19,47,10,626.00,"6,260.00"
2020-09-22,2020092204007811,RLI,26,29,10,626.00,"6,260.00"
2020-09-22,2020092204007810,RLI,26,14,10,626.00,"6,260.00"
2020-09-22,2020092204007809,RLI,26,45,10,626.00,"6,260.00"
2020-09-22,2020092204007808,RLI,26,14,10,626.00,"6,260.00"
2020-09-22,2020092204007807,RLI,26,34,10,626.00,"6,260.00"
2020-09-22,2020092204007818,RLI,19,48,10,626.00,"6,260.00"
2020-09-22,2020092204007817,RLI,19,22,10,626.00,"6,260.00"
2020-09-22,2020092204007816,RLI,19,45,10,626.00,"6,260.00"
2020-09-22,2020092204007815,RLI,19,26,10,626.00,"6,260.00"
2020-09-22,2020092204007814,RLI,19,48,10,626.00,"6,260.00"
2020-09-22,2020092204007813,RLI,19,57,10,626.00,"6,260.00"
2020-09-22,2020092204007824,RLI,19,57,10,626.00,"6,260.00"
2020-09-22,2020092204007823,RLI,19,26,10,626.00,"6,260.00"
2020-09-22,2020092204007822,RLI,19,38,10,626.00,"6,260.00"
2020-09-22,2020092204007821,RLI,19,28,10,626.00,"6,260.00"
2020-09-22,2020092204007820,RLI,19,14,10,626.00,"6,260.00"
2020-09-22,2020092204007819,RLI,19,48,10,626.00,"6,260.00"
2020-09-22,2020092204007830,RLI,19,38,10,626.00,"6,260.00"
2020-09-22,2020092204007829,RLI,19,20,10,626.00,"6,260.00"
2020-09-22,2020092204007828,RLI,19,14,10,626.00,"6,260.00"
2020-09-22,2020092204007827,RLI,19,45,10,626.00,"6,260.00"
2020-09-22,2020092204007826,RLI,19,47,10,626.00,"6,260.00"
2020-09-22,2020092204007825,RLI,19,45,10,626.00,"6,260.00"
2020-09-22,2020092204007836,RLI,21,49,10,627.00,"6,270.00"
2020-09-22,2020092204007835,RLI,21,8,10,627.00,"6,270.00"
2020-09-22,2020092204007834,RLI,21,34,10,627.00,"6,270.00"
2020-09-22,2020092204007833,RLI,21,29,10,627.00,"6,270.00"
2020-09-22,2020092204007832,RLI,45,26,10,626.00,"6,260.00"
2020-09-22,2020092204007831,RLI,19,57,10,626.00,"6,260.00"
2020-09-22,2020092204007842,RLI,45,26,10,626.00,"6,260.00"
2020-09-22,2020092204007841,RLI,45,45,10,626.00,"6,260.00"
2020-09-22,2020092204007840,RLI,45,38,10,626.00,"6,260.00"
2020-09-22,2020092204007839,RLI,45,1,10,626.00,"6,260.00"
2020-09-22,2020092204007838,RLI,45,14,10,626.00,"6,260.00"
2020-09-22,2020092204007837,RLI,45,28,10,626.00,"6,260.00"
2020-09-22,2020092204007849,RLI,45,20,10,626.00,"6,260.00"
2020-09-22,2020092204007848,RLI,45,14,10,626.00,"6,260.00"
2020-09-22,2020092204007846,RLI,45,56,10,626.00,"6,260.00"
2020-09-22,2020092204007845,RLI,45,21,10,626.00,"6,260.00"
2020-09-22,2020092204007844,RLI,45,47,10,626.00,"6,260.00"
2020-09-22,2020092204007843,RLI,45,48,10,626.00,"6,260.00"
2020-09-22,2020092204007855,RLI,45,28,10,626.00,"6,260.00"
2020-09-22,2020092204007854,RLI,45,26,10,626.00,"6,260.00"
2020-09-22,2020092204007853,RLI,45,29,10,626.00,"6,260.00"
2020-09-22,2020092204007852,RLI,45,34,10,626.00,"6,260.00"
2020-09-22,2020092204007851,RLI,45,48,10,626.00,"6,260.00"
2020-09-22,2020092204007850,RLI,45,57,10,626.00,"6,260.00"
2020-09-22,2020092204007861,RLI,3,45,10,626.00,"6,260.00"
2020-09-22,2020092204007860,RLI,3,57,10,626.00,"6,260.00"
2020-09-22,2020092204007859,RLI,49,26,10,626.00,"6,260.00"
2020-09-22,2020092204007858,RLI,49,47,10,626.00,"6,260.00"
2020-09-22,2020092204007857,RLI,49,14,10,626.00,"6,260.00"
2020-09-22,2020092204007856,RLI,45,45,10,626.00,"6,260.00"
2020-09-22,2020092204007867,RLI,22,22,10,626.00,"6,260.00"
2020-09-22,2020092204007866,RLI,11,28,10,626.00,"6,260.00"
2020-09-22,2020092204007865,RLI,11,48,10,626.00,"6,260.00"
2020-09-22,2020092204007864,RLI,3,32,10,626.00,"6,260.00"
2020-09-22,2020092204007863,RLI,3,26,10,626.00,"6,260.00"
2020-09-22,2020092204007862,RLI,3,6,10,626.00,"6,260.00"
2020-09-22,2020092204007873,RLI,22,21,10,626.00,"6,260.00"
2020-09-22,2020092204007872,RLI,22,22,10,626.00,"6,260.00"
2020-09-22,2020092204007871,RLI,22,14,10,626.00,"6,260.00"
2020-09-22,2020092204007870,RLI,22,58,10,626.00,"6,260.00"
2020-09-22,2020092204007869,RLI,22,45,10,626.00,"6,260.00"
2020-09-22,2020092204007868,RLI,22,20,10,626.00,"6,260.00"
2020-09-22,2020092204007887,RLI,22,20,10,626.00,"6,260.00"
2020-09-22,2020092204007886,RLI,22,28,10,626.00,"6,260.00"
2020-09-22,2020092204007884,RLI,22,32,10,626.00,"6,260.00"
2020-09-22,2020092204007883,RLI,22,48,10,626.00,"6,260.00"
2020-09-22,2020092204007882,RLI,22,8,10,626.00,"6,260.00"
2020-09-22,2020092204007874,RLI,22,45,10,626.00,"6,260.00"
2020-09-22,2020092204007893,RLI,22,29,10,626.00,"6,260.00"
2020-09-22,2020092204007892,RLI,22,48,10,626.00,"6,260.00"
2020-09-22,2020092204007891,RLI,22,14,10,626.00,"6,260.00"
2020-09-22,2020092204007890,RLI,22,34,10,626.00,"6,260.00"
2020-09-22,2020092204007889,RLI,22,45,10,626.00,"6,260.00"
2020-09-22,2020092204007888,RLI,22,55,10,626.00,"6,260.00"
2020-09-22,2020092204007899,RLI,22,49,10,626.00,"6,260.00"
2020-09-22,2020092204007898,RLI,22,36,10,626.00,"6,260.00"
2020-09-22,2020092204007897,RLI,22,8,10,626.00,"6,260.00"
2020-09-22,2020092204007896,RLI,22,1,10,626.00,"6,260.00"
2020-09-22,2020092204007895,RLI,22,47,10,626.00,"6,260.00"
2020-09-22,2020092204007894,RLI,22,49,10,626.00,"6,260.00"
2020-09-22,2020092204007905,RLI,22,17,10,626.00,"6,260.00"
2020-09-22,2020092204007904,RLI,22,32,10,626.00,"6,260.00"
