Date,Transact. No.,Symbol,Buyer,Seller,Quantity,Rate,Amount
2020-01-30,2020013001019615,ADBL,7,1,247,384.00,"94,848.00"
2020-01-30,2020013001019614,ADBL,1,1,53,384.00,"20,352.00"
2020-01-30,2020013001019424,ADBL,1,58,97,384.00,"37,248.00"
2020-01-30,2020013001019423,ADBL,6,58,100,384.00,"38,400.00"
2020-01-30,2020013001019717,ALBSL,16,48,10,738.00,"7,380.00"
2020-01-30,2020013001019447,ALBSL,39,39,120,732.00,"87,840.00"
2020-01-30,2020013001019446,ALBSL,39,39,70,732.00,"51,240.00"
2020-01-30,2020013001019869,ALICL,50,47,50,572.00,"28,600.00"
2020-01-30,2020013001019726,ALICL,59,50,314,562.00,"176,468.00"
2020-01-30,2020013001019725,ALICL,26,50,186,570.00,"106,020.00"
2020-01-30,2020013001019715,ALICL,26,58,314,570.00,"178,980.00"
2020-01-30,2020013001019558,ALICL,40,58,500,570.00,"285,000.00"
2020-01-30,2020013001019521,API,25,57,20,119.00,"2,380.00"
2020-01-30,2020013001019407,API,49,25,"1,500",117.00,"175,500.00"
2020-01-30,2020013001019867,BBC,34,58,10,"1,798.00","17,980.00"
2020-01-30,2020013001019389,BBC,34,48,130,"1,729.00","224,770.00"
2020-01-30,2020013001019388,BBC,3,48,500,"1,729.00","864,500.00"
2020-01-30,2020013001019387,BBC,45,48,20,"1,729.00","34,580.00"
2020-01-30,2020013001019386,BBC,22,48,10,"1,729.00","17,290.00"
2020-01-30,2020013001019385,BBC,40,48,100,"1,729.00","172,900.00"
2020-01-30,2020013001019384,BBC,32,48,100,"1,730.00","173,000.00"
2020-01-30,2020013001019383,BBC,19,48,10,"1,730.00","17,300.00"
2020-01-30,2020013001019382,BBC,51,48,30,"1,760.00","52,800.00"
2020-01-30,2020013001019375,BBC,51,50,20,"1,760.00","35,200.00"
2020-01-30,2020013001019463,BFC,17,8,10,98.00,980.00
2020-01-30,2020013001019579,CBBL,26,53,500,985.00,"492,500.00"
2020-01-30,2020013001019756,CBL,35,59,200,149.00,"29,800.00"
2020-01-30,2020013001019755,CBL,35,39,150,149.00,"22,350.00"
2020-01-30,2020013001019754,CBL,35,39,100,149.00,"14,900.00"
2020-01-30,2020013001019642,CBL,34,4,799,148.00,"118,252.00"
2020-01-30,2020013001019641,CBL,34,53,100,148.00,"14,800.00"
2020-01-30,2020013001019640,CBL,34,45,"1,000",148.00,"148,000.00"
2020-01-30,2020013001019633,CBL,34,41,"1,050",148.00,"155,400.00"
2020-01-30,2020013001019468,CBL,57,29,"1,623",147.00,"238,581.00"
2020-01-30,2020013001019467,CBL,54,29,377,147.00,"55,419.00"
2020-01-30,2020013001019438,CBL,58,56,30,148.00,"4,440.00"
2020-01-30,2020013001019437,CBL,58,39,20,148.00,"2,960.00"
2020-01-30,2020013001019639,CBL,34,32,"2,000",148.00,"296,000.00"
2020-01-30,2020013001019638,CBL,34,44,141,148.00,"20,868.00"
2020-01-30,2020013001019637,CBL,34,39,"1,077",148.00,"159,396.00"
2020-01-30,2020013001019636,CBL,34,34,149,148.00,"22,052.00"
2020-01-30,2020013001019635,CBL,34,10,100,148.00,"14,800.00"
2020-01-30,2020013001019634,CBL,34,56,167,148.00,"24,716.00"
2020-01-30,2020013001019568,CCBL,33,33,300,186.00,"55,800.00"
2020-01-30,2020013001019567,CCBL,33,21,451,186.00,"83,886.00"
2020-01-30,2020013001019527,CHCL,28,57,128,423.00,"54,144.00"
2020-01-30,2020013001019734,CIT,38,36,36,"2,324.00","83,664.00"
2020-01-30,2020013001019656,CIT,44,46,20,"2,326.00","46,520.00"
2020-01-30,2020013001019787,CZBIL,35,38,21,195.00,"4,095.00"
2020-01-30,2020013001019679,DDBL,5,38,10,864.00,"8,640.00"
2020-01-30,2020013001019597,DDBL,19,58,50,859.00,"42,950.00"
2020-01-30,2020013001019547,EBL,33,53,30,630.00,"18,900.00"
2020-01-30,2020013001019483,EBL,33,19,241,630.00,"151,830.00"
2020-01-30,2020013001019482,EBL,50,19,150,631.00,"94,650.00"
2020-01-30,2020013001019650,FMDBL,4,51,18,458.00,"8,244.00"
2020-01-30,2020013001019464,FOWAD,58,38,67,"1,359.00","91,053.00"
2020-01-30,2020013001019416,FOWAD,58,5,17,"1,359.00","23,103.00"
2020-01-30,2020013001019866,GBIME,38,58,130,289.00,"37,570.00"
2020-01-30,2020013001019865,GBIME,38,46,370,289.00,"106,930.00"
2020-01-30,2020013001019680,GBIME,45,46,620,289.00,"179,180.00"
2020-01-30,2020013001019653,GBIME,55,18,238,288.00,"68,544.00"
2020-01-30,2020013001019652,GBIME,46,18,140,288.00,"40,320.00"
2020-01-30,2020013001019624,GBIME,46,36,110,288.00,"31,680.00"
2020-01-30,2020013001019400,GBIME,44,56,200,288.00,"57,600.00"
2020-01-30,2020013001019399,GBIME,56,56,205,288.00,"59,040.00"
2020-01-30,2020013001019581,GBIME,37,46,60,289.00,"17,340.00"
2020-01-30,2020013001019405,GBIME,37,56,35,288.00,"10,080.00"
2020-01-30,2020013001019404,GBIME,16,56,100,288.00,"28,800.00"
2020-01-30,2020013001019403,GBIME,42,56,50,288.00,"14,400.00"
2020-01-30,2020013001019402,GBIME,32,56,50,288.00,"14,400.00"
2020-01-30,2020013001019401,GBIME,8,56,30,288.00,"8,640.00"
2020-01-30,2020013001019623,GBIME,21,36,500,288.00,"144,000.00"
2020-01-30,2020013001019622,GBIME,34,36,500,288.00,"144,000.00"
2020-01-30,2020013001019621,GBIME,51,36,125,288.00,"36,000.00"
2020-01-30,2020013001019620,GBIME,17,36,500,288.00,"144,000.00"
2020-01-30,2020013001019619,GBIME,58,36,100,288.00,"28,800.00"
2020-01-30,2020013001019618,GBIME,37,36,165,288.00,"47,520.00"
2020-01-30,2020013001019513,GBLBS,6,58,52,453.00,"23,556.00"
2020-01-30,2020013001019512,GBLBS,37,58,500,454.00,"227,000.00"
2020-01-30,2020013001019511,GBLBS,34,58,451,454.00,"204,754.00"
2020-01-30,2020013001019692,GGBSL,19,3,100,890.00,"89,000.00"
2020-01-30,2020013001019691,GGBSL,6,3,100,890.00,"89,000.00"
2020-01-30,2020013001019690,GGBSL,22,3,20,891.00,"17,820.00"
2020-01-30,2020013001019607,GGBSL,22,3,10,900.00,"9,000.00"
2020-01-30,2020013001019606,GGBSL,55,3,35,905.00,"31,675.00"
2020-01-30,2020013001019605,GGBSL,16,3,10,906.00,"9,060.00"
2020-01-30,2020013001019604,GGBSL,25,3,50,906.00,"45,300.00"
2020-01-30,2020013001019603,GGBSL,20,3,100,907.00,"90,700.00"
2020-01-30,2020013001019602,GGBSL,38,3,50,910.00,"45,500.00"
2020-01-30,2020013001019601,GGBSL,17,3,133,910.00,"121,030.00"
2020-01-30,2020013001019528,GGBSL,3,3,10,917.00,"9,170.00"
2020-01-30,2020013001019668,GILB,33,48,10,"1,353.00","13,530.00"
2020-01-30,2020013001019517,GILB,50,41,100,"1,330.00","133,000.00"
2020-01-30,2020013001019436,GILB,34,41,10,"1,331.00","13,310.00"
2020-01-30,2020013001019413,GILB,34,44,490,"1,331.00","652,190.00"
2020-01-30,2020013001019412,GILB,47,44,10,"1,334.00","13,340.00"
2020-01-30,2020013001019540,GLBSL,58,19,35,687.00,"24,045.00"
2020-01-30,2020013001019539,GLBSL,1,19,10,687.00,"6,870.00"
2020-01-30,2020013001019456,GLBSL,45,19,10,691.00,"6,910.00"
2020-01-30,2020013001019455,GLBSL,38,19,100,692.00,"69,200.00"
2020-01-30,2020013001019454,GLBSL,58,19,80,692.00,"55,360.00"
2020-01-30,2020013001019453,GLBSL,39,19,50,693.00,"34,650.00"
2020-01-30,2020013001019452,GLBSL,47,19,50,693.00,"34,650.00"
2020-01-30,2020013001019451,GLBSL,20,19,100,696.00,"69,600.00"
2020-01-30,2020013001019450,GLBSL,6,19,70,702.00,"49,140.00"
2020-01-30,2020013001019856,GLICL,37,26,300,741.00,"222,300.00"
2020-01-30,2020013001019670,GLICL,37,17,21,742.00,"15,582.00"
2020-01-30,2020013001019669,GLICL,37,44,679,742.00,"503,818.00"
2020-01-30,2020013001019647,GLICL,43,50,110,740.00,"81,400.00"
2020-01-30,2020013001019596,GLICL,25,50,390,740.00,"288,600.00"
2020-01-30,2020013001019595,GLICL,25,25,610,740.00,"451,400.00"
2020-01-30,2020013001019594,GLICL,25,18,100,739.00,"73,900.00"
2020-01-30,2020013001019593,GLICL,25,37,400,739.00,"295,600.00"
2020-01-30,2020013001019415,GLICL,43,49,100,732.00,"73,200.00"
2020-01-30,2020013001019414,GLICL,43,34,50,730.00,"36,500.00"
2020-01-30,2020013001019379,GLICL,50,34,250,725.00,"181,250.00"
2020-01-30,2020013001019526,GRDBL,36,18,30,115.00,"3,450.00"
2020-01-30,2020013001019525,GRDBL,36,41,60,114.00,"6,840.00"
2020-01-30,2020013001019643,HBL,52,6,100,509.00,"50,900.00"
2020-01-30,2020013001019520,HBL,25,6,30,509.00,"15,270.00"
2020-01-30,2020013001019773,HDL,54,33,60,"1,205.00","72,300.00"
2020-01-30,2020013001019766,HDL,16,33,10,"1,205.00","12,050.00"
2020-01-30,2020013001019728,HDL,16,33,250,"1,205.00","301,250.00"
2020-01-30,2020013001019704,HDL,55,33,50,"1,205.00","60,250.00"
2020-01-30,2020013001019667,HDL,57,33,100,"1,205.00","120,500.00"
2020-01-30,2020013001019666,HDL,33,33,20,"1,205.00","24,100.00"
2020-01-30,2020013001019534,HDL,35,33,15,"1,210.00","18,150.00"
2020-01-30,2020013001019481,HDL,47,33,300,"1,210.00","363,000.00"
2020-01-30,2020013001019418,HDL,13,33,200,"1,210.00","242,000.00"
2020-01-30,2020013001019659,HDL,38,33,15,"1,206.00","18,090.00"
2020-01-30,2020013001019658,HDL,35,33,50,"1,208.00","60,400.00"
2020-01-30,2020013001019575,HDL,35,33,20,"1,210.00","24,200.00"
2020-01-30,2020013001019554,HDL,35,14,100,"1,208.00","120,800.00"
2020-01-30,2020013001019553,HDL,38,14,50,"1,208.00","60,400.00"
2020-01-30,2020013001019552,HDL,41,14,50,"1,208.00","60,400.00"
2020-01-30,2020013001019665,HDL,1,33,20,"1,205.00","24,100.00"
2020-01-30,2020013001019664,HDL,57,33,20,"1,206.00","24,120.00"
2020-01-30,2020013001019663,HDL,22,33,10,"1,206.00","12,060.00"
2020-01-30,2020013001019662,HDL,41,33,10,"1,206.00","12,060.00"
2020-01-30,2020013001019661,HDL,59,33,200,"1,206.00","241,200.00"
2020-01-30,2020013001019660,HDL,6,33,100,"1,206.00","120,600.00"
2020-01-30,2020013001019523,HGI,34,45,150,418.00,"62,700.00"
2020-01-30,2020013001019522,HGI,34,54,200,417.00,"83,400.00"
2020-01-30,2020013001019426,HGI,43,48,200,415.00,"83,000.00"
2020-01-30,2020013001019499,HIDCL,46,6,400,137.00,"54,800.00"
2020-01-30,2020013001019627,IGI,39,49,200,442.00,"88,400.00"
2020-01-30,2020013001019625,IGI,39,5,100,442.00,"44,200.00"
2020-01-30,2020013001019427,IGI,40,40,"1,000",441.00,"441,000.00"
2020-01-30,2020013001019767,ILBS,10,19,10,833.00,"8,330.00"
2020-01-30,2020013001019551,ILBS,17,39,100,825.00,"82,500.00"
2020-01-30,2020013001019801,JBBL,35,48,189,184.00,"34,776.00"
2020-01-30,2020013001019800,JBBL,35,38,100,183.00,"18,300.00"
2020-01-30,2020013001019799,JBBL,35,59,50,183.00,"9,150.00"
2020-01-30,2020013001019798,JBBL,35,45,30,183.00,"5,490.00"
2020-01-30,2020013001019797,JBBL,35,45,30,183.00,"5,490.00"
2020-01-30,2020013001019796,JBBL,35,39,"1,000",183.00,"183,000.00"
2020-01-30,2020013001019561,JBBL,35,51,200,180.00,"36,000.00"
2020-01-30,2020013001019560,JBBL,35,59,86,180.00,"15,480.00"
2020-01-30,2020013001019789,JBBL,35,16,386,182.00,"70,252.00"
2020-01-30,2020013001019788,JBBL,35,25,465,182.00,"84,630.00"
2020-01-30,2020013001019565,JBBL,35,16,114,182.00,"20,748.00"
2020-01-30,2020013001019564,JBBL,35,49,100,181.00,"18,100.00"
2020-01-30,2020013001019563,JBBL,35,42,200,181.00,"36,200.00"
2020-01-30,2020013001019562,JBBL,35,45,800,180.00,"144,000.00"
2020-01-30,2020013001019795,JBBL,35,52,50,182.00,"9,100.00"
2020-01-30,2020013001019794,JBBL,35,25,300,182.00,"54,600.00"
2020-01-30,2020013001019793,JBBL,35,16,200,182.00,"36,400.00"
2020-01-30,2020013001019792,JBBL,35,1,500,182.00,"91,000.00"
2020-01-30,2020013001019791,JBBL,35,39,200,182.00,"36,400.00"
2020-01-30,2020013001019790,JBBL,35,26,"1,000",182.00,"182,000.00"
2020-01-30,2020013001019786,KBL,25,4,37,196.00,"7,252.00"
2020-01-30,2020013001019410,KPCL,58,36,220,88.00,"19,360.00"
2020-01-30,2020013001019546,LBL,17,44,86,214.00,"18,404.00"
2020-01-30,2020013001019545,LBL,14,44,990,214.00,"211,860.00"
2020-01-30,2020013001019544,LBL,42,44,20,215.00,"4,300.00"
2020-01-30,2020013001019543,LBL,25,44,904,215.00,"194,360.00"
2020-01-30,2020013001019758,LGIL,28,4,935,480.00,"448,800.00"
2020-01-30,2020013001019757,LGIL,28,35,65,479.00,"31,135.00"
2020-01-30,2020013001019740,LGIL,34,42,200,479.00,"95,800.00"
2020-01-30,2020013001019519,LGIL,28,58,200,475.00,"95,000.00"
2020-01-30,2020013001019783,LICN,49,34,250,"1,250.00","312,500.00"
2020-01-30,2020013001019782,LICN,18,34,100,"1,250.00","125,000.00"
2020-01-30,2020013001019781,LICN,6,34,50,"1,252.00","62,600.00"
2020-01-30,2020013001019780,LICN,19,34,99,"1,252.00","123,948.00"
2020-01-30,2020013001019651,LICN,57,7,10,"1,253.00","12,530.00"
2020-01-30,2020013001019628,LLBS,22,6,200,"1,056.00","211,200.00"
2020-01-30,2020013001019631,MBL,41,42,470,235.00,"110,450.00"
2020-01-30,2020013001019731,MEGA,51,42,100,197.00,"19,700.00"
2020-01-30,2020013001019445,MEGA,44,38,200,198.00,"39,600.00"
2020-01-30,2020013001019444,MEGA,55,38,250,198.00,"49,500.00"
2020-01-30,2020013001019443,MEGA,37,38,226,198.00,"44,748.00"
2020-01-30,2020013001019829,MERO,41,19,34,693.00,"23,562.00"
2020-01-30,2020013001019828,MERO,38,19,30,693.00,"20,790.00"
2020-01-30,2020013001019827,MERO,57,19,100,694.00,"69,400.00"
2020-01-30,2020013001019826,MERO,1,19,50,695.00,"34,750.00"
2020-01-30,2020013001019825,MERO,38,19,36,695.00,"25,020.00"
2020-01-30,2020013001019824,MERO,38,19,250,697.00,"174,250.00"
2020-01-30,2020013001019425,MERO,36,58,420,695.00,"291,900.00"
2020-01-30,2020013001019655,MERO,38,19,24,695.00,"16,680.00"
2020-01-30,2020013001019654,MERO,36,19,80,695.00,"55,600.00"
2020-01-30,2020013001019442,MNBBL,49,46,808,322.00,"260,176.00"
2020-01-30,2020013001019705,NABIL,37,25,25,736.00,"18,400.00"
2020-01-30,2020013001019870,NADEP,18,19,10,724.00,"7,240.00"
2020-01-30,2020013001019730,NADEP,44,7,150,718.00,"107,700.00"
2020-01-30,2020013001019729,NADEP,49,7,50,720.00,"36,000.00"
2020-01-30,2020013001019480,NADEP,57,19,10,724.00,"7,240.00"
2020-01-30,2020013001019507,NADEP,14,6,200,718.00,"143,600.00"
2020-01-30,2020013001019506,NADEP,17,6,200,718.00,"143,600.00"
2020-01-30,2020013001019505,NADEP,38,6,300,718.00,"215,400.00"
2020-01-30,2020013001019504,NADEP,40,6,154,718.00,"110,572.00"
2020-01-30,2020013001019503,NADEP,1,6,20,719.00,"14,380.00"
2020-01-30,2020013001019502,NADEP,26,6,100,720.00,"72,000.00"
2020-01-30,2020013001019557,NADEP,58,6,40,717.00,"28,680.00"
2020-01-30,2020013001019556,NADEP,22,6,10,717.00,"7,170.00"
2020-01-30,2020013001019555,NADEP,58,6,50,717.00,"35,850.00"
2020-01-30,2020013001019510,NADEP,35,6,100,718.00,"71,800.00"
2020-01-30,2020013001019509,NADEP,44,6,50,718.00,"35,900.00"
2020-01-30,2020013001019508,NADEP,42,6,50,718.00,"35,900.00"
2020-01-30,2020013001019646,NADEP,39,11,30,718.00,"21,540.00"
2020-01-30,2020013001019632,NADEP,39,6,68,718.00,"48,824.00"
2020-01-30,2020013001019617,NADEP,1,6,100,718.00,"71,800.00"
2020-01-30,2020013001019616,NADEP,35,6,100,718.00,"71,800.00"
2020-01-30,2020013001019578,NADEP,57,6,10,718.00,"7,180.00"
2020-01-30,2020013001019458,NBB,25,1,100,204.00,"20,400.00"
2020-01-30,2020013001019457,NBB,49,1,500,204.00,"102,000.00"
2020-01-30,2020013001019873,NBL,33,14,50,273.00,"13,650.00"
2020-01-30,2020013001019846,NBL,36,48,770,270.00,"207,900.00"
2020-01-30,2020013001019845,NBL,44,48,70,270.00,"18,900.00"
2020-01-30,2020013001019844,NBL,39,48,110,270.00,"29,700.00"
2020-01-30,2020013001019843,NBL,7,48,"1,000",270.00,"270,000.00"
2020-01-30,2020013001019842,NBL,6,48,100,270.00,"27,000.00"
2020-01-30,2020013001019835,NBL,41,48,200,271.00,"54,200.00"
2020-01-30,2020013001019834,NBL,22,48,100,271.00,"27,100.00"
2020-01-30,2020013001019833,NBL,33,48,"1,400",271.00,"379,400.00"
2020-01-30,2020013001019832,NBL,21,48,150,272.00,"40,800.00"
2020-01-30,2020013001019831,NBL,19,48,900,272.00,"244,800.00"
2020-01-30,2020013001019566,NBL,19,36,100,272.00,"27,200.00"
2020-01-30,2020013001019841,NBL,34,48,"1,650",270.00,"445,500.00"
2020-01-30,2020013001019840,NBL,35,48,100,271.00,"27,100.00"
2020-01-30,2020013001019839,NBL,38,48,50,271.00,"13,550.00"
2020-01-30,2020013001019838,NBL,21,48,100,271.00,"27,100.00"
2020-01-30,2020013001019837,NBL,14,48,100,271.00,"27,100.00"
2020-01-30,2020013001019836,NBL,1,48,200,271.00,"54,200.00"
2020-01-30,2020013001019695,NCCB,33,19,10,201.00,"2,010.00"
2020-01-30,2020013001019694,NCCB,33,1,100,200.00,"20,000.00"
2020-01-30,2020013001019645,NIB,55,10,455,389.00,"176,995.00"
2020-01-30,2020013001019498,NIB,57,10,50,389.00,"19,450.00"
2020-01-30,2020013001019497,NIB,28,10,500,389.00,"194,500.00"
2020-01-30,2020013001019496,NIB,6,10,100,389.00,"38,900.00"
2020-01-30,2020013001019495,NIB,20,10,100,389.00,"38,900.00"
2020-01-30,2020013001019494,NIB,39,10,20,389.00,"7,780.00"
2020-01-30,2020013001019487,NIB,41,10,130,389.00,"50,570.00"
2020-01-30,2020013001019486,NIB,48,10,20,389.00,"7,780.00"
2020-01-30,2020013001019485,NIB,34,10,100,389.00,"38,900.00"
2020-01-30,2020013001019484,NIB,21,10,45,389.00,"17,505.00"
2020-01-30,2020013001019493,NIB,38,10,200,389.00,"77,800.00"
2020-01-30,2020013001019492,NIB,57,10,50,389.00,"19,450.00"
2020-01-30,2020013001019491,NIB,29,10,100,389.00,"38,900.00"
2020-01-30,2020013001019490,NIB,11,10,500,389.00,"194,500.00"
2020-01-30,2020013001019489,NIB,16,10,30,389.00,"11,670.00"
2020-01-30,2020013001019488,NIB,36,10,100,389.00,"38,900.00"
2020-01-30,2020013001019574,NIBLPF,13,41,"2,000",7.98,"15,960.00"
2020-01-30,2020013001019431,NICA,28,22,500,480.00,"240,000.00"
2020-01-30,2020013001019381,NICA,56,22,100,480.00,"48,000.00"
2020-01-30,2020013001019380,NICA,46,22,189,480.00,"90,720.00"
2020-01-30,2020013001019408,NICGF,6,41,"1,000",9.35,"9,350.00"
2020-01-30,2020013001019723,NICL,38,39,125,417.00,"52,125.00"
2020-01-30,2020013001019722,NICL,38,51,100,416.00,"41,600.00"
2020-01-30,2020013001019718,NICL,48,42,15,415.00,"6,225.00"
2020-01-30,2020013001019696,NICL,50,34,100,415.00,"41,500.00"
2020-01-30,2020013001019848,NIL,29,44,500,507.00,"253,500.00"
2020-01-30,2020013001019785,NIL,59,10,185,506.00,"93,610.00"
2020-01-30,2020013001019703,NIL,29,10,100,506.00,"50,600.00"
2020-01-30,2020013001019702,NIL,52,10,800,506.00,"404,800.00"
2020-01-30,2020013001019701,NIL,59,10,500,507.00,"253,500.00"
2020-01-30,2020013001019700,NIL,43,10,"1,000",507.00,"507,000.00"
2020-01-30,2020013001019699,NIL,59,10,900,507.00,"456,300.00"
2020-01-30,2020013001019698,NIL,47,10,25,508.00,"12,700.00"
2020-01-30,2020013001019573,NIL,59,46,100,507.00,"50,700.00"
2020-01-30,2020013001019764,NLBBL,26,33,460,804.00,"369,840.00"
2020-01-30,2020013001019689,NLBBL,26,35,200,804.00,"160,800.00"
2020-01-30,2020013001019629,NLBBL,51,57,50,805.00,"40,250.00"
2020-01-30,2020013001019430,NLG,13,26,60,847.00,"50,820.00"
2020-01-30,2020013001019805,NLIC,34,16,10,"1,133.00","11,330.00"
2020-01-30,2020013001019776,NLIC,43,16,100,"1,133.00","113,300.00"
2020-01-30,2020013001019588,NLIC,59,42,252,"1,125.00","283,500.00"
2020-01-30,2020013001019587,NLIC,29,42,20,"1,126.00","22,520.00"
2020-01-30,2020013001019586,NLIC,52,42,50,"1,126.00","56,300.00"
2020-01-30,2020013001019585,NLIC,20,42,100,"1,128.00","112,800.00"
2020-01-30,2020013001019435,NLIC,56,45,50,"1,129.00","56,450.00"
2020-01-30,2020013001019584,NLIC,35,42,100,"1,128.00","112,800.00"
2020-01-30,2020013001019583,NLIC,55,42,34,"1,129.00","38,386.00"
2020-01-30,2020013001019582,NLIC,38,42,86,"1,130.00","97,180.00"
2020-01-30,2020013001019538,NLIC,38,19,400,"1,130.00","452,000.00"
2020-01-30,2020013001019537,NLIC,38,51,14,"1,130.00","15,820.00"
2020-01-30,2020013001019529,NLIC,55,45,16,"1,129.00","18,064.00"
2020-01-30,2020013001019462,NLICL,44,35,50,660.00,"33,000.00"
2020-01-30,2020013001019390,NLICL,44,35,100,660.00,"66,000.00"
2020-01-30,2020013001019847,NMB,46,53,30,366.00,"10,980.00"
2020-01-30,2020013001019759,NMB,56,53,10,366.00,"3,660.00"
2020-01-30,2020013001019727,NMB,49,25,50,365.00,"18,250.00"
2020-01-30,2020013001019589,NMB,49,25,130,365.00,"47,450.00"
2020-01-30,2020013001019397,NMB,49,11,10,365.00,"3,650.00"
2020-01-30,2020013001019396,NMB,49,53,500,365.00,"182,500.00"
2020-01-30,2020013001019395,NMB,49,58,200,365.00,"73,000.00"
2020-01-30,2020013001019394,NMB,49,36,480,365.00,"175,200.00"
2020-01-30,2020013001019393,NMB,49,22,100,365.00,"36,500.00"
2020-01-30,2020013001019392,NMB,49,48,73,365.00,"26,645.00"
2020-01-30,2020013001019391,NMB,49,19,500,364.00,"182,000.00"
2020-01-30,2020013001019559,NMBMF,16,7,319,928.00,"296,032.00"
2020-01-30,2020013001019461,NMBMF,16,11,150,928.00,"139,200.00"
2020-01-30,2020013001019720,NNLB,32,34,80,718.00,"57,440.00"
2020-01-30,2020013001019448,NNLB,19,34,10,718.00,"7,180.00"
2020-01-30,2020013001019409,NNLB,19,34,10,718.00,"7,180.00"
2020-01-30,2020013001019611,NSEWA,51,19,10,699.00,"6,990.00"
2020-01-30,2020013001019872,OHL,34,44,20,524.00,"10,480.00"
2020-01-30,2020013001019469,OHL,37,44,50,524.00,"26,200.00"
2020-01-30,2020013001019411,OHL,56,46,"1,000",520.00,"520,000.00"
2020-01-30,2020013001019739,OHL,56,37,55,520.00,"28,600.00"
2020-01-30,2020013001019855,PCBL,39,38,232,273.00,"63,336.00"
2020-01-30,2020013001019854,PCBL,39,32,490,273.00,"133,770.00"
2020-01-30,2020013001019777,PCBL,5,32,10,273.00,"2,730.00"
2020-01-30,2020013001019750,PCBL,4,5,"1,763",270.00,"476,010.00"
2020-01-30,2020013001019749,PCBL,37,5,500,270.00,"135,000.00"
2020-01-30,2020013001019748,PCBL,36,5,100,270.00,"27,000.00"
2020-01-30,2020013001019421,PCBL,43,25,"1,000",271.00,"271,000.00"
2020-01-30,2020013001019420,PCBL,4,25,"2,000",271.00,"542,000.00"
2020-01-30,2020013001019419,PCBL,36,25,19,271.00,"5,149.00"
2020-01-30,2020013001019747,PCBL,49,5,500,270.00,"135,000.00"
2020-01-30,2020013001019746,PCBL,38,5,500,270.00,"135,000.00"
2020-01-30,2020013001019745,PCBL,42,5,200,270.00,"54,000.00"
2020-01-30,2020013001019744,PCBL,26,5,50,270.00,"13,500.00"
2020-01-30,2020013001019743,PCBL,41,5,180,271.00,"48,780.00"
2020-01-30,2020013001019422,PCBL,35,25,100,271.00,"27,100.00"
2020-01-30,2020013001019580,PFL,13,37,50,161.00,"8,050.00"
2020-01-30,2020013001019716,PIC,58,46,150,560.00,"84,000.00"
2020-01-30,2020013001019398,PIC,58,16,500,560.00,"280,000.00"
2020-01-30,2020013001019871,PICL,34,36,100,680.00,"68,000.00"
2020-01-30,2020013001019648,PICL,57,36,10,680.00,"6,800.00"
2020-01-30,2020013001019864,PLIC,28,51,100,570.00,"57,000.00"
2020-01-30,2020013001019863,PLIC,28,32,200,570.00,"114,000.00"
2020-01-30,2020013001019861,PLIC,56,41,100,565.00,"56,500.00"
2020-01-30,2020013001019852,PLIC,38,32,50,570.00,"28,500.00"
2020-01-30,2020013001019851,PLIC,21,32,500,570.00,"285,000.00"
2020-01-30,2020013001019761,PLIC,40,22,151,570.00,"86,070.00"
2020-01-30,2020013001019760,PLIC,40,25,45,570.00,"25,650.00"
2020-01-30,2020013001019524,PLIC,56,34,78,565.00,"44,070.00"
2020-01-30,2020013001019591,PPCL,6,42,30,123.00,"3,690.00"
2020-01-30,2020013001019857,PRIN,10,58,20,430.00,"8,600.00"
2020-01-30,2020013001019572,PRIN,39,58,100,430.00,"43,000.00"
2020-01-30,2020013001019571,PRIN,43,58,500,430.00,"215,000.00"
2020-01-30,2020013001019570,PRIN,44,58,100,430.00,"43,000.00"
2020-01-30,2020013001019569,PRIN,26,58,91,432.00,"39,312.00"
2020-01-30,2020013001019518,PRIN,48,57,150,435.00,"65,250.00"
2020-01-30,2020013001019434,PRIN,48,7,300,436.00,"130,800.00"
2020-01-30,2020013001019433,PRIN,48,49,400,436.00,"174,400.00"
2020-01-30,2020013001019432,PRIN,48,50,150,435.00,"65,250.00"
2020-01-30,2020013001019874,PRVU,19,34,10,264.00,"2,640.00"
2020-01-30,2020013001019823,PRVU,25,36,30,263.00,"7,890.00"
2020-01-30,2020013001019822,PRVU,25,54,"1,000",263.00,"263,000.00"
2020-01-30,2020013001019821,PRVU,25,28,"1,000",263.00,"263,000.00"
2020-01-30,2020013001019820,PRVU,25,22,180,263.00,"47,340.00"
2020-01-30,2020013001019473,PRVU,55,43,200,260.00,"52,000.00"
2020-01-30,2020013001019472,PRVU,57,43,"1,000",260.00,"260,000.00"
2020-01-30,2020013001019471,PRVU,17,43,"1,000",260.00,"260,000.00"
2020-01-30,2020013001019470,PRVU,47,43,"1,650",260.00,"429,000.00"
2020-01-30,2020013001019683,PRVU,49,7,116,261.00,"30,276.00"
2020-01-30,2020013001019548,PRVU,45,7,100,261.00,"26,100.00"
2020-01-30,2020013001019475,PRVU,29,43,950,260.00,"247,000.00"
2020-01-30,2020013001019474,PRVU,40,43,200,260.00,"52,000.00"
2020-01-30,2020013001019807,PRVU,25,50,200,262.00,"52,400.00"
2020-01-30,2020013001019806,PRVU,25,13,448,262.00,"117,376.00"
2020-01-30,2020013001019771,PRVU,47,58,950,260.00,"247,000.00"
2020-01-30,2020013001019770,PRVU,47,58,"1,000",260.00,"260,000.00"
2020-01-30,2020013001019769,PRVU,29,58,50,260.00,"13,000.00"
2020-01-30,2020013001019762,PRVU,49,13,10,262.00,"2,620.00"
2020-01-30,2020013001019813,PRVU,25,43,420,263.00,"110,460.00"
2020-01-30,2020013001019812,PRVU,25,43,700,263.00,"184,100.00"
2020-01-30,2020013001019811,PRVU,25,51,"1,442",263.00,"379,246.00"
2020-01-30,2020013001019810,PRVU,25,6,400,262.00,"104,800.00"
2020-01-30,2020013001019809,PRVU,25,58,"1,000",262.00,"262,000.00"
2020-01-30,2020013001019808,PRVU,25,45,200,262.00,"52,400.00"
2020-01-30,2020013001019819,PRVU,25,59,70,263.00,"18,410.00"
2020-01-30,2020013001019818,PRVU,25,8,500,263.00,"131,500.00"
2020-01-30,2020013001019817,PRVU,25,59,100,263.00,"26,300.00"
2020-01-30,2020013001019816,PRVU,25,39,"1,000",263.00,"263,000.00"
2020-01-30,2020013001019815,PRVU,25,6,400,263.00,"105,200.00"
2020-01-30,2020013001019814,PRVU,25,21,150,263.00,"39,450.00"
2020-01-30,2020013001019712,RBCL,42,40,10,"9,005.00","90,050.00"
2020-01-30,2020013001019711,RBCL,41,40,10,"9,010.00","90,100.00"
2020-01-30,2020013001019501,RHPL,54,35,20,164.00,"3,280.00"
2020-01-30,2020013001019500,RHPL,49,35,20,165.00,"3,300.00"
2020-01-30,2020013001019439,RHPL,49,54,30,165.00,"4,950.00"
2020-01-30,2020013001019753,RMDC,21,55,30,675.00,"20,250.00"
2020-01-30,2020013001019752,RMDC,53,55,10,675.00,"6,750.00"
2020-01-30,2020013001019466,RMDC,53,49,90,675.00,"60,750.00"
2020-01-30,2020013001019465,RMDC,16,49,10,675.00,"6,750.00"
2020-01-30,2020013001019429,RMDC,50,21,100,675.00,"67,500.00"
2020-01-30,2020013001019610,RSDC,59,34,87,472.00,"41,064.00"
2020-01-30,2020013001019609,RSDC,52,34,313,472.00,"147,736.00"
2020-01-30,2020013001019608,RSDC,59,34,100,473.00,"47,300.00"
2020-01-30,2020013001019682,SABSL,5,6,150,866.00,"129,900.00"
2020-01-30,2020013001019681,SABSL,35,6,50,866.00,"43,300.00"
2020-01-30,2020013001019459,SAEF,56,41,"1,000",9.50,"9,500.00"
2020-01-30,2020013001019592,SBI,25,16,20,413.00,"8,260.00"
2020-01-30,2020013001019542,SBI,36,13,150,411.00,"61,650.00"
2020-01-30,2020013001019765,SDESI,25,51,10,883.00,"8,830.00"
2020-01-30,2020013001019751,SDESI,35,51,10,883.00,"8,830.00"
2020-01-30,2020013001019741,SHINE,40,38,10,259.00,"2,590.00"
2020-01-30,2020013001019778,SHIVM,47,35,50,522.00,"26,100.00"
2020-01-30,2020013001019733,SHIVM,39,52,150,524.00,"78,600.00"
2020-01-30,2020013001019479,SHIVM,47,44,120,522.00,"62,640.00"
2020-01-30,2020013001019478,SHIVM,39,44,30,522.00,"15,660.00"
2020-01-30,2020013001019477,SHIVM,21,44,200,522.00,"104,400.00"
2020-01-30,2020013001019476,SHIVM,39,44,150,522.00,"78,300.00"
2020-01-30,2020013001019732,SHIVM,39,58,50,524.00,"26,200.00"
2020-01-30,2020013001019693,SHIVM,47,35,100,522.00,"52,200.00"
2020-01-30,2020013001019779,SHL,17,34,200,207.00,"41,400.00"
2020-01-30,2020013001019428,SHL,37,14,100,208.00,"20,800.00"
2020-01-30,2020013001019460,SHPC,42,14,100,200.00,"20,000.00"
2020-01-30,2020013001019862,SIC,26,56,10,715.00,"7,150.00"
2020-01-30,2020013001019853,SIC,34,56,30,715.00,"21,450.00"
2020-01-30,2020013001019536,SICL,19,56,33,"1,143.00","37,719.00"
2020-01-30,2020013001019533,SICL,33,56,67,"1,143.00","76,581.00"
2020-01-30,2020013001019532,SICL,33,34,83,"1,143.00","94,869.00"
2020-01-30,2020013001019531,SICL,47,34,50,"1,143.00","57,150.00"
2020-01-30,2020013001019530,SICL,47,34,22,"1,143.00","25,146.00"
2020-01-30,2020013001019515,SICL,47,56,50,"1,143.00","57,150.00"
2020-01-30,2020013001019784,SICL,49,40,100,"1,149.00","114,900.00"
2020-01-30,2020013001019772,SICL,49,56,200,"1,149.00","229,800.00"
2020-01-30,2020013001019742,SICL,39,54,450,"1,142.00","513,900.00"
2020-01-30,2020013001019735,SICL,35,56,100,"1,142.00","114,200.00"
2020-01-30,2020013001019721,SIFC,33,57,100,159.00,"15,900.00"
2020-01-30,2020013001019868,SIL,56,38,20,568.00,"11,360.00"
2020-01-30,2020013001019406,SJCL,29,38,20,157.00,"3,140.00"
2020-01-30,2020013001019630,SKBBL,4,43,100,988.00,"98,800.00"
2020-01-30,2020013001019644,SLBBL,58,17,50,855.00,"42,750.00"
2020-01-30,2020013001019590,SLBBL,25,34,100,850.00,"85,000.00"
2020-01-30,2020013001019417,SLBBL,50,34,100,849.00,"84,900.00"
2020-01-30,2020013001019860,SLICL,47,22,156,468.00,"73,008.00"
2020-01-30,2020013001019859,SLICL,5,22,200,468.00,"93,600.00"
2020-01-30,2020013001019775,SLICL,5,32,50,468.00,"23,400.00"
2020-01-30,2020013001019774,SLICL,5,42,250,468.00,"117,000.00"
2020-01-30,2020013001019688,SLICL,46,43,40,465.00,"18,600.00"
2020-01-30,2020013001019649,SLICL,44,42,20,468.00,"9,360.00"
2020-01-30,2020013001019858,SMB,41,39,20,770.00,"15,400.00"
2020-01-30,2020013001019687,SMFDB,59,58,23,767.00,"17,641.00"
2020-01-30,2020013001019686,SMFDB,57,58,25,767.00,"19,175.00"
2020-01-30,2020013001019685,SMFDB,38,58,30,768.00,"23,040.00"
2020-01-30,2020013001019684,SMFDB,42,58,22,769.00,"16,918.00"
2020-01-30,2020013001019677,SRBL,28,28,31,248.00,"7,688.00"
2020-01-30,2020013001019676,SRBL,28,6,100,247.00,"24,700.00"
2020-01-30,2020013001019675,SRBL,28,53,100,247.00,"24,700.00"
2020-01-30,2020013001019674,SRBL,28,6,100,247.00,"24,700.00"
2020-01-30,2020013001019673,SRBL,28,51,54,247.00,"13,338.00"
2020-01-30,2020013001019672,SRBL,28,45,300,246.00,"73,800.00"
2020-01-30,2020013001019671,SRBL,28,34,115,245.00,"28,175.00"
2020-01-30,2020013001019600,SRBL,28,43,"1,000",245.00,"245,000.00"
2020-01-30,2020013001019599,SRBL,28,25,74,245.00,"18,130.00"
2020-01-30,2020013001019598,SRBL,28,38,351,244.00,"85,644.00"
2020-01-30,2020013001019550,SRBL,1,57,100,241.00,"24,100.00"
2020-01-30,2020013001019549,SRBL,17,57,200,242.00,"48,400.00"
2020-01-30,2020013001019830,STC,49,38,280,"2,400.00","672,000.00"
2020-01-30,2020013001019763,STC,49,7,20,"2,400.00","48,000.00"
2020-01-30,2020013001019626,STC,49,38,50,"2,398.00","119,900.00"
2020-01-30,2020013001019724,SWBBL,58,45,10,"1,118.00","11,180.00"
2020-01-30,2020013001019697,TRH,52,51,100,312.00,"31,200.00"
2020-01-30,2020013001019657,TRH,17,58,100,314.00,"31,400.00"
2020-01-30,2020013001019514,TRH,52,38,200,312.00,"62,400.00"
2020-01-30,2020013001019710,UIC,43,6,30,425.00,"12,750.00"
2020-01-30,2020013001019709,UIC,48,6,100,426.00,"42,600.00"
2020-01-30,2020013001019708,UIC,41,6,200,426.00,"85,200.00"
2020-01-30,2020013001019707,UIC,36,6,150,426.00,"63,900.00"
2020-01-30,2020013001019706,UIC,56,6,20,427.00,"8,540.00"
2020-01-30,2020013001019449,UIC,25,44,50,430.00,"21,500.00"
2020-01-30,2020013001019804,UPPER,50,10,310,243.00,"75,330.00"
2020-01-30,2020013001019803,UPPER,28,10,500,243.00,"121,500.00"
2020-01-30,2020013001019802,UPPER,50,10,190,243.00,"46,170.00"
2020-01-30,2020013001019577,UPPER,50,10,810,243.00,"196,830.00"
2020-01-30,2020013001019576,UPPER,50,10,190,243.00,"46,170.00"
2020-01-30,2020013001019535,UPPER,25,38,100,244.00,"24,400.00"
2020-01-30,2020013001019850,VLBS,58,14,50,995.00,"49,750.00"
2020-01-30,2020013001019738,VLBS,58,14,15,995.00,"14,925.00"
2020-01-30,2020013001019737,VLBS,58,42,100,990.00,"99,000.00"
2020-01-30,2020013001019736,VLBS,58,49,185,985.00,"182,225.00"
2020-01-30,2020013001019378,VLBS,58,44,140,969.00,"135,660.00"
2020-01-30,2020013001019377,VLBS,58,44,500,971.00,"485,500.00"
2020-01-30,2020013001019376,VLBS,41,44,160,972.00,"155,520.00"
2020-01-30,2020013001019541,VLBS,58,49,200,969.00,"193,800.00"
2020-01-30,2020013001019516,VLBS,58,5,13,969.00,"12,597.00"
2020-01-30,2020013001019714,VLBS,58,49,15,985.00,"14,775.00"
2020-01-30,2020013001019713,VLBS,58,49,185,984.00,"182,040.00"
2020-01-30,2020013001019613,VLBS,58,49,200,969.00,"193,800.00"
2020-01-30,2020013001019612,VLBS,58,50,300,969.00,"290,700.00"
2020-01-30,2020013001019849,WOMI,34,58,32,999.00,"31,968.00"
2020-01-30,2020013001019768,WOMI,34,58,10,"1,000.00","10,000.00"
2020-01-30,2020013001019719,WOMI,34,11,100,991.00,"99,100.00"
2020-01-30,2020013001019678,WOMI,34,5,35,"1,004.00","35,140.00"
2020-01-30,2020013001019441,WOMI,34,50,10,"1,004.00","10,040.00"
2020-01-30,2020013001019440,WOMI,34,33,21,"1,000.00","21,000.00"
2020-01-30,2020013001019272,ADBL,17,58,10,385.00,"3,850.00"
2020-01-30,2020013001018926,AHPC,56,26,350,96.00,"33,600.00"
2020-01-30,2020013001019156,AKPL,49,21,550,125.00,"68,750.00"
2020-01-30,2020013001019314,ALBSL,39,25,10,732.00,"7,320.00"
2020-01-30,2020013001019295,ALBSL,39,25,10,732.00,"7,320.00"
2020-01-30,2020013001019097,ALBSL,18,48,10,738.00,"7,380.00"
2020-01-30,2020013001019007,ALBSL,54,29,75,735.00,"55,125.00"
2020-01-30,2020013001019367,ALICL,56,35,100,570.00,"57,000.00"
2020-01-30,2020013001019366,ALICL,56,50,488,570.00,"278,160.00"
2020-01-30,2020013001019365,ALICL,56,16,250,570.00,"142,500.00"
2020-01-30,2020013001019298,ALICL,56,44,780,569.00,"443,820.00"
2020-01-30,2020013001019262,ALICL,59,56,100,562.00,"56,200.00"
2020-01-30,2020013001019004,ALICL,40,34,200,561.00,"112,200.00"
2020-01-30,2020013001018958,ALICL,40,42,200,561.00,"112,200.00"
2020-01-30,2020013001019259,API,49,57,850,117.00,"99,450.00"
2020-01-30,2020013001019258,API,39,57,161,117.00,"18,837.00"
2020-01-30,2020013001019374,BBC,40,50,50,"1,763.00","88,150.00"
2020-01-30,2020013001019373,BBC,44,50,10,"1,764.00","17,640.00"
2020-01-30,2020013001019372,BBC,25,50,20,"1,764.00","35,280.00"
2020-01-30,2020013001019313,BBC,25,48,80,"1,764.00","141,120.00"
2020-01-30,2020013001019312,BBC,45,48,50,"1,764.00","88,200.00"
2020-01-30,2020013001019311,BBC,14,48,50,"1,766.00","88,300.00"
2020-01-30,2020013001019047,BNT,57,58,10,"6,350.00","63,500.00"
2020-01-30,2020013001019302,BOKL,56,34,10,231.00,"2,310.00"
2020-01-30,2020013001019339,BPCL,33,38,10,323.00,"3,230.00"
2020-01-30,2020013001018890,BPCL,51,42,200,321.00,"64,200.00"
2020-01-30,2020013001018889,BPCL,36,42,300,321.00,"96,300.00"
2020-01-30,2020013001018973,CBL,43,39,10,148.00,"1,480.00"
2020-01-30,2020013001018960,CBL,54,21,123,147.00,"18,081.00"
2020-01-30,2020013001019301,CCBL,34,21,49,186.00,"9,114.00"
2020-01-30,2020013001019299,CCBL,34,10,290,186.00,"53,940.00"
2020-01-30,2020013001019275,CCBL,34,8,121,186.00,"22,506.00"
2020-01-30,2020013001019238,CCBL,34,37,40,186.00,"7,440.00"
2020-01-30,2020013001019237,CCBL,34,37,75,186.00,"13,950.00"
2020-01-30,2020013001019125,CCBL,34,34,27,186.00,"5,022.00"
2020-01-30,2020013001018931,CCBL,34,22,101,186.00,"18,786.00"
2020-01-30,2020013001019361,CHCL,33,57,100,423.00,"42,300.00"
2020-01-30,2020013001019289,CHCL,33,50,200,423.00,"84,600.00"
2020-01-30,2020013001018900,CHCL,21,21,2,420.00,840.00
2020-01-30,2020013001019345,CIT,38,46,25,"2,324.00","58,100.00"
2020-01-30,2020013001019309,CIT,38,38,14,"2,324.00","32,536.00"
2020-01-30,2020013001019308,CIT,43,38,20,"2,325.00","46,500.00"
2020-01-30,2020013001019292,CIT,42,28,100,"2,325.00","232,500.00"
2020-01-30,2020013001019291,CIT,39,28,100,"2,325.00","232,500.00"
2020-01-30,2020013001019234,CIT,50,34,100,"2,326.00","232,600.00"
2020-01-30,2020013001018899,CIT,38,55,200,"2,327.00","465,400.00"
2020-01-30,2020013001018901,CLBSL,13,47,27,947.00,"25,569.00"
2020-01-30,2020013001019317,CMF1,6,41,"1,000",9.67,"9,670.00"
2020-01-30,2020013001018916,CMF1,6,54,500,9.67,"4,835.00"
2020-01-30,2020013001018893,CZBIL,33,25,231,194.00,"44,814.00"
2020-01-30,2020013001018892,CZBIL,17,25,400,195.00,"78,000.00"
2020-01-30,2020013001019346,DDBL,5,35,98,857.00,"83,986.00"
2020-01-30,2020013001019269,DDBL,5,34,200,857.00,"171,400.00"
2020-01-30,2020013001019162,DDBL,5,26,290,857.00,"248,530.00"
2020-01-30,2020013001019155,DDBL,26,58,50,859.00,"42,950.00"
2020-01-30,2020013001019124,DDBL,5,8,280,857.00,"239,960.00"
2020-01-30,2020013001019087,DDBL,29,8,50,857.00,"42,850.00"
2020-01-30,2020013001018953,DDBL,59,8,100,858.00,"85,800.00"
2020-01-30,2020013001018952,DDBL,48,8,10,858.00,"8,580.00"
2020-01-30,2020013001018951,DDBL,29,8,200,858.00,"171,600.00"
2020-01-30,2020013001018950,DDBL,57,8,50,859.00,"42,950.00"
2020-01-30,2020013001018949,DDBL,17,8,50,859.00,"42,950.00"
2020-01-30,2020013001018909,DDBL,17,7,100,859.00,"85,900.00"
2020-01-30,2020013001019052,DDBL,33,8,100,857.00,"85,700.00"
2020-01-30,2020013001019037,DDBL,29,8,50,857.00,"42,850.00"
2020-01-30,2020013001019006,DDBL,57,8,50,857.00,"42,850.00"
2020-01-30,2020013001018956,DDBL,59,8,50,857.00,"42,850.00"
2020-01-30,2020013001018955,DDBL,45,8,200,857.00,"171,400.00"
2020-01-30,2020013001018954,DDBL,34,8,10,857.00,"8,570.00"
2020-01-30,2020013001019293,EBL,50,46,100,631.00,"63,100.00"
2020-01-30,2020013001019072,EBL,57,14,125,633.00,"79,125.00"
2020-01-30,2020013001019071,EBL,57,1,50,633.00,"31,650.00"
2020-01-30,2020013001019070,EBL,57,45,20,632.00,"12,640.00"
2020-01-30,2020013001019069,EBL,57,43,100,632.00,"63,200.00"
2020-01-30,2020013001019068,EBL,57,45,40,632.00,"25,280.00"
2020-01-30,2020013001019067,EBL,57,38,100,632.00,"63,200.00"
2020-01-30,2020013001019066,EBL,57,38,65,632.00,"41,080.00"
2020-01-30,2020013001019142,EIC,42,38,70,418.00,"29,260.00"
2020-01-30,2020013001019141,EIC,45,38,200,418.00,"83,600.00"
2020-01-30,2020013001019140,EIC,21,38,20,418.00,"8,360.00"
2020-01-30,2020013001019139,EIC,52,38,150,418.00,"62,700.00"
2020-01-30,2020013001019138,EIC,6,38,10,418.00,"4,180.00"
2020-01-30,2020013001019137,EIC,57,38,170,418.00,"71,060.00"
2020-01-30,2020013001019136,EIC,22,38,180,418.00,"75,240.00"
2020-01-30,2020013001019135,EIC,35,38,100,418.00,"41,800.00"
2020-01-30,2020013001019134,EIC,38,38,100,418.00,"41,800.00"
2020-01-30,2020013001019133,FMDBL,4,3,268,458.00,"122,744.00"
2020-01-30,2020013001019132,FMDBL,38,3,132,458.00,"60,456.00"
2020-01-30,2020013001019063,FMDBL,38,28,168,458.00,"76,944.00"
2020-01-30,2020013001019062,FMDBL,32,28,332,458.00,"152,056.00"
2020-01-30,2020013001018998,FMDBL,32,58,168,458.00,"76,944.00"
2020-01-30,2020013001018997,FMDBL,22,58,32,458.00,"14,656.00"
2020-01-30,2020013001019369,FOWAD,58,5,520,"1,359.00","706,680.00"
2020-01-30,2020013001019322,FOWAD,58,43,19,"1,359.00","25,821.00"
2020-01-30,2020013001019207,FOWAD,42,38,133,"1,360.00","180,880.00"
2020-01-30,2020013001019168,FOWAD,42,47,17,"1,360.00","23,120.00"
2020-01-30,2020013001019332,GBIME,56,56,295,288.00,"84,960.00"
2020-01-30,2020013001019331,GBIME,42,56,30,288.00,"8,640.00"
2020-01-30,2020013001019330,GBIME,40,56,300,288.00,"86,400.00"
2020-01-30,2020013001019329,GBIME,52,56,100,288.00,"28,800.00"
2020-01-30,2020013001019328,GBIME,34,56,75,288.00,"21,600.00"
2020-01-30,2020013001019288,GBIME,57,46,500,289.00,"144,500.00"
2020-01-30,2020013001019286,GBIME,51,46,100,289.00,"28,900.00"
2020-01-30,2020013001019159,GBIME,37,46,500,289.00,"144,500.00"
2020-01-30,2020013001019113,GBLBS,45,6,100,457.00,"45,700.00"
2020-01-30,2020013001019083,GILB,47,44,40,"1,334.00","53,360.00"
2020-01-30,2020013001019082,GILB,22,44,200,"1,335.00","267,000.00"
2020-01-30,2020013001019038,GILB,45,44,100,"1,340.00","134,000.00"
2020-01-30,2020013001018966,GILB,45,57,93,"1,340.00","124,620.00"
2020-01-30,2020013001018965,GILB,40,57,100,"1,341.00","134,100.00"
2020-01-30,2020013001018964,GILB,6,57,50,"1,341.00","67,050.00"
2020-01-30,2020013001018963,GILB,7,57,27,"1,342.00","36,234.00"
2020-01-30,2020013001018962,GILB,42,57,30,"1,342.00","40,260.00"
2020-01-30,2020013001018961,GILB,26,57,100,"1,343.00","134,300.00"
2020-01-30,2020013001019163,GLBSL,6,35,10,702.00,"7,020.00"
2020-01-30,2020013001019183,GLICL,38,25,100,725.00,"72,500.00"
2020-01-30,2020013001019182,GLICL,6,25,150,725.00,"108,750.00"
2020-01-30,2020013001019161,GLICL,43,26,268,726.00,"194,568.00"
2020-01-30,2020013001019078,GLICL,44,26,732,726.00,"531,432.00"
2020-01-30,2020013001019077,GLICL,44,26,268,726.00,"194,568.00"
2020-01-30,2020013001019053,GLICL,43,26,200,726.00,"145,200.00"
2020-01-30,2020013001019043,GLICL,5,26,200,726.00,"145,200.00"
2020-01-30,2020013001019042,GLICL,49,26,332,727.00,"241,364.00"
2020-01-30,2020013001018993,GLICL,49,42,168,727.00,"122,136.00"
2020-01-30,2020013001018992,GLICL,39,42,32,727.00,"23,264.00"
2020-01-30,2020013001018927,GLICL,33,45,201,730.00,"146,730.00"
2020-01-30,2020013001019364,HDL,43,33,30,"1,210.00","36,300.00"
2020-01-30,2020013001019354,HDL,57,33,260,"1,210.00","314,600.00"
2020-01-30,2020013001019250,HDL,39,16,50,"1,212.00","60,600.00"
2020-01-30,2020013001019248,HDL,57,40,240,"1,210.00","290,400.00"
2020-01-30,2020013001019244,HDL,45,16,20,"1,212.00","24,240.00"
2020-01-30,2020013001018987,HDL,14,33,180,"1,210.00","217,800.00"
2020-01-30,2020013001018903,HDL,44,33,50,"1,215.00","60,750.00"
2020-01-30,2020013001018936,HDL,38,33,30,"1,211.00","36,330.00"
2020-01-30,2020013001018935,HDL,39,33,50,"1,211.00","60,550.00"
2020-01-30,2020013001018934,HDL,17,33,20,"1,211.00","24,220.00"
2020-01-30,2020013001018933,HDL,57,33,50,"1,212.00","60,600.00"
2020-01-30,2020013001018932,HDL,56,33,200,"1,212.00","242,400.00"
2020-01-30,2020013001018921,HDL,37,34,100,"1,213.00","121,300.00"
2020-01-30,2020013001018942,HDL,14,33,20,"1,210.00","24,200.00"
2020-01-30,2020013001018941,HDL,57,33,50,"1,210.00","60,500.00"
2020-01-30,2020013001018940,HDL,57,33,75,"1,210.00","90,750.00"
2020-01-30,2020013001018939,HDL,50,33,50,"1,211.00","60,550.00"
2020-01-30,2020013001018938,HDL,17,33,10,"1,211.00","12,110.00"
2020-01-30,2020013001018937,HDL,38,33,30,"1,211.00","36,330.00"
2020-01-30,2020013001018948,HDL,4,33,75,"1,210.00","90,750.00"
2020-01-30,2020013001018947,HDL,38,33,30,"1,210.00","36,300.00"
2020-01-30,2020013001018946,HDL,45,33,50,"1,210.00","60,500.00"
2020-01-30,2020013001018945,HDL,55,33,20,"1,210.00","24,200.00"
2020-01-30,2020013001018944,HDL,11,33,10,"1,210.00","12,100.00"
2020-01-30,2020013001018943,HDL,44,33,50,"1,210.00","60,500.00"
2020-01-30,2020013001019201,HGI,43,37,400,415.00,"166,000.00"
2020-01-30,2020013001019086,HGI,43,22,69,415.00,"28,635.00"
2020-01-30,2020013001019085,HGI,58,22,131,416.00,"54,496.00"
2020-01-30,2020013001018976,HGI,58,4,869,416.00,"361,504.00"
2020-01-30,2020013001018975,HGI,43,4,30,416.00,"12,480.00"
2020-01-30,2020013001018974,HGI,49,4,101,416.00,"42,016.00"
2020-01-30,2020013001019282,HIDCL,25,5,61,138.00,"8,418.00"
2020-01-30,2020013001019076,HIDCL,25,34,56,138.00,"7,728.00"
2020-01-30,2020013001019363,ILBS,17,39,10,825.00,"8,250.00"
2020-01-30,2020013001019360,KBL,25,25,13,195.00,"2,535.00"
2020-01-30,2020013001019084,KPCL,36,54,10,87.00,870.00
2020-01-30,2020013001018986,LBBL,17,41,360,193.00,"69,480.00"
2020-01-30,2020013001018985,LBBL,17,41,500,193.00,"96,500.00"
2020-01-30,2020013001018984,LBBL,17,7,100,193.00,"19,300.00"
2020-01-30,2020013001018983,LBBL,17,17,40,193.00,"7,720.00"
2020-01-30,2020013001019287,LBL,25,36,96,215.00,"20,640.00"
2020-01-30,2020013001019008,LBL,35,36,59,216.00,"12,744.00"
2020-01-30,2020013001019169,LEMF,26,4,"28,850",7.90,"227,915.00"
2020-01-30,2020013001019368,LGIL,50,28,575,474.00,"272,550.00"
2020-01-30,2020013001019306,LGIL,28,38,900,473.00,"425,700.00"
2020-01-30,2020013001019203,LGIL,28,53,100,473.00,"47,300.00"
2020-01-30,2020013001018959,LGIL,28,35,53,482.00,"25,546.00"
2020-01-30,2020013001019351,LICN,8,7,50,"1,253.00","62,650.00"
2020-01-30,2020013001019350,LICN,40,7,80,"1,254.00","100,320.00"
2020-01-30,2020013001019285,LICN,25,5,10,"1,266.00","12,660.00"
2020-01-30,2020013001019252,LICN,40,25,50,"1,254.00","62,700.00"
2020-01-30,2020013001019002,LICN,59,55,200,"1,255.00","251,000.00"
2020-01-30,2020013001019131,LLBS,22,55,13,"1,056.00","13,728.00"
2020-01-30,2020013001019130,LLBS,17,55,50,"1,057.00","52,850.00"
2020-01-30,2020013001019129,LLBS,17,55,17,"1,060.00","18,020.00"
2020-01-30,2020013001019270,MBL,41,4,30,235.00,"7,050.00"
2020-01-30,2020013001019171,MDB,42,17,100,305.00,"30,500.00"
2020-01-30,2020013001019179,MEGA,37,1,774,198.00,"153,252.00"
2020-01-30,2020013001019178,MEGA,14,1,226,198.00,"44,748.00"
2020-01-30,2020013001018923,MEGA,43,57,10,199.00,"1,990.00"
2020-01-30,2020013001019278,MERO,57,17,200,695.00,"139,000.00"
2020-01-30,2020013001019094,MERO,6,42,33,703.00,"23,199.00"
2020-01-30,2020013001019093,MERO,6,1,50,703.00,"35,150.00"
2020-01-30,2020013001018924,MERO,26,22,200,704.00,"140,800.00"
2020-01-30,2020013001019165,MERO,53,35,186,702.00,"130,572.00"
2020-01-30,2020013001019111,MERO,53,22,14,702.00,"9,828.00"
2020-01-30,2020013001019110,MERO,6,22,100,702.00,"70,200.00"
2020-01-30,2020013001019109,MERO,57,22,86,702.00,"60,372.00"
2020-01-30,2020013001019095,MERO,6,50,17,703.00,"11,951.00"
2020-01-30,2020013001019200,MERO,44,28,275,699.00,"192,225.00"
2020-01-30,2020013001019199,MERO,45,28,100,700.00,"70,000.00"
2020-01-30,2020013001019198,MERO,58,28,125,700.00,"87,500.00"
2020-01-30,2020013001019167,MERO,28,35,792,701.00,"555,192.00"
2020-01-30,2020013001019166,MERO,38,35,250,702.00,"175,500.00"
2020-01-30,2020013001019277,MERO,38,17,100,695.00,"69,500.00"
2020-01-30,2020013001019265,MERO,38,38,400,695.00,"278,000.00"
2020-01-30,2020013001019264,MERO,5,38,100,698.00,"69,800.00"
2020-01-30,2020013001019249,MERO,44,25,25,699.00,"17,475.00"
2020-01-30,2020013001019187,MFIL,50,33,500,194.00,"97,000.00"
2020-01-30,2020013001019326,MLBL,4,45,200,210.00,"42,000.00"
2020-01-30,2020013001019325,MLBL,4,42,75,209.00,"15,675.00"
2020-01-30,2020013001019324,MLBL,4,51,40,208.00,"8,320.00"
2020-01-30,2020013001019323,MLBL,4,33,100,207.00,"20,700.00"
2020-01-30,2020013001019327,MNBBL,49,43,270,322.00,"86,940.00"
2020-01-30,2020013001019290,MNBBL,49,4,"3,922",322.00,"1,262,884.00"
2020-01-30,2020013001019003,MNBBL,37,4,20,322.00,"6,440.00"
2020-01-30,2020013001018988,MNBBL,37,4,30,322.00,"9,660.00"
2020-01-30,2020013001019310,MSMBS,38,59,11,771.00,"8,481.00"
2020-01-30,2020013001019304,MSMBS,38,1,50,771.00,"38,550.00"
2020-01-30,2020013001019321,NADEP,40,39,11,718.00,"7,898.00"
2020-01-30,2020013001019233,NADEP,22,56,44,719.00,"31,636.00"
2020-01-30,2020013001019193,NADEP,40,56,35,718.00,"25,130.00"
2020-01-30,2020013001019192,NADEP,8,56,465,718.00,"333,870.00"
2020-01-30,2020013001019188,NADEP,57,56,10,719.00,"7,190.00"
2020-01-30,2020013001019160,NADEP,8,17,10,718.00,"7,180.00"
2020-01-30,2020013001018884,NADEP,35,56,20,722.00,"14,440.00"
2020-01-30,2020013001018990,NADEP,32,13,100,721.00,"72,100.00"
2020-01-30,2020013001018989,NADEP,48,13,50,721.00,"36,050.00"
2020-01-30,2020013001018972,NADEP,14,58,200,721.00,"144,200.00"
2020-01-30,2020013001018971,NADEP,14,58,200,721.00,"144,200.00"
2020-01-30,2020013001018970,NADEP,59,58,20,721.00,"14,420.00"
2020-01-30,2020013001018969,NADEP,35,58,80,722.00,"57,760.00"
2020-01-30,2020013001019023,NADEP,48,5,200,721.00,"144,200.00"
2020-01-30,2020013001019022,NADEP,14,5,100,721.00,"72,100.00"
2020-01-30,2020013001019000,NADEP,44,53,50,721.00,"36,050.00"
2020-01-30,2020013001018999,NADEP,48,53,50,721.00,"36,050.00"
2020-01-30,2020013001018991,NADEP,32,13,100,721.00,"72,100.00"
2020-01-30,2020013001019029,NADEP,57,5,100,720.00,"72,000.00"
2020-01-30,2020013001019028,NADEP,57,5,200,720.00,"144,000.00"
2020-01-30,2020013001019027,NADEP,37,5,100,720.00,"72,000.00"
2020-01-30,2020013001019026,NADEP,1,5,100,720.00,"72,000.00"
2020-01-30,2020013001019025,NADEP,50,5,10,720.00,"7,200.00"
2020-01-30,2020013001019024,NADEP,52,5,300,720.00,"216,000.00"
2020-01-30,2020013001019092,NADEP,38,5,11,720.00,"7,920.00"
2020-01-30,2020013001019034,NADEP,6,5,10,720.00,"7,200.00"
2020-01-30,2020013001019033,NADEP,22,5,10,720.00,"7,200.00"
2020-01-30,2020013001019032,NADEP,22,5,10,720.00,"7,200.00"
2020-01-30,2020013001019031,NADEP,7,5,100,720.00,"72,000.00"
2020-01-30,2020013001019030,NADEP,36,5,500,720.00,"360,000.00"
2020-01-30,2020013001019120,NADEP,8,7,25,718.00,"17,950.00"
2020-01-30,2020013001019119,NADEP,21,7,100,718.00,"71,800.00"
2020-01-30,2020013001019118,NADEP,35,7,300,718.00,"215,400.00"
2020-01-30,2020013001019117,NADEP,19,7,25,719.00,"17,975.00"
2020-01-30,2020013001019116,NADEP,16,7,50,719.00,"35,950.00"
2020-01-30,2020013001019263,NBL,42,36,500,272.00,"136,000.00"
2020-01-30,2020013001019197,NBL,16,36,343,273.00,"93,639.00"
2020-01-30,2020013001019196,NBL,16,34,500,273.00,"136,500.00"
2020-01-30,2020013001019195,NBL,16,25,100,273.00,"27,300.00"
2020-01-30,2020013001019194,NBL,16,48,57,273.00,"15,561.00"
2020-01-30,2020013001019154,NBL,16,48,410,273.00,"111,930.00"
2020-01-30,2020013001019153,NBL,16,45,90,272.00,"24,480.00"
2020-01-30,2020013001019040,NBL,33,38,500,271.00,"135,500.00"
2020-01-30,2020013001018902,NBL,43,45,10,272.00,"2,720.00"
2020-01-30,2020013001019046,NCCB,4,45,50,200.00,"10,000.00"
2020-01-30,2020013001019229,NIB,49,16,100,390.00,"39,000.00"
2020-01-30,2020013001019228,NIB,39,16,"1,000",390.00,"390,000.00"
2020-01-30,2020013001019227,NIB,50,16,500,390.00,"195,000.00"
2020-01-30,2020013001019226,NIB,41,16,300,390.00,"117,000.00"
2020-01-30,2020013001019225,NIB,54,16,200,390.00,"78,000.00"
2020-01-30,2020013001019218,NIB,51,16,86,390.00,"33,540.00"
2020-01-30,2020013001019217,NIB,51,16,50,391.00,"19,550.00"
2020-01-30,2020013001019216,NIB,19,16,30,391.00,"11,730.00"
2020-01-30,2020013001019215,NIB,42,16,100,391.00,"39,100.00"
2020-01-30,2020013001019214,NIB,57,16,81,391.00,"31,671.00"
2020-01-30,2020013001019164,NIB,42,44,22,392.00,"8,624.00"
2020-01-30,2020013001019224,NIB,41,16,300,390.00,"117,000.00"
2020-01-30,2020013001019223,NIB,40,16,17,390.00,"6,630.00"
2020-01-30,2020013001019222,NIB,45,16,50,390.00,"19,500.00"
2020-01-30,2020013001019221,NIB,45,16,142,390.00,"55,380.00"
2020-01-30,2020013001019220,NIB,1,16,50,390.00,"19,500.00"
2020-01-30,2020013001019219,NIB,29,16,300,390.00,"117,000.00"
2020-01-30,2020013001019059,NICA,46,32,311,480.00,"149,280.00"
2020-01-30,2020013001019353,NICBF,1,41,"1,000",9.00,"9,000.00"
2020-01-30,2020013001019294,NICL,42,58,70,414.00,"28,980.00"
2020-01-30,2020013001019061,NICL,37,34,100,415.00,"41,500.00"
2020-01-30,2020013001019060,NICL,3,34,300,416.00,"124,800.00"
2020-01-30,2020013001018928,NICL,37,32,900,415.00,"373,500.00"
2020-01-30,2020013001019303,NIL,11,34,50,510.00,"25,500.00"
2020-01-30,2020013001019274,NIL,11,34,20,510.00,"10,200.00"
2020-01-30,2020013001019273,NIL,11,58,30,509.00,"15,270.00"
2020-01-30,2020013001019257,NIL,52,49,200,506.00,"101,200.00"
2020-01-30,2020013001019256,NIL,58,49,200,507.00,"101,400.00"
2020-01-30,2020013001019255,NIL,14,49,100,507.00,"50,700.00"
2020-01-30,2020013001019127,NIL,57,58,500,509.00,"254,500.00"
2020-01-30,2020013001019126,NIL,44,58,470,510.00,"239,700.00"
2020-01-30,2020013001019358,NLBBL,48,49,30,809.00,"24,270.00"
2020-01-30,2020013001019357,NLBBL,48,32,20,808.00,"16,160.00"
2020-01-30,2020013001019355,NLBBL,59,32,10,808.00,"8,080.00"
2020-01-30,2020013001018888,NLBBL,59,43,50,808.00,"40,400.00"
2020-01-30,2020013001018887,NLBBL,59,51,50,808.00,"40,400.00"
2020-01-30,2020013001018886,NLBBL,59,41,50,808.00,"40,400.00"
2020-01-30,2020013001018885,NLBBL,59,26,40,803.00,"32,120.00"
2020-01-30,2020013001019316,NLG,25,26,488,847.00,"413,336.00"
2020-01-30,2020013001019315,NLG,25,19,512,845.00,"432,640.00"
2020-01-30,2020013001019266,NLG,1,14,200,842.00,"168,400.00"
2020-01-30,2020013001019049,NLG,59,42,62,841.00,"52,142.00"
2020-01-30,2020013001019122,NLIC,59,52,42,"1,125.00","47,250.00"
2020-01-30,2020013001019091,NLIC,45,41,29,"1,124.00","32,596.00"
2020-01-30,2020013001019090,NLIC,16,41,15,"1,124.00","16,860.00"
2020-01-30,2020013001019058,NLIC,34,52,100,"1,125.00","112,500.00"
2020-01-30,2020013001019057,NLIC,28,52,200,"1,125.00","225,000.00"
2020-01-30,2020013001019056,NLIC,29,52,20,"1,125.00","22,500.00"
2020-01-30,2020013001018881,NLIC,38,42,200,"1,129.00","225,800.00"
2020-01-30,2020013001019055,NLIC,8,52,148,"1,125.00","166,500.00"
2020-01-30,2020013001019054,NLIC,57,52,10,"1,126.00","11,260.00"
2020-01-30,2020013001019050,NLIC,8,47,52,"1,125.00","58,500.00"
2020-01-30,2020013001019001,NLIC,34,52,500,"1,126.00","563,000.00"
2020-01-30,2020013001018978,NLIC,22,52,10,"1,128.00","11,280.00"
2020-01-30,2020013001018977,NLIC,57,52,310,"1,128.00","349,680.00"
2020-01-30,2020013001019340,NLICL,4,21,110,661.00,"72,710.00"
2020-01-30,2020013001019305,NLICL,4,4,"1,000",661.00,"661,000.00"
2020-01-30,2020013001019271,NLICL,44,40,"2,000",662.00,"1,324,000.00"
2020-01-30,2020013001019251,NLICL,4,50,100,661.00,"66,100.00"
2020-01-30,2020013001019073,NLICL,4,36,289,661.00,"191,029.00"
2020-01-30,2020013001018994,NLICL,4,58,500,661.00,"330,500.00"
2020-01-30,2020013001018967,NLICL,16,4,158,665.00,"105,070.00"
2020-01-30,2020013001018925,NLICL,16,36,842,662.00,"557,404.00"
2020-01-30,2020013001018908,NLICL,6,36,158,664.00,"104,912.00"
2020-01-30,2020013001018878,NLICL,6,42,42,664.00,"27,888.00"
2020-01-30,2020013001018877,NLICL,49,42,150,664.00,"99,600.00"
2020-01-30,2020013001019352,NMB,46,44,100,364.00,"36,400.00"
2020-01-30,2020013001019101,NMB,46,51,100,364.00,"36,400.00"
2020-01-30,2020013001019100,NMB,46,52,56,364.00,"20,384.00"
2020-01-30,2020013001019051,NMBHF1,51,40,"4,161",9.50,"39,529.50"
2020-01-30,2020013001019175,NMBMF,16,29,31,928.00,"28,768.00"
2020-01-30,2020013001019174,NMBMF,59,29,14,929.00,"13,006.00"
2020-01-30,2020013001019173,NMBMF,14,29,100,930.00,"93,000.00"
2020-01-30,2020013001019172,NMBMF,46,29,45,931.00,"41,895.00"
2020-01-30,2020013001019242,NMFBS,7,7,15,"1,626.00","24,390.00"
2020-01-30,2020013001019241,NMFBS,33,7,85,"1,626.00","138,210.00"
2020-01-30,2020013001019349,NNLB,19,34,190,718.00,"136,420.00"
2020-01-30,2020013001019348,NNLB,32,34,10,730.00,"7,300.00"
2020-01-30,2020013001019152,NSEWA,33,16,100,700.00,"70,000.00"
2020-01-30,2020013001019151,NSEWA,17,16,250,701.00,"175,250.00"
2020-01-30,2020013001019081,NSEWA,17,16,250,701.00,"175,250.00"
2020-01-30,2020013001019080,NSEWA,22,16,230,702.00,"161,460.00"
2020-01-30,2020013001019079,NSEWA,25,16,10,710.00,"7,100.00"
2020-01-30,2020013001019019,NSEWA,25,16,10,710.00,"7,100.00"
2020-01-30,2020013001019284,NTC,22,34,10,620.00,"6,200.00"
2020-01-30,2020013001019307,NUBL,35,4,10,990.00,"9,900.00"
2020-01-30,2020013001019020,NUBL,35,4,30,990.00,"29,700.00"
2020-01-30,2020013001019356,OHL,56,34,400,520.00,"208,000.00"
2020-01-30,2020013001019205,OHL,56,19,200,520.00,"104,000.00"
2020-01-30,2020013001018929,OHL,45,57,489,521.00,"254,769.00"
2020-01-30,2020013001018980,OHL,56,57,211,520.00,"109,720.00"
2020-01-30,2020013001019359,PCBL,49,32,500,273.00,"136,500.00"
2020-01-30,2020013001019334,PCBL,58,16,100,275.00,"27,500.00"
2020-01-30,2020013001019338,PFL,32,16,45,158.00,"7,110.00"
2020-01-30,2020013001019041,PFL,14,16,200,159.00,"31,800.00"
2020-01-30,2020013001019320,PIC,58,17,170,560.00,"95,200.00"
2020-01-30,2020013001019319,PIC,32,17,30,560.00,"16,800.00"
2020-01-30,2020013001019318,PIC,25,17,200,561.00,"112,200.00"
2020-01-30,2020013001019268,PIC,37,59,282,570.00,"160,740.00"
2020-01-30,2020013001019267,PIC,37,39,18,570.00,"10,260.00"
2020-01-30,2020013001019231,PIC,33,39,82,570.00,"46,740.00"
2020-01-30,2020013001019230,PIC,33,49,18,569.00,"10,242.00"
2020-01-30,2020013001019190,PIC,33,49,180,569.00,"102,420.00"
2020-01-30,2020013001019189,PIC,33,52,20,568.00,"11,360.00"
2020-01-30,2020013001018920,PIC,25,58,100,561.00,"56,100.00"
2020-01-30,2020013001019206,PICL,16,47,100,673.00,"67,300.00"
2020-01-30,2020013001019202,PICL,58,42,100,674.00,"67,400.00"
2020-01-30,2020013001019074,PICL,7,42,100,674.00,"67,400.00"
2020-01-30,2020013001019283,PLIC,22,42,200,563.00,"112,600.00"
2020-01-30,2020013001019236,PLIC,34,34,25,565.00,"14,125.00"
2020-01-30,2020013001019235,PLIC,22,34,57,565.00,"32,205.00"
2020-01-30,2020013001019232,PLIC,22,46,123,565.00,"69,495.00"
2020-01-30,2020013001019186,PLIC,22,25,620,565.00,"350,300.00"
2020-01-30,2020013001019185,PLIC,51,25,380,566.00,"215,080.00"
2020-01-30,2020013001019009,PLIC,56,49,500,573.00,"286,500.00"
2020-01-30,2020013001018894,PLIC,56,38,38,575.00,"21,850.00"
2020-01-30,2020013001019015,PLIC,28,49,"1,550",570.00,"883,500.00"
2020-01-30,2020013001019014,PLIC,22,49,300,571.00,"171,300.00"
2020-01-30,2020013001019013,PLIC,56,49,200,571.00,"114,200.00"
2020-01-30,2020013001019012,PLIC,22,49,700,571.00,"399,700.00"
2020-01-30,2020013001019011,PLIC,40,49,500,572.00,"286,000.00"
2020-01-30,2020013001019010,PLIC,54,49,100,572.00,"57,200.00"
2020-01-30,2020013001019103,PLIC,28,36,"1,000",567.00,"567,000.00"
2020-01-30,2020013001019102,PLIC,14,36,100,568.00,"56,800.00"
2020-01-30,2020013001019045,PLIC,49,25,455,570.00,"259,350.00"
2020-01-30,2020013001019018,PLIC,49,49,545,570.00,"310,650.00"
2020-01-30,2020013001019017,PLIC,22,49,500,570.00,"285,000.00"
2020-01-30,2020013001019016,PLIC,17,49,105,570.00,"59,850.00"
2020-01-30,2020013001019158,PLIC,51,16,120,566.00,"67,920.00"
2020-01-30,2020013001019157,PLIC,4,16,380,566.00,"215,080.00"
2020-01-30,2020013001019107,PLIC,4,36,120,566.00,"67,920.00"
2020-01-30,2020013001019106,PLIC,40,36,500,566.00,"283,000.00"
2020-01-30,2020013001019105,PLIC,5,36,180,566.00,"101,880.00"
2020-01-30,2020013001019104,PLIC,43,36,100,567.00,"56,700.00"
2020-01-30,2020013001018895,PMHPL,36,19,10,86.00,860.00
2020-01-30,2020013001018922,PPCL,6,19,30,123.00,"3,690.00"
2020-01-30,2020013001019344,PRIN,26,57,314,432.00,"135,648.00"
2020-01-30,2020013001019343,PRIN,49,57,86,433.00,"37,238.00"
2020-01-30,2020013001019297,PRIN,58,50,350,435.00,"152,250.00"
2020-01-30,2020013001019296,PRIN,58,36,150,435.00,"65,250.00"
2020-01-30,2020013001019240,PRIN,26,36,150,435.00,"65,250.00"
2020-01-30,2020013001019239,PRIN,26,40,50,435.00,"21,750.00"
2020-01-30,2020013001018919,PRIN,49,39,314,433.00,"135,962.00"
2020-01-30,2020013001018918,PRIN,43,39,166,433.00,"71,878.00"
2020-01-30,2020013001019362,PROFL,34,55,10,107.00,"1,070.00"
2020-01-30,2020013001019342,PRVU,47,10,200,260.00,"52,000.00"
2020-01-30,2020013001019341,PRVU,1,10,300,260.00,"78,000.00"
2020-01-30,2020013001019150,PRVU,14,13,542,262.00,"142,004.00"
2020-01-30,2020013001019149,PRVU,14,32,50,262.00,"13,100.00"
2020-01-30,2020013001018957,PRVU,49,21,10,262.00,"2,620.00"
2020-01-30,2020013001018907,PRVU,47,44,150,260.00,"39,000.00"
2020-01-30,2020013001018906,PRVU,4,44,100,260.00,"26,000.00"
2020-01-30,2020013001018905,PRVU,34,44,250,261.00,"65,250.00"
2020-01-30,2020013001019148,PRVU,14,37,50,262.00,"13,100.00"
2020-01-30,2020013001019147,PRVU,14,45,500,262.00,"131,000.00"
2020-01-30,2020013001019146,PRVU,14,21,153,262.00,"40,086.00"
2020-01-30,2020013001019145,PRVU,14,38,205,261.00,"53,505.00"
2020-01-30,2020013001019144,PRVU,14,33,500,261.00,"130,500.00"
2020-01-30,2020013001019005,RHPL,54,19,40,164.00,"6,560.00"
2020-01-30,2020013001018968,RSDC,17,58,10,477.00,"4,770.00"
2020-01-30,2020013001018875,RSDC,59,45,100,477.00,"47,700.00"
2020-01-30,2020013001019261,SABSL,17,58,10,866.00,"8,660.00"
2020-01-30,2020013001019243,SABSL,17,35,10,866.00,"8,660.00"
2020-01-30,2020013001019300,SADBL,58,38,330,157.00,"51,810.00"
2020-01-30,2020013001019128,SADBL,58,14,40,157.00,"6,280.00"
2020-01-30,2020013001018880,SBI,34,16,359,411.00,"147,549.00"
2020-01-30,2020013001018879,SBI,21,16,50,413.00,"20,650.00"
2020-01-30,2020013001019212,SBL,35,47,446,312.00,"139,152.00"
2020-01-30,2020013001019211,SBL,7,47,196,313.00,"61,348.00"
2020-01-30,2020013001019210,SBL,52,47,100,313.00,"31,300.00"
2020-01-30,2020013001019209,SBL,58,47,62,313.00,"19,406.00"
2020-01-30,2020013001019208,SBL,37,47,300,314.00,"94,200.00"
2020-01-30,2020013001018917,SCB,50,46,152,609.00,"92,568.00"
2020-01-30,2020013001019089,SHINE,34,22,180,257.00,"46,260.00"
2020-01-30,2020013001019276,SHIVM,39,35,200,522.00,"104,400.00"
2020-01-30,2020013001019204,SHIVM,39,57,250,522.00,"130,500.00"
2020-01-30,2020013001019181,SHIVM,25,57,100,523.00,"52,300.00"
2020-01-30,2020013001019112,SHIVM,25,39,100,523.00,"52,300.00"
2020-01-30,2020013001018883,SHIVM,39,45,400,522.00,"208,800.00"
2020-01-30,2020013001018882,SHIVM,41,45,50,523.00,"26,150.00"
2020-01-30,2020013001019337,SHPC,16,14,500,198.00,"99,000.00"
2020-01-30,2020013001019336,SHPC,45,14,"1,000",198.00,"198,000.00"
2020-01-30,2020013001019335,SHPC,39,14,300,199.00,"59,700.00"
2020-01-30,2020013001018898,SHPC,38,48,"1,000",199.00,"199,000.00"
2020-01-30,2020013001018897,SHPC,36,48,500,199.00,"99,500.00"
2020-01-30,2020013001018896,SHPC,10,48,100,200.00,"20,000.00"
2020-01-30,2020013001019108,SIC,34,56,10,726.00,"7,260.00"
2020-01-30,2020013001019088,SIC,38,41,50,720.00,"36,000.00"
2020-01-30,2020013001019281,SICL,47,39,28,"1,143.00","32,004.00"
2020-01-30,2020013001019039,SICL,7,6,100,"1,153.00","115,300.00"
2020-01-30,2020013001018915,SICL,19,16,50,"1,149.00","57,450.00"
2020-01-30,2020013001018876,SICL,50,16,50,"1,149.00","57,450.00"
2020-01-30,2020013001019143,SICL,18,42,100,"1,146.00","114,600.00"
2020-01-30,2020013001019245,SICL,39,34,50,"1,145.00","57,250.00"
2020-01-30,2020013001019247,SICL,47,34,150,"1,143.00","171,450.00"
2020-01-30,2020013001019246,SICL,39,34,200,"1,143.00","228,600.00"
2020-01-30,2020013001019048,SJCL,29,19,20,157.00,"3,140.00"
2020-01-30,2020013001019036,SJCL,29,54,20,157.00,"3,140.00"
2020-01-30,2020013001018979,SJCL,29,38,20,157.00,"3,140.00"
2020-01-30,2020013001019371,SKBBL,52,4,15,987.00,"14,805.00"
2020-01-30,2020013001019370,SKBBL,52,18,35,985.00,"34,475.00"
2020-01-30,2020013001019177,SKBBL,42,18,15,985.00,"14,775.00"
2020-01-30,2020013001018912,SKBBL,42,18,150,985.00,"147,750.00"
2020-01-30,2020013001019180,SLICL,55,42,300,468.00,"140,400.00"
2020-01-30,2020013001019176,SLICL,40,42,200,468.00,"93,600.00"
2020-01-30,2020013001019121,SLICL,40,42,200,468.00,"93,600.00"
2020-01-30,2020013001019114,SLICL,5,42,500,468.00,"234,000.00"
2020-01-30,2020013001019098,SLICL,4,42,300,468.00,"140,400.00"
2020-01-30,2020013001019065,SLICL,4,42,230,468.00,"107,640.00"
2020-01-30,2020013001018904,SLICL,4,41,10,468.00,"4,680.00"
2020-01-30,2020013001018891,SLICL,5,22,108,466.00,"50,328.00"
2020-01-30,2020013001019064,SLICL,4,57,70,468.00,"32,760.00"
2020-01-30,2020013001019035,SLICL,4,57,700,468.00,"327,600.00"
2020-01-30,2020013001018996,SLICL,4,57,230,468.00,"107,640.00"
2020-01-30,2020013001018995,SLICL,4,41,470,468.00,"219,960.00"
2020-01-30,2020013001018930,SLICL,5,42,31,465.00,"14,415.00"
2020-01-30,2020013001018911,SLICL,4,42,169,465.00,"78,585.00"
2020-01-30,2020013001018914,SMB,38,46,80,761.00,"60,880.00"
2020-01-30,2020013001018913,SMB,25,46,20,762.00,"15,240.00"
2020-01-30,2020013001019021,SMFDB,17,36,10,770.00,"7,700.00"
2020-01-30,2020013001019096,SMFDB,59,36,290,770.00,"223,300.00"
2020-01-30,2020013001019213,SPARS,57,39,10,850.00,"8,500.00"
2020-01-30,2020013001019254,SRBL,25,45,100,243.00,"24,300.00"
2020-01-30,2020013001019253,SRBL,56,45,100,243.00,"24,300.00"
2020-01-30,2020013001019075,STC,35,38,10,"2,400.00","24,000.00"
2020-01-30,2020013001019333,SWBBL,59,44,100,"1,110.00","111,000.00"
2020-01-30,2020013001019170,SWBBL,35,58,100,"1,115.00","111,500.00"
2020-01-30,2020013001019123,SWBBL,25,45,10,"1,118.00","11,180.00"
2020-01-30,2020013001019099,SWBBL,42,14,50,"1,116.00","55,800.00"
2020-01-30,2020013001019280,TRH,52,19,200,312.00,"62,400.00"
2020-01-30,2020013001019279,TRH,35,19,100,312.00,"31,200.00"
2020-01-30,2020013001018910,UIC,42,44,200,430.00,"86,000.00"
2020-01-30,2020013001019115,UNHPL,6,19,40,58.00,"2,320.00"
2020-01-30,2020013001019191,UPCL,29,19,90,73.00,"6,570.00"
2020-01-30,2020013001019347,UPPER,50,39,100,243.00,"24,300.00"
2020-01-30,2020013001019260,UPPER,50,19,40,243.00,"9,720.00"
2020-01-30,2020013001019184,UPPER,55,59,50,244.00,"12,200.00"
2020-01-30,2020013001019044,VLBS,41,21,40,971.00,"38,840.00"
2020-01-30,2020013001018982,WOMI,34,38,96,991.00,"95,136.00"
2020-01-30,2020013001018981,WOMI,34,38,54,991.00,"53,514.00"
2020-01-30,2020013001018833,ADBL,29,40,100,384.00,"38,400.00"
2020-01-30,2020013001018596,ADBL,58,58,100,385.00,"38,500.00"
2020-01-30,2020013001018595,ADBL,45,58,483,385.00,"185,955.00"
2020-01-30,2020013001018481,AKJCL,37,19,10,55.00,550.00
2020-01-30,2020013001018607,AKPL,49,45,"1,979",125.00,"247,375.00"
2020-01-30,2020013001018600,AKPL,49,4,56,125.00,"7,000.00"
2020-01-30,2020013001018599,AKPL,49,4,444,125.00,"55,500.00"
2020-01-30,2020013001018464,AKPL,41,45,21,126.00,"2,646.00"
2020-01-30,2020013001018413,AKPL,41,44,"2,000",126.00,"252,000.00"
2020-01-30,2020013001018553,AKPL,49,4,556,125.00,"69,500.00"
2020-01-30,2020013001018552,AKPL,18,4,200,125.00,"25,000.00"
2020-01-30,2020013001018551,AKPL,49,4,"1,000",125.00,"125,000.00"
2020-01-30,2020013001018550,AKPL,19,4,57,125.00,"7,125.00"
2020-01-30,2020013001018548,AKPL,19,45,20,125.00,"2,500.00"
2020-01-30,2020013001018756,ALBSL,39,29,160,739.00,"118,240.00"
2020-01-30,2020013001018707,ALBSL,39,47,30,738.00,"22,140.00"
2020-01-30,2020013001018563,ALBSL,39,44,100,732.00,"73,200.00"
2020-01-30,2020013001018377,ALBSL,52,59,10,733.00,"7,330.00"
2020-01-30,2020013001018432,ALBSL,59,52,150,731.00,"109,650.00"
2020-01-30,2020013001018431,ALBSL,48,52,100,732.00,"73,200.00"
2020-01-30,2020013001018430,ALBSL,39,52,170,732.00,"124,440.00"
2020-01-30,2020013001018429,ALBSL,52,52,80,733.00,"58,640.00"
2020-01-30,2020013001018498,ALBSL,39,17,10,732.00,"7,320.00"
2020-01-30,2020013001018731,ALICL,28,44,320,569.00,"182,080.00"
2020-01-30,2020013001018730,ALICL,28,49,250,569.00,"142,250.00"
2020-01-30,2020013001018729,ALICL,28,49,250,569.00,"142,250.00"
2020-01-30,2020013001018728,ALICL,28,49,250,569.00,"142,250.00"
2020-01-30,2020013001018727,ALICL,28,49,130,569.00,"73,970.00"
2020-01-30,2020013001018726,ALICL,28,22,300,568.00,"170,400.00"
2020-01-30,2020013001018494,ALICL,56,17,500,565.00,"282,500.00"
2020-01-30,2020013001018725,ALICL,28,54,500,565.00,"282,500.00"
2020-01-30,2020013001018616,ALICL,50,49,120,569.00,"68,280.00"
2020-01-30,2020013001018615,ALICL,50,38,480,569.00,"273,120.00"
2020-01-30,2020013001018597,ALICL,37,38,10,569.00,"5,690.00"
2020-01-30,2020013001018584,ALICL,37,38,10,569.00,"5,690.00"
2020-01-30,2020013001018534,ALICL,50,17,400,565.00,"226,000.00"
2020-01-30,2020013001018420,API,53,57,200,119.00,"23,800.00"
2020-01-30,2020013001018523,BFC,35,21,232,100.00,"23,200.00"
2020-01-30,2020013001018522,BFC,35,29,283,100.00,"28,300.00"
2020-01-30,2020013001018521,BFC,35,59,485,99.00,"48,015.00"
2020-01-30,2020013001018816,BOKL,41,33,96,230.00,"22,080.00"
2020-01-30,2020013001018815,BOKL,34,33,904,230.00,"207,920.00"
2020-01-30,2020013001018765,BOKL,34,53,200,230.00,"46,000.00"
2020-01-30,2020013001018613,BPCL,21,16,17,322.00,"5,474.00"
2020-01-30,2020013001018520,CBBL,33,18,328,983.00,"322,424.00"
2020-01-30,2020013001018519,CBBL,25,18,30,983.00,"29,490.00"
2020-01-30,2020013001018507,CBBL,25,16,20,983.00,"19,660.00"
2020-01-30,2020013001018409,CBBL,25,7,50,984.00,"49,200.00"
2020-01-30,2020013001018408,CBBL,25,7,50,984.00,"49,200.00"
2020-01-30,2020013001018436,CBBL,26,4,420,986.00,"414,120.00"
2020-01-30,2020013001018435,CBBL,26,21,100,985.00,"98,500.00"
2020-01-30,2020013001018434,CBBL,26,7,90,985.00,"88,650.00"
2020-01-30,2020013001018861,CBL,54,37,500,147.00,"73,500.00"
2020-01-30,2020013001018820,CBL,45,39,20,148.00,"2,960.00"
2020-01-30,2020013001018471,CBL,34,42,441,147.00,"64,827.00"
2020-01-30,2020013001018470,CBL,34,29,"1,010",147.00,"148,470.00"
2020-01-30,2020013001018469,CBL,34,45,200,147.00,"29,400.00"
2020-01-30,2020013001018468,CBL,34,6,200,147.00,"29,400.00"
2020-01-30,2020013001018467,CBL,34,4,"1,799",147.00,"264,453.00"
2020-01-30,2020013001018466,CBL,34,33,"23,888",147.00,"3,511,536.00"
2020-01-30,2020013001018465,CBL,34,47,"2,900",147.00,"426,300.00"
2020-01-30,2020013001018739,CCBL,1,45,150,187.00,"28,050.00"
2020-01-30,2020013001018733,CCBL,34,41,60,186.00,"11,160.00"
2020-01-30,2020013001018641,CCBL,33,45,200,187.00,"37,400.00"
2020-01-30,2020013001018394,CCBL,34,53,"1,000",186.00,"186,000.00"
2020-01-30,2020013001018393,CCBL,34,38,"1,000",186.00,"186,000.00"
2020-01-30,2020013001018392,CCBL,34,4,737,186.00,"137,082.00"
2020-01-30,2020013001018842,CIT,55,13,94,"2,328.00","218,832.00"
2020-01-30,2020013001018841,CIT,17,13,20,"2,330.00","46,600.00"
2020-01-30,2020013001018840,CIT,45,13,60,"2,334.00","140,040.00"
2020-01-30,2020013001018839,CIT,17,13,26,"2,335.00","60,710.00"
2020-01-30,2020013001018567,CIT,17,46,34,"2,335.00","79,390.00"
2020-01-30,2020013001018788,CLBSL,16,11,12,932.00,"11,184.00"
2020-01-30,2020013001018832,DDBL,20,44,100,860.00,"86,000.00"
2020-01-30,2020013001018703,DDBL,36,44,50,860.00,"43,000.00"
2020-01-30,2020013001018702,DDBL,20,44,50,860.00,"43,000.00"
2020-01-30,2020013001018701,DDBL,59,44,100,860.00,"86,000.00"
2020-01-30,2020013001018487,DDBL,52,33,50,860.00,"43,000.00"
2020-01-30,2020013001018486,DDBL,59,33,100,861.00,"86,100.00"
2020-01-30,2020013001018418,DDBL,25,16,75,862.00,"64,650.00"
2020-01-30,2020013001018417,DDBL,47,16,10,862.00,"8,620.00"
2020-01-30,2020013001018384,DDBL,5,34,50,869.00,"43,450.00"
2020-01-30,2020013001018823,EBL,1,38,135,632.00,"85,320.00"
2020-01-30,2020013001018822,EBL,1,49,50,632.00,"31,600.00"
2020-01-30,2020013001018821,EBL,1,28,15,632.00,"9,480.00"
2020-01-30,2020013001018736,EBL,37,28,10,632.00,"6,320.00"
2020-01-30,2020013001018514,EBL,33,55,90,630.00,"56,700.00"
2020-01-30,2020013001018453,EIC,38,45,50,418.00,"20,900.00"
2020-01-30,2020013001018443,EIC,42,17,20,418.00,"8,360.00"
2020-01-30,2020013001018811,FMDBL,51,5,10,459.00,"4,590.00"
2020-01-30,2020013001018810,FMDBL,58,5,100,459.00,"45,900.00"
2020-01-30,2020013001018809,FMDBL,10,5,200,459.00,"91,800.00"
2020-01-30,2020013001018808,FMDBL,40,5,158,459.00,"72,522.00"
2020-01-30,2020013001018747,FMDBL,55,57,50,460.00,"23,000.00"
2020-01-30,2020013001018708,FMDBL,1,18,99,460.00,"45,540.00"
2020-01-30,2020013001018439,FMDBL,56,18,100,461.00,"46,100.00"
2020-01-30,2020013001018438,FMDBL,45,18,51,461.00,"23,511.00"
2020-01-30,2020013001018378,FMDBL,45,35,34,461.00,"15,674.00"
2020-01-30,2020013001018618,FMDBL,40,8,300,459.00,"137,700.00"
2020-01-30,2020013001018475,FMDBL,40,49,42,459.00,"19,278.00"
2020-01-30,2020013001018474,FMDBL,38,49,75,459.00,"34,425.00"
2020-01-30,2020013001018442,FMDBL,58,18,100,460.00,"46,000.00"
2020-01-30,2020013001018441,FMDBL,51,18,100,460.00,"46,000.00"
2020-01-30,2020013001018440,FMDBL,46,18,50,460.00,"23,000.00"
2020-01-30,2020013001018864,FOWAD,58,45,10,"1,359.00","13,590.00"
2020-01-30,2020013001018774,FOWAD,38,45,40,"1,370.00","54,800.00"
2020-01-30,2020013001018716,FOWAD,29,45,10,"1,371.00","13,710.00"
2020-01-30,2020013001018416,GBBL,25,56,129,232.00,"29,928.00"
2020-01-30,2020013001018415,GBBL,35,56,421,232.00,"97,672.00"
2020-01-30,2020013001018554,GBIME,41,46,300,289.00,"86,700.00"
2020-01-30,2020013001018493,GBIME,38,46,50,289.00,"14,450.00"
2020-01-30,2020013001018395,GBIME,49,46,500,289.00,"144,500.00"
2020-01-30,2020013001018858,GBLBS,50,6,400,457.00,"182,800.00"
2020-01-30,2020013001018846,GBLBS,34,26,34,454.00,"15,436.00"
2020-01-30,2020013001018845,GBLBS,17,26,66,455.00,"30,030.00"
2020-01-30,2020013001018679,GBLBS,17,58,34,455.00,"15,470.00"
2020-01-30,2020013001018580,GBLBS,34,19,15,454.00,"6,810.00"
2020-01-30,2020013001018477,GBLBS,34,58,500,455.00,"227,500.00"
2020-01-30,2020013001018476,GBLBS,44,58,966,455.00,"439,530.00"
2020-01-30,2020013001018462,GBLBS,44,3,200,455.00,"91,000.00"
2020-01-30,2020013001018650,GILB,26,28,50,"1,343.00","67,150.00"
2020-01-30,2020013001018649,GILB,21,28,50,"1,344.00","67,200.00"
2020-01-30,2020013001018661,GLBSL,6,34,20,702.00,"14,040.00"
2020-01-30,2020013001018604,GLBSL,1,38,100,706.00,"70,600.00"
2020-01-30,2020013001018603,GLBSL,22,38,100,706.00,"70,600.00"
2020-01-30,2020013001018602,GLBSL,58,38,100,707.00,"70,700.00"
2020-01-30,2020013001018601,GLBSL,54,38,15,708.00,"10,620.00"
2020-01-30,2020013001018589,GLBSL,54,7,105,708.00,"74,340.00"
2020-01-30,2020013001018495,GLBSL,54,36,10,708.00,"7,080.00"
2020-01-30,2020013001018692,GLICL,39,35,468,727.00,"340,236.00"
2020-01-30,2020013001018691,GLICL,28,35,32,727.00,"23,264.00"
2020-01-30,2020013001018662,GLICL,19,45,99,730.00,"72,270.00"
2020-01-30,2020013001018640,GLICL,19,26,101,730.00,"73,730.00"
2020-01-30,2020013001018639,GLICL,22,26,10,730.00,"7,300.00"
2020-01-30,2020013001018638,GLICL,58,26,889,730.00,"648,970.00"
2020-01-30,2020013001018637,GLICL,38,26,500,731.00,"365,500.00"
2020-01-30,2020013001018636,GLICL,7,26,100,732.00,"73,200.00"
2020-01-30,2020013001018407,GRDBL,35,59,544,111.00,"60,384.00"
2020-01-30,2020013001018779,HDL,59,33,200,"1,215.00","243,000.00"
2020-01-30,2020013001018412,HDL,32,58,160,"1,214.00","194,240.00"
2020-01-30,2020013001018411,HDL,39,58,110,"1,214.00","133,540.00"
2020-01-30,2020013001018398,HDL,39,57,90,"1,214.00","109,260.00"
2020-01-30,2020013001018397,HDL,13,57,10,"1,214.00","12,140.00"
2020-01-30,2020013001018863,HGI,49,38,39,416.00,"16,224.00"
2020-01-30,2020013001018625,HGI,49,41,160,416.00,"66,560.00"
2020-01-30,2020013001018624,HGI,14,41,200,416.00,"83,200.00"
2020-01-30,2020013001018623,HGI,6,41,140,417.00,"58,380.00"
2020-01-30,2020013001018516,HGI,6,11,60,417.00,"25,020.00"
2020-01-30,2020013001018515,HGI,40,11,190,417.00,"79,230.00"
2020-01-30,2020013001018513,HGI,6,45,90,418.00,"37,620.00"
2020-01-30,2020013001018450,HGI,6,11,250,420.00,"105,000.00"
2020-01-30,2020013001018396,HIDCL,25,41,10,138.00,"1,380.00"
2020-01-30,2020013001018627,HURJA,39,19,20,106.00,"2,120.00"
2020-01-30,2020013001018767,IGI,36,17,20,448.00,"8,960.00"
2020-01-30,2020013001018680,JOSHI,6,19,20,63.00,"1,260.00"
2020-01-30,2020013001018541,JSLBB,44,8,100,"1,515.00","151,500.00"
2020-01-30,2020013001018666,KADBL,4,16,450,267.00,"120,150.00"
2020-01-30,2020013001018665,KADBL,4,4,50,266.00,"13,300.00"
2020-01-30,2020013001018664,KADBL,4,14,500,266.00,"133,000.00"
2020-01-30,2020013001018663,KADBL,4,4,"1,000",265.00,"265,000.00"
2020-01-30,2020013001018848,KBL,25,4,10,196.00,"1,960.00"
2020-01-30,2020013001018847,KBL,25,16,769,195.00,"149,955.00"
2020-01-30,2020013001018748,KBL,34,16,300,195.00,"58,500.00"
2020-01-30,2020013001018735,KBL,40,16,450,195.00,"87,750.00"
2020-01-30,2020013001018715,KBL,40,14,50,195.00,"9,750.00"
2020-01-30,2020013001018714,KBL,40,14,150,195.00,"29,250.00"
2020-01-30,2020013001018789,KPCL,36,19,10,87.00,870.00
2020-01-30,2020013001018850,KSBBL,52,14,"1,000",154.00,"154,000.00"
2020-01-30,2020013001018849,KSBBL,37,14,45,154.00,"6,930.00"
2020-01-30,2020013001018424,LBBL,40,34,650,192.00,"124,800.00"
2020-01-30,2020013001018862,LGIL,28,25,50,482.00,"24,100.00"
2020-01-30,2020013001018814,LGIL,28,14,315,482.00,"151,830.00"
2020-01-30,2020013001018813,LGIL,28,44,100,482.00,"48,200.00"
2020-01-30,2020013001018787,LGIL,28,58,50,480.00,"24,000.00"
2020-01-30,2020013001018786,LGIL,28,45,100,480.00,"48,000.00"
2020-01-30,2020013001018785,LGIL,28,38,462,480.00,"221,760.00"
2020-01-30,2020013001018445,LGIL,45,38,20,476.00,"9,520.00"
2020-01-30,2020013001018391,LGIL,45,17,80,476.00,"38,080.00"
2020-01-30,2020013001018390,LGIL,43,17,120,476.00,"57,120.00"
2020-01-30,2020013001018784,LGIL,28,51,200,479.00,"95,800.00"
2020-01-30,2020013001018783,LGIL,28,38,20,479.00,"9,580.00"
2020-01-30,2020013001018782,LGIL,28,16,50,478.00,"23,900.00"
2020-01-30,2020013001018781,LGIL,28,34,500,477.00,"238,500.00"
2020-01-30,2020013001018780,LGIL,28,38,100,476.00,"47,600.00"
2020-01-30,2020013001018446,LGIL,10,38,100,475.00,"47,500.00"
2020-01-30,2020013001018766,MDB,32,33,200,306.00,"61,200.00"
2020-01-30,2020013001018547,MDB,8,41,10,304.00,"3,040.00"
2020-01-30,2020013001018461,MDB,42,46,100,307.00,"30,700.00"
2020-01-30,2020013001018460,MDB,42,49,"2,000",307.00,"614,000.00"
2020-01-30,2020013001018459,MDB,42,1,100,306.00,"30,600.00"
2020-01-30,2020013001018738,MEGA,14,41,10,198.00,"1,980.00"
2020-01-30,2020013001018706,MEGA,14,38,264,198.00,"52,272.00"
2020-01-30,2020013001018705,MEGA,51,38,262,198.00,"51,876.00"
2020-01-30,2020013001018555,MEGA,51,18,70,198.00,"13,860.00"
2020-01-30,2020013001018856,MERO,39,22,100,704.00,"70,400.00"
2020-01-30,2020013001018855,MERO,43,22,10,704.00,"7,040.00"
2020-01-30,2020013001018614,MERO,43,18,13,703.00,"9,139.00"
2020-01-30,2020013001018478,MERO,57,18,85,702.00,"59,670.00"
2020-01-30,2020013001018713,MFIL,21,8,501,194.00,"97,194.00"
2020-01-30,2020013001018587,MFIL,34,8,758,193.00,"146,294.00"
2020-01-30,2020013001018586,MFIL,32,8,492,193.00,"94,956.00"
2020-01-30,2020013001018546,MLBBL,48,47,100,729.00,"72,900.00"
2020-01-30,2020013001018540,MLBL,51,51,200,206.00,"41,200.00"
2020-01-30,2020013001018573,MNBBL,10,4,100,322.00,"32,200.00"
2020-01-30,2020013001018572,MNBBL,22,4,100,322.00,"32,200.00"
2020-01-30,2020013001018571,MNBBL,39,4,500,322.00,"161,000.00"
2020-01-30,2020013001018570,MNBBL,53,4,100,322.00,"32,200.00"
2020-01-30,2020013001018569,MNBBL,49,4,228,322.00,"73,416.00"
2020-01-30,2020013001018455,MNBBL,32,42,30,323.00,"9,690.00"
2020-01-30,2020013001018622,MSMBS,57,25,40,770.00,"30,800.00"
2020-01-30,2020013001018741,NABIL,48,44,48,736.00,"35,328.00"
2020-01-30,2020013001018740,NABIL,48,16,110,732.00,"80,520.00"
2020-01-30,2020013001018660,NABIL,6,16,700,732.00,"512,400.00"
2020-01-30,2020013001018659,NABIL,25,16,100,732.00,"73,200.00"
2020-01-30,2020013001018658,NABIL,54,16,75,736.00,"55,200.00"
2020-01-30,2020013001018831,NADEP,59,39,10,721.00,"7,210.00"
2020-01-30,2020013001018830,NADEP,46,39,200,721.00,"144,200.00"
2020-01-30,2020013001018829,NADEP,55,39,90,721.00,"64,890.00"
2020-01-30,2020013001018828,NADEP,44,39,200,722.00,"144,400.00"
2020-01-30,2020013001018490,NADEP,17,58,324,722.00,"233,928.00"
2020-01-30,2020013001018489,NADEP,50,58,20,723.00,"14,460.00"
2020-01-30,2020013001018406,NADEP,14,16,50,724.00,"36,200.00"
2020-01-30,2020013001018405,NADEP,42,16,119,724.00,"86,156.00"
2020-01-30,2020013001018630,NADEP,16,56,94,722.00,"67,868.00"
2020-01-30,2020013001018629,NADEP,46,56,100,723.00,"72,300.00"
2020-01-30,2020013001018628,NADEP,38,56,500,723.00,"361,500.00"
2020-01-30,2020013001018532,NADEP,16,44,100,722.00,"72,200.00"
2020-01-30,2020013001018492,NADEP,16,58,106,722.00,"76,532.00"
2020-01-30,2020013001018491,NADEP,37,58,50,722.00,"36,100.00"
2020-01-30,2020013001018657,NADEP,55,13,10,721.00,"7,210.00"
2020-01-30,2020013001018656,NADEP,51,13,75,721.00,"54,075.00"
2020-01-30,2020013001018633,NADEP,51,56,75,722.00,"54,150.00"
2020-01-30,2020013001018632,NADEP,49,56,30,722.00,"21,660.00"
2020-01-30,2020013001018631,NADEP,42,56,200,722.00,"144,400.00"
2020-01-30,2020013001018827,NADEP,54,39,100,722.00,"72,200.00"
2020-01-30,2020013001018826,NADEP,49,39,100,722.00,"72,200.00"
2020-01-30,2020013001018753,NADEP,49,7,100,722.00,"72,200.00"
2020-01-30,2020013001018752,NADEP,54,7,100,722.00,"72,200.00"
2020-01-30,2020013001018644,NBB,55,34,88,203.00,"17,864.00"
2020-01-30,2020013001018643,NBB,22,34,12,204.00,"2,448.00"
2020-01-30,2020013001018593,NBB,22,16,"1,988",204.00,"405,552.00"
2020-01-30,2020013001018592,NBB,25,16,"1,000",204.00,"204,000.00"
2020-01-30,2020013001018591,NBB,10,16,100,204.00,"20,400.00"
2020-01-30,2020013001018590,NBB,13,16,239,205.00,"48,995.00"
2020-01-30,2020013001018579,NBB,50,51,26,206.00,"5,356.00"
2020-01-30,2020013001018578,NBB,50,16,500,206.00,"103,000.00"
2020-01-30,2020013001018577,NBB,50,21,150,206.00,"30,900.00"
2020-01-30,2020013001018576,NBB,50,21,324,206.00,"66,744.00"
2020-01-30,2020013001018427,NBB,51,21,176,206.00,"36,256.00"
2020-01-30,2020013001018711,NBL,33,34,100,271.00,"27,100.00"
2020-01-30,2020013001018594,NBL,33,47,"3,000",271.00,"813,000.00"
2020-01-30,2020013001018437,NBL,37,48,30,273.00,"8,190.00"
2020-01-30,2020013001018419,NBL,42,48,100,273.00,"27,300.00"
2020-01-30,2020013001018646,NCCB,44,47,163,200.00,"32,600.00"
2020-01-30,2020013001018531,NCCB,44,41,200,200.00,"40,000.00"
2020-01-30,2020013001018530,NCCB,44,45,510,200.00,"102,000.00"
2020-01-30,2020013001018529,NCCB,44,45,200,200.00,"40,000.00"
2020-01-30,2020013001018528,NCCB,44,33,"1,500",200.00,"300,000.00"
2020-01-30,2020013001018527,NCCB,44,58,"1,078",200.00,"215,600.00"
2020-01-30,2020013001018526,NCCB,44,52,100,200.00,"20,000.00"
2020-01-30,2020013001018525,NCCB,44,45,90,200.00,"18,000.00"
2020-01-30,2020013001018524,NCCB,44,47,159,199.00,"31,641.00"
2020-01-30,2020013001018425,NCCB,28,47,341,199.00,"67,859.00"
2020-01-30,2020013001018414,NCCB,28,45,500,199.00,"99,500.00"
2020-01-30,2020013001018379,NCCB,28,40,159,199.00,"31,641.00"
2020-01-30,2020013001018824,NIB,18,44,14,394.00,"5,516.00"
2020-01-30,2020013001018683,NIB,25,43,10,395.00,"3,950.00"
2020-01-30,2020013001018682,NIB,25,14,30,394.00,"11,820.00"
2020-01-30,2020013001018681,NIB,25,14,108,392.00,"42,336.00"
2020-01-30,2020013001018544,NIB,57,3,69,391.00,"26,979.00"
2020-01-30,2020013001018543,NIB,26,3,61,391.00,"23,851.00"
2020-01-30,2020013001018488,NIB,14,14,92,392.00,"36,064.00"
2020-01-30,2020013001018802,NICA,58,39,300,478.00,"143,400.00"
2020-01-30,2020013001018801,NICA,28,39,200,478.00,"95,600.00"
2020-01-30,2020013001018800,NICA,57,39,"1,000",480.00,"480,000.00"
2020-01-30,2020013001018759,NICA,34,25,"1,246",480.00,"598,080.00"
2020-01-30,2020013001018710,NICA,34,16,188,480.00,"90,240.00"
2020-01-30,2020013001018709,NICA,34,58,566,480.00,"271,680.00"
2020-01-30,2020013001018533,NICA,50,54,491,478.00,"234,698.00"
2020-01-30,2020013001018689,NICA,36,39,980,479.00,"469,420.00"
2020-01-30,2020013001018671,NICA,34,58,"1,106",480.00,"530,880.00"
2020-01-30,2020013001018670,NICA,34,57,400,480.00,"192,000.00"
2020-01-30,2020013001018669,NICA,34,25,400,480.00,"192,000.00"
2020-01-30,2020013001018668,NICA,34,49,94,480.00,"45,120.00"
2020-01-30,2020013001018574,NICA,36,28,20,479.00,"9,580.00"
2020-01-30,2020013001018751,NICL,45,39,500,417.00,"208,500.00"
2020-01-30,2020013001018556,NICL,35,7,10,415.00,"4,150.00"
2020-01-30,2020013001018501,NICL,56,7,100,415.00,"41,500.00"
2020-01-30,2020013001018399,NICL,35,58,20,420.00,"8,400.00"
2020-01-30,2020013001018426,NICL,44,40,800,417.00,"333,600.00"
2020-01-30,2020013001018402,NICL,44,58,650,417.00,"271,050.00"
2020-01-30,2020013001018401,NICL,48,58,100,417.00,"41,700.00"
2020-01-30,2020013001018400,NICL,59,58,730,418.00,"305,140.00"
2020-01-30,2020013001018500,NICL,56,7,100,415.00,"41,500.00"
2020-01-30,2020013001018499,NICL,22,7,188,416.00,"78,208.00"
2020-01-30,2020013001018454,NICL,44,39,550,417.00,"229,350.00"
2020-01-30,2020013001018854,NIL,44,16,30,510.00,"15,300.00"
2020-01-30,2020013001018853,NIL,49,16,50,510.00,"25,500.00"
2020-01-30,2020013001018852,NIL,45,16,200,510.00,"102,000.00"
2020-01-30,2020013001018851,NIL,50,16,520,511.00,"265,720.00"
2020-01-30,2020013001018503,NIL,50,38,250,511.00,"127,750.00"
2020-01-30,2020013001018449,NIL,11,21,79,514.00,"40,606.00"
2020-01-30,2020013001018806,NLBBL,25,26,90,803.00,"72,270.00"
2020-01-30,2020013001018764,NLBBL,38,41,70,806.00,"56,420.00"
2020-01-30,2020013001018688,NLBBL,49,49,840,805.00,"676,200.00"
2020-01-30,2020013001018648,NLBBL,25,22,60,803.00,"48,180.00"
2020-01-30,2020013001018645,NLBBL,25,55,100,803.00,"80,300.00"
2020-01-30,2020013001018803,NLG,25,26,300,847.00,"254,100.00"
2020-01-30,2020013001018724,NLG,51,26,65,847.00,"55,055.00"
2020-01-30,2020013001018819,NLIC,57,46,190,"1,128.00","214,320.00"
2020-01-30,2020013001018818,NLIC,54,46,50,"1,128.00","56,400.00"
2020-01-30,2020013001018817,NLIC,20,46,60,"1,129.00","67,740.00"
2020-01-30,2020013001018804,NLIC,57,51,10,"1,130.00","11,300.00"
2020-01-30,2020013001018777,NLIC,20,19,40,"1,129.00","45,160.00"
2020-01-30,2020013001018700,NLIC,48,51,20,"1,130.00","22,600.00"
2020-01-30,2020013001018693,NLIC,53,51,54,"1,133.00","61,182.00"
2020-01-30,2020013001018667,NLIC,38,45,100,"1,136.00","113,600.00"
2020-01-30,2020013001018610,NLIC,38,51,50,"1,135.00","56,750.00"
2020-01-30,2020013001018609,NLIC,38,34,100,"1,135.00","113,500.00"
2020-01-30,2020013001018608,NLIC,38,51,100,"1,134.00","113,400.00"
2020-01-30,2020013001018699,NLIC,56,51,100,"1,130.00","113,000.00"
2020-01-30,2020013001018698,NLIC,43,51,50,"1,130.00","56,500.00"
2020-01-30,2020013001018697,NLIC,51,51,82,"1,130.00","92,660.00"
2020-01-30,2020013001018696,NLIC,50,51,100,"1,131.00","113,100.00"
2020-01-30,2020013001018695,NLIC,57,51,20,"1,131.00","22,620.00"
2020-01-30,2020013001018694,NLIC,52,51,50,"1,132.00","56,600.00"
2020-01-30,2020013001018799,NLICL,37,4,100,665.00,"66,500.00"
2020-01-30,2020013001018798,NLICL,41,4,100,665.00,"66,500.00"
2020-01-30,2020013001018797,NLICL,41,4,100,665.00,"66,500.00"
2020-01-30,2020013001018796,NLICL,45,4,100,665.00,"66,500.00"
2020-01-30,2020013001018795,NLICL,35,4,200,665.00,"133,000.00"
2020-01-30,2020013001018794,NLICL,40,4,50,666.00,"33,300.00"
2020-01-30,2020013001018375,NLICL,42,41,100,670.00,"67,000.00"
2020-01-30,2020013001018793,NLICL,40,4,400,666.00,"266,400.00"
2020-01-30,2020013001018792,NLICL,44,4,94,666.00,"62,604.00"
2020-01-30,2020013001018791,NLICL,46,4,200,667.00,"133,400.00"
2020-01-30,2020013001018635,NLICL,14,40,50,670.00,"33,500.00"
2020-01-30,2020013001018634,NLICL,14,44,50,670.00,"33,500.00"
2020-01-30,2020013001018472,NLICL,44,42,56,666.00,"37,296.00"
2020-01-30,2020013001018749,NMB,41,52,70,364.00,"25,480.00"
2020-01-30,2020013001018790,NMBMF,46,58,99,931.00,"92,169.00"
2020-01-30,2020013001018835,NMFBS,7,17,48,"1,627.00","78,096.00"
2020-01-30,2020013001018834,NMFBS,48,17,15,"1,627.00","24,405.00"
2020-01-30,2020013001018771,NMFBS,52,17,200,"1,628.00","325,600.00"
2020-01-30,2020013001018770,NMFBS,33,17,100,"1,629.00","162,900.00"
2020-01-30,2020013001018769,NMFBS,48,17,15,"1,630.00","24,450.00"
2020-01-30,2020013001018750,NNLB,19,44,75,716.00,"53,700.00"
2020-01-30,2020013001018723,NNLB,38,44,300,720.00,"216,000.00"
2020-01-30,2020013001018722,NNLB,7,44,100,721.00,"72,100.00"
2020-01-30,2020013001018721,NNLB,48,44,40,721.00,"28,840.00"
2020-01-30,2020013001018720,NNLB,38,44,20,722.00,"14,440.00"
2020-01-30,2020013001018719,NNLB,25,44,10,725.00,"7,250.00"
2020-01-30,2020013001018718,NNLB,42,44,15,725.00,"10,875.00"
2020-01-30,2020013001018690,NTC,21,17,50,621.00,"31,050.00"
2020-01-30,2020013001018866,NUBL,38,45,10,985.00,"9,850.00"
2020-01-30,2020013001018865,NUBL,38,5,18,982.00,"17,676.00"
2020-01-30,2020013001018617,NUBL,38,5,32,982.00,"31,424.00"
2020-01-30,2020013001018598,NUBL,38,35,18,982.00,"17,676.00"
2020-01-30,2020013001018463,NUBL,42,35,70,985.00,"68,950.00"
2020-01-30,2020013001018447,NUBL,42,5,100,985.00,"98,500.00"
2020-01-30,2020013001018389,NUBL,42,5,130,985.00,"128,050.00"
2020-01-30,2020013001018388,NUBL,35,5,100,985.00,"98,500.00"
2020-01-30,2020013001018387,NUBL,50,5,70,989.00,"69,230.00"
2020-01-30,2020013001018844,PFL,32,19,11,158.00,"1,738.00"
2020-01-30,2020013001018843,PFL,42,19,11,158.00,"1,738.00"
2020-01-30,2020013001018857,PIC,34,5,150,562.00,"84,300.00"
2020-01-30,2020013001018805,PIC,3,3,39,569.00,"22,191.00"
2020-01-30,2020013001018620,PIC,41,39,200,570.00,"114,000.00"
2020-01-30,2020013001018619,PIC,41,8,500,569.00,"284,500.00"
2020-01-30,2020013001018605,PIC,34,44,50,562.00,"28,100.00"
2020-01-30,2020013001018568,PIC,58,16,62,564.00,"34,968.00"
2020-01-30,2020013001018506,PIC,7,26,200,565.00,"113,000.00"
2020-01-30,2020013001018678,PLIC,21,52,15,577.00,"8,655.00"
2020-01-30,2020013001018677,PLIC,21,49,85,577.00,"49,045.00"
2020-01-30,2020013001018583,PLIC,22,14,300,571.00,"171,300.00"
2020-01-30,2020013001018518,PLIC,56,49,455,572.00,"260,260.00"
2020-01-30,2020013001018480,PLIC,51,49,300,572.00,"171,600.00"
2020-01-30,2020013001018479,PLIC,40,49,245,573.00,"140,385.00"
2020-01-30,2020013001018754,PMHPL,36,18,10,86.00,860.00
2020-01-30,2020013001018704,PPCL,6,55,10,123.00,"1,230.00"
2020-01-30,2020013001018737,PRIN,43,56,100,433.00,"43,300.00"
2020-01-30,2020013001018510,PRIN,58,41,200,435.00,"87,000.00"
2020-01-30,2020013001018433,PRIN,58,26,800,435.00,"348,000.00"
2020-01-30,2020013001018380,PRIN,17,49,600,436.00,"261,600.00"
2020-01-30,2020013001018860,PRVU,49,21,10,262.00,"2,620.00"
2020-01-30,2020013001018838,PRVU,34,53,200,261.00,"52,200.00"
2020-01-30,2020013001018734,PRVU,14,13,117,261.00,"30,537.00"
2020-01-30,2020013001018732,PRVU,28,21,15,262.00,"3,930.00"
2020-01-30,2020013001018684,PRVU,14,38,100,261.00,"26,100.00"
2020-01-30,2020013001018676,PRVU,28,21,12,262.00,"3,144.00"
2020-01-30,2020013001018383,PRVU,4,56,151,260.00,"39,260.00"
2020-01-30,2020013001018382,PRVU,55,56,49,260.00,"12,740.00"
2020-01-30,2020013001018651,PRVU,14,43,983,261.00,"256,563.00"
2020-01-30,2020013001018621,PRVU,4,32,100,260.00,"26,000.00"
2020-01-30,2020013001018512,PRVU,39,43,200,260.00,"52,000.00"
2020-01-30,2020013001018511,PRVU,4,43,799,260.00,"207,740.00"
2020-01-30,2020013001018482,PRVU,4,43,"1,000",260.00,"260,000.00"
2020-01-30,2020013001018386,PRVU,4,4,50,260.00,"13,000.00"
2020-01-30,2020013001018675,PRVU,10,21,300,262.00,"78,600.00"
2020-01-30,2020013001018674,PRVU,10,32,500,262.00,"131,000.00"
2020-01-30,2020013001018655,PRVU,14,49,500,261.00,"130,500.00"
2020-01-30,2020013001018654,PRVU,14,32,100,261.00,"26,100.00"
2020-01-30,2020013001018653,PRVU,14,47,200,261.00,"52,200.00"
2020-01-30,2020013001018652,PRVU,14,43,"1,000",261.00,"261,000.00"
2020-01-30,2020013001018485,RBCL,19,58,20,"9,050.00","181,000.00"
2020-01-30,2020013001018484,RBCL,54,58,30,"9,050.00","271,500.00"
2020-01-30,2020013001018483,RBCL,40,58,10,"9,051.00","90,510.00"
2020-01-30,2020013001018825,RHPL,43,38,30,166.00,"4,980.00"
2020-01-30,2020013001018562,RHPL,54,59,78,164.00,"12,792.00"
2020-01-30,2020013001018561,RHPL,45,59,890,164.00,"145,960.00"
2020-01-30,2020013001018560,RHPL,47,59,200,164.00,"32,800.00"
2020-01-30,2020013001018559,RHPL,52,59,50,165.00,"8,250.00"
2020-01-30,2020013001018558,RHPL,11,59,100,165.00,"16,500.00"
2020-01-30,2020013001018557,RHPL,25,59,182,165.00,"30,030.00"
2020-01-30,2020013001018428,RLFL,17,49,200,136.00,"27,200.00"
2020-01-30,2020013001018763,RMDC,17,53,200,677.00,"135,400.00"
2020-01-30,2020013001018762,RMDC,34,53,10,677.00,"6,770.00"
2020-01-30,2020013001018761,RMDC,35,53,30,678.00,"20,340.00"
2020-01-30,2020013001018760,RMDC,45,53,50,678.00,"33,900.00"
2020-01-30,2020013001018582,RMDC,49,21,30,681.00,"20,430.00"
2020-01-30,2020013001018422,RSDC,49,58,80,479.00,"38,320.00"
2020-01-30,2020013001018421,RSDC,49,49,350,479.00,"167,650.00"
2020-01-30,2020013001018872,SANIMA,19,17,90,347.00,"31,230.00"
2020-01-30,2020013001018871,SANIMA,18,17,12,348.00,"4,176.00"
2020-01-30,2020013001018870,SANIMA,56,17,164,348.00,"57,072.00"
2020-01-30,2020013001018807,SBI,36,48,500,415.00,"207,500.00"
2020-01-30,2020013001018509,SBI,25,14,20,417.00,"8,340.00"
2020-01-30,2020013001018508,SBI,25,37,100,416.00,"41,600.00"
2020-01-30,2020013001018612,SBL,21,50,"1,000",315.00,"315,000.00"
2020-01-30,2020013001018611,SBL,50,50,900,315.00,"283,500.00"
2020-01-30,2020013001018497,SBL,35,48,173,317.00,"54,841.00"
2020-01-30,2020013001018496,SBL,35,59,27,317.00,"8,559.00"
2020-01-30,2020013001018776,SCB,1,46,350,610.00,"213,500.00"
2020-01-30,2020013001018775,SCB,1,58,50,610.00,"30,500.00"
2020-01-30,2020013001018502,SHINE,16,33,371,260.00,"96,460.00"
2020-01-30,2020013001018458,SHINE,16,34,500,260.00,"130,000.00"
2020-01-30,2020013001018448,SHINE,16,33,850,260.00,"221,000.00"
2020-01-30,2020013001018874,SHIVM,7,5,50,525.00,"26,250.00"
2020-01-30,2020013001018873,SHIVM,7,33,220,525.00,"115,500.00"
2020-01-30,2020013001018758,SHIVM,41,47,50,523.00,"26,150.00"
2020-01-30,2020013001018585,SHIVM,47,44,50,525.00,"26,250.00"
2020-01-30,2020013001018423,SHIVM,41,36,100,528.00,"52,800.00"
2020-01-30,2020013001018410,SHIVM,41,29,50,527.00,"26,350.00"
2020-01-30,2020013001018381,SHIVM,7,56,480,527.00,"252,960.00"
2020-01-30,2020013001018549,SHIVM,47,1,50,525.00,"26,250.00"
2020-01-30,2020013001018539,SHIVM,41,45,50,527.00,"26,350.00"
2020-01-30,2020013001018859,SHL,50,35,200,205.00,"41,000.00"
2020-01-30,2020013001018404,SHL,10,14,100,208.00,"20,800.00"
2020-01-30,2020013001018626,SIC,34,56,10,726.00,"7,260.00"
2020-01-30,2020013001018376,SIC,34,39,20,712.00,"14,240.00"
2020-01-30,2020013001018538,SICL,26,58,200,"1,147.00","229,400.00"
2020-01-30,2020013001018537,SICL,25,58,20,"1,151.00","23,020.00"
2020-01-30,2020013001018536,SICL,7,58,50,"1,151.00","57,550.00"
2020-01-30,2020013001018535,SICL,38,58,97,"1,151.00","111,647.00"
2020-01-30,2020013001018473,SICL,38,8,30,"1,151.00","34,530.00"
2020-01-30,2020013001018456,SICL,6,16,10,"1,152.00","11,520.00"
2020-01-30,2020013001018575,SIL,25,45,20,570.00,"11,400.00"
2020-01-30,2020013001018542,SIL,25,49,115,562.00,"64,630.00"
2020-01-30,2020013001018517,SIL,25,49,"1,200",562.00,"674,400.00"
2020-01-30,2020013001018403,SIL,57,5,252,560.00,"141,120.00"
2020-01-30,2020013001018755,SJCL,29,34,150,157.00,"23,550.00"
2020-01-30,2020013001018717,SJCL,29,42,20,157.00,"3,140.00"
2020-01-30,2020013001018588,SJCL,29,38,20,157.00,"3,140.00"
2020-01-30,2020013001018687,SKBBL,47,4,405,987.00,"399,735.00"
2020-01-30,2020013001018686,SKBBL,47,16,190,986.00,"187,340.00"
2020-01-30,2020013001018685,SKBBL,47,4,205,980.00,"200,900.00"
2020-01-30,2020013001018457,SLBBL,25,45,500,847.00,"423,500.00"
2020-01-30,2020013001018444,SLBBL,32,45,100,850.00,"85,000.00"
2020-01-30,2020013001018385,SLBBL,25,58,100,847.00,"84,700.00"
2020-01-30,2020013001018452,SLBSL,46,56,10,819.00,"8,190.00"
2020-01-30,2020013001018451,SLBSL,1,56,80,820.00,"65,600.00"
2020-01-30,2020013001018778,SLICL,58,22,92,466.00,"42,872.00"
2020-01-30,2020013001018768,SLICL,58,52,108,466.00,"50,328.00"
2020-01-30,2020013001018746,SLICL,10,41,520,468.00,"243,360.00"
2020-01-30,2020013001018745,SLICL,10,17,100,468.00,"46,800.00"
2020-01-30,2020013001018744,SLICL,10,33,100,468.00,"46,800.00"
2020-01-30,2020013001018743,SLICL,10,45,200,468.00,"93,600.00"
2020-01-30,2020013001018742,SLICL,10,45,80,468.00,"37,440.00"
2020-01-30,2020013001018647,SLICL,53,45,100,468.00,"46,800.00"
2020-01-30,2020013001018581,SLICL,25,45,20,468.00,"9,360.00"
2020-01-30,2020013001018545,SMATA,25,42,10,820.00,"8,200.00"
2020-01-30,2020013001018673,SMFBS,25,58,10,"1,004.00","10,040.00"
2020-01-30,2020013001018606,SMFBS,48,58,90,"1,004.00","90,360.00"
2020-01-30,2020013001018837,SMFDB,42,34,18,769.00,"13,842.00"
2020-01-30,2020013001018836,SMFDB,33,34,30,770.00,"23,100.00"
2020-01-30,2020013001018712,SMFDB,25,45,10,774.00,"7,740.00"
2020-01-30,2020013001018757,SPARS,57,36,40,850.00,"34,000.00"
2020-01-30,2020013001018773,STC,49,51,200,"2,400.00","480,000.00"
2020-01-30,2020013001018772,STC,5,51,10,"2,402.00","24,020.00"
2020-01-30,2020013001018812,UIC,35,45,200,427.00,"85,400.00"
2020-01-30,2020013001018672,UIC,34,37,50,428.00,"21,400.00"
2020-01-30,2020013001018642,VLBS,22,21,10,972.00,"9,720.00"
2020-01-30,2020013001018566,VLBS,22,45,290,972.00,"281,880.00"
2020-01-30,2020013001018565,VLBS,35,45,100,972.00,"97,200.00"
2020-01-30,2020013001018564,VLBS,34,45,110,973.00,"107,030.00"
2020-01-30,2020013001018505,VLBS,34,35,90,973.00,"87,570.00"
2020-01-30,2020013001018504,VLBS,42,35,10,975.00,"9,750.00"
2020-01-30,2020013001018869,WOMI,34,57,46,991.00,"45,586.00"
2020-01-30,2020013001018868,WOMI,34,57,10,993.00,"9,930.00"
2020-01-30,2020013001018867,WOMI,32,57,10,995.00,"9,950.00"
2020-01-30,2020013001017920,AKPL,41,26,"1,000",126.00,"126,000.00"
2020-01-30,2020013001018332,ALBSL,28,25,50,736.00,"36,800.00"
2020-01-30,2020013001018283,ALBSL,43,29,199,735.00,"146,265.00"
2020-01-30,2020013001018282,ALBSL,53,29,101,735.00,"74,235.00"
2020-01-30,2020013001018231,ALBSL,53,5,80,735.00,"58,800.00"
2020-01-30,2020013001018230,ALBSL,51,5,10,735.00,"7,350.00"
2020-01-30,2020013001018229,ALBSL,14,5,10,735.00,"7,350.00"
2020-01-30,2020013001018195,ALBSL,53,52,19,733.00,"13,927.00"
2020-01-30,2020013001018337,ALICL,56,17,170,565.00,"96,050.00"
2020-01-30,2020013001018303,ALICL,35,16,100,560.00,"56,000.00"
2020-01-30,2020013001018280,ALICL,44,17,10,565.00,"5,650.00"
2020-01-30,2020013001018097,ALICL,35,21,300,560.00,"168,000.00"
2020-01-30,2020013001018085,ALICL,35,49,100,560.00,"56,000.00"
2020-01-30,2020013001017931,ALICL,35,16,500,562.00,"281,000.00"
2020-01-30,2020013001017930,API,25,57,14,119.00,"1,666.00"
2020-01-30,2020013001017934,CBBL,39,7,10,985.00,"9,850.00"
2020-01-30,2020013001017973,CBL,33,41,"1,000",146.00,"146,000.00"
2020-01-30,2020013001017972,CBL,33,37,42,146.00,"6,132.00"
2020-01-30,2020013001017944,CBL,57,16,900,145.00,"130,500.00"
2020-01-30,2020013001018296,CCBL,56,34,10,185.00,"1,850.00"
2020-01-30,2020013001018013,CCBL,56,16,50,185.00,"9,250.00"
2020-01-30,2020013001018012,CCBL,56,16,350,185.00,"64,750.00"
2020-01-30,2020013001017900,CCBL,56,4,150,185.00,"27,750.00"
2020-01-30,2020013001017899,CCBL,56,4,350,185.00,"64,750.00"
2020-01-30,2020013001017898,CCBL,14,4,500,185.00,"92,500.00"
2020-01-30,2020013001018313,CFCL,32,58,50,143.00,"7,150.00"
2020-01-30,2020013001018312,CFCL,32,22,28,143.00,"4,004.00"
2020-01-30,2020013001018311,CFCL,32,4,"1,130",143.00,"161,590.00"
2020-01-30,2020013001018318,CIT,19,46,50,"2,339.00","116,950.00"
2020-01-30,2020013001018249,CIT,1,36,17,"2,340.00","39,780.00"
2020-01-30,2020013001018358,CZBIL,22,14,100,195.00,"19,500.00"
2020-01-30,2020013001018011,CZBIL,34,13,"2,501",198.00,"495,198.00"
2020-01-30,2020013001018186,DDBL,45,35,200,864.00,"172,800.00"
2020-01-30,2020013001018185,DDBL,46,35,500,865.00,"432,500.00"
2020-01-30,2020013001018184,DDBL,1,35,12,865.00,"10,380.00"
2020-01-30,2020013001018183,DDBL,39,35,50,865.00,"43,250.00"
2020-01-30,2020013001018182,DDBL,57,35,50,865.00,"43,250.00"
2020-01-30,2020013001018181,DDBL,55,35,83,865.00,"71,795.00"
2020-01-30,2020013001018037,DDBL,55,33,300,865.00,"259,500.00"
2020-01-30,2020013001018036,DDBL,14,33,100,866.00,"86,600.00"
2020-01-30,2020013001018035,DDBL,25,33,100,866.00,"86,600.00"
2020-01-30,2020013001018034,DDBL,5,33,50,867.00,"43,350.00"
2020-01-30,2020013001017995,DDBL,20,6,200,868.00,"173,600.00"
2020-01-30,2020013001017994,DDBL,17,6,19,868.00,"16,492.00"
2020-01-30,2020013001018369,EBL,33,48,500,630.00,"315,000.00"
2020-01-30,2020013001018002,EBL,33,42,500,630.00,"315,000.00"
2020-01-30,2020013001018117,EDBL,20,59,"1,710",350.00,"598,500.00"
2020-01-30,2020013001018279,EIC,42,14,74,418.00,"30,932.00"
2020-01-30,2020013001018278,EIC,25,14,426,418.00,"178,068.00"
2020-01-30,2020013001018217,EIC,25,42,50,418.00,"20,900.00"
2020-01-30,2020013001018087,EIC,25,19,100,418.00,"41,800.00"
2020-01-30,2020013001018305,FMDBL,45,14,415,461.00,"191,315.00"
2020-01-30,2020013001018304,FMDBL,42,14,985,461.00,"454,085.00"
2020-01-30,2020013001018252,FMDBL,42,17,15,461.00,"6,915.00"
2020-01-30,2020013001018240,FMDBL,13,18,500,462.00,"231,000.00"
2020-01-30,2020013001018239,FMDBL,53,18,500,462.00,"231,000.00"
2020-01-30,2020013001018238,FMDBL,53,18,500,462.00,"231,000.00"
2020-01-30,2020013001018020,FMDBL,36,38,100,465.00,"46,500.00"
2020-01-30,2020013001017956,FMDBL,47,39,100,463.00,"46,300.00"
2020-01-30,2020013001017919,FMDBL,47,59,250,463.00,"115,750.00"
2020-01-30,2020013001017918,FMDBL,10,59,250,463.00,"115,750.00"
2020-01-30,2020013001017917,FMDBL,10,34,250,463.00,"115,750.00"
2020-01-30,2020013001017916,FMDBL,49,34,750,463.00,"347,250.00"
2020-01-30,2020013001018237,FMDBL,53,18,500,462.00,"231,000.00"
2020-01-30,2020013001018236,FMDBL,41,18,900,462.00,"415,800.00"
2020-01-30,2020013001018204,FMDBL,41,41,100,462.00,"46,200.00"
2020-01-30,2020013001018126,FMDBL,6,35,200,463.00,"92,600.00"
2020-01-30,2020013001018071,FMDBL,47,21,100,463.00,"46,300.00"
2020-01-30,2020013001018021,FMDBL,36,42,100,465.00,"46,500.00"
2020-01-30,2020013001018343,FOWAD,38,36,110,"1,370.00","150,700.00"
2020-01-30,2020013001018342,FOWAD,34,36,400,"1,370.00","548,000.00"
2020-01-30,2020013001018341,FOWAD,25,36,48,"1,371.00","65,808.00"
2020-01-30,2020013001018340,FOWAD,26,36,12,"1,371.00","16,452.00"
2020-01-30,2020013001018200,FOWAD,26,58,100,"1,371.00","137,100.00"
2020-01-30,2020013001017958,FOWAD,26,8,38,"1,371.00","52,098.00"
2020-01-30,2020013001018264,GBIME,34,56,125,288.00,"36,000.00"
2020-01-30,2020013001018263,GBIME,42,56,67,288.00,"19,296.00"
2020-01-30,2020013001018262,GBIME,48,56,26,288.00,"7,488.00"
2020-01-30,2020013001018232,GBIME,14,45,500,289.00,"144,500.00"
2020-01-30,2020013001018206,GBIME,48,56,474,288.00,"136,512.00"
2020-01-30,2020013001018205,GBIME,19,56,26,288.00,"7,488.00"
2020-01-30,2020013001017879,GBIME,19,5,90,289.00,"26,010.00"
2020-01-30,2020013001017878,GBIME,19,26,10,289.00,"2,890.00"
2020-01-30,2020013001018189,GBIME,59,45,500,289.00,"144,500.00"
2020-01-30,2020013001018151,GBIME,19,44,20,288.00,"5,760.00"
2020-01-30,2020013001018058,GBIME,19,29,78,288.00,"22,464.00"
2020-01-30,2020013001017953,GBIME,26,52,45,289.00,"13,005.00"
2020-01-30,2020013001017952,GBIME,26,48,45,289.00,"13,005.00"
2020-01-30,2020013001017951,GBIME,26,5,410,289.00,"118,490.00"
2020-01-30,2020013001018360,GBLBS,44,13,500,455.00,"227,500.00"
2020-01-30,2020013001018254,GBLBS,44,38,334,455.00,"151,970.00"
2020-01-30,2020013001018253,GBLBS,44,38,166,455.00,"75,530.00"
2020-01-30,2020013001018245,GBLBS,44,40,400,455.00,"182,000.00"
2020-01-30,2020013001018244,GBLBS,50,40,50,457.00,"22,850.00"
2020-01-30,2020013001018243,GBLBS,44,40,75,458.00,"34,350.00"
2020-01-30,2020013001017911,GBLBS,44,36,478,455.00,"217,490.00"
2020-01-30,2020013001017910,GBLBS,17,36,40,458.00,"18,320.00"
2020-01-30,2020013001017897,GBLBS,17,13,15,458.00,"6,870.00"
2020-01-30,2020013001018119,GFCL,59,59,"1,360",143.00,"194,480.00"
2020-01-30,2020013001017896,GGBSL,3,3,10,935.00,"9,350.00"
2020-01-30,2020013001018372,GILB,33,36,200,"1,345.00","269,000.00"
2020-01-30,2020013001018317,GLBSL,35,52,90,710.00,"63,900.00"
2020-01-30,2020013001018316,GLBSL,58,52,500,710.00,"355,000.00"
2020-01-30,2020013001018315,GLBSL,25,52,10,710.00,"7,100.00"
