Date,Transact. No.,Symbol,Buyer,Seller,Quantity,Rate,Amount
2019-06-16,2019061601006770,ADBL,49,44,192,404.00,"77,568.00"
2019-06-16,2019061601006769,ADBL,52,44,50,405.00,"20,250.00"
2019-06-16,2019061601006768,ADBL,45,44,90,405.00,"36,450.00"
2019-06-16,2019061601006762,ADBL,52,4,20,406.00,"8,120.00"
2019-06-16,2019061601006535,ADBL,45,39,10,405.00,"4,050.00"
2019-06-16,2019061601006488,ADBL,52,4,20,406.00,"8,120.00"
2019-06-16,2019061601006412,ADBL,34,6,82,405.00,"33,210.00"
2019-06-16,2019061601006855,AHPC,53,43,998,104.00,"103,792.00"
2019-06-16,2019061601006854,AHPC,36,43,400,105.00,"42,000.00"
2019-06-16,2019061601006853,AHPC,39,43,200,105.00,"21,000.00"
2019-06-16,2019061601006852,AHPC,38,43,615,105.00,"64,575.00"
2019-06-16,2019061601006872,AKJCL,52,6,10,75.00,750.00
2019-06-16,2019061601006445,AKJCL,52,6,10,76.00,760.00
2019-06-16,2019061601006471,ALBSL,36,47,10,399.00,"3,990.00"
2019-06-16,2019061601006502,ALICL,13,57,85,393.00,"33,405.00"
2019-06-16,2019061601006859,API,34,34,200,144.00,"28,800.00"
2019-06-16,2019061601006858,API,5,34,300,144.00,"43,200.00"
2019-06-16,2019061601006857,API,44,34,690,144.00,"99,360.00"
2019-06-16,2019061601006561,BNT,19,17,30,"6,570.00","197,100.00"
2019-06-16,2019061601006879,BOKL,33,10,10,263.00,"2,630.00"
2019-06-16,2019061601006848,BOKL,48,10,101,263.00,"26,563.00"
2019-06-16,2019061601006847,BOKL,48,8,13,263.00,"3,419.00"
2019-06-16,2019061601006846,BOKL,48,4,36,263.00,"9,468.00"
2019-06-16,2019061601006631,BOKL,21,49,126,262.00,"33,012.00"
2019-06-16,2019061601006630,BOKL,21,55,300,262.00,"78,600.00"
2019-06-16,2019061601006629,BOKL,21,7,300,262.00,"78,600.00"
2019-06-16,2019061601006628,BOKL,45,7,200,262.00,"52,400.00"
2019-06-16,2019061601006477,BOKL,38,34,79,261.00,"20,619.00"
2019-06-16,2019061601006785,BPCL,22,37,33,404.00,"13,332.00"
2019-06-16,2019061601006746,BPCL,22,47,300,404.00,"121,200.00"
2019-06-16,2019061601006633,BPCL,22,49,50,404.00,"20,200.00"
2019-06-16,2019061601006601,BPCL,22,49,22,404.00,"8,888.00"
2019-06-16,2019061601006833,CBBL,49,45,300,925.00,"277,500.00"
2019-06-16,2019061601006750,CBBL,42,6,10,928.00,"9,280.00"
2019-06-16,2019061601006749,CBBL,42,18,40,928.00,"37,120.00"
2019-06-16,2019061601006696,CBBL,49,6,349,925.00,"322,825.00"
2019-06-16,2019061601006695,CBBL,16,6,50,926.00,"46,300.00"
2019-06-16,2019061601006694,CBBL,16,6,101,926.00,"93,526.00"
2019-06-16,2019061601006438,CBBL,16,45,289,926.00,"267,614.00"
2019-06-16,2019061601006900,CBL,33,45,100,145.00,"14,500.00"
2019-06-16,2019061601006805,CBL,49,45,50,145.00,"7,250.00"
2019-06-16,2019061601006757,CBL,57,14,215,144.00,"30,960.00"
2019-06-16,2019061601006756,CBL,17,14,181,144.00,"26,064.00"
2019-06-16,2019061601006755,CBL,17,14,149,144.00,"21,456.00"
2019-06-16,2019061601006643,CBL,48,45,96,145.00,"13,920.00"
2019-06-16,2019061601006623,CBL,48,42,250,145.00,"36,250.00"
2019-06-16,2019061601006622,CBL,33,42,250,145.00,"36,250.00"
2019-06-16,2019061601006472,CBL,33,34,228,145.00,"33,060.00"
2019-06-16,2019061601006737,CCBL,49,19,100,165.00,"16,500.00"
2019-06-16,2019061601006646,CCBL,19,19,100,165.00,"16,500.00"
2019-06-16,2019061601006743,CHCL,52,25,100,513.00,"51,300.00"
2019-06-16,2019061601006742,CHCL,17,25,10,513.00,"5,130.00"
2019-06-16,2019061601006741,CHCL,6,25,59,514.00,"30,326.00"
2019-06-16,2019061601006575,CHCL,6,45,129,514.00,"66,306.00"
2019-06-16,2019061601006530,CHCL,6,35,312,514.00,"160,368.00"
2019-06-16,2019061601006520,CHCL,11,46,97,514.00,"49,858.00"
2019-06-16,2019061601006500,CHCL,11,36,104,514.00,"53,456.00"
2019-06-16,2019061601006476,CHCL,54,36,46,515.00,"23,690.00"
2019-06-16,2019061601006634,CIT,40,6,64,"2,495.00","159,680.00"
2019-06-16,2019061601006507,CIT,11,6,50,"2,495.00","124,750.00"
2019-06-16,2019061601006699,CZBIL,34,34,"2,609",220.00,"573,980.00"
2019-06-16,2019061601006684,CZBIL,56,14,717,219.00,"157,023.00"
2019-06-16,2019061601006683,CZBIL,50,14,283,219.00,"61,977.00"
2019-06-16,2019061601006666,CZBIL,43,34,200,220.00,"44,000.00"
2019-06-16,2019061601006664,CZBIL,56,34,91,220.00,"20,020.00"
2019-06-16,2019061601006663,CZBIL,56,43,909,220.00,"199,980.00"
2019-06-16,2019061601006618,CZBIL,50,44,10,219.00,"2,190.00"
2019-06-16,2019061601006600,CZBIL,56,34,500,220.00,"110,000.00"
2019-06-16,2019061601006576,CZBIL,19,34,100,220.00,"22,000.00"
2019-06-16,2019061601006440,CZBIL,51,34,500,220.00,"110,000.00"
2019-06-16,2019061601006588,DBBL,28,42,50,146.00,"7,300.00"
2019-06-16,2019061601006587,DBBL,28,51,209,146.00,"30,514.00"
2019-06-16,2019061601006808,DDBL,49,6,24,695.00,"16,680.00"
2019-06-16,2019061601006519,DHPL,28,16,10,75.00,750.00
2019-06-16,2019061601006880,EBL,49,57,43,660.00,"28,380.00"
2019-06-16,2019061601006735,EBL,14,36,150,659.00,"98,850.00"
2019-06-16,2019061601006734,EBL,50,36,200,660.00,"132,000.00"
2019-06-16,2019061601006493,EBL,49,14,20,661.00,"13,220.00"
2019-06-16,2019061601006492,EBL,49,59,30,661.00,"19,830.00"
2019-06-16,2019061601006491,EBL,49,51,14,661.00,"9,254.00"
2019-06-16,2019061601006552,EBL,57,57,50,662.00,"33,100.00"
2019-06-16,2019061601006537,FMDBL,14,25,61,383.00,"23,363.00"
2019-06-16,2019061601006444,FMDBL,57,17,179,379.00,"67,841.00"
2019-06-16,2019061601006761,FOWAD,49,32,20,"1,366.00","27,320.00"
2019-06-16,2019061601006698,FOWAD,14,25,50,"1,369.00","68,450.00"
2019-06-16,2019061601006609,FOWAD,51,25,50,"1,367.00","68,350.00"
2019-06-16,2019061601006608,FOWAD,7,25,40,"1,367.00","54,680.00"
2019-06-16,2019061601006607,FOWAD,50,25,50,"1,367.00","68,350.00"
2019-06-16,2019061601006606,FOWAD,45,25,38,"1,368.00","51,984.00"
2019-06-16,2019061601006605,FOWAD,33,25,18,"1,370.00","24,660.00"
2019-06-16,2019061601006518,FOWAD,7,5,19,"1,370.00","26,030.00"
2019-06-16,2019061601006517,FOWAD,7,5,19,"1,370.00","26,030.00"
2019-06-16,2019061601006835,GBIME,49,49,7,291.00,"2,037.00"
2019-06-16,2019061601006687,GBIME,53,34,100,296.00,"29,600.00"
2019-06-16,2019061601006594,GBIME,56,34,228,295.00,"67,260.00"
2019-06-16,2019061601006593,GBIME,56,13,22,295.00,"6,490.00"
2019-06-16,2019061601006592,GBIME,7,13,28,295.00,"8,260.00"
2019-06-16,2019061601006416,GBIME,7,11,972,295.00,"286,740.00"
2019-06-16,2019061601006861,GBLBS,48,57,180,351.00,"63,180.00"
2019-06-16,2019061601006809,GBLBS,14,52,30,350.00,"10,500.00"
2019-06-16,2019061601006660,GBLBS,38,52,200,351.00,"70,200.00"
2019-06-16,2019061601006659,GBLBS,42,52,50,351.00,"17,550.00"
2019-06-16,2019061601006689,GHL,56,45,110,83.00,"9,130.00"
2019-06-16,2019061601006688,GHL,1,45,10,84.00,840.00
2019-06-16,2019061601006832,GILB,19,14,10,"1,250.00","12,500.00"
2019-06-16,2019061601006867,GIMES1,26,19,"1,500",8.01,"12,015.00"
2019-06-16,2019061601006428,HBL,49,49,278,556.00,"154,568.00"
2019-06-16,2019061601006427,HBL,59,49,322,556.00,"179,032.00"
2019-06-16,2019061601006495,HDL,50,56,10,"1,678.00","16,780.00"
2019-06-16,2019061601006441,HDL,50,56,10,"1,678.00","16,780.00"
2019-06-16,2019061601006422,HGI,7,13,30,368.00,"11,040.00"
2019-06-16,2019061601006888,HIDCL,28,57,55,160.00,"8,800.00"
2019-06-16,2019061601006798,HIDCL,28,44,61,160.00,"9,760.00"
2019-06-16,2019061601006554,HIDCL,28,57,55,160.00,"8,800.00"
2019-06-16,2019061601006836,HPPL,43,57,10,179.00,"1,790.00"
2019-06-16,2019061601006602,ICFC,49,53,183,159.00,"29,097.00"
2019-06-16,2019061601006494,JBBL,56,56,85,154.00,"13,090.00"
2019-06-16,2019061601006712,JBNL,19,57,100,209.00,"20,900.00"
2019-06-16,2019061601006475,JBNL,38,37,"1,005",208.00,"209,040.00"
2019-06-16,2019061601006421,JBNL,52,37,50,208.00,"10,400.00"
2019-06-16,2019061601006845,JSLBB,8,29,10,"1,700.00","17,000.00"
2019-06-16,2019061601006838,JSLBB,8,29,10,"1,700.00","17,000.00"
2019-06-16,2019061601006817,JSLBB,8,29,12,"1,680.00","20,160.00"
2019-06-16,2019061601006709,JSLBB,39,52,14,"1,660.00","23,240.00"
2019-06-16,2019061601006568,JSLBB,6,34,10,"1,652.00","16,520.00"
2019-06-16,2019061601006567,JSLBB,8,34,13,"1,652.00","21,476.00"
2019-06-16,2019061601006566,JSLBB,21,34,10,"1,655.00","16,550.00"
2019-06-16,2019061601006473,JSLBB,48,32,14,"1,651.00","23,114.00"
2019-06-16,2019061601006574,JSLBB,22,34,46,"1,650.00","75,900.00"
2019-06-16,2019061601006573,JSLBB,49,34,10,"1,650.00","16,500.00"
2019-06-16,2019061601006572,JSLBB,45,34,10,"1,650.00","16,500.00"
2019-06-16,2019061601006571,JSLBB,1,34,20,"1,650.00","33,000.00"
2019-06-16,2019061601006570,JSLBB,21,34,20,"1,650.00","33,000.00"
2019-06-16,2019061601006569,JSLBB,21,34,15,"1,651.00","24,765.00"
2019-06-16,2019061601006418,KBBL,32,58,"1,000",234.00,"234,000.00"
2019-06-16,2019061601006771,KBL,49,4,"1,700",210.00,"357,000.00"
2019-06-16,2019061601006733,KBL,59,51,200,209.00,"41,800.00"
2019-06-16,2019061601006610,KBL,7,4,300,210.00,"63,000.00"
2019-06-16,2019061601006596,KBL,19,43,100,211.00,"21,100.00"
2019-06-16,2019061601006513,KKHC,45,45,700,70.00,"49,000.00"
2019-06-16,2019061601006896,KSBBL,58,51,20,155.00,"3,100.00"
2019-06-16,2019061601006516,KSBBL,14,54,"1,295",153.00,"198,135.00"
2019-06-16,2019061601006515,KSBBL,44,54,"1,905",153.00,"291,465.00"
2019-06-16,2019061601006693,LBBL,26,14,50,197.00,"9,850.00"
2019-06-16,2019061601006686,LBL,19,42,100,219.00,"21,900.00"
2019-06-16,2019061601006612,LBL,48,42,582,219.00,"127,458.00"
2019-06-16,2019061601006783,LGIL,46,29,50,447.00,"22,350.00"
2019-06-16,2019061601006557,LICN,40,48,50,"1,660.00","83,000.00"
2019-06-16,2019061601006781,LLBS,59,58,38,650.00,"24,700.00"
2019-06-16,2019061601006780,LLBS,7,58,50,650.00,"32,500.00"
2019-06-16,2019061601006779,LLBS,14,58,100,650.00,"65,000.00"
2019-06-16,2019061601006778,LLBS,37,58,30,650.00,"19,500.00"
2019-06-16,2019061601006777,LLBS,11,58,26,650.00,"16,900.00"
2019-06-16,2019061601006776,LLBS,22,58,30,652.00,"19,560.00"
2019-06-16,2019061601006775,LLBS,22,58,26,654.00,"17,004.00"
2019-06-16,2019061601006774,LLBS,45,58,34,655.00,"22,270.00"
2019-06-16,2019061601006773,LLBS,26,58,50,656.00,"32,800.00"
2019-06-16,2019061601006627,LLBS,36,39,10,660.00,"6,600.00"
2019-06-16,2019061601006691,MBL,19,26,100,267.00,"26,700.00"
2019-06-16,2019061601006690,MBL,19,55,24,267.00,"6,408.00"
2019-06-16,2019061601006901,MDB,32,45,50,236.00,"11,800.00"
2019-06-16,2019061601006830,MEGA,3,33,250,200.00,"50,000.00"
2019-06-16,2019061601006829,MEGA,3,59,63,200.00,"12,600.00"
2019-06-16,2019061601006763,MEGA,19,59,100,200.00,"20,000.00"
2019-06-16,2019061601006522,MEGA,57,59,50,200.00,"10,000.00"
2019-06-16,2019061601006828,MHNL,36,53,420,100.00,"42,000.00"
2019-06-16,2019061601006827,MHNL,40,53,300,100.00,"30,000.00"
2019-06-16,2019061601006826,MHNL,39,53,200,100.00,"20,000.00"
2019-06-16,2019061601006825,MHNL,59,53,"1,000",100.00,"100,000.00"
2019-06-16,2019061601006824,MHNL,38,53,100,100.00,"10,000.00"
2019-06-16,2019061601006823,MHNL,40,53,"1,000",101.00,"101,000.00"
2019-06-16,2019061601006822,MHNL,40,53,300,101.00,"30,300.00"
2019-06-16,2019061601006821,MHNL,29,53,100,101.00,"10,100.00"
2019-06-16,2019061601006820,MHNL,11,53,100,102.00,"10,200.00"
2019-06-16,2019061601006819,MHNL,59,53,360,102.00,"36,720.00"
2019-06-16,2019061601006656,MLBBL,28,57,20,418.00,"8,360.00"
2019-06-16,2019061601006453,MNBBL,16,14,500,373.00,"186,500.00"
2019-06-16,2019061601006704,MSLB,14,42,34,855.00,"29,070.00"
2019-06-16,2019061601006677,MSLB,14,44,10,855.00,"8,550.00"
2019-06-16,2019061601006616,MSMBS,58,14,50,421.00,"21,050.00"
2019-06-16,2019061601006580,MSMBS,53,14,50,428.00,"21,400.00"
2019-06-16,2019061601006834,NABIL,34,53,100,814.00,"81,400.00"
2019-06-16,2019061601006648,NABIL,10,53,40,814.00,"32,560.00"
2019-06-16,2019061601006647,NABIL,45,53,38,816.00,"31,008.00"
2019-06-16,2019061601006577,NABIL,45,19,22,816.00,"17,952.00"
2019-06-16,2019061601006543,NABIL,10,51,60,814.00,"48,840.00"
2019-06-16,2019061601006490,NABIL,52,51,20,814.00,"16,280.00"
2019-06-16,2019061601006485,NABIL,1,51,50,814.00,"40,700.00"
2019-06-16,2019061601006443,NABIL,41,51,50,814.00,"40,700.00"
2019-06-16,2019061601006414,NABIL,32,51,200,814.00,"162,800.00"
2019-06-16,2019061601006707,NABILP,57,25,200,801.00,"160,200.00"
2019-06-16,2019061601006435,NABILP,57,25,30,801.00,"24,030.00"
2019-06-16,2019061601006665,NADEP,13,44,20,420.00,"8,400.00"
2019-06-16,2019061601006544,NADEP,13,42,10,420.00,"4,200.00"
2019-06-16,2019061601006524,NADEP,13,17,10,420.00,"4,200.00"
2019-06-16,2019061601006831,NBB,41,34,100,222.00,"22,200.00"
2019-06-16,2019061601006804,NBB,19,34,100,222.00,"22,200.00"
2019-06-16,2019061601006745,NBB,8,34,100,222.00,"22,200.00"
2019-06-16,2019061601006501,NBB,35,34,500,222.00,"111,000.00"
2019-06-16,2019061601006470,NBB,29,58,183,221.00,"40,443.00"
2019-06-16,2019061601006469,NBB,58,58,200,221.00,"44,200.00"
2019-06-16,2019061601006468,NBB,51,58,"1,000",221.00,"221,000.00"
2019-06-16,2019061601006467,NBB,39,58,100,221.00,"22,100.00"
2019-06-16,2019061601006466,NBB,34,58,"1,000",221.00,"221,000.00"
2019-06-16,2019061601006465,NBB,46,58,200,221.00,"44,200.00"
2019-06-16,2019061601006464,NBB,51,58,344,221.00,"76,024.00"
2019-06-16,2019061601006899,NBL,33,4,10,324.00,"3,240.00"
2019-06-16,2019061601006898,NBL,33,57,90,324.00,"29,160.00"
2019-06-16,2019061601006869,NBL,6,33,675,322.00,"217,350.00"
2019-06-16,2019061601006844,NBL,6,14,100,322.00,"32,200.00"
2019-06-16,2019061601006843,NBL,36,14,100,322.00,"32,200.00"
2019-06-16,2019061601006842,NBL,26,14,50,322.00,"16,100.00"
2019-06-16,2019061601006511,NBL,56,33,175,323.00,"56,525.00"
2019-06-16,2019061601006510,NBL,40,33,500,323.00,"161,500.00"
2019-06-16,2019061601006509,NBL,46,33,20,323.00,"6,460.00"
2019-06-16,2019061601006508,NBL,13,33,305,323.00,"98,515.00"
2019-06-16,2019061601006662,NBL,6,36,"1,000",322.00,"322,000.00"
2019-06-16,2019061601006621,NBL,26,13,500,323.00,"161,500.00"
2019-06-16,2019061601006615,NBL,19,33,300,323.00,"96,900.00"
2019-06-16,2019061601006564,NBL,40,33,25,323.00,"8,075.00"
2019-06-16,2019061601006563,NBL,40,38,175,323.00,"56,525.00"
2019-06-16,2019061601006521,NBL,56,38,125,323.00,"40,375.00"
2019-06-16,2019061601006841,NBL,45,14,750,322.00,"241,500.00"
2019-06-16,2019061601006802,NBL,45,4,250,322.00,"80,500.00"
2019-06-16,2019061601006801,NBL,25,4,500,322.00,"161,000.00"
2019-06-16,2019061601006800,NBL,59,4,250,322.00,"80,500.00"
2019-06-16,2019061601006799,NBL,6,4,"1,000",322.00,"322,000.00"
2019-06-16,2019061601006719,NBL,6,14,"1,000",322.00,"322,000.00"
2019-06-16,2019061601006897,NCCB,34,1,20,256.00,"5,120.00"
2019-06-16,2019061601006892,NCCB,51,58,102,255.00,"26,010.00"
2019-06-16,2019061601006891,NCCB,58,58,"1,798",255.00,"458,490.00"
2019-06-16,2019061601006874,NCCB,58,41,202,255.00,"51,510.00"
2019-06-16,2019061601006873,NCCB,58,41,48,255.00,"12,240.00"
2019-06-16,2019061601006849,NCCB,42,1,100,256.00,"25,600.00"
2019-06-16,2019061601006767,NCCB,34,1,20,256.00,"5,120.00"
2019-06-16,2019061601006487,NCCB,58,17,200,255.00,"51,000.00"
2019-06-16,2019061601006483,NCCB,58,1,10,256.00,"2,560.00"
2019-06-16,2019061601006413,NCCB,58,6,102,255.00,"26,010.00"
2019-06-16,2019061601006717,NGPL,3,45,59,116.00,"6,844.00"
2019-06-16,2019061601006716,NGPL,1,45,50,116.00,"5,800.00"
2019-06-16,2019061601006715,NGPL,34,45,26,116.00,"3,016.00"
2019-06-16,2019061601006436,NHPC,45,56,300,68.00,"20,400.00"
2019-06-16,2019061601006850,NIB,46,34,40,528.00,"21,120.00"
2019-06-16,2019061601006788,NIB,53,57,45,524.00,"23,580.00"
2019-06-16,2019061601006760,NIB,53,5,199,524.00,"104,276.00"
2019-06-16,2019061601006759,NIB,57,5,100,524.00,"52,400.00"
2019-06-16,2019061601006758,NIB,26,5,176,525.00,"92,400.00"
2019-06-16,2019061601006747,NIB,34,33,44,527.00,"23,188.00"
2019-06-16,2019061601006655,NIB,50,33,256,527.00,"134,912.00"
2019-06-16,2019061601006654,NIB,50,43,100,527.00,"52,700.00"
2019-06-16,2019061601006653,NIB,50,37,44,527.00,"23,188.00"
2019-06-16,2019061601006578,NIB,54,57,14,526.00,"7,364.00"
2019-06-16,2019061601006439,NIB,45,57,10,525.00,"5,250.00"
2019-06-16,2019061601006437,NIB,14,53,100,525.00,"52,500.00"
2019-06-16,2019061601006722,NIB,26,5,74,525.00,"38,850.00"
2019-06-16,2019061601006721,NIB,11,5,426,525.00,"223,650.00"
2019-06-16,2019061601006701,NIB,11,5,500,525.00,"262,500.00"
2019-06-16,2019061601006682,NIB,11,5,174,525.00,"91,350.00"
2019-06-16,2019061601006681,NIB,45,5,140,525.00,"73,500.00"
2019-06-16,2019061601006680,NIB,54,5,186,526.00,"97,836.00"
2019-06-16,2019061601006590,NIBPO,59,6,189,480.00,"90,720.00"
2019-06-16,2019061601006589,NIBPO,17,6,100,480.00,"48,000.00"
2019-06-16,2019061601006585,NIBPO,49,6,100,480.00,"48,000.00"
2019-06-16,2019061601006584,NIBPO,56,6,30,480.00,"14,400.00"
2019-06-16,2019061601006583,NIBPO,13,6,200,480.00,"96,000.00"
2019-06-16,2019061601006582,NIBPO,22,6,20,480.00,"9,600.00"
2019-06-16,2019061601006581,NIBPO,46,6,142,481.00,"68,302.00"
2019-06-16,2019061601006860,NICA,20,34,100,451.00,"45,100.00"
2019-06-16,2019061601006789,NICA,59,4,10,452.00,"4,520.00"
2019-06-16,2019061601006641,NICA,34,4,310,452.00,"140,120.00"
2019-06-16,2019061601006640,NICA,22,4,133,452.00,"60,116.00"
2019-06-16,2019061601006624,NICA,22,53,220,453.00,"99,660.00"
2019-06-16,2019061601006482,NICA,8,16,100,453.00,"45,300.00"
2019-06-16,2019061601006426,NICA,8,54,695,454.00,"315,530.00"
2019-06-16,2019061601006425,NICA,8,4,980,454.00,"444,920.00"
2019-06-16,2019061601006424,NICA,8,34,520,453.00,"235,560.00"
2019-06-16,2019061601006423,NICA,8,4,805,453.00,"364,665.00"
2019-06-16,2019061601006753,NICL,43,32,10,369.00,"3,690.00"
2019-06-16,2019061601006499,NIL,42,36,255,492.00,"125,460.00"
2019-06-16,2019061601006498,NIL,44,36,50,492.00,"24,600.00"
2019-06-16,2019061601006497,NIL,1,36,150,493.00,"73,950.00"
2019-06-16,2019061601006496,NIL,42,36,292,493.00,"143,956.00"
2019-06-16,2019061601006645,NLBBL,17,32,83,476.00,"39,508.00"
2019-06-16,2019061601006644,NLBBL,55,32,100,477.00,"47,700.00"
2019-06-16,2019061601006536,NLBBL,17,19,100,480.00,"48,000.00"
2019-06-16,2019061601006533,NLBBL,53,25,62,477.00,"29,574.00"
2019-06-16,2019061601006481,NLBBL,28,25,10,477.00,"4,770.00"
2019-06-16,2019061601006772,NLIC,34,6,74,907.00,"67,118.00"
2019-06-16,2019061601006754,NLIC,34,6,500,907.00,"453,500.00"
2019-06-16,2019061601006724,NLIC,34,57,17,907.00,"15,419.00"
2019-06-16,2019061601006703,NLIC,52,16,489,908.00,"444,012.00"
2019-06-16,2019061601006702,NLIC,32,16,70,909.00,"63,630.00"
2019-06-16,2019061601006678,NLIC,32,49,30,909.00,"27,270.00"
2019-06-16,2019061601006565,NLIC,21,6,80,910.00,"72,800.00"
2019-06-16,2019061601006718,NLICL,16,33,66,623.00,"41,118.00"
2019-06-16,2019061601006667,NLICL,16,53,234,620.00,"145,080.00"
2019-06-16,2019061601006887,NMFBS,33,11,215,"1,390.00","298,850.00"
2019-06-16,2019061601006886,NMFBS,14,11,85,"1,392.00","118,320.00"
2019-06-16,2019061601006525,NSEWA,39,47,10,380.00,"3,800.00"
2019-06-16,2019061601006419,NSEWA,42,48,50,390.00,"19,500.00"
2019-06-16,2019061601006463,NTC,59,52,10,694.00,"6,940.00"
2019-06-16,2019061601006484,PCBL,38,39,400,291.00,"116,400.00"
2019-06-16,2019061601006434,PCBL,28,7,178,288.00,"51,264.00"
2019-06-16,2019061601006433,PCBL,25,7,50,288.00,"14,400.00"
2019-06-16,2019061601006432,PCBL,51,7,"1,000",288.00,"288,000.00"
2019-06-16,2019061601006431,PCBL,55,7,"1,000",288.00,"288,000.00"
2019-06-16,2019061601006430,PCBL,1,7,100,288.00,"28,800.00"
2019-06-16,2019061601006429,PCBL,53,7,"1,000",288.00,"288,000.00"
2019-06-16,2019061601006810,PIC,50,50,200,980.00,"196,000.00"
2019-06-16,2019061601006784,PIC,34,53,110,982.00,"108,020.00"
2019-06-16,2019061601006751,PIC,11,53,90,982.00,"88,380.00"
2019-06-16,2019061601006736,PIC,49,49,1,962.00,962.00
2019-06-16,2019061601006732,PIC,20,38,46,978.00,"44,988.00"
2019-06-16,2019061601006731,PIC,22,38,50,980.00,"49,000.00"
2019-06-16,2019061601006632,PIC,17,53,100,983.00,"98,300.00"
2019-06-16,2019061601006614,PIC,51,53,20,983.00,"19,660.00"
2019-06-16,2019061601006613,PIC,52,53,10,983.00,"9,830.00"
2019-06-16,2019061601006723,PIC,57,50,46,981.00,"45,126.00"
2019-06-16,2019061601006639,PIC,57,37,30,981.00,"29,430.00"
2019-06-16,2019061601006638,PIC,35,37,11,981.00,"10,791.00"
2019-06-16,2019061601006637,PIC,29,37,100,982.00,"98,200.00"
2019-06-16,2019061601006636,PIC,57,37,20,982.00,"19,640.00"
2019-06-16,2019061601006635,PIC,17,37,39,982.00,"38,298.00"
2019-06-16,2019061601006730,PIC,7,38,100,980.00,"98,000.00"
2019-06-16,2019061601006729,PIC,42,38,50,980.00,"49,000.00"
2019-06-16,2019061601006728,PIC,45,38,300,980.00,"294,000.00"
2019-06-16,2019061601006727,PIC,52,38,54,980.00,"52,920.00"
2019-06-16,2019061601006726,PIC,56,38,500,981.00,"490,500.00"
2019-06-16,2019061601006725,PIC,57,38,74,981.00,"72,594.00"
2019-06-16,2019061601006871,PLIC,25,35,100,435.00,"43,500.00"
2019-06-16,2019061601006870,PLIC,45,35,100,435.00,"43,500.00"
2019-06-16,2019061601006452,PLIC,16,35,251,437.00,"109,687.00"
2019-06-16,2019061601006881,PPCL,53,42,30,136.00,"4,080.00"
2019-06-16,2019061601006782,PPCL,53,45,20,136.00,"2,720.00"
2019-06-16,2019061601006652,PRIN,41,40,200,387.00,"77,400.00"
2019-06-16,2019061601006651,PRIN,41,40,500,385.00,"192,500.00"
2019-06-16,2019061601006650,PRIN,41,25,100,384.00,"38,400.00"
2019-06-16,2019061601006649,PRIN,41,39,100,384.00,"38,400.00"
2019-06-16,2019061601006807,PRVU,22,36,279,266.00,"74,214.00"
2019-06-16,2019061601006806,PRVU,59,36,56,266.00,"14,896.00"
2019-06-16,2019061601006797,PRVU,59,26,144,266.00,"38,304.00"
2019-06-16,2019061601006796,PRVU,16,26,"1,106",266.00,"294,196.00"
2019-06-16,2019061601006795,PRVU,48,26,250,267.00,"66,750.00"
2019-06-16,2019061601006706,PRVU,25,57,450,267.00,"120,150.00"
2019-06-16,2019061601006595,PRVU,28,14,500,266.00,"133,000.00"
2019-06-16,2019061601006579,PRVU,57,16,50,267.00,"13,350.00"
2019-06-16,2019061601006448,PRVU,28,38,419,266.00,"111,454.00"
2019-06-16,2019061601006447,PRVU,14,38,66,267.00,"17,622.00"
2019-06-16,2019061601006446,PRVU,54,38,15,267.00,"4,005.00"
2019-06-16,2019061601006672,PRVU,34,46,500,266.00,"133,000.00"
2019-06-16,2019061601006671,PRVU,56,46,"1,000",266.00,"266,000.00"
2019-06-16,2019061601006670,PRVU,38,46,25,266.00,"6,650.00"
2019-06-16,2019061601006669,PRVU,14,46,500,266.00,"133,000.00"
2019-06-16,2019061601006668,PRVU,28,46,81,266.00,"21,546.00"
2019-06-16,2019061601006620,PRVU,41,16,310,267.00,"82,770.00"
2019-06-16,2019061601006705,PRVU,25,16,540,267.00,"144,180.00"
2019-06-16,2019061601006700,PRVU,8,16,100,267.00,"26,700.00"
2019-06-16,2019061601006676,PRVU,16,46,894,266.00,"237,804.00"
2019-06-16,2019061601006675,PRVU,44,46,500,266.00,"133,000.00"
2019-06-16,2019061601006674,PRVU,48,46,500,266.00,"133,000.00"
2019-06-16,2019061601006673,PRVU,51,46,500,266.00,"133,000.00"
2019-06-16,2019061601006837,RBCL,25,25,10,"9,500.00","95,000.00"
2019-06-16,2019061601006752,RBCL,6,6,14,"9,400.00","131,600.00"
2019-06-16,2019061601006720,RBCL,14,6,20,"9,400.00","188,000.00"
2019-06-16,2019061601006562,RBCL,19,26,55,"9,450.00","519,750.00"
2019-06-16,2019061601006461,RBCL,47,26,10,"9,350.00","93,500.00"
2019-06-16,2019061601006460,RBCL,33,26,20,"9,351.00","187,020.00"
2019-06-16,2019061601006459,RBCL,11,26,10,"9,360.00","93,600.00"
2019-06-16,2019061601006816,RBCLPO,49,5,10,"8,722.00","87,220.00"
2019-06-16,2019061601006815,RBCLPO,42,5,10,"8,722.00","87,220.00"
2019-06-16,2019061601006478,RBCLPO,42,28,10,"8,755.00","87,550.00"
2019-06-16,2019061601006814,RBCLPO,42,5,10,"8,730.00","87,300.00"
2019-06-16,2019061601006599,RBCLPO,41,5,10,"8,730.00","87,300.00"
2019-06-16,2019061601006598,RBCLPO,47,5,10,"8,738.00","87,380.00"
2019-06-16,2019061601006597,RBCLPO,40,5,20,"8,741.00","174,820.00"
2019-06-16,2019061601006479,RBCLPO,7,28,25,"8,752.00","218,800.00"
2019-06-16,2019061601006878,RHPC,17,40,500,92.00,"46,000.00"
2019-06-16,2019061601006877,RHPC,17,45,97,91.00,"8,827.00"
2019-06-16,2019061601006740,RHPC,46,45,20,91.00,"1,820.00"
2019-06-16,2019061601006739,RHPC,58,45,100,91.00,"9,100.00"
2019-06-16,2019061601006738,RHPC,34,45,82,91.00,"7,462.00"
2019-06-16,2019061601006889,RMDC,28,36,16,646.00,"10,336.00"
2019-06-16,2019061601006560,RSDC,57,49,55,357.00,"19,635.00"
2019-06-16,2019061601006895,SADBL,46,50,400,150.00,"60,000.00"
2019-06-16,2019061601006642,SANIMA,8,34,100,345.00,"34,500.00"
2019-06-16,2019061601006692,SBI,42,36,228,462.00,"105,336.00"
2019-06-16,2019061601006474,SBI,40,36,72,463.00,"33,336.00"
2019-06-16,2019061601006420,SBI,40,42,65,463.00,"30,095.00"
2019-06-16,2019061601006744,SBL,59,37,100,321.00,"32,100.00"
2019-06-16,2019061601006619,SBL,59,57,17,321.00,"5,457.00"
2019-06-16,2019061601006748,SCB,29,37,331,661.00,"218,791.00"
2019-06-16,2019061601006523,SCB,11,49,20,663.00,"13,260.00"
2019-06-16,2019061601006794,SHINE,6,34,400,255.00,"102,000.00"
2019-06-16,2019061601006793,SHINE,6,14,100,255.00,"25,500.00"
2019-06-16,2019061601006546,SHINE,7,21,50,253.00,"12,650.00"
2019-06-16,2019061601006551,SHINE,41,21,83,250.00,"20,750.00"
2019-06-16,2019061601006550,SHINE,26,21,60,250.00,"15,000.00"
2019-06-16,2019061601006549,SHINE,6,21,500,250.00,"125,000.00"
2019-06-16,2019061601006548,SHINE,44,21,257,251.00,"64,507.00"
2019-06-16,2019061601006547,SHINE,21,21,50,252.00,"12,600.00"
2019-06-16,2019061601006890,SHIVM,58,38,100,646.00,"64,600.00"
2019-06-16,2019061601006868,SHIVM,1,38,40,646.00,"25,840.00"
2019-06-16,2019061601006866,SHIVM,26,38,20,646.00,"12,920.00"
2019-06-16,2019061601006865,SHIVM,43,38,30,646.00,"19,380.00"
2019-06-16,2019061601006864,SHIVM,38,38,50,646.00,"32,300.00"
2019-06-16,2019061601006863,SHIVM,43,38,50,646.00,"32,300.00"
2019-06-16,2019061601006451,SHIVM,25,5,100,648.00,"64,800.00"
2019-06-16,2019061601006450,SHIVM,22,5,300,648.00,"194,400.00"
2019-06-16,2019061601006449,SHIVM,10,5,100,648.00,"64,800.00"
2019-06-16,2019061601006411,SHIVM,58,10,100,649.00,"64,900.00"
2019-06-16,2019061601006539,SHIVM,3,58,20,647.00,"12,940.00"
2019-06-16,2019061601006538,SHIVM,43,58,100,647.00,"64,700.00"
2019-06-16,2019061601006528,SHIVM,43,19,900,647.00,"582,300.00"
2019-06-16,2019061601006527,SHIVM,56,19,50,647.00,"32,350.00"
2019-06-16,2019061601006526,SHIVM,34,19,50,648.00,"32,400.00"
2019-06-16,2019061601006486,SHIVM,17,50,50,648.00,"32,400.00"
2019-06-16,2019061601006625,SHIVM,49,58,20,647.00,"12,940.00"
2019-06-16,2019061601006611,SHIVM,49,45,50,647.00,"32,350.00"
2019-06-16,2019061601006603,SHIVM,16,3,333,648.00,"215,784.00"
2019-06-16,2019061601006542,SHIVM,49,58,130,647.00,"84,110.00"
2019-06-16,2019061601006541,SHIVM,43,58,50,647.00,"32,350.00"
2019-06-16,2019061601006540,SHIVM,43,58,200,647.00,"129,400.00"
2019-06-16,2019061601006790,SHIVM,28,32,200,646.00,"129,200.00"
2019-06-16,2019061601006764,SHIVM,58,3,100,647.00,"64,700.00"
2019-06-16,2019061601006711,SHIVM,58,22,100,647.00,"64,700.00"
2019-06-16,2019061601006710,SHIVM,58,22,200,647.00,"129,400.00"
2019-06-16,2019061601006661,SHIVM,21,3,100,648.00,"64,800.00"
2019-06-16,2019061601006626,SHIVM,35,58,30,647.00,"19,410.00"
2019-06-16,2019061601006862,SHIVM,51,38,100,646.00,"64,600.00"
2019-06-16,2019061601006851,SHIVM,14,3,60,647.00,"38,820.00"
2019-06-16,2019061601006812,SHIVM,51,38,100,646.00,"64,600.00"
2019-06-16,2019061601006811,SHIVM,16,38,60,646.00,"38,760.00"
2019-06-16,2019061601006792,SHIVM,16,42,440,646.00,"284,240.00"
2019-06-16,2019061601006791,SHIVM,13,42,60,646.00,"38,760.00"
2019-06-16,2019061601006417,SHL,50,58,200,230.00,"46,000.00"
2019-06-16,2019061601006885,SHPC,39,49,"1,500",260.00,"390,000.00"
2019-06-16,2019061601006884,SHPC,39,49,500,257.00,"128,500.00"
2019-06-16,2019061601006883,SHPC,39,49,205,256.00,"52,480.00"
2019-06-16,2019061601006882,SHPC,39,54,39,256.00,"9,984.00"
2019-06-16,2019061601006604,SHPC,42,49,150,253.00,"37,950.00"
2019-06-16,2019061601006803,SIC,25,39,20,673.00,"13,460.00"
2019-06-16,2019061601006679,SIC,25,39,20,660.00,"13,200.00"
2019-06-16,2019061601006658,SIC,25,39,30,660.00,"19,800.00"
2019-06-16,2019061601006657,SIC,11,39,20,665.00,"13,300.00"
2019-06-16,2019061601006617,SIC,36,39,12,663.00,"7,956.00"
2019-06-16,2019061601006591,SIC,25,39,10,671.00,"6,710.00"
2019-06-16,2019061601006556,SIC,25,47,10,680.00,"6,800.00"
2019-06-16,2019061601006555,SIC,25,19,12,672.00,"8,064.00"
2019-06-16,2019061601006529,SIC,25,19,20,672.00,"13,440.00"
2019-06-16,2019061601006512,SIC,25,29,30,679.00,"20,370.00"
2019-06-16,2019061601006480,SIC,25,13,40,674.00,"26,960.00"
2019-06-16,2019061601006813,SICL,42,10,50,808.00,"40,400.00"
2019-06-16,2019061601006545,SICL,6,6,20,808.00,"16,160.00"
2019-06-16,2019061601006410,SIFC,43,43,128,153.00,"19,584.00"
2019-06-16,2019061601006714,SIL,29,7,369,461.00,"170,109.00"
2019-06-16,2019061601006713,SIL,17,7,110,461.00,"50,710.00"
2019-06-16,2019061601006893,SINDU,34,59,289,139.00,"40,171.00"
2019-06-16,2019061601006856,SINDU,58,59,10,139.00,"1,390.00"
2019-06-16,2019061601006787,SKBBL,25,43,10,939.00,"9,390.00"
2019-06-16,2019061601006766,SLBBL,25,40,30,412.00,"12,360.00"
2019-06-16,2019061601006765,SLBBL,53,40,30,413.00,"12,390.00"
2019-06-16,2019061601006534,SLBBL,55,14,50,420.00,"21,000.00"
2019-06-16,2019061601006506,SLBBL,53,14,170,413.00,"70,210.00"
2019-06-16,2019061601006505,SLBBL,37,14,30,414.00,"12,420.00"
2019-06-16,2019061601006504,SLBBL,37,14,100,415.00,"41,500.00"
2019-06-16,2019061601006503,SLBBL,37,14,100,415.00,"41,500.00"
2019-06-16,2019061601006559,SLBS,42,14,10,728.00,"7,280.00"
2019-06-16,2019061601006558,SLBS,5,14,50,729.00,"36,450.00"
2019-06-16,2019061601006489,SLBSL,52,55,10,531.00,"5,310.00"
2019-06-16,2019061601006708,SLICL,52,4,120,452.00,"54,240.00"
2019-06-16,2019061601006462,SPARS,50,47,10,486.00,"4,860.00"
2019-06-16,2019061601006586,SRBL,6,11,262,250.00,"65,500.00"
2019-06-16,2019061601006553,SRBL,6,53,500,250.00,"125,000.00"
2019-06-16,2019061601006876,TRH,6,45,40,319.00,"12,760.00"
2019-06-16,2019061601006875,TRH,46,45,120,320.00,"38,400.00"
2019-06-16,2019061601006818,TRH,43,33,10,321.00,"3,210.00"
2019-06-16,2019061601006532,TRH,46,4,255,320.00,"81,600.00"
2019-06-16,2019061601006514,TRH,57,33,300,321.00,"96,300.00"
2019-06-16,2019061601006407,TRH,46,32,100,321.00,"32,100.00"
2019-06-16,2019061601006406,TRH,46,25,200,321.00,"64,200.00"
2019-06-16,2019061601006405,TRH,46,16,50,321.00,"16,050.00"
2019-06-16,2019061601006404,TRH,46,57,490,321.00,"157,290.00"
2019-06-16,2019061601006786,UNL,3,16,10,"19,680.00","196,800.00"
2019-06-16,2019061601006840,UPCL,45,37,200,92.00,"18,400.00"
2019-06-16,2019061601006839,UPCL,45,59,300,92.00,"27,600.00"
2019-06-16,2019061601006415,UPCL,29,43,50,91.00,"4,550.00"
2019-06-16,2019061601006894,UPPER,41,45,125,259.00,"32,375.00"
2019-06-16,2019061601006697,UPPER,41,44,50,259.00,"12,950.00"
2019-06-16,2019061601006685,UPPER,41,34,50,259.00,"12,950.00"
2019-06-16,2019061601006408,UPPER,11,45,238,259.00,"61,642.00"
2019-06-16,2019061601006457,UPPER,29,8,500,259.00,"129,500.00"
2019-06-16,2019061601006456,UPPER,33,8,"1,000",259.00,"259,000.00"
2019-06-16,2019061601006455,UPPER,29,8,200,259.00,"51,800.00"
2019-06-16,2019061601006454,UPPER,13,8,238,259.00,"61,642.00"
2019-06-16,2019061601006442,UPPER,59,41,50,260.00,"13,000.00"
2019-06-16,2019061601006409,UPPER,13,45,262,259.00,"67,858.00"
2019-06-16,2019061601006531,UPPER,41,25,100,259.00,"25,900.00"
2019-06-16,2019061601006458,UPPER,41,8,62,259.00,"16,058.00"
2019-06-16,2019061601006339,ADBL,56,39,500,405.00,"202,500.00"
2019-06-16,2019061601006338,ADBL,25,39,500,405.00,"202,500.00"
2019-06-16,2019061601006337,ADBL,25,39,500,405.00,"202,500.00"
2019-06-16,2019061601006336,ADBL,41,39,"1,000",405.00,"405,000.00"
2019-06-16,2019061601006335,ADBL,57,39,161,405.00,"65,205.00"
2019-06-16,2019061601006321,ADBL,1,4,19,406.00,"7,714.00"
2019-06-16,2019061601006219,ADBL,42,4,10,406.00,"4,060.00"
2019-06-16,2019061601006042,ADBL,4,39,"1,000",406.00,"406,000.00"
2019-06-16,2019061601005926,ADBL,57,39,339,405.00,"137,295.00"
2019-06-16,2019061601005925,ADBL,52,39,11,406.00,"4,466.00"
2019-06-16,2019061601006246,AKJCL,52,36,10,77.00,770.00
2019-06-16,2019061601006313,ALBSL,36,45,10,399.00,"3,990.00"
2019-06-16,2019061601006118,ALBSL,39,14,10,403.00,"4,030.00"
2019-06-16,2019061601006099,ALBSL,36,26,10,399.00,"3,990.00"
2019-06-16,2019061601006249,API,25,45,200,145.00,"29,000.00"
2019-06-16,2019061601006226,API,44,39,10,144.00,"1,440.00"
2019-06-16,2019061601006204,API,44,25,"1,300",144.00,"187,200.00"
2019-06-16,2019061601006203,API,6,25,200,144.00,"28,800.00"
2019-06-16,2019061601005919,API,41,45,10,144.00,"1,440.00"
2019-06-16,2019061601006023,API,38,25,500,143.00,"71,500.00"
2019-06-16,2019061601006022,API,34,25,335,143.00,"47,905.00"
2019-06-16,2019061601006021,API,14,25,50,144.00,"7,200.00"
2019-06-16,2019061601005922,API,34,45,665,143.00,"95,095.00"
2019-06-16,2019061601005921,API,7,45,400,143.00,"57,200.00"
2019-06-16,2019061601005920,API,1,45,125,143.00,"17,875.00"
2019-06-16,2019061601006054,API,25,45,36,145.00,"5,220.00"
2019-06-16,2019061601006049,API,6,25,800,144.00,"115,200.00"
2019-06-16,2019061601006026,API,35,25,815,143.00,"116,545.00"
2019-06-16,2019061601006025,API,48,25,300,143.00,"42,900.00"
2019-06-16,2019061601006024,API,26,25,"1,000",143.00,"143,000.00"
2019-06-16,2019061601006109,BOKL,38,49,15,261.00,"3,915.00"
2019-06-16,2019061601005982,BOKL,38,43,90,261.00,"23,490.00"
2019-06-16,2019061601005981,BOKL,26,43,500,261.00,"130,500.00"
2019-06-16,2019061601005980,BOKL,48,43,10,261.00,"2,610.00"
2019-06-16,2019061601005942,BOKL,48,39,98,261.00,"25,578.00"
2019-06-16,2019061601005941,BOKL,40,39,202,261.00,"52,722.00"
2019-06-16,2019061601006272,BPCL,22,45,10,405.00,"4,050.00"
2019-06-16,2019061601006116,BPCL,7,37,50,405.00,"20,250.00"
2019-06-16,2019061601006115,BPCL,50,37,10,405.00,"4,050.00"
2019-06-16,2019061601006285,CBBL,16,6,110,926.00,"101,860.00"
2019-06-16,2019061601006284,CBBL,22,6,60,926.00,"55,560.00"
2019-06-16,2019061601006379,CBL,33,5,22,145.00,"3,190.00"
2019-06-16,2019061601006378,CBL,26,5,100,145.00,"14,500.00"
2019-06-16,2019061601006377,CBL,35,5,100,145.00,"14,500.00"
2019-06-16,2019061601006376,CBL,21,5,600,145.00,"87,000.00"
2019-06-16,2019061601006375,CBL,56,5,115,145.00,"16,675.00"
2019-06-16,2019061601006374,CBL,29,5,63,145.00,"9,135.00"
2019-06-16,2019061601005929,CBL,55,14,20,146.00,"2,920.00"
2019-06-16,2019061601005928,CBL,55,13,180,146.00,"26,280.00"
2019-06-16,2019061601006233,CBL,7,14,200,146.00,"29,200.00"
2019-06-16,2019061601006208,CBL,29,38,237,145.00,"34,365.00"
2019-06-16,2019061601006207,CBL,55,38,300,145.00,"43,500.00"
2019-06-16,2019061601006206,CBL,45,38,463,145.00,"67,135.00"
2019-06-16,2019061601006070,CBL,45,29,537,145.00,"77,865.00"
2019-06-16,2019061601006069,CBL,34,29,140,145.00,"20,300.00"
2019-06-16,2019061601006356,CCBL,25,50,500,164.00,"82,000.00"
2019-06-16,2019061601006326,CCBL,25,48,500,164.00,"82,000.00"
2019-06-16,2019061601006325,CCBL,25,55,100,164.00,"16,400.00"
2019-06-16,2019061601006324,CCBL,25,13,100,164.00,"16,400.00"
2019-06-16,2019061601006323,CCBL,25,53,349,164.00,"57,236.00"
2019-06-16,2019061601006322,CCBL,25,13,953,164.00,"156,292.00"
2019-06-16,2019061601006002,CCBL,40,53,111,164.00,"18,204.00"
2019-06-16,2019061601005945,CCBL,45,40,111,163.00,"18,093.00"
2019-06-16,2019061601006360,CHCL,54,54,20,515.00,"10,300.00"
2019-06-16,2019061601006393,CHL,1,41,10,93.00,930.00
2019-06-16,2019061601006034,CHL,16,43,34,92.00,"3,128.00"
2019-06-16,2019061601006037,CIT,25,6,110,"2,495.00","274,450.00"
2019-06-16,2019061601006129,CZBIL,50,49,207,219.00,"45,333.00"
2019-06-16,2019061601006090,CZBIL,48,36,"1,448",218.00,"315,664.00"
2019-06-16,2019061601006089,CZBIL,36,36,100,218.00,"21,800.00"
2019-06-16,2019061601006088,CZBIL,3,36,20,218.00,"4,360.00"
2019-06-16,2019061601006087,CZBIL,45,36,"2,000",218.00,"436,000.00"
2019-06-16,2019061601006086,CZBIL,52,36,155,218.00,"33,790.00"
2019-06-16,2019061601006079,CZBIL,28,36,500,219.00,"109,500.00"
2019-06-16,2019061601006078,CZBIL,8,36,500,219.00,"109,500.00"
2019-06-16,2019061601006077,CZBIL,7,36,269,219.00,"58,911.00"
2019-06-16,2019061601006085,CZBIL,57,36,200,219.00,"43,800.00"
2019-06-16,2019061601006084,CZBIL,1,36,200,219.00,"43,800.00"
2019-06-16,2019061601006083,CZBIL,45,36,500,219.00,"109,500.00"
2019-06-16,2019061601006082,CZBIL,52,36,500,219.00,"109,500.00"
2019-06-16,2019061601006081,CZBIL,39,36,228,219.00,"49,932.00"
2019-06-16,2019061601006080,CZBIL,33,36,50,219.00,"10,950.00"
2019-06-16,2019061601006151,DBBL,3,51,200,146.00,"29,200.00"
2019-06-16,2019061601006165,DDBL,49,39,52,695.00,"36,140.00"
2019-06-16,2019061601006035,DDBL,49,51,100,695.00,"69,500.00"
2019-06-16,2019061601006027,DDBL,49,51,200,695.00,"139,000.00"
2019-06-16,2019061601006398,EBL,56,57,307,660.00,"202,620.00"
2019-06-16,2019061601006290,EBL,56,6,193,660.00,"127,380.00"
2019-06-16,2019061601006289,EBL,33,6,210,660.00,"138,600.00"
2019-06-16,2019061601006131,EBL,14,41,115,659.00,"75,785.00"
2019-06-16,2019061601006130,EBL,39,41,85,660.00,"56,100.00"
2019-06-16,2019061601005944,EBL,33,6,450,660.00,"297,000.00"
2019-06-16,2019061601005943,EBL,7,6,50,660.00,"33,000.00"
2019-06-16,2019061601006092,EBL,39,32,115,660.00,"75,900.00"
2019-06-16,2019061601006072,EBL,45,32,35,660.00,"23,100.00"
2019-06-16,2019061601006028,EBL,43,32,200,660.00,"132,000.00"
2019-06-16,2019061601005960,EBL,7,32,100,660.00,"66,000.00"
2019-06-16,2019061601005952,EBL,33,32,50,660.00,"33,000.00"
2019-06-16,2019061601006239,EIC,43,21,478,375.00,"179,250.00"
2019-06-16,2019061601006238,EIC,43,11,22,375.00,"8,250.00"
2019-06-16,2019061601006306,FMDBL,22,17,21,380.00,"7,980.00"
2019-06-16,2019061601006305,FMDBL,22,29,29,380.00,"11,020.00"
2019-06-16,2019061601006288,FMDBL,43,29,100,380.00,"38,000.00"
2019-06-16,2019061601006232,FMDBL,45,29,10,380.00,"3,800.00"
2019-06-16,2019061601006188,FMDBL,17,29,50,380.00,"19,000.00"
2019-06-16,2019061601006184,FMDBL,47,29,100,380.00,"38,000.00"
2019-06-16,2019061601006170,FMDBL,40,29,500,380.00,"190,000.00"
2019-06-16,2019061601006169,FMDBL,59,29,211,380.00,"80,180.00"
2019-06-16,2019061601006133,FMDBL,59,58,189,380.00,"71,820.00"
2019-06-16,2019061601006075,FMDBL,45,58,20,380.00,"7,600.00"
2019-06-16,2019061601006074,FMDBL,47,58,41,380.00,"15,580.00"
2019-06-16,2019061601006388,FOWAD,33,5,19,"1,370.00","26,030.00"
2019-06-16,2019061601006252,FOWAD,33,1,63,"1,370.00","86,310.00"
2019-06-16,2019061601006014,FOWAD,45,51,75,"1,368.00","102,600.00"
2019-06-16,2019061601006342,GBBL,4,54,"1,200",225.00,"270,000.00"
2019-06-16,2019061601006265,GBBL,21,50,300,224.00,"67,200.00"
2019-06-16,2019061601006076,GBBL,45,39,60,224.00,"13,440.00"
2019-06-16,2019061601006053,GBBL,45,39,42,224.00,"9,408.00"
2019-06-16,2019061601006397,GBIME,5,11,"1,000",295.00,"295,000.00"
2019-06-16,2019061601006396,GBIME,56,11,28,295.00,"8,260.00"
2019-06-16,2019061601006041,GBIME,56,33,172,295.00,"50,740.00"
2019-06-16,2019061601006040,GBIME,17,33,100,295.00,"29,500.00"
2019-06-16,2019061601006039,GBIME,17,33,28,295.00,"8,260.00"
2019-06-16,2019061601005976,GBIME,17,11,72,295.00,"21,240.00"
2019-06-16,2019061601005963,GBIME,1,11,200,295.00,"59,000.00"
2019-06-16,2019061601005962,GBIME,45,11,25,295.00,"7,375.00"
2019-06-16,2019061601005961,GBIME,34,11,435,295.00,"128,325.00"
2019-06-16,2019061601005969,GBIME,35,11,100,295.00,"29,500.00"
2019-06-16,2019061601005968,GBIME,1,11,100,295.00,"29,500.00"
2019-06-16,2019061601005967,GBIME,1,11,80,295.00,"23,600.00"
2019-06-16,2019061601005966,GBIME,32,11,200,295.00,"59,000.00"
2019-06-16,2019061601005965,GBIME,8,11,500,295.00,"147,500.00"
2019-06-16,2019061601005964,GBIME,51,11,500,295.00,"147,500.00"
2019-06-16,2019061601005975,GBIME,39,11,50,295.00,"14,750.00"
2019-06-16,2019061601005974,GBIME,36,11,100,295.00,"29,500.00"
2019-06-16,2019061601005973,GBIME,11,11,100,295.00,"29,500.00"
2019-06-16,2019061601005972,GBIME,39,11,168,295.00,"49,560.00"
2019-06-16,2019061601005971,GBIME,50,11,300,295.00,"88,500.00"
2019-06-16,2019061601005970,GBIME,38,11,70,295.00,"20,650.00"
2019-06-16,2019061601006047,GBLBS,42,58,100,350.00,"35,000.00"
2019-06-16,2019061601006403,GDBL,58,45,34,210.00,"7,140.00"
2019-06-16,2019061601006402,GDBL,47,45,16,210.00,"3,360.00"
2019-06-16,2019061601006264,GHL,1,41,30,84.00,"2,520.00"
2019-06-16,2019061601006263,GHL,1,41,30,84.00,"2,520.00"
2019-06-16,2019061601006262,GHL,1,41,20,84.00,"1,680.00"
2019-06-16,2019061601006261,GHL,1,32,30,84.00,"2,520.00"
2019-06-16,2019061601006260,GHL,1,41,30,84.00,"2,520.00"
2019-06-16,2019061601006257,GHL,56,47,60,83.00,"4,980.00"
2019-06-16,2019061601006237,GHL,56,47,20,83.00,"1,660.00"
2019-06-16,2019061601006236,GHL,37,47,40,83.00,"3,320.00"
2019-06-16,2019061601005955,GLBSL,39,29,10,343.00,"3,430.00"
2019-06-16,2019061601005954,GRDBL,16,56,500,115.00,"57,500.00"
2019-06-16,2019061601005953,GRDBL,43,56,100,116.00,"11,600.00"
2019-06-16,2019061601006368,HBL,59,46,178,556.00,"98,968.00"
2019-06-16,2019061601005989,HBL,49,58,154,555.00,"85,470.00"
2019-06-16,2019061601005988,HBL,49,58,981,556.00,"545,436.00"
2019-06-16,2019061601006031,HIDCL,7,48,61,160.00,"9,760.00"
2019-06-16,2019061601006030,HIDCL,7,38,126,160.00,"20,160.00"
2019-06-16,2019061601006029,HIDCL,7,49,159,160.00,"25,440.00"
2019-06-16,2019061601006181,HPPL,43,39,10,179.00,"1,790.00"
2019-06-16,2019061601006201,HURJA,39,36,50,152.00,"7,600.00"
2019-06-16,2019061601006200,HURJA,39,17,20,152.00,"3,040.00"
2019-06-16,2019061601006199,HURJA,39,38,20,150.00,"3,000.00"
2019-06-16,2019061601006198,HURJA,39,35,20,150.00,"3,000.00"
2019-06-16,2019061601006197,HURJA,39,19,20,150.00,"3,000.00"
2019-06-16,2019061601006196,HURJA,39,19,20,150.00,"3,000.00"
2019-06-16,2019061601006189,HURJA,39,17,10,147.00,"1,470.00"
2019-06-16,2019061601006195,HURJA,39,34,300,148.00,"44,400.00"
2019-06-16,2019061601006194,HURJA,39,57,20,148.00,"2,960.00"
2019-06-16,2019061601006193,HURJA,39,3,200,147.00,"29,400.00"
2019-06-16,2019061601006192,HURJA,39,39,20,147.00,"2,940.00"
2019-06-16,2019061601006191,HURJA,39,40,20,147.00,"2,940.00"
2019-06-16,2019061601006190,HURJA,39,11,160,147.00,"23,520.00"
2019-06-16,2019061601006307,ICFC,39,53,200,160.00,"32,000.00"
2019-06-16,2019061601006277,ICFC,28,53,28,160.00,"4,480.00"
2019-06-16,2019061601006276,ICFC,45,53,89,160.00,"14,240.00"
2019-06-16,2019061601006229,ICFC,45,56,11,160.00,"1,760.00"
2019-06-16,2019061601006228,ICFC,45,56,89,160.00,"14,240.00"
2019-06-16,2019061601006167,ICFC,45,22,11,160.00,"1,760.00"
2019-06-16,2019061601006166,ICFC,58,22,189,160.00,"30,240.00"
2019-06-16,2019061601006102,ICFC,58,38,311,160.00,"49,760.00"
2019-06-16,2019061601006243,JBBL,56,22,200,154.00,"30,800.00"
2019-06-16,2019061601006278,JBNL,51,37,250,208.00,"52,000.00"
2019-06-16,2019061601006267,JBNL,29,37,200,208.00,"41,600.00"
2019-06-16,2019061601005983,JBNL,46,49,100,208.00,"20,800.00"
2019-06-16,2019061601006373,JOSHI,37,16,10,86.00,860.00
2019-06-16,2019061601006211,JOSHI,22,39,20,85.00,"1,700.00"
2019-06-16,2019061601006334,KBL,49,51,300,210.00,"63,000.00"
2019-06-16,2019061601006333,KBL,49,29,53,210.00,"11,130.00"
2019-06-16,2019061601006282,KBL,52,29,200,210.00,"42,000.00"
2019-06-16,2019061601006259,KBL,58,29,200,210.00,"42,000.00"
2019-06-16,2019061601006067,KBL,41,36,170,208.00,"35,360.00"
2019-06-16,2019061601006066,KBL,51,36,500,208.00,"104,000.00"
2019-06-16,2019061601006017,KBL,47,39,100,209.00,"20,900.00"
2019-06-16,2019061601006016,KBL,48,39,150,209.00,"31,350.00"
2019-06-16,2019061601006059,KBL,42,36,100,208.00,"20,800.00"
2019-06-16,2019061601006058,KBL,55,36,"1,000",209.00,"209,000.00"
2019-06-16,2019061601006057,KBL,14,36,500,209.00,"104,500.00"
2019-06-16,2019061601006056,KBL,38,36,300,209.00,"62,700.00"
2019-06-16,2019061601006055,KBL,49,36,610,209.00,"127,490.00"
2019-06-16,2019061601006018,KBL,49,39,390,209.00,"81,510.00"
2019-06-16,2019061601006065,KBL,42,36,"2,000",208.00,"416,000.00"
2019-06-16,2019061601006064,KBL,45,36,200,208.00,"41,600.00"
2019-06-16,2019061601006063,KBL,39,36,"1,000",208.00,"208,000.00"
2019-06-16,2019061601006062,KBL,40,36,500,208.00,"104,000.00"
2019-06-16,2019061601006061,KBL,57,36,200,208.00,"41,600.00"
2019-06-16,2019061601006060,KBL,32,36,500,208.00,"104,000.00"
2019-06-16,2019061601006230,KPCL,59,26,10,93.00,930.00
2019-06-16,2019061601006012,KSBBL,54,46,"1,000",154.00,"154,000.00"
2019-06-16,2019061601006011,KSBBL,54,46,23,154.00,"3,542.00"
2019-06-16,2019061601006286,LBBL,33,14,100,197.00,"19,700.00"
2019-06-16,2019061601006154,LBBL,35,14,150,197.00,"29,550.00"
2019-06-16,2019061601006341,LBL,48,58,418,218.00,"91,124.00"
2019-06-16,2019061601006292,LBL,48,58,882,218.00,"192,276.00"
2019-06-16,2019061601006291,LBL,48,58,106,218.00,"23,108.00"
2019-06-16,2019061601006187,LBL,43,58,394,218.00,"85,892.00"
2019-06-16,2019061601006142,LBL,43,45,106,218.00,"23,108.00"
2019-06-16,2019061601006141,LBL,50,45,394,218.00,"85,892.00"
2019-06-16,2019061601006361,LLBS,45,22,51,655.00,"33,405.00"
2019-06-16,2019061601006319,LLBS,22,6,24,654.00,"15,696.00"
2019-06-16,2019061601006135,MBL,57,55,76,267.00,"20,292.00"
2019-06-16,2019061601006134,MBL,57,58,600,267.00,"160,200.00"
2019-06-16,2019061601006283,MEGA,39,59,50,200.00,"10,000.00"
2019-06-16,2019061601006280,MEGA,39,59,50,200.00,"10,000.00"
2019-06-16,2019061601006254,MEGA,39,59,50,200.00,"10,000.00"
2019-06-16,2019061601006244,MEGA,39,59,18,200.00,"3,600.00"
2019-06-16,2019061601006242,MEGA,33,59,260,200.00,"52,000.00"
2019-06-16,2019061601006235,MEGA,39,59,50,200.00,"10,000.00"
2019-06-16,2019061601005908,MEGA,39,43,50,199.00,"9,950.00"
2019-06-16,2019061601005907,MEGA,39,43,50,199.00,"9,950.00"
2019-06-16,2019061601005906,MEGA,39,43,50,199.00,"9,950.00"
2019-06-16,2019061601005905,MEGA,39,43,50,199.00,"9,950.00"
2019-06-16,2019061601005904,MEGA,39,43,50,199.00,"9,950.00"
2019-06-16,2019061601005914,MEGA,39,43,47,199.00,"9,353.00"
2019-06-16,2019061601005913,MEGA,39,43,50,199.00,"9,950.00"
2019-06-16,2019061601005912,MEGA,39,43,50,199.00,"9,950.00"
2019-06-16,2019061601005911,MEGA,39,43,50,199.00,"9,950.00"
2019-06-16,2019061601005910,MEGA,46,43,200,199.00,"39,800.00"
2019-06-16,2019061601005909,MEGA,39,43,100,199.00,"19,900.00"
2019-06-16,2019061601006126,MEGA,39,41,50,199.00,"9,950.00"
2019-06-16,2019061601006125,MEGA,59,41,50,199.00,"9,950.00"
2019-06-16,2019061601006124,MEGA,39,41,100,199.00,"19,900.00"
2019-06-16,2019061601006123,MEGA,39,41,50,199.00,"9,950.00"
2019-06-16,2019061601006122,MEGA,39,41,100,199.00,"19,900.00"
2019-06-16,2019061601006121,MEGA,39,41,50,199.00,"9,950.00"
2019-06-16,2019061601006147,MEGA,58,5,50,199.00,"9,950.00"
2019-06-16,2019061601006146,MEGA,39,5,50,199.00,"9,950.00"
2019-06-16,2019061601006145,MEGA,39,28,50,200.00,"10,000.00"
2019-06-16,2019061601006139,MEGA,39,28,50,200.00,"10,000.00"
2019-06-16,2019061601006132,MEGA,39,28,50,200.00,"10,000.00"
2019-06-16,2019061601006128,MEGA,39,57,50,199.00,"9,950.00"
2019-06-16,2019061601006172,MEGA,47,48,10,200.00,"2,000.00"
2019-06-16,2019061601006171,MEGA,47,28,31,200.00,"6,200.00"
2019-06-16,2019061601006168,MEGA,39,28,50,200.00,"10,000.00"
2019-06-16,2019061601006155,MEGA,39,28,50,200.00,"10,000.00"
2019-06-16,2019061601006150,MEGA,39,37,50,199.00,"9,950.00"
2019-06-16,2019061601006149,MEGA,39,37,50,199.00,"9,950.00"
2019-06-16,2019061601006231,MEGA,39,59,50,200.00,"10,000.00"
2019-06-16,2019061601006225,MEGA,39,22,32,199.00,"6,368.00"
2019-06-16,2019061601006217,MEGA,39,59,50,200.00,"10,000.00"
2019-06-16,2019061601006202,MEGA,39,59,50,200.00,"10,000.00"
2019-06-16,2019061601006174,MEGA,47,59,159,200.00,"31,800.00"
2019-06-16,2019061601006173,MEGA,47,57,500,200.00,"100,000.00"
2019-06-16,2019061601006032,MNBBL,41,32,294,372.00,"109,368.00"
2019-06-16,2019061601006390,NABIL,14,29,15,813.00,"12,195.00"
2019-06-16,2019061601006372,NABIL,45,51,100,814.00,"81,400.00"
2019-06-16,2019061601006347,NABIL,28,51,20,814.00,"16,280.00"
2019-06-16,2019061601006346,NABIL,17,51,100,814.00,"81,400.00"
2019-06-16,2019061601006311,NABIL,36,19,478,817.00,"390,526.00"
2019-06-16,2019061601006310,NABIL,36,19,22,815.00,"17,930.00"
2019-06-16,2019061601006281,NABIL,6,19,168,815.00,"136,920.00"
2019-06-16,2019061601006274,NABIL,8,19,200,815.00,"163,000.00"
2019-06-16,2019061601006144,NABIL,8,41,300,815.00,"244,500.00"
2019-06-16,2019061601006114,NABIL,13,19,110,816.00,"89,760.00"
2019-06-16,2019061601006255,NABILP,57,6,116,800.00,"92,800.00"
2019-06-16,2019061601005927,NABILP,57,14,215,800.00,"172,000.00"
2019-06-16,2019061601006068,NABILP,57,57,50,800.00,"40,000.00"
2019-06-16,2019061601006270,NBB,51,34,656,221.00,"144,976.00"
2019-06-16,2019061601006269,NBB,51,34,344,221.00,"76,024.00"
2019-06-16,2019061601006383,NBL,13,7,695,323.00,"224,485.00"
2019-06-16,2019061601006382,NBL,42,7,100,323.00,"32,300.00"
2019-06-16,2019061601006381,NBL,28,7,185,323.00,"59,755.00"
2019-06-16,2019061601006182,NBL,28,50,75,323.00,"24,225.00"
2019-06-16,2019061601006108,NBL,16,57,10,324.00,"3,240.00"
2019-06-16,2019061601006107,NBL,16,46,50,324.00,"16,200.00"
2019-06-16,2019061601006091,NBL,28,33,740,323.00,"239,020.00"
2019-06-16,2019061601006073,NBL,16,33,60,323.00,"19,380.00"
2019-06-16,2019061601006038,NBL,28,33,200,323.00,"64,600.00"
2019-06-16,2019061601006003,NBL,6,33,280,323.00,"90,440.00"
2019-06-16,2019061601005937,NBL,28,33,500,323.00,"161,500.00"
2019-06-16,2019061601005936,NBL,45,33,220,323.00,"71,060.00"
2019-06-16,2019061601006389,NCCB,58,13,100,255.00,"25,500.00"
2019-06-16,2019061601006371,NCCB,58,13,550,255.00,"140,250.00"
2019-06-16,2019061601006370,NCCB,48,13,250,255.00,"63,750.00"
2019-06-16,2019061601006369,NCCB,58,13,200,255.00,"51,000.00"
2019-06-16,2019061601006345,NCCB,58,1,10,256.00,"2,560.00"
2019-06-16,2019061601006258,NCCB,58,13,100,255.00,"25,500.00"
2019-06-16,2019061601005935,NCCB,38,53,108,254.00,"27,432.00"
2019-06-16,2019061601005934,NCCB,48,53,300,254.00,"76,200.00"
2019-06-16,2019061601005933,NCCB,21,53,500,254.00,"127,000.00"
2019-06-16,2019061601005932,NCCB,45,53,50,255.00,"12,750.00"
2019-06-16,2019061601005931,NCCB,57,53,25,255.00,"6,375.00"
2019-06-16,2019061601005930,NCCB,41,53,17,255.00,"4,335.00"
2019-06-16,2019061601006248,NCCB,58,52,200,255.00,"51,000.00"
2019-06-16,2019061601006214,NCCB,39,1,200,256.00,"51,200.00"
2019-06-16,2019061601006140,NCCB,58,53,500,255.00,"127,500.00"
2019-06-16,2019061601006050,NCCB,58,53,"1,000",255.00,"255,000.00"
2019-06-16,2019061601006001,NCCB,43,53,500,255.00,"127,500.00"
2019-06-16,2019061601005956,NCCB,43,5,500,255.00,"127,500.00"
2019-06-16,2019061601006015,NHDL,51,56,10,132.00,"1,320.00"
2019-06-16,2019061601006186,NHPC,45,42,200,68.00,"13,600.00"
2019-06-16,2019061601005999,NIB,59,39,100,525.00,"52,500.00"
2019-06-16,2019061601005998,NIB,19,39,200,525.00,"105,000.00"
2019-06-16,2019061601005997,NIB,44,39,200,525.00,"105,000.00"
2019-06-16,2019061601005996,NIB,26,39,100,525.00,"52,500.00"
2019-06-16,2019061601005995,NIB,38,39,100,525.00,"52,500.00"
2019-06-16,2019061601005994,NIB,6,39,50,525.00,"26,250.00"
2019-06-16,2019061601005993,NIB,28,39,200,525.00,"105,000.00"
2019-06-16,2019061601005992,NIB,35,39,50,526.00,"26,300.00"
2019-06-16,2019061601005991,NIB,41,39,48,526.00,"25,248.00"
2019-06-16,2019061601005986,NIB,41,41,22,526.00,"11,572.00"
2019-06-16,2019061601005985,NIB,29,41,108,526.00,"56,808.00"
2019-06-16,2019061601005984,NIB,7,41,10,527.00,"5,270.00"
2019-06-16,2019061601006295,NICA,29,4,100,453.00,"45,300.00"
2019-06-16,2019061601006294,NICA,38,4,50,453.00,"22,650.00"
2019-06-16,2019061601006293,NICA,18,4,45,453.00,"20,385.00"
2019-06-16,2019061601006314,NIL,35,50,200,494.00,"98,800.00"
2019-06-16,2019061601006387,NLIC,56,6,100,910.00,"91,000.00"
2019-06-16,2019061601006332,NLIC,38,6,50,910.00,"45,500.00"
2019-06-16,2019061601006051,NLIC,45,6,50,910.00,"45,500.00"
2019-06-16,2019061601005979,NLIC,38,6,146,910.00,"132,860.00"
2019-06-16,2019061601005978,NLIC,38,16,17,910.00,"15,470.00"
2019-06-16,2019061601005977,NLIC,38,50,37,910.00,"33,670.00"
2019-06-16,2019061601006105,NLICL,26,41,200,617.00,"123,400.00"
2019-06-16,2019061601006104,NLICL,35,41,100,618.00,"61,800.00"
2019-06-16,2019061601006271,NMFBS,33,29,20,"1,407.00","28,140.00"
2019-06-16,2019061601006212,NMFBS,33,40,15,"1,400.00","21,000.00"
2019-06-16,2019061601006153,NMFBS,33,51,12,"1,390.00","16,680.00"
2019-06-16,2019061601006392,NTC,6,43,400,691.00,"276,400.00"
2019-06-16,2019061601006391,NTC,4,43,300,691.00,"207,300.00"
2019-06-16,2019061601006358,NTC,4,43,200,691.00,"138,200.00"
2019-06-16,2019061601006178,NTC,34,13,30,695.00,"20,850.00"
2019-06-16,2019061601006177,NTC,34,22,100,695.00,"69,500.00"
2019-06-16,2019061601006176,NTC,34,59,75,695.00,"52,125.00"
2019-06-16,2019061601006175,NTC,34,7,295,694.00,"204,730.00"
2019-06-16,2019061601006036,NTC,36,7,10,694.00,"6,940.00"
2019-06-16,2019061601006344,OHL,43,11,70,640.00,"44,800.00"
2019-06-16,2019061601006268,OHL,42,42,62,635.00,"39,370.00"
2019-06-16,2019061601006318,PCBL,53,42,400,289.00,"115,600.00"
2019-06-16,2019061601006317,PCBL,53,43,354,289.00,"102,306.00"
2019-06-16,2019061601006275,PCBL,38,43,100,289.00,"28,900.00"
2019-06-16,2019061601006256,PCBL,7,43,100,289.00,"28,900.00"
2019-06-16,2019061601006148,PCBL,42,43,20,289.00,"5,780.00"
2019-06-16,2019061601005990,PCBL,59,43,342,289.00,"98,838.00"
2019-06-16,2019061601006351,PIC,17,5,100,982.00,"98,200.00"
2019-06-16,2019061601006218,PIC,38,50,10,990.00,"9,900.00"
2019-06-16,2019061601006183,PIC,33,38,100,989.00,"98,900.00"
2019-06-16,2019061601005924,PIC,49,50,95,990.00,"94,050.00"
2019-06-16,2019061601006227,PLIC,16,10,149,437.00,"65,113.00"
2019-06-16,2019061601006223,PPCL,19,33,"1,500",137.00,"205,500.00"
2019-06-16,2019061601006095,PPCL,38,7,10,138.00,"1,380.00"
2019-06-16,2019061601006094,PPCL,38,14,"1,530",138.00,"211,140.00"
2019-06-16,2019061601006093,PPCL,38,39,10,138.00,"1,380.00"
2019-06-16,2019061601006340,PRIN,32,57,15,383.00,"5,745.00"
2019-06-16,2019061601006367,PRVU,54,46,85,267.00,"22,695.00"
2019-06-16,2019061601006366,PRVU,5,46,"1,000",267.00,"267,000.00"
2019-06-16,2019061601006365,PRVU,38,46,30,267.00,"8,010.00"
2019-06-16,2019061601006364,PRVU,36,46,"1,000",267.00,"267,000.00"
2019-06-16,2019061601006234,PRVU,28,57,140,267.00,"37,380.00"
2019-06-16,2019061601006224,PRVU,29,21,300,268.00,"80,400.00"
2019-06-16,2019061601006363,PRVU,57,46,25,267.00,"6,675.00"
2019-06-16,2019061601006362,PRVU,28,46,360,267.00,"96,120.00"
2019-06-16,2019061601006357,PRVU,28,53,300,267.00,"80,100.00"
2019-06-16,2019061601006312,PRVU,28,45,700,267.00,"186,900.00"
2019-06-16,2019061601006241,RADHI,6,26,11,164.00,"1,804.00"
2019-06-16,2019061601006320,RBCL,47,25,10,"9,500.00","95,000.00"
2019-06-16,2019061601006304,RBCL,19,25,50,"9,506.00","475,300.00"
2019-06-16,2019061601006303,RBCL,40,25,30,"9,507.00","285,210.00"
2019-06-16,2019061601006302,RBCL,19,25,10,"9,509.00","95,090.00"
2019-06-16,2019061601006301,RBCL,56,25,10,"9,510.00","95,100.00"
2019-06-16,2019061601006300,RBCL,43,25,10,"9,520.00","95,200.00"
2019-06-16,2019061601006299,RBCL,19,25,10,"9,605.00","96,050.00"
2019-06-16,2019061601006000,RBCL,47,6,10,"9,604.00","96,040.00"
2019-06-16,2019061601005959,RBCL,45,6,10,"9,605.00","96,050.00"
2019-06-16,2019061601005958,RBCL,51,6,10,"9,606.00","96,060.00"
2019-06-16,2019061601005957,RBCL,6,6,30,"9,610.00","288,300.00"
2019-06-16,2019061601006386,RBCLPO,3,49,10,"8,751.00","87,510.00"
2019-06-16,2019061601006136,RLFL,6,1,193,131.00,"25,283.00"
2019-06-16,2019061601006400,RMDC,28,53,100,646.00,"64,600.00"
2019-06-16,2019061601006355,RMDC,28,52,50,646.00,"32,300.00"
2019-06-16,2019061601006251,RMDC,28,51,145,646.00,"93,670.00"
2019-06-16,2019061601006250,RMDC,10,51,65,646.00,"41,990.00"
2019-06-16,2019061601006013,RSDC,57,43,90,357.00,"32,130.00"
2019-06-16,2019061601006019,SADBL,46,57,237,150.00,"35,550.00"
2019-06-16,2019061601006348,SANIMA,28,34,27,345.00,"9,315.00"
2019-06-16,2019061601006273,SANIMA,7,34,100,345.00,"34,500.00"
2019-06-16,2019061601006052,SANIMA,58,34,200,345.00,"69,000.00"
2019-06-16,2019061601005951,SBBLJ,13,38,500,195.00,"97,500.00"
2019-06-16,2019061601006221,SBI,40,53,"1,000",463.00,"463,000.00"
2019-06-16,2019061601006209,SBI,40,39,88,463.00,"40,744.00"
2019-06-16,2019061601006101,SBI,39,13,200,464.00,"92,800.00"
2019-06-16,2019061601006020,SBI,43,13,200,464.00,"92,800.00"
2019-06-16,2019061601006205,SBL,34,17,196,320.00,"62,720.00"
2019-06-16,2019061601006185,SBL,29,17,300,320.00,"96,000.00"
2019-06-16,2019061601006164,SBL,35,17,200,320.00,"64,000.00"
2019-06-16,2019061601006163,SBL,36,17,"1,000",320.00,"320,000.00"
2019-06-16,2019061601006162,SBL,58,17,500,320.00,"160,000.00"
2019-06-16,2019061601006161,SBL,35,17,500,320.00,"160,000.00"
2019-06-16,2019061601006160,SBL,43,17,50,320.00,"16,000.00"
2019-06-16,2019061601006159,SBL,56,17,"5,000",320.00,"1,600,000.00"
2019-06-16,2019061601006158,SBL,56,17,"3,000",320.00,"960,000.00"
2019-06-16,2019061601006157,SBL,56,17,"3,000",320.00,"960,000.00"
2019-06-16,2019061601006156,SBL,56,17,754,320.00,"241,280.00"
2019-06-16,2019061601006009,SBL,10,17,500,321.00,"160,500.00"
2019-06-16,2019061601006316,SCB,29,53,169,661.00,"111,709.00"
2019-06-16,2019061601006315,SCB,41,53,71,661.00,"46,931.00"
2019-06-16,2019061601006071,SCB,43,55,20,662.00,"13,240.00"
2019-06-16,2019061601006152,SEF,43,39,500,9.57,"4,785.00"
2019-06-16,2019061601006240,SFFIL,1,55,56,207.00,"11,592.00"
2019-06-16,2019061601006385,SHIVM,22,49,100,648.00,"64,800.00"
2019-06-16,2019061601006384,SHIVM,28,49,300,648.00,"194,400.00"
2019-06-16,2019061601006296,SHIVM,58,42,10,649.00,"6,490.00"
2019-06-16,2019061601006210,SHIVM,17,19,100,648.00,"64,800.00"
2019-06-16,2019061601006113,SHIVM,16,57,67,648.00,"43,416.00"
2019-06-16,2019061601006112,SHIVM,43,57,50,648.00,"32,400.00"
2019-06-16,2019061601006111,SHIVM,33,57,83,648.00,"53,784.00"
2019-06-16,2019061601005987,SHIVM,33,33,50,648.00,"32,400.00"
2019-06-16,2019061601006117,SHL,26,57,100,229.00,"22,900.00"
2019-06-16,2019061601006048,SHL,43,58,800,230.00,"184,000.00"
2019-06-16,2019061601006010,SHL,6,28,676,230.00,"155,480.00"
2019-06-16,2019061601005940,SHL,37,28,200,230.00,"46,000.00"
2019-06-16,2019061601005939,SHL,32,28,100,230.00,"23,000.00"
2019-06-16,2019061601005938,SHL,16,28,200,230.00,"46,000.00"
2019-06-16,2019061601006279,SIC,25,35,14,687.00,"9,618.00"
2019-06-16,2019061601006222,SIC,25,40,130,674.00,"87,620.00"
2019-06-16,2019061601006106,SIC,25,40,15,674.00,"10,110.00"
2019-06-16,2019061601006098,SIC,25,38,30,672.00,"20,160.00"
2019-06-16,2019061601006380,SIFC,43,1,300,153.00,"45,900.00"
2019-06-16,2019061601006350,SIFC,43,43,54,153.00,"8,262.00"
2019-06-16,2019061601006349,SIFC,39,43,74,153.00,"11,322.00"
2019-06-16,2019061601006297,SIFC,39,43,26,153.00,"3,978.00"
2019-06-16,2019061601006354,SIL,25,28,50,467.00,"23,350.00"
2019-06-16,2019061601006308,SINDU,34,43,11,137.00,"1,507.00"
2019-06-16,2019061601006213,SLBBL,39,39,81,415.00,"33,615.00"
2019-06-16,2019061601006245,SLBBL,39,39,3,415.00,"1,245.00"
2019-06-16,2019061601006097,SLBS,42,58,31,728.00,"22,568.00"
2019-06-16,2019061601006327,SLBSL,42,45,10,521.00,"5,210.00"
2019-06-16,2019061601006220,SLBSL,42,26,30,521.00,"15,630.00"
2019-06-16,2019061601006143,SLBSL,42,33,10,521.00,"5,210.00"
2019-06-16,2019061601005950,SLICL,57,4,300,449.00,"134,700.00"
2019-06-16,2019061601005949,SLICL,7,4,100,450.00,"45,000.00"
2019-06-16,2019061601005948,SLICL,45,4,50,450.00,"22,500.00"
2019-06-16,2019061601005947,SLICL,29,4,50,450.00,"22,500.00"
2019-06-16,2019061601005946,SLICL,34,4,200,452.00,"90,400.00"
2019-06-16,2019061601006343,SPARS,52,58,10,490.00,"4,900.00"
2019-06-16,2019061601006266,SPARS,50,57,10,486.00,"4,860.00"
2019-06-16,2019061601006247,SPARS,57,26,10,487.00,"4,870.00"
2019-06-16,2019061601006103,SPARS,45,33,10,489.00,"4,890.00"
2019-06-16,2019061601006399,SRBL,28,29,329,251.00,"82,579.00"
2019-06-16,2019061601006138,SRBL,8,29,100,251.00,"25,100.00"
2019-06-16,2019061601006046,SRBL,44,29,500,251.00,"125,500.00"
2019-06-16,2019061601006045,SRBL,34,29,500,251.00,"125,500.00"
2019-06-16,2019061601006044,SRBL,55,29,500,251.00,"125,500.00"
2019-06-16,2019061601006043,SRBL,6,29,333,251.00,"83,583.00"
2019-06-16,2019061601006033,SRBL,28,22,485,252.00,"122,220.00"
2019-06-16,2019061601006004,SRBL,49,22,100,252.00,"25,200.00"
2019-06-16,2019061601006120,SWBBL,49,49,"1,250",875.00,"1,093,750.00"
2019-06-16,2019061601006119,SWBBL,49,14,16,870.00,"13,920.00"
2019-06-16,2019061601006008,SWBBL,11,14,40,870.00,"34,800.00"
2019-06-16,2019061601006007,SWBBL,16,14,20,870.00,"17,400.00"
2019-06-16,2019061601006006,SWBBL,16,14,40,870.00,"34,800.00"
2019-06-16,2019061601006005,SWBBL,34,14,84,871.00,"73,164.00"
2019-06-16,2019061601006298,TRH,38,57,10,321.00,"3,210.00"
2019-06-16,2019061601006309,UIC,47,56,420,895.00,"375,900.00"
2019-06-16,2019061601006359,UPCL,29,43,50,91.00,"4,550.00"
2019-06-16,2019061601006353,UPCL,29,53,450,91.00,"40,950.00"
2019-06-16,2019061601006352,UPCL,29,53,60,91.00,"5,460.00"
2019-06-16,2019061601006287,UPCL,29,43,50,91.00,"4,550.00"
2019-06-16,2019061601006401,UPPER,55,41,10,260.00,"2,600.00"
2019-06-16,2019061601006395,UPPER,49,41,100,260.00,"26,000.00"
2019-06-16,2019061601006394,UPPER,43,41,47,260.00,"12,220.00"
2019-06-16,2019061601006331,UPPER,41,8,49,261.00,"12,789.00"
2019-06-16,2019061601006330,UPPER,41,39,40,261.00,"10,440.00"
2019-06-16,2019061601006329,UPPER,41,50,461,261.00,"120,321.00"
2019-06-16,2019061601005923,UPPER,20,51,293,260.00,"76,180.00"
2019-06-16,2019061601005918,UPPER,20,42,440,260.00,"114,400.00"
2019-06-16,2019061601005917,UPPER,20,28,50,260.00,"13,000.00"
2019-06-16,2019061601005916,UPPER,20,28,50,260.00,"13,000.00"
2019-06-16,2019061601005915,UPPER,20,32,40,260.00,"10,400.00"
2019-06-16,2019061601006180,UPPER,39,52,113,260.00,"29,380.00"
2019-06-16,2019061601006179,UPPER,39,42,40,260.00,"10,400.00"
2019-06-16,2019061601006110,UPPER,11,26,50,259.00,"12,950.00"
2019-06-16,2019061601006100,UPPER,20,52,87,260.00,"22,620.00"
2019-06-16,2019061601006096,UPPER,20,55,40,260.00,"10,400.00"
2019-06-16,2019061601006328,UPPER,41,13,50,260.00,"13,000.00"
2019-06-16,2019061601006253,UPPER,19,50,40,261.00,"10,440.00"
2019-06-16,2019061601006216,UPPER,43,32,753,260.00,"195,780.00"
2019-06-16,2019061601006215,UPPER,39,32,47,260.00,"12,220.00"
2019-06-16,2019061601005896,ADBL,52,48,56,406.00,"22,736.00"
2019-06-16,2019061601005895,ADBL,52,55,33,406.00,"13,398.00"
2019-06-16,2019061601005824,ADBL,52,55,17,406.00,"6,902.00"
2019-06-16,2019061601005823,ADBL,52,13,483,406.00,"196,098.00"
2019-06-16,2019061601005822,ADBL,52,39,"1,000",406.00,"406,000.00"
2019-06-16,2019061601005716,ADBL,42,13,21,405.00,"8,505.00"
2019-06-16,2019061601005681,ADBL,49,13,146,405.00,"59,130.00"
2019-06-16,2019061601005678,ADBL,49,57,60,405.00,"24,300.00"
2019-06-16,2019061601005626,ADBL,49,42,100,405.00,"40,500.00"
2019-06-16,2019061601005614,ADBL,49,49,78,405.00,"31,590.00"
2019-06-16,2019061601005715,ADBL,34,13,100,405.00,"40,500.00"
2019-06-16,2019061601005714,ADBL,58,13,196,405.00,"79,380.00"
2019-06-16,2019061601005705,ADBL,11,19,111,406.00,"45,066.00"
2019-06-16,2019061601005704,ADBL,11,19,130,406.00,"52,780.00"
2019-06-16,2019061601005683,ADBL,58,13,804,405.00,"325,620.00"
2019-06-16,2019061601005682,ADBL,26,13,50,405.00,"20,250.00"
2019-06-16,2019061601005805,AHPC,38,43,"1,385",105.00,"145,425.00"
2019-06-16,2019061601005804,AHPC,40,43,100,105.00,"10,500.00"
2019-06-16,2019061601005803,AHPC,57,43,400,105.00,"42,000.00"
2019-06-16,2019061601005802,AHPC,53,43,500,105.00,"52,500.00"
2019-06-16,2019061601005801,AHPC,13,43,470,105.00,"49,350.00"
2019-06-16,2019061601005800,AHPC,39,43,145,106.00,"15,370.00"
2019-06-16,2019061601005775,AKPL,39,37,13,184.00,"2,392.00"
2019-06-16,2019061601005698,ALBSL,35,7,10,399.00,"3,990.00"
2019-06-16,2019061601005526,ALBSL,35,14,10,399.00,"3,990.00"
2019-06-16,2019061601005712,ALICL,57,52,200,390.00,"78,000.00"
2019-06-16,2019061601005594,ALICL,57,14,90,390.00,"35,100.00"
2019-06-16,2019061601005730,API,41,45,40,144.00,"5,760.00"
2019-06-16,2019061601005464,BFC,13,14,100,103.00,"10,300.00"
2019-06-16,2019061601005463,BFC,45,14,"1,000",103.00,"103,000.00"
2019-06-16,2019061601005430,BOKL,40,28,151,261.00,"39,411.00"
2019-06-16,2019061601005429,BOKL,41,28,49,262.00,"12,838.00"
2019-06-16,2019061601005846,BPCL,22,57,47,404.00,"18,988.00"
2019-06-16,2019061601005687,BPCL,52,57,53,404.00,"21,412.00"
2019-06-16,2019061601005685,BPCL,52,42,147,404.00,"59,388.00"
2019-06-16,2019061601005684,BPCL,34,42,53,404.00,"21,412.00"
2019-06-16,2019061601005680,BPCL,7,34,149,405.00,"60,345.00"
2019-06-16,2019061601005679,BPCL,7,38,63,405.00,"25,515.00"
2019-06-16,2019061601005625,BPCL,34,57,11,404.00,"4,444.00"
2019-06-16,2019061601005591,BPCL,34,57,11,404.00,"4,444.00"
2019-06-16,2019061601005559,BPCL,34,57,11,404.00,"4,444.00"
2019-06-16,2019061601005555,BPCL,34,57,11,404.00,"4,444.00"
2019-06-16,2019061601005539,BPCL,34,14,11,404.00,"4,444.00"
2019-06-16,2019061601005438,BPCL,34,37,22,404.00,"8,888.00"
2019-06-16,2019061601005851,CBBL,22,32,40,926.00,"37,040.00"
2019-06-16,2019061601005850,CBBL,42,32,160,926.00,"148,160.00"
2019-06-16,2019061601005842,CBBL,42,26,190,926.00,"175,940.00"
2019-06-16,2019061601005841,CBBL,35,26,10,927.00,"9,270.00"
2019-06-16,2019061601005657,CBBL,38,18,10,928.00,"9,280.00"
2019-06-16,2019061601005586,CBBL,36,45,50,929.00,"46,450.00"
2019-06-16,2019061601005585,CBBL,36,13,50,928.00,"46,400.00"
2019-06-16,2019061601005879,CBL,34,58,100,145.00,"14,500.00"
2019-06-16,2019061601005838,CBL,34,43,500,145.00,"72,500.00"
2019-06-16,2019061601005815,CBL,34,28,260,145.00,"37,700.00"
2019-06-16,2019061601005814,CBL,44,28,200,145.00,"29,000.00"
2019-06-16,2019061601005813,CBL,41,28,200,145.00,"29,000.00"
2019-06-16,2019061601005812,CBL,7,28,500,145.00,"72,500.00"
2019-06-16,2019061601005437,CBL,43,14,35,146.00,"5,110.00"
2019-06-16,2019061601005502,CBL,16,38,100,145.00,"14,500.00"
2019-06-16,2019061601005501,CBL,39,38,"1,000",145.00,"145,000.00"
2019-06-16,2019061601005500,CBL,14,38,200,145.00,"29,000.00"
2019-06-16,2019061601005499,CBL,19,38,"1,000",145.00,"145,000.00"
2019-06-16,2019061601005498,CBL,41,38,35,145.00,"5,075.00"
2019-06-16,2019061601005497,CBL,57,38,980,145.00,"142,100.00"
2019-06-16,2019061601005811,CBL,36,28,500,145.00,"72,500.00"
2019-06-16,2019061601005810,CBL,34,28,115,145.00,"16,675.00"
2019-06-16,2019061601005731,CBL,34,48,250,145.00,"36,250.00"
2019-06-16,2019061601005505,CBL,34,38,135,145.00,"19,575.00"
2019-06-16,2019061601005504,CBL,19,38,500,145.00,"72,500.00"
2019-06-16,2019061601005503,CBL,58,38,300,145.00,"43,500.00"
2019-06-16,2019061601005887,CCBL,52,53,40,164.00,"6,560.00"
2019-06-16,2019061601005886,CCBL,52,51,320,164.00,"52,480.00"
2019-06-16,2019061601005885,CCBL,52,43,140,164.00,"22,960.00"
2019-06-16,2019061601005781,CCBL,7,43,200,164.00,"32,800.00"
2019-06-16,2019061601005760,CCBL,45,22,74,163.00,"12,062.00"
2019-06-16,2019061601005521,CCBL,43,43,500,164.00,"82,000.00"
2019-06-16,2019061601005762,CHCL,11,17,49,514.00,"25,186.00"
2019-06-16,2019061601005424,CIT,13,17,100,"2,485.00","248,500.00"
2019-06-16,2019061601005423,CIT,35,17,10,"2,485.00","24,850.00"
2019-06-16,2019061601005422,CIT,13,17,100,"2,485.00","248,500.00"
2019-06-16,2019061601005421,CIT,45,17,10,"2,485.00","24,850.00"
2019-06-16,2019061601005420,CIT,47,17,50,"2,485.00","124,250.00"
2019-06-16,2019061601005419,CIT,45,17,40,"2,485.00","99,400.00"
2019-06-16,2019061601005418,CIT,16,17,400,"2,486.00","994,400.00"
2019-06-16,2019061601005417,CIT,43,17,20,"2,487.00","49,740.00"
2019-06-16,2019061601005457,CLBSL,5,5,130,540.00,"70,200.00"
2019-06-16,2019061601005602,CZBIL,7,54,31,219.00,"6,789.00"
2019-06-16,2019061601005601,CZBIL,49,54,"2,000",219.00,"438,000.00"
2019-06-16,2019061601005600,CZBIL,34,54,200,219.00,"43,800.00"
2019-06-16,2019061601005599,CZBIL,1,54,300,219.00,"65,700.00"
2019-06-16,2019061601005598,CZBIL,54,54,200,220.00,"44,000.00"
2019-06-16,2019061601005597,CZBIL,48,54,50,220.00,"11,000.00"
2019-06-16,2019061601005483,CZBIL,56,34,200,220.00,"44,000.00"
2019-06-16,2019061601005482,CZBIL,40,34,365,220.00,"80,300.00"
2019-06-16,2019061601005443,CZBIL,40,1,41,220.00,"9,020.00"
2019-06-16,2019061601005489,CZBIL,16,34,200,220.00,"44,000.00"
2019-06-16,2019061601005488,CZBIL,3,34,30,220.00,"6,600.00"
2019-06-16,2019061601005487,CZBIL,43,34,144,220.00,"31,680.00"
2019-06-16,2019061601005486,CZBIL,11,34,10,220.00,"2,200.00"
2019-06-16,2019061601005485,CZBIL,48,34,"1,000",220.00,"220,000.00"
2019-06-16,2019061601005484,CZBIL,43,34,100,220.00,"22,000.00"
2019-06-16,2019061601005596,CZBIL,44,54,100,220.00,"22,000.00"
2019-06-16,2019061601005595,CZBIL,56,54,119,220.00,"26,180.00"
2019-06-16,2019061601005549,CZBIL,56,13,30,220.00,"6,600.00"
2019-06-16,2019061601005492,CZBIL,56,34,"1,851",220.00,"407,220.00"
2019-06-16,2019061601005491,CZBIL,56,34,"2,000",220.00,"440,000.00"
2019-06-16,2019061601005490,CZBIL,54,34,100,220.00,"22,000.00"
2019-06-16,2019061601005761,DBBL,32,51,91,146.00,"13,286.00"
2019-06-16,2019061601005750,DBBL,32,42,59,146.00,"8,614.00"
2019-06-16,2019061601005749,DBBL,29,42,150,146.00,"21,900.00"
2019-06-16,2019061601005729,DBBL,26,42,291,147.00,"42,777.00"
2019-06-16,2019061601005858,DDBL,49,41,10,695.00,"6,950.00"
2019-06-16,2019061601005821,DDBL,49,32,500,695.00,"347,500.00"
2019-06-16,2019061601005747,DDBL,49,50,150,695.00,"104,250.00"
2019-06-16,2019061601005676,DDBL,49,1,60,695.00,"41,700.00"
2019-06-16,2019061601005434,EBL,14,28,200,659.00,"131,800.00"
2019-06-16,2019061601005433,EBL,6,28,20,659.00,"13,180.00"
2019-06-16,2019061601005456,EBL,14,28,180,658.00,"118,440.00"
2019-06-16,2019061601005455,EBL,25,28,100,658.00,"65,800.00"
2019-06-16,2019061601005454,EBL,29,28,220,659.00,"144,980.00"
2019-06-16,2019061601005435,EBL,29,28,280,659.00,"184,520.00"
2019-06-16,2019061601005826,EIC,56,16,13,369.00,"4,797.00"
2019-06-16,2019061601005825,EIC,39,16,30,369.00,"11,070.00"
2019-06-16,2019061601005763,EIC,19,28,62,370.00,"22,940.00"
2019-06-16,2019061601005509,FMDBL,47,51,159,380.00,"60,420.00"
2019-06-16,2019061601005808,FOWAD,45,11,333,"1,368.00","455,544.00"
2019-06-16,2019061601005807,FOWAD,47,11,13,"1,369.00","17,797.00"
2019-06-16,2019061601005806,FOWAD,6,11,22,"1,370.00","30,140.00"
2019-06-16,2019061601005778,FOWAD,6,41,78,"1,370.00","106,860.00"
2019-06-16,2019061601005777,FOWAD,35,41,10,"1,370.00","13,700.00"
2019-06-16,2019061601005776,FOWAD,56,41,12,"1,371.00","16,452.00"
2019-06-16,2019061601005703,FOWAD,56,37,25,"1,371.00","34,275.00"
2019-06-16,2019061601005592,FOWAD,56,19,19,"1,371.00","26,049.00"
2019-06-16,2019061601005414,FOWAD,56,19,19,"1,371.00","26,049.00"
2019-06-16,2019061601005407,FOWAD,56,42,25,"1,371.00","34,275.00"
2019-06-16,2019061601005878,GBIME,58,34,200,296.00,"59,200.00"
2019-06-16,2019061601005520,GBIME,34,4,365,295.00,"107,675.00"
2019-06-16,2019061601005510,GBIME,40,34,216,296.00,"63,936.00"
2019-06-16,2019061601005442,GBIME,40,41,284,296.00,"84,064.00"
2019-06-16,2019061601005436,GBIME,46,4,100,297.00,"29,700.00"
2019-06-16,2019061601005827,GDBL,47,49,500,210.00,"105,000.00"
2019-06-16,2019061601005697,GDBL,47,13,484,210.00,"101,640.00"
2019-06-16,2019061601005696,GDBL,47,13,500,210.00,"105,000.00"
2019-06-16,2019061601005695,GDBL,58,13,16,211.00,"3,376.00"
2019-06-16,2019061601005861,GHL,37,58,10,83.00,830.00
2019-06-16,2019061601005860,GHL,29,58,20,83.00,"1,660.00"
2019-06-16,2019061601005432,GHL,29,6,20,83.00,"1,660.00"
2019-06-16,2019061601005817,HBL,46,55,100,557.00,"55,700.00"
2019-06-16,2019061601005816,HBL,46,55,10,557.00,"5,570.00"
2019-06-16,2019061601005522,HGI,45,34,10,369.00,"3,690.00"
2019-06-16,2019061601005774,HIDCL,34,22,16,159.00,"2,544.00"
2019-06-16,2019061601005452,HPPL,39,37,10,178.00,"1,780.00"
2019-06-16,2019061601005897,HURJA,58,43,100,146.00,"14,600.00"
2019-06-16,2019061601005839,HURJA,13,58,20,145.00,"2,900.00"
2019-06-16,2019061601005741,HURJA,50,57,15,145.00,"2,175.00"
2019-06-16,2019061601005560,HURJA,50,58,20,145.00,"2,900.00"
2019-06-16,2019061601005451,JBBL,56,14,69,154.00,"10,626.00"
2019-06-16,2019061601005450,JBBL,58,14,"1,000",154.00,"154,000.00"
2019-06-16,2019061601005449,JBBL,13,14,100,154.00,"15,400.00"
2019-06-16,2019061601005448,JBBL,40,14,523,155.00,"81,065.00"
2019-06-16,2019061601005447,JBBL,40,14,308,155.00,"47,740.00"
2019-06-16,2019061601005884,JBNL,28,57,510,209.00,"106,590.00"
2019-06-16,2019061601005725,JBNL,28,46,50,208.00,"10,400.00"
2019-06-16,2019061601005708,JBNL,28,25,240,208.00,"49,920.00"
2019-06-16,2019061601005660,JBNL,28,41,200,208.00,"41,600.00"
2019-06-16,2019061601005551,JBNL,49,22,100,208.00,"20,800.00"
2019-06-16,2019061601005677,JFL,28,49,100,175.00,"17,500.00"
2019-06-16,2019061601005446,JFL,28,16,100,175.00,"17,500.00"
2019-06-16,2019061601005721,JSLBB,8,58,87,"1,652.00","143,724.00"
2019-06-16,2019061601005707,JSLBB,49,58,10,"1,655.00","16,550.00"
2019-06-16,2019061601005706,JSLBB,7,58,50,"1,655.00","82,750.00"
2019-06-16,2019061601005416,KBBL,25,38,100,233.00,"23,300.00"
2019-06-16,2019061601005770,KBL,38,53,650,210.00,"136,500.00"
2019-06-16,2019061601005672,KBL,48,53,200,210.00,"42,000.00"
2019-06-16,2019061601005663,KBL,48,54,"1,850",209.00,"386,650.00"
2019-06-16,2019061601005662,KBL,56,54,50,209.00,"10,450.00"
2019-06-16,2019061601005661,KBL,52,54,100,209.00,"20,900.00"
2019-06-16,2019061601005550,KBL,22,53,50,210.00,"10,500.00"
2019-06-16,2019061601005545,KBL,34,53,300,210.00,"63,000.00"
2019-06-16,2019061601005544,KBL,48,53,500,210.00,"105,000.00"
2019-06-16,2019061601005543,KBL,45,53,200,210.00,"42,000.00"
2019-06-16,2019061601005542,KBL,39,53,100,210.00,"21,000.00"
2019-06-16,2019061601005541,KBL,43,53,200,210.00,"42,000.00"
2019-06-16,2019061601005540,KBL,28,53,150,210.00,"31,500.00"
2019-06-16,2019061601005466,KKHC,19,37,10,70.00,700.00
2019-06-16,2019061601005717,KPCL,59,7,10,93.00,930.00
2019-06-16,2019061601005563,KRBL,44,1,"1,000",117.00,"117,000.00"
2019-06-16,2019061601005405,KSBBL,54,28,250,154.00,"38,500.00"
2019-06-16,2019061601005710,LBBL,17,55,100,197.00,"19,700.00"
2019-06-16,2019061601005709,LBBL,42,55,100,197.00,"19,700.00"
2019-06-16,2019061601005795,LBL,50,22,16,218.00,"3,488.00"
2019-06-16,2019061601005667,LBL,50,14,90,218.00,"19,620.00"
2019-06-16,2019061601005556,LBL,49,42,100,219.00,"21,900.00"
2019-06-16,2019061601005888,LLBS,11,57,24,650.00,"15,600.00"
2019-06-16,2019061601005593,MBL,49,58,100,267.00,"26,700.00"
2019-06-16,2019061601005903,MEGA,39,43,50,199.00,"9,950.00"
2019-06-16,2019061601005902,MEGA,39,43,50,199.00,"9,950.00"
2019-06-16,2019061601005901,MEGA,39,43,50,199.00,"9,950.00"
2019-06-16,2019061601005900,MEGA,39,43,50,199.00,"9,950.00"
2019-06-16,2019061601005899,MEGA,39,43,53,199.00,"10,547.00"
2019-06-16,2019061601005759,MEGA,28,28,210,200.00,"42,000.00"
2019-06-16,2019061601005519,MEGA,53,59,200,200.00,"40,000.00"
2019-06-16,2019061601005758,MEGA,28,34,513,200.00,"102,600.00"
2019-06-16,2019061601005757,MEGA,28,59,277,200.00,"55,400.00"
2019-06-16,2019061601005746,MEGA,39,49,47,199.00,"9,353.00"
2019-06-16,2019061601005745,MEGA,39,49,100,199.00,"19,900.00"
2019-06-16,2019061601005744,MEGA,39,49,50,199.00,"9,950.00"
2019-06-16,2019061601005743,MEGA,39,49,11,199.00,"2,189.00"
2019-06-16,2019061601005799,MERO,36,43,51,549.00,"27,999.00"
2019-06-16,2019061601005624,MLBBL,6,16,50,418.00,"20,900.00"
2019-06-16,2019061601005780,MLBL,18,51,350,192.00,"67,200.00"
2019-06-16,2019061601005779,MLBL,46,51,190,192.00,"36,480.00"
2019-06-16,2019061601005475,MNBBL,41,25,32,372.00,"11,904.00"
2019-06-16,2019061601005474,MNBBL,41,25,50,372.00,"18,600.00"
2019-06-16,2019061601005656,MSLB,14,17,15,855.00,"12,825.00"
2019-06-16,2019061601005882,NABIL,29,19,200,815.00,"163,000.00"
2019-06-16,2019061601005562,NABIL,52,41,10,814.00,"8,140.00"
2019-06-16,2019061601005557,NABIL,29,41,40,814.00,"32,560.00"
2019-06-16,2019061601005523,NABIL,57,41,50,814.00,"40,700.00"
2019-06-16,2019061601005670,NABILP,57,28,420,800.00,"336,000.00"
2019-06-16,2019061601005669,NABILP,57,49,50,800.00,"40,000.00"
2019-06-16,2019061601005668,NABILP,57,14,30,800.00,"24,000.00"
2019-06-16,2019061601005536,NABILP,28,17,16,798.00,"12,768.00"
2019-06-16,2019061601005535,NABILP,49,17,500,799.00,"399,500.00"
2019-06-16,2019061601005534,NABILP,49,17,500,799.00,"399,500.00"
2019-06-16,2019061601005533,NABILP,57,17,484,800.00,"387,200.00"
2019-06-16,2019061601005515,NABILP,57,6,500,800.00,"400,000.00"
2019-06-16,2019061601005756,NBB,51,53,"1,000",221.00,"221,000.00"
2019-06-16,2019061601005702,NBB,51,53,656,221.00,"144,976.00"
2019-06-16,2019061601005701,NBB,25,53,344,221.00,"76,024.00"
2019-06-16,2019061601005527,NBB,42,6,36,222.00,"7,992.00"
2019-06-16,2019061601005440,NBB,25,38,100,221.00,"22,100.00"
2019-06-16,2019061601005528,NBB,42,34,64,222.00,"14,208.00"
2019-06-16,2019061601005894,NBL,45,32,780,323.00,"251,940.00"
2019-06-16,2019061601005893,NBL,58,32,220,323.00,"71,060.00"
2019-06-16,2019061601005859,NBL,58,28,780,323.00,"251,940.00"
2019-06-16,2019061601005772,NBL,28,32,500,323.00,"161,500.00"
2019-06-16,2019061601005713,NBL,42,32,100,323.00,"32,300.00"
2019-06-16,2019061601005690,NBL,56,28,100,323.00,"32,300.00"
2019-06-16,2019061601005480,NBL,6,33,968,323.00,"312,664.00"
2019-06-16,2019061601005479,NBL,6,8,32,323.00,"10,336.00"
2019-06-16,2019061601005478,NBL,26,8,10,323.00,"3,230.00"
2019-06-16,2019061601005477,NBL,42,8,200,323.00,"64,600.00"
2019-06-16,2019061601005476,NBL,56,8,413,323.00,"133,399.00"
2019-06-16,2019061601005609,NBL,16,10,"1,000",323.00,"323,000.00"
2019-06-16,2019061601005608,NBL,5,10,500,323.00,"161,500.00"
2019-06-16,2019061601005607,NBL,16,10,428,323.00,"138,244.00"
2019-06-16,2019061601005553,NBL,18,33,"1,000",324.00,"324,000.00"
2019-06-16,2019061601005546,NBL,16,4,540,323.00,"174,420.00"
2019-06-16,2019061601005481,NBL,16,33,32,323.00,"10,336.00"
2019-06-16,2019061601005675,NBL,11,28,250,323.00,"80,750.00"
2019-06-16,2019061601005674,NBL,34,28,128,323.00,"41,344.00"
2019-06-16,2019061601005613,NBL,34,10,172,323.00,"55,556.00"
2019-06-16,2019061601005612,NBL,41,10,50,323.00,"16,150.00"
2019-06-16,2019061601005611,NBL,51,10,250,323.00,"80,750.00"
2019-06-16,2019061601005610,NBL,35,10,100,323.00,"32,300.00"
2019-06-16,2019061601005831,NCCB,41,5,983,255.00,"250,665.00"
2019-06-16,2019061601005830,NCCB,26,5,17,255.00,"4,335.00"
2019-06-16,2019061601005809,NCCB,26,5,"1,000",255.00,"255,000.00"
2019-06-16,2019061601005793,NCCB,26,56,983,255.00,"250,665.00"
2019-06-16,2019061601005792,NCCB,57,56,20,255.00,"5,100.00"
2019-06-16,2019061601005791,NCCB,34,56,350,255.00,"89,250.00"
2019-06-16,2019061601005518,NCCB,42,1,30,256.00,"7,680.00"
2019-06-16,2019061601005428,NCCB,34,5,403,255.00,"102,765.00"
2019-06-16,2019061601005427,NCCB,54,5,70,255.00,"17,850.00"
2019-06-16,2019061601005426,NCCB,43,5,70,255.00,"17,850.00"
2019-06-16,2019061601005425,NCCB,21,5,457,255.00,"116,535.00"
2019-06-16,2019061601005784,NCCB,42,56,100,255.00,"25,500.00"
2019-06-16,2019061601005783,NCCB,57,56,150,255.00,"38,250.00"
2019-06-16,2019061601005782,NCCB,34,56,297,255.00,"75,735.00"
2019-06-16,2019061601005748,NCCB,34,5,"1,000",255.00,"255,000.00"
2019-06-16,2019061601005666,NCCB,34,17,100,255.00,"25,500.00"
2019-06-16,2019061601005655,NCCB,34,1,200,255.00,"51,000.00"
2019-06-16,2019061601005790,NCCB,59,56,200,255.00,"51,000.00"
2019-06-16,2019061601005789,NCCB,36,56,500,255.00,"127,500.00"
2019-06-16,2019061601005788,NCCB,32,56,200,255.00,"51,000.00"
2019-06-16,2019061601005787,NCCB,41,56,100,255.00,"25,500.00"
2019-06-16,2019061601005786,NCCB,59,56,500,255.00,"127,500.00"
2019-06-16,2019061601005785,NCCB,13,56,600,255.00,"153,000.00"
2019-06-16,2019061601005494,NGPL,34,29,24,116.00,"2,784.00"
2019-06-16,2019061601005493,NGPL,25,29,76,116.00,"8,816.00"
2019-06-16,2019061601005818,NIB,29,51,28,526.00,"14,728.00"
2019-06-16,2019061601005694,NIB,29,33,364,526.00,"191,464.00"
2019-06-16,2019061601005693,NIB,41,33,50,526.00,"26,300.00"
2019-06-16,2019061601005692,NIB,51,33,86,526.00,"45,236.00"
2019-06-16,2019061601005673,NIB,51,51,44,526.00,"23,144.00"
2019-06-16,2019061601005658,NIB,51,42,44,526.00,"23,144.00"
2019-06-16,2019061601005617,NIB,51,42,29,526.00,"15,254.00"
2019-06-16,2019061601005616,NIB,59,42,15,527.00,"7,905.00"
2019-06-16,2019061601005462,NIB,59,41,35,527.00,"18,445.00"
2019-06-16,2019061601005461,NIB,52,41,78,527.00,"41,106.00"
2019-06-16,2019061601005413,NIB,45,34,100,528.00,"52,800.00"
2019-06-16,2019061601005720,NIBPO,46,21,58,481.00,"27,898.00"
2019-06-16,2019061601005719,NIBPO,41,21,10,481.00,"4,810.00"
2019-06-16,2019061601005718,NIBPO,42,21,82,481.00,"39,442.00"
2019-06-16,2019061601005558,NICA,59,4,10,454.00,"4,540.00"
2019-06-16,2019061601005508,NICA,18,13,55,453.00,"24,915.00"
2019-06-16,2019061601005738,NICL,48,25,28,365.00,"10,220.00"
2019-06-16,2019061601005737,NICL,42,25,25,365.00,"9,125.00"
2019-06-16,2019061601005736,NICL,38,25,300,365.00,"109,500.00"
2019-06-16,2019061601005735,NICL,55,25,47,365.00,"17,155.00"
2019-06-16,2019061601005734,NICL,29,25,100,366.00,"36,600.00"
2019-06-16,2019061601005771,NIL,42,16,141,493.00,"69,513.00"
2019-06-16,2019061601005711,NIL,42,17,10,493.00,"4,930.00"
2019-06-16,2019061601005843,NLBBL,28,41,10,477.00,"4,770.00"
2019-06-16,2019061601005898,NLIC,6,45,100,909.00,"90,900.00"
2019-06-16,2019061601005588,NLIC,52,45,281,908.00,"255,148.00"
2019-06-16,2019061601005587,NLIC,35,45,66,908.00,"59,928.00"
2019-06-16,2019061601005453,NLIC,35,32,17,908.00,"15,436.00"
2019-06-16,2019061601005849,NLICL,35,53,30,620.00,"18,600.00"
2019-06-16,2019061601005848,NLICL,51,53,500,620.00,"310,000.00"
2019-06-16,2019061601005847,NLICL,43,53,236,620.00,"146,320.00"
2019-06-16,2019061601005820,NLICL,43,22,14,620.00,"8,680.00"
2019-06-16,2019061601005819,NLICL,36,22,116,620.00,"71,920.00"
2019-06-16,2019061601005835,NMBMF,36,25,21,969.00,"20,349.00"
2019-06-16,2019061601005834,NMBMF,36,44,10,969.00,"9,690.00"
2019-06-16,2019061601005525,NMBMF,35,1,210,960.00,"201,600.00"
2019-06-16,2019061601005524,NMBMF,28,1,150,961.00,"144,150.00"
2019-06-16,2019061601005636,NTC,49,43,700,691.00,"483,700.00"
2019-06-16,2019061601005635,NTC,40,43,100,691.00,"69,100.00"
2019-06-16,2019061601005634,NTC,26,43,150,692.00,"103,800.00"
2019-06-16,2019061601005633,NTC,51,43,30,692.00,"20,760.00"
2019-06-16,2019061601005632,NTC,3,43,20,692.00,"13,840.00"
2019-06-16,2019061601005631,NTC,58,43,100,692.00,"69,200.00"
2019-06-16,2019061601005630,NTC,34,43,10,693.00,"6,930.00"
2019-06-16,2019061601005629,NTC,34,43,15,693.00,"10,395.00"
2019-06-16,2019061601005883,OHL,42,43,300,635.00,"190,500.00"
2019-06-16,2019061601005724,PCBL,59,45,60,289.00,"17,340.00"
2019-06-16,2019061601005639,PCBL,59,54,598,289.00,"172,822.00"
2019-06-16,2019061601005638,PCBL,47,54,100,289.00,"28,900.00"
2019-06-16,2019061601005584,PCBL,25,7,45,290.00,"13,050.00"
2019-06-16,2019061601005512,PCBL,42,7,50,290.00,"14,500.00"
2019-06-16,2019061601005472,PCBL,55,7,"2,000",290.00,"580,000.00"
2019-06-16,2019061601005471,PCBL,59,7,50,290.00,"14,500.00"
2019-06-16,2019061601005470,PCBL,26,7,20,290.00,"5,800.00"
2019-06-16,2019061601005469,PCBL,35,7,100,290.00,"29,000.00"
2019-06-16,2019061601005468,PCBL,35,7,80,290.00,"23,200.00"
2019-06-16,2019061601005467,PCBL,6,7,83,290.00,"24,070.00"
2019-06-16,2019061601005845,PFL,22,16,500,138.00,"69,000.00"
2019-06-16,2019061601005844,PFL,22,13,359,138.00,"49,542.00"
2019-06-16,2019061601005798,PFL,13,49,63,137.00,"8,631.00"
2019-06-16,2019061601005797,PFL,34,49,100,137.00,"13,700.00"
2019-06-16,2019061601005796,PFL,35,49,50,137.00,"6,850.00"
2019-06-16,2019061601005640,PFL,59,13,284,138.00,"39,192.00"
2019-06-16,2019061601005516,PFL,59,37,39,138.00,"5,382.00"
2019-06-16,2019061601005728,PIC,17,7,11,982.00,"10,802.00"
2019-06-16,2019061601005590,PIC,49,29,11,989.00,"10,879.00"
2019-06-16,2019061601005659,PLIC,48,38,100,437.00,"43,700.00"
2019-06-16,2019061601005880,PPCL,53,58,30,136.00,"4,080.00"
2019-06-16,2019061601005532,PPCL,53,17,10,136.00,"1,360.00"
2019-06-16,2019061601005863,PRVU,29,28,"2,224",267.00,"593,808.00"
2019-06-16,2019061601005769,PRVU,14,28,500,267.00,"133,500.00"
2019-06-16,2019061601005768,PRVU,51,28,100,267.00,"26,700.00"
2019-06-16,2019061601005767,PRVU,25,28,100,267.00,"26,700.00"
2019-06-16,2019061601005415,PRVU,16,53,200,268.00,"53,600.00"
2019-06-16,2019061601005606,PRVU,1,13,15,267.00,"4,005.00"
2019-06-16,2019061601005605,PRVU,50,13,135,267.00,"36,045.00"
2019-06-16,2019061601005566,PRVU,49,21,100,268.00,"26,800.00"
2019-06-16,2019061601005552,PRVU,50,49,172,267.00,"45,924.00"
2019-06-16,2019061601005460,PRVU,16,21,84,268.00,"22,512.00"
2019-06-16,2019061601005459,PRVU,16,53,16,268.00,"4,288.00"
2019-06-16,2019061601005646,PRVU,49,46,"1,000",267.00,"267,000.00"
2019-06-16,2019061601005645,PRVU,49,46,"1,000",267.00,"267,000.00"
2019-06-16,2019061601005644,PRVU,8,46,500,267.00,"133,500.00"
2019-06-16,2019061601005643,PRVU,17,46,174,267.00,"46,458.00"
2019-06-16,2019061601005642,PRVU,1,46,285,267.00,"76,095.00"
2019-06-16,2019061601005641,PRVU,21,46,276,267.00,"73,692.00"
2019-06-16,2019061601005652,PRVU,49,46,50,267.00,"13,350.00"
2019-06-16,2019061601005651,PRVU,54,46,200,267.00,"53,400.00"
2019-06-16,2019061601005650,PRVU,54,46,550,267.00,"146,850.00"
2019-06-16,2019061601005649,PRVU,48,46,50,267.00,"13,350.00"
2019-06-16,2019061601005648,PRVU,41,46,"1,241",267.00,"331,347.00"
2019-06-16,2019061601005647,PRVU,49,46,"1,000",267.00,"267,000.00"
2019-06-16,2019061601005766,PRVU,38,28,76,267.00,"20,292.00"
2019-06-16,2019061601005654,PRVU,38,46,174,267.00,"46,458.00"
2019-06-16,2019061601005653,PRVU,44,46,500,267.00,"133,500.00"
2019-06-16,2019061601005604,RBCL,25,16,10,"9,650.00","96,500.00"
2019-06-16,2019061601005537,RLFL,6,32,25,131.00,"3,275.00"
2019-06-16,2019061601005514,RLFL,6,32,132,131.00,"17,292.00"
2019-06-16,2019061601005862,RMDC,28,16,210,648.00,"136,080.00"
2019-06-16,2019061601005837,RMDC,11,16,60,648.00,"38,880.00"
2019-06-16,2019061601005836,RMDC,11,38,40,648.00,"25,920.00"
2019-06-16,2019061601005833,RRHP,22,7,10,104.00,"1,040.00"
2019-06-16,2019061601005665,RSDC,57,19,150,357.00,"53,550.00"
2019-06-16,2019061601005664,RSDC,55,19,50,358.00,"17,900.00"
2019-06-16,2019061601005727,SANIMA,7,7,202,344.00,"69,488.00"
2019-06-16,2019061601005726,SANIMA,49,7,79,344.00,"27,176.00"
2019-06-16,2019061601005671,SANIMA,49,58,756,344.00,"260,064.00"
2019-06-16,2019061601005623,SANIMA,49,54,165,344.00,"56,760.00"
2019-06-16,2019061601005622,SANIMA,14,54,500,344.00,"172,000.00"
2019-06-16,2019061601005621,SANIMA,59,54,50,344.00,"17,200.00"
2019-06-16,2019061601005620,SANIMA,14,54,"1,000",344.00,"344,000.00"
2019-06-16,2019061601005619,SANIMA,33,54,50,344.00,"17,200.00"
2019-06-16,2019061601005618,SANIMA,42,54,235,344.00,"80,840.00"
2019-06-16,2019061601005465,SANIMA,56,34,600,345.00,"207,000.00"
2019-06-16,2019061601005406,SANIMA,56,38,400,345.00,"138,000.00"
2019-06-16,2019061601005404,SANIMA,41,38,50,345.00,"17,250.00"
2019-06-16,2019061601005441,SBI,45,59,126,464.00,"58,464.00"
2019-06-16,2019061601005583,SBL,56,17,"2,246",320.00,"718,720.00"
2019-06-16,2019061601005582,SBL,56,17,"3,000",320.00,"960,000.00"
2019-06-16,2019061601005581,SBL,56,17,"2,000",320.00,"640,000.00"
2019-06-16,2019061601005580,SBL,56,17,400,321.00,"128,400.00"
2019-06-16,2019061601005579,SBL,53,17,200,321.00,"64,200.00"
2019-06-16,2019061601005578,SBL,35,17,80,321.00,"25,680.00"
2019-06-16,2019061601005529,SBL,42,41,148,322.00,"47,656.00"
2019-06-16,2019061601005444,SBL,42,28,100,322.00,"32,200.00"
2019-06-16,2019061601005571,SBL,35,17,150,321.00,"48,150.00"
2019-06-16,2019061601005570,SBL,38,17,300,321.00,"96,300.00"
2019-06-16,2019061601005569,SBL,17,17,100,322.00,"32,200.00"
2019-06-16,2019061601005568,SBL,50,17,844,322.00,"271,768.00"
2019-06-16,2019061601005531,SBL,50,41,"1,702",322.00,"548,044.00"
2019-06-16,2019061601005530,SBL,39,41,50,322.00,"16,100.00"
2019-06-16,2019061601005577,SBL,35,17,50,321.00,"16,050.00"
2019-06-16,2019061601005576,SBL,35,17,100,321.00,"32,100.00"
2019-06-16,2019061601005575,SBL,35,17,100,321.00,"32,100.00"
2019-06-16,2019061601005574,SBL,52,17,300,321.00,"96,300.00"
2019-06-16,2019061601005573,SBL,35,17,80,321.00,"25,680.00"
2019-06-16,2019061601005572,SBL,35,17,50,321.00,"16,050.00"
2019-06-16,2019061601005765,SCB,58,49,47,663.00,"31,161.00"
2019-06-16,2019061601005764,SCB,58,57,190,663.00,"125,970.00"
2019-06-16,2019061601005627,SCB,36,57,60,663.00,"39,780.00"
2019-06-16,2019061601005876,SHIVM,33,16,167,648.00,"108,216.00"
2019-06-16,2019061601005875,SHIVM,20,16,100,648.00,"64,800.00"
2019-06-16,2019061601005874,SHIVM,44,16,200,648.00,"129,600.00"
2019-06-16,2019061601005873,SHIVM,51,16,50,648.00,"32,400.00"
2019-06-16,2019061601005872,SHIVM,28,16,200,648.00,"129,600.00"
2019-06-16,2019061601005871,SHIVM,6,16,200,648.00,"129,600.00"
2019-06-16,2019061601005431,SHIVM,21,7,500,650.00,"325,000.00"
2019-06-16,2019061601005511,SHIVM,21,55,50,650.00,"32,500.00"
2019-06-16,2019061601005496,SHIVM,21,55,39,650.00,"25,350.00"
2019-06-16,2019061601005495,SHIVM,21,55,11,650.00,"7,150.00"
2019-06-16,2019061601005458,SHIVM,21,49,39,650.00,"25,350.00"
2019-06-16,2019061601005445,SHIVM,21,7,450,650.00,"292,500.00"
2019-06-16,2019061601005739,SHIVM,21,14,461,650.00,"299,650.00"
2019-06-16,2019061601005700,SHIVM,21,58,39,650.00,"25,350.00"
2019-06-16,2019061601005699,SHIVM,21,58,61,650.00,"39,650.00"
2019-06-16,2019061601005589,SHIVM,21,57,150,650.00,"97,500.00"
2019-06-16,2019061601005513,SHIVM,21,52,200,650.00,"130,000.00"
2019-06-16,2019061601005864,SHIVM,16,16,335,649.00,"217,415.00"
2019-06-16,2019061601005829,SHIVM,39,8,200,650.00,"130,000.00"
2019-06-16,2019061601005828,SHIVM,33,8,41,650.00,"26,650.00"
2019-06-16,2019061601005773,SHIVM,33,42,120,650.00,"78,000.00"
2019-06-16,2019061601005742,SHIVM,33,58,300,650.00,"195,000.00"
2019-06-16,2019061601005740,SHIVM,33,14,39,650.00,"25,350.00"
2019-06-16,2019061601005870,SHIVM,38,16,50,648.00,"32,400.00"
2019-06-16,2019061601005869,SHIVM,14,16,200,648.00,"129,600.00"
2019-06-16,2019061601005868,SHIVM,1,16,20,648.00,"12,960.00"
2019-06-16,2019061601005867,SHIVM,25,16,178,649.00,"115,522.00"
2019-06-16,2019061601005866,SHIVM,58,16,100,649.00,"64,900.00"
2019-06-16,2019061601005865,SHIVM,10,16,200,649.00,"129,800.00"
2019-06-16,2019061601005840,SHL,35,28,500,233.00,"116,500.00"
2019-06-16,2019061601005755,SHL,32,58,"1,000",230.00,"230,000.00"
2019-06-16,2019061601005754,SHL,6,58,500,230.00,"115,000.00"
2019-06-16,2019061601005753,SHL,6,58,900,231.00,"207,900.00"
2019-06-16,2019061601005752,SHL,33,58,100,231.00,"23,100.00"
2019-06-16,2019061601005751,SHL,26,58,100,231.00,"23,100.00"
2019-06-16,2019061601005565,SHL,26,28,400,231.00,"92,400.00"
2019-06-16,2019061601005564,SHL,43,28,500,231.00,"115,500.00"
2019-06-16,2019061601005538,SHL,3,28,100,232.00,"23,200.00"
2019-06-16,2019061601005794,SIC,25,34,40,671.00,"26,840.00"
2019-06-16,2019061601005686,SIC,36,17,10,663.00,"6,630.00"
2019-06-16,2019061601005412,SIC,36,17,200,663.00,"132,600.00"
2019-06-16,2019061601005411,SIC,36,19,58,661.00,"38,338.00"
2019-06-16,2019061601005473,SICL,42,45,10,810.00,"8,100.00"
2019-06-16,2019061601005733,SIL,32,28,200,464.00,"92,800.00"
2019-06-16,2019061601005732,SIL,6,28,50,466.00,"23,300.00"
2019-06-16,2019061601005892,SINDU,58,59,"2,000",137.00,"274,000.00"
2019-06-16,2019061601005891,SINDU,59,59,200,138.00,"27,600.00"
2019-06-16,2019061601005890,SINDU,21,59,500,138.00,"69,000.00"
2019-06-16,2019061601005889,SINDU,14,59,200,138.00,"27,600.00"
2019-06-16,2019061601005691,SINDU,29,59,30,139.00,"4,170.00"
2019-06-16,2019061601005857,SLBBL,25,56,70,412.00,"28,840.00"
2019-06-16,2019061601005856,SLBBL,58,56,20,416.00,"8,320.00"
2019-06-16,2019061601005855,SLBBL,58,56,10,416.00,"4,160.00"
2019-06-16,2019061601005854,SLBBL,40,56,100,417.00,"41,700.00"
2019-06-16,2019061601005853,SLBBL,45,56,20,417.00,"8,340.00"
2019-06-16,2019061601005410,SLBSL,18,7,10,530.00,"5,300.00"
2019-06-16,2019061601005409,SLBSL,18,22,10,530.00,"5,300.00"
2019-06-16,2019061601005408,SLBSL,18,22,10,530.00,"5,300.00"
2019-06-16,2019061601005881,SMFDB,33,25,86,520.00,"44,720.00"
2019-06-16,2019061601005628,SPARS,34,14,10,490.00,"4,900.00"
2019-06-16,2019061601005615,SPARS,14,11,10,491.00,"4,910.00"
2019-06-16,2019061601005603,SPARS,14,14,10,491.00,"4,910.00"
2019-06-16,2019061601005567,SPARS,14,14,10,491.00,"4,910.00"
2019-06-16,2019061601005561,SPARS,14,14,10,491.00,"4,910.00"
2019-06-16,2019061601005554,SPARS,14,14,10,491.00,"4,910.00"
2019-06-16,2019061601005517,SPARS,34,11,10,490.00,"4,900.00"
2019-06-16,2019061601005507,SPARS,34,48,10,490.00,"4,900.00"
2019-06-16,2019061601005506,SPARS,34,1,10,490.00,"4,900.00"
2019-06-16,2019061601005877,SWBBL,34,41,10,871.00,"8,710.00"
2019-06-16,2019061601005548,TRH,46,11,350,320.00,"112,000.00"
2019-06-16,2019061601005547,TRH,46,5,100,320.00,"32,000.00"
2019-06-16,2019061601005852,UPPER,20,32,10,260.00,"2,600.00"
2019-06-16,2019061601005832,UPPER,11,51,72,259.00,"18,648.00"
2019-06-16,2019061601005723,UPPER,11,37,40,259.00,"10,360.00"
2019-06-16,2019061601005722,UPPER,11,6,100,259.00,"25,900.00"
2019-06-16,2019061601005689,UPPER,45,51,31,258.00,"7,998.00"
2019-06-16,2019061601005688,UPPER,50,51,19,258.00,"4,902.00"
2019-06-16,2019061601005439,VLBS,42,19,32,481.00,"15,392.00"
2019-06-16,2019061601005637,VLBS,42,19,32,481.00,"15,392.00"
2019-06-16,2019061601005379,ADBL,49,56,600,405.00,"243,000.00"
2019-06-16,2019061601005359,ADBL,49,53,212,405.00,"85,860.00"
2019-06-16,2019061601005358,ADBL,49,56,304,405.00,"123,120.00"
2019-06-16,2019061601005357,ADBL,41,56,76,405.00,"30,780.00"
2019-06-16,2019061601005356,ADBL,41,56,50,405.00,"20,250.00"
2019-06-16,2019061601005355,ADBL,49,56,596,405.00,"241,380.00"
2019-06-16,2019061601005043,ADBL,48,13,30,405.00,"12,150.00"
2019-06-16,2019061601005042,ADBL,52,13,92,405.00,"37,260.00"
2019-06-16,2019061601005116,ADBL,49,45,200,405.00,"81,000.00"
2019-06-16,2019061601005048,ADBL,49,13,204,405.00,"82,620.00"
2019-06-16,2019061601005047,ADBL,21,13,100,405.00,"40,500.00"
2019-06-16,2019061601005046,ADBL,22,13,500,405.00,"202,500.00"
2019-06-16,2019061601005045,ADBL,25,13,200,405.00,"81,000.00"
2019-06-16,2019061601005044,ADBL,49,13,70,405.00,"28,350.00"
2019-06-16,2019061601005345,ADBL,52,39,11,406.00,"4,466.00"
2019-06-16,2019061601005327,ADBL,29,39,100,406.00,"40,600.00"
2019-06-16,2019061601005212,ADBL,46,42,70,406.00,"28,420.00"
2019-06-16,2019061601005211,ADBL,46,4,550,406.00,"223,300.00"
2019-06-16,2019061601005192,ADBL,50,4,500,406.00,"203,000.00"
2019-06-16,2019061601005185,ADBL,25,4,100,406.00,"40,600.00"
2019-06-16,2019061601005317,AKPL,7,20,10,184.00,"1,840.00"
2019-06-16,2019061601005323,ALBSL,35,18,100,399.00,"39,900.00"
2019-06-16,2019061601005272,ALBSL,58,13,10,400.00,"4,000.00"
2019-06-16,2019061601005229,ALBSL,58,18,10,400.00,"4,000.00"
2019-06-16,2019061601005165,ALBSL,58,58,10,400.00,"4,000.00"
2019-06-16,2019061601005141,ALBSL,58,58,10,400.00,"4,000.00"
2019-06-16,2019061601004997,ALBSL,58,58,10,400.00,"4,000.00"
2019-06-16,2019061601004983,ALBSL,58,58,10,400.00,"4,000.00"
2019-06-16,2019061601004904,ALBSL,33,58,10,399.00,"3,990.00"
2019-06-16,2019061601005033,ALBSL,58,58,10,400.00,"4,000.00"
2019-06-16,2019061601005027,ALBSL,58,58,10,400.00,"4,000.00"
2019-06-16,2019061601005025,ALBSL,58,58,10,400.00,"4,000.00"
2019-06-16,2019061601005024,ALBSL,58,58,10,400.00,"4,000.00"
2019-06-16,2019061601005016,ALBSL,58,58,10,400.00,"4,000.00"
2019-06-16,2019061601005009,ALBSL,58,58,10,400.00,"4,000.00"
2019-06-16,2019061601005070,ALBSL,58,41,10,400.00,"4,000.00"
2019-06-16,2019061601005063,ALBSL,58,58,10,400.00,"4,000.00"
2019-06-16,2019061601005056,ALBSL,58,58,10,400.00,"4,000.00"
2019-06-16,2019061601005049,ALBSL,58,58,10,400.00,"4,000.00"
2019-06-16,2019061601005040,ALBSL,58,58,10,400.00,"4,000.00"
2019-06-16,2019061601005037,ALBSL,58,58,10,400.00,"4,000.00"
2019-06-16,2019061601005109,ALBSL,58,58,10,400.00,"4,000.00"
2019-06-16,2019061601005090,ALBSL,58,58,10,400.00,"4,000.00"
2019-06-16,2019061601005087,ALBSL,58,58,10,400.00,"4,000.00"
2019-06-16,2019061601005080,ALBSL,58,58,10,400.00,"4,000.00"
2019-06-16,2019061601005078,ALBSL,58,58,10,400.00,"4,000.00"
2019-06-16,2019061601005071,ALBSL,58,58,10,400.00,"4,000.00"
2019-06-16,2019061601005137,ALBSL,58,58,10,400.00,"4,000.00"
2019-06-16,2019061601005129,ALBSL,58,58,10,400.00,"4,000.00"
2019-06-16,2019061601005126,ALBSL,58,58,10,400.00,"4,000.00"
2019-06-16,2019061601005122,ALBSL,58,58,10,400.00,"4,000.00"
2019-06-16,2019061601005118,ALBSL,58,58,10,400.00,"4,000.00"
2019-06-16,2019061601005115,ALBSL,58,58,10,400.00,"4,000.00"
2019-06-16,2019061601005220,ALICL,13,10,165,392.00,"64,680.00"
2019-06-16,2019061601005340,API,13,38,200,144.00,"28,800.00"
2019-06-16,2019061601005339,API,8,38,294,144.00,"42,336.00"
2019-06-16,2019061601005337,API,8,38,100,144.00,"14,400.00"
2019-06-16,2019061601005088,API,55,45,14,145.00,"2,030.00"
2019-06-16,2019061601005177,BOKL,22,4,30,263.00,"7,890.00"
2019-06-16,2019061601005069,BPCL,34,58,70,404.00,"28,280.00"
2019-06-16,2019061601005004,BPCL,41,58,50,405.00,"20,250.00"
2019-06-16,2019061601005003,BPCL,42,58,75,405.00,"30,375.00"
2019-06-16,2019061601005002,BPCL,42,58,22,405.00,"8,910.00"
2019-06-16,2019061601005001,BPCL,42,58,11,405.00,"4,455.00"
2019-06-16,2019061601005000,BPCL,42,58,22,405.00,"8,910.00"
2019-06-16,2019061601005193,CBBL,42,5,50,926.00,"46,300.00"
2019-06-16,2019061601005020,CBBL,42,16,100,926.00,"92,600.00"
2019-06-16,2019061601005375,CBL,57,34,20,145.00,"2,900.00"
2019-06-16,2019061601005374,CBL,35,34,28,145.00,"4,060.00"
2019-06-16,2019061601005373,CBL,46,34,100,145.00,"14,500.00"
2019-06-16,2019061601005372,CBL,47,34,500,145.00,"72,500.00"
2019-06-16,2019061601005371,CBL,7,34,352,145.00,"51,040.00"
2019-06-16,2019061601005270,CBL,22,14,100,146.00,"14,600.00"
2019-06-16,2019061601005184,CBL,19,14,100,146.00,"14,600.00"
2019-06-16,2019061601005181,CBL,7,22,48,145.00,"6,960.00"
2019-06-16,2019061601005180,CBL,34,22,588,145.00,"85,260.00"
2019-06-16,2019061601005061,CBL,34,22,412,145.00,"59,740.00"
2019-06-16,2019061601005060,CBL,58,22,27,145.00,"3,915.00"
2019-06-16,2019061601005352,CCBL,42,43,150,164.00,"24,600.00"
2019-06-16,2019061601005350,CCBL,45,38,736,163.00,"119,968.00"
2019-06-16,2019061601005349,CCBL,45,38,322,163.00,"52,486.00"
2019-06-16,2019061601005324,CCBL,45,20,97,163.00,"15,811.00"
2019-06-16,2019061601005157,CCBL,45,38,581,163.00,"94,703.00"
2019-06-16,2019061601005156,CCBL,55,38,200,163.00,"32,600.00"
2019-06-16,2019061601005155,CCBL,59,38,76,163.00,"12,388.00"
2019-06-16,2019061601005154,CCBL,19,38,500,163.00,"81,500.00"
2019-06-16,2019061601005092,CCBL,59,16,124,163.00,"20,212.00"
2019-06-16,2019061601005091,CCBL,57,16,126,163.00,"20,538.00"
2019-06-16,2019061601005398,CIT,43,42,25,"2,488.00","62,200.00"
2019-06-16,2019061601005361,CIT,28,38,10,"2,490.00","24,900.00"
2019-06-16,2019061601005136,CIT,28,35,40,"2,490.00","99,600.00"
2019-06-16,2019061601005134,CLBSL,5,17,10,542.00,"5,420.00"
2019-06-16,2019061601004907,CZBIL,16,51,966,221.00,"213,486.00"
2019-06-16,2019061601004906,CZBIL,16,48,34,221.00,"7,514.00"
2019-06-16,2019061601005377,DDBL,49,38,60,695.00,"41,700.00"
2019-06-16,2019061601005325,DDBL,49,16,144,695.00,"100,080.00"
2019-06-16,2019061601005388,EBL,6,38,30,659.00,"19,770.00"
2019-06-16,2019061601005291,EBL,14,51,50,661.00,"33,050.00"
2019-06-16,2019061601005267,EBL,5,59,200,660.00,"132,000.00"
2019-06-16,2019061601005266,EBL,46,59,100,660.00,"66,000.00"
2019-06-16,2019061601005265,EBL,40,59,50,660.00,"33,000.00"
2019-06-16,2019061601005264,EBL,40,59,100,660.00,"66,000.00"
2019-06-16,2019061601005263,EBL,40,59,20,660.00,"13,200.00"
2019-06-16,2019061601005230,EBL,33,51,16,661.00,"10,576.00"
2019-06-16,2019061601005401,EIC,7,28,50,370.00,"18,500.00"
2019-06-16,2019061601005135,EIC,13,28,30,370.00,"11,100.00"
2019-06-16,2019061601005055,FOWAD,47,43,27,"1,369.00","36,963.00"
2019-06-16,2019061601005054,FOWAD,28,43,22,"1,369.00","30,118.00"
2019-06-16,2019061601004981,FOWAD,28,47,94,"1,369.00","128,686.00"
2019-06-16,2019061601004944,FOWAD,28,47,15,"1,369.00","20,535.00"
2019-06-16,2019061601004943,FOWAD,6,47,72,"1,370.00","98,640.00"
2019-06-16,2019061601004921,FOWAD,6,47,28,"1,370.00","38,360.00"
2019-06-16,2019061601004920,FOWAD,35,47,10,"1,371.00","13,710.00"
2019-06-16,2019061601004905,FOWAD,42,47,38,"1,371.00","52,098.00"
2019-06-16,2019061601005140,GBBL,4,34,119,225.00,"26,775.00"
2019-06-16,2019061601005139,GBBL,4,50,209,225.00,"47,025.00"
2019-06-16,2019061601004941,GBBL,45,32,416,224.00,"93,184.00"
2019-06-16,2019061601005385,GBIME,34,53,200,295.00,"59,000.00"
2019-06-16,2019061601005221,GBIME,41,4,100,297.00,"29,700.00"
2019-06-16,2019061601005032,GBIME,57,4,73,297.00,"21,681.00"
2019-06-16,2019061601005031,GBIME,57,57,107,296.00,"31,672.00"
2019-06-16,2019061601005022,GBIME,19,57,47,296.00,"13,912.00"
2019-06-16,2019061601005021,GBIME,19,13,107,296.00,"31,672.00"
