Date,Transact. No.,Symbol,Buyer,Seller,Quantity,Rate,Amount
2019-09-11,2019091101005370,ADBL,53,7,250,418.00,"104,500.00"
2019-09-11,2019091101005332,ADBL,53,40,110,418.00,"45,980.00"
2019-09-11,2019091101005048,ADBL,11,25,100,419.00,"41,900.00"
2019-09-11,2019091101005034,ADBL,53,50,267,418.00,"111,606.00"
2019-09-11,2019091101005023,ADBL,53,22,"1,000",418.00,"418,000.00"
2019-09-11,2019091101005014,ADBL,53,42,27,418.00,"11,286.00"
2019-09-11,2019091101004943,ADBL,53,17,100,418.00,"41,800.00"
2019-09-11,2019091101005217,AHPC,45,22,"1,000",103.00,"103,000.00"
2019-09-11,2019091101005210,AHPC,26,22,100,104.00,"10,400.00"
2019-09-11,2019091101005198,AHPC,26,7,300,102.00,"30,600.00"
2019-09-11,2019091101005197,AHPC,26,45,11,102.00,"1,122.00"
2019-09-11,2019091101005196,AHPC,26,21,200,102.00,"20,400.00"
2019-09-11,2019091101005195,AHPC,26,36,720,100.00,"72,000.00"
2019-09-11,2019091101005194,AHPC,26,8,"1,309",99.00,"129,591.00"
2019-09-11,2019091101005209,AKBSL,29,46,10,452.00,"4,520.00"
2019-09-11,2019091101004998,AKBSL,29,45,10,452.00,"4,520.00"
2019-09-11,2019091101005300,ALBSL,46,37,40,435.00,"17,400.00"
2019-09-11,2019091101005299,ALBSL,45,37,20,436.00,"8,720.00"
2019-09-11,2019091101005420,ALICL,43,51,10,320.00,"3,200.00"
2019-09-11,2019091101005427,API,34,38,100,115.00,"11,500.00"
2019-09-11,2019091101005339,API,25,38,11,115.00,"1,265.00"
2019-09-11,2019091101005314,API,25,44,150,114.00,"17,100.00"
2019-09-11,2019091101005313,API,25,53,529,113.00,"59,777.00"
2019-09-11,2019091101005312,API,25,50,"1,000",113.00,"113,000.00"
2019-09-11,2019091101005311,API,25,10,210,113.00,"23,730.00"
2019-09-11,2019091101004938,API,56,25,16,111.00,"1,776.00"
2019-09-11,2019091101005309,API,38,51,100,112.00,"11,200.00"
2019-09-11,2019091101005213,API,47,51,400,112.00,"44,800.00"
2019-09-11,2019091101005031,API,25,51,100,112.00,"11,200.00"
2019-09-11,2019091101004965,API,11,25,29,111.00,"3,219.00"
2019-09-11,2019091101004939,API,11,25,13,111.00,"1,443.00"
2019-09-11,2019091101005250,BBC,48,11,10,"1,380.00","13,800.00"
2019-09-11,2019091101005249,BOKL,45,22,32,255.00,"8,160.00"
2019-09-11,2019091101005248,BOKL,45,22,118,255.00,"30,090.00"
2019-09-11,2019091101005064,BOKL,45,18,82,255.00,"20,910.00"
2019-09-11,2019091101005063,BOKL,44,18,100,255.00,"25,500.00"
2019-09-11,2019091101005062,BOKL,48,18,318,255.00,"81,090.00"
2019-09-11,2019091101005303,BPCL,33,59,10,375.00,"3,750.00"
2019-09-11,2019091101005302,BPCL,33,25,33,374.00,"12,342.00"
2019-09-11,2019091101005301,BPCL,33,25,33,374.00,"12,342.00"
2019-09-11,2019091101005146,BPCL,49,25,33,371.00,"12,243.00"
2019-09-11,2019091101005347,CBBL,51,45,34,978.00,"33,252.00"
2019-09-11,2019091101005346,CBBL,6,45,50,978.00,"48,900.00"
2019-09-11,2019091101005345,CBBL,54,45,10,980.00,"9,800.00"
2019-09-11,2019091101005344,CBBL,41,45,10,980.00,"9,800.00"
2019-09-11,2019091101005323,CBBL,34,58,50,981.00,"49,050.00"
2019-09-11,2019091101004968,CBBL,38,33,10,982.00,"9,820.00"
2019-09-11,2019091101004967,CBBL,38,46,490,981.00,"480,690.00"
2019-09-11,2019091101004941,CBBL,45,46,10,981.00,"9,810.00"
2019-09-11,2019091101005378,CBL,43,58,10,146.00,"1,460.00"
2019-09-11,2019091101005316,CBL,57,37,30,145.00,"4,350.00"
2019-09-11,2019091101005287,CBL,43,58,10,146.00,"1,460.00"
2019-09-11,2019091101005052,CBL,44,13,"1,000",145.00,"145,000.00"
2019-09-11,2019091101005051,CBL,44,6,100,145.00,"14,500.00"
2019-09-11,2019091101005396,CCBL,34,59,200,158.00,"31,600.00"
2019-09-11,2019091101005277,CCBL,34,6,124,158.00,"19,592.00"
2019-09-11,2019091101005263,CEFL,28,4,200,101.00,"20,200.00"
2019-09-11,2019091101005426,CHCL,32,42,45,437.00,"19,665.00"
2019-09-11,2019091101005425,CHCL,25,42,15,438.00,"6,570.00"
2019-09-11,2019091101005424,CHCL,25,42,15,440.00,"6,600.00"
2019-09-11,2019091101005282,CHCL,28,36,151,442.00,"66,742.00"
2019-09-11,2019091101005281,CHCL,28,34,22,441.00,"9,702.00"
2019-09-11,2019091101005190,CIT,55,37,20,"1,861.00","37,220.00"
2019-09-11,2019091101005005,CIT,52,39,50,"1,861.00","93,050.00"
2019-09-11,2019091101005393,CZBIL,47,50,322,222.00,"71,484.00"
2019-09-11,2019091101005392,CZBIL,5,50,178,222.00,"39,516.00"
2019-09-11,2019091101005381,CZBIL,48,51,912,223.00,"203,376.00"
2019-09-11,2019091101005380,CZBIL,48,47,518,223.00,"115,514.00"
2019-09-11,2019091101005379,CZBIL,48,1,570,223.00,"127,110.00"
2019-09-11,2019091101005342,CZBIL,5,35,100,222.00,"22,200.00"
2019-09-11,2019091101005329,CZBIL,57,51,66,223.00,"14,718.00"
2019-09-11,2019091101005328,CZBIL,57,25,100,223.00,"22,300.00"
2019-09-11,2019091101005324,CZBIL,41,38,43,223.00,"9,589.00"
2019-09-11,2019091101005201,CZBIL,5,25,111,222.00,"24,642.00"
2019-09-11,2019091101005179,CZBIL,5,25,111,222.00,"24,642.00"
2019-09-11,2019091101004946,CZBIL,41,38,50,223.00,"11,150.00"
2019-09-11,2019091101005349,DBBL,32,45,20,130.00,"2,600.00"
2019-09-11,2019091101005261,DBBL,34,57,100,128.00,"12,800.00"
2019-09-11,2019091101005260,DBBL,34,57,200,128.00,"25,600.00"
2019-09-11,2019091101005259,DBBL,45,57,200,129.00,"25,800.00"
2019-09-11,2019091101005258,DBBL,38,57,100,129.00,"12,900.00"
2019-09-11,2019091101005257,DBBL,39,57,100,129.00,"12,900.00"
2019-09-11,2019091101005256,DBBL,25,57,200,129.00,"25,800.00"
2019-09-11,2019091101005255,DBBL,26,57,600,129.00,"77,400.00"
2019-09-11,2019091101005254,DBBL,45,57,25,129.00,"3,225.00"
2019-09-11,2019091101005389,DDBL,38,16,35,715.00,"25,025.00"
2019-09-11,2019091101005367,DDBL,38,16,30,715.00,"21,450.00"
2019-09-11,2019091101005340,DDBL,38,16,25,715.00,"17,875.00"
2019-09-11,2019091101005318,DDBL,38,16,175,715.00,"125,125.00"
2019-09-11,2019091101005304,DDBL,38,16,42,715.00,"30,030.00"
2019-09-11,2019091101005296,DDBL,38,16,30,715.00,"21,450.00"
2019-09-11,2019091101005066,DDBL,38,51,100,720.00,"72,000.00"
2019-09-11,2019091101005055,DDBL,38,51,50,720.00,"36,000.00"
2019-09-11,2019091101005038,DDBL,38,51,10,720.00,"7,200.00"
2019-09-11,2019091101005037,DDBL,38,1,65,718.00,"46,670.00"
2019-09-11,2019091101005036,DDBL,38,1,135,718.00,"96,930.00"
2019-09-11,2019091101005219,DDBL,38,16,20,715.00,"14,300.00"
2019-09-11,2019091101005206,DDBL,38,51,50,720.00,"36,000.00"
2019-09-11,2019091101005202,DDBL,38,51,50,720.00,"36,000.00"
2019-09-11,2019091101005096,DDBL,38,51,160,720.00,"115,200.00"
2019-09-11,2019091101005075,DDBL,38,51,50,720.00,"36,000.00"
2019-09-11,2019091101005067,DDBL,38,51,30,720.00,"21,600.00"
2019-09-11,2019091101005289,DDBL,38,16,35,715.00,"25,025.00"
2019-09-11,2019091101005280,DDBL,38,16,35,715.00,"25,025.00"
2019-09-11,2019091101005264,DDBL,38,16,30,715.00,"21,450.00"
2019-09-11,2019091101005242,DDBL,38,16,52,715.00,"37,180.00"
2019-09-11,2019091101005228,DDBL,38,16,90,715.00,"64,350.00"
2019-09-11,2019091101005225,DDBL,38,16,100,715.00,"71,500.00"
2019-09-11,2019091101005054,DHPL,17,17,10,55.00,550.00
2019-09-11,2019091101005000,DHPL,7,22,200,54.00,"10,800.00"
2019-09-11,2019091101005178,EBL,11,14,50,590.00,"29,500.00"
2019-09-11,2019091101005322,EIC,41,57,100,290.00,"29,000.00"
2019-09-11,2019091101005188,EIC,52,57,20,285.00,"5,700.00"
2019-09-11,2019091101005187,EIC,32,57,100,285.00,"28,500.00"
2019-09-11,2019091101005186,EIC,32,57,100,285.00,"28,500.00"
2019-09-11,2019091101005185,EIC,45,57,10,285.00,"2,850.00"
2019-09-11,2019091101005184,EIC,25,57,90,286.00,"25,740.00"
2019-09-11,2019091101005183,EIC,58,57,20,287.00,"5,740.00"
2019-09-11,2019091101005169,EIC,58,57,10,290.00,"2,900.00"
2019-09-11,2019091101005137,EIC,38,36,100,292.00,"29,200.00"
2019-09-11,2019091101005022,FMDBL,25,52,93,372.00,"34,596.00"
2019-09-11,2019091101004944,FOWAD,6,17,14,"1,282.00","17,948.00"
2019-09-11,2019091101005310,GBBL,53,4,775,213.00,"165,075.00"
2019-09-11,2019091101005288,GBBL,53,49,150,212.00,"31,800.00"
2019-09-11,2019091101005098,GBBL,53,37,200,212.00,"42,400.00"
2019-09-11,2019091101005236,GBLBS,6,56,20,331.00,"6,620.00"
2019-09-11,2019091101005235,GBLBS,57,56,50,331.00,"16,550.00"
2019-09-11,2019091101005234,GBLBS,36,56,30,331.00,"9,930.00"
2019-09-11,2019091101005085,GBLBS,36,56,70,331.00,"23,170.00"
2019-09-11,2019091101005295,GDBL,40,53,300,208.00,"62,400.00"
2019-09-11,2019091101005159,GDBL,53,6,"2,756",207.00,"570,492.00"
2019-09-11,2019091101005354,GLBSL,51,58,10,457.00,"4,570.00"
2019-09-11,2019091101005353,GMFBS,39,38,10,498.00,"4,980.00"
2019-09-11,2019091101005283,GMFBS,21,37,12,493.00,"5,916.00"
2019-09-11,2019091101005338,HBL,49,17,115,520.00,"59,800.00"
2019-09-11,2019091101005226,HBL,16,33,100,520.00,"52,000.00"
2019-09-11,2019091101005104,HDL,7,34,50,"1,494.00","74,700.00"
2019-09-11,2019091101005245,HGI,20,3,170,285.00,"48,450.00"
2019-09-11,2019091101005112,HGI,20,42,23,285.00,"6,555.00"
2019-09-11,2019091101005111,HGI,53,42,77,285.00,"21,945.00"
2019-09-11,2019091101004955,HGI,52,35,100,286.00,"28,600.00"
2019-09-11,2019091101005419,HIDCL,29,19,10,138.00,"1,380.00"
2019-09-11,2019091101005418,HIDCL,29,10,100,137.00,"13,700.00"
2019-09-11,2019091101005417,HIDCL,29,47,50,137.00,"6,850.00"
2019-09-11,2019091101005315,HIDCL,5,34,31,136.00,"4,216.00"
2019-09-11,2019091101005244,HIDCL,5,25,61,136.00,"8,296.00"
2019-09-11,2019091101005050,HIDCL,5,25,61,136.00,"8,296.00"
2019-09-11,2019091101005101,ILBS,1,57,60,431.00,"25,860.00"
2019-09-11,2019091101005100,ILBS,17,57,100,432.00,"43,200.00"
2019-09-11,2019091101005388,JBBL,49,45,10,160.00,"1,600.00"
2019-09-11,2019091101005026,JFL,42,52,20,198.00,"3,960.00"
2019-09-11,2019091101005025,JFL,42,52,18,198.00,"3,564.00"
2019-09-11,2019091101005024,JFL,13,52,100,198.00,"19,800.00"
2019-09-11,2019091101005268,KBL,7,45,500,204.00,"102,000.00"
2019-09-11,2019091101005267,KBL,7,38,500,204.00,"102,000.00"
2019-09-11,2019091101005266,KBL,7,14,100,204.00,"20,400.00"
2019-09-11,2019091101005265,KBL,7,58,212,204.00,"43,248.00"
2019-09-11,2019091101005162,KBL,7,45,200,203.00,"40,600.00"
2019-09-11,2019091101005161,KBL,34,45,100,203.00,"20,300.00"
2019-09-11,2019091101004960,KBL,45,44,50,202.00,"10,100.00"
2019-09-11,2019091101004959,KBL,33,44,"1,000",202.00,"202,000.00"
2019-09-11,2019091101004958,KBL,56,44,20,202.00,"4,040.00"
2019-09-11,2019091101004957,KBL,17,44,855,202.00,"172,710.00"
2019-09-11,2019091101005160,KBL,17,45,200,203.00,"40,600.00"
2019-09-11,2019091101005094,KBL,45,40,49,203.00,"9,947.00"
2019-09-11,2019091101004964,KBL,33,44,455,202.00,"91,910.00"
2019-09-11,2019091101004963,KBL,13,44,50,202.00,"10,100.00"
2019-09-11,2019091101004962,KBL,45,44,200,202.00,"40,400.00"
2019-09-11,2019091101004961,KBL,42,44,200,202.00,"40,400.00"
2019-09-11,2019091101005395,LBBL,42,25,18,173.00,"3,114.00"
2019-09-11,2019091101005243,LBBL,42,33,100,173.00,"17,300.00"
2019-09-11,2019091101005124,LBBL,41,33,100,173.00,"17,300.00"
2019-09-11,2019091101004986,LBBL,58,25,18,172.00,"3,096.00"
2019-09-11,2019091101004980,LBBL,58,32,356,172.00,"61,232.00"
2019-09-11,2019091101004973,LBBL,58,49,488,172.00,"83,936.00"
2019-09-11,2019091101004972,LBBL,44,49,512,172.00,"88,064.00"
2019-09-11,2019091101005027,LBL,49,49,900,211.00,"189,900.00"
2019-09-11,2019091101005423,LGIL,48,34,10,371.00,"3,710.00"
2019-09-11,2019091101005285,LGIL,34,42,100,368.00,"36,800.00"
2019-09-11,2019091101005074,LGIL,38,34,100,371.00,"37,100.00"
2019-09-11,2019091101005099,MBL,49,35,250,251.00,"62,750.00"
2019-09-11,2019091101005020,MBL,49,51,"1,390",251.00,"348,890.00"
2019-09-11,2019091101005397,MEGA,56,33,158,195.00,"30,810.00"
2019-09-11,2019091101005390,MEGA,45,33,200,195.00,"39,000.00"
2019-09-11,2019091101005092,MEGA,59,44,200,195.00,"39,000.00"
2019-09-11,2019091101005053,MEGA,36,44,100,195.00,"19,500.00"
2019-09-11,2019091101005029,MEGA,11,32,178,195.00,"34,710.00"
2019-09-11,2019091101005115,MEGA,59,33,800,195.00,"156,000.00"
2019-09-11,2019091101005168,MERO,45,33,82,555.00,"45,510.00"
2019-09-11,2019091101005167,MERO,32,33,100,555.00,"55,500.00"
2019-09-11,2019091101005166,MERO,6,33,10,555.00,"5,550.00"
2019-09-11,2019091101005165,MERO,42,33,40,555.00,"22,200.00"
2019-09-11,2019091101005164,MERO,51,33,68,556.00,"37,808.00"
2019-09-11,2019091101005084,MERO,51,19,32,556.00,"17,792.00"
2019-09-11,2019091101005083,MERO,45,19,18,556.00,"10,008.00"
2019-09-11,2019091101005035,MLBBL,22,16,88,433.00,"38,104.00"
2019-09-11,2019091101005016,MLBBL,22,47,112,432.00,"48,384.00"
2019-09-11,2019091101005015,MLBBL,49,47,20,432.00,"8,640.00"
2019-09-11,2019091101004952,MLBBL,48,16,12,433.00,"5,196.00"
2019-09-11,2019091101005215,MLBL,48,56,260,213.00,"55,380.00"
2019-09-11,2019091101005191,MLBL,57,33,500,212.00,"106,000.00"
2019-09-11,2019091101004974,MLBL,33,25,"2,000",212.00,"424,000.00"
2019-09-11,2019091101005253,MNBBL,26,37,80,308.00,"24,640.00"
2019-09-11,2019091101005252,MNBBL,43,37,200,308.00,"61,600.00"
2019-09-11,2019091101005251,MNBBL,25,37,420,309.00,"129,780.00"
2019-09-11,2019091101005118,MNBBL,25,37,80,309.00,"24,720.00"
2019-09-11,2019091101005117,MNBBL,6,37,100,309.00,"30,900.00"
2019-09-11,2019091101005116,MNBBL,35,37,20,309.00,"6,180.00"
2019-09-11,2019091101005044,MNBBL,21,37,100,309.00,"30,900.00"
2019-09-11,2019091101005043,MNBBL,42,37,100,309.00,"30,900.00"
2019-09-11,2019091101005042,MNBBL,45,37,79,309.00,"24,411.00"
2019-09-11,2019091101005341,MSLB,10,35,13,910.00,"11,830.00"
2019-09-11,2019091101005155,MSLB,51,18,17,897.00,"15,249.00"
2019-09-11,2019091101005154,MSLB,45,18,100,898.00,"89,800.00"
2019-09-11,2019091101005153,MSLB,1,18,50,898.00,"44,900.00"
2019-09-11,2019091101005152,MSLB,45,18,20,900.00,"18,000.00"
2019-09-11,2019091101005151,MSLB,40,18,20,900.00,"18,000.00"
2019-09-11,2019091101005376,NABIL,33,48,50,772.00,"38,600.00"
2019-09-11,2019091101005375,NABIL,33,33,100,772.00,"77,200.00"
2019-09-11,2019091101005374,NABIL,33,6,142,772.00,"109,624.00"
2019-09-11,2019091101005373,NABIL,33,10,20,772.00,"15,440.00"
2019-09-11,2019091101005279,NABIL,33,10,50,771.00,"38,550.00"
2019-09-11,2019091101005068,NABIL,43,49,55,770.00,"42,350.00"
2019-09-11,2019091101005059,NABIL,6,53,350,771.00,"269,850.00"
2019-09-11,2019091101005001,NABIL,6,45,15,771.00,"11,565.00"
2019-09-11,2019091101005095,NADEP,48,48,50,428.00,"21,400.00"
2019-09-11,2019091101005284,NAGRO,34,45,10,764.00,"7,640.00"
2019-09-11,2019091101005058,NBB,39,49,"1,000",208.00,"208,000.00"
2019-09-11,2019091101005057,NBB,40,49,400,208.00,"83,200.00"
2019-09-11,2019091101005056,NBB,39,49,34,208.00,"7,072.00"
2019-09-11,2019091101005049,NBB,39,58,121,208.00,"25,168.00"
2019-09-11,2019091101005430,NBL,33,34,10,315.00,"3,150.00"
2019-09-11,2019091101005403,NBL,3,34,100,314.00,"31,400.00"
2019-09-11,2019091101005402,NBL,8,34,100,314.00,"31,400.00"
2019-09-11,2019091101005401,NBL,10,34,150,314.00,"47,100.00"
2019-09-11,2019091101005400,NBL,56,34,200,314.00,"62,800.00"
2019-09-11,2019091101005399,NBL,11,34,100,314.00,"31,400.00"
2019-09-11,2019091101005033,NBL,44,33,"1,550",314.00,"486,700.00"
2019-09-11,2019091101005032,NBL,44,34,784,314.00,"246,176.00"
2019-09-11,2019091101004992,NBL,52,34,50,314.00,"15,700.00"
2019-09-11,2019091101004982,NBL,19,34,166,314.00,"52,124.00"
2019-09-11,2019091101004981,NBL,19,44,"1,334",314.00,"418,876.00"
2019-09-11,2019091101005398,NBL,14,34,50,314.00,"15,700.00"
2019-09-11,2019091101005369,NBL,28,34,30,315.00,"9,450.00"
2019-09-11,2019091101005368,NBL,28,33,970,315.00,"305,550.00"
2019-09-11,2019091101005204,NBL,43,33,30,315.00,"9,450.00"
2019-09-11,2019091101005192,NBL,44,44,"10,000",314.00,"3,140,000.00"
2019-09-11,2019091101005144,NBL,14,38,150,314.00,"47,100.00"
2019-09-11,2019091101005428,NCCB,58,4,10,201.00,"2,010.00"
2019-09-11,2019091101005387,NCCB,33,4,100,201.00,"20,100.00"
2019-09-11,2019091101005337,NCCB,44,37,15,199.00,"2,985.00"
2019-09-11,2019091101005334,NCCB,44,37,460,200.00,"92,000.00"
2019-09-11,2019091101005333,NCCB,44,32,200,200.00,"40,000.00"
2019-09-11,2019091101004976,NCCB,44,44,"3,270",199.00,"650,730.00"
2019-09-11,2019091101004933,NHDL,57,45,60,95.00,"5,700.00"
2019-09-11,2019091101004932,NHDL,11,45,10,95.00,950.00
2019-09-11,2019091101004931,NHDL,41,45,800,96.00,"76,800.00"
2019-09-11,2019091101005294,NHPC,42,56,"1,300",55.00,"71,500.00"
2019-09-11,2019091101005293,NHPC,41,56,200,55.00,"11,000.00"
2019-09-11,2019091101005103,NIB,58,57,20,449.00,"8,980.00"
2019-09-11,2019091101005065,NIB,38,57,400,449.00,"179,600.00"
2019-09-11,2019091101004996,NIB,42,50,15,450.00,"6,750.00"
2019-09-11,2019091101004975,NIB,42,45,15,449.00,"6,735.00"
2019-09-11,2019091101005429,NICA,22,50,145,447.00,"64,815.00"
2019-09-11,2019091101005391,NICA,47,50,500,447.00,"223,500.00"
2019-09-11,2019091101005348,NICA,50,6,106,446.00,"47,276.00"
2019-09-11,2019091101005149,NICA,50,35,100,446.00,"44,600.00"
2019-09-11,2019091101005148,NICA,50,50,379,446.00,"169,034.00"
2019-09-11,2019091101005147,NICA,50,32,100,446.00,"44,600.00"
2019-09-11,2019091101005078,NICA,22,38,355,445.00,"157,975.00"
2019-09-11,2019091101005077,NICA,50,38,150,445.00,"66,750.00"
2019-09-11,2019091101005076,NICA,32,38,10,445.00,"4,450.00"
2019-09-11,2019091101005275,NIL,39,18,10,383.00,"3,830.00"
2019-09-11,2019091101005224,NIL,32,51,500,380.00,"190,000.00"
2019-09-11,2019091101005136,NIL,46,38,60,377.00,"22,620.00"
2019-09-11,2019091101005135,NIL,13,38,100,377.00,"37,700.00"
2019-09-11,2019091101005134,NIL,28,38,20,377.00,"7,540.00"
2019-09-11,2019091101005133,NIL,6,38,50,377.00,"18,850.00"
2019-09-11,2019091101005132,NIL,41,38,20,378.00,"7,560.00"
2019-09-11,2019091101005126,NLG,28,43,49,579.00,"28,371.00"
2019-09-11,2019091101005125,NLG,28,38,51,579.00,"29,529.00"
2019-09-11,2019091101005305,NLIC,4,13,10,787.00,"7,870.00"
2019-09-11,2019091101005238,NLIC,4,14,25,784.00,"19,600.00"
2019-09-11,2019091101005220,NLIC,49,25,22,782.00,"17,204.00"
2019-09-11,2019091101005145,NLIC,49,37,100,782.00,"78,200.00"
2019-09-11,2019091101005047,NLIC,26,14,50,784.00,"39,200.00"
2019-09-11,2019091101005046,NLIC,26,14,50,784.00,"39,200.00"
2019-09-11,2019091101005045,NLIC,26,4,100,784.00,"78,400.00"
2019-09-11,2019091101004970,NLIC,35,42,74,783.00,"57,942.00"
2019-09-11,2019091101005317,NLICL,43,25,10,495.00,"4,950.00"
2019-09-11,2019091101005298,NLICL,40,16,75,488.00,"36,600.00"
2019-09-11,2019091101005274,NLICL,35,25,20,486.00,"9,720.00"
2019-09-11,2019091101005273,NLICL,19,25,50,486.00,"24,300.00"
2019-09-11,2019091101005272,NLICL,34,25,20,486.00,"9,720.00"
2019-09-11,2019091101005271,NLICL,49,25,100,486.00,"48,600.00"
2019-09-11,2019091101005270,NLICL,40,25,10,486.00,"4,860.00"
2019-09-11,2019091101005269,NLICL,14,25,100,487.00,"48,700.00"
2019-09-11,2019091101005227,NLICL,51,16,10,488.00,"4,880.00"
2019-09-11,2019091101005218,NLICL,48,16,15,488.00,"7,320.00"
2019-09-11,2019091101005364,NMBHF1,34,59,"71,151",9.52,"677,357.52"
2019-09-11,2019091101005363,NMBHF1,8,59,"5,555",9.53,"52,939.15"
2019-09-11,2019091101005362,NMBHF1,54,59,"4,126",9.60,"39,609.60"
2019-09-11,2019091101005361,NMBHF1,34,59,168,9.78,"1,643.04"
2019-09-11,2019091101005383,NMBSF1,49,35,"4,000",11.11,"44,440.00"
2019-09-11,2019091101005382,NMBSF1,17,35,"26,000",11.12,"289,120.00"
2019-09-11,2019091101005352,NMBSF1,17,19,"14,000",11.12,"155,680.00"
2019-09-11,2019091101005351,NMBSF1,45,19,"1,000",11.12,"11,120.00"
2019-09-11,2019091101005350,NMBSF1,49,19,"5,000",11.14,"55,700.00"
2019-09-11,2019091101005237,NMBSF1,34,35,"10,000",11.15,"111,500.00"
2019-09-11,2019091101005089,NMBSF1,25,25,"2,000",11.11,"22,220.00"
2019-09-11,2019091101005088,NMBSF1,34,25,"1,000",11.15,"11,150.00"
2019-09-11,2019091101005087,NMBSF1,45,25,"1,000",11.16,"11,160.00"
2019-09-11,2019091101005086,NMBSF1,45,25,"1,000",11.17,"11,170.00"
2019-09-11,2019091101005355,NTC,44,6,240,629.00,"150,960.00"
2019-09-11,2019091101005106,OHL,16,34,50,524.00,"26,200.00"
2019-09-11,2019091101005105,OHL,6,34,20,525.00,"10,500.00"
2019-09-11,2019091101004989,PCBL,5,48,400,268.00,"107,200.00"
2019-09-11,2019091101005060,PIC,42,37,93,395.00,"36,735.00"
2019-09-11,2019091101005357,PICL,42,58,44,441.00,"19,404.00"
2019-09-11,2019091101005356,PICL,40,58,100,442.00,"44,200.00"
2019-09-11,2019091101005276,PICL,6,4,30,446.00,"13,380.00"
2019-09-11,2019091101005205,PRIN,32,38,500,313.00,"156,500.00"
2019-09-11,2019091101005404,PRVU,57,38,500,261.00,"130,500.00"
2019-09-11,2019091101005366,PRVU,57,38,423,261.00,"110,403.00"
2019-09-11,2019091101005365,PRVU,8,38,77,261.00,"20,097.00"
2019-09-11,2019091101005240,PRVU,8,21,123,261.00,"32,103.00"
2019-09-11,2019091101005239,PRVU,28,21,27,261.00,"7,047.00"
2019-09-11,2019091101005114,PRVU,34,37,720,262.00,"188,640.00"
2019-09-11,2019091101005113,PRVU,34,29,300,262.00,"78,600.00"
2019-09-11,2019091101005028,PRVU,6,6,1,261.00,261.00
2019-09-11,2019091101005130,RBCL,16,16,10,"8,701.00","87,010.00"
2019-09-11,2019091101004948,RBCLPO,56,11,10,"7,656.00","76,560.00"
2019-09-11,2019091101004951,RBCLPO,46,11,20,"7,636.00","152,720.00"
2019-09-11,2019091101004950,RBCLPO,6,11,10,"7,650.00","76,500.00"
2019-09-11,2019091101004949,RBCLPO,35,11,10,"7,655.00","76,550.00"
2019-09-11,2019091101004991,RHPC,29,8,98,79.00,"7,742.00"
2019-09-11,2019091101004990,RHPC,37,8,17,79.00,"1,343.00"
2019-09-11,2019091101004979,RHPC,6,50,13,80.00,"1,040.00"
2019-09-11,2019091101004969,RHPC,37,8,60,79.00,"4,740.00"
2019-09-11,2019091101004945,RHPC,37,6,13,79.00,"1,027.00"
2019-09-11,2019091101005386,RHPL,40,25,40,161.00,"6,440.00"
2019-09-11,2019091101005385,RHPL,40,26,30,161.00,"4,830.00"
2019-09-11,2019091101005358,RHPL,56,26,20,161.00,"3,220.00"
2019-09-11,2019091101005343,RHPL,35,26,10,161.00,"1,610.00"
2019-09-11,2019091101005278,RHPL,37,44,40,160.00,"6,400.00"
2019-09-11,2019091101005241,RHPL,37,44,40,160.00,"6,400.00"
2019-09-11,2019091101004985,RHPL,40,34,20,161.00,"3,220.00"
2019-09-11,2019091101004978,RHPL,40,34,40,161.00,"6,440.00"
2019-09-11,2019091101004966,RHPL,40,44,40,161.00,"6,440.00"
2019-09-11,2019091101004954,RHPL,40,34,40,161.00,"6,440.00"
2019-09-11,2019091101005069,RHPL,51,57,90,161.00,"14,490.00"
2019-09-11,2019091101005003,RHPL,51,34,10,161.00,"1,610.00"
2019-09-11,2019091101005002,RHPL,40,34,10,161.00,"1,610.00"
2019-09-11,2019091101004999,RHPL,40,25,50,161.00,"8,050.00"
2019-09-11,2019091101004995,RHPL,40,34,20,161.00,"3,220.00"
2019-09-11,2019091101004993,RHPL,40,44,40,161.00,"6,440.00"
2019-09-11,2019091101005214,RHPL,37,44,40,160.00,"6,400.00"
2019-09-11,2019091101005208,RHPL,29,26,150,161.00,"24,150.00"
2019-09-11,2019091101005193,RHPL,37,44,40,160.00,"6,400.00"
2019-09-11,2019091101005121,RHPL,37,58,40,160.00,"6,400.00"
2019-09-11,2019091101005079,RHPL,40,26,90,161.00,"14,490.00"
2019-09-11,2019091101005070,RHPL,40,57,110,161.00,"17,710.00"
2019-09-11,2019091101004947,SABSL,41,45,10,486.00,"4,860.00"
2019-09-11,2019091101005422,SANIMA,32,35,193,354.00,"68,322.00"
2019-09-11,2019091101005421,SANIMA,32,51,146,354.00,"51,684.00"
2019-09-11,2019091101005286,SANIMA,32,38,161,353.00,"56,833.00"
2019-09-11,2019091101005247,SANIMA,11,38,393,353.00,"138,729.00"
2019-09-11,2019091101005177,SANIMA,11,4,30,353.00,"10,590.00"
2019-09-11,2019091101005097,SANIMA,26,38,300,353.00,"105,900.00"
2019-09-11,2019091101004997,SANIMA,11,50,57,352.00,"20,064.00"
2019-09-11,2019091101004988,SANIMA,26,42,100,353.00,"35,300.00"
2019-09-11,2019091101005120,SBI,38,48,20,426.00,"8,520.00"
2019-09-11,2019091101005119,SBI,45,48,10,430.00,"4,300.00"
2019-09-11,2019091101005371,SBL,16,7,104,316.00,"32,864.00"
2019-09-11,2019091101005336,SBL,34,7,200,315.00,"63,000.00"
2019-09-11,2019091101005335,SBL,34,48,140,315.00,"44,100.00"
2019-09-11,2019091101005211,SBL,38,39,104,314.00,"32,656.00"
2019-09-11,2019091101005102,SBL,25,39,200,314.00,"62,800.00"
2019-09-11,2019091101005021,SBL,34,49,700,314.00,"219,800.00"
2019-09-11,2019091101004994,SBL,34,49,626,314.00,"196,564.00"
2019-09-11,2019091101004953,SBL,49,49,74,314.00,"23,236.00"
2019-09-11,2019091101004940,SBL,49,41,100,314.00,"31,400.00"
2019-09-11,2019091101005414,SCB,1,58,190,588.00,"111,720.00"
2019-09-11,2019091101005413,SCB,21,58,20,588.00,"11,760.00"
2019-09-11,2019091101005412,SCB,35,58,20,588.00,"11,760.00"
2019-09-11,2019091101005411,SCB,52,58,30,588.00,"17,640.00"
2019-09-11,2019091101005410,SCB,42,58,20,588.00,"11,760.00"
2019-09-11,2019091101005409,SCB,21,58,60,588.00,"35,280.00"
2019-09-11,2019091101005091,SCB,50,45,26,590.00,"15,340.00"
2019-09-11,2019091101005090,SCB,50,49,474,590.00,"279,660.00"
2019-09-11,2019091101005007,SCB,26,49,300,590.00,"177,000.00"
2019-09-11,2019091101005408,SCB,21,58,50,589.00,"29,450.00"
2019-09-11,2019091101005407,SCB,45,58,60,589.00,"35,340.00"
2019-09-11,2019091101005207,SCB,11,58,50,593.00,"29,650.00"
2019-09-11,2019091101005180,SCB,45,45,44,590.00,"25,960.00"
2019-09-11,2019091101005030,SEF,3,49,"2,100",9.00,"18,900.00"
2019-09-11,2019091101005189,SFFIL,42,6,20,250.00,"5,000.00"
2019-09-11,2019091101005182,SFFIL,42,6,30,250.00,"7,500.00"
2019-09-11,2019091101005405,SHIVM,39,21,200,528.00,"105,600.00"
2019-09-11,2019091101005200,SHIVM,22,38,230,527.00,"121,210.00"
2019-09-11,2019091101005199,SHIVM,22,50,100,527.00,"52,700.00"
2019-09-11,2019091101005158,SHIVM,22,37,80,526.00,"42,080.00"
2019-09-11,2019091101005157,SHIVM,45,37,20,526.00,"10,520.00"
2019-09-11,2019091101005073,SHIVM,22,50,100,526.00,"52,600.00"
2019-09-11,2019091101005010,SHIVM,40,37,60,526.00,"31,560.00"
2019-09-11,2019091101005009,SHIVM,6,37,40,526.00,"21,040.00"
2019-09-11,2019091101005019,SHIVM,22,17,125,525.00,"65,625.00"
2019-09-11,2019091101005018,SHIVM,20,17,150,525.00,"78,750.00"
2019-09-11,2019091101005017,SHIVM,21,17,25,525.00,"13,125.00"
2019-09-11,2019091101005013,SHIVM,21,37,25,525.00,"13,125.00"
2019-09-11,2019091101005012,SHIVM,14,37,20,525.00,"10,500.00"
2019-09-11,2019091101005011,SHIVM,6,37,55,525.00,"28,875.00"
2019-09-11,2019091101005331,SHL,6,8,100,219.00,"21,900.00"
2019-09-11,2019091101005330,SHL,50,8,100,220.00,"22,000.00"
2019-09-11,2019091101005123,SHL,52,8,"2,000",219.00,"438,000.00"
2019-09-11,2019091101005122,SHL,52,8,799,219.00,"174,981.00"
2019-09-11,2019091101005041,SHL,52,45,201,219.00,"44,019.00"
2019-09-11,2019091101005040,SHL,52,45,499,219.00,"109,281.00"
2019-09-11,2019091101005039,SHL,52,45,200,220.00,"44,000.00"
2019-09-11,2019091101004956,SHL,52,41,100,219.00,"21,900.00"
2019-09-11,2019091101005212,SHPC,39,45,139,202.00,"28,078.00"
2019-09-11,2019091101005163,SHPC,43,45,861,202.00,"173,922.00"
2019-09-11,2019091101005143,SHPC,43,45,139,202.00,"28,078.00"
2019-09-11,2019091101005142,SHPC,33,45,"1,000",202.00,"202,000.00"
2019-09-11,2019091101005141,SHPC,48,45,100,203.00,"20,300.00"
2019-09-11,2019091101005140,SHPC,39,45,500,203.00,"101,500.00"
2019-09-11,2019091101004937,SHPC,43,17,20,208.00,"4,160.00"
2019-09-11,2019091101005071,SHPC,48,45,680,204.00,"138,720.00"
2019-09-11,2019091101004984,SHPC,48,45,320,204.00,"65,280.00"
2019-09-11,2019091101004983,SHPC,58,45,200,205.00,"41,000.00"
2019-09-11,2019091101005139,SHPC,36,45,111,203.00,"22,533.00"
2019-09-11,2019091101005138,SHPC,48,45,150,204.00,"30,600.00"
2019-09-11,2019091101005129,SHPC,48,42,50,204.00,"10,200.00"
2019-09-11,2019091101005128,SHPC,56,42,10,204.00,"2,040.00"
2019-09-11,2019091101005127,SHPC,41,42,40,204.00,"8,160.00"
2019-09-11,2019091101005072,SHPC,41,45,320,204.00,"65,280.00"
2019-09-11,2019091101004987,SICL,42,41,100,739.00,"73,900.00"
2019-09-11,2019091101005181,SIL,44,56,10,395.00,"3,950.00"
2019-09-11,2019091101005156,SIL,25,44,10,390.00,"3,900.00"
2019-09-11,2019091101005082,SIL,56,41,211,383.00,"80,813.00"
2019-09-11,2019091101005081,SIL,17,41,50,383.00,"19,150.00"
2019-09-11,2019091101005080,SIL,44,41,140,385.00,"53,900.00"
2019-09-11,2019091101005292,SJCL,29,44,20,177.00,"3,540.00"
2019-09-11,2019091101005246,SJCL,29,44,20,177.00,"3,540.00"
2019-09-11,2019091101005233,SJCL,29,58,20,177.00,"3,540.00"
2019-09-11,2019091101005232,SJCL,29,35,20,177.00,"3,540.00"
2019-09-11,2019091101004942,SJCL,14,44,20,175.00,"3,500.00"
2019-09-11,2019091101004936,SJCL,14,34,20,175.00,"3,500.00"
2019-09-11,2019091101005008,SJCL,25,29,120,176.00,"21,120.00"
2019-09-11,2019091101005004,SJCL,14,44,20,175.00,"3,500.00"
2019-09-11,2019091101004977,SJCL,14,44,20,175.00,"3,500.00"
2019-09-11,2019091101005231,SJCL,29,25,10,177.00,"1,770.00"
2019-09-11,2019091101005230,SJCL,29,25,20,177.00,"3,540.00"
2019-09-11,2019091101005229,SJCL,29,25,10,177.00,"1,770.00"
2019-09-11,2019091101005223,SJCL,48,44,20,176.00,"3,520.00"
2019-09-11,2019091101005203,SJCL,48,44,20,176.00,"3,520.00"
2019-09-11,2019091101005406,SKBBL,22,8,10,950.00,"9,500.00"
2019-09-11,2019091101005372,SLBBL,56,53,201,552.00,"110,952.00"
2019-09-11,2019091101005327,SLBBL,56,16,149,552.00,"82,248.00"
2019-09-11,2019091101005326,SLBBL,35,16,20,552.00,"11,040.00"
2019-09-11,2019091101005325,SLBBL,1,16,31,552.00,"17,112.00"
2019-09-11,2019091101005216,SLBSL,38,14,100,715.00,"71,500.00"
2019-09-11,2019091101004935,SLICL,25,17,100,280.00,"28,000.00"
2019-09-11,2019091101004934,SLICL,44,17,187,280.00,"52,360.00"
2019-09-11,2019091101005150,SMATA,52,33,10,"1,289.00","12,890.00"
2019-09-11,2019091101005110,SMATA,50,33,50,"1,289.00","64,450.00"
2019-09-11,2019091101005109,SMATA,35,33,30,"1,289.00","38,670.00"
2019-09-11,2019091101005108,SMATA,51,33,10,"1,290.00","12,900.00"
2019-09-11,2019091101005107,SMATA,34,33,10,"1,295.00","12,950.00"
2019-09-11,2019091101005093,SMATA,17,33,10,"1,300.00","13,000.00"
2019-09-11,2019091101005006,SMB,19,6,10,449.00,"4,490.00"
2019-09-11,2019091101005384,SMFBS,34,43,10,805.00,"8,050.00"
2019-09-11,2019091101005297,SMFBS,34,21,10,798.00,"7,980.00"
2019-09-11,2019091101005359,SMFDB,57,42,33,529.00,"17,457.00"
2019-09-11,2019091101005394,SRBL,25,47,10,230.00,"2,300.00"
2019-09-11,2019091101005321,SRBL,45,16,381,227.00,"86,487.00"
2019-09-11,2019091101005320,SRBL,34,16,100,227.00,"22,700.00"
2019-09-11,2019091101005319,SRBL,39,16,119,227.00,"27,013.00"
2019-09-11,2019091101005308,SRBL,39,57,675,227.00,"153,225.00"
2019-09-11,2019091101005307,SRBL,51,57,100,227.00,"22,700.00"
2019-09-11,2019091101005306,SRBL,26,57,165,227.00,"37,455.00"
2019-09-11,2019091101005291,SRBL,22,57,300,228.00,"68,400.00"
2019-09-11,2019091101005290,SRBL,32,57,500,228.00,"114,000.00"
2019-09-11,2019091101005416,TRH,19,35,60,283.00,"16,980.00"
2019-09-11,2019091101005415,TRH,8,35,40,283.00,"11,320.00"
2019-09-11,2019091101005360,TRH,44,35,41,284.00,"11,644.00"
2019-09-11,2019091101004971,TRH,44,58,10,284.00,"2,840.00"
2019-09-11,2019091101005222,UFL,17,42,50,180.00,"9,000.00"
2019-09-11,2019091101005221,UFL,39,42,50,180.00,"9,000.00"
2019-09-11,2019091101005377,UIC,42,13,150,267.00,"40,050.00"
2019-09-11,2019091101005176,UIC,49,49,165,262.00,"43,230.00"
2019-09-11,2019091101005175,UIC,41,49,100,262.00,"26,200.00"
2019-09-11,2019091101005174,UIC,49,49,100,262.00,"26,200.00"
2019-09-11,2019091101005173,UIC,52,49,80,262.00,"20,960.00"
2019-09-11,2019091101005172,UIC,51,49,100,263.00,"26,300.00"
2019-09-11,2019091101005171,UIC,41,49,100,267.00,"26,700.00"
2019-09-11,2019091101005170,UIC,37,49,20,268.00,"5,360.00"
2019-09-11,2019091101005262,UPPER,10,50,50,239.00,"11,950.00"
2019-09-11,2019091101005131,UPPER,10,3,100,239.00,"23,900.00"
2019-09-11,2019091101005061,UPPER,10,35,"1,500",239.00,"358,500.00"
2019-09-11,2019091101004888,ADBL,53,34,250,418.00,"104,500.00"
2019-09-11,2019091101004758,ADBL,53,25,"2,931",418.00,"1,225,158.00"
2019-09-11,2019091101004757,ADBL,4,25,"5,000",418.00,"2,090,000.00"
2019-09-11,2019091101004756,ADBL,35,25,69,418.00,"28,842.00"
2019-09-11,2019091101004578,ADBL,5,5,139,419.00,"58,241.00"
2019-09-11,2019091101004536,ADBL,35,37,19,418.00,"7,942.00"
2019-09-11,2019091101004518,ADBL,5,5,139,419.00,"58,241.00"
2019-09-11,2019091101004774,AHPC,45,36,10,100.00,"1,000.00"
2019-09-11,2019091101004766,AHPC,41,45,"1,309",96.00,"125,664.00"
2019-09-11,2019091101004765,AHPC,45,45,500,96.00,"48,000.00"
2019-09-11,2019091101004764,AHPC,36,45,50,96.00,"4,800.00"
2019-09-11,2019091101004763,AHPC,10,45,200,96.00,"19,200.00"
2019-09-11,2019091101004762,AHPC,32,45,500,96.00,"48,000.00"
2019-09-11,2019091101004761,AHPC,39,45,500,96.00,"48,000.00"
2019-09-11,2019091101004760,AHPC,56,45,50,97.00,"4,850.00"
2019-09-11,2019091101004759,AHPC,56,45,50,97.00,"4,850.00"
2019-09-11,2019091101004641,AHPC,5,5,25,98.00,"2,450.00"
2019-09-11,2019091101004897,AKBSL,29,13,10,452.00,"4,520.00"
2019-09-11,2019091101004896,AKBSL,29,42,10,452.00,"4,520.00"
2019-09-11,2019091101004883,AKBSL,29,42,10,452.00,"4,520.00"
2019-09-11,2019091101004824,AKBSL,51,18,10,452.00,"4,520.00"
2019-09-11,2019091101004814,AKBSL,51,18,10,452.00,"4,520.00"
2019-09-11,2019091101004801,AKBSL,51,18,10,452.00,"4,520.00"
2019-09-11,2019091101004693,AKBSL,51,18,10,452.00,"4,520.00"
2019-09-11,2019091101004684,AKBSL,51,18,10,452.00,"4,520.00"
2019-09-11,2019091101004676,AKBSL,51,18,10,452.00,"4,520.00"
2019-09-11,2019091101004559,AKBSL,51,35,10,452.00,"4,520.00"
2019-09-11,2019091101004540,AKBSL,51,35,10,452.00,"4,520.00"
2019-09-11,2019091101004455,AKBSL,3,42,10,452.00,"4,520.00"
2019-09-11,2019091101004720,AKBSL,51,18,10,452.00,"4,520.00"
2019-09-11,2019091101004719,AKBSL,51,44,10,452.00,"4,520.00"
2019-09-11,2019091101004707,AKBSL,51,47,10,452.00,"4,520.00"
2019-09-11,2019091101004705,AKBSL,51,18,10,452.00,"4,520.00"
2019-09-11,2019091101004702,AKBSL,51,44,10,452.00,"4,520.00"
2019-09-11,2019091101004694,AKBSL,51,47,10,452.00,"4,520.00"
2019-09-11,2019091101004789,AKBSL,51,18,10,452.00,"4,520.00"
2019-09-11,2019091101004780,AKBSL,51,44,10,452.00,"4,520.00"
2019-09-11,2019091101004771,AKBSL,51,18,10,452.00,"4,520.00"
2019-09-11,2019091101004768,AKBSL,51,44,10,452.00,"4,520.00"
2019-09-11,2019091101004752,AKBSL,51,18,10,452.00,"4,520.00"
2019-09-11,2019091101004741,AKBSL,51,18,10,452.00,"4,520.00"
2019-09-11,2019091101004678,AKPL,25,54,10,144.00,"1,440.00"
2019-09-11,2019091101004670,AKPL,25,58,13,142.00,"1,846.00"
2019-09-11,2019091101004655,ALBSL,46,58,10,435.00,"4,350.00"
2019-09-11,2019091101004579,ALICL,49,43,94,316.00,"29,704.00"
2019-09-11,2019091101004469,ALICL,28,50,165,315.00,"51,975.00"
2019-09-11,2019091101004880,API,6,51,100,112.00,"11,200.00"
2019-09-11,2019091101004879,API,6,34,900,112.00,"100,800.00"
2019-09-11,2019091101004837,API,56,38,84,111.00,"9,324.00"
2019-09-11,2019091101004836,API,58,38,10,111.00,"1,110.00"
2019-09-11,2019091101004835,API,29,38,54,111.00,"5,994.00"
2019-09-11,2019091101004834,API,1,38,200,111.00,"22,200.00"
2019-09-11,2019091101004833,API,47,38,100,111.00,"11,100.00"
2019-09-11,2019091101004832,API,22,38,52,111.00,"5,772.00"
2019-09-11,2019091101004887,BOKL,49,22,50,256.00,"12,800.00"
2019-09-11,2019091101004778,BOKL,48,49,182,255.00,"46,410.00"
2019-09-11,2019091101004777,BOKL,25,49,10,255.00,"2,550.00"
2019-09-11,2019091101004776,BOKL,25,49,212,255.00,"54,060.00"
2019-09-11,2019091101004493,BPCL,1,32,200,373.00,"74,600.00"
2019-09-11,2019091101004488,BPCL,1,22,50,373.00,"18,650.00"
2019-09-11,2019091101004829,BPCL,49,6,121,371.00,"44,891.00"
2019-09-11,2019091101004828,BPCL,39,6,30,372.00,"11,160.00"
2019-09-11,2019091101004544,BPCL,49,37,"4,779",371.00,"1,773,009.00"
2019-09-11,2019091101004543,BPCL,21,37,20,371.00,"7,420.00"
2019-09-11,2019091101004542,BPCL,29,37,52,372.00,"19,344.00"
2019-09-11,2019091101004541,BPCL,1,37,149,373.00,"55,577.00"
2019-09-11,2019091101004907,CBBL,38,1,100,979.00,"97,900.00"
2019-09-11,2019091101004784,CBBL,39,44,300,977.00,"293,100.00"
2019-09-11,2019091101004706,CBBL,7,44,200,977.00,"195,400.00"
2019-09-11,2019091101004668,CBBL,7,33,300,977.00,"293,100.00"
2019-09-11,2019091101004667,CBBL,40,37,10,976.00,"9,760.00"
2019-09-11,2019091101004666,CBBL,19,37,30,976.00,"29,280.00"
2019-09-11,2019091101004665,CBBL,57,37,70,976.00,"68,320.00"
2019-09-11,2019091101004645,CBBL,39,33,150,977.00,"146,550.00"
2019-09-11,2019091101004473,CBL,28,54,316,144.00,"45,504.00"
2019-09-11,2019091101004467,CBL,28,58,149,144.00,"21,456.00"
2019-09-11,2019091101004466,CBL,58,58,500,144.00,"72,000.00"
2019-09-11,2019091101004465,CBL,26,58,150,144.00,"21,600.00"
2019-09-11,2019091101004464,CBL,52,58,201,144.00,"28,944.00"
2019-09-11,2019091101004916,CCBL,34,58,123,158.00,"19,434.00"
2019-09-11,2019091101004639,CHCL,25,42,15,443.00,"6,645.00"
2019-09-11,2019091101004631,CHCL,25,17,110,440.00,"48,400.00"
2019-09-11,2019091101004611,CHCL,25,54,110,438.00,"48,180.00"
2019-09-11,2019091101004919,CIT,7,36,165,"1,860.00","306,900.00"
2019-09-11,2019091101004918,CIT,6,36,15,"1,860.00","27,900.00"
2019-09-11,2019091101004859,CZBIL,57,37,491,221.00,"108,511.00"
2019-09-11,2019091101004782,CZBIL,57,34,243,221.00,"53,703.00"
2019-09-11,2019091101004754,CZBIL,45,49,95,221.00,"20,995.00"
2019-09-11,2019091101004713,CZBIL,44,18,280,222.00,"62,160.00"
2019-09-11,2019091101004686,CZBIL,16,56,499,221.00,"110,279.00"
2019-09-11,2019091101004654,CZBIL,6,18,20,222.00,"4,440.00"
2019-09-11,2019091101004510,DBBL,45,29,15,129.00,"1,935.00"
2019-09-11,2019091101004509,DBBL,21,29,12,129.00,"1,548.00"
2019-09-11,2019091101004855,DDBL,38,1,21,720.00,"15,120.00"
2019-09-11,2019091101004854,DDBL,38,1,30,720.00,"21,600.00"
2019-09-11,2019091101004853,DDBL,38,1,30,720.00,"21,600.00"
2019-09-11,2019091101004852,DDBL,38,1,60,720.00,"43,200.00"
2019-09-11,2019091101004851,DDBL,38,1,59,720.00,"42,480.00"
2019-09-11,2019091101004818,DDBL,38,51,46,714.00,"32,844.00"
2019-09-11,2019091101004738,DDBL,38,51,30,714.00,"21,420.00"
2019-09-11,2019091101004734,DDBL,38,51,50,714.00,"35,700.00"
2019-09-11,2019091101004722,DDBL,20,37,100,713.00,"71,300.00"
2019-09-11,2019091101004657,DDBL,44,51,137,714.00,"97,818.00"
2019-09-11,2019091101004656,DDBL,44,51,50,714.00,"35,700.00"
2019-09-11,2019091101004806,DDBL,38,51,60,714.00,"42,840.00"
2019-09-11,2019091101004795,DDBL,38,51,22,714.00,"15,708.00"
2019-09-11,2019091101004788,DDBL,38,51,25,714.00,"17,850.00"
2019-09-11,2019091101004773,DDBL,38,51,35,714.00,"24,990.00"
2019-09-11,2019091101004753,DDBL,38,51,20,714.00,"14,280.00"
2019-09-11,2019091101004744,DDBL,38,51,25,714.00,"17,850.00"
2019-09-11,2019091101004572,DHPL,7,49,10,53.00,530.00
2019-09-11,2019091101004534,DHPL,14,49,21,53.00,"1,113.00"
2019-09-11,2019091101004839,EBL,18,25,131,590.00,"77,290.00"
2019-09-11,2019091101004826,EBL,19,25,10,590.00,"5,900.00"
2019-09-11,2019091101004807,EBL,35,6,233,589.00,"137,237.00"
2019-09-11,2019091101004669,EBL,32,25,200,590.00,"118,000.00"
2019-09-11,2019091101004517,EBL,39,14,100,588.00,"58,800.00"
2019-09-11,2019091101004516,EBL,42,14,100,588.00,"58,800.00"
2019-09-11,2019091101004431,EBL,6,38,20,590.00,"11,800.00"
2019-09-11,2019091101004437,EBL,42,38,20,590.00,"11,800.00"
2019-09-11,2019091101004436,EBL,47,38,100,590.00,"59,000.00"
2019-09-11,2019091101004435,EBL,25,38,300,590.00,"177,000.00"
2019-09-11,2019091101004434,EBL,1,38,500,590.00,"295,000.00"
2019-09-11,2019091101004433,EBL,16,38,50,590.00,"29,500.00"
2019-09-11,2019091101004432,EBL,21,38,40,590.00,"23,600.00"
2019-09-11,2019091101004462,EBL,38,38,4,590.00,"2,360.00"
2019-09-11,2019091101004444,EBL,45,25,10,590.00,"5,900.00"
2019-09-11,2019091101004443,EBL,48,25,10,590.00,"5,900.00"
2019-09-11,2019091101004442,EBL,19,25,100,590.00,"59,000.00"
2019-09-11,2019091101004439,EBL,51,38,50,590.00,"29,500.00"
2019-09-11,2019091101004438,EBL,32,38,100,590.00,"59,000.00"
2019-09-11,2019091101004848,FMDBL,35,38,39,371.00,"14,469.00"
2019-09-11,2019091101004817,FMDBL,37,38,300,371.00,"111,300.00"
2019-09-11,2019091101004646,FMDBL,17,38,100,371.00,"37,100.00"
2019-09-11,2019091101004638,FMDBL,45,38,384,371.00,"142,464.00"
2019-09-11,2019091101004598,FMDBL,45,38,116,371.00,"43,036.00"
2019-09-11,2019091101004597,FMDBL,44,38,50,371.00,"18,550.00"
2019-09-11,2019091101004596,FMDBL,16,38,334,371.00,"123,914.00"
2019-09-11,2019091101004585,FMDBL,44,52,50,372.00,"18,600.00"
2019-09-11,2019091101004584,FMDBL,8,52,57,372.00,"21,204.00"
2019-09-11,2019091101004560,FMDBL,8,33,200,372.00,"74,400.00"
2019-09-11,2019091101004545,FMDBL,8,38,500,372.00,"186,000.00"
2019-09-11,2019091101004608,FOWAD,7,38,11,"1,280.00","14,080.00"
2019-09-11,2019091101004607,FOWAD,35,38,30,"1,281.00","38,430.00"
2019-09-11,2019091101004606,FOWAD,40,38,20,"1,282.00","25,640.00"
2019-09-11,2019091101004605,FOWAD,43,38,50,"1,283.00","64,150.00"
2019-09-11,2019091101004910,GBBL,53,50,600,212.00,"127,200.00"
2019-09-11,2019091101004565,GBBL,53,58,540,212.00,"114,480.00"
2019-09-11,2019091101004492,GBBL,53,35,184,212.00,"39,008.00"
2019-09-11,2019091101004677,GBLBS,36,52,200,331.00,"66,200.00"
2019-09-11,2019091101004652,GBLBS,52,7,310,330.00,"102,300.00"
2019-09-11,2019091101004651,GBLBS,59,7,100,330.00,"33,000.00"
2019-09-11,2019091101004650,GBLBS,42,7,100,330.00,"33,000.00"
2019-09-11,2019091101004649,GBLBS,6,7,25,330.00,"8,250.00"
2019-09-11,2019091101004648,GBLBS,37,7,455,330.00,"150,150.00"
2019-09-11,2019091101004647,GBLBS,3,7,10,331.00,"3,310.00"
2019-09-11,2019091101004581,GDBL,40,53,200,208.00,"41,600.00"
2019-09-11,2019091101004642,GHL,21,35,20,71.00,"1,420.00"
2019-09-11,2019091101004524,GHL,21,55,10,71.00,710.00
2019-09-11,2019091101004523,GHL,21,55,30,71.00,"2,130.00"
2019-09-11,2019091101004526,GILB,7,35,22,704.00,"15,488.00"
2019-09-11,2019091101004827,GLICL,26,41,60,385.00,"23,100.00"
2019-09-11,2019091101004583,GLICL,21,47,69,382.00,"26,358.00"
2019-09-11,2019091101004820,GRDBL,43,34,20,107.00,"2,140.00"
2019-09-11,2019091101004913,HPPL,53,45,10,137.00,"1,370.00"
2019-09-11,2019091101004901,IGI,52,19,45,320.00,"14,400.00"
2019-09-11,2019091101004781,ILBS,1,58,10,431.00,"4,310.00"
2019-09-11,2019091101004521,ILBS,1,35,10,431.00,"4,310.00"
2019-09-11,2019091101004714,JBBL,32,58,450,158.00,"71,100.00"
2019-09-11,2019091101004591,JBBL,26,58,50,158.00,"7,900.00"
2019-09-11,2019091101004635,JFL,1,52,200,198.00,"39,600.00"
2019-09-11,2019091101004634,JFL,6,52,50,198.00,"9,900.00"
2019-09-11,2019091101004850,KBL,32,44,200,203.00,"40,600.00"
2019-09-11,2019091101004847,KBL,17,58,32,202.00,"6,464.00"
2019-09-11,2019091101004739,KBL,17,40,500,202.00,"101,000.00"
2019-09-11,2019091101004640,KBL,45,44,20,203.00,"4,060.00"
2019-09-11,2019091101004610,KBL,17,35,63,202.00,"12,726.00"
2019-09-11,2019091101004590,KBL,17,49,550,202.00,"111,100.00"
2019-09-11,2019091101004532,KBL,32,51,56,203.00,"11,368.00"
2019-09-11,2019091101004531,KBL,32,49,500,203.00,"101,500.00"
2019-09-11,2019091101004530,KBL,32,6,173,203.00,"35,119.00"
2019-09-11,2019091101004446,KBL,58,6,345,203.00,"70,035.00"
2019-09-11,2019091101004589,KBL,17,49,"2,000",202.00,"404,000.00"
2019-09-11,2019091101004588,KBL,6,49,25,202.00,"5,050.00"
2019-09-11,2019091101004587,KBL,6,49,25,202.00,"5,050.00"
2019-09-11,2019091101004562,KBL,52,44,250,203.00,"50,750.00"
2019-09-11,2019091101004561,KBL,32,44,90,203.00,"18,270.00"
2019-09-11,2019091101004533,KBL,32,47,181,203.00,"36,743.00"
2019-09-11,2019091101004671,KKHC,34,35,10,52.00,520.00
2019-09-11,2019091101004869,KRBL,7,35,195,104.00,"20,280.00"
2019-09-11,2019091101004525,KSBBL,17,40,176,140.00,"24,640.00"
2019-09-11,2019091101004857,LBBL,44,11,100,172.00,"17,200.00"
2019-09-11,2019091101004849,LBBL,6,6,16,173.00,"2,768.00"
2019-09-11,2019091101004755,LBBL,57,47,100,173.00,"17,300.00"
2019-09-11,2019091101004489,LBBL,44,32,54,173.00,"9,342.00"
2019-09-11,2019091101004491,LBBL,53,32,40,173.00,"6,920.00"
2019-09-11,2019091101004490,LBBL,44,32,50,173.00,"8,650.00"
2019-09-11,2019091101004683,LBL,49,35,16,211.00,"3,376.00"
2019-09-11,2019091101004441,LBL,49,32,87,211.00,"18,357.00"
2019-09-11,2019091101004440,LBL,49,32,13,211.00,"2,743.00"
2019-09-11,2019091101004595,LICN,34,41,100,995.00,"99,500.00"
2019-09-11,2019091101004515,LLBS,16,37,466,679.00,"316,414.00"
2019-09-11,2019091101004514,LLBS,18,37,200,680.00,"136,000.00"
2019-09-11,2019091101004513,LLBS,22,37,200,680.00,"136,000.00"
2019-09-11,2019091101004512,LLBS,29,37,134,681.00,"91,254.00"
2019-09-11,2019091101004499,LLBS,29,37,66,681.00,"44,946.00"
2019-09-11,2019091101004498,LLBS,18,37,14,681.00,"9,534.00"
2019-09-11,2019091101004497,LLBS,18,37,100,682.00,"68,200.00"
2019-09-11,2019091101004496,LLBS,17,37,20,683.00,"13,660.00"
2019-09-11,2019091101004685,MBL,41,51,10,252.00,"2,520.00"
2019-09-11,2019091101004891,MEGA,49,33,20,195.00,"3,900.00"
2019-09-11,2019091101004890,MEGA,14,33,"1,000",195.00,"195,000.00"
2019-09-11,2019091101004819,MEGA,43,59,10,196.00,"1,960.00"
2019-09-11,2019091101004785,MERO,45,38,33,556.00,"18,348.00"
2019-09-11,2019091101004779,MLBL,33,25,"1,990",212.00,"421,880.00"
2019-09-11,2019091101004697,MLBL,59,25,10,212.00,"2,120.00"
2019-09-11,2019091101004783,MNBBL,49,59,50,311.00,"15,550.00"
2019-09-11,2019091101004733,MNBBL,45,8,21,309.00,"6,489.00"
2019-09-11,2019091101004732,MNBBL,42,8,500,309.00,"154,500.00"
2019-09-11,2019091101004695,MNBBL,5,59,30,311.00,"9,330.00"
2019-09-11,2019091101004682,MNBBL,41,35,948,310.00,"293,880.00"
2019-09-11,2019091101004681,MNBBL,41,35,52,310.00,"16,120.00"
2019-09-11,2019091101004495,MNBBL,41,22,48,310.00,"14,880.00"
2019-09-11,2019091101004731,MNBBL,35,8,100,309.00,"30,900.00"
2019-09-11,2019091101004730,MNBBL,51,8,30,309.00,"9,270.00"
2019-09-11,2019091101004729,MNBBL,42,8,200,309.00,"61,800.00"
2019-09-11,2019091101004728,MNBBL,1,8,100,309.00,"30,900.00"
2019-09-11,2019091101004727,MNBBL,41,8,49,309.00,"15,141.00"
2019-09-11,2019091101004721,MNBBL,41,39,50,310.00,"15,500.00"
2019-09-11,2019091101004842,NABIL,49,10,30,772.00,"23,160.00"
2019-09-11,2019091101004841,NABIL,49,21,20,772.00,"15,440.00"
2019-09-11,2019091101004797,NABIL,6,22,112,771.00,"86,352.00"
2019-09-11,2019091101004796,NABIL,59,22,88,771.00,"67,848.00"
2019-09-11,2019091101004743,NABIL,39,21,10,772.00,"7,720.00"
2019-09-11,2019091101004604,NABIL,59,22,84,771.00,"64,764.00"
2019-09-11,2019091101004582,NABIL,59,49,28,771.00,"21,588.00"
2019-09-11,2019091101004787,NADEP,48,7,10,428.00,"4,280.00"
2019-09-11,2019091101004786,NADEP,25,7,10,429.00,"4,290.00"
2019-09-11,2019091101004904,NBB,39,46,768,208.00,"159,744.00"
2019-09-11,2019091101004903,NBB,50,46,167,209.00,"34,903.00"
2019-09-11,2019091101004457,NBB,50,6,33,209.00,"6,897.00"
2019-09-11,2019091101004914,NBL,8,44,200,314.00,"62,800.00"
2019-09-11,2019091101004902,NBL,43,44,225,314.00,"70,650.00"
2019-09-11,2019091101004865,NBL,21,44,200,314.00,"62,800.00"
2019-09-11,2019091101004813,NBL,21,44,50,314.00,"15,700.00"
2019-09-11,2019091101004812,NBL,6,44,600,314.00,"188,400.00"
2019-09-11,2019091101004811,NBL,43,44,100,314.00,"31,400.00"
2019-09-11,2019091101004480,NBL,57,32,100,314.00,"31,400.00"
2019-09-11,2019091101004479,NBL,41,33,100,315.00,"31,500.00"
2019-09-11,2019091101004810,NBL,45,44,100,314.00,"31,400.00"
2019-09-11,2019091101004601,NBL,7,58,100,314.00,"31,400.00"
2019-09-11,2019091101004508,NBL,29,38,100,314.00,"31,400.00"
2019-09-11,2019091101004507,NBL,3,38,200,314.00,"62,800.00"
2019-09-11,2019091101004506,NBL,33,38,100,314.00,"31,400.00"
2019-09-11,2019091101004505,NBL,57,38,780,314.00,"244,920.00"
2019-09-11,2019091101004921,NCCB,22,44,300,199.00,"59,700.00"
2019-09-11,2019091101004898,NCCB,1,6,54,198.00,"10,692.00"
2019-09-11,2019091101004895,NCCB,6,44,54,199.00,"10,746.00"
2019-09-11,2019091101004624,NCCB,3,44,500,199.00,"99,500.00"
2019-09-11,2019091101004623,NCCB,32,44,"2,000",199.00,"398,000.00"
2019-09-11,2019091101004622,NCCB,45,44,"2,000",199.00,"398,000.00"
2019-09-11,2019091101004615,NCCB,5,44,261,199.00,"51,939.00"
2019-09-11,2019091101004614,NCCB,1,44,300,199.00,"59,700.00"
2019-09-11,2019091101004613,NCCB,49,44,"2,000",199.00,"398,000.00"
2019-09-11,2019091101004612,NCCB,3,44,337,199.00,"67,063.00"
2019-09-11,2019091101004621,NCCB,38,44,100,199.00,"19,900.00"
2019-09-11,2019091101004620,NCCB,33,44,"2,000",199.00,"398,000.00"
2019-09-11,2019091101004619,NCCB,51,44,250,199.00,"49,750.00"
2019-09-11,2019091101004618,NCCB,26,44,"1,000",199.00,"199,000.00"
2019-09-11,2019091101004617,NCCB,48,44,"1,000",199.00,"199,000.00"
2019-09-11,2019091101004616,NCCB,36,44,200,199.00,"39,800.00"
2019-09-11,2019091101004930,NHDL,56,45,60,96.00,"5,760.00"
2019-09-11,2019091101004929,NHDL,59,45,100,97.00,"9,700.00"
2019-09-11,2019091101004564,NHDL,56,49,10,96.00,960.00
2019-09-11,2019091101004809,NHPC,42,18,700,54.00,"37,800.00"
2019-09-11,2019091101004633,NHPC,17,18,300,54.00,"16,200.00"
2019-09-11,2019091101004767,NIB,34,6,100,450.00,"45,000.00"
2019-09-11,2019091101004628,NIB,42,22,33,448.00,"14,784.00"
2019-09-11,2019091101004627,NIB,41,22,30,448.00,"13,440.00"
2019-09-11,2019091101004864,NIBPO,7,28,311,427.00,"132,797.00"
2019-09-11,2019091101004863,NIBPO,35,28,20,428.00,"8,560.00"
2019-09-11,2019091101004862,NIBPO,49,28,69,428.00,"29,532.00"
2019-09-11,2019091101004712,NIBPO,49,7,221,428.00,"94,588.00"
2019-09-11,2019091101004691,NICA,49,46,100,445.00,"44,500.00"
2019-09-11,2019091101004690,NICA,49,59,900,445.00,"400,500.00"
2019-09-11,2019091101004630,NICA,13,59,100,445.00,"44,500.00"
2019-09-11,2019091101004629,NICA,13,50,100,445.00,"44,500.00"
2019-09-11,2019091101004522,NICA,11,32,180,444.00,"79,920.00"
2019-09-11,2019091101004478,NICA,11,58,190,444.00,"84,360.00"
2019-09-11,2019091101004463,NICA,11,32,100,444.00,"44,400.00"
2019-09-11,2019091101004453,NICA,48,50,50,445.00,"22,250.00"
2019-09-11,2019091101004452,NICA,48,29,50,445.00,"22,250.00"
2019-09-11,2019091101004800,NICL,43,53,10,279.00,"2,790.00"
2019-09-11,2019091101004799,NICL,43,46,10,276.00,"2,760.00"
2019-09-11,2019091101004672,NICL,43,46,10,275.00,"2,750.00"
2019-09-11,2019091101004751,NLBBL,22,50,53,503.00,"26,659.00"
2019-09-11,2019091101004750,NLBBL,48,50,20,503.00,"10,060.00"
2019-09-11,2019091101004749,NLBBL,49,50,20,503.00,"10,060.00"
2019-09-11,2019091101004748,NLBBL,17,50,19,505.00,"9,595.00"
2019-09-11,2019091101004928,NLG,34,44,56,576.00,"32,256.00"
2019-09-11,2019091101004876,NLG,49,28,211,572.00,"120,692.00"
2019-09-11,2019091101004875,NLG,45,28,10,572.00,"5,720.00"
2019-09-11,2019091101004874,NLG,13,28,13,572.00,"7,436.00"
2019-09-11,2019091101004873,NLG,42,28,10,573.00,"5,730.00"
2019-09-11,2019091101004872,NLG,42,28,56,574.00,"32,144.00"
2019-09-11,2019091101004856,NLIC,11,42,150,783.00,"117,450.00"
2019-09-11,2019091101004805,NLIC,48,42,13,781.00,"10,153.00"
2019-09-11,2019091101004804,NLIC,34,42,100,781.00,"78,100.00"
2019-09-11,2019091101004803,NLIC,42,42,14,781.00,"10,934.00"
2019-09-11,2019091101004802,NLIC,49,42,27,781.00,"21,087.00"
2019-09-11,2019091101004769,NLIC,32,33,533,782.00,"416,806.00"
2019-09-11,2019091101004593,NLIC,32,22,74,782.00,"57,868.00"
2019-09-11,2019091101004592,NLIC,32,22,20,782.00,"15,640.00"
2019-09-11,2019091101004449,NLIC,58,22,100,782.00,"78,200.00"
2019-09-11,2019091101004448,NLIC,1,22,100,782.00,"78,200.00"
2019-09-11,2019091101004447,NLIC,22,22,43,782.00,"33,626.00"
2019-09-11,2019091101004747,NLIC,49,25,22,781.00,"17,182.00"
2019-09-11,2019091101004709,NLIC,56,33,25,782.00,"19,550.00"
2019-09-11,2019091101004701,NLIC,32,33,600,782.00,"469,200.00"
2019-09-11,2019091101004700,NLIC,41,33,50,782.00,"39,100.00"
2019-09-11,2019091101004699,NLIC,32,33,126,782.00,"98,532.00"
2019-09-11,2019091101004698,NLIC,40,33,60,783.00,"46,980.00"
2019-09-11,2019091101004867,NLICL,43,43,10,495.00,"4,950.00"
2019-09-11,2019091101004653,NMBSF1,28,35,"5,000",11.20,"56,000.00"
2019-09-11,2019091101004563,NMBSF1,16,35,"5,000",11.20,"56,000.00"
2019-09-11,2019091101004546,NMFBS,22,42,50,"1,550.00","77,500.00"
2019-09-11,2019091101004486,NUBL,54,45,305,830.00,"253,150.00"
2019-09-11,2019091101004485,NUBL,37,45,50,831.00,"41,550.00"
2019-09-11,2019091101004484,NUBL,38,45,50,831.00,"41,550.00"
2019-09-11,2019091101004483,NUBL,56,45,65,832.00,"54,080.00"
2019-09-11,2019091101004482,NUBL,45,45,20,833.00,"16,660.00"
2019-09-11,2019091101004450,OHL,50,33,794,525.00,"416,850.00"
2019-09-11,2019091101004445,OHL,45,38,30,523.00,"15,690.00"
2019-09-11,2019091101004772,PIC,42,25,11,395.00,"4,345.00"
2019-09-11,2019091101004704,PICL,40,50,300,442.00,"132,600.00"
2019-09-11,2019091101004737,PLIC,17,57,31,394.00,"12,214.00"
2019-09-11,2019091101004736,PLIC,52,57,20,394.00,"7,880.00"
2019-09-11,2019091101004911,PRVU,28,34,23,261.00,"6,003.00"
2019-09-11,2019091101004711,PRVU,1,34,200,261.00,"52,200.00"
2019-09-11,2019091101004710,PRVU,53,34,"3,777",261.00,"985,797.00"
2019-09-11,2019091101004689,PRVU,53,35,21,261.00,"5,481.00"
2019-09-11,2019091101004659,PRVU,53,26,300,261.00,"78,300.00"
2019-09-11,2019091101004548,PRVU,53,17,302,261.00,"78,822.00"
2019-09-11,2019091101004477,PRVU,53,35,900,261.00,"234,900.00"
2019-09-11,2019091101004703,RADHI,7,34,11,133.00,"1,463.00"
2019-09-11,2019091101004461,RBCLPO,32,11,10,"7,700.00","77,000.00"
2019-09-11,2019091101004460,RBCLPO,40,11,50,"7,700.00","385,000.00"
2019-09-11,2019091101004459,RBCLPO,56,11,10,"7,701.00","77,010.00"
2019-09-11,2019091101004487,RHPC,37,33,10,79.00,790.00
2019-09-11,2019091101004925,RHPL,40,44,40,161.00,"6,440.00"
2019-09-11,2019091101004915,RHPL,40,44,40,161.00,"6,440.00"
2019-09-11,2019091101004909,RHPL,40,20,600,161.00,"96,600.00"
2019-09-11,2019091101004906,RHPL,40,34,40,161.00,"6,440.00"
2019-09-11,2019091101004900,RHPL,40,44,20,161.00,"3,220.00"
2019-09-11,2019091101004899,RHPL,1,44,20,161.00,"3,220.00"
2019-09-11,2019091101004673,RHPL,40,7,270,161.00,"43,470.00"
2019-09-11,2019091101004571,RHPL,40,35,10,161.00,"1,610.00"
2019-09-11,2019091101004816,RHPL,32,44,40,161.00,"6,440.00"
2019-09-11,2019091101004815,RHPL,40,59,200,162.00,"32,400.00"
2019-09-11,2019091101004794,RHPL,32,44,40,161.00,"6,440.00"
2019-09-11,2019091101004687,RHPL,32,58,10,161.00,"1,610.00"
2019-09-11,2019091101004675,RHPL,32,7,230,161.00,"37,030.00"
2019-09-11,2019091101004674,RHPL,25,7,500,161.00,"80,500.00"
2019-09-11,2019091101004882,RHPL,1,44,30,161.00,"4,830.00"
2019-09-11,2019091101004881,RHPL,32,44,10,161.00,"1,610.00"
2019-09-11,2019091101004871,RHPL,32,34,50,161.00,"8,050.00"
2019-09-11,2019091101004868,RHPL,32,44,40,161.00,"6,440.00"
2019-09-11,2019091101004846,RHPL,32,44,40,161.00,"6,440.00"
2019-09-11,2019091101004831,RHPL,32,44,40,161.00,"6,440.00"
2019-09-11,2019091101004494,RMDC,33,33,18,642.00,"11,556.00"
2019-09-11,2019091101004471,RRHP,47,22,490,105.00,"51,450.00"
2019-09-11,2019091101004470,RRHP,47,57,10,105.00,"1,050.00"
2019-09-11,2019091101004716,RSDC,45,6,50,339.00,"16,950.00"
2019-09-11,2019091101004830,SABSL,41,4,10,486.00,"4,860.00"
2019-09-11,2019091101004658,SABSL,45,50,10,485.00,"4,850.00"
2019-09-11,2019091101004636,SABSL,45,54,10,485.00,"4,850.00"
2019-09-11,2019091101004594,SABSL,34,54,10,487.00,"4,870.00"
2019-09-11,2019091101004580,SABSL,45,35,10,485.00,"4,850.00"
2019-09-11,2019091101004529,SABSL,29,49,10,485.00,"4,850.00"
2019-09-11,2019091101004456,SABSL,29,29,10,486.00,"4,860.00"
2019-09-11,2019091101004708,SADBL,19,21,20,141.00,"2,820.00"
2019-09-11,2019091101004715,SANIMA,40,38,98,353.00,"34,594.00"
2019-09-11,2019091101004609,SANIMA,11,49,200,352.00,"70,400.00"
2019-09-11,2019091101004905,SBL,49,58,126,314.00,"39,564.00"
2019-09-11,2019091101004520,SBL,38,39,96,316.00,"30,336.00"
2019-09-11,2019091101004475,SBL,38,32,64,316.00,"20,224.00"
2019-09-11,2019091101004474,SBL,38,32,36,316.00,"11,376.00"
2019-09-11,2019091101004825,SCB,45,41,40,589.00,"23,560.00"
2019-09-11,2019091101004539,SCB,25,49,200,590.00,"118,000.00"
2019-09-11,2019091101004538,SCB,51,49,100,590.00,"59,000.00"
2019-09-11,2019091101004537,SCB,42,49,106,590.00,"62,540.00"
2019-09-11,2019091101004770,SDESI,20,38,30,611.00,"18,330.00"
2019-09-11,2019091101004726,SDESI,20,35,11,611.00,"6,721.00"
2019-09-11,2019091101004577,SDESI,20,43,127,611.00,"77,597.00"
2019-09-11,2019091101004576,SDESI,42,43,10,612.00,"6,120.00"
2019-09-11,2019091101004692,SFFIL,1,47,200,249.00,"49,800.00"
2019-09-11,2019091101004519,SFFIL,25,6,20,250.00,"5,000.00"
2019-09-11,2019091101004742,SHIVM,50,45,50,527.00,"26,350.00"
2019-09-11,2019091101004644,SHIVM,50,3,200,527.00,"105,400.00"
2019-09-11,2019091101004643,SHIVM,50,16,150,527.00,"79,050.00"
2019-09-11,2019091101004552,SHIVM,38,34,10,525.00,"5,250.00"
2019-09-11,2019091101004551,SHIVM,38,34,50,526.00,"26,300.00"
2019-09-11,2019091101004550,SHIVM,38,34,400,526.00,"210,400.00"
2019-09-11,2019091101004549,SHIVM,38,34,100,526.00,"52,600.00"
2019-09-11,2019091101004472,SHIVM,38,41,200,526.00,"105,200.00"
2019-09-11,2019091101004558,SHIVM,6,34,145,525.00,"76,125.00"
2019-09-11,2019091101004557,SHIVM,40,34,100,525.00,"52,500.00"
2019-09-11,2019091101004556,SHIVM,3,34,20,525.00,"10,500.00"
2019-09-11,2019091101004555,SHIVM,33,34,100,525.00,"52,500.00"
2019-09-11,2019091101004554,SHIVM,17,34,50,525.00,"26,250.00"
2019-09-11,2019091101004553,SHIVM,22,34,100,525.00,"52,500.00"
2019-09-11,2019091101004775,SHL,4,32,127,220.00,"27,940.00"
2019-09-11,2019091101004866,SHPC,48,33,234,205.00,"47,970.00"
2019-09-11,2019091101004822,SHPC,6,33,500,205.00,"102,500.00"
2019-09-11,2019091101004718,SHPC,6,33,166,205.00,"34,030.00"
2019-09-11,2019091101004717,SHPC,6,19,350,205.00,"71,750.00"
2019-09-11,2019091101004600,SHPC,20,56,110,204.00,"22,440.00"
2019-09-11,2019091101004877,SIC,43,35,100,526.00,"52,600.00"
2019-09-11,2019091101004840,SIC,39,50,20,530.00,"10,600.00"
2019-09-11,2019091101004894,SIL,44,35,60,385.00,"23,100.00"
2019-09-11,2019091101004893,SIL,43,35,30,386.00,"11,580.00"
2019-09-11,2019091101004892,SIL,43,35,10,390.00,"3,900.00"
2019-09-11,2019091101004599,SIL,43,25,290,390.00,"113,100.00"
2019-09-11,2019091101004735,SINDU,56,21,20,126.00,"2,520.00"
2019-09-11,2019091101004917,SJCL,14,44,20,175.00,"3,500.00"
2019-09-11,2019091101004908,SJCL,14,44,20,175.00,"3,500.00"
2019-09-11,2019091101004889,SJCL,14,44,20,175.00,"3,500.00"
2019-09-11,2019091101004870,SJCL,14,44,20,175.00,"3,500.00"
2019-09-11,2019091101004660,SJCL,52,7,20,175.00,"3,500.00"
2019-09-11,2019091101004808,SJCL,48,44,20,175.00,"3,500.00"
2019-09-11,2019091101004680,SJCL,48,58,10,175.00,"1,750.00"
2019-09-11,2019091101004664,SJCL,48,7,30,175.00,"5,250.00"
2019-09-11,2019091101004663,SJCL,17,7,200,175.00,"35,000.00"
2019-09-11,2019091101004662,SJCL,32,7,500,175.00,"87,500.00"
2019-09-11,2019091101004661,SJCL,51,7,250,175.00,"43,750.00"
2019-09-11,2019091101004858,SJCL,14,44,20,175.00,"3,500.00"
2019-09-11,2019091101004845,SJCL,14,57,90,175.00,"15,750.00"
2019-09-11,2019091101004844,SJCL,48,57,210,175.00,"36,750.00"
2019-09-11,2019091101004838,SJCL,48,44,20,175.00,"3,500.00"
2019-09-11,2019091101004823,SJCL,48,44,10,175.00,"1,750.00"
2019-09-11,2019091101004528,SKBBL,41,41,30,940.00,"28,200.00"
2019-09-11,2019091101004502,SKBBL,42,33,30,938.00,"28,140.00"
2019-09-11,2019091101004501,SKBBL,35,33,20,938.00,"18,760.00"
2019-09-11,2019091101004481,SKBBL,44,50,50,939.00,"46,950.00"
2019-09-11,2019091101004886,SLBBL,1,38,119,552.00,"65,688.00"
2019-09-11,2019091101004885,SLBBL,20,38,62,553.00,"34,286.00"
2019-09-11,2019091101004884,SLBBL,56,38,80,553.00,"44,240.00"
2019-09-11,2019091101004696,SLBSL,38,8,10,715.00,"7,150.00"
2019-09-11,2019091101004861,SLICL,44,35,53,280.00,"14,840.00"
2019-09-11,2019091101004860,SLICL,34,35,47,280.00,"13,160.00"
2019-09-11,2019091101004746,SLICL,34,35,53,280.00,"14,840.00"
2019-09-11,2019091101004745,SLICL,42,35,25,280.00,"7,000.00"
2019-09-11,2019091101004637,SLICL,42,10,100,280.00,"28,000.00"
2019-09-11,2019091101004468,SLICL,42,19,150,280.00,"42,000.00"
2019-09-11,2019091101004927,SMATA,5,33,50,"1,300.00","65,000.00"
2019-09-11,2019091101004632,SMATA,40,33,20,"1,305.00","26,100.00"
2019-09-11,2019091101004476,SMATA,57,33,20,"1,305.00","26,100.00"
2019-09-11,2019091101004451,SMATA,20,33,20,"1,300.00","26,000.00"
2019-09-11,2019091101004458,SMFBS,41,34,40,800.00,"32,000.00"
2019-09-11,2019091101004798,SPARS,43,25,10,571.00,"5,710.00"
2019-09-11,2019091101004679,SPARS,43,50,10,571.00,"5,710.00"
2019-09-11,2019091101004511,SPDL,8,33,29,68.00,"1,972.00"
2019-09-11,2019091101004570,SRBL,26,38,135,227.00,"30,645.00"
2019-09-11,2019091101004569,SRBL,42,38,200,227.00,"45,400.00"
2019-09-11,2019091101004568,SRBL,35,38,100,227.00,"22,700.00"
2019-09-11,2019091101004567,SRBL,41,38,500,227.00,"113,500.00"
2019-09-11,2019091101004566,SRBL,48,38,458,228.00,"104,424.00"
2019-09-11,2019091101004527,SRBL,48,33,525,228.00,"119,700.00"
2019-09-11,2019091101004500,SRBL,39,58,706,229.00,"161,674.00"
2019-09-11,2019091101004926,SWBBL,53,44,"1,170",910.00,"1,064,700.00"
2019-09-11,2019091101004821,SWBBL,35,44,10,910.00,"9,100.00"
2019-09-11,2019091101004793,SWBBL,28,44,500,910.00,"455,000.00"
2019-09-11,2019091101004792,SWBBL,28,44,100,911.00,"91,100.00"
2019-09-11,2019091101004791,SWBBL,1,44,20,911.00,"18,220.00"
2019-09-11,2019091101004790,SWBBL,44,44,200,912.00,"182,400.00"
2019-09-11,2019091101004586,SWBBL,44,37,50,913.00,"45,650.00"
2019-09-11,2019091101004504,SWBBL,44,7,50,913.00,"45,650.00"
2019-09-11,2019091101004503,SWBBL,53,7,950,913.00,"867,350.00"
2019-09-11,2019091101004725,TRH,44,50,449,284.00,"127,516.00"
2019-09-11,2019091101004724,TRH,17,50,41,284.00,"11,644.00"
2019-09-11,2019091101004723,TRH,44,50,180,285.00,"51,300.00"
2019-09-11,2019091101004547,UFL,38,42,100,182.00,"18,200.00"
2019-09-11,2019091101004454,UFL,38,32,200,181.00,"36,200.00"
2019-09-11,2019091101004924,UIC,52,49,20,267.00,"5,340.00"
2019-09-11,2019091101004923,UIC,36,49,500,267.00,"133,500.00"
2019-09-11,2019091101004922,UIC,51,49,200,267.00,"53,400.00"
2019-09-11,2019091101004626,UIC,32,49,100,272.00,"27,200.00"
2019-09-11,2019091101004625,UIC,38,49,215,272.00,"58,480.00"
2019-09-11,2019091101004535,UIC,38,33,85,272.00,"23,120.00"
2019-09-11,2019091101004878,UPPER,56,50,10,240.00,"2,400.00"
2019-09-11,2019091101004740,UPPER,40,50,600,240.00,"144,000.00"
2019-09-11,2019091101004688,UPPER,10,48,290,239.00,"69,310.00"
2019-09-11,2019091101004603,UPPER,10,35,65,239.00,"15,535.00"
2019-09-11,2019091101004602,UPPER,22,35,293,239.00,"70,027.00"
2019-09-11,2019091101004575,UPPER,22,25,207,239.00,"49,473.00"
2019-09-11,2019091101004574,UPPER,44,25,300,239.00,"71,700.00"
2019-09-11,2019091101004573,UPPER,26,25,149,239.00,"35,611.00"
2019-09-11,2019091101004920,VLBS,33,58,10,575.00,"5,750.00"
2019-09-11,2019091101004912,VLBS,33,45,10,566.00,"5,660.00"
2019-09-11,2019091101004843,VLBS,33,45,10,555.00,"5,550.00"
2019-09-11,2019091101004427,ADBL,53,14,266,419.00,"111,454.00"
2019-09-11,2019091101004334,ADBL,53,50,200,419.00,"83,800.00"
2019-09-11,2019091101004333,ADBL,53,22,534,419.00,"223,746.00"
2019-09-11,2019091101004318,ADBL,35,35,111,418.00,"46,398.00"
2019-09-11,2019091101004382,AKBSL,29,29,10,453.00,"4,530.00"
2019-09-11,2019091101004368,AKBSL,29,29,10,453.00,"4,530.00"
2019-09-11,2019091101004360,AKBSL,29,49,10,453.00,"4,530.00"
2019-09-11,2019091101004353,AKBSL,29,38,10,453.00,"4,530.00"
2019-09-11,2019091101004352,AKBSL,29,29,10,453.00,"4,530.00"
2019-09-11,2019091101004342,AKBSL,34,29,10,452.00,"4,520.00"
2019-09-11,2019091101003968,AKBSL,57,38,10,452.00,"4,520.00"
2019-09-11,2019091101003948,AKBSL,57,46,10,452.00,"4,520.00"
2019-09-11,2019091101004115,AKBSL,42,49,10,452.00,"4,520.00"
2019-09-11,2019091101004018,AKBSL,42,46,10,452.00,"4,520.00"
2019-09-11,2019091101004012,AKBSL,42,38,10,452.00,"4,520.00"
2019-09-11,2019091101003988,AKBSL,57,38,10,452.00,"4,520.00"
2019-09-11,2019091101003976,AKBSL,57,38,10,452.00,"4,520.00"
2019-09-11,2019091101003972,AKBSL,57,35,10,452.00,"4,520.00"
2019-09-11,2019091101004264,AKBSL,34,22,10,452.00,"4,520.00"
2019-09-11,2019091101004252,AKBSL,34,49,10,452.00,"4,520.00"
2019-09-11,2019091101004195,AKBSL,34,19,10,452.00,"4,520.00"
2019-09-11,2019091101004168,AKBSL,34,41,10,452.00,"4,520.00"
2019-09-11,2019091101004153,AKBSL,42,49,10,452.00,"4,520.00"
2019-09-11,2019091101004133,AKBSL,42,49,10,452.00,"4,520.00"
2019-09-11,2019091101004274,ALBSL,46,20,10,435.00,"4,350.00"
2019-09-11,2019091101004259,ALBSL,46,20,10,435.00,"4,350.00"
2019-09-11,2019091101003931,ALICL,28,33,29,315.00,"9,135.00"
2019-09-11,2019091101004268,API,25,34,50,112.00,"5,600.00"
2019-09-11,2019091101004216,API,22,58,29,111.00,"3,219.00"
2019-09-11,2019091101003963,API,22,33,19,111.00,"2,109.00"
2019-09-11,2019091101003962,API,22,33,10,112.00,"1,120.00"
2019-09-11,2019091101004257,BARUN,42,58,10,88.00,880.00
2019-09-11,2019091101004339,BOKL,25,38,238,255.00,"60,690.00"
2019-09-11,2019091101004266,BOKL,22,22,300,256.00,"76,800.00"
2019-09-11,2019091101004258,BOKL,45,22,500,256.00,"128,000.00"
2019-09-11,2019091101004205,BOKL,25,32,50,255.00,"12,750.00"
2019-09-11,2019091101004204,BOKL,48,32,50,255.00,"12,750.00"
2019-09-11,2019091101003971,BOKL,51,42,50,256.00,"12,800.00"
2019-09-11,2019091101004426,BPCL,1,35,11,373.00,"4,103.00"
2019-09-11,2019091101004404,BPCL,1,32,100,373.00,"37,300.00"
2019-09-11,2019091101004175,BPCL,1,5,490,373.00,"182,770.00"
2019-09-11,2019091101004325,CBBL,7,33,500,977.00,"488,500.00"
2019-09-11,2019091101004324,CBBL,5,33,50,979.00,"48,950.00"
2019-09-11,2019091101003987,CBBL,44,8,500,978.00,"489,000.00"
2019-09-11,2019091101003986,CBBL,47,8,10,978.00,"9,780.00"
2019-09-11,2019091101003985,CBBL,6,8,50,978.00,"48,900.00"
2019-09-11,2019091101003984,CBBL,58,8,10,980.00,"9,800.00"
2019-09-11,2019091101004144,CBL,52,32,200,144.00,"28,800.00"
2019-09-11,2019091101003981,CBL,52,33,99,144.00,"14,256.00"
2019-09-11,2019091101003980,CBL,6,33,50,144.00,"7,200.00"
2019-09-11,2019091101003979,CBL,21,33,45,144.00,"6,480.00"
2019-09-11,2019091101004424,CCBL,19,58,300,158.00,"47,400.00"
2019-09-11,2019091101004423,CCBL,19,32,200,158.00,"31,600.00"
2019-09-11,2019091101004151,CCBL,49,42,82,158.00,"12,956.00"
2019-09-11,2019091101004132,CCBL,49,34,218,158.00,"34,444.00"
2019-09-11,2019091101004129,CCBL,49,26,376,158.00,"59,408.00"
2019-09-11,2019091101004093,CCBL,49,57,700,158.00,"110,600.00"
2019-09-11,2019091101003991,CCBL,49,33,439,158.00,"69,362.00"
2019-09-11,2019091101003965,CCBL,48,48,8,158.00,"1,264.00"
2019-09-11,2019091101004172,CFCL,1,33,253,109.00,"27,577.00"
2019-09-11,2019091101004070,CFCL,26,33,150,109.00,"16,350.00"
2019-09-11,2019091101004069,CFCL,21,33,20,109.00,"2,180.00"
2019-09-11,2019091101004013,CHCL,28,50,100,435.00,"43,500.00"
2019-09-11,2019091101003974,CHCL,28,47,60,435.00,"26,100.00"
2019-09-11,2019091101004192,CIT,7,50,250,"1,860.00","465,000.00"
2019-09-11,2019091101004053,CIT,13,7,165,"1,858.00","306,570.00"
2019-09-11,2019091101004341,CZBIL,16,38,152,221.00,"33,592.00"
2019-09-11,2019091101004327,CZBIL,16,43,110,221.00,"24,310.00"
2019-09-11,2019091101004326,CZBIL,28,43,90,222.00,"19,980.00"
2019-09-11,2019091101004316,CZBIL,28,34,250,222.00,"55,500.00"
2019-09-11,2019091101004315,CZBIL,28,17,75,222.00,"16,650.00"
2019-09-11,2019091101004314,CZBIL,28,17,75,222.00,"16,650.00"
2019-09-11,2019091101004313,CZBIL,28,47,10,222.00,"2,220.00"
2019-09-11,2019091101004162,CZBIL,16,32,100,221.00,"22,100.00"
2019-09-11,2019091101004145,CZBIL,14,17,93,222.00,"20,646.00"
2019-09-11,2019091101004375,DBBL,51,52,30,130.00,"3,900.00"
2019-09-11,2019091101004374,DBBL,51,52,"3,000",130.00,"390,000.00"
2019-09-11,2019091101004430,EBL,18,38,200,590.00,"118,000.00"
2019-09-11,2019091101004167,EBL,25,25,100,591.00,"59,100.00"
2019-09-11,2019091101003949,EBL,20,25,39,591.00,"23,049.00"
2019-09-11,2019091101004351,FOWAD,49,41,25,"1,282.00","32,050.00"
2019-09-11,2019091101004108,GBBL,53,33,110,212.00,"23,320.00"
2019-09-11,2019091101004107,GBBL,42,33,149,212.00,"31,588.00"
2019-09-11,2019091101004403,GBLBS,38,7,15,333.00,"4,995.00"
2019-09-11,2019091101004359,GBLBS,37,42,15,330.00,"4,950.00"
2019-09-11,2019091101004358,GBLBS,37,42,15,330.00,"4,950.00"
2019-09-11,2019091101004357,GBLBS,37,42,15,330.00,"4,950.00"
2019-09-11,2019091101004074,GBLBS,3,17,40,331.00,"13,240.00"
2019-09-11,2019091101004073,GBLBS,19,17,35,331.00,"11,585.00"
2019-09-11,2019091101004386,GDBL,53,6,"2,000",207.00,"414,000.00"
2019-09-11,2019091101004251,GLBSL,6,38,10,464.00,"4,640.00"
2019-09-11,2019091101003982,GLBSL,51,35,10,457.00,"4,570.00"
2019-09-11,2019091101004338,GLICL,29,38,50,380.00,"19,000.00"
2019-09-11,2019091101004337,GLICL,46,38,200,380.00,"76,000.00"
2019-09-11,2019091101004336,GLICL,42,38,50,380.00,"19,000.00"
2019-09-11,2019091101004335,GLICL,57,38,100,381.00,"38,100.00"
2019-09-11,2019091101004011,GLICL,29,41,10,385.00,"3,850.00"
2019-09-11,2019091101004350,GUFL,19,38,35,112.00,"3,920.00"
2019-09-11,2019091101004121,HIDCL,5,33,84,136.00,"11,424.00"
2019-09-11,2019091101004120,HIDCL,41,33,11,136.00,"1,496.00"
2019-09-11,2019091101003952,HPPL,56,45,10,137.00,"1,370.00"
2019-09-11,2019091101004086,ICFC,49,33,43,158.00,"6,794.00"
2019-09-11,2019091101004043,IGI,48,17,50,321.00,"16,050.00"
2019-09-11,2019091101004344,ILBS,39,38,10,431.00,"4,310.00"
2019-09-11,2019091101003998,ILBS,18,35,10,432.00,"4,320.00"
2019-09-11,2019091101003961,ILBS,18,46,10,432.00,"4,320.00"
2019-09-11,2019091101004213,JFL,22,5,100,197.00,"19,700.00"
2019-09-11,2019091101004212,JFL,14,5,200,197.00,"39,400.00"
2019-09-11,2019091101004211,JFL,17,5,"1,000",197.00,"197,000.00"
2019-09-11,2019091101004210,JFL,42,5,100,197.00,"19,700.00"
2019-09-11,2019091101004203,JFL,42,5,100,197.00,"19,700.00"
2019-09-11,2019091101004202,JFL,19,5,200,197.00,"39,400.00"
2019-09-11,2019091101004184,JFL,40,5,16,198.00,"3,168.00"
2019-09-11,2019091101004183,JFL,49,5,100,199.00,"19,900.00"
2019-09-11,2019091101004201,JFL,25,5,300,197.00,"59,100.00"
2019-09-11,2019091101004200,JFL,20,5,500,197.00,"98,500.00"
2019-09-11,2019091101004199,JFL,57,5,200,197.00,"39,400.00"
2019-09-11,2019091101004198,JFL,29,5,200,197.00,"39,400.00"
2019-09-11,2019091101004186,JFL,28,5,100,198.00,"19,800.00"
2019-09-11,2019091101004185,JFL,28,5,100,198.00,"19,800.00"
2019-09-11,2019091101004412,KBL,16,32,100,202.00,"20,200.00"
2019-09-11,2019091101004356,KBL,16,38,156,202.00,"31,512.00"
2019-09-11,2019091101004345,KBL,32,6,100,203.00,"20,300.00"
2019-09-11,2019091101004269,KBL,41,6,17,203.00,"3,451.00"
2019-09-11,2019091101004215,KBL,16,25,622,202.00,"125,644.00"
2019-09-11,2019091101004214,KBL,19,25,120,202.00,"24,240.00"
2019-09-11,2019091101003957,KPCL,17,19,500,80.00,"40,000.00"
2019-09-11,2019091101003956,KPCL,17,52,10,80.00,800.00
2019-09-11,2019091101003945,KPCL,17,7,10,79.00,790.00
2019-09-11,2019091101004420,KRBL,22,35,76,102.00,"7,752.00"
2019-09-11,2019091101004419,KRBL,42,35,50,103.00,"5,150.00"
2019-09-11,2019091101004140,KSBBL,17,33,124,140.00,"17,360.00"
2019-09-11,2019091101004117,KSBBL,17,6,85,140.00,"11,900.00"
2019-09-11,2019091101004116,KSBBL,17,57,173,140.00,"24,220.00"
2019-09-11,2019091101004208,LLBS,18,56,400,682.00,"272,800.00"
2019-09-11,2019091101004207,LLBS,40,56,100,682.00,"68,200.00"
2019-09-11,2019091101004425,MBL,49,32,200,251.00,"50,200.00"
2019-09-11,2019091101004135,MBL,49,50,300,251.00,"75,300.00"
2019-09-11,2019091101004395,MEGA,35,49,"2,050",194.00,"397,700.00"
2019-09-11,2019091101004394,MEGA,47,49,500,194.00,"97,000.00"
2019-09-11,2019091101004393,MEGA,39,49,"1,100",194.00,"213,400.00"
2019-09-11,2019091101004392,MEGA,1,49,500,194.00,"97,000.00"
2019-09-11,2019091101004391,MEGA,34,49,400,194.00,"77,600.00"
2019-09-11,2019091101004390,MEGA,14,49,"1,000",194.00,"194,000.00"
2019-09-11,2019091101003954,MEGA,20,6,119,196.00,"23,324.00"
2019-09-11,2019091101003964,MEGA,42,33,10,197.00,"1,970.00"
2019-09-11,2019091101004236,MEGA,1,33,500,195.00,"97,500.00"
2019-09-11,2019091101004235,MEGA,57,33,"2,000",195.00,"390,000.00"
2019-09-11,2019091101004161,MEGA,20,33,76,196.00,"14,896.00"
2019-09-11,2019091101004242,MEGA,25,33,100,195.00,"19,500.00"
2019-09-11,2019091101004241,MEGA,38,33,"1,000",195.00,"195,000.00"
2019-09-11,2019091101004240,MEGA,45,33,"1,000",195.00,"195,000.00"
2019-09-11,2019091101004239,MEGA,50,33,500,195.00,"97,500.00"
2019-09-11,2019091101004238,MEGA,42,33,100,195.00,"19,500.00"
2019-09-11,2019091101004237,MEGA,49,33,"2,000",195.00,"390,000.00"
2019-09-11,2019091101004248,MEGA,41,33,500,195.00,"97,500.00"
2019-09-11,2019091101004247,MEGA,45,33,100,195.00,"19,500.00"
2019-09-11,2019091101004246,MEGA,26,33,"2,000",195.00,"390,000.00"
2019-09-11,2019091101004245,MEGA,42,33,100,195.00,"19,500.00"
2019-09-11,2019091101004244,MEGA,51,33,100,195.00,"19,500.00"
2019-09-11,2019091101004243,MEGA,25,33,500,195.00,"97,500.00"
2019-09-11,2019091101004250,MEGA,48,33,"1,000",195.00,"195,000.00"
2019-09-11,2019091101004249,MEGA,45,33,500,195.00,"97,500.00"
2019-09-11,2019091101004389,MEGA,57,49,200,194.00,"38,800.00"
2019-09-11,2019091101004388,MEGA,40,49,50,195.00,"9,750.00"
2019-09-11,2019091101004387,MEGA,22,49,50,195.00,"9,750.00"
2019-09-11,2019091101004402,MERO,45,38,33,556.00,"18,348.00"
2019-09-11,2019091101004111,MHNL,45,50,40,86.00,"3,440.00"
2019-09-11,2019091101004126,MLBL,59,22,300,212.00,"63,600.00"
2019-09-11,2019091101004125,MLBL,59,14,75,212.00,"15,900.00"
2019-09-11,2019091101004114,MLBL,59,14,25,212.00,"5,300.00"
2019-09-11,2019091101004113,MLBL,59,17,500,212.00,"106,000.00"
2019-09-11,2019091101004112,MLBL,59,51,75,212.00,"15,900.00"
2019-09-11,2019091101004104,MLBL,59,45,260,211.00,"54,860.00"
2019-09-11,2019091101003989,MNBBL,38,36,42,312.00,"13,104.00"
2019-09-11,2019091101004349,NABIL,6,10,23,771.00,"17,733.00"
2019-09-11,2019091101004348,NABIL,37,10,27,771.00,"20,817.00"
2019-09-11,2019091101004320,NADEP,25,7,10,429.00,"4,290.00"
2019-09-11,2019091101004319,NADEP,45,7,10,429.00,"4,290.00"
2019-09-11,2019091101004400,NAGRO,34,55,10,752.00,"7,520.00"
2019-09-11,2019091101004177,NBB,39,33,77,208.00,"16,016.00"
2019-09-11,2019091101004176,NBB,39,33,65,208.00,"13,520.00"
2019-09-11,2019091101003935,NBB,39,35,900,208.00,"187,200.00"
2019-09-11,2019091101003934,NBB,45,35,500,208.00,"104,000.00"
2019-09-11,2019091101004061,NBL,57,22,120,314.00,"37,680.00"
2019-09-11,2019091101004060,NBL,35,22,30,314.00,"9,420.00"
2019-09-11,2019091101004059,NBL,51,22,50,314.00,"15,700.00"
2019-09-11,2019091101004050,NBL,51,34,280,314.00,"87,920.00"
2019-09-11,2019091101004049,NBL,56,34,720,314.00,"226,080.00"
2019-09-11,2019091101003990,NBL,56,6,100,314.00,"31,400.00"
2019-09-11,2019091101004372,NCCB,3,38,163,199.00,"32,437.00"
2019-09-11,2019091101004371,NCCB,25,38,90,199.00,"17,910.00"
2019-09-11,2019091101004355,NCCB,3,57,100,200.00,"20,000.00"
2019-09-11,2019091101004354,NCCB,3,33,57,200.00,"11,400.00"
2019-09-11,2019091101004191,NCCB,38,33,48,200.00,"9,600.00"
2019-09-11,2019091101004189,NCCB,38,34,52,200.00,"10,400.00"
2019-09-11,2019091101004188,NCCB,3,34,"1,000",200.00,"200,000.00"
2019-09-11,2019091101004187,NCCB,51,34,948,200.00,"189,600.00"
2019-09-11,2019091101004014,NCCB,51,6,781,200.00,"156,200.00"
2019-09-11,2019091101004010,NGPL,39,45,69,97.00,"6,693.00"
2019-09-11,2019091101004009,NGPL,46,45,200,97.00,"19,400.00"
2019-09-11,2019091101004008,NGPL,45,45,100,97.00,"9,700.00"
2019-09-11,2019091101004007,NGPL,26,45,50,97.00,"4,850.00"
2019-09-11,2019091101004006,NGPL,39,45,100,97.00,"9,700.00"
2019-09-11,2019091101004005,NGPL,39,45,200,97.00,"19,400.00"
2019-09-11,2019091101004004,NGPL,59,45,200,97.00,"19,400.00"
2019-09-11,2019091101004003,NGPL,1,45,200,97.00,"19,400.00"
2019-09-11,2019091101004002,NGPL,39,45,156,97.00,"15,132.00"
2019-09-11,2019091101004001,NGPL,43,45,200,98.00,"19,600.00"
2019-09-11,2019091101004000,NGPL,41,45,500,98.00,"49,000.00"
2019-09-11,2019091101003999,NGPL,13,45,26,98.00,"2,548.00"
2019-09-11,2019091101003943,NIB,48,48,7,448.00,"3,136.00"
2019-09-11,2019091101003947,NIBPO,49,54,200,430.00,"86,000.00"
2019-09-11,2019091101003946,NIBPO,7,54,530,431.00,"228,430.00"
2019-09-11,2019091101004270,NICA,11,29,100,444.00,"44,400.00"
2019-09-11,2019091101004253,NICA,11,11,100,444.00,"44,400.00"
2019-09-11,2019091101004037,NICA,11,6,143,444.00,"63,492.00"
2019-09-11,2019091101004067,NICL,38,50,330,271.00,"89,430.00"
2019-09-11,2019091101004365,NIL,39,43,300,378.00,"113,400.00"
2019-09-11,2019091101004280,NIL,39,38,100,378.00,"37,800.00"
2019-09-11,2019091101004122,NIL,39,41,91,378.00,"34,398.00"
2019-09-11,2019091101004364,NLBBL,17,35,181,505.00,"91,405.00"
2019-09-11,2019091101004363,NLBBL,6,35,20,506.00,"10,120.00"
2019-09-11,2019091101004362,NLBBL,40,35,50,506.00,"25,300.00"
2019-09-11,2019091101004361,NLBBL,41,35,74,507.00,"37,518.00"
2019-09-11,2019091101004406,NLIC,16,4,200,784.00,"156,800.00"
2019-09-11,2019091101004373,NLIC,22,38,22,782.00,"17,204.00"
2019-09-11,2019091101004370,NLIC,22,33,35,782.00,"27,370.00"
2019-09-11,2019091101004369,NLIC,53,33,30,782.00,"23,460.00"
2019-09-11,2019091101004263,NLIC,49,5,51,781.00,"39,831.00"
2019-09-11,2019091101004262,NLIC,32,5,169,782.00,"132,158.00"
2019-09-11,2019091101003997,NLIC,45,16,10,783.00,"7,830.00"
2019-09-11,2019091101003996,NLIC,43,16,45,783.00,"35,235.00"
2019-09-11,2019091101003995,NLIC,8,16,100,783.00,"78,300.00"
2019-09-11,2019091101004040,NLIC,18,16,11,783.00,"8,613.00"
2019-09-11,2019091101004030,NLIC,16,4,90,782.00,"70,380.00"
2019-09-11,2019091101004029,NLIC,16,4,140,782.00,"109,480.00"
2019-09-11,2019091101004028,NLIC,37,4,500,782.00,"391,000.00"
2019-09-11,2019091101004027,NLIC,56,4,50,782.00,"39,100.00"
2019-09-11,2019091101004026,NLIC,48,4,20,782.00,"15,640.00"
2019-09-11,2019091101004233,NLIC,32,5,110,782.00,"86,020.00"
2019-09-11,2019091101004209,NLIC,32,16,21,782.00,"16,422.00"
2019-09-11,2019091101004173,NLIC,16,16,8,781.00,"6,248.00"
2019-09-11,2019091101004147,NLIC,48,16,13,782.00,"10,166.00"
2019-09-11,2019091101004046,NLIC,48,6,12,782.00,"9,384.00"
2019-09-11,2019091101004045,NLIC,16,6,10,782.00,"7,820.00"
2019-09-11,2019091101004330,NLICL,54,25,500,486.00,"243,000.00"
2019-09-11,2019091101004329,NLICL,53,25,70,486.00,"34,020.00"
2019-09-11,2019091101004160,NLICL,53,33,130,486.00,"63,180.00"
2019-09-11,2019091101004141,NLICL,43,33,40,486.00,"19,440.00"
2019-09-11,2019091101004261,NMBHF1,54,59,100,9.60,960.00
2019-09-11,2019091101004384,NMFBS,34,35,15,"1,541.00","23,115.00"
2019-09-11,2019091101004085,NTC,51,6,10,631.00,"6,310.00"
2019-09-11,2019091101003941,NTC,38,25,20,626.00,"12,520.00"
2019-09-11,2019091101003940,NTC,41,25,50,626.00,"31,300.00"
2019-09-11,2019091101003939,NTC,19,25,50,626.00,"31,300.00"
2019-09-11,2019091101004380,NUBL,45,45,10,833.00,"8,330.00"
2019-09-11,2019091101004379,NUBL,26,45,30,835.00,"25,050.00"
2019-09-11,2019091101004378,NUBL,1,45,410,837.00,"343,170.00"
2019-09-11,2019091101004377,NUBL,38,45,50,838.00,"41,900.00"
2019-09-11,2019091101004376,OHL,45,38,42,523.00,"21,966.00"
2019-09-11,2019091101004064,PCBL,5,6,482,268.00,"129,176.00"
2019-09-11,2019091101004063,PCBL,21,6,120,268.00,"32,160.00"
2019-09-11,2019091101004062,PCBL,19,6,200,268.00,"53,600.00"
2019-09-11,2019091101004273,PFL,34,52,15,134.00,"2,010.00"
2019-09-11,2019091101004272,PFL,17,52,50,134.00,"6,700.00"
2019-09-11,2019091101004271,PFL,36,52,35,134.00,"4,690.00"
2019-09-11,2019091101004157,PFL,36,22,465,134.00,"62,310.00"
2019-09-11,2019091101004156,PFL,48,22,35,134.00,"4,690.00"
2019-09-11,2019091101004142,PFL,48,26,34,134.00,"4,556.00"
2019-09-11,2019091101004416,PIC,42,14,84,395.00,"33,180.00"
2019-09-11,2019091101004278,PIC,42,38,12,395.00,"4,740.00"
2019-09-11,2019091101004277,PIC,51,38,36,395.00,"14,220.00"
2019-09-11,2019091101004276,PIC,6,38,100,396.00,"39,600.00"
2019-09-11,2019091101004275,PIC,19,38,52,396.00,"20,592.00"
2019-09-11,2019091101004103,PRIN,48,39,28,312.00,"8,736.00"
2019-09-11,2019091101004102,PRIN,34,39,72,313.00,"22,536.00"
2019-09-11,2019091101004413,PRVU,53,43,200,261.00,"52,200.00"
2019-09-11,2019091101004347,PRVU,53,50,500,261.00,"130,500.00"
2019-09-11,2019091101004317,PRVU,28,50,500,261.00,"130,500.00"
2019-09-11,2019091101004279,PRVU,53,58,"4,000",261.00,"1,044,000.00"
2019-09-11,2019091101004417,RADHI,7,33,11,133.00,"1,463.00"
2019-09-11,2019091101004383,RBCLPO,32,10,10,"7,700.00","77,000.00"
2019-09-11,2019091101003960,RBCLPO,32,25,10,"7,700.00","77,000.00"
2019-09-11,2019091101004323,RHPC,25,50,500,80.00,"40,000.00"
2019-09-11,2019091101004322,RHPC,51,50,60,81.00,"4,860.00"
2019-09-11,2019091101004321,RHPC,1,50,80,81.00,"6,480.00"
2019-09-11,2019091101004193,RHPC,1,8,20,81.00,"1,620.00"
2019-09-11,2019091101004408,RHPL,40,35,10,161.00,"1,610.00"
2019-09-11,2019091101004381,RHPL,1,59,10,162.00,"1,620.00"
2019-09-11,2019091101004267,RHPL,35,59,10,162.00,"1,620.00"
2019-09-11,2019091101004260,RHPL,40,44,40,161.00,"6,440.00"
2019-09-11,2019091101004234,RHPL,40,44,40,161.00,"6,440.00"
2019-09-11,2019091101004232,RHPL,40,19,40,161.00,"6,440.00"
2019-09-11,2019091101003951,RHPL,37,44,40,160.00,"6,400.00"
2019-09-11,2019091101003936,RHPL,37,7,10,160.00,"1,600.00"
2019-09-11,2019091101004072,RHPL,16,44,20,160.00,"3,200.00"
2019-09-11,2019091101004071,RHPL,26,44,20,160.00,"3,200.00"
2019-09-11,2019091101004066,RHPL,26,52,40,160.00,"6,400.00"
2019-09-11,2019091101004052,RHPL,37,44,40,160.00,"6,400.00"
2019-09-11,2019091101004016,RHPL,37,35,40,160.00,"6,400.00"
2019-09-11,2019091101003983,RHPL,37,44,40,160.00,"6,400.00"
2019-09-11,2019091101004131,RHPL,37,44,40,160.00,"6,400.00"
2019-09-11,2019091101004109,RHPL,37,52,30,160.00,"4,800.00"
2019-09-11,2019091101004106,RHPL,37,44,30,160.00,"4,800.00"
2019-09-11,2019091101004105,RHPL,16,44,10,160.00,"1,600.00"
2019-09-11,2019091101004094,RHPL,16,52,30,160.00,"4,800.00"
2019-09-11,2019091101004090,RHPL,16,44,40,160.00,"6,400.00"
2019-09-11,2019091101004219,RHPL,40,25,40,161.00,"6,440.00"
2019-09-11,2019091101004218,RHPL,40,25,40,161.00,"6,440.00"
2019-09-11,2019091101004217,RHPL,40,35,40,161.00,"6,440.00"
2019-09-11,2019091101004190,RHPL,37,44,40,160.00,"6,400.00"
2019-09-11,2019091101004169,RHPL,37,44,40,160.00,"6,400.00"
2019-09-11,2019091101004143,RHPL,37,52,30,160.00,"4,800.00"
2019-09-11,2019091101004225,RHPL,40,25,40,161.00,"6,440.00"
2019-09-11,2019091101004224,RHPL,40,25,40,161.00,"6,440.00"
2019-09-11,2019091101004223,RHPL,40,25,40,161.00,"6,440.00"
2019-09-11,2019091101004222,RHPL,40,25,50,161.00,"8,050.00"
2019-09-11,2019091101004221,RHPL,40,25,40,161.00,"6,440.00"
2019-09-11,2019091101004220,RHPL,40,25,40,161.00,"6,440.00"
2019-09-11,2019091101004231,RHPL,40,50,20,161.00,"3,220.00"
2019-09-11,2019091101004230,RHPL,40,25,40,161.00,"6,440.00"
2019-09-11,2019091101004229,RHPL,40,25,40,161.00,"6,440.00"
2019-09-11,2019091101004228,RHPL,40,25,40,161.00,"6,440.00"
2019-09-11,2019091101004227,RHPL,40,25,40,161.00,"6,440.00"
2019-09-11,2019091101004226,RHPL,40,25,40,161.00,"6,440.00"
2019-09-11,2019091101004130,RLFL,52,42,200,116.00,"23,200.00"
2019-09-11,2019091101004284,RRHP,47,52,10,103.00,"1,030.00"
2019-09-11,2019091101004042,RRHP,47,35,10,103.00,"1,030.00"
2019-09-11,2019091101004429,SABSL,29,49,10,485.00,"4,850.00"
2019-09-11,2019091101004418,SABSL,29,49,10,485.00,"4,850.00"
2019-09-11,2019091101004396,SABSL,45,49,10,485.00,"4,850.00"
2019-09-11,2019091101004340,SABSL,45,49,10,485.00,"4,850.00"
2019-09-11,2019091101004179,SABSL,45,49,10,485.00,"4,850.00"
2019-09-11,2019091101004171,SABSL,37,37,10,486.00,"4,860.00"
2019-09-11,2019091101003942,SABSL,37,52,10,486.00,"4,860.00"
2019-09-11,2019091101004025,SABSL,51,20,10,485.00,"4,850.00"
2019-09-11,2019091101004017,SABSL,51,52,10,485.00,"4,850.00"
2019-09-11,2019091101003994,SABSL,51,20,10,485.00,"4,850.00"
2019-09-11,2019091101003975,SABSL,51,52,10,485.00,"4,850.00"
2019-09-11,2019091101003966,SABSL,51,52,10,485.00,"4,850.00"
2019-09-11,2019091101003950,SABSL,37,52,10,486.00,"4,860.00"
2019-09-11,2019091101004055,SABSL,51,22,10,485.00,"4,850.00"
2019-09-11,2019091101004054,SABSL,51,20,10,485.00,"4,850.00"
2019-09-11,2019091101004044,SABSL,51,20,10,485.00,"4,850.00"
2019-09-11,2019091101004039,SABSL,51,45,10,485.00,"4,850.00"
2019-09-11,2019091101004038,SABSL,51,52,10,485.00,"4,850.00"
2019-09-11,2019091101004033,SABSL,51,20,10,485.00,"4,850.00"
2019-09-11,2019091101004095,SABSL,45,22,10,485.00,"4,850.00"
2019-09-11,2019091101004087,SABSL,51,22,10,485.00,"4,850.00"
2019-09-11,2019091101004083,SABSL,51,22,10,485.00,"4,850.00"
2019-09-11,2019091101004068,SABSL,51,20,10,485.00,"4,850.00"
2019-09-11,2019091101004065,SABSL,51,22,10,485.00,"4,850.00"
2019-09-11,2019091101004058,SABSL,37,37,10,486.00,"4,860.00"
2019-09-11,2019091101004170,SABSL,45,22,10,485.00,"4,850.00"
2019-09-11,2019091101004127,SABSL,45,20,10,485.00,"4,850.00"
2019-09-11,2019091101004110,SABSL,45,20,10,485.00,"4,850.00"
2019-09-11,2019091101004101,SABSL,45,20,10,485.00,"4,850.00"
2019-09-11,2019091101004100,SABSL,45,49,10,485.00,"4,850.00"
2019-09-11,2019091101004098,SABSL,45,22,10,485.00,"4,850.00"
2019-09-11,2019091101004124,SANIMA,11,6,320,352.00,"112,640.00"
2019-09-11,2019091101004123,SANIMA,57,6,200,352.00,"70,400.00"
2019-09-11,2019091101004047,SANIMA,38,51,35,354.00,"12,390.00"
2019-09-11,2019091101004036,SANIMA,38,51,19,354.00,"6,726.00"
2019-09-11,2019091101004035,SANIMA,38,14,49,354.00,"17,346.00"
2019-09-11,2019091101004034,SANIMA,38,41,500,354.00,"177,000.00"
2019-09-11,2019091101004015,SANIMA,38,14,48,354.00,"16,992.00"
2019-09-11,2019091101003969,SANIMA,38,14,76,354.00,"26,904.00"
2019-09-11,2019091101003959,SANIMA,38,14,30,354.00,"10,620.00"
2019-09-11,2019091101003958,SANIMA,38,34,90,353.00,"31,770.00"
2019-09-11,2019091101004407,SBL,38,16,500,316.00,"158,000.00"
2019-09-11,2019091101004367,SBL,38,34,94,316.00,"29,704.00"
2019-09-11,2019091101004366,SBL,38,34,106,316.00,"33,496.00"
2019-09-11,2019091101004088,SBL,38,33,300,316.00,"94,800.00"
2019-09-11,2019091101004032,SBL,38,38,"7,207",315.00,"2,270,205.00"
2019-09-11,2019091101004031,SBL,38,38,375,315.00,"118,125.00"
2019-09-11,2019091101003993,SBL,38,10,192,315.00,"60,480.00"
2019-09-11,2019091101003978,SBL,38,10,25,315.00,"7,875.00"
2019-09-11,2019091101003977,SBL,38,58,115,314.00,"36,110.00"
2019-09-11,2019091101003953,SBL,14,58,110,314.00,"34,540.00"
2019-09-11,2019091101003937,SBL,38,10,226,315.00,"71,190.00"
2019-09-11,2019091101004024,SBL,36,7,375,313.00,"117,375.00"
2019-09-11,2019091101004023,SBL,47,7,100,313.00,"31,300.00"
2019-09-11,2019091101004022,SBL,34,7,100,313.00,"31,300.00"
2019-09-11,2019091101004021,SBL,8,7,500,313.00,"156,500.00"
2019-09-11,2019091101004020,SBL,58,7,400,313.00,"125,200.00"
2019-09-11,2019091101004019,SBL,38,7,373,315.00,"117,495.00"
2019-09-11,2019091101003938,SCB,42,34,80,590.00,"47,200.00"
2019-09-11,2019091101004422,SHIVM,38,57,300,526.00,"157,800.00"
2019-09-11,2019091101004421,SHIVM,22,57,500,526.00,"263,000.00"
2019-09-11,2019091101004415,SHIVM,22,46,300,526.00,"157,800.00"
2019-09-11,2019091101004414,SHIVM,38,46,200,526.00,"105,200.00"
2019-09-11,2019091101004134,SHIVM,38,6,200,526.00,"105,200.00"
2019-09-11,2019091101004096,SHIVM,38,17,50,526.00,"26,300.00"
2019-09-11,2019091101004089,SHIVM,38,17,50,526.00,"26,300.00"
2019-09-11,2019091101004346,SHL,52,32,101,219.00,"22,119.00"
2019-09-11,2019091101004182,SHL,52,34,300,219.00,"65,700.00"
2019-09-11,2019091101004181,SHL,5,34,200,219.00,"43,800.00"
2019-09-11,2019091101004180,SHL,18,34,500,219.00,"109,500.00"
2019-09-11,2019091101004428,SHPC,43,34,"1,200",204.00,"244,800.00"
2019-09-11,2019091101004166,SHPC,51,34,100,204.00,"20,400.00"
2019-09-11,2019091101004165,SHPC,48,34,100,204.00,"20,400.00"
2019-09-11,2019091101004164,SHPC,38,34,500,204.00,"102,000.00"
2019-09-11,2019091101004137,SHPC,34,45,100,205.00,"20,500.00"
2019-09-11,2019091101004136,SHPC,36,45,15,205.00,"3,075.00"
2019-09-11,2019091101004163,SHPC,49,34,100,204.00,"20,400.00"
2019-09-11,2019091101004150,SHPC,25,19,200,205.00,"41,000.00"
2019-09-11,2019091101004149,SHPC,43,19,100,205.00,"20,500.00"
2019-09-11,2019091101004148,SHPC,40,19,15,205.00,"3,075.00"
2019-09-11,2019091101004139,SHPC,40,45,85,205.00,"17,425.00"
2019-09-11,2019091101004138,SHPC,35,45,100,205.00,"20,500.00"
2019-09-11,2019091101003973,SIC,17,50,80,530.00,"42,400.00"
2019-09-11,2019091101003967,SICL,56,50,242,740.00,"179,080.00"
2019-09-11,2019091101004398,SIFC,36,38,128,148.00,"18,944.00"
2019-09-11,2019091101004397,SIFC,29,38,15,151.00,"2,265.00"
2019-09-11,2019091101004152,SIL,43,6,165,390.00,"64,350.00"
2019-09-11,2019091101004056,SIL,43,17,35,390.00,"13,650.00"
2019-09-11,2019091101003955,SJCL,13,7,10,175.00,"1,750.00"
2019-09-11,2019091101003932,SJCL,13,44,20,175.00,"3,500.00"
2019-09-11,2019091101004057,SJCL,13,44,20,175.00,"3,500.00"
2019-09-11,2019091101004051,SJCL,13,52,20,175.00,"3,500.00"
2019-09-11,2019091101004048,SJCL,13,35,20,175.00,"3,500.00"
2019-09-11,2019091101003992,SJCL,13,44,20,175.00,"3,500.00"
2019-09-11,2019091101003970,SJCL,13,44,20,175.00,"3,500.00"
2019-09-11,2019091101004146,SJCL,13,44,10,175.00,"1,750.00"
2019-09-11,2019091101004119,SJCL,13,44,20,175.00,"3,500.00"
2019-09-11,2019091101004118,SJCL,13,52,20,175.00,"3,500.00"
2019-09-11,2019091101004099,SJCL,13,52,20,175.00,"3,500.00"
2019-09-11,2019091101004097,SJCL,13,44,20,175.00,"3,500.00"
2019-09-11,2019091101004084,SJCL,13,44,20,175.00,"3,500.00"
2019-09-11,2019091101004194,SJCL,13,44,20,175.00,"3,500.00"
2019-09-11,2019091101004174,SJCL,13,44,10,175.00,"1,750.00"
2019-09-11,2019091101004155,SJCL,13,52,20,175.00,"3,500.00"
2019-09-11,2019091101004285,SJCL,32,29,10,176.00,"1,760.00"
2019-09-11,2019091101004265,SJCL,52,44,20,175.00,"3,500.00"
2019-09-11,2019091101004255,SJCL,52,44,10,175.00,"1,750.00"
2019-09-11,2019091101004254,SJCL,13,44,10,175.00,"1,750.00"
2019-09-11,2019091101004291,SJCL,32,29,20,176.00,"3,520.00"
2019-09-11,2019091101004290,SJCL,32,29,20,176.00,"3,520.00"
2019-09-11,2019091101004289,SJCL,32,29,20,176.00,"3,520.00"
2019-09-11,2019091101004288,SJCL,32,29,20,176.00,"3,520.00"
2019-09-11,2019091101004287,SJCL,32,29,20,176.00,"3,520.00"
2019-09-11,2019091101004286,SJCL,32,29,20,176.00,"3,520.00"
2019-09-11,2019091101004297,SJCL,32,29,20,176.00,"3,520.00"
2019-09-11,2019091101004296,SJCL,32,29,20,176.00,"3,520.00"
2019-09-11,2019091101004295,SJCL,32,29,20,176.00,"3,520.00"
2019-09-11,2019091101004294,SJCL,32,29,20,176.00,"3,520.00"
2019-09-11,2019091101004293,SJCL,32,29,20,176.00,"3,520.00"
2019-09-11,2019091101004292,SJCL,32,29,20,176.00,"3,520.00"
2019-09-11,2019091101004303,SJCL,32,29,20,176.00,"3,520.00"
2019-09-11,2019091101004302,SJCL,32,29,20,176.00,"3,520.00"
2019-09-11,2019091101004301,SJCL,32,29,20,176.00,"3,520.00"
2019-09-11,2019091101004300,SJCL,32,29,20,176.00,"3,520.00"
2019-09-11,2019091101004299,SJCL,32,29,20,176.00,"3,520.00"
2019-09-11,2019091101004298,SJCL,32,29,20,176.00,"3,520.00"
2019-09-11,2019091101004309,SJCL,32,29,10,176.00,"1,760.00"
2019-09-11,2019091101004308,SJCL,32,29,20,176.00,"3,520.00"
2019-09-11,2019091101004307,SJCL,32,29,20,176.00,"3,520.00"
2019-09-11,2019091101004306,SJCL,32,29,20,176.00,"3,520.00"
2019-09-11,2019091101004305,SJCL,32,29,20,176.00,"3,520.00"
2019-09-11,2019091101004304,SJCL,32,29,10,176.00,"1,760.00"
2019-09-11,2019091101004312,SJCL,32,7,10,176.00,"1,760.00"
2019-09-11,2019091101004311,SJCL,32,19,20,176.00,"3,520.00"
2019-09-11,2019091101004310,SJCL,32,29,20,176.00,"3,520.00"
2019-09-11,2019091101004332,SKBBL,1,41,10,940.00,"9,400.00"
2019-09-11,2019091101004331,SKBBL,37,41,10,940.00,"9,400.00"
2019-09-11,2019091101004092,SKBBL,37,47,20,940.00,"18,800.00"
2019-09-11,2019091101004091,SKBBL,39,47,17,940.00,"15,980.00"
2019-09-11,2019091101004385,SLBBL,55,53,100,555.00,"55,500.00"
2019-09-11,2019091101004178,SLBBL,56,26,500,555.00,"277,500.00"
2019-09-11,2019091101004343,SLBSL,45,55,20,716.00,"14,320.00"
2019-09-11,2019091101004283,SLBSL,35,55,21,720.00,"15,120.00"
2019-09-11,2019091101004411,SLICL,42,38,225,280.00,"63,000.00"
2019-09-11,2019091101004410,SLICL,6,38,595,280.00,"166,600.00"
2019-09-11,2019091101004409,SLICL,52,38,180,281.00,"50,580.00"
2019-09-11,2019091101004405,SLICL,6,19,50,282.00,"14,100.00"
2019-09-11,2019091101004082,SMATA,35,28,40,"1,295.00","51,800.00"
2019-09-11,2019091101004081,SMATA,54,28,100,"1,296.00","129,600.00"
2019-09-11,2019091101004080,SMATA,25,28,20,"1,296.00","25,920.00"
2019-09-11,2019091101004079,SMATA,42,28,21,"1,298.00","27,258.00"
2019-09-11,2019091101004078,SMATA,35,28,200,"1,298.00","259,600.00"
2019-09-11,2019091101004077,SMATA,50,28,100,"1,299.00","129,900.00"
2019-09-11,2019091101004076,SMATA,28,28,20,"1,300.00","26,000.00"
2019-09-11,2019091101004075,SMATA,41,28,15,"1,305.00","19,575.00"
2019-09-11,2019091101003944,SMATA,52,54,50,"1,314.00","65,700.00"
2019-09-11,2019091101004401,SRBL,41,58,20,229.00,"4,580.00"
2019-09-11,2019091101004328,SRBL,41,58,10,229.00,"2,290.00"
2019-09-11,2019091101004159,SRBL,48,6,17,228.00,"3,876.00"
2019-09-11,2019091101004158,SRBL,35,6,10,228.00,"2,280.00"
2019-09-11,2019091101004282,SWBBL,53,43,50,913.00,"45,650.00"
2019-09-11,2019091101004281,SWBBL,51,43,50,913.00,"45,650.00"
2019-09-11,2019091101004128,SWBBL,48,50,21,918.00,"19,278.00"
2019-09-11,2019091101004206,UIC,16,46,200,275.00,"55,000.00"
2019-09-11,2019091101004399,UMHL,45,50,14,104.00,"1,456.00"
2019-09-11,2019091101004154,UPCL,18,35,50,77.00,"3,850.00"
2019-09-11,2019091101004256,UPPER,26,50,32,239.00,"7,648.00"
2019-09-11,2019091101004197,UPPER,26,6,19,239.00,"4,541.00"
2019-09-11,2019091101004196,UPPER,26,6,31,239.00,"7,409.00"
2019-09-11,2019091101004041,UPPER,26,50,137,239.00,"32,743.00"
2019-09-11,2019091101003933,UPPER,56,3,200,240.00,"48,000.00"
2019-09-11,2019091101003863,ADBL,50,22,466,419.00,"195,254.00"
2019-09-11,2019091101003862,ADBL,50,47,24,419.00,"10,056.00"
2019-09-11,2019091101003861,ADBL,50,51,110,419.00,"46,090.00"
2019-09-11,2019091101003808,ADBL,35,10,100,418.00,"41,800.00"
2019-09-11,2019091101003586,ADBL,35,40,101,418.00,"42,218.00"
2019-09-11,2019091101003585,ADBL,53,40,700,418.00,"292,600.00"
2019-09-11,2019091101003556,ADBL,53,44,300,418.00,"125,400.00"
2019-09-11,2019091101003575,AHPC,45,45,505,97.00,"48,985.00"
2019-09-11,2019091101003868,AKBSL,57,56,10,452.00,"4,520.00"
2019-09-11,2019091101003867,AKBSL,32,54,10,455.00,"4,550.00"
2019-09-11,2019091101003847,AKBSL,57,56,10,452.00,"4,520.00"
2019-09-11,2019091101003834,AKBSL,57,56,10,452.00,"4,520.00"
2019-09-11,2019091101003821,AKBSL,57,22,10,452.00,"4,520.00"
2019-09-11,2019091101003818,AKBSL,57,56,10,452.00,"4,520.00"
2019-09-11,2019091101003465,AKBSL,29,42,10,453.00,"4,530.00"
2019-09-11,2019091101003434,AKBSL,29,48,10,453.00,"4,530.00"
2019-09-11,2019091101003811,AKBSL,29,50,10,453.00,"4,530.00"
2019-09-11,2019091101003810,AKBSL,29,56,10,453.00,"4,530.00"
2019-09-11,2019091101003659,AKBSL,29,50,10,453.00,"4,530.00"
2019-09-11,2019091101003564,AKBSL,29,59,10,453.00,"4,530.00"
2019-09-11,2019091101003557,AKBSL,29,7,10,453.00,"4,530.00"
2019-09-11,2019091101003485,AKBSL,29,58,10,453.00,"4,530.00"
2019-09-11,2019091101003909,AKPL,45,33,20,140.00,"2,800.00"
2019-09-11,2019091101003710,AKPL,45,6,13,140.00,"1,820.00"
2019-09-11,2019091101003591,AKPL,41,45,11,140.00,"1,540.00"
2019-09-11,2019091101003837,ALBSL,46,50,10,435.00,"4,350.00"
2019-09-11,2019091101003823,ALBSL,46,7,10,435.00,"4,350.00"
2019-09-11,2019091101003820,ALBSL,46,57,10,435.00,"4,350.00"
2019-09-11,2019091101003819,ALBSL,41,57,40,435.00,"17,400.00"
2019-09-11,2019091101003688,ALBSL,41,7,10,435.00,"4,350.00"
2019-09-11,2019091101003574,ALBSL,41,7,10,435.00,"4,350.00"
2019-09-11,2019091101003930,ALICL,20,33,210,315.00,"66,150.00"
2019-09-11,2019091101003431,ALICL,20,34,290,315.00,"91,350.00"
2019-09-11,2019091101003504,BARUN,42,58,75,88.00,"6,600.00"
2019-09-11,2019091101003503,BARUN,22,58,30,88.00,"2,640.00"
2019-09-11,2019091101003914,BOKL,51,42,50,256.00,"12,800.00"
2019-09-11,2019091101003797,BOKL,16,54,50,256.00,"12,800.00"
2019-09-11,2019091101003796,BOKL,16,7,52,256.00,"13,312.00"
2019-09-11,2019091101003795,BOKL,16,57,148,256.00,"37,888.00"
2019-09-11,2019091101003643,BOKL,48,7,950,255.00,"242,250.00"
2019-09-11,2019091101003454,BOKL,48,57,652,256.00,"166,912.00"
2019-09-11,2019091101003436,BOKL,48,45,72,256.00,"18,432.00"
2019-09-11,2019091101003747,CBL,21,6,155,144.00,"22,320.00"
2019-09-11,2019091101003746,CBL,22,6,200,144.00,"28,800.00"
2019-09-11,2019091101003690,CBL,22,45,300,144.00,"43,200.00"
2019-09-11,2019091101003616,CBL,1,45,100,145.00,"14,500.00"
2019-09-11,2019091101003534,CBL,21,45,100,145.00,"14,500.00"
2019-09-11,2019091101003856,CCBL,49,45,100,158.00,"15,800.00"
2019-09-11,2019091101003750,CCBL,49,6,74,158.00,"11,692.00"
2019-09-11,2019091101003683,CCBL,49,22,300,158.00,"47,400.00"
2019-09-11,2019091101003577,CCBL,49,58,102,158.00,"16,116.00"
2019-09-11,2019091101003468,CCBL,49,6,60,158.00,"9,480.00"
2019-09-11,2019091101003678,CHCL,28,33,100,435.00,"43,500.00"
2019-09-11,2019091101003650,CIT,22,32,30,"1,863.00","55,890.00"
2019-09-11,2019091101003887,CZBIL,4,17,200,222.00,"44,400.00"
2019-09-11,2019091101003757,CZBIL,16,6,10,221.00,"2,210.00"
2019-09-11,2019091101003657,CZBIL,16,35,10,221.00,"2,210.00"
2019-09-11,2019091101003716,DBBL,21,45,138,129.00,"17,802.00"
2019-09-11,2019091101003715,DBBL,1,45,172,129.00,"22,188.00"
2019-09-11,2019091101003469,DBBL,44,45,200,130.00,"26,000.00"
2019-09-11,2019091101003798,DHPL,14,49,11,54.00,594.00
2019-09-11,2019091101003704,DHPL,7,22,480,55.00,"26,400.00"
2019-09-11,2019091101003668,DHPL,29,22,300,56.00,"16,800.00"
2019-09-11,2019091101003663,DHPL,7,49,10,56.00,560.00
2019-09-11,2019091101003515,DHPL,7,16,11,56.00,616.00
2019-09-11,2019091101003875,EBL,20,25,61,591.00,"36,051.00"
2019-09-11,2019091101003874,EBL,45,25,180,591.00,"106,380.00"
2019-09-11,2019091101003873,EBL,44,25,259,591.00,"153,069.00"
2019-09-11,2019091101003872,EBL,51,25,50,592.00,"29,600.00"
2019-09-11,2019091101003871,EBL,49,25,100,592.00,"59,200.00"
2019-09-11,2019091101003870,EBL,47,25,50,592.00,"29,600.00"
2019-09-11,2019091101003894,EDBL,1,52,110,262.00,"28,820.00"
2019-09-11,2019091101003893,EDBL,6,52,100,263.00,"26,300.00"
2019-09-11,2019091101003554,FMDBL,49,20,100,373.00,"37,300.00"
2019-09-11,2019091101003854,FOWAD,50,50,50,"1,285.00","64,250.00"
2019-09-11,2019091101003853,FOWAD,57,50,200,"1,285.00","257,000.00"
2019-09-11,2019091101003852,FOWAD,35,50,10,"1,287.00","12,870.00"
2019-09-11,2019091101003851,FOWAD,1,50,12,"1,287.00","15,444.00"
2019-09-11,2019091101003756,GBBL,53,40,"1,000",213.00,"213,000.00"
2019-09-11,2019091101003493,GBBL,42,7,151,212.00,"32,012.00"
2019-09-11,2019091101003492,GBBL,42,7,49,212.00,"10,388.00"
2019-09-11,2019091101003885,GDBL,53,6,"2,000",207.00,"414,000.00"
2019-09-11,2019091101003472,GDBL,53,7,898,207.00,"185,886.00"
2019-09-11,2019091101003449,GDBL,53,52,465,207.00,"96,255.00"
2019-09-11,2019091101003794,GLICL,48,38,14,381.00,"5,334.00"
2019-09-11,2019091101003793,GLICL,7,38,50,381.00,"19,050.00"
2019-09-11,2019091101003792,GLICL,26,38,33,382.00,"12,606.00"
2019-09-11,2019091101003791,GLICL,52,38,10,383.00,"3,830.00"
2019-09-11,2019091101003629,GLICL,6,38,43,384.00,"16,512.00"
2019-09-11,2019091101003595,GLICL,6,6,57,384.00,"21,888.00"
2019-09-11,2019091101003464,GUFL,44,28,300,114.00,"34,200.00"
2019-09-11,2019091101003463,GUFL,56,28,200,115.00,"23,000.00"
2019-09-11,2019091101003703,HBL,5,28,200,525.00,"105,000.00"
2019-09-11,2019091101003702,HBL,17,28,50,525.00,"26,250.00"
2019-09-11,2019091101003701,HBL,59,28,10,525.00,"5,250.00"
2019-09-11,2019091101003700,HBL,53,28,65,526.00,"34,190.00"
2019-09-11,2019091101003896,HIDCL,41,45,63,136.00,"8,568.00"
2019-09-11,2019091101003886,HPPL,56,45,10,137.00,"1,370.00"
2019-09-11,2019091101003673,HPPL,53,50,10,137.00,"1,370.00"
2019-09-11,2019091101003672,HPPL,53,50,10,137.00,"1,370.00"
2019-09-11,2019091101003848,ILBS,39,50,10,432.00,"4,320.00"
2019-09-11,2019091101003552,ILBS,39,55,40,432.00,"17,280.00"
2019-09-11,2019091101003551,ILBS,39,55,100,432.00,"43,200.00"
2019-09-11,2019091101003547,JBBL,32,7,299,158.00,"47,242.00"
2019-09-11,2019091101003679,JOSHI,45,46,20,62.00,"1,240.00"
2019-09-11,2019091101003929,KBL,36,6,25,203.00,"5,075.00"
2019-09-11,2019091101003850,KBL,16,6,100,203.00,"20,300.00"
2019-09-11,2019091101003813,KBL,25,6,100,203.00,"20,300.00"
2019-09-11,2019091101003812,KBL,51,6,352,203.00,"71,456.00"
2019-09-11,2019091101003759,KBL,51,44,541,203.00,"109,823.00"
2019-09-11,2019091101003744,KBL,51,34,"1,391",203.00,"282,373.00"
2019-09-11,2019091101003461,KBL,41,34,55,203.00,"11,165.00"
2019-09-11,2019091101003460,KBL,56,34,100,203.00,"20,300.00"
2019-09-11,2019091101003459,KBL,20,34,345,203.00,"70,035.00"
2019-09-11,2019091101003743,KBL,13,34,400,203.00,"81,200.00"
2019-09-11,2019091101003742,KBL,41,34,25,203.00,"5,075.00"
2019-09-11,2019091101003707,KBL,41,41,500,203.00,"101,500.00"
2019-09-11,2019091101003686,KBL,49,51,100,204.00,"20,400.00"
2019-09-11,2019091101003535,KBL,41,29,180,203.00,"36,540.00"
2019-09-11,2019091101003490,KBL,41,58,240,203.00,"48,720.00"
2019-09-11,2019091101003876,KPCL,5,50,10,78.00,780.00
2019-09-11,2019091101003841,KPCL,29,7,10,78.00,780.00
2019-09-11,2019091101003456,KPCL,29,35,10,78.00,780.00
2019-09-11,2019091101003588,KPCL,29,7,10,78.00,780.00
2019-09-11,2019091101003654,KSBBL,6,57,85,140.00,"11,900.00"
2019-09-11,2019091101003476,KSBBLP,57,49,"29,975",106.00,"3,177,350.00"
2019-09-11,2019091101003458,LBBL,44,6,60,173.00,"10,380.00"
2019-09-11,2019091101003826,LBL,49,6,536,211.00,"113,096.00"
2019-09-11,2019091101003800,LBL,49,54,491,211.00,"103,601.00"
2019-09-11,2019091101003738,LBL,49,45,240,211.00,"50,640.00"
