Date,Transact. No.,Symbol,Buyer,Seller,Quantity,Rate,Amount
2020-07-14,2020071401014070,ADBL,35,46,10,375.00,"3,750.00"
2020-07-14,2020071401014029,AHPC,25,52,130,92.00,"11,960.00"
2020-07-14,2020071401014121,AKJCL,17,49,20,49.00,980.00
2020-07-14,2020071401014120,AKJCL,17,49,20,49.00,980.00
2020-07-14,2020071401014318,AKPL,8,25,600,117.00,"70,200.00"
2020-07-14,2020071401014307,ALBSL,43,38,11,771.00,"8,481.00"
2020-07-14,2020071401014421,ALICL,57,47,500,607.00,"303,500.00"
2020-07-14,2020071401014048,API,25,11,11,107.00,"1,177.00"
2020-07-14,2020071401014384,BPCL,6,32,500,357.00,"178,500.00"
2020-07-14,2020071401014214,BPCL,58,32,50,357.00,"17,850.00"
2020-07-14,2020071401014413,CBBL,50,42,10,"1,116.00","11,160.00"
2020-07-14,2020071401014339,CBBL,6,42,20,"1,116.00","22,320.00"
2020-07-14,2020071401014338,CBBL,6,58,30,"1,116.00","33,480.00"
2020-07-14,2020071401014164,CBBL,29,34,400,"1,115.00","446,000.00"
2020-07-14,2020071401014160,CBBL,26,34,100,"1,115.00","111,500.00"
2020-07-14,2020071401014046,CBBL,6,7,61,"1,114.00","67,954.00"
2020-07-14,2020071401014337,CBBL,6,8,50,"1,116.00","55,800.00"
2020-07-14,2020071401014313,CBBL,45,39,50,"1,115.00","55,750.00"
2020-07-14,2020071401014165,CBBL,29,39,50,"1,115.00","55,750.00"
2020-07-14,2020071401014269,CBL,6,44,460,137.00,"63,020.00"
2020-07-14,2020071401014268,CBL,6,49,"3,106",137.00,"425,522.00"
2020-07-14,2020071401014265,CBL,51,49,210,137.00,"28,770.00"
2020-07-14,2020071401014350,CCBL,1,29,100,165.00,"16,500.00"
2020-07-14,2020071401014203,CFCL,25,13,25,119.00,"2,975.00"
2020-07-14,2020071401014354,CHCL,43,45,50,393.00,"19,650.00"
2020-07-14,2020071401014353,CHCL,43,41,50,392.00,"19,600.00"
2020-07-14,2020071401014176,CIT,48,38,20,"2,430.00","48,600.00"
2020-07-14,2020071401014175,CIT,50,38,10,"2,431.00","24,310.00"
2020-07-14,2020071401014174,CIT,48,38,20,"2,431.00","48,620.00"
2020-07-14,2020071401014013,CMF1,57,14,"9,000",9.77,"87,930.00"
2020-07-14,2020071401014221,CZBIL,44,5,86,186.00,"15,996.00"
2020-07-14,2020071401014220,CZBIL,44,59,300,186.00,"55,800.00"
2020-07-14,2020071401014219,CZBIL,44,45,14,186.00,"2,604.00"
2020-07-14,2020071401014449,DDBL,6,49,10,880.00,"8,800.00"
2020-07-14,2020071401014448,DDBL,6,44,90,880.00,"79,200.00"
2020-07-14,2020071401014280,DDBL,58,44,10,880.00,"8,800.00"
2020-07-14,2020071401014279,DDBL,58,43,520,877.00,"456,040.00"
2020-07-14,2020071401014142,DDBL,38,37,150,873.00,"130,950.00"
2020-07-14,2020071401014141,DDBL,38,44,300,873.00,"261,900.00"
2020-07-14,2020071401014234,EBL,6,33,30,663.00,"19,890.00"
2020-07-14,2020071401014480,EDBL,46,36,300,300.00,"90,000.00"
2020-07-14,2020071401014479,EDBL,46,56,100,300.00,"30,000.00"
2020-07-14,2020071401014478,EDBL,46,51,100,300.00,"30,000.00"
2020-07-14,2020071401014113,EIC,49,49,133,413.00,"54,929.00"
2020-07-14,2020071401014112,EIC,49,48,50,412.00,"20,600.00"
2020-07-14,2020071401014111,EIC,49,55,155,412.00,"63,860.00"
2020-07-14,2020071401014110,EIC,49,57,50,411.00,"20,550.00"
2020-07-14,2020071401014109,EIC,49,16,112,411.00,"46,032.00"
2020-07-14,2020071401014483,FMDBL,42,26,10,558.00,"5,580.00"
2020-07-14,2020071401014482,FMDBL,52,26,50,558.00,"27,900.00"
2020-07-14,2020071401014325,FMDBL,40,26,80,558.00,"44,640.00"
2020-07-14,2020071401014320,FMDBL,54,43,100,555.00,"55,500.00"
2020-07-14,2020071401014302,FMDBL,54,25,80,555.00,"44,400.00"
2020-07-14,2020071401014301,FMDBL,38,25,20,555.00,"11,100.00"
2020-07-14,2020071401014169,FMDBL,38,41,30,555.00,"16,650.00"
2020-07-14,2020071401014124,FMDBL,38,42,50,555.00,"27,750.00"
2020-07-14,2020071401014083,FMDBL,38,26,250,555.00,"138,750.00"
2020-07-14,2020071401014300,FOWAD,18,4,50,"1,581.00","79,050.00"
2020-07-14,2020071401014299,FOWAD,19,4,50,"1,582.00","79,100.00"
2020-07-14,2020071401014298,FOWAD,50,4,10,"1,582.00","15,820.00"
2020-07-14,2020071401014297,FOWAD,19,4,60,"1,583.00","94,980.00"
2020-07-14,2020071401014296,FOWAD,48,4,10,"1,583.00","15,830.00"
2020-07-14,2020071401014295,FOWAD,52,4,30,"1,583.00","47,490.00"
2020-07-14,2020071401014294,FOWAD,43,4,10,"1,584.00","15,840.00"
2020-07-14,2020071401014143,GBBL,34,6,20,221.00,"4,420.00"
2020-07-14,2020071401014415,GBIME,17,32,50,241.00,"12,050.00"
2020-07-14,2020071401014263,GBIME,25,32,100,241.00,"24,100.00"
2020-07-14,2020071401014179,GBIME,44,42,200,240.00,"48,000.00"
2020-07-14,2020071401014178,GBIME,6,42,50,240.00,"12,000.00"
2020-07-14,2020071401014071,GBIME,6,35,89,240.00,"21,360.00"
2020-07-14,2020071401014440,GBLBS,10,42,10,540.00,"5,400.00"
2020-07-14,2020071401014439,GBLBS,10,52,100,540.00,"54,000.00"
2020-07-14,2020071401014438,GBLBS,10,4,50,540.00,"27,000.00"
2020-07-14,2020071401014437,GBLBS,10,49,"1,000",540.00,"540,000.00"
2020-07-14,2020071401014436,GBLBS,10,56,10,540.00,"5,400.00"
2020-07-14,2020071401014435,GBLBS,10,1,200,540.00,"108,000.00"
2020-07-14,2020071401014101,GBLBS,10,17,400,533.00,"213,200.00"
2020-07-14,2020071401014084,GBLBS,58,8,20,538.00,"10,760.00"
2020-07-14,2020071401014434,GBLBS,10,45,10,540.00,"5,400.00"
2020-07-14,2020071401014433,GBLBS,10,44,500,538.00,"269,000.00"
2020-07-14,2020071401014432,GBLBS,10,53,15,538.00,"8,070.00"
2020-07-14,2020071401014431,GBLBS,10,8,215,538.00,"115,670.00"
2020-07-14,2020071401014430,GBLBS,10,13,100,537.00,"53,700.00"
2020-07-14,2020071401014429,GBLBS,10,25,10,537.00,"5,370.00"
2020-07-14,2020071401014392,GFCL,59,56,208,141.00,"29,328.00"
2020-07-14,2020071401014391,GFCL,6,56,700,142.00,"99,400.00"
2020-07-14,2020071401014390,GFCL,59,56,92,142.00,"13,064.00"
2020-07-14,2020071401014206,GILB,22,44,33,"1,315.00","43,395.00"
2020-07-14,2020071401014154,GILB,35,44,50,"1,315.00","65,750.00"
2020-07-14,2020071401014153,GILB,35,44,33,"1,316.00","43,428.00"
2020-07-14,2020071401014025,GLBSL,33,38,10,788.00,"7,880.00"
2020-07-14,2020071401014209,GLICL,34,54,50,470.00,"23,500.00"
2020-07-14,2020071401014208,GLICL,36,54,100,470.00,"47,000.00"
2020-07-14,2020071401014207,GLICL,42,54,176,470.00,"82,720.00"
2020-07-14,2020071401014117,GLICL,42,46,224,470.00,"105,280.00"
2020-07-14,2020071401014116,GLICL,51,46,25,471.00,"11,775.00"
2020-07-14,2020071401014115,GLICL,16,46,100,471.00,"47,100.00"
2020-07-14,2020071401014114,GLICL,10,46,45,471.00,"21,195.00"
2020-07-14,2020071401014009,GLICL,55,37,55,472.00,"25,960.00"
2020-07-14,2020071401014469,GMFBS,43,14,20,879.00,"17,580.00"
2020-07-14,2020071401014237,HBL,34,50,12,512.00,"6,144.00"
2020-07-14,2020071401014103,HBL,35,5,"2,500",513.00,"1,282,500.00"
2020-07-14,2020071401014047,HBL,58,44,300,515.00,"154,500.00"
2020-07-14,2020071401014471,HDL,32,34,20,"1,606.00","32,120.00"
2020-07-14,2020071401014414,HDL,45,4,15,"1,601.00","24,015.00"
2020-07-14,2020071401014396,HDL,35,4,100,"1,601.00","160,100.00"
2020-07-14,2020071401014395,HDL,26,4,10,"1,604.00","16,040.00"
2020-07-14,2020071401014394,HDL,26,4,25,"1,605.00","40,125.00"
2020-07-14,2020071401014393,HDL,32,4,50,"1,605.00","80,250.00"
2020-07-14,2020071401014015,HDL,5,39,200,"1,610.00","322,000.00"
2020-07-14,2020071401014014,HDL,5,39,100,"1,611.00","161,100.00"
2020-07-14,2020071401014107,HDL,17,39,10,"1,609.00","16,090.00"
2020-07-14,2020071401014105,HDL,28,51,60,"1,607.00","96,420.00"
2020-07-14,2020071401014104,HDL,35,51,10,"1,608.00","16,080.00"
2020-07-14,2020071401014062,HDL,35,39,100,"1,609.00","160,900.00"
2020-07-14,2020071401014049,HDL,32,39,200,"1,609.00","321,800.00"
2020-07-14,2020071401014016,HDL,5,39,200,"1,609.00","321,800.00"
2020-07-14,2020071401014262,HDL,48,28,116,"1,606.00","186,296.00"
2020-07-14,2020071401014188,HDL,32,28,65,"1,606.00","104,390.00"
2020-07-14,2020071401014187,HDL,32,21,235,"1,606.00","377,410.00"
2020-07-14,2020071401014163,HDL,35,28,59,"1,607.00","94,813.00"
2020-07-14,2020071401014151,HDL,35,53,41,"1,607.00","65,887.00"
2020-07-14,2020071401014150,HDL,28,53,140,"1,607.00","224,980.00"
2020-07-14,2020071401014371,HDL,25,39,290,"1,609.00","466,610.00"
2020-07-14,2020071401014369,HDL,50,53,10,"1,605.00","16,050.00"
2020-07-14,2020071401014368,HDL,1,53,10,"1,605.00","16,050.00"
2020-07-14,2020071401014367,HDL,57,53,50,"1,605.00","80,250.00"
2020-07-14,2020071401014366,HDL,44,53,30,"1,607.00","48,210.00"
2020-07-14,2020071401014358,HDL,44,57,20,"1,607.00","32,140.00"
2020-07-14,2020071401014349,HGI,22,55,10,419.00,"4,190.00"
2020-07-14,2020071401014236,HGI,44,51,100,415.00,"41,500.00"
2020-07-14,2020071401014177,HGI,45,7,150,415.00,"62,250.00"
2020-07-14,2020071401013995,HURJA,19,52,20,90.00,"1,800.00"
2020-07-14,2020071401014248,ILBS,42,45,10,829.00,"8,290.00"
2020-07-14,2020071401014215,ILBS,54,45,11,820.00,"9,020.00"
2020-07-14,2020071401014159,ILBS,34,16,100,828.00,"82,800.00"
2020-07-14,2020071401014082,ILBS,54,52,11,820.00,"9,020.00"
2020-07-14,2020071401014061,JFL,39,35,24,162.00,"3,888.00"
2020-07-14,2020071401014218,JOSHI,33,52,20,51.00,"1,020.00"
2020-07-14,2020071401014375,JSLBB,14,56,10,"1,680.00","16,800.00"
2020-07-14,2020071401014374,JSLBB,14,52,20,"1,670.00","33,400.00"
2020-07-14,2020071401014102,JSLBB,7,52,40,"1,670.00","66,800.00"
2020-07-14,2020071401014487,KBL,38,19,600,186.00,"111,600.00"
2020-07-14,2020071401014486,KBL,38,40,270,186.00,"50,220.00"
2020-07-14,2020071401014461,KBL,40,4,458,185.00,"84,730.00"
2020-07-14,2020071401014460,KBL,57,4,66,185.00,"12,210.00"
2020-07-14,2020071401014459,KBL,14,4,20,185.00,"3,700.00"
2020-07-14,2020071401014458,KBL,56,4,279,185.00,"51,615.00"
2020-07-14,2020071401014126,KBL,48,40,10,186.00,"1,860.00"
2020-07-14,2020071401014441,KMCDB,17,42,100,818.00,"81,800.00"
2020-07-14,2020071401014410,KMCDB,17,20,10,818.00,"8,180.00"
2020-07-14,2020071401014346,KMCDB,17,20,10,818.00,"8,180.00"
2020-07-14,2020071401014340,KMCDB,7,25,10,822.00,"8,220.00"
2020-07-14,2020071401014281,KMCDB,17,20,10,818.00,"8,180.00"
2020-07-14,2020071401014278,KMCDB,17,32,10,818.00,"8,180.00"
2020-07-14,2020071401014184,KMCDB,17,20,10,818.00,"8,180.00"
2020-07-14,2020071401014024,KMCDB,17,20,10,818.00,"8,180.00"
2020-07-14,2020071401014465,KPCL,25,43,100,105.00,"10,500.00"
2020-07-14,2020071401014464,KPCL,25,26,10,105.00,"1,050.00"
2020-07-14,2020071401014463,KPCL,25,33,515,105.00,"54,075.00"
2020-07-14,2020071401014045,KRBL,44,4,16,101.00,"1,616.00"
2020-07-14,2020071401014428,KSBBL,45,36,52,144.00,"7,488.00"
2020-07-14,2020071401014361,KSBBL,21,36,207,145.00,"30,015.00"
2020-07-14,2020071401014063,KSBBL,21,4,20,145.00,"2,900.00"
2020-07-14,2020071401014002,KSBBL,21,38,14,145.00,"2,030.00"
2020-07-14,2020071401014001,KSBBL,21,49,459,145.00,"66,555.00"
2020-07-14,2020071401014453,LBBL,26,26,200,180.00,"36,000.00"
2020-07-14,2020071401014245,LBBL,58,26,283,180.00,"50,940.00"
2020-07-14,2020071401014244,LBBL,58,34,25,180.00,"4,500.00"
2020-07-14,2020071401014243,LBBL,58,52,63,179.00,"11,277.00"
2020-07-14,2020071401014106,LBBL,33,52,75,180.00,"13,500.00"
2020-07-14,2020071401014329,LBL,34,25,96,213.00,"20,448.00"
2020-07-14,2020071401014328,LBL,34,34,337,213.00,"71,781.00"
2020-07-14,2020071401014327,LBL,34,32,100,213.00,"21,300.00"
2020-07-14,2020071401014326,LBL,34,32,267,213.00,"56,871.00"
2020-07-14,2020071401014306,LBL,38,38,10,212.00,"2,120.00"
2020-07-14,2020071401014210,LGIL,1,34,73,455.00,"33,215.00"
2020-07-14,2020071401014303,LLBS,47,14,90,"1,190.00","107,100.00"
2020-07-14,2020071401014335,MBL,14,8,81,217.00,"17,577.00"
2020-07-14,2020071401014132,MBL,33,6,10,218.00,"2,180.00"
2020-07-14,2020071401014420,MEGA,28,7,129,206.00,"26,574.00"
2020-07-14,2020071401014388,MEGA,28,42,100,206.00,"20,600.00"
2020-07-14,2020071401014317,MEGA,43,58,10,207.00,"2,070.00"
2020-07-14,2020071401014183,MEGA,34,58,10,207.00,"2,070.00"
2020-07-14,2020071401014125,MEGA,28,4,11,206.00,"2,266.00"
2020-07-14,2020071401014021,MEGA,28,35,100,206.00,"20,600.00"
2020-07-14,2020071401014305,MERO,49,42,23,664.00,"15,272.00"
2020-07-14,2020071401014161,MERO,14,49,100,665.00,"66,500.00"
2020-07-14,2020071401014042,MERO,19,49,100,665.00,"66,500.00"
2020-07-14,2020071401014023,MERO,41,49,26,665.00,"17,290.00"
2020-07-14,2020071401014162,MFIL,28,34,28,300.00,"8,400.00"
2020-07-14,2020071401014066,MFIL,28,34,100,300.00,"30,000.00"
2020-07-14,2020071401014065,MFIL,29,34,172,300.00,"51,600.00"
2020-07-14,2020071401014152,MLBL,28,4,111,181.00,"20,091.00"
2020-07-14,2020071401014312,MNBBL,42,11,387,308.00,"119,196.00"
2020-07-14,2020071401014311,MNBBL,42,45,100,307.00,"30,700.00"
2020-07-14,2020071401014310,MNBBL,42,35,13,307.00,"3,991.00"
2020-07-14,2020071401014011,MNBBL,44,57,150,307.00,"46,050.00"
2020-07-14,2020071401014381,NABIL,42,6,100,745.00,"74,500.00"
2020-07-14,2020071401014319,NABIL,51,6,200,745.00,"149,000.00"
2020-07-14,2020071401014168,NABIL,10,6,100,745.00,"74,500.00"
2020-07-14,2020071401014140,NABIL,22,28,273,742.00,"202,566.00"
2020-07-14,2020071401014139,NABIL,33,28,100,742.00,"74,200.00"
2020-07-14,2020071401014138,NABIL,10,28,27,742.00,"20,034.00"
2020-07-14,2020071401014137,NABIL,39,28,176,742.00,"130,592.00"
2020-07-14,2020071401014136,NABIL,22,28,424,743.00,"315,032.00"
2020-07-14,2020071401014074,NABIL,22,28,576,743.00,"427,968.00"
2020-07-14,2020071401014073,NABIL,56,28,50,743.00,"37,150.00"
2020-07-14,2020071401014072,NABIL,29,28,374,743.00,"277,882.00"
2020-07-14,2020071401014386,NADEP,48,41,23,686.00,"15,778.00"
2020-07-14,2020071401014472,NBB,34,42,150,195.00,"29,250.00"
2020-07-14,2020071401014447,NBB,44,32,100,196.00,"19,600.00"
2020-07-14,2020071401014477,NBL,33,44,50,240.00,"12,000.00"
2020-07-14,2020071401014412,NBL,19,45,200,239.00,"47,800.00"
2020-07-14,2020071401014411,NBL,19,10,275,239.00,"65,725.00"
2020-07-14,2020071401014017,NBL,56,10,500,239.00,"119,500.00"
2020-07-14,2020071401013998,NBL,41,10,100,239.00,"23,900.00"
2020-07-14,2020071401013997,NBL,34,10,500,239.00,"119,500.00"
2020-07-14,2020071401013996,NBL,38,10,100,239.00,"23,900.00"
2020-07-14,2020071401014387,NCCB,44,4,100,182.00,"18,200.00"
2020-07-14,2020071401014373,NCCB,19,4,200,182.00,"36,400.00"
2020-07-14,2020071401014372,NCCB,48,4,263,182.00,"47,866.00"
2020-07-14,2020071401014172,NCCB,48,4,92,182.00,"16,744.00"
2020-07-14,2020071401014069,NCCB,33,57,10,183.00,"1,830.00"
2020-07-14,2020071401014473,NEF,34,26,100,9.30,930.00
2020-07-14,2020071401014342,NEF,45,6,500,9.13,"4,565.00"
2020-07-14,2020071401014012,NEF,42,26,"1,127",9.30,"10,481.10"
2020-07-14,2020071401014173,NHPC,14,33,10,54.00,540.00
2020-07-14,2020071401014446,NIB,29,35,85,432.00,"36,720.00"
2020-07-14,2020071401014345,NIB,29,4,137,432.00,"59,184.00"
2020-07-14,2020071401014028,NIB,13,45,100,433.00,"43,300.00"
2020-07-14,2020071401014385,NIBPO,49,4,"1,950",356.00,"694,200.00"
2020-07-14,2020071401014425,NICA,28,33,983,533.00,"523,939.00"
2020-07-14,2020071401014424,NICA,40,33,29,533.00,"15,457.00"
2020-07-14,2020071401014351,NICA,40,13,40,533.00,"21,320.00"
2020-07-14,2020071401014283,NICA,16,54,30,534.00,"16,020.00"
2020-07-14,2020071401014282,NICA,16,40,70,534.00,"37,380.00"
2020-07-14,2020071401014261,NICA,32,40,30,534.00,"16,020.00"
2020-07-14,2020071401014398,NICL,29,43,310,447.00,"138,570.00"
2020-07-14,2020071401014397,NICL,29,35,190,446.00,"84,740.00"
2020-07-14,2020071401014378,NICL,43,35,10,446.00,"4,460.00"
2020-07-14,2020071401014256,NICL,44,35,300,446.00,"133,800.00"
2020-07-14,2020071401014171,NICL,49,43,410,442.00,"181,220.00"
2020-07-14,2020071401014170,NICL,58,43,90,442.00,"39,780.00"
2020-07-14,2020071401014277,NICLBSL,1,52,10,484.00,"4,840.00"
2020-07-14,2020071401014444,NIL,41,25,70,604.00,"42,280.00"
2020-07-14,2020071401014418,NIL,4,46,400,603.00,"241,200.00"
2020-07-14,2020071401014383,NIL,47,25,179,604.00,"108,116.00"
2020-07-14,2020071401014357,NIL,22,25,10,604.00,"6,040.00"
2020-07-14,2020071401014356,NIL,53,25,100,604.00,"60,400.00"
2020-07-14,2020071401014456,NLBBL,57,41,35,781.00,"27,335.00"
2020-07-14,2020071401014455,NLBBL,57,10,50,780.00,"39,000.00"
2020-07-14,2020071401014454,NLBBL,57,39,15,780.00,"11,700.00"
2020-07-14,2020071401014403,NLBBL,36,42,460,778.00,"357,880.00"
2020-07-14,2020071401014251,NLBBL,36,28,40,778.00,"31,120.00"
2020-07-14,2020071401014250,NLBBL,41,28,260,778.00,"202,280.00"
2020-07-14,2020071401014195,NLBBL,41,4,26,778.00,"20,228.00"
2020-07-14,2020071401013991,NLBBL,41,42,714,778.00,"555,492.00"
2020-07-14,2020071401014360,NLIC,50,52,41,"1,267.00","51,947.00"
2020-07-14,2020071401014333,NLIC,17,59,95,"1,268.00","120,460.00"
2020-07-14,2020071401014289,NLIC,39,58,91,"1,269.00","115,479.00"
2020-07-14,2020071401014189,NLIC,39,35,409,"1,268.00","518,612.00"
2020-07-14,2020071401014133,NLIC,16,33,420,"1,268.00","532,560.00"
2020-07-14,2020071401014050,NLIC,33,35,41,"1,269.00","52,029.00"
2020-07-14,2020071401014033,NLIC,33,35,159,"1,269.00","201,771.00"
2020-07-14,2020071401014022,NLIC,16,45,80,"1,268.00","101,440.00"
2020-07-14,2020071401014019,NLIC,48,35,243,"1,269.00","308,367.00"
2020-07-14,2020071401014018,NLIC,48,39,757,"1,269.00","960,633.00"
2020-07-14,2020071401014273,NLICL,29,28,10,660.00,"6,600.00"
2020-07-14,2020071401014149,NLICL,54,46,300,651.00,"195,300.00"
2020-07-14,2020071401014462,NMB,52,6,175,387.00,"67,725.00"
2020-07-14,2020071401014323,NMB,26,6,"1,000",387.00,"387,000.00"
2020-07-14,2020071401014322,NMB,26,6,300,387.00,"116,100.00"
2020-07-14,2020071401014321,NMB,38,6,525,387.00,"203,175.00"
2020-07-14,2020071401014058,NMB,54,35,844,389.00,"328,316.00"
2020-07-14,2020071401014057,NMB,54,51,330,389.00,"128,370.00"
2020-07-14,2020071401014056,NMB,54,38,35,389.00,"13,615.00"
2020-07-14,2020071401014055,NMB,54,19,601,389.00,"233,789.00"
2020-07-14,2020071401014054,NMB,54,34,50,388.00,"19,400.00"
2020-07-14,2020071401014053,NMB,54,17,60,388.00,"23,280.00"
2020-07-14,2020071401014052,NMB,54,33,"2,080",388.00,"807,040.00"
2020-07-14,2020071401014402,NMBMF,34,53,290,823.00,"238,670.00"
2020-07-14,2020071401014401,NMBMF,49,53,10,824.00,"8,240.00"
2020-07-14,2020071401014400,NMBMF,25,53,150,825.00,"123,750.00"
2020-07-14,2020071401014399,NMBMF,28,53,50,826.00,"41,300.00"
2020-07-14,2020071401014365,NMBMF,7,53,74,830.00,"61,420.00"
2020-07-14,2020071401014291,NMBMF,55,32,100,829.00,"82,900.00"
2020-07-14,2020071401014290,NMBMF,55,26,10,829.00,"8,290.00"
2020-07-14,2020071401014180,NMBMF,6,42,53,828.00,"43,884.00"
2020-07-14,2020071401014476,NRIC,13,55,40,500.00,"20,000.00"
2020-07-14,2020071401014474,NRIC,47,47,40,500.00,"20,000.00"
2020-07-14,2020071401014452,NRIC,45,38,20,501.00,"10,020.00"
2020-07-14,2020071401014417,NRIC,47,34,60,500.00,"30,000.00"
2020-07-14,2020071401014416,NRIC,47,34,40,500.00,"20,000.00"
2020-07-14,2020071401014408,NRIC,47,47,40,500.00,"20,000.00"
2020-07-14,2020071401013990,NRIC,36,38,40,500.00,"20,000.00"
2020-07-14,2020071401014034,NRIC,34,36,98,501.00,"49,098.00"
2020-07-14,2020071401014030,NRIC,36,1,40,500.00,"20,000.00"
2020-07-14,2020071401014020,NRIC,36,48,40,500.00,"20,000.00"
2020-07-14,2020071401014010,NRIC,36,39,40,500.00,"20,000.00"
2020-07-14,2020071401013999,NRIC,36,47,40,500.00,"20,000.00"
2020-07-14,2020071401013992,NRIC,36,16,40,500.00,"20,000.00"
2020-07-14,2020071401014043,NRIC,36,48,40,500.00,"20,000.00"
2020-07-14,2020071401014039,NRIC,36,16,50,500.00,"25,000.00"
2020-07-14,2020071401014038,NRIC,52,55,100,501.00,"50,100.00"
2020-07-14,2020071401014037,NRIC,36,39,40,500.00,"20,000.00"
2020-07-14,2020071401014036,NRIC,34,55,62,501.00,"31,062.00"
2020-07-14,2020071401014035,NRIC,34,58,40,501.00,"20,040.00"
2020-07-14,2020071401014081,NRIC,36,16,50,500.00,"25,000.00"
2020-07-14,2020071401014068,NRIC,36,37,50,500.00,"25,000.00"
2020-07-14,2020071401014064,NRIC,36,20,200,500.00,"100,000.00"
2020-07-14,2020071401014059,NRIC,36,39,40,500.00,"20,000.00"
2020-07-14,2020071401014051,NRIC,33,55,100,501.00,"50,100.00"
2020-07-14,2020071401014044,NRIC,36,53,40,500.00,"20,000.00"
2020-07-14,2020071401014166,NRIC,8,55,100,501.00,"50,100.00"
2020-07-14,2020071401014148,NRIC,48,55,88,501.00,"44,088.00"
2020-07-14,2020071401014135,NRIC,36,49,40,500.00,"20,000.00"
2020-07-14,2020071401014134,NRIC,43,55,60,501.00,"30,060.00"
2020-07-14,2020071401014127,NRIC,59,55,100,501.00,"50,100.00"
2020-07-14,2020071401014123,NRIC,36,48,40,500.00,"20,000.00"
2020-07-14,2020071401014193,NRIC,34,21,20,500.00,"10,000.00"
2020-07-14,2020071401014192,NRIC,36,21,20,500.00,"10,000.00"
2020-07-14,2020071401014191,NRIC,36,45,10,500.00,"5,000.00"
2020-07-14,2020071401014190,NRIC,8,55,100,501.00,"50,100.00"
2020-07-14,2020071401014186,NRIC,36,45,100,500.00,"50,000.00"
2020-07-14,2020071401014167,NRIC,36,48,40,500.00,"20,000.00"
2020-07-14,2020071401014249,NRIC,49,45,40,500.00,"20,000.00"
2020-07-14,2020071401014231,NRIC,49,48,10,500.00,"5,000.00"
2020-07-14,2020071401014230,NRIC,34,48,40,500.00,"20,000.00"
2020-07-14,2020071401014211,NRIC,34,56,40,500.00,"20,000.00"
2020-07-14,2020071401014205,NRIC,34,47,20,500.00,"10,000.00"
2020-07-14,2020071401014204,NRIC,34,47,20,500.00,"10,000.00"
2020-07-14,2020071401014270,NRIC,36,28,70,500.00,"35,000.00"
2020-07-14,2020071401014264,NRIC,36,1,30,500.00,"15,000.00"
2020-07-14,2020071401014260,NRIC,58,45,20,500.00,"10,000.00"
2020-07-14,2020071401014259,NRIC,41,45,10,500.00,"5,000.00"
2020-07-14,2020071401014258,NRIC,49,45,10,500.00,"5,000.00"
2020-07-14,2020071401014254,NRIC,49,56,40,500.00,"20,000.00"
2020-07-14,2020071401014288,NRIC,38,45,50,500.00,"25,000.00"
2020-07-14,2020071401014276,NRIC,32,50,210,501.00,"105,210.00"
2020-07-14,2020071401014275,NRIC,32,55,290,501.00,"145,290.00"
2020-07-14,2020071401014274,NRIC,38,38,40,500.00,"20,000.00"
2020-07-14,2020071401014272,NRIC,38,28,230,500.00,"115,000.00"
2020-07-14,2020071401014271,NRIC,36,28,200,500.00,"100,000.00"
2020-07-14,2020071401014344,NRIC,35,35,40,501.00,"20,040.00"
2020-07-14,2020071401014343,NRIC,35,50,10,501.00,"5,010.00"
2020-07-14,2020071401014341,NRIC,38,52,50,500.00,"25,000.00"
2020-07-14,2020071401014324,NRIC,38,45,40,500.00,"20,000.00"
2020-07-14,2020071401014314,NRIC,38,1,30,500.00,"15,000.00"
2020-07-14,2020071401014304,NRIC,38,47,40,500.00,"20,000.00"
2020-07-14,2020071401014382,NRIC,34,38,20,501.00,"10,020.00"
2020-07-14,2020071401014377,NRIC,47,39,20,500.00,"10,000.00"
2020-07-14,2020071401014376,NRIC,38,39,480,500.00,"240,000.00"
2020-07-14,2020071401014370,NRIC,38,1,40,500.00,"20,000.00"
2020-07-14,2020071401014348,NRIC,58,38,10,501.00,"5,010.00"
2020-07-14,2020071401014347,NRIC,58,35,10,501.00,"5,010.00"
2020-07-14,2020071401014445,NTC,35,25,30,640.00,"19,200.00"
2020-07-14,2020071401014466,NUBL,58,1,30,"1,039.00","31,170.00"
2020-07-14,2020071401014457,NUBL,4,43,490,"1,038.00","508,620.00"
2020-07-14,2020071401014316,NUBL,58,42,55,"1,027.00","56,485.00"
2020-07-14,2020071401014247,NUBL,39,43,10,"1,038.00","10,380.00"
2020-07-14,2020071401014246,NUBL,39,42,20,"1,037.00","20,740.00"
2020-07-14,2020071401014194,NUBL,5,42,100,"1,025.00","102,500.00"
2020-07-14,2020071401013993,NUBL,58,42,50,"1,024.00","51,200.00"
2020-07-14,2020071401014380,OHL,35,42,200,324.00,"64,800.00"
2020-07-14,2020071401014315,OHL,35,42,100,318.00,"31,800.00"
2020-07-14,2020071401014158,OHL,42,35,58,312.00,"18,096.00"
2020-07-14,2020071401014157,OHL,42,35,200,310.00,"62,000.00"
2020-07-14,2020071401014075,OHL,42,35,151,300.00,"45,300.00"
2020-07-14,2020071401014008,OHL,22,35,500,300.00,"150,000.00"
2020-07-14,2020071401014007,OHL,37,35,200,300.00,"60,000.00"
2020-07-14,2020071401014006,OHL,11,35,50,300.00,"15,000.00"
2020-07-14,2020071401014005,OHL,34,35,50,300.00,"15,000.00"
2020-07-14,2020071401014004,OHL,46,35,49,300.00,"14,700.00"
2020-07-14,2020071401014156,OHL,42,34,503,309.00,"155,427.00"
2020-07-14,2020071401014155,OHL,42,32,271,307.00,"83,197.00"
2020-07-14,2020071401014079,OHL,42,51,200,306.00,"61,200.00"
2020-07-14,2020071401014078,OHL,42,52,250,306.00,"76,500.00"
2020-07-14,2020071401014077,OHL,42,44,410,303.00,"124,230.00"
2020-07-14,2020071401014076,OHL,42,51,90,302.00,"27,180.00"
2020-07-14,2020071401014252,PCBL,17,36,100,252.00,"25,200.00"
2020-07-14,2020071401014233,PCBL,29,44,500,253.00,"126,500.00"
2020-07-14,2020071401014232,PCBL,17,58,62,252.00,"15,624.00"
2020-07-14,2020071401014227,PCBL,17,4,12,252.00,"3,024.00"
2020-07-14,2020071401014182,PCBL,47,44,500,253.00,"126,500.00"
2020-07-14,2020071401014217,PIC,6,6,"1,500",610.00,"915,000.00"
2020-07-14,2020071401014216,PIC,33,6,500,610.00,"305,000.00"
2020-07-14,2020071401014308,PICL,48,28,100,500.00,"50,000.00"
2020-07-14,2020071401014202,PICL,36,7,100,498.00,"49,800.00"
2020-07-14,2020071401014255,PLIC,14,48,30,535.00,"16,050.00"
2020-07-14,2020071401014223,PLIC,45,29,50,534.00,"26,700.00"
2020-07-14,2020071401014122,PLIC,57,48,300,535.00,"160,500.00"
2020-07-14,2020071401014060,PLIC,46,48,100,535.00,"53,500.00"
2020-07-14,2020071401014293,PMHPL,13,45,10,72.00,720.00
2020-07-14,2020071401014443,PPCL,38,52,10,107.00,"1,070.00"
2020-07-14,2020071401014442,PPCL,13,52,10,107.00,"1,070.00"
2020-07-14,2020071401014235,PRIN,48,39,150,467.00,"70,050.00"
2020-07-14,2020071401014000,PRIN,48,39,100,467.00,"46,700.00"
2020-07-14,2020071401014485,PRVU,47,58,192,228.00,"43,776.00"
2020-07-14,2020071401014468,PRVU,51,43,200,227.00,"45,400.00"
2020-07-14,2020071401014427,RADHI,38,13,12,170.00,"2,040.00"
2020-07-14,2020071401014406,RBCL,6,48,15,"9,200.00","138,000.00"
2020-07-14,2020071401014405,RBCL,6,18,10,"9,190.00","91,900.00"
2020-07-14,2020071401014330,RHPC,34,21,20,81.00,"1,620.00"
2020-07-14,2020071401014359,RHPL,52,38,40,152.00,"6,080.00"
2020-07-14,2020071401014352,RHPL,52,45,10,152.00,"1,520.00"
2020-07-14,2020071401014242,RHPL,20,52,210,154.00,"32,340.00"
2020-07-14,2020071401014241,RHPL,20,21,20,154.00,"3,080.00"
2020-07-14,2020071401014240,RHPL,20,21,640,154.00,"98,560.00"
2020-07-14,2020071401014239,RHPL,20,45,90,153.00,"13,770.00"
2020-07-14,2020071401014238,RHPL,20,38,40,153.00,"6,120.00"
2020-07-14,2020071401014364,RMDC,40,22,10,715.00,"7,150.00"
2020-07-14,2020071401014041,RMDC,42,8,68,710.00,"48,280.00"
2020-07-14,2020071401014040,RMDC,4,8,91,710.00,"64,610.00"
2020-07-14,2020071401014451,RSDC,40,7,16,546.00,"8,736.00"
2020-07-14,2020071401014450,RSDC,16,7,100,546.00,"54,600.00"
2020-07-14,2020071401014286,RSDC,34,44,22,548.00,"12,056.00"
2020-07-14,2020071401014285,RSDC,34,26,28,547.00,"15,316.00"
2020-07-14,2020071401014213,RSDC,42,26,35,547.00,"19,145.00"
2020-07-14,2020071401014212,RSDC,22,26,87,547.00,"47,589.00"
2020-07-14,2020071401014003,RSDC,53,44,11,548.00,"6,028.00"
2020-07-14,2020071401014032,SABSL,19,45,10,841.00,"8,410.00"
2020-07-14,2020071401014131,SADBL,44,45,500,144.00,"72,000.00"
2020-07-14,2020071401014130,SADBL,20,45,37,144.00,"5,328.00"
2020-07-14,2020071401014363,SANIMA,8,58,400,327.00,"130,800.00"
2020-07-14,2020071401014362,SANIMA,44,58,"1,000",327.00,"327,000.00"
2020-07-14,2020071401014292,SANIMA,44,58,300,330.00,"99,000.00"
2020-07-14,2020071401014229,SANIMA,59,35,35,330.00,"11,550.00"
2020-07-14,2020071401014228,SANIMA,59,58,860,330.00,"283,800.00"
2020-07-14,2020071401014226,SANIMA,56,13,100,328.00,"32,800.00"
2020-07-14,2020071401014225,SANIMA,44,13,"1,000",328.00,"328,000.00"
2020-07-14,2020071401014224,SANIMA,34,13,"4,840",328.00,"1,587,520.00"
2020-07-14,2020071401014257,SBI,44,13,100,418.00,"41,800.00"
2020-07-14,2020071401014185,SBI,43,8,25,415.00,"10,375.00"
2020-07-14,2020071401014147,SBL,42,25,35,286.00,"10,010.00"
2020-07-14,2020071401014146,SBL,59,25,266,286.00,"76,076.00"
2020-07-14,2020071401014145,SBL,35,25,120,287.00,"34,440.00"
2020-07-14,2020071401014144,SBL,52,25,79,287.00,"22,673.00"
2020-07-14,2020071401014407,SCB,46,38,50,624.00,"31,200.00"
2020-07-14,2020071401014031,SCB,38,38,30,625.00,"18,750.00"
2020-07-14,2020071401014489,SDESI,45,25,384,955.00,"366,720.00"
2020-07-14,2020071401014488,SDESI,45,51,18,954.00,"17,172.00"
2020-07-14,2020071401014389,SDESI,35,51,10,954.00,"9,540.00"
2020-07-14,2020071401014222,SHINE,34,4,"1,000",220.00,"220,000.00"
2020-07-14,2020071401014484,SHIVM,13,58,20,600.00,"12,000.00"
2020-07-14,2020071401014379,SHIVM,13,35,50,600.00,"30,000.00"
2020-07-14,2020071401014100,SHIVM,10,41,30,601.00,"18,030.00"
2020-07-14,2020071401014099,SHIVM,10,6,50,601.00,"30,050.00"
2020-07-14,2020071401014086,SHIVM,10,48,"1,000",597.00,"597,000.00"
2020-07-14,2020071401014085,SHIVM,50,48,85,597.00,"50,745.00"
2020-07-14,2020071401014092,SHIVM,10,35,"2,000",600.00,"1,200,000.00"
2020-07-14,2020071401014091,SHIVM,10,6,200,600.00,"120,000.00"
2020-07-14,2020071401014090,SHIVM,10,58,500,600.00,"300,000.00"
2020-07-14,2020071401014089,SHIVM,10,56,700,599.00,"419,300.00"
2020-07-14,2020071401014088,SHIVM,10,48,540,596.00,"321,840.00"
2020-07-14,2020071401014087,SHIVM,42,48,75,597.00,"44,775.00"
2020-07-14,2020071401014098,SHIVM,10,26,100,601.00,"60,100.00"
2020-07-14,2020071401014097,SHIVM,10,58,50,600.00,"30,000.00"
2020-07-14,2020071401014096,SHIVM,10,16,50,600.00,"30,000.00"
2020-07-14,2020071401014095,SHIVM,10,35,50,600.00,"30,000.00"
2020-07-14,2020071401014094,SHIVM,10,58,150,600.00,"90,000.00"
2020-07-14,2020071401014093,SHIVM,10,38,"1,000",600.00,"600,000.00"
2020-07-14,2020071401014027,SHL,42,5,178,161.00,"28,658.00"
2020-07-14,2020071401014026,SHL,42,41,200,160.00,"32,000.00"
2020-07-14,2020071401014336,SHPC,17,48,10,224.00,"2,240.00"
2020-07-14,2020071401014253,SIC,34,21,100,705.00,"70,500.00"
2020-07-14,2020071401014419,SJCL,13,38,20,135.00,"2,700.00"
2020-07-14,2020071401014409,SJCL,13,45,10,134.00,"1,340.00"
2020-07-14,2020071401014404,SKBBL,46,8,35,"1,310.00","45,850.00"
2020-07-14,2020071401014284,SKBBL,57,28,100,"1,309.00","130,900.00"
2020-07-14,2020071401014423,SLBBL,49,57,50,945.00,"47,250.00"
2020-07-14,2020071401014118,SLBBL,45,48,50,935.00,"46,750.00"
2020-07-14,2020071401014108,SLBBL,48,57,50,936.00,"46,800.00"
2020-07-14,2020071401014067,SLBBL,26,56,10,939.00,"9,390.00"
2020-07-14,2020071401014332,SLBBL,34,18,10,945.00,"9,450.00"
2020-07-14,2020071401014331,SLBBL,34,43,100,940.00,"94,000.00"
2020-07-14,2020071401014129,SLBBL,34,56,93,935.00,"86,955.00"
2020-07-14,2020071401014128,SLBBL,34,56,32,935.00,"29,920.00"
2020-07-14,2020071401014119,SLBBL,34,48,68,935.00,"63,580.00"
2020-07-14,2020071401014475,SLICL,16,44,10,451.00,"4,510.00"
2020-07-14,2020071401014201,SLICL,34,43,113,447.00,"50,511.00"
2020-07-14,2020071401014200,SLICL,34,43,100,447.00,"44,700.00"
2020-07-14,2020071401014199,SLICL,39,43,150,448.00,"67,200.00"
2020-07-14,2020071401014198,SLICL,21,43,50,448.00,"22,400.00"
2020-07-14,2020071401014197,SLICL,32,43,50,448.00,"22,400.00"
2020-07-14,2020071401014196,SLICL,49,43,15,448.00,"6,720.00"
2020-07-14,2020071401014181,SMFBS,34,22,10,"1,005.00","10,050.00"
2020-07-14,2020071401014426,TMDBL,37,57,50,179.00,"8,950.00"
2020-07-14,2020071401014309,TMDBL,44,57,500,177.00,"88,500.00"
2020-07-14,2020071401014267,TMDBL,44,4,36,177.00,"6,372.00"
2020-07-14,2020071401014266,TMDBL,33,4,45,177.00,"7,965.00"
2020-07-14,2020071401014467,UNHPL,54,4,50,49.00,"2,450.00"
2020-07-14,2020071401013994,UPCL,54,29,50,69.00,"3,450.00"
2020-07-14,2020071401014481,UPPER,1,14,500,231.00,"115,500.00"
2020-07-14,2020071401014470,UPPER,1,45,50,231.00,"11,550.00"
2020-07-14,2020071401014080,UPPER,25,13,20,232.00,"4,640.00"
2020-07-14,2020071401014287,UPPER,1,4,50,231.00,"11,550.00"
2020-07-14,2020071401014422,VLBS,1,13,20,"1,030.00","20,600.00"
2020-07-14,2020071401014355,VLBS,1,46,10,"1,030.00","10,300.00"
2020-07-14,2020071401014334,WOMI,34,42,468,"1,022.00","478,296.00"
2020-07-14,2020071401013544,ADBL,35,14,490,376.00,"184,240.00"
2020-07-14,2020071401013503,ADBL,1,14,10,376.00,"3,760.00"
2020-07-14,2020071401013498,ADBL,1,45,400,376.00,"150,400.00"
2020-07-14,2020071401013838,ALBSL,34,49,10,785.00,"7,850.00"
2020-07-14,2020071401013837,ALBSL,34,52,90,784.00,"70,560.00"
2020-07-14,2020071401013801,ALBSL,43,52,11,771.00,"8,481.00"
2020-07-14,2020071401013897,ALICL,57,44,400,610.00,"244,000.00"
2020-07-14,2020071401013925,API,21,44,"1,000",106.00,"106,000.00"
2020-07-14,2020071401013923,BOKL,33,42,50,216.00,"10,800.00"
2020-07-14,2020071401013687,BOKL,25,42,50,216.00,"10,800.00"
2020-07-14,2020071401013779,BPCL,42,25,24,359.00,"8,616.00"
2020-07-14,2020071401013778,BPCL,42,6,559,357.00,"199,563.00"
2020-07-14,2020071401013777,BPCL,42,43,24,357.00,"8,568.00"
2020-07-14,2020071401013691,BPCL,29,32,176,355.00,"62,480.00"
2020-07-14,2020071401013776,BPCL,42,17,31,357.00,"11,067.00"
2020-07-14,2020071401013775,BPCL,42,16,500,356.00,"178,000.00"
2020-07-14,2020071401013910,CBBL,42,7,100,"1,114.00","111,400.00"
2020-07-14,2020071401013830,CBBL,52,7,139,"1,114.00","154,846.00"
2020-07-14,2020071401013829,CBBL,52,25,70,"1,113.00","77,910.00"
2020-07-14,2020071401013828,CBBL,52,35,50,"1,112.00","55,600.00"
2020-07-14,2020071401013827,CBBL,52,11,141,"1,111.00","156,651.00"
2020-07-14,2020071401013749,CBBL,54,45,268,"1,110.00","297,480.00"
2020-07-14,2020071401013748,CBBL,54,35,"1,000","1,110.00","1,110,000.00"
2020-07-14,2020071401013747,CBBL,54,43,300,"1,110.00","333,000.00"
2020-07-14,2020071401013699,CBBL,58,39,100,"1,109.00","110,900.00"
2020-07-14,2020071401013931,CBL,43,49,10,137.00,"1,370.00"
2020-07-14,2020071401013814,CCBL,52,48,159,164.00,"26,076.00"
2020-07-14,2020071401013613,CCBL,58,48,341,164.00,"55,924.00"
2020-07-14,2020071401013588,CCBL,44,29,278,165.00,"45,870.00"
2020-07-14,2020071401013587,CCBL,44,52,22,165.00,"3,630.00"
2020-07-14,2020071401013942,CHCL,44,41,45,389.00,"17,505.00"
2020-07-14,2020071401013719,CHCL,42,10,100,392.00,"39,200.00"
2020-07-14,2020071401013718,CHCL,42,33,100,392.00,"39,200.00"
2020-07-14,2020071401013717,CHCL,42,11,200,390.00,"78,000.00"
2020-07-14,2020071401013716,CHCL,42,33,16,390.00,"6,240.00"
2020-07-14,2020071401013715,CHCL,42,52,50,389.00,"19,450.00"
2020-07-14,2020071401013714,CHCL,42,59,150,389.00,"58,350.00"
2020-07-14,2020071401013494,CHCL,43,43,10,389.00,"3,890.00"
2020-07-14,2020071401013493,CHCL,43,44,120,387.00,"46,440.00"
2020-07-14,2020071401013527,CIT,45,33,50,"2,435.00","121,750.00"
2020-07-14,2020071401013526,CIT,45,33,25,"2,435.00","60,875.00"
2020-07-14,2020071401013525,CIT,38,33,20,"2,435.00","48,700.00"
2020-07-14,2020071401013524,CIT,41,33,30,"2,435.00","73,050.00"
2020-07-14,2020071401013523,CIT,45,33,200,"2,436.00","487,200.00"
2020-07-14,2020071401013522,CIT,1,33,100,"2,437.00","243,700.00"
2020-07-14,2020071401013521,CIT,51,33,10,"2,437.00","24,370.00"
2020-07-14,2020071401013520,CIT,51,33,10,"2,438.00","24,380.00"
2020-07-14,2020071401013519,CIT,54,33,50,"2,438.00","121,900.00"
2020-07-14,2020071401013938,CZBIL,17,58,566,184.00,"104,144.00"
2020-07-14,2020071401013937,CZBIL,33,58,50,184.00,"9,200.00"
2020-07-14,2020071401013936,CZBIL,52,58,150,184.00,"27,600.00"
2020-07-14,2020071401013935,CZBIL,40,58,700,184.00,"128,800.00"
2020-07-14,2020071401013934,CZBIL,38,58,"1,768",184.00,"325,312.00"
2020-07-14,2020071401013899,CZBIL,11,16,475,185.00,"87,875.00"
2020-07-14,2020071401013973,DDBL,50,52,20,871.00,"17,420.00"
2020-07-14,2020071401013845,DDBL,56,32,200,872.00,"174,400.00"
2020-07-14,2020071401013752,DDBL,22,44,100,873.00,"87,300.00"
2020-07-14,2020071401013751,DDBL,49,44,100,874.00,"87,400.00"
2020-07-14,2020071401013690,DDBL,51,52,30,875.00,"26,250.00"
2020-07-14,2020071401013786,EBL,44,33,16,663.00,"10,608.00"
2020-07-14,2020071401013785,EBL,44,7,50,662.00,"33,100.00"
2020-07-14,2020071401013784,EBL,44,35,20,662.00,"13,240.00"
2020-07-14,2020071401013783,EBL,44,4,414,662.00,"274,068.00"
2020-07-14,2020071401013756,EBL,44,55,500,660.00,"330,000.00"
2020-07-14,2020071401013510,EBL,13,13,100,661.00,"66,100.00"
2020-07-14,2020071401013861,EIC,37,45,72,409.00,"29,448.00"
2020-07-14,2020071401013860,EIC,38,45,100,410.00,"41,000.00"
2020-07-14,2020071401013496,EIC,39,16,88,411.00,"36,168.00"
2020-07-14,2020071401013495,EIC,39,13,12,410.00,"4,920.00"
2020-07-14,2020071401013941,FMDBL,38,55,400,555.00,"222,000.00"
2020-07-14,2020071401013511,FMDBL,51,35,100,556.00,"55,600.00"
2020-07-14,2020071401013921,GBIME,6,8,45,240.00,"10,800.00"
2020-07-14,2020071401013604,GBIME,25,32,30,241.00,"7,230.00"
2020-07-14,2020071401013502,GBIME,6,6,816,240.00,"195,840.00"
2020-07-14,2020071401013501,GBIME,50,6,184,240.00,"44,160.00"
2020-07-14,2020071401013922,GBLBS,35,25,100,536.00,"53,600.00"
2020-07-14,2020071401013637,GBLBS,45,42,10,532.00,"5,320.00"
2020-07-14,2020071401013550,GBLBS,58,8,15,538.00,"8,070.00"
2020-07-14,2020071401013549,GBLBS,58,44,15,537.00,"8,055.00"
2020-07-14,2020071401013513,GBLBS,10,57,470,536.00,"251,920.00"
2020-07-14,2020071401013492,GBLBS,58,57,30,536.00,"16,080.00"
2020-07-14,2020071401013907,GHL,52,52,20,51.00,"1,020.00"
2020-07-14,2020071401013982,HDL,50,53,10,"1,615.00","16,150.00"
2020-07-14,2020071401013979,HDL,32,53,300,"1,615.00","484,500.00"
2020-07-14,2020071401013978,HDL,6,53,20,"1,615.00","32,300.00"
2020-07-14,2020071401013977,HDL,7,53,100,"1,615.00","161,500.00"
2020-07-14,2020071401013976,HDL,45,53,222,"1,615.00","358,530.00"
2020-07-14,2020071401013964,HDL,45,51,50,"1,615.00","80,750.00"
2020-07-14,2020071401013543,HDL,32,53,100,"1,617.00","161,700.00"
2020-07-14,2020071401013542,HDL,33,53,50,"1,617.00","80,850.00"
2020-07-14,2020071401013541,HDL,44,53,125,"1,617.00","202,125.00"
2020-07-14,2020071401013540,HDL,14,53,25,"1,618.00","40,450.00"
2020-07-14,2020071401013669,HDL,14,26,75,"1,616.00","121,200.00"
2020-07-14,2020071401013659,HDL,14,45,117,"1,616.00","189,072.00"
2020-07-14,2020071401013658,HDL,14,45,100,"1,616.00","161,600.00"
2020-07-14,2020071401013657,HDL,5,45,33,"1,616.00","53,328.00"
2020-07-14,2020071401013652,HDL,5,46,67,"1,616.00","108,272.00"
2020-07-14,2020071401013591,HDL,5,17,100,"1,616.00","161,600.00"
2020-07-14,2020071401013793,HDL,45,28,100,"1,615.00","161,500.00"
2020-07-14,2020071401013774,HDL,45,13,100,"1,615.00","161,500.00"
2020-07-14,2020071401013761,HDL,45,53,200,"1,615.00","323,000.00"
2020-07-14,2020071401013750,HDL,45,52,28,"1,615.00","45,220.00"
2020-07-14,2020071401013692,HDL,35,28,42,"1,616.00","67,872.00"
2020-07-14,2020071401013670,HDL,14,28,58,"1,616.00","93,728.00"
2020-07-14,2020071401013905,HDL,45,53,200,"1,615.00","323,000.00"
2020-07-14,2020071401013904,HDL,29,53,100,"1,616.00","161,600.00"
2020-07-14,2020071401013903,HDL,29,53,100,"1,616.00","161,600.00"
2020-07-14,2020071401013870,HDL,29,53,100,"1,616.00","161,600.00"
2020-07-14,2020071401013866,HDL,49,10,25,"1,619.00","40,475.00"
2020-07-14,2020071401013846,HDL,45,53,100,"1,615.00","161,500.00"
2020-07-14,2020071401013628,HGI,45,29,50,415.00,"20,750.00"
2020-07-14,2020071401013706,JBBL,36,49,12,166.00,"1,992.00"
2020-07-14,2020071401013885,JOSHI,33,29,20,51.00,"1,020.00"
2020-07-14,2020071401013607,JOSHI,33,22,20,51.00,"1,020.00"
2020-07-14,2020071401013606,JOSHI,33,21,20,51.00,"1,020.00"
2020-07-14,2020071401013605,JOSHI,33,44,20,51.00,"1,020.00"
2020-07-14,2020071401013766,KBL,58,40,100,186.00,"18,600.00"
2020-07-14,2020071401013668,KBL,42,40,20,186.00,"3,720.00"
2020-07-14,2020071401013849,LBBL,42,52,100,180.00,"18,000.00"
2020-07-14,2020071401013651,LBL,42,32,20,213.00,"4,260.00"
2020-07-14,2020071401013642,LBL,39,32,569,213.00,"121,197.00"
2020-07-14,2020071401013641,LBL,39,32,100,213.00,"21,300.00"
2020-07-14,2020071401013640,LBL,39,57,96,213.00,"20,448.00"
2020-07-14,2020071401013568,LBL,39,32,235,212.00,"49,820.00"
2020-07-14,2020071401013567,LBL,49,32,50,212.00,"10,600.00"
2020-07-14,2020071401013566,LBL,32,32,300,212.00,"63,600.00"
2020-07-14,2020071401013565,LBL,36,32,100,212.00,"21,200.00"
2020-07-14,2020071401013564,LBL,44,32,300,212.00,"63,600.00"
2020-07-14,2020071401013563,LBL,51,32,15,212.00,"3,180.00"
2020-07-14,2020071401013856,LICN,50,43,490,"1,344.00","658,560.00"
2020-07-14,2020071401013809,LICN,50,43,10,"1,344.00","13,440.00"
2020-07-14,2020071401013853,LLBS,47,14,70,"1,190.00","83,300.00"
2020-07-14,2020071401013852,LLBS,55,14,20,"1,190.00","23,800.00"
2020-07-14,2020071401013851,LLBS,13,14,10,"1,191.00","11,910.00"
2020-07-14,2020071401013945,MBL,17,42,270,217.00,"58,590.00"
2020-07-14,2020071401013705,MBL,25,42,30,217.00,"6,510.00"
2020-07-14,2020071401013818,MEGA,44,58,500,207.00,"103,500.00"
2020-07-14,2020071401013981,MERO,41,53,173,665.00,"115,045.00"
2020-07-14,2020071401013980,MERO,50,53,27,665.00,"17,955.00"
2020-07-14,2020071401013879,MFIL,43,58,10,302.00,"3,020.00"
2020-07-14,2020071401013698,MFIL,29,4,28,300.00,"8,400.00"
2020-07-14,2020071401013545,MFIL,50,4,500,300.00,"150,000.00"
2020-07-14,2020071401013799,MLBL,28,32,216,181.00,"39,096.00"
2020-07-14,2020071401013572,MNBBL,44,52,150,307.00,"46,050.00"
2020-07-14,2020071401013653,MPFL,26,52,289,105.00,"30,345.00"
2020-07-14,2020071401013865,NABIL,6,6,15,745.00,"11,175.00"
2020-07-14,2020071401013864,NABIL,6,13,50,745.00,"37,250.00"
2020-07-14,2020071401013732,NABIL,29,6,126,743.00,"93,618.00"
2020-07-14,2020071401013902,NBB,44,56,224,195.00,"43,680.00"
2020-07-14,2020071401013901,NBB,44,43,435,195.00,"84,825.00"
2020-07-14,2020071401013798,NBB,10,43,60,195.00,"11,700.00"
2020-07-14,2020071401013712,NBB,10,43,505,195.00,"98,475.00"
2020-07-14,2020071401013508,NBB,28,22,34,193.00,"6,562.00"
2020-07-14,2020071401013507,NBB,35,22,100,194.00,"19,400.00"
2020-07-14,2020071401013906,NBL,33,8,57,239.00,"13,623.00"
2020-07-14,2020071401013731,NBL,39,44,100,240.00,"24,000.00"
2020-07-14,2020071401013685,NBL,42,44,20,240.00,"4,800.00"
2020-07-14,2020071401013764,NCCB,48,42,230,182.00,"41,860.00"
2020-07-14,2020071401013506,NCCB,48,14,115,182.00,"20,930.00"
2020-07-14,2020071401013755,NIB,29,6,306,432.00,"132,192.00"
2020-07-14,2020071401013754,NIB,26,6,20,432.00,"8,640.00"
2020-07-14,2020071401013896,NICA,42,49,100,534.00,"53,400.00"
2020-07-14,2020071401013895,NICA,42,57,100,534.00,"53,400.00"
2020-07-14,2020071401013894,NICA,42,51,93,534.00,"49,662.00"
2020-07-14,2020071401013740,NICA,40,29,31,533.00,"16,523.00"
2020-07-14,2020071401013739,NICA,58,29,200,533.00,"106,600.00"
2020-07-14,2020071401013738,NICA,56,29,200,533.00,"106,600.00"
2020-07-14,2020071401013722,NICA,8,58,68,534.00,"36,312.00"
2020-07-14,2020071401013721,NICA,8,47,25,534.00,"13,350.00"
2020-07-14,2020071401013674,NICA,45,36,100,534.00,"53,400.00"
2020-07-14,2020071401013491,NICA,25,13,11,533.00,"5,863.00"
2020-07-14,2020071401013490,NICA,50,13,391,533.00,"208,403.00"
2020-07-14,2020071401013737,NICA,25,29,69,533.00,"36,777.00"
2020-07-14,2020071401013734,NICA,25,11,20,533.00,"10,660.00"
2020-07-14,2020071401013726,NICA,8,51,107,534.00,"57,138.00"
2020-07-14,2020071401013725,NICA,8,45,200,534.00,"106,800.00"
2020-07-14,2020071401013724,NICA,8,36,400,534.00,"213,600.00"
2020-07-14,2020071401013723,NICA,8,19,200,534.00,"106,800.00"
2020-07-14,2020071401013578,NICL,45,58,206,444.00,"91,464.00"
2020-07-14,2020071401013577,NICL,40,58,100,445.00,"44,500.00"
2020-07-14,2020071401013596,NICL,21,43,50,447.00,"22,350.00"
2020-07-14,2020071401013580,NICL,47,58,494,442.00,"218,348.00"
2020-07-14,2020071401013579,NICL,57,58,200,442.00,"88,400.00"
2020-07-14,2020071401013686,NIL,28,57,15,607.00,"9,105.00"
2020-07-14,2020071401013551,NIL,47,29,21,602.00,"12,642.00"
2020-07-14,2020071401013504,NIL,41,55,50,602.00,"30,100.00"
2020-07-14,2020071401013708,NLBBL,33,42,650,778.00,"505,700.00"
2020-07-14,2020071401013782,NLG,43,55,10,645.00,"6,450.00"
2020-07-14,2020071401013781,NLG,43,35,300,640.00,"192,000.00"
2020-07-14,2020071401013780,NLG,43,13,90,638.00,"57,420.00"
2020-07-14,2020071401013556,NLG,22,39,170,628.00,"106,760.00"
2020-07-14,2020071401013555,NLG,6,39,100,629.00,"62,900.00"
2020-07-14,2020071401013554,NLG,19,39,10,630.00,"6,300.00"
2020-07-14,2020071401013553,NLG,19,39,20,630.00,"12,600.00"
2020-07-14,2020071401013730,NLG,43,13,10,638.00,"6,380.00"
2020-07-14,2020071401013729,NLG,43,28,10,635.00,"6,350.00"
2020-07-14,2020071401013728,NLG,43,6,106,635.00,"67,310.00"
2020-07-14,2020071401013727,NLG,43,52,44,635.00,"27,940.00"
2020-07-14,2020071401013825,NLIC,49,45,50,"1,268.00","63,400.00"
2020-07-14,2020071401013824,NLIC,49,37,50,"1,268.00","63,400.00"
2020-07-14,2020071401013813,NLIC,34,37,50,"1,268.00","63,400.00"
2020-07-14,2020071401013812,NLIC,34,45,96,"1,268.00","121,728.00"
2020-07-14,2020071401013811,NLIC,34,33,14,"1,268.00","17,752.00"
2020-07-14,2020071401013700,NLIC,44,33,150,"1,268.00","190,200.00"
2020-07-14,2020071401013614,NLIC,4,39,20,"1,269.00","25,380.00"
2020-07-14,2020071401013654,NLIC,52,33,50,"1,268.00","63,400.00"
2020-07-14,2020071401013648,NLIC,58,33,14,"1,268.00","17,752.00"
2020-07-14,2020071401013647,NLIC,17,33,30,"1,268.00","38,040.00"
2020-07-14,2020071401013646,NLIC,50,33,90,"1,268.00","114,120.00"
2020-07-14,2020071401013645,NLIC,44,33,30,"1,268.00","38,040.00"
2020-07-14,2020071401013644,NLIC,42,33,222,"1,268.00","281,496.00"
2020-07-14,2020071401013987,NLICL,49,28,100,655.00,"65,500.00"
2020-07-14,2020071401013970,NLICL,28,28,500,655.00,"327,500.00"
2020-07-14,2020071401013969,NLICL,16,28,10,655.00,"6,550.00"
2020-07-14,2020071401013968,NLICL,45,28,100,655.00,"65,500.00"
2020-07-14,2020071401013967,NLICL,39,28,100,655.00,"65,500.00"
2020-07-14,2020071401013680,NLICL,1,28,50,660.00,"33,000.00"
2020-07-14,2020071401013679,NLICL,42,28,50,660.00,"33,000.00"
2020-07-14,2020071401013678,NLICL,45,28,100,660.00,"66,000.00"
2020-07-14,2020071401013677,NLICL,33,28,300,661.00,"198,300.00"
2020-07-14,2020071401013676,NLICL,35,28,123,661.00,"81,303.00"
2020-07-14,2020071401013675,NLICL,34,28,50,662.00,"33,100.00"
2020-07-14,2020071401013665,NLICL,49,44,10,663.00,"6,630.00"
2020-07-14,2020071401013957,NMB,38,14,211,387.00,"81,657.00"
2020-07-14,2020071401013947,NMB,26,33,20,388.00,"7,760.00"
2020-07-14,2020071401013850,NMB,52,33,200,388.00,"77,600.00"
2020-07-14,2020071401013822,NMB,38,7,105,387.00,"40,635.00"
2020-07-14,2020071401013821,NMB,38,16,"1,000",387.00,"387,000.00"
2020-07-14,2020071401013820,NMB,38,55,12,387.00,"4,644.00"
2020-07-14,2020071401013616,NMB,39,44,"1,200",387.00,"464,400.00"
2020-07-14,2020071401013819,NMB,38,6,91,387.00,"35,217.00"
2020-07-14,2020071401013816,NMB,42,52,32,387.00,"12,384.00"
2020-07-14,2020071401013815,NMB,42,44,168,387.00,"65,016.00"
2020-07-14,2020071401013810,NMB,25,44,480,387.00,"185,760.00"
2020-07-14,2020071401013792,NMB,22,44,52,387.00,"20,124.00"
2020-07-14,2020071401013760,NMB,44,44,500,387.00,"193,500.00"
2020-07-14,2020071401013989,NRIC,29,38,10,500.00,"5,000.00"
2020-07-14,2020071401013972,NRIC,29,48,50,500.00,"25,000.00"
2020-07-14,2020071401013965,NRIC,29,39,50,500.00,"25,000.00"
2020-07-14,2020071401013946,NRIC,29,34,40,500.00,"20,000.00"
2020-07-14,2020071401013944,NRIC,29,52,40,500.00,"20,000.00"
2020-07-14,2020071401013927,NRIC,29,16,10,500.00,"5,000.00"
2020-07-14,2020071401013528,NRIC,34,48,40,501.00,"20,040.00"
2020-07-14,2020071401013518,NRIC,34,13,50,501.00,"25,050.00"
2020-07-14,2020071401013500,NRIC,34,29,40,501.00,"20,040.00"
2020-07-14,2020071401013499,NRIC,45,29,10,501.00,"5,010.00"
2020-07-14,2020071401013497,NRIC,45,57,40,501.00,"20,040.00"
2020-07-14,2020071401013552,NRIC,34,29,50,501.00,"25,050.00"
2020-07-14,2020071401013548,NRIC,34,48,40,501.00,"20,040.00"
2020-07-14,2020071401013547,NRIC,34,39,40,501.00,"20,040.00"
2020-07-14,2020071401013546,NRIC,34,46,200,501.00,"100,200.00"
2020-07-14,2020071401013532,NRIC,34,29,50,501.00,"25,050.00"
2020-07-14,2020071401013531,NRIC,34,1,40,501.00,"20,040.00"
2020-07-14,2020071401013582,NRIC,34,22,280,501.00,"140,280.00"
2020-07-14,2020071401013581,NRIC,34,29,50,501.00,"25,050.00"
2020-07-14,2020071401013576,NRIC,34,48,40,501.00,"20,040.00"
2020-07-14,2020071401013575,NRIC,25,16,20,502.00,"10,040.00"
2020-07-14,2020071401013569,NRIC,34,20,40,501.00,"20,040.00"
2020-07-14,2020071401013560,NRIC,34,48,40,501.00,"20,040.00"
2020-07-14,2020071401013597,NRIC,33,29,40,501.00,"20,040.00"
2020-07-14,2020071401013595,NRIC,33,34,500,501.00,"250,500.00"
2020-07-14,2020071401013589,NRIC,33,26,40,501.00,"20,040.00"
2020-07-14,2020071401013585,NRIC,33,22,90,501.00,"45,090.00"
2020-07-14,2020071401013584,NRIC,36,22,150,501.00,"75,150.00"
2020-07-14,2020071401013583,NRIC,55,22,480,501.00,"240,480.00"
2020-07-14,2020071401013611,NRIC,33,29,50,501.00,"25,050.00"
2020-07-14,2020071401013610,NRIC,33,48,40,501.00,"20,040.00"
2020-07-14,2020071401013609,NRIC,33,20,50,501.00,"25,050.00"
2020-07-14,2020071401013600,NRIC,33,39,40,501.00,"20,040.00"
2020-07-14,2020071401013599,NRIC,33,48,40,501.00,"20,040.00"
2020-07-14,2020071401013598,NRIC,33,28,40,501.00,"20,040.00"
2020-07-14,2020071401013627,NRIC,55,37,10,501.00,"5,010.00"
2020-07-14,2020071401013626,NRIC,33,37,30,501.00,"15,030.00"
2020-07-14,2020071401013624,NRIC,33,48,40,501.00,"20,040.00"
2020-07-14,2020071401013623,NRIC,25,42,30,502.00,"15,060.00"
2020-07-14,2020071401013622,NRIC,7,42,290,502.00,"145,580.00"
2020-07-14,2020071401013621,NRIC,7,16,10,502.00,"5,020.00"
2020-07-14,2020071401013639,NRIC,41,48,40,501.00,"20,040.00"
2020-07-14,2020071401013636,NRIC,41,26,40,501.00,"20,040.00"
2020-07-14,2020071401013632,NRIC,41,42,30,501.00,"15,030.00"
2020-07-14,2020071401013631,NRIC,41,54,530,501.00,"265,530.00"
2020-07-14,2020071401013630,NRIC,36,54,380,501.00,"190,380.00"
2020-07-14,2020071401013629,NRIC,55,54,90,501.00,"45,090.00"
2020-07-14,2020071401013672,NRIC,40,20,32,500.00,"16,000.00"
2020-07-14,2020071401013667,NRIC,40,26,18,500.00,"9,000.00"
2020-07-14,2020071401013666,NRIC,35,26,22,500.00,"11,000.00"
2020-07-14,2020071401013660,NRIC,35,49,40,500.00,"20,000.00"
2020-07-14,2020071401013649,NRIC,41,40,10,501.00,"5,010.00"
2020-07-14,2020071401013643,NRIC,41,29,50,501.00,"25,050.00"
2020-07-14,2020071401013688,NRIC,46,26,20,500.00,"10,000.00"
2020-07-14,2020071401013684,NRIC,46,1,40,500.00,"20,000.00"
2020-07-14,2020071401013683,NRIC,46,40,20,500.00,"10,000.00"
2020-07-14,2020071401013682,NRIC,46,48,40,500.00,"20,000.00"
2020-07-14,2020071401013681,NRIC,46,29,40,500.00,"20,000.00"
2020-07-14,2020071401013673,NRIC,46,48,40,500.00,"20,000.00"
2020-07-14,2020071401013710,NRIC,26,20,10,500.00,"5,000.00"
2020-07-14,2020071401013709,NRIC,21,48,50,500.00,"25,000.00"
2020-07-14,2020071401013707,NRIC,21,29,50,500.00,"25,000.00"
2020-07-14,2020071401013697,NRIC,33,48,50,500.00,"25,000.00"
2020-07-14,2020071401013695,NRIC,33,45,30,500.00,"15,000.00"
2020-07-14,2020071401013689,NRIC,33,26,20,500.00,"10,000.00"
2020-07-14,2020071401013742,NRIC,45,29,10,500.00,"5,000.00"
2020-07-14,2020071401013741,NRIC,44,29,40,500.00,"20,000.00"
2020-07-14,2020071401013733,NRIC,44,38,40,500.00,"20,000.00"
2020-07-14,2020071401013720,NRIC,44,26,40,500.00,"20,000.00"
2020-07-14,2020071401013713,NRIC,44,16,40,500.00,"20,000.00"
2020-07-14,2020071401013711,NRIC,44,20,40,500.00,"20,000.00"
2020-07-14,2020071401013763,NRIC,45,48,40,500.00,"20,000.00"
2020-07-14,2020071401013762,NRIC,45,48,40,500.00,"20,000.00"
2020-07-14,2020071401013759,NRIC,45,29,50,500.00,"25,000.00"
2020-07-14,2020071401013757,NRIC,45,33,40,500.00,"20,000.00"
2020-07-14,2020071401013753,NRIC,45,16,40,500.00,"20,000.00"
2020-07-14,2020071401013743,NRIC,45,48,50,500.00,"25,000.00"
2020-07-14,2020071401013772,NRIC,51,16,40,501.00,"20,040.00"
2020-07-14,2020071401013771,NRIC,51,29,40,501.00,"20,040.00"
2020-07-14,2020071401013770,NRIC,51,22,40,501.00,"20,040.00"
2020-07-14,2020071401013769,NRIC,51,48,40,501.00,"20,040.00"
2020-07-14,2020071401013768,NRIC,51,40,30,501.00,"15,030.00"
2020-07-14,2020071401013767,NRIC,51,33,40,501.00,"20,040.00"
2020-07-14,2020071401013826,NRIC,45,20,50,500.00,"25,000.00"
2020-07-14,2020071401013808,NRIC,45,16,50,500.00,"25,000.00"
2020-07-14,2020071401013806,NRIC,45,48,40,500.00,"20,000.00"
2020-07-14,2020071401013800,NRIC,45,29,50,500.00,"25,000.00"
2020-07-14,2020071401013795,NRIC,45,39,40,500.00,"20,000.00"
2020-07-14,2020071401013773,NRIC,51,55,670,501.00,"335,670.00"
2020-07-14,2020071401013847,NRIC,45,48,50,500.00,"25,000.00"
2020-07-14,2020071401013840,NRIC,45,58,10,500.00,"5,000.00"
2020-07-14,2020071401013839,NRIC,45,34,40,500.00,"20,000.00"
2020-07-14,2020071401013836,NRIC,45,40,40,500.00,"20,000.00"
2020-07-14,2020071401013833,NRIC,45,45,40,500.00,"20,000.00"
2020-07-14,2020071401013832,NRIC,45,39,40,500.00,"20,000.00"
2020-07-14,2020071401013881,NRIC,54,46,128,501.00,"64,128.00"
2020-07-14,2020071401013880,NRIC,54,55,330,501.00,"165,330.00"
2020-07-14,2020071401013878,NRIC,45,34,40,500.00,"20,000.00"
2020-07-14,2020071401013867,NRIC,45,48,40,500.00,"20,000.00"
2020-07-14,2020071401013857,NRIC,45,19,20,500.00,"10,000.00"
2020-07-14,2020071401013848,NRIC,45,16,40,500.00,"20,000.00"
2020-07-14,2020071401013892,NRIC,45,42,10,500.00,"5,000.00"
2020-07-14,2020071401013889,NRIC,45,42,30,500.00,"15,000.00"
2020-07-14,2020071401013887,NRIC,45,45,50,500.00,"25,000.00"
2020-07-14,2020071401013884,NRIC,54,36,302,501.00,"151,302.00"
2020-07-14,2020071401013883,NRIC,54,49,200,501.00,"100,200.00"
2020-07-14,2020071401013882,NRIC,54,45,40,501.00,"20,040.00"
2020-07-14,2020071401013915,NRIC,45,6,250,500.00,"125,000.00"
2020-07-14,2020071401013914,NRIC,41,6,50,500.00,"25,000.00"
2020-07-14,2020071401013913,NRIC,45,6,10,500.00,"5,000.00"
2020-07-14,2020071401013912,NRIC,32,6,500,500.00,"250,000.00"
2020-07-14,2020071401013911,NRIC,8,6,300,500.00,"150,000.00"
2020-07-14,2020071401013893,NRIC,45,16,40,500.00,"20,000.00"
2020-07-14,2020071401013926,NRIC,21,16,30,500.00,"15,000.00"
2020-07-14,2020071401013924,NRIC,21,39,50,500.00,"25,000.00"
2020-07-14,2020071401013919,NRIC,21,6,20,500.00,"10,000.00"
2020-07-14,2020071401013918,NRIC,47,6,60,500.00,"30,000.00"
2020-07-14,2020071401013917,NRIC,58,6,710,500.00,"355,000.00"
2020-07-14,2020071401013916,NRIC,33,6,100,500.00,"50,000.00"
2020-07-14,2020071401013534,NTC,43,13,10,643.00,"6,430.00"
2020-07-14,2020071401013533,NTC,43,25,500,642.00,"321,000.00"
2020-07-14,2020071401013805,PCBL,39,44,560,253.00,"141,680.00"
2020-07-14,2020071401013804,PCBL,39,57,50,253.00,"12,650.00"
2020-07-14,2020071401013803,PCBL,39,52,18,253.00,"4,554.00"
2020-07-14,2020071401013802,PCBL,39,44,30,253.00,"7,590.00"
2020-07-14,2020071401013844,PIC,58,13,10,608.00,"6,080.00"
2020-07-14,2020071401013843,PIC,49,13,"1,000",608.00,"608,000.00"
2020-07-14,2020071401013842,PIC,47,13,12,609.00,"7,308.00"
2020-07-14,2020071401013746,PIC,47,36,188,609.00,"114,492.00"
2020-07-14,2020071401013948,PLIC,45,29,50,534.00,"26,700.00"
2020-07-14,2020071401013704,PLIC,42,48,100,535.00,"53,500.00"
2020-07-14,2020071401013984,PPCL,13,49,10,107.00,"1,070.00"
2020-07-14,2020071401013983,PPCL,33,49,20,107.00,"2,140.00"
2020-07-14,2020071401013988,PRIN,22,39,45,467.00,"21,015.00"
2020-07-14,2020071401013974,PRIN,49,52,100,470.00,"47,000.00"
2020-07-14,2020071401013797,PRVU,51,6,445,227.00,"101,015.00"
2020-07-14,2020071401013796,PRVU,33,6,181,227.00,"41,087.00"
2020-07-14,2020071401013661,RADHI,14,50,11,169.00,"1,859.00"
2020-07-14,2020071401013834,RBCLPO,34,6,10,"7,977.00","79,770.00"
2020-07-14,2020071401013694,RBCLPO,42,40,30,"7,821.00","234,630.00"
2020-07-14,2020071401013693,RBCLPO,42,40,10,"7,977.00","79,770.00"
2020-07-14,2020071401013940,RHPL,52,5,620,152.00,"94,240.00"
2020-07-14,2020071401013939,RHPL,33,5,380,152.00,"57,760.00"
2020-07-14,2020071401013835,RHPL,33,48,40,152.00,"6,080.00"
2020-07-14,2020071401013758,RHPL,33,38,40,152.00,"6,080.00"
2020-07-14,2020071401013590,RHPL,33,16,20,152.00,"3,040.00"
2020-07-14,2020071401013909,RLFL,42,58,460,123.00,"56,580.00"
2020-07-14,2020071401013908,RLFL,42,58,40,123.00,"4,920.00"
2020-07-14,2020071401013608,RLFL,41,50,295,122.00,"35,990.00"
2020-07-14,2020071401013625,RMDC,4,58,109,710.00,"77,390.00"
2020-07-14,2020071401013986,RSDC,44,44,100,548.00,"54,800.00"
2020-07-14,2020071401013985,RSDC,6,44,150,548.00,"82,200.00"
2020-07-14,2020071401013966,RSDC,6,59,50,548.00,"27,400.00"
2020-07-14,2020071401013702,RSDC,22,53,13,547.00,"7,111.00"
2020-07-14,2020071401013701,RSDC,25,53,11,547.00,"6,017.00"
2020-07-14,2020071401013671,RSDC,38,7,100,548.00,"54,800.00"
2020-07-14,2020071401013888,SABSL,58,58,11,840.00,"9,240.00"
2020-07-14,2020071401013817,SABSL,43,55,11,841.00,"9,251.00"
2020-07-14,2020071401013765,SABSL,26,26,1,840.00,840.00
2020-07-14,2020071401013663,SABSL,58,17,11,840.00,"9,240.00"
2020-07-14,2020071401013662,SABSL,58,39,11,840.00,"9,240.00"
2020-07-14,2020071401013570,SABSL,43,39,11,840.00,"9,240.00"
2020-07-14,2020071401013559,SADBL,44,45,500,145.00,"72,500.00"
2020-07-14,2020071401013558,SADBL,44,28,576,145.00,"83,520.00"
2020-07-14,2020071401013557,SADBL,44,13,203,145.00,"29,435.00"
2020-07-14,2020071401013863,SANIMA,6,58,540,330.00,"178,200.00"
2020-07-14,2020071401013664,SANIMA,25,14,30,331.00,"9,930.00"
2020-07-14,2020071401013635,SANIMA,6,13,160,330.00,"52,800.00"
2020-07-14,2020071401013634,SANIMA,36,13,294,330.00,"97,020.00"
2020-07-14,2020071401013603,SANIMA,36,58,55,330.00,"18,150.00"
2020-07-14,2020071401013602,SANIMA,36,41,511,330.00,"168,630.00"
2020-07-14,2020071401013601,SANIMA,36,53,140,329.00,"46,060.00"
2020-07-14,2020071401013886,SAPDBL,57,32,500,121.00,"60,500.00"
2020-07-14,2020071401013562,SBI,45,13,100,418.00,"41,800.00"
2020-07-14,2020071401013831,SBL,52,28,21,287.00,"6,027.00"
2020-07-14,2020071401013650,SBL,25,28,50,287.00,"14,350.00"
2020-07-14,2020071401013869,SCB,38,6,18,625.00,"11,250.00"
2020-07-14,2020071401013868,SCB,38,6,32,625.00,"20,000.00"
2020-07-14,2020071401013615,SCB,38,8,50,625.00,"31,250.00"
2020-07-14,2020071401013745,SDESI,51,4,20,939.00,"18,780.00"
2020-07-14,2020071401013612,SDESI,56,57,10,939.00,"9,390.00"
2020-07-14,2020071401013512,SHINE,57,4,"1,780",220.00,"391,600.00"
2020-07-14,2020071401013594,SHIVM,10,14,100,599.00,"59,900.00"
2020-07-14,2020071401013593,SHIVM,10,4,"1,000",599.00,"599,000.00"
2020-07-14,2020071401013592,SHIVM,10,22,100,599.00,"59,900.00"
2020-07-14,2020071401013971,SHL,39,7,200,159.00,"31,800.00"
2020-07-14,2020071401013930,SHL,39,59,179,159.00,"28,461.00"
2020-07-14,2020071401013890,SHL,39,22,200,158.00,"31,600.00"
2020-07-14,2020071401013891,SHPC,17,6,242,221.00,"53,482.00"
2020-07-14,2020071401013620,SICL,10,43,78,"1,010.00","78,780.00"
2020-07-14,2020071401013619,SICL,39,43,22,"1,010.00","22,220.00"
2020-07-14,2020071401013618,SICL,1,43,50,"1,011.00","50,550.00"
2020-07-14,2020071401013617,SICL,39,43,100,"1,011.00","101,100.00"
2020-07-14,2020071401013956,SINDU,42,52,20,132.00,"2,640.00"
2020-07-14,2020071401013955,SINDU,42,57,292,132.00,"38,544.00"
2020-07-14,2020071401013954,SINDU,42,19,30,132.00,"3,960.00"
2020-07-14,2020071401013953,SINDU,42,58,22,132.00,"2,904.00"
2020-07-14,2020071401013952,SINDU,42,41,22,132.00,"2,904.00"
2020-07-14,2020071401013951,SINDU,42,7,111,132.00,"14,652.00"
2020-07-14,2020071401013950,SINDU,42,52,10,132.00,"1,320.00"
2020-07-14,2020071401013949,SINDU,42,45,57,131.00,"7,467.00"
2020-07-14,2020071401013933,SINDU,42,33,200,130.00,"26,000.00"
2020-07-14,2020071401013932,SINDU,42,47,10,130.00,"1,300.00"
2020-07-14,2020071401013877,SJCL,32,29,20,137.00,"2,740.00"
2020-07-14,2020071401013876,SJCL,32,50,120,137.00,"16,440.00"
2020-07-14,2020071401013875,SJCL,32,58,20,137.00,"2,740.00"
2020-07-14,2020071401013874,SJCL,32,13,20,137.00,"2,740.00"
2020-07-14,2020071401013873,SJCL,32,13,20,137.00,"2,740.00"
2020-07-14,2020071401013872,SJCL,32,13,20,137.00,"2,740.00"
2020-07-14,2020071401013871,SJCL,32,34,20,137.00,"2,740.00"
2020-07-14,2020071401013794,SJCL,43,38,15,136.00,"2,040.00"
2020-07-14,2020071401013963,SKBBL,10,5,200,"1,306.00","261,200.00"
2020-07-14,2020071401013962,SKBBL,10,16,100,"1,305.00","130,500.00"
2020-07-14,2020071401013961,SKBBL,10,13,10,"1,305.00","13,050.00"
2020-07-14,2020071401013960,SKBBL,10,34,40,"1,305.00","52,200.00"
2020-07-14,2020071401013959,SKBBL,10,39,75,"1,305.00","97,875.00"
2020-07-14,2020071401013958,SKBBL,10,19,50,"1,303.00","65,150.00"
2020-07-14,2020071401013787,SKBBL,50,39,50,"1,303.00","65,150.00"
2020-07-14,2020071401013505,SKBBL,46,41,10,"1,302.00","13,020.00"
2020-07-14,2020071401013920,SKBBL,40,19,50,"1,303.00","65,150.00"
2020-07-14,2020071401013841,SKBBL,46,55,40,"1,302.00","52,080.00"
2020-07-14,2020071401013791,SKBBL,50,39,25,"1,305.00","32,625.00"
2020-07-14,2020071401013790,SKBBL,50,49,75,"1,305.00","97,875.00"
2020-07-14,2020071401013789,SKBBL,50,28,100,"1,304.00","130,400.00"
2020-07-14,2020071401013788,SKBBL,50,29,250,"1,304.00","326,000.00"
2020-07-14,2020071401013536,SLBBL,10,57,78,940.00,"73,320.00"
2020-07-14,2020071401013656,SLBBL,18,50,100,938.00,"93,800.00"
2020-07-14,2020071401013655,SLBBL,53,50,85,938.00,"79,730.00"
2020-07-14,2020071401013586,SLBBL,35,18,56,940.00,"52,640.00"
2020-07-14,2020071401013538,SLBBL,59,57,30,940.00,"28,200.00"
2020-07-14,2020071401013537,SLBBL,45,57,10,940.00,"9,400.00"
2020-07-14,2020071401013744,SLBS,49,47,59,"1,080.00","63,720.00"
2020-07-14,2020071401013633,SLBS,49,55,36,"1,080.00","38,880.00"
2020-07-14,2020071401013530,SLBS,49,55,34,"1,080.00","36,720.00"
2020-07-14,2020071401013529,SLBS,16,55,16,"1,085.00","17,360.00"
2020-07-14,2020071401013509,SLBS,16,18,100,"1,085.00","108,500.00"
2020-07-14,2020071401013929,SLICL,57,32,252,452.00,"113,904.00"
2020-07-14,2020071401013855,SLICL,57,37,200,452.00,"90,400.00"
2020-07-14,2020071401013854,SLICL,57,44,48,451.00,"21,648.00"
2020-07-14,2020071401013736,SLICL,32,55,10,449.00,"4,490.00"
2020-07-14,2020071401013539,SMB,51,57,10,913.00,"9,130.00"
2020-07-14,2020071401013807,SMFBS,33,48,10,991.00,"9,910.00"
2020-07-14,2020071401013943,SPARS,33,38,10,887.00,"8,870.00"
2020-07-14,2020071401013735,SRBL,25,34,30,227.00,"6,810.00"
2020-07-14,2020071401013900,STC,50,50,10,"2,760.00","27,600.00"
2020-07-14,2020071401013928,SWBBL,37,25,50,"1,242.00","62,100.00"
2020-07-14,2020071401013696,SWBBL,37,34,10,"1,242.00","12,420.00"
2020-07-14,2020071401013574,UFL,44,6,400,165.00,"66,000.00"
2020-07-14,2020071401013573,UFL,59,6,"1,000",166.00,"166,000.00"
2020-07-14,2020071401013517,UIC,38,43,500,377.00,"188,500.00"
2020-07-14,2020071401013516,UIC,38,48,50,377.00,"18,850.00"
2020-07-14,2020071401013515,UIC,38,32,100,376.00,"37,600.00"
2020-07-14,2020071401013514,UIC,38,6,102,375.00,"38,250.00"
2020-07-14,2020071401013975,UPPER,14,13,500,232.00,"116,000.00"
2020-07-14,2020071401013862,UPPER,1,38,50,231.00,"11,550.00"
2020-07-14,2020071401013859,UPPER,52,33,200,232.00,"46,400.00"
2020-07-14,2020071401013858,UPPER,52,13,97,232.00,"22,504.00"
2020-07-14,2020071401013823,UPPER,1,38,50,231.00,"11,550.00"
2020-07-14,2020071401013703,UPPER,42,6,20,232.00,"4,640.00"
2020-07-14,2020071401013535,UPPER,1,35,50,231.00,"11,550.00"
2020-07-14,2020071401013638,UPPER,1,50,50,231.00,"11,550.00"
2020-07-14,2020071401013898,WOMI,34,34,90,"1,021.00","91,890.00"
2020-07-14,2020071401013571,WOMI,11,55,17,"1,014.00","17,238.00"
2020-07-14,2020071401013561,WOMI,50,32,50,"1,013.00","50,650.00"
2020-07-14,2020071401013082,ADBL,1,6,90,376.00,"33,840.00"
2020-07-14,2020071401013476,ALBSL,8,6,40,770.00,"30,800.00"
2020-07-14,2020071401013420,ALBSL,8,52,100,770.00,"77,000.00"
2020-07-14,2020071401013371,ALICL,38,48,200,607.00,"121,400.00"
2020-07-14,2020071401013370,ALICL,45,48,900,607.00,"546,300.00"
2020-07-14,2020071401013369,ALICL,16,48,100,608.00,"60,800.00"
2020-07-14,2020071401013368,ALICL,57,48,300,608.00,"182,400.00"
2020-07-14,2020071401013007,ALICL,36,38,100,615.00,"61,500.00"
2020-07-14,2020071401013006,ALICL,36,29,90,615.00,"55,350.00"
2020-07-14,2020071401013337,BOKL,39,44,124,217.00,"26,908.00"
2020-07-14,2020071401013336,BOKL,39,36,20,217.00,"4,340.00"
2020-07-14,2020071401013335,BOKL,39,25,188,217.00,"40,796.00"
2020-07-14,2020071401013334,BOKL,39,50,500,216.00,"108,000.00"
2020-07-14,2020071401013333,BOKL,39,22,168,216.00,"36,288.00"
2020-07-14,2020071401013312,BPCL,29,14,300,355.00,"106,500.00"
2020-07-14,2020071401013311,BPCL,29,45,24,353.00,"8,472.00"
2020-07-14,2020071401013188,CBBL,25,43,200,"1,110.00","222,000.00"
2020-07-14,2020071401013029,CBBL,8,33,129,"1,110.00","143,190.00"
2020-07-14,2020071401013028,CBBL,8,34,21,"1,110.00","23,310.00"
2020-07-14,2020071401013121,CBBL,14,43,549,"1,110.00","609,390.00"
2020-07-14,2020071401013093,CBBL,35,6,100,"1,110.00","111,000.00"
2020-07-14,2020071401013092,CBBL,35,44,85,"1,110.00","94,350.00"
2020-07-14,2020071401013091,CBBL,35,33,354,"1,110.00","392,940.00"
2020-07-14,2020071401013090,CBBL,35,25,10,"1,107.00","11,070.00"
2020-07-14,2020071401013332,CCBL,58,58,397,164.00,"65,108.00"
2020-07-14,2020071401013331,CCBL,29,58,200,164.00,"32,800.00"
2020-07-14,2020071401013330,CCBL,1,58,100,164.00,"16,400.00"
2020-07-14,2020071401013329,CCBL,25,58,286,164.00,"46,904.00"
2020-07-14,2020071401013316,CHCL,44,45,300,386.00,"115,800.00"
2020-07-14,2020071401013292,CIT,6,4,200,"2,439.00","487,800.00"
2020-07-14,2020071401013444,CLBSL,37,57,200,733.00,"146,600.00"
2020-07-14,2020071401013157,CLBSL,44,26,20,735.00,"14,700.00"
2020-07-14,2020071401013363,CZBIL,38,42,40,184.00,"7,360.00"
2020-07-14,2020071401013328,CZBIL,43,16,"2,000",185.00,"370,000.00"
2020-07-14,2020071401013099,CZBIL,44,16,300,185.00,"55,500.00"
2020-07-14,2020071401013435,DDBL,56,43,390,875.00,"341,250.00"
2020-07-14,2020071401013357,DDBL,51,43,50,875.00,"43,750.00"
2020-07-14,2020071401013356,DDBL,39,43,100,875.00,"87,500.00"
2020-07-14,2020071401013355,DDBL,34,43,10,875.00,"8,750.00"
2020-07-14,2020071401013354,DDBL,58,43,200,875.00,"175,000.00"
2020-07-14,2020071401013353,DDBL,43,43,50,875.00,"43,750.00"
2020-07-14,2020071401013352,DDBL,56,43,200,876.00,"175,200.00"
2020-07-14,2020071401013347,DDBL,47,43,100,877.00,"87,700.00"
2020-07-14,2020071401013322,DDBL,18,43,100,877.00,"87,700.00"
2020-07-14,2020071401013169,DDBL,45,43,100,877.00,"87,700.00"
2020-07-14,2020071401013168,DDBL,44,43,50,877.00,"43,850.00"
2020-07-14,2020071401013167,DDBL,33,43,50,877.00,"43,850.00"
2020-07-14,2020071401013367,EBL,13,13,13,661.00,"8,593.00"
2020-07-14,2020071401013366,EBL,13,6,257,661.00,"169,877.00"
2020-07-14,2020071401013156,EBL,14,6,100,661.00,"66,100.00"
2020-07-14,2020071401013155,EBL,33,6,96,661.00,"63,456.00"
2020-07-14,2020071401013112,EBL,44,4,200,662.00,"132,400.00"
2020-07-14,2020071401013088,EBL,33,57,12,661.00,"7,932.00"
2020-07-14,2020071401013072,EBL,33,55,392,661.00,"259,112.00"
2020-07-14,2020071401013071,EBL,38,55,108,661.00,"71,388.00"
2020-07-14,2020071401013192,EIC,33,6,40,410.00,"16,400.00"
2020-07-14,2020071401013127,FMDBL,38,36,250,555.00,"138,750.00"
2020-07-14,2020071401013119,FMDBL,10,36,50,555.00,"27,750.00"
2020-07-14,2020071401013118,FMDBL,51,36,100,555.00,"55,500.00"
2020-07-14,2020071401013117,FMDBL,21,36,100,556.00,"55,600.00"
2020-07-14,2020071401013040,FMDBL,6,43,100,558.00,"55,800.00"
2020-07-14,2020071401013408,GBIME,42,32,198,241.00,"47,718.00"
2020-07-14,2020071401013407,GBIME,42,47,102,241.00,"24,582.00"
2020-07-14,2020071401013466,GBLBS,10,41,30,537.00,"16,110.00"
2020-07-14,2020071401013465,GBLBS,10,57,200,537.00,"107,400.00"
2020-07-14,2020071401013464,GBLBS,10,32,450,536.00,"241,200.00"
2020-07-14,2020071401013463,GBLBS,10,35,75,536.00,"40,200.00"
2020-07-14,2020071401013462,GBLBS,10,57,150,536.00,"80,400.00"
2020-07-14,2020071401013461,GBLBS,10,33,20,535.00,"10,700.00"
2020-07-14,2020071401013448,GBLBS,10,58,80,534.00,"42,720.00"
2020-07-14,2020071401013447,GBLBS,10,55,50,533.00,"26,650.00"
2020-07-14,2020071401013294,GBLBS,45,48,25,532.00,"13,300.00"
2020-07-14,2020071401013293,GBLBS,58,48,25,532.00,"13,300.00"
2020-07-14,2020071401013173,GBLBS,25,58,30,534.00,"16,020.00"
2020-07-14,2020071401013136,GBLBS,58,45,10,532.00,"5,320.00"
2020-07-14,2020071401013454,GBLBS,10,57,15,535.00,"8,025.00"
2020-07-14,2020071401013453,GBLBS,10,49,20,535.00,"10,700.00"
2020-07-14,2020071401013452,GBLBS,10,52,15,535.00,"8,025.00"
2020-07-14,2020071401013451,GBLBS,10,49,15,535.00,"8,025.00"
2020-07-14,2020071401013450,GBLBS,10,48,180,535.00,"96,300.00"
2020-07-14,2020071401013449,GBLBS,10,13,15,534.00,"8,010.00"
2020-07-14,2020071401013460,GBLBS,10,57,200,535.00,"107,000.00"
2020-07-14,2020071401013459,GBLBS,10,1,200,535.00,"107,000.00"
2020-07-14,2020071401013458,GBLBS,10,11,150,535.00,"80,250.00"
2020-07-14,2020071401013457,GBLBS,10,37,75,535.00,"40,125.00"
2020-07-14,2020071401013456,GBLBS,10,6,10,535.00,"5,350.00"
2020-07-14,2020071401013455,GBLBS,10,1,50,535.00,"26,750.00"
2020-07-14,2020071401013385,GFCL,59,14,608,142.00,"86,336.00"
2020-07-14,2020071401013384,GFCL,44,14,500,142.00,"71,000.00"
2020-07-14,2020071401013267,GFCL,38,14,"2,000",144.00,"288,000.00"
2020-07-14,2020071401013266,GFCL,22,14,10,144.00,"1,440.00"
2020-07-14,2020071401013319,GILB,10,42,50,"1,317.00","65,850.00"
2020-07-14,2020071401013313,GILB,5,44,30,"1,318.00","39,540.00"
2020-07-14,2020071401013193,GILB,43,44,40,"1,318.00","52,720.00"
2020-07-14,2020071401013052,GILB,37,44,140,"1,318.00","184,520.00"
2020-07-14,2020071401013045,GLICL,10,22,55,471.00,"25,905.00"
2020-07-14,2020071401013414,GMFBS,33,57,10,862.00,"8,620.00"
2020-07-14,2020071401013181,HBL,35,41,"1,454",513.00,"745,902.00"
2020-07-14,2020071401013443,HDL,14,28,75,"1,618.00","121,350.00"
2020-07-14,2020071401013442,HDL,18,28,400,"1,618.00","647,200.00"
2020-07-14,2020071401013441,HDL,33,28,25,"1,618.00","40,450.00"
2020-07-14,2020071401013426,HDL,35,54,20,"1,620.00","32,400.00"
2020-07-14,2020071401013410,HDL,41,54,20,"1,620.00","32,400.00"
2020-07-14,2020071401013236,HDL,33,54,75,"1,618.00","121,350.00"
2020-07-14,2020071401013235,HDL,14,54,75,"1,619.00","121,425.00"
2020-07-14,2020071401013202,HDL,14,59,25,"1,619.00","40,475.00"
2020-07-14,2020071401013201,HDL,8,59,50,"1,619.00","80,950.00"
2020-07-14,2020071401013200,HDL,8,59,100,"1,619.00","161,900.00"
2020-07-14,2020071401013199,HDL,26,59,10,"1,620.00","16,200.00"
2020-07-14,2020071401013198,HDL,21,59,15,"1,620.00","24,300.00"
2020-07-14,2020071401013195,HPPL,5,14,180,133.00,"23,940.00"
2020-07-14,2020071401013190,HPPL,20,45,20,132.00,"2,640.00"
2020-07-14,2020071401013062,HPPL,20,38,134,132.00,"17,688.00"
2020-07-14,2020071401013039,HURJA,19,13,20,90.00,"1,800.00"
2020-07-14,2020071401013413,IGI,38,6,190,433.00,"82,270.00"
2020-07-14,2020071401013393,ILBS,54,44,11,818.00,"8,998.00"
2020-07-14,2020071401013389,JBBL,14,59,200,166.00,"33,200.00"
2020-07-14,2020071401013388,JBBL,14,6,"1,000",166.00,"166,000.00"
2020-07-14,2020071401013103,JOSHI,34,13,20,50.00,"1,000.00"
2020-07-14,2020071401013396,JSLBB,14,48,20,"1,666.00","33,320.00"
2020-07-14,2020071401013318,KBL,56,19,200,185.00,"37,000.00"
2020-07-14,2020071401013291,KBL,25,40,100,186.00,"18,600.00"
2020-07-14,2020071401013131,KKHC,41,58,16,49.45,791.20
2020-07-14,2020071401013298,KMCDB,13,29,50,819.00,"40,950.00"
2020-07-14,2020071401013297,KMCDB,52,29,10,819.00,"8,190.00"
2020-07-14,2020071401013021,KMCDB,22,29,31,820.00,"25,420.00"
2020-07-14,2020071401013015,KMCDB,22,22,69,820.00,"56,580.00"
2020-07-14,2020071401013351,KPCL,17,33,90,105.00,"9,450.00"
2020-07-14,2020071401013350,KPCL,17,41,10,105.00,"1,050.00"
2020-07-14,2020071401013020,KRBL,44,56,310,101.00,"31,310.00"
2020-07-14,2020071401013349,LBBL,33,22,22,180.00,"3,960.00"
2020-07-14,2020071401013036,LBBL,1,26,"1,000",180.00,"180,000.00"
2020-07-14,2020071401013051,MBL,41,39,50,217.00,"10,850.00"
2020-07-14,2020071401013050,MBL,36,39,505,217.00,"109,585.00"
2020-07-14,2020071401013165,MDB,17,17,50,301.00,"15,050.00"
2020-07-14,2020071401013164,MDB,40,17,357,301.00,"107,457.00"
2020-07-14,2020071401013474,MEGA,1,58,16,207.00,"3,312.00"
2020-07-14,2020071401013341,MEGA,1,58,16,207.00,"3,312.00"
2020-07-14,2020071401013105,MEGA,4,58,10,207.00,"2,070.00"
2020-07-14,2020071401013034,MEGA,28,38,104,206.00,"21,424.00"
2020-07-14,2020071401013031,MEGA,28,39,341,206.00,"70,246.00"
2020-07-14,2020071401013030,MEGA,44,39,102,206.00,"21,012.00"
2020-07-14,2020071401013300,MERO,50,52,543,665.00,"361,095.00"
2020-07-14,2020071401013299,MERO,50,34,30,665.00,"19,950.00"
2020-07-14,2020071401013237,MERO,25,25,3,670.00,"2,010.00"
2020-07-14,2020071401013033,MERO,42,34,50,665.00,"33,250.00"
2020-07-14,2020071401013264,MFIL,34,4,100,300.00,"30,000.00"
2020-07-14,2020071401013263,MFIL,28,4,100,300.00,"30,000.00"
2020-07-14,2020071401013262,MFIL,58,4,200,300.00,"60,000.00"
2020-07-14,2020071401013261,MFIL,58,4,20,301.00,"6,020.00"
2020-07-14,2020071401013260,MFIL,44,4,52,301.00,"15,652.00"
2020-07-14,2020071401013209,MNBBL,35,58,11,306.00,"3,366.00"
2020-07-14,2020071401013179,MNBBL,35,6,64,306.00,"19,584.00"
2020-07-14,2020071401013178,MNBBL,51,6,50,306.00,"15,300.00"
2020-07-14,2020071401013177,MNBBL,41,6,400,306.00,"122,400.00"
2020-07-14,2020071401013176,MNBBL,32,6,300,306.00,"91,800.00"
2020-07-14,2020071401013175,MNBBL,8,6,200,306.00,"61,200.00"
2020-07-14,2020071401013174,MNBBL,26,6,986,306.00,"301,716.00"
2020-07-14,2020071401013326,MSMBS,41,25,10,773.00,"7,730.00"
2020-07-14,2020071401013005,NABIL,22,28,500,743.00,"371,500.00"
2020-07-14,2020071401013004,NABIL,45,28,500,743.00,"371,500.00"
2020-07-14,2020071401013120,NADEP,42,25,10,688.00,"6,880.00"
2020-07-14,2020071401013077,NADEP,33,22,23,685.00,"15,755.00"
2020-07-14,2020071401013229,NBB,14,43,350,194.00,"67,900.00"
2020-07-14,2020071401013485,NBL,33,56,43,239.00,"10,277.00"
2020-07-14,2020071401013484,NBL,44,56,28,239.00,"6,692.00"
2020-07-14,2020071401013380,NBL,44,22,110,239.00,"26,290.00"
2020-07-14,2020071401013321,NBL,44,7,162,239.00,"38,718.00"
2020-07-14,2020071401013320,NBL,19,7,160,239.00,"38,240.00"
2020-07-14,2020071401013310,NBL,19,17,40,239.00,"9,560.00"
2020-07-14,2020071401013085,NBL,8,44,100,240.00,"24,000.00"
2020-07-14,2020071401013392,NCCB,17,14,100,182.00,"18,200.00"
2020-07-14,2020071401013171,NCCB,44,22,500,182.00,"91,000.00"
2020-07-14,2020071401013170,NCCB,44,43,861,182.00,"156,702.00"
2020-07-14,2020071401013081,NCCB,44,43,139,182.00,"25,298.00"
2020-07-14,2020071401013080,NCCB,44,44,61,182.00,"11,102.00"
2020-07-14,2020071401013044,NCCB,38,21,40,181.00,"7,240.00"
2020-07-14,2020071401012994,NCCB,35,33,100,181.00,"18,100.00"
2020-07-14,2020071401012993,NCCB,19,33,200,181.00,"36,200.00"
2020-07-14,2020071401012992,NCCB,25,33,50,181.00,"9,050.00"
2020-07-14,2020071401012991,NCCB,57,33,50,181.00,"9,050.00"
2020-07-14,2020071401012990,NCCB,19,33,200,181.00,"36,200.00"
2020-07-14,2020071401013000,NCCB,38,33,947,181.00,"171,407.00"
2020-07-14,2020071401012999,NCCB,50,33,300,181.00,"54,300.00"
2020-07-14,2020071401012998,NCCB,38,33,200,181.00,"36,200.00"
2020-07-14,2020071401012997,NCCB,21,33,"2,700",181.00,"488,700.00"
2020-07-14,2020071401012996,NCCB,44,33,300,181.00,"54,300.00"
2020-07-14,2020071401012995,NCCB,21,33,60,181.00,"10,860.00"
2020-07-14,2020071401013027,NEF,39,11,671,9.31,"6,247.01"
2020-07-14,2020071401013026,NEF,39,26,"5,000",9.30,"46,500.00"
2020-07-14,2020071401013025,NEF,39,28,"2,414",9.22,"22,257.08"
2020-07-14,2020071401013024,NEF,39,26,"1,207",9.20,"11,104.40"
2020-07-14,2020071401013023,NEF,39,40,"2,601",9.20,"23,929.20"
2020-07-14,2020071401013022,NEF,39,22,"3,107",9.20,"28,584.40"
2020-07-14,2020071401013365,NGPL,45,8,11,118.00,"1,298.00"
2020-07-14,2020071401013472,NIB,38,32,162,433.00,"70,146.00"
2020-07-14,2020071401013383,NIB,40,8,17,430.00,"7,310.00"
2020-07-14,2020071401013273,NIB,40,28,15,430.00,"6,450.00"
2020-07-14,2020071401013272,NIB,10,28,100,430.00,"43,000.00"
2020-07-14,2020071401013271,NIB,45,28,200,431.00,"86,200.00"
2020-07-14,2020071401013270,NIB,29,28,602,432.00,"260,064.00"
2020-07-14,2020071401013012,NIB,49,21,19,432.00,"8,208.00"
2020-07-14,2020071401013269,NIB,42,28,83,433.00,"35,939.00"
2020-07-14,2020071401013248,NIB,42,22,60,433.00,"25,980.00"
2020-07-14,2020071401013166,NIB,29,45,49,432.00,"21,168.00"
2020-07-14,2020071401013129,NIB,29,42,130,432.00,"56,160.00"
2020-07-14,2020071401013075,NIB,29,22,219,432.00,"94,608.00"
2020-07-14,2020071401013074,NIB,49,22,81,432.00,"34,992.00"
2020-07-14,2020071401013434,NIBPO,42,50,300,360.00,"108,000.00"
2020-07-14,2020071401013433,NIBPO,42,22,221,360.00,"79,560.00"
2020-07-14,2020071401013432,NIBPO,42,4,500,359.00,"179,500.00"
2020-07-14,2020071401013225,NIBPO,49,41,"1,050",356.00,"373,800.00"
2020-07-14,2020071401013224,NIBPO,32,41,50,356.00,"17,800.00"
2020-07-14,2020071401013223,NIBPO,10,41,200,356.00,"71,200.00"
2020-07-14,2020071401013222,NIBPO,6,41,300,357.00,"107,100.00"
2020-07-14,2020071401013221,NIBPO,1,41,400,357.00,"142,800.00"
2020-07-14,2020071401013364,NICA,50,19,43,533.00,"22,919.00"
2020-07-14,2020071401013206,NICA,50,49,66,533.00,"35,178.00"
2020-07-14,2020071401013002,NICA,54,54,"2,629",532.00,"1,398,628.00"
2020-07-14,2020071401013247,NICL,45,39,294,444.00,"130,536.00"
2020-07-14,2020071401013246,NICL,35,39,50,444.00,"22,200.00"
2020-07-14,2020071401013245,NICL,1,39,200,445.00,"89,000.00"
2020-07-14,2020071401013244,NICL,55,39,200,445.00,"89,000.00"
2020-07-14,2020071401013243,NICL,57,39,56,446.00,"24,976.00"
2020-07-14,2020071401013158,NICL,57,46,10,446.00,"4,460.00"
2020-07-14,2020071401013412,NIL,38,55,50,602.00,"30,100.00"
2020-07-14,2020071401013391,NIL,6,6,100,603.00,"60,300.00"
2020-07-14,2020071401013390,NIL,7,6,383,603.00,"230,949.00"
2020-07-14,2020071401013287,NIL,7,6,617,603.00,"372,051.00"
2020-07-14,2020071401013286,NIL,14,6,500,604.00,"302,000.00"
2020-07-14,2020071401013285,NIL,13,6,500,604.00,"302,000.00"
2020-07-14,2020071401013278,NIL,34,6,300,606.00,"181,800.00"
2020-07-14,2020071401013277,NIL,48,6,10,606.00,"6,060.00"
2020-07-14,2020071401013276,NIL,41,6,54,606.00,"32,724.00"
2020-07-14,2020071401013161,NIL,41,39,16,606.00,"9,696.00"
2020-07-14,2020071401013160,NIL,14,39,384,607.00,"233,088.00"
2020-07-14,2020071401013159,NIL,54,39,100,607.00,"60,700.00"
2020-07-14,2020071401013284,NIL,36,6,100,604.00,"60,400.00"
2020-07-14,2020071401013283,NIL,4,6,105,604.00,"63,420.00"
2020-07-14,2020071401013282,NIL,32,6,100,605.00,"60,500.00"
2020-07-14,2020071401013281,NIL,34,6,50,605.00,"30,250.00"
2020-07-14,2020071401013280,NIL,6,6,500,605.00,"302,500.00"
2020-07-14,2020071401013279,NIL,34,6,164,605.00,"99,220.00"
2020-07-14,2020071401013049,NLG,29,6,300,630.00,"189,000.00"
2020-07-14,2020071401013048,NLG,29,6,200,630.00,"126,000.00"
2020-07-14,2020071401013486,NLIC,49,39,223,"1,269.00","282,987.00"
2020-07-14,2020071401013406,NLIC,59,45,70,"1,270.00","88,900.00"
2020-07-14,2020071401013405,NLIC,59,26,80,"1,270.00","101,600.00"
2020-07-14,2020071401013386,NLIC,13,26,20,"1,270.00","25,400.00"
2020-07-14,2020071401013344,NLIC,49,49,"2,077","1,269.00","2,635,713.00"
2020-07-14,2020071401013259,NLIC,44,36,100,"1,269.00","126,900.00"
2020-07-14,2020071401013258,NLIC,44,17,20,"1,269.00","25,380.00"
2020-07-14,2020071401013249,NLIC,42,45,22,"1,268.00","27,896.00"
2020-07-14,2020071401013210,NLIC,42,43,46,"1,268.00","58,328.00"
2020-07-14,2020071401013055,NLIC,42,17,30,"1,269.00","38,070.00"
2020-07-14,2020071401013104,NLICL,33,28,500,663.00,"331,500.00"
2020-07-14,2020071401013254,NMB,38,21,100,386.00,"38,600.00"
2020-07-14,2020071401013253,NMB,38,4,674,386.00,"260,164.00"
2020-07-14,2020071401013226,NMB,50,4,56,386.00,"21,616.00"
2020-07-14,2020071401013111,NMB,56,7,95,385.00,"36,575.00"
2020-07-14,2020071401013068,NMB,49,4,100,386.00,"38,600.00"
2020-07-14,2020071401013067,NMB,56,4,"1,000",386.00,"386,000.00"
2020-07-14,2020071401013066,NMB,33,4,170,386.00,"65,620.00"
2020-07-14,2020071401013019,NMB,33,6,100,386.00,"38,600.00"
2020-07-14,2020071401013009,NMB,33,43,230,386.00,"88,780.00"
2020-07-14,2020071401013008,NMB,4,43,270,386.00,"104,220.00"
2020-07-14,2020071401013100,NMBMF,4,13,10,829.00,"8,290.00"
2020-07-14,2020071401013054,NMBMF,25,25,1,820.00,820.00
2020-07-14,2020071401013204,NMFBS,33,22,26,"1,669.00","43,394.00"
2020-07-14,2020071401013488,NRIC,45,29,50,501.00,"25,050.00"
2020-07-14,2020071401013482,NRIC,45,20,40,501.00,"20,040.00"
2020-07-14,2020071401013478,NRIC,45,48,40,501.00,"20,040.00"
2020-07-14,2020071401013467,NRIC,45,29,40,501.00,"20,040.00"
2020-07-14,2020071401013446,NRIC,45,57,40,501.00,"20,040.00"
2020-07-14,2020071401013440,NRIC,45,44,40,501.00,"20,040.00"
2020-07-14,2020071401013038,NRIC,33,28,40,501.00,"20,040.00"
2020-07-14,2020071401013035,NRIC,33,16,40,501.00,"20,040.00"
2020-07-14,2020071401013032,NRIC,33,29,40,501.00,"20,040.00"
2020-07-14,2020071401013010,NRIC,33,20,50,501.00,"25,050.00"
2020-07-14,2020071401013001,NRIC,33,28,40,501.00,"20,040.00"
2020-07-14,2020071401013058,NRIC,44,20,50,501.00,"25,050.00"
2020-07-14,2020071401013057,NRIC,44,16,20,501.00,"10,020.00"
2020-07-14,2020071401013056,NRIC,33,16,20,501.00,"10,020.00"
2020-07-14,2020071401013047,NRIC,33,49,40,501.00,"20,040.00"
2020-07-14,2020071401013046,NRIC,33,29,40,501.00,"20,040.00"
2020-07-14,2020071401013043,NRIC,33,44,40,501.00,"20,040.00"
2020-07-14,2020071401013084,NRIC,44,20,40,501.00,"20,040.00"
2020-07-14,2020071401013083,NRIC,44,22,10,501.00,"5,010.00"
2020-07-14,2020071401013070,NRIC,44,44,50,501.00,"25,050.00"
2020-07-14,2020071401013065,NRIC,44,28,40,501.00,"20,040.00"
2020-07-14,2020071401013064,NRIC,44,29,40,501.00,"20,040.00"
2020-07-14,2020071401013063,NRIC,44,45,40,501.00,"20,040.00"
2020-07-14,2020071401013107,NRIC,33,29,40,501.00,"20,040.00"
2020-07-14,2020071401013106,NRIC,44,16,50,501.00,"25,050.00"
2020-07-14,2020071401013101,NRIC,44,49,40,501.00,"20,040.00"
2020-07-14,2020071401013097,NRIC,44,29,40,501.00,"20,040.00"
2020-07-14,2020071401013089,NRIC,44,28,40,501.00,"20,040.00"
2020-07-14,2020071401013087,NRIC,44,29,40,501.00,"20,040.00"
2020-07-14,2020071401013132,NRIC,33,16,40,501.00,"20,040.00"
2020-07-14,2020071401013130,NRIC,33,45,40,501.00,"20,040.00"
2020-07-14,2020071401013122,NRIC,33,20,40,501.00,"20,040.00"
2020-07-14,2020071401013116,NRIC,33,29,40,501.00,"20,040.00"
2020-07-14,2020071401013110,NRIC,33,44,40,501.00,"20,040.00"
2020-07-14,2020071401013108,NRIC,33,49,40,501.00,"20,040.00"
2020-07-14,2020071401013151,NRIC,33,16,40,501.00,"20,040.00"
2020-07-14,2020071401013147,NRIC,33,44,40,501.00,"20,040.00"
2020-07-14,2020071401013140,NRIC,33,29,40,501.00,"20,040.00"
2020-07-14,2020071401013138,NRIC,33,50,30,501.00,"15,030.00"
2020-07-14,2020071401013137,NRIC,33,29,40,501.00,"20,040.00"
2020-07-14,2020071401013134,NRIC,33,41,40,501.00,"20,040.00"
2020-07-14,2020071401013183,NRIC,33,16,40,501.00,"20,040.00"
2020-07-14,2020071401013182,NRIC,33,28,40,501.00,"20,040.00"
2020-07-14,2020071401013180,NRIC,33,29,40,501.00,"20,040.00"
2020-07-14,2020071401013172,NRIC,33,44,40,501.00,"20,040.00"
2020-07-14,2020071401013163,NRIC,33,50,40,501.00,"20,040.00"
2020-07-14,2020071401013153,NRIC,33,20,40,501.00,"20,040.00"
2020-07-14,2020071401013197,NRIC,33,48,50,501.00,"25,050.00"
2020-07-14,2020071401013196,NRIC,33,28,40,501.00,"20,040.00"
2020-07-14,2020071401013194,NRIC,33,16,40,501.00,"20,040.00"
2020-07-14,2020071401013189,NRIC,33,20,40,501.00,"20,040.00"
2020-07-14,2020071401013187,NRIC,33,50,40,501.00,"20,040.00"
2020-07-14,2020071401013184,NRIC,33,48,40,501.00,"20,040.00"
2020-07-14,2020071401013239,NRIC,41,16,50,501.00,"25,050.00"
2020-07-14,2020071401013231,NRIC,41,6,40,501.00,"20,040.00"
2020-07-14,2020071401013228,NRIC,56,22,10,501.00,"5,010.00"
2020-07-14,2020071401013227,NRIC,56,44,40,501.00,"20,040.00"
2020-07-14,2020071401013205,NRIC,56,29,40,501.00,"20,040.00"
2020-07-14,2020071401013203,NRIC,56,38,10,501.00,"5,010.00"
2020-07-14,2020071401013255,NRIC,13,39,40,501.00,"20,040.00"
2020-07-14,2020071401013252,NRIC,13,29,30,501.00,"15,030.00"
2020-07-14,2020071401013251,NRIC,41,29,10,501.00,"5,010.00"
2020-07-14,2020071401013242,NRIC,41,48,50,501.00,"25,050.00"
2020-07-14,2020071401013241,NRIC,13,21,10,502.00,"5,020.00"
2020-07-14,2020071401013240,NRIC,13,38,40,502.00,"20,080.00"
2020-07-14,2020071401013309,NRIC,13,44,40,501.00,"20,040.00"
2020-07-14,2020071401013308,NRIC,13,6,20,501.00,"10,020.00"
2020-07-14,2020071401013290,NRIC,47,16,10,502.00,"5,020.00"
2020-07-14,2020071401013289,NRIC,47,16,40,502.00,"20,080.00"
2020-07-14,2020071401013288,NRIC,47,41,50,502.00,"25,100.00"
2020-07-14,2020071401013257,NRIC,13,20,50,501.00,"25,050.00"
2020-07-14,2020071401013338,NRIC,14,48,40,501.00,"20,040.00"
2020-07-14,2020071401013325,NRIC,14,42,40,501.00,"20,040.00"
2020-07-14,2020071401013324,NRIC,56,42,40,501.00,"20,040.00"
2020-07-14,2020071401013323,NRIC,35,42,10,501.00,"5,010.00"
2020-07-14,2020071401013315,NRIC,35,57,30,501.00,"15,030.00"
2020-07-14,2020071401013314,NRIC,13,57,20,501.00,"10,020.00"
2020-07-14,2020071401013361,NRIC,28,45,50,501.00,"25,050.00"
2020-07-14,2020071401013358,NRIC,28,48,40,501.00,"20,040.00"
2020-07-14,2020071401013348,NRIC,28,29,40,501.00,"20,040.00"
2020-07-14,2020071401013342,NRIC,28,20,50,501.00,"25,050.00"
2020-07-14,2020071401013340,NRIC,28,35,20,501.00,"10,020.00"
2020-07-14,2020071401013339,NRIC,14,35,20,501.00,"10,020.00"
2020-07-14,2020071401013379,NRIC,59,16,20,502.00,"10,040.00"
2020-07-14,2020071401013378,NRIC,59,42,30,502.00,"15,060.00"
2020-07-14,2020071401013377,NRIC,59,38,30,502.00,"15,060.00"
2020-07-14,2020071401013376,NRIC,59,16,40,502.00,"20,080.00"
2020-07-14,2020071401013375,NRIC,59,16,30,502.00,"15,060.00"
2020-07-14,2020071401013362,NRIC,28,44,50,501.00,"25,050.00"
2020-07-14,2020071401013400,NRIC,28,16,40,501.00,"20,040.00"
2020-07-14,2020071401013399,NRIC,28,29,40,501.00,"20,040.00"
2020-07-14,2020071401013395,NRIC,28,10,40,501.00,"20,040.00"
2020-07-14,2020071401013394,NRIC,28,48,40,501.00,"20,040.00"
2020-07-14,2020071401013387,NRIC,28,48,40,501.00,"20,040.00"
2020-07-14,2020071401013382,NRIC,28,20,40,501.00,"20,040.00"
2020-07-14,2020071401013417,NRIC,45,40,240,501.00,"120,240.00"
2020-07-14,2020071401013416,NRIC,28,40,110,501.00,"55,110.00"
2020-07-14,2020071401013411,NRIC,28,57,40,501.00,"20,040.00"
2020-07-14,2020071401013409,NRIC,28,7,300,501.00,"150,300.00"
2020-07-14,2020071401013403,NRIC,28,1,40,501.00,"20,040.00"
2020-07-14,2020071401013401,NRIC,28,8,20,501.00,"10,020.00"
2020-07-14,2020071401013430,NRIC,45,1,40,501.00,"20,040.00"
2020-07-14,2020071401013428,NRIC,45,16,50,501.00,"25,050.00"
2020-07-14,2020071401013427,NRIC,45,48,40,501.00,"20,040.00"
2020-07-14,2020071401013424,NRIC,45,14,50,501.00,"25,050.00"
2020-07-14,2020071401013423,NRIC,45,29,40,501.00,"20,040.00"
2020-07-14,2020071401013419,NRIC,45,20,40,501.00,"20,040.00"
2020-07-14,2020071401013398,NTC,35,16,989,641.00,"633,949.00"
2020-07-14,2020071401013191,NTC,35,51,20,640.00,"12,800.00"
2020-07-14,2020071401013053,NTC,35,25,500,640.00,"320,000.00"
2020-07-14,2020071401013372,OHL,6,44,90,301.00,"27,090.00"
2020-07-14,2020071401013234,OHL,6,58,410,301.00,"123,410.00"
2020-07-14,2020071401013233,OHL,34,58,40,301.00,"12,040.00"
2020-07-14,2020071401013232,OHL,34,58,50,301.00,"15,050.00"
2020-07-14,2020071401013445,PCBL,39,22,83,252.00,"20,916.00"
2020-07-14,2020071401013317,PCBL,39,58,228,252.00,"57,456.00"
2020-07-14,2020071401013250,PCBL,11,44,"1,970",253.00,"498,410.00"
2020-07-14,2020071401013073,PCBL,39,49,54,252.00,"13,608.00"
2020-07-14,2020071401013042,PCBL,39,56,177,252.00,"44,604.00"
2020-07-14,2020071401013041,PCBL,26,56,323,252.00,"81,396.00"
2020-07-14,2020071401013139,PFL,53,38,12,145.00,"1,740.00"
2020-07-14,2020071401013256,PLIC,53,48,550,535.00,"294,250.00"
2020-07-14,2020071401013146,PLIC,57,48,200,535.00,"107,000.00"
2020-07-14,2020071401013145,PLIC,32,48,50,535.00,"26,750.00"
2020-07-14,2020071401013144,PLIC,55,48,96,535.00,"51,360.00"
2020-07-14,2020071401013143,PLIC,14,48,500,536.00,"268,000.00"
2020-07-14,2020071401013142,PLIC,48,48,74,536.00,"39,664.00"
2020-07-14,2020071401013480,PRIN,41,52,12,470.00,"5,640.00"
2020-07-14,2020071401013479,PRIN,41,37,40,470.00,"18,800.00"
2020-07-14,2020071401013162,PRIN,52,37,50,470.00,"23,500.00"
2020-07-14,2020071401013079,PRIN,22,4,55,467.00,"25,685.00"
2020-07-14,2020071401013135,PRVU,33,38,14,227.00,"3,178.00"
2020-07-14,2020071401013124,PRVU,42,49,5,228.00,"1,140.00"
2020-07-14,2020071401013123,PRVU,42,38,245,228.00,"55,860.00"
2020-07-14,2020071401013301,RADHI,14,45,12,169.00,"2,028.00"
2020-07-14,2020071401013060,RBCLPO,42,1,10,"7,821.00","78,210.00"
2020-07-14,2020071401013018,RBCLPO,42,19,30,"7,821.00","234,630.00"
2020-07-14,2020071401013017,RBCLPO,52,19,10,"7,822.00","78,220.00"
2020-07-14,2020071401013016,RBCLPO,52,19,10,"7,822.00","78,220.00"
2020-07-14,2020071401013439,RHPL,33,57,30,152.00,"4,560.00"
2020-07-14,2020071401013431,RHPL,33,35,40,152.00,"6,080.00"
2020-07-14,2020071401013098,RHPL,19,36,500,153.00,"76,500.00"
2020-07-14,2020071401013013,RHPL,49,45,10,153.00,"1,530.00"
2020-07-14,2020071401013402,RMDC,10,22,10,715.00,"7,150.00"
2020-07-14,2020071401013150,RSDC,25,6,29,547.00,"15,863.00"
2020-07-14,2020071401013149,RSDC,51,6,34,547.00,"18,598.00"
2020-07-14,2020071401013148,RSDC,25,25,1,550.00,550.00
2020-07-14,2020071401013014,RSDC,25,25,1,545.00,545.00
2020-07-14,2020071401013003,RSDC,25,25,1,545.00,545.00
2020-07-14,2020071401013152,SABSL,42,55,10,839.00,"8,390.00"
2020-07-14,2020071401013415,SANIMA,36,53,500,329.00,"164,500.00"
2020-07-14,2020071401013275,SANIMA,25,53,100,329.00,"32,900.00"
2020-07-14,2020071401013274,SANIMA,43,53,50,329.00,"16,450.00"
2020-07-14,2020071401013086,SANIMA,43,53,450,329.00,"148,050.00"
2020-07-14,2020071401013404,SBI,57,28,43,414.00,"17,802.00"
2020-07-14,2020071401013418,SBL,59,28,103,286.00,"29,458.00"
2020-07-14,2020071401013217,SBL,59,45,18,286.00,"5,148.00"
2020-07-14,2020071401013360,SCB,38,52,18,624.00,"11,232.00"
2020-07-14,2020071401013397,SDESI,25,25,1,950.00,950.00
2020-07-14,2020071401013296,SDESI,25,25,1,950.00,950.00
2020-07-14,2020071401013268,SDESI,25,25,1,950.00,950.00
2020-07-14,2020071401013207,SDESI,25,25,1,950.00,950.00
2020-07-14,2020071401013109,SDESI,25,25,1,950.00,950.00
2020-07-14,2020071401013102,SDESI,25,25,1,950.00,950.00
2020-07-14,2020071401013471,SFCL,55,4,50,98.00,"4,900.00"
2020-07-14,2020071401013470,SFCL,39,4,"1,000",98.00,"98,000.00"
2020-07-14,2020071401013469,SFCL,52,4,500,98.00,"49,000.00"
2020-07-14,2020071401013468,SFCL,14,4,98,98.00,"9,604.00"
2020-07-14,2020071401013422,SHIVM,13,49,160,599.00,"95,840.00"
2020-07-14,2020071401013421,SHIVM,13,42,40,599.00,"23,960.00"
2020-07-14,2020071401013346,SHIVM,50,22,15,597.00,"8,955.00"
2020-07-14,2020071401013345,SHIVM,37,22,30,597.00,"17,910.00"
2020-07-14,2020071401013218,SHIVM,10,58,336,598.00,"200,928.00"
2020-07-14,2020071401013126,SHIVM,37,22,20,597.00,"11,940.00"
2020-07-14,2020071401013125,SHIVM,14,22,30,597.00,"17,910.00"
2020-07-14,2020071401013115,SHIVM,10,14,500,598.00,"299,000.00"
2020-07-14,2020071401013114,SHIVM,10,59,100,598.00,"59,800.00"
2020-07-14,2020071401013113,SHIVM,10,32,180,598.00,"107,640.00"
2020-07-14,2020071401013037,SHPC,28,48,517,223.00,"115,291.00"
2020-07-14,2020071401013096,SIFC,35,43,25,160.00,"4,000.00"
2020-07-14,2020071401013095,SIFC,35,4,35,159.00,"5,565.00"
2020-07-14,2020071401013094,SIFC,35,52,40,158.00,"6,320.00"
2020-07-14,2020071401013483,SJCL,43,35,20,136.00,"2,720.00"
2020-07-14,2020071401013481,SJCL,43,57,20,136.00,"2,720.00"
2020-07-14,2020071401013425,SJCL,43,38,20,136.00,"2,720.00"
2020-07-14,2020071401013128,SJCL,43,6,20,136.00,"2,720.00"
2020-07-14,2020071401013076,SJCL,43,6,50,136.00,"6,800.00"
2020-07-14,2020071401013059,SJCL,43,6,25,136.00,"3,400.00"
2020-07-14,2020071401013219,SKBBL,42,39,50,"1,303.00","65,150.00"
2020-07-14,2020071401013473,SLBBL,10,1,80,940.00,"75,200.00"
2020-07-14,2020071401013069,SLBBL,48,57,50,943.00,"47,150.00"
2020-07-14,2020071401013215,SLBBL,26,57,33,942.00,"31,086.00"
2020-07-14,2020071401013214,SLBBL,39,57,50,942.00,"47,100.00"
2020-07-14,2020071401013213,SLBBL,33,57,10,942.00,"9,420.00"
2020-07-14,2020071401013212,SLBBL,34,57,100,944.00,"94,400.00"
2020-07-14,2020071401013211,SLBBL,38,57,50,945.00,"47,250.00"
2020-07-14,2020071401013265,SLBBL,41,57,120,943.00,"113,160.00"
2020-07-14,2020071401013216,SLBBL,10,57,12,940.00,"11,280.00"
2020-07-14,2020071401013487,SLBS,16,18,134,"1,085.00","145,390.00"
2020-07-14,2020071401013343,SLBS,25,25,1,"1,080.00","1,080.00"
2020-07-14,2020071401013078,SLBS,25,25,2,"1,080.00","2,160.00"
2020-07-14,2020071401013438,SLICL,19,55,100,449.00,"44,900.00"
2020-07-14,2020071401013437,SLICL,21,55,50,449.00,"22,450.00"
2020-07-14,2020071401013436,SLICL,45,55,40,450.00,"18,000.00"
2020-07-14,2020071401013141,SMB,50,57,150,900.00,"135,000.00"
2020-07-14,2020071401013429,SPARS,19,39,10,905.00,"9,050.00"
2020-07-14,2020071401013220,SPARS,51,44,150,890.00,"133,500.00"
2020-07-14,2020071401013133,SPDL,45,26,10,100.00,"1,000.00"
2020-07-14,2020071401013475,UIC,54,55,100,374.00,"37,400.00"
2020-07-14,2020071401013307,UIC,59,43,51,372.00,"18,972.00"
2020-07-14,2020071401013306,UIC,35,43,100,372.00,"37,200.00"
2020-07-14,2020071401013305,UIC,7,43,500,372.00,"186,000.00"
2020-07-14,2020071401013304,UIC,53,43,100,373.00,"37,300.00"
2020-07-14,2020071401013303,UIC,52,43,223,373.00,"83,179.00"
2020-07-14,2020071401013302,UIC,38,43,26,374.00,"9,724.00"
2020-07-14,2020071401013011,UIC,38,39,450,374.00,"168,300.00"
2020-07-14,2020071401013477,UPPER,1,38,40,231.00,"9,240.00"
2020-07-14,2020071401013381,UPPER,1,58,40,231.00,"9,240.00"
2020-07-14,2020071401013359,UPPER,1,45,40,231.00,"9,240.00"
2020-07-14,2020071401013185,UPPER,49,6,174,232.00,"40,368.00"
2020-07-14,2020071401013154,UPPER,49,58,40,232.00,"9,280.00"
2020-07-14,2020071401013061,UPPER,32,42,40,232.00,"9,280.00"
2020-07-14,2020071401013208,UPPER,1,58,40,231.00,"9,240.00"
2020-07-14,2020071401013327,UPPER,1,58,50,231.00,"11,550.00"
2020-07-14,2020071401013295,UPPER,1,58,50,231.00,"11,550.00"
2020-07-14,2020071401013238,UPPER,1,58,50,231.00,"11,550.00"
2020-07-14,2020071401013374,VLBS,42,13,200,"1,018.00","203,600.00"
2020-07-14,2020071401013373,VLBS,50,13,40,"1,019.00","40,760.00"
2020-07-14,2020071401013489,WOMI,25,55,33,"1,014.00","33,462.00"
2020-07-14,2020071401013230,WOMI,42,34,10,"1,021.00","10,210.00"
2020-07-14,2020071401013186,WOMI,25,25,3,"1,015.00","3,045.00"
2020-07-14,2020071401012571,ADBL,35,1,127,376.00,"47,752.00"
2020-07-14,2020071401012570,ADBL,35,42,156,376.00,"58,656.00"
2020-07-14,2020071401012569,ADBL,35,3,252,376.00,"94,752.00"
2020-07-14,2020071401012568,ADBL,35,39,103,376.00,"38,728.00"
2020-07-14,2020071401012796,ALBSL,8,36,11,770.00,"8,470.00"
2020-07-14,2020071401012856,ALICL,45,42,100,607.00,"60,700.00"
2020-07-14,2020071401012715,ALICL,57,29,400,615.00,"246,000.00"
2020-07-14,2020071401012660,ALICL,57,29,10,615.00,"6,150.00"
2020-07-14,2020071401012599,ALICL,57,45,100,615.00,"61,500.00"
2020-07-14,2020071401012598,ALICL,57,57,40,615.00,"24,600.00"
2020-07-14,2020071401012597,ALICL,57,32,500,615.00,"307,500.00"
2020-07-14,2020071401012596,ALICL,57,22,100,615.00,"61,500.00"
2020-07-14,2020071401012595,ALICL,57,10,50,615.00,"30,750.00"
2020-07-14,2020071401012594,ALICL,57,25,500,614.00,"307,000.00"
2020-07-14,2020071401012593,ALICL,57,51,400,613.00,"245,200.00"
2020-07-14,2020071401012775,BBC,18,55,50,"1,580.00","79,000.00"
2020-07-14,2020071401012805,CBBL,11,33,100,"1,109.00","110,900.00"
2020-07-14,2020071401012659,CBBL,49,4,54,"1,105.00","59,670.00"
2020-07-14,2020071401012887,CCBL,25,46,14,164.00,"2,296.00"
2020-07-14,2020071401012886,CCBL,25,46,77,164.00,"12,628.00"
2020-07-14,2020071401012885,CCBL,25,14,11,164.00,"1,804.00"
2020-07-14,2020071401012699,CCBL,25,43,53,164.00,"8,692.00"
2020-07-14,2020071401012581,CCBL,34,51,108,165.00,"17,820.00"
2020-07-14,2020071401012979,CHCL,28,38,200,383.00,"76,600.00"
2020-07-14,2020071401012644,CHCL,49,45,45,382.00,"17,190.00"
2020-07-14,2020071401012547,CHCL,42,45,15,383.00,"5,745.00"
2020-07-14,2020071401012546,CHCL,46,45,35,383.00,"13,405.00"
2020-07-14,2020071401012545,CHCL,53,45,200,383.00,"76,600.00"
2020-07-14,2020071401012842,CIT,33,38,10,"2,444.00","24,440.00"
2020-07-14,2020071401012755,CMF1,57,57,200,9.77,"1,954.00"
2020-07-14,2020071401012490,CMF1,57,14,"4,600",9.77,"44,942.00"
2020-07-14,2020071401012841,CZBIL,38,10,10,184.00,"1,840.00"
2020-07-14,2020071401012710,CZBIL,38,34,182,184.00,"33,488.00"
2020-07-14,2020071401012709,CZBIL,51,34,18,184.00,"3,312.00"
2020-07-14,2020071401012582,CZBIL,1,16,100,185.00,"18,500.00"
2020-07-14,2020071401012712,DDBL,47,43,100,879.00,"87,900.00"
2020-07-14,2020071401012591,DDBL,34,43,300,879.00,"263,700.00"
2020-07-14,2020071401012590,DDBL,34,32,200,878.00,"175,600.00"
2020-07-14,2020071401012983,EBL,10,4,50,662.00,"33,100.00"
2020-07-14,2020071401012740,EBL,44,4,11,662.00,"7,282.00"
2020-07-14,2020071401012833,EBL,38,42,50,661.00,"33,050.00"
2020-07-14,2020071401012744,EBL,13,4,505,662.00,"334,310.00"
2020-07-14,2020071401012743,EBL,50,4,220,662.00,"145,640.00"
2020-07-14,2020071401012742,EBL,33,4,100,662.00,"66,200.00"
2020-07-14,2020071401012741,EBL,13,4,500,662.00,"331,000.00"
2020-07-14,2020071401012884,EIC,32,45,78,410.00,"31,980.00"
2020-07-14,2020071401012811,EIC,32,37,122,410.00,"50,020.00"
2020-07-14,2020071401012810,EIC,45,37,78,410.00,"31,980.00"
2020-07-14,2020071401012506,EIC,45,35,222,410.00,"91,020.00"
2020-07-14,2020071401012907,FMDBL,21,43,100,558.00,"55,800.00"
2020-07-14,2020071401012906,FMDBL,21,16,50,558.00,"27,900.00"
2020-07-14,2020071401012851,FMDBL,39,16,100,558.00,"55,800.00"
2020-07-14,2020071401012617,FMDBL,50,38,42,560.00,"23,520.00"
2020-07-14,2020071401012616,FMDBL,50,34,552,560.00,"309,120.00"
2020-07-14,2020071401012615,FMDBL,50,13,100,560.00,"56,000.00"
2020-07-14,2020071401012614,FMDBL,50,26,25,559.00,"13,975.00"
2020-07-14,2020071401012613,FMDBL,50,21,100,559.00,"55,900.00"
2020-07-14,2020071401012612,FMDBL,50,39,81,559.00,"45,279.00"
2020-07-14,2020071401012970,GBBL,33,6,305,220.00,"67,100.00"
2020-07-14,2020071401012857,GBBL,33,6,200,221.00,"44,200.00"
2020-07-14,2020071401012837,GBBL,33,1,500,220.00,"110,000.00"
2020-07-14,2020071401012836,GBBL,33,1,"1,000",221.00,"221,000.00"
2020-07-14,2020071401012678,GBBL,33,38,195,220.00,"42,900.00"
2020-07-14,2020071401012677,GBBL,42,38,218,220.00,"47,960.00"
2020-07-14,2020071401012672,GBBL,26,6,54,221.00,"11,934.00"
2020-07-14,2020071401012671,GBBL,26,35,146,221.00,"32,266.00"
2020-07-14,2020071401012902,GBIME,50,38,156,240.00,"37,440.00"
2020-07-14,2020071401012901,GBIME,8,38,180,240.00,"43,200.00"
2020-07-14,2020071401012900,GBIME,44,38,78,240.00,"18,720.00"
2020-07-14,2020071401012693,GBIME,44,43,711,240.00,"170,640.00"
2020-07-14,2020071401012754,GBLBS,58,45,15,532.00,"7,980.00"
2020-07-14,2020071401012662,GFCL,26,56,300,145.00,"43,500.00"
2020-07-14,2020071401012560,GILB,14,42,17,"1,330.00","22,610.00"
2020-07-14,2020071401012559,GILB,14,44,33,"1,327.00","43,791.00"
2020-07-14,2020071401012558,GILB,14,33,50,"1,326.00","66,300.00"
2020-07-14,2020071401012858,GLBSL,33,13,10,788.00,"7,880.00"
2020-07-14,2020071401012679,GLBSL,33,41,37,788.00,"29,156.00"
2020-07-14,2020071401012874,GLICL,42,42,100,470.00,"47,000.00"
2020-07-14,2020071401012707,GLICL,39,46,50,470.00,"23,500.00"
2020-07-14,2020071401012706,GLICL,41,46,50,470.00,"23,500.00"
2020-07-14,2020071401012705,GLICL,21,46,107,471.00,"50,397.00"
2020-07-14,2020071401012704,GLICL,21,46,100,471.00,"47,100.00"
2020-07-14,2020071401012703,GLICL,5,46,45,472.00,"21,240.00"
2020-07-14,2020071401012702,GLICL,58,46,30,473.00,"14,190.00"
2020-07-14,2020071401012701,GLICL,32,46,32,473.00,"15,136.00"
2020-07-14,2020071401012700,GLICL,21,46,80,474.00,"37,920.00"
2020-07-14,2020071401012529,GMFBS,43,13,10,887.00,"8,870.00"
2020-07-14,2020071401012795,HBL,58,22,236,516.00,"121,776.00"
2020-07-14,2020071401012794,HBL,58,8,343,515.00,"176,645.00"
2020-07-14,2020071401012731,HBL,38,22,50,514.00,"25,700.00"
2020-07-14,2020071401012730,HBL,38,50,30,514.00,"15,420.00"
2020-07-14,2020071401012729,HBL,38,25,100,514.00,"51,400.00"
2020-07-14,2020071401012586,HBL,10,22,50,514.00,"25,700.00"
2020-07-14,2020071401012813,HDL,13,52,10,"1,622.00","16,220.00"
2020-07-14,2020071401012738,HDL,58,26,25,"1,620.00","40,500.00"
2020-07-14,2020071401012737,HDL,42,26,20,"1,620.00","32,400.00"
2020-07-14,2020071401012736,HDL,45,26,50,"1,620.00","81,000.00"
2020-07-14,2020071401012551,HDL,25,38,52,"1,622.00","84,344.00"
2020-07-14,2020071401012550,HDL,25,58,300,"1,622.00","486,600.00"
2020-07-14,2020071401012535,HDL,44,26,50,"1,620.00","81,000.00"
2020-07-14,2020071401012578,HGI,42,39,39,414.00,"16,146.00"
2020-07-14,2020071401012577,HGI,38,39,200,415.00,"83,000.00"
2020-07-14,2020071401012576,HGI,6,39,100,415.00,"41,500.00"
2020-07-14,2020071401012575,HGI,26,39,20,415.00,"8,300.00"
2020-07-14,2020071401012574,HGI,10,39,80,416.00,"33,280.00"
2020-07-14,2020071401012848,ICFC,49,17,20,174.00,"3,480.00"
2020-07-14,2020071401012936,IGI,19,6,10,433.00,"4,330.00"
2020-07-14,2020071401012893,IGI,48,6,100,428.00,"42,800.00"
2020-07-14,2020071401012878,ILBS,54,57,11,818.00,"8,998.00"
2020-07-14,2020071401012649,ILBS,53,50,62,817.00,"50,654.00"
2020-07-14,2020071401012657,JOSHI,34,43,20,50.00,"1,000.00"
2020-07-14,2020071401012860,JSLBB,14,52,22,"1,666.00","36,652.00"
2020-07-14,2020071401012859,JSLBB,37,52,10,"1,667.00","16,670.00"
2020-07-14,2020071401012823,JSLBB,13,52,10,"1,670.00","16,700.00"
