Date,Transact. No.,Symbol,Buyer,Seller,Quantity,Rate,Amount
2019-07-04,2019070401007715,ADBL,42,22,200,411.00,"82,200.00"
2019-07-04,2019070401007634,ADBL,50,22,20,411.00,"8,220.00"
2019-07-04,2019070401007588,ADBL,51,51,2,410.00,820.00
2019-07-04,2019070401007386,ADBL,5,57,38,410.00,"15,580.00"
2019-07-04,2019070401007385,ADBL,11,57,50,410.00,"20,500.00"
2019-07-04,2019070401007384,ADBL,41,57,162,410.00,"66,420.00"
2019-07-04,2019070401007375,ADBL,41,34,138,410.00,"56,580.00"
2019-07-04,2019070401007664,AKPL,41,34,226,187.00,"42,262.00"
2019-07-04,2019070401007637,AKPL,41,25,46,186.00,"8,556.00"
2019-07-04,2019070401007550,AKPL,52,40,13,183.00,"2,379.00"
2019-07-04,2019070401007390,ALBSL,50,1,10,398.00,"3,980.00"
2019-07-04,2019070401007369,ALBSL,50,1,10,398.00,"3,980.00"
2019-07-04,2019070401007602,BOKL,25,57,100,263.00,"26,300.00"
2019-07-04,2019070401007505,BOKL,25,11,16,263.00,"4,208.00"
2019-07-04,2019070401007504,BOKL,3,11,20,263.00,"5,260.00"
2019-07-04,2019070401007503,BOKL,7,11,100,263.00,"26,300.00"
2019-07-04,2019070401007502,BOKL,22,11,300,263.00,"78,900.00"
2019-07-04,2019070401007501,BOKL,59,11,64,263.00,"16,832.00"
2019-07-04,2019070401007670,BPCL,36,1,100,401.00,"40,100.00"
2019-07-04,2019070401007844,CBBL,6,50,"1,152",960.00,"1,105,920.00"
2019-07-04,2019070401007836,CBBL,34,34,10,961.00,"9,610.00"
2019-07-04,2019070401007823,CBBL,6,26,100,960.00,"96,000.00"
2019-07-04,2019070401007822,CBBL,6,43,50,959.00,"47,950.00"
2019-07-04,2019070401007368,CBBL,38,26,100,959.00,"95,900.00"
2019-07-04,2019070401007349,CBBL,26,47,20,960.00,"19,200.00"
2019-07-04,2019070401007546,CBBL,6,38,50,960.00,"48,000.00"
2019-07-04,2019070401007538,CBBL,6,21,21,960.00,"20,160.00"
2019-07-04,2019070401007537,CBBL,6,52,40,960.00,"38,400.00"
2019-07-04,2019070401007531,CBBL,6,32,20,960.00,"19,200.00"
2019-07-04,2019070401007530,CBBL,6,37,367,960.00,"352,320.00"
2019-07-04,2019070401007392,CBBL,6,39,125,960.00,"120,000.00"
2019-07-04,2019070401007642,CBBL,38,50,435,956.00,"415,860.00"
2019-07-04,2019070401007582,CBBL,29,21,25,955.00,"23,875.00"
2019-07-04,2019070401007575,CBBL,38,50,200,959.00,"191,800.00"
2019-07-04,2019070401007567,CBBL,38,56,400,959.00,"383,600.00"
2019-07-04,2019070401007566,CBBL,38,56,100,959.00,"95,900.00"
2019-07-04,2019070401007842,CBL,32,49,100,152.00,"15,200.00"
2019-07-04,2019070401007798,CBL,32,49,200,152.00,"30,400.00"
2019-07-04,2019070401007722,CBL,34,22,200,151.00,"30,200.00"
2019-07-04,2019070401007716,CBL,43,49,10,152.00,"1,520.00"
2019-07-04,2019070401007680,CBL,34,25,190,151.00,"28,690.00"
2019-07-04,2019070401007595,CBL,34,1,500,151.00,"75,500.00"
2019-07-04,2019070401007587,CBL,34,5,500,151.00,"75,500.00"
2019-07-04,2019070401007554,CBL,34,7,"1,000",151.00,"151,000.00"
2019-07-04,2019070401007542,CBL,34,55,94,151.00,"14,194.00"
2019-07-04,2019070401007352,CBL,34,38,248,151.00,"37,448.00"
2019-07-04,2019070401007351,CBL,42,38,300,151.00,"45,300.00"
2019-07-04,2019070401007350,CBL,52,38,402,151.00,"60,702.00"
2019-07-04,2019070401007830,CCBL,43,35,796,178.00,"141,688.00"
2019-07-04,2019070401007829,CCBL,43,25,200,178.00,"35,600.00"
2019-07-04,2019070401007828,CCBL,43,37,600,178.00,"106,800.00"
2019-07-04,2019070401007827,CCBL,43,21,100,177.00,"17,700.00"
2019-07-04,2019070401007826,CCBL,43,59,61,177.00,"10,797.00"
2019-07-04,2019070401007825,CCBL,43,33,243,177.00,"43,011.00"
2019-07-04,2019070401007649,CCBL,14,58,500,175.00,"87,500.00"
2019-07-04,2019070401007648,CCBL,32,58,400,176.00,"70,400.00"
2019-07-04,2019070401007603,CCBL,32,59,50,176.00,"8,800.00"
2019-07-04,2019070401007545,CCBL,32,25,50,176.00,"8,800.00"
2019-07-04,2019070401007427,CCBL,17,25,250,176.00,"44,000.00"
2019-07-04,2019070401007404,CCBL,17,14,100,176.00,"17,600.00"
2019-07-04,2019070401007669,CCBL,42,33,250,177.00,"44,250.00"
2019-07-04,2019070401007656,CCBL,5,14,100,176.00,"17,600.00"
2019-07-04,2019070401007653,CCBL,32,58,"1,400",175.00,"245,000.00"
2019-07-04,2019070401007652,CCBL,41,58,50,175.00,"8,750.00"
2019-07-04,2019070401007651,CCBL,35,58,50,175.00,"8,750.00"
2019-07-04,2019070401007650,CCBL,34,58,100,175.00,"17,500.00"
2019-07-04,2019070401007456,CIT,26,45,180,"2,430.00","437,400.00"
2019-07-04,2019070401007455,CIT,39,45,30,"2,430.00","72,900.00"
2019-07-04,2019070401007454,CIT,42,45,30,"2,430.00","72,900.00"
2019-07-04,2019070401007453,CIT,35,45,10,"2,430.00","24,300.00"
2019-07-04,2019070401007452,CIT,35,45,20,"2,430.00","48,600.00"
2019-07-04,2019070401007451,CIT,22,45,30,"2,431.00","72,930.00"
2019-07-04,2019070401007450,CIT,35,45,10,"2,431.00","24,310.00"
2019-07-04,2019070401007449,CIT,21,45,10,"2,432.00","24,320.00"
2019-07-04,2019070401007448,CIT,34,45,50,"2,432.00","121,600.00"
2019-07-04,2019070401007447,CIT,35,45,10,"2,435.00","24,350.00"
2019-07-04,2019070401007446,CIT,42,45,20,"2,435.00","48,700.00"
2019-07-04,2019070401007547,CZBIL,56,43,"1,000",224.00,"224,000.00"
2019-07-04,2019070401007811,DBBL,14,57,10,140.00,"1,400.00"
2019-07-04,2019070401007810,DBBL,14,47,102,139.00,"14,178.00"
2019-07-04,2019070401007809,DBBL,14,32,61,139.00,"8,479.00"
2019-07-04,2019070401007366,EBL,44,26,40,660.00,"26,400.00"
2019-07-04,2019070401007668,FMDBL,39,41,50,385.00,"19,250.00"
2019-07-04,2019070401007439,FMDBL,39,36,500,385.00,"192,500.00"
2019-07-04,2019070401007834,GBBL,58,47,30,227.00,"6,810.00"
2019-07-04,2019070401007841,GBIME,6,37,500,295.00,"147,500.00"
2019-07-04,2019070401007768,GBIME,6,36,"1,000",294.00,"294,000.00"
2019-07-04,2019070401007559,GBIME,8,59,"1,180",294.00,"346,920.00"
2019-07-04,2019070401007444,GBIME,54,59,200,294.00,"58,800.00"
2019-07-04,2019070401007429,GBIME,42,59,28,294.00,"8,232.00"
2019-07-04,2019070401007373,GBIME,6,59,16,294.00,"4,704.00"
2019-07-04,2019070401007354,GBIME,8,58,86,295.00,"25,370.00"
2019-07-04,2019070401007360,GBIME,8,26,100,295.00,"29,500.00"
2019-07-04,2019070401007359,GBIME,8,6,"1,500",295.00,"442,500.00"
2019-07-04,2019070401007358,GBIME,8,6,"1,338",295.00,"394,710.00"
2019-07-04,2019070401007357,GBIME,8,6,"1,500",295.00,"442,500.00"
2019-07-04,2019070401007356,GBIME,8,32,100,295.00,"29,500.00"
2019-07-04,2019070401007355,GBIME,8,37,950,295.00,"280,250.00"
2019-07-04,2019070401007797,GBLBS,29,38,560,349.00,"195,440.00"
2019-07-04,2019070401007733,GBLBS,1,36,420,346.00,"145,320.00"
2019-07-04,2019070401007713,GBLBS,29,38,90,349.00,"31,410.00"
2019-07-04,2019070401007693,GBLBS,29,26,10,348.00,"3,480.00"
2019-07-04,2019070401007619,GDBL,51,51,8,210.00,"1,680.00"
2019-07-04,2019070401007519,GHL,34,17,30,80.00,"2,400.00"
2019-07-04,2019070401007833,GILB,38,58,20,"1,244.00","24,880.00"
2019-07-04,2019070401007784,GILB,34,57,10,"1,267.00","12,670.00"
2019-07-04,2019070401007414,GILB,21,21,7,"1,225.00","8,575.00"
2019-07-04,2019070401007517,GLBSL,14,55,10,398.00,"3,980.00"
2019-07-04,2019070401007486,GLBSL,42,55,10,398.00,"3,980.00"
2019-07-04,2019070401007572,GLICL,34,48,62,476.00,"29,512.00"
2019-07-04,2019070401007571,GLICL,36,48,100,476.00,"47,600.00"
2019-07-04,2019070401007570,GLICL,28,48,50,477.00,"23,850.00"
2019-07-04,2019070401007569,GLICL,26,48,50,478.00,"23,900.00"
2019-07-04,2019070401007663,GMFBS,34,34,10,464.00,"4,640.00"
2019-07-04,2019070401007662,GMFBS,34,34,10,462.00,"4,620.00"
2019-07-04,2019070401007661,GMFBS,34,57,10,460.00,"4,600.00"
2019-07-04,2019070401007681,HDL,58,57,100,"1,678.00","167,800.00"
2019-07-04,2019070401007576,HDL,58,17,500,"1,665.00","832,500.00"
2019-07-04,2019070401007461,HDL,58,17,150,"1,665.00","249,750.00"
2019-07-04,2019070401007423,HDL,58,17,200,"1,666.00","333,200.00"
2019-07-04,2019070401007422,HDL,22,17,200,"1,666.00","333,200.00"
2019-07-04,2019070401007421,HDL,35,17,10,"1,666.00","16,660.00"
2019-07-04,2019070401007420,HDL,34,17,50,"1,667.00","83,350.00"
2019-07-04,2019070401007419,HDL,7,17,100,"1,668.00","166,800.00"
2019-07-04,2019070401007418,HDL,7,17,290,"1,670.00","484,300.00"
2019-07-04,2019070401007610,HGI,47,20,174,357.00,"62,118.00"
2019-07-04,2019070401007609,HGI,29,20,30,357.00,"10,710.00"
2019-07-04,2019070401007608,HGI,13,20,100,358.00,"35,800.00"
2019-07-04,2019070401007607,HGI,48,20,100,359.00,"35,900.00"
2019-07-04,2019070401007383,HIDCL,36,6,500,161.00,"80,500.00"
2019-07-04,2019070401007382,HIDCL,36,14,272,161.00,"43,792.00"
2019-07-04,2019070401007381,HIDCL,36,8,500,161.00,"80,500.00"
2019-07-04,2019070401007380,HIDCL,36,55,30,161.00,"4,830.00"
2019-07-04,2019070401007491,JBBL,58,44,20,157.00,"3,140.00"
2019-07-04,2019070401007413,JBBL,46,39,109,156.00,"17,004.00"
2019-07-04,2019070401007412,JBBL,46,44,95,156.00,"14,820.00"
2019-07-04,2019070401007767,JBNL,51,14,100,214.00,"21,400.00"
2019-07-04,2019070401007766,JBNL,38,14,24,214.00,"5,136.00"
2019-07-04,2019070401007759,JBNL,38,17,476,214.00,"101,864.00"
2019-07-04,2019070401007758,JBNL,38,17,"1,000",214.00,"214,000.00"
2019-07-04,2019070401007757,JBNL,28,17,996,214.00,"213,144.00"
2019-07-04,2019070401007717,JBNL,28,34,500,214.00,"107,000.00"
2019-07-04,2019070401007372,JBNL,6,42,361,214.00,"77,254.00"
2019-07-04,2019070401007371,JBNL,6,17,45,214.00,"9,630.00"
2019-07-04,2019070401007370,JBNL,34,17,189,214.00,"40,446.00"
2019-07-04,2019070401007362,JBNL,34,14,11,214.00,"2,354.00"
2019-07-04,2019070401007361,JBNL,56,14,489,214.00,"104,646.00"
2019-07-04,2019070401007561,JBNL,54,6,906,214.00,"193,884.00"
2019-07-04,2019070401007560,JBNL,6,6,"1,094",214.00,"234,116.00"
2019-07-04,2019070401007494,JBNL,6,45,500,214.00,"107,000.00"
2019-07-04,2019070401007443,JBNL,39,38,50,215.00,"10,750.00"
2019-07-04,2019070401007394,JBNL,54,38,374,215.00,"80,410.00"
2019-07-04,2019070401007393,JBNL,54,26,126,215.00,"27,090.00"
2019-07-04,2019070401007624,JBNL,28,6,504,214.00,"107,856.00"
2019-07-04,2019070401007623,JBNL,38,6,500,214.00,"107,000.00"
2019-07-04,2019070401007622,JBNL,18,6,"1,000",214.00,"214,000.00"
2019-07-04,2019070401007621,JBNL,54,6,94,214.00,"20,116.00"
2019-07-04,2019070401007601,JBNL,54,6,"2,000",214.00,"428,000.00"
2019-07-04,2019070401007581,JBNL,54,6,"2,000",214.00,"428,000.00"
2019-07-04,2019070401007403,JOSHI,13,59,20,79.00,"1,580.00"
2019-07-04,2019070401007544,KBBL,58,50,20,238.00,"4,760.00"
2019-07-04,2019070401007524,KBBL,6,33,"1,000",237.00,"237,000.00"
2019-07-04,2019070401007367,KBBL,4,50,10,238.00,"2,380.00"
2019-07-04,2019070401007816,KBL,43,38,581,217.00,"126,077.00"
2019-07-04,2019070401007808,KBL,43,16,20,219.00,"4,380.00"
2019-07-04,2019070401007646,KBL,43,42,"2,000",217.00,"434,000.00"
2019-07-04,2019070401007626,KBL,43,42,"1,332",217.00,"289,044.00"
2019-07-04,2019070401007577,KBL,43,6,100,217.00,"21,700.00"
2019-07-04,2019070401007507,KBL,43,6,568,217.00,"123,256.00"
2019-07-04,2019070401007506,KBL,43,6,932,217.00,"202,244.00"
2019-07-04,2019070401007458,KPCL,3,38,10,92.00,920.00
2019-07-04,2019070401007457,KPCL,3,38,10,92.00,920.00
2019-07-04,2019070401007589,KPCL,3,17,10,92.00,920.00
2019-07-04,2019070401007460,KPCL,3,42,250,92.00,"23,000.00"
2019-07-04,2019070401007459,KPCL,3,52,20,92.00,"1,840.00"
2019-07-04,2019070401007482,KRBL,34,6,100,117.00,"11,700.00"
2019-07-04,2019070401007365,KSBBL,58,32,20,157.00,"3,140.00"
2019-07-04,2019070401007794,LBBL,59,34,10,197.00,"1,970.00"
2019-07-04,2019070401007525,LBBL,49,48,89,195.00,"17,355.00"
2019-07-04,2019070401007426,LBBL,49,57,210,195.00,"40,950.00"
2019-07-04,2019070401007425,LBBL,42,57,90,195.00,"17,550.00"
2019-07-04,2019070401007477,LBL,38,48,252,223.00,"56,196.00"
2019-07-04,2019070401007528,LGIL,43,14,50,440.00,"22,000.00"
2019-07-04,2019070401007527,LGIL,43,14,50,441.00,"22,050.00"
2019-07-04,2019070401007536,LICN,14,36,10,"1,651.00","16,510.00"
2019-07-04,2019070401007437,LICN,35,55,109,"1,652.00","180,068.00"
2019-07-04,2019070401007814,MBL,40,57,172,265.00,"45,580.00"
2019-07-04,2019070401007556,MBL,48,26,500,265.00,"132,500.00"
2019-07-04,2019070401007837,MEGA,43,43,20,208.00,"4,160.00"
2019-07-04,2019070401007770,MEGA,42,48,25,208.00,"5,200.00"
2019-07-04,2019070401007769,MEGA,5,48,200,208.00,"41,600.00"
2019-07-04,2019070401007731,MEGA,5,25,31,208.00,"6,448.00"
2019-07-04,2019070401007730,MEGA,5,41,599,208.00,"124,592.00"
2019-07-04,2019070401007729,MEGA,13,25,200,208.00,"41,600.00"
2019-07-04,2019070401007462,MEGA,56,28,200,208.00,"41,600.00"
2019-07-04,2019070401007378,MEGA,39,45,200,208.00,"41,600.00"
2019-07-04,2019070401007692,MEGA,45,25,300,208.00,"62,400.00"
2019-07-04,2019070401007690,MEGA,48,13,"1,000",207.00,"207,000.00"
2019-07-04,2019070401007655,MEGA,45,25,50,208.00,"10,400.00"
2019-07-04,2019070401007574,MEGA,48,28,800,207.00,"165,600.00"
2019-07-04,2019070401007573,MEGA,50,28,200,207.00,"41,400.00"
2019-07-04,2019070401007529,MEGA,56,25,50,208.00,"10,400.00"
2019-07-04,2019070401007840,MERO,20,45,20,524.00,"10,480.00"
2019-07-04,2019070401007839,MERO,26,45,27,525.00,"14,175.00"
2019-07-04,2019070401007549,MLBL,38,52,500,192.00,"96,000.00"
2019-07-04,2019070401007548,MLBL,38,52,500,192.00,"96,000.00"
2019-07-04,2019070401007434,MLBL,34,32,97,190.00,"18,430.00"
2019-07-04,2019070401007431,MNBBL,10,21,79,369.00,"29,151.00"
2019-07-04,2019070401007430,MNBBL,10,17,21,369.00,"7,749.00"
2019-07-04,2019070401007377,NABIL,46,11,38,798.00,"30,324.00"
2019-07-04,2019070401007376,NABIL,46,25,62,797.00,"49,414.00"
2019-07-04,2019070401007700,NAGRO,34,28,10,525.00,"5,250.00"
2019-07-04,2019070401007699,NAGRO,34,38,10,523.00,"5,230.00"
2019-07-04,2019070401007698,NAGRO,34,8,10,518.00,"5,180.00"
2019-07-04,2019070401007697,NAGRO,34,51,10,516.00,"5,160.00"
2019-07-04,2019070401007696,NBB,39,57,70,224.00,"15,680.00"
2019-07-04,2019070401007695,NBB,39,58,30,224.00,"6,720.00"
2019-07-04,2019070401007821,NBL,59,10,980,337.00,"330,260.00"
2019-07-04,2019070401007805,NBL,7,34,565,336.00,"189,840.00"
2019-07-04,2019070401007804,NBL,19,34,300,336.00,"100,800.00"
2019-07-04,2019070401007803,NBL,32,34,"3,000",336.00,"1,008,000.00"
2019-07-04,2019070401007802,NBL,41,34,35,336.00,"11,760.00"
2019-07-04,2019070401007801,NBL,52,34,100,336.00,"33,600.00"
2019-07-04,2019070401007532,NBL,45,7,364,337.00,"122,668.00"
2019-07-04,2019070401007481,NBL,58,42,130,338.00,"43,940.00"
2019-07-04,2019070401007480,NBL,58,17,500,338.00,"169,000.00"
2019-07-04,2019070401007479,NBL,58,53,370,338.00,"125,060.00"
2019-07-04,2019070401007465,NBL,13,53,20,338.00,"6,760.00"
2019-07-04,2019070401007397,NBL,45,35,26,337.00,"8,762.00"
2019-07-04,2019070401007800,NBL,56,34,"1,000",336.00,"336,000.00"
2019-07-04,2019070401007799,NBL,51,34,"2,000",336.00,"672,000.00"
2019-07-04,2019070401007714,NBL,28,10,20,337.00,"6,740.00"
2019-07-04,2019070401007631,NBL,19,14,50,337.00,"16,850.00"
2019-07-04,2019070401007630,NBL,45,14,364,337.00,"122,668.00"
2019-07-04,2019070401007533,NBL,45,7,636,337.00,"214,332.00"
2019-07-04,2019070401007796,NCCB,56,36,"1,500",248.00,"372,000.00"
2019-07-04,2019070401007795,NCCB,56,36,500,248.00,"124,000.00"
2019-07-04,2019070401007660,NCCB,56,41,500,248.00,"124,000.00"
2019-07-04,2019070401007628,NCCB,56,8,"1,000",248.00,"248,000.00"
2019-07-04,2019070401007541,NCCB,56,8,100,248.00,"24,800.00"
2019-07-04,2019070401007499,NCCB,58,8,400,248.00,"99,200.00"
2019-07-04,2019070401007498,NCCB,58,40,100,248.00,"24,800.00"
2019-07-04,2019070401007440,NEF,56,16,500,8.24,"4,120.00"
2019-07-04,2019070401007781,NHPC,40,45,"1,000",65.00,"65,000.00"
2019-07-04,2019070401007599,NHPC,33,52,"2,000",66.00,"132,000.00"
2019-07-04,2019070401007598,NHPC,33,41,"1,000",66.00,"66,000.00"
2019-07-04,2019070401007597,NHPC,33,52,"1,000",66.00,"66,000.00"
2019-07-04,2019070401007389,NHPC,40,7,500,65.00,"32,500.00"
2019-07-04,2019070401007388,NHPC,25,7,"1,000",65.00,"65,000.00"
2019-07-04,2019070401007387,NHPC,1,7,500,65.00,"32,500.00"
2019-07-04,2019070401007756,NIB,59,13,254,521.00,"132,334.00"
2019-07-04,2019070401007755,NIB,4,13,400,521.00,"208,400.00"
2019-07-04,2019070401007754,NIB,4,13,233,521.00,"121,393.00"
2019-07-04,2019070401007753,NIB,45,13,245,522.00,"127,890.00"
2019-07-04,2019070401007735,NIB,45,13,255,522.00,"133,110.00"
2019-07-04,2019070401007689,NIB,49,13,20,522.00,"10,440.00"
2019-07-04,2019070401007638,NIB,51,51,5,522.00,"2,610.00"
2019-07-04,2019070401007442,NIB,45,13,50,522.00,"26,100.00"
2019-07-04,2019070401007737,NICA,5,13,325,462.00,"150,150.00"
2019-07-04,2019070401007553,NICA,33,25,483,461.00,"222,663.00"
2019-07-04,2019070401007552,NICA,49,25,90,461.00,"41,490.00"
2019-07-04,2019070401007551,NICA,52,25,427,461.00,"196,847.00"
2019-07-04,2019070401007523,NICA,52,16,73,461.00,"33,653.00"
2019-07-04,2019070401007522,NICA,10,16,277,461.00,"127,697.00"
2019-07-04,2019070401007760,NICL,58,39,265,352.00,"93,280.00"
2019-07-04,2019070401007659,NICL,38,16,50,353.00,"17,650.00"
2019-07-04,2019070401007627,NICL,43,53,10,354.00,"3,540.00"
2019-07-04,2019070401007641,NIL,39,34,250,484.00,"121,000.00"
2019-07-04,2019070401007640,NIL,39,4,45,483.00,"21,735.00"
2019-07-04,2019070401007639,NIL,39,34,40,480.00,"19,200.00"
2019-07-04,2019070401007396,NIL,40,34,50,480.00,"24,000.00"
2019-07-04,2019070401007391,NIL,44,34,50,480.00,"24,000.00"
2019-07-04,2019070401007568,NLBBL,8,47,30,488.00,"14,640.00"
2019-07-04,2019070401007813,NLIC,28,42,30,895.00,"26,850.00"
2019-07-04,2019070401007812,NLIC,17,42,10,895.00,"8,950.00"
2019-07-04,2019070401007671,NLIC,8,33,20,898.00,"17,960.00"
2019-07-04,2019070401007620,NLIC,34,33,80,898.00,"71,840.00"
2019-07-04,2019070401007518,NLIC,34,33,100,898.00,"89,800.00"
2019-07-04,2019070401007409,NLIC,34,19,20,898.00,"17,960.00"
2019-07-04,2019070401007683,NLICL,11,38,55,596.00,"32,780.00"
2019-07-04,2019070401007682,NLICL,44,38,45,596.00,"26,820.00"
2019-07-04,2019070401007665,NLICL,43,28,10,598.00,"5,980.00"
2019-07-04,2019070401007436,NLICL,44,19,20,596.00,"11,920.00"
2019-07-04,2019070401007516,NMBSF1,34,58,"24,900",10.81,"269,169.00"
2019-07-04,2019070401007515,NMBSF1,34,51,"5,000",10.75,"53,750.00"
2019-07-04,2019070401007514,NMBSF1,34,51,"5,000",10.75,"53,750.00"
2019-07-04,2019070401007513,NMBSF1,34,51,"5,000",10.74,"53,700.00"
2019-07-04,2019070401007512,NMBSF1,34,51,"5,000",10.74,"53,700.00"
2019-07-04,2019070401007738,NTC,43,34,10,698.00,"6,980.00"
2019-07-04,2019070401007428,OHL,35,4,25,615.00,"15,375.00"
2019-07-04,2019070401007721,PCBL,49,48,28,284.00,"7,952.00"
2019-07-04,2019070401007674,PCBL,53,6,648,281.00,"182,088.00"
2019-07-04,2019070401007673,PCBL,57,6,100,281.00,"28,100.00"
2019-07-04,2019070401007672,PCBL,53,6,252,281.00,"70,812.00"
2019-07-04,2019070401007416,PCBL,53,29,748,281.00,"210,188.00"
2019-07-04,2019070401007415,PCBL,59,29,50,281.00,"14,050.00"
2019-07-04,2019070401007819,PIC,28,37,50,944.00,"47,200.00"
2019-07-04,2019070401007818,PIC,19,48,10,945.00,"9,450.00"
2019-07-04,2019070401007815,PIC,32,48,10,945.00,"9,450.00"
2019-07-04,2019070401007807,PIC,20,33,93,942.00,"87,606.00"
2019-07-04,2019070401007806,PIC,20,34,11,942.00,"10,362.00"
2019-07-04,2019070401007782,PIC,20,59,23,940.00,"21,620.00"
2019-07-04,2019070401007399,PIC,40,45,11,938.00,"10,318.00"
2019-07-04,2019070401007379,PIC,51,5,20,940.00,"18,800.00"
2019-07-04,2019070401007374,PIC,40,45,11,938.00,"10,318.00"
2019-07-04,2019070401007364,PIC,40,33,11,938.00,"10,318.00"
2019-07-04,2019070401007345,PIC,40,45,11,938.00,"10,318.00"
2019-07-04,2019070401007435,PIC,55,57,19,938.00,"17,822.00"
2019-07-04,2019070401007424,PIC,50,57,81,938.00,"75,978.00"
2019-07-04,2019070401007417,PIC,50,10,50,938.00,"46,900.00"
2019-07-04,2019070401007411,PIC,50,13,169,938.00,"158,522.00"
2019-07-04,2019070401007410,PIC,40,13,56,938.00,"52,528.00"
2019-07-04,2019070401007408,PIC,21,5,10,940.00,"9,400.00"
2019-07-04,2019070401007509,PIC,10,57,56,940.00,"52,640.00"
2019-07-04,2019070401007485,PIC,10,57,183,940.00,"172,020.00"
2019-07-04,2019070401007484,PIC,10,38,50,940.00,"47,000.00"
2019-07-04,2019070401007483,PIC,10,5,60,940.00,"56,400.00"
2019-07-04,2019070401007445,PIC,21,5,10,940.00,"9,400.00"
2019-07-04,2019070401007441,PIC,55,35,100,939.00,"93,900.00"
2019-07-04,2019070401007565,PIC,39,50,11,941.00,"10,351.00"
2019-07-04,2019070401007564,PIC,16,50,189,941.00,"177,849.00"
2019-07-04,2019070401007558,PIC,29,17,25,942.00,"23,550.00"
2019-07-04,2019070401007555,PIC,16,34,11,941.00,"10,351.00"
2019-07-04,2019070401007521,PIC,57,17,40,942.00,"37,680.00"
2019-07-04,2019070401007520,PIC,57,50,40,942.00,"37,680.00"
2019-07-04,2019070401007594,PIC,10,1,150,945.00,"141,750.00"
2019-07-04,2019070401007593,PIC,10,50,300,945.00,"283,500.00"
2019-07-04,2019070401007592,PIC,10,33,300,945.00,"283,500.00"
2019-07-04,2019070401007591,PIC,10,14,100,943.00,"94,300.00"
2019-07-04,2019070401007590,PIC,10,16,200,943.00,"188,600.00"
2019-07-04,2019070401007580,PIC,52,17,35,942.00,"32,970.00"
2019-07-04,2019070401007632,PIC,1,49,21,943.00,"19,803.00"
2019-07-04,2019070401007625,PIC,34,37,11,946.00,"10,406.00"
2019-07-04,2019070401007615,PIC,1,34,21,943.00,"19,803.00"
2019-07-04,2019070401007614,PIC,10,34,90,945.00,"85,050.00"
2019-07-04,2019070401007604,PIC,45,37,50,946.00,"47,300.00"
2019-07-04,2019070401007600,PIC,10,50,11,945.00,"10,395.00"
2019-07-04,2019070401007720,PIC,21,50,11,940.00,"10,340.00"
2019-07-04,2019070401007702,PIC,21,49,22,940.00,"20,680.00"
2019-07-04,2019070401007687,PIC,28,6,23,944.00,"21,712.00"
2019-07-04,2019070401007647,PIC,33,37,44,946.00,"41,624.00"
2019-07-04,2019070401007636,PIC,21,35,65,940.00,"61,100.00"
2019-07-04,2019070401007635,PIC,52,35,25,942.00,"23,550.00"
2019-07-04,2019070401007743,PIC,41,56,100,940.00,"94,000.00"
2019-07-04,2019070401007742,PIC,56,56,50,940.00,"47,000.00"
2019-07-04,2019070401007741,PIC,45,56,50,940.00,"47,000.00"
2019-07-04,2019070401007740,PIC,57,56,23,944.00,"21,712.00"
2019-07-04,2019070401007734,PIC,57,6,77,944.00,"72,688.00"
2019-07-04,2019070401007732,PIC,58,1,100,943.00,"94,300.00"
2019-07-04,2019070401007749,PIC,55,56,81,939.00,"76,059.00"
2019-07-04,2019070401007748,PIC,56,56,50,940.00,"47,000.00"
2019-07-04,2019070401007747,PIC,53,56,50,940.00,"47,000.00"
2019-07-04,2019070401007746,PIC,7,56,100,940.00,"94,000.00"
2019-07-04,2019070401007745,PIC,43,56,50,940.00,"47,000.00"
2019-07-04,2019070401007744,PIC,49,56,50,940.00,"47,000.00"
2019-07-04,2019070401007776,PIC,57,14,11,938.00,"10,318.00"
2019-07-04,2019070401007772,PIC,29,35,59,937.00,"55,283.00"
2019-07-04,2019070401007771,PIC,57,35,24,938.00,"22,512.00"
2019-07-04,2019070401007752,PIC,57,56,176,938.00,"165,088.00"
2019-07-04,2019070401007751,PIC,45,56,10,938.00,"9,380.00"
2019-07-04,2019070401007750,PIC,50,56,10,939.00,"9,390.00"
2019-07-04,2019070401007667,PICL,26,48,95,555.00,"52,725.00"
2019-07-04,2019070401007666,PICL,16,48,450,555.00,"249,750.00"
2019-07-04,2019070401007490,PICL,16,19,30,555.00,"16,650.00"
2019-07-04,2019070401007596,PLIC,36,11,15,441.00,"6,615.00"
2019-07-04,2019070401007835,PRIN,44,32,10,377.00,"3,770.00"
2019-07-04,2019070401007728,PRIN,46,40,100,370.00,"37,000.00"
2019-07-04,2019070401007727,PRIN,10,40,125,370.00,"46,250.00"
2019-07-04,2019070401007726,PRIN,36,40,100,370.00,"37,000.00"
2019-07-04,2019070401007725,PRIN,57,40,50,370.00,"18,500.00"
2019-07-04,2019070401007724,PRIN,48,40,150,370.00,"55,500.00"
2019-07-04,2019070401007723,PRIN,38,40,858,370.00,"317,460.00"
2019-07-04,2019070401007402,PRIN,38,6,142,370.00,"52,540.00"
2019-07-04,2019070401007401,PRIN,32,6,180,370.00,"66,600.00"
2019-07-04,2019070401007400,PRIN,32,6,100,370.00,"37,000.00"
2019-07-04,2019070401007831,PRVU,44,46,157,271.00,"42,547.00"
2019-07-04,2019070401007793,PRVU,25,46,400,272.00,"108,800.00"
2019-07-04,2019070401007792,PRVU,44,46,50,272.00,"13,600.00"
2019-07-04,2019070401007791,PRVU,19,46,500,272.00,"136,000.00"
2019-07-04,2019070401007790,PRVU,51,46,50,272.00,"13,600.00"
2019-07-04,2019070401007789,PRVU,55,46,500,272.00,"136,000.00"
2019-07-04,2019070401007347,PRVU,41,6,200,272.00,"54,400.00"
2019-07-04,2019070401007346,PRVU,26,6,16,272.00,"4,352.00"
2019-07-04,2019070401007469,PRVU,29,6,200,272.00,"54,400.00"
2019-07-04,2019070401007468,PRVU,35,6,100,272.00,"27,200.00"
2019-07-04,2019070401007467,PRVU,21,6,300,272.00,"81,600.00"
2019-07-04,2019070401007466,PRVU,51,6,216,272.00,"58,752.00"
2019-07-04,2019070401007348,PRVU,51,6,784,272.00,"213,248.00"
2019-07-04,2019070401007584,PRVU,45,14,194,272.00,"52,768.00"
2019-07-04,2019070401007497,PRVU,45,25,100,272.00,"27,200.00"
2019-07-04,2019070401007493,PRVU,45,6,706,272.00,"192,032.00"
2019-07-04,2019070401007492,PRVU,22,6,274,272.00,"74,528.00"
2019-07-04,2019070401007478,PRVU,36,6,20,273.00,"5,460.00"
2019-07-04,2019070401007470,PRVU,22,6,256,272.00,"69,632.00"
2019-07-04,2019070401007657,PRVU,17,25,"1,000",272.00,"272,000.00"
2019-07-04,2019070401007654,PRVU,17,41,300,272.00,"81,600.00"
2019-07-04,2019070401007618,PRVU,17,51,500,272.00,"136,000.00"
2019-07-04,2019070401007586,PRVU,17,25,198,272.00,"53,856.00"
2019-07-04,2019070401007585,PRVU,17,14,806,272.00,"219,232.00"
2019-07-04,2019070401007788,PRVU,53,46,100,272.00,"27,200.00"
2019-07-04,2019070401007787,PRVU,16,46,"1,000",272.00,"272,000.00"
2019-07-04,2019070401007786,PRVU,59,46,200,272.00,"54,400.00"
2019-07-04,2019070401007785,PRVU,17,46,43,272.00,"11,696.00"
2019-07-04,2019070401007688,PRVU,17,36,"1,153",272.00,"313,616.00"
2019-07-04,2019070401007684,PRVU,17,14,"1,000",272.00,"272,000.00"
2019-07-04,2019070401007543,RHPC,44,40,10,92.00,920.00
2019-07-04,2019070401007780,RMDC,39,49,"1,081",663.00,"716,703.00"
2019-07-04,2019070401007779,RMDC,26,49,300,663.00,"198,900.00"
2019-07-04,2019070401007778,RMDC,26,49,442,663.00,"293,046.00"
2019-07-04,2019070401007535,RMDC,39,19,20,665.00,"13,300.00"
2019-07-04,2019070401007534,RMDC,39,51,500,664.00,"332,000.00"
2019-07-04,2019070401007511,RMDC,26,19,58,663.00,"38,454.00"
2019-07-04,2019070401007686,SADBL,5,56,700,152.00,"106,400.00"
2019-07-04,2019070401007736,SANIMA,42,47,100,351.00,"35,100.00"
2019-07-04,2019070401007658,SBI,55,53,44,467.00,"20,548.00"
2019-07-04,2019070401007583,SBI,55,40,100,467.00,"46,700.00"
2019-07-04,2019070401007685,SBL,39,52,230,324.00,"74,520.00"
2019-07-04,2019070401007629,SBL,48,25,358,325.00,"116,350.00"
2019-07-04,2019070401007563,SBL,48,57,142,324.00,"46,008.00"
2019-07-04,2019070401007562,SBL,6,57,58,324.00,"18,792.00"
2019-07-04,2019070401007471,SBL,6,44,200,324.00,"64,800.00"
2019-07-04,2019070401007820,SCB,39,42,10,665.00,"6,650.00"
2019-07-04,2019070401007617,SCB,35,28,116,662.00,"76,792.00"
2019-07-04,2019070401007616,SCB,42,28,150,663.00,"99,450.00"
2019-07-04,2019070401007395,SCB,54,28,180,663.00,"119,340.00"
2019-07-04,2019070401007761,SEOS,34,34,"22,029",10.51,"231,524.79"
2019-07-04,2019070401007709,SEOS,49,34,"10,000",10.51,"105,100.00"
2019-07-04,2019070401007708,SEOS,21,34,"10,000",10.51,"105,100.00"
2019-07-04,2019070401007707,SEOS,48,34,"1,000",10.51,"10,510.00"
2019-07-04,2019070401007706,SEOS,34,34,"6,000",10.51,"63,060.00"
2019-07-04,2019070401007705,SEOS,17,34,"20,000",10.52,"210,400.00"
2019-07-04,2019070401007704,SEOS,34,34,"7,821",10.52,"82,276.92"
2019-07-04,2019070401007703,SEOS,41,34,"20,000",10.53,"210,600.00"
2019-07-04,2019070401007489,SEOS,34,48,"2,179",10.52,"22,923.08"
2019-07-04,2019070401007488,SEOS,28,48,100,10.53,"1,053.00"
2019-07-04,2019070401007487,SEOS,21,48,"7,805",10.65,"83,123.25"
2019-07-04,2019070401007463,SEOS,35,34,500,10.68,"5,340.00"
2019-07-04,2019070401007739,SFFIL,14,41,10,208.00,"2,080.00"
2019-07-04,2019070401007783,SHINE,21,17,10,254.00,"2,540.00"
2019-07-04,2019070401007633,SHINE,26,17,200,254.00,"50,800.00"
2019-07-04,2019070401007838,SHIVM,34,36,10,615.00,"6,150.00"
2019-07-04,2019070401007777,SHIVM,34,36,10,615.00,"6,150.00"
2019-07-04,2019070401007679,SHIVM,7,19,85,611.00,"51,935.00"
2019-07-04,2019070401007678,SHIVM,22,19,20,611.00,"12,220.00"
2019-07-04,2019070401007677,SHIVM,52,19,95,611.00,"58,045.00"
2019-07-04,2019070401007645,SHIVM,52,19,205,611.00,"125,255.00"
2019-07-04,2019070401007539,SHIVM,47,36,100,612.00,"61,200.00"
2019-07-04,2019070401007644,SHIVM,44,19,50,611.00,"30,550.00"
2019-07-04,2019070401007643,SHIVM,44,19,45,611.00,"27,495.00"
2019-07-04,2019070401007613,SHIVM,44,19,55,611.00,"33,605.00"
2019-07-04,2019070401007612,SHIVM,22,19,125,611.00,"76,375.00"
2019-07-04,2019070401007611,SHIVM,37,19,20,612.00,"12,240.00"
2019-07-04,2019070401007540,SHIVM,26,36,200,612.00,"122,400.00"
2019-07-04,2019070401007711,SHL,56,36,633,231.00,"146,223.00"
2019-07-04,2019070401007710,SHL,14,36,267,231.00,"61,677.00"
2019-07-04,2019070401007691,SHPC,40,39,300,250.00,"75,000.00"
2019-07-04,2019070401007464,SHPC,32,39,500,250.00,"125,000.00"
2019-07-04,2019070401007676,SIC,53,32,200,616.00,"123,200.00"
2019-07-04,2019070401007675,SIC,46,32,200,618.00,"123,600.00"
2019-07-04,2019070401007433,SIC,17,49,31,619.00,"19,189.00"
2019-07-04,2019070401007407,SIC,17,51,19,619.00,"11,761.00"
2019-07-04,2019070401007406,SIC,43,51,150,619.00,"92,850.00"
2019-07-04,2019070401007405,SIC,7,51,31,619.00,"19,189.00"
2019-07-04,2019070401007432,SICL,46,6,100,762.00,"76,200.00"
2019-07-04,2019070401007606,SIL,25,25,30,450.00,"13,500.00"
2019-07-04,2019070401007605,SIL,37,25,20,450.00,"9,000.00"
2019-07-04,2019070401007824,SINDU,59,39,10,138.00,"1,380.00"
2019-07-04,2019070401007526,SKBBL,50,19,24,956.00,"22,944.00"
2019-07-04,2019070401007832,SLBBL,39,11,50,485.00,"24,250.00"
2019-07-04,2019070401007843,SLICL,44,39,200,463.00,"92,600.00"
2019-07-04,2019070401007817,SLICL,44,29,250,463.00,"115,750.00"
2019-07-04,2019070401007508,SLICL,44,34,50,463.00,"23,150.00"
2019-07-04,2019070401007495,SPARS,33,57,100,436.00,"43,600.00"
2019-07-04,2019070401007557,SRBL,29,51,15,254.00,"3,810.00"
2019-07-04,2019070401007500,SRBL,29,48,56,254.00,"14,224.00"
2019-07-04,2019070401007476,SRBL,29,48,698,254.00,"177,292.00"
2019-07-04,2019070401007475,SRBL,48,48,170,254.00,"43,180.00"
2019-07-04,2019070401007474,SRBL,39,48,50,254.00,"12,700.00"
2019-07-04,2019070401007473,SRBL,38,48,100,254.00,"25,400.00"
2019-07-04,2019070401007472,SRBL,43,48,552,254.00,"140,208.00"
2019-07-04,2019070401007438,SRBL,43,34,118,254.00,"29,972.00"
2019-07-04,2019070401007765,SWBBL,41,19,10,892.00,"8,920.00"
2019-07-04,2019070401007764,SWBBL,35,19,10,893.00,"8,930.00"
2019-07-04,2019070401007763,SWBBL,35,26,10,893.00,"8,930.00"
2019-07-04,2019070401007762,SWBBL,33,26,19,893.00,"16,967.00"
2019-07-04,2019070401007701,TRH,7,58,150,311.00,"46,650.00"
2019-07-04,2019070401007353,TRH,32,36,570,310.00,"176,700.00"
2019-07-04,2019070401007773,UIC,47,7,80,882.00,"70,560.00"
2019-07-04,2019070401007363,UIC,47,16,70,882.00,"61,740.00"
2019-07-04,2019070401007712,UPCL,51,34,"2,000",91.00,"182,000.00"
2019-07-04,2019070401007775,UPPER,10,3,207,268.00,"55,476.00"
2019-07-04,2019070401007774,UPPER,10,45,293,268.00,"78,524.00"
2019-07-04,2019070401007719,UPPER,6,18,30,267.00,"8,010.00"
2019-07-04,2019070401007718,UPPER,6,18,20,267.00,"5,340.00"
2019-07-04,2019070401007694,UPPER,6,58,380,267.00,"101,460.00"
2019-07-04,2019070401007398,UPPER,39,45,110,268.00,"29,480.00"
2019-07-04,2019070401007579,UPPER,6,32,600,267.00,"160,200.00"
2019-07-04,2019070401007578,UPPER,44,32,100,267.00,"26,700.00"
2019-07-04,2019070401007510,UPPER,50,50,3,270.00,810.00
2019-07-04,2019070401007305,ADBL,44,40,200,410.00,"82,000.00"
2019-07-04,2019070401006888,ADBL,44,1,93,410.00,"38,130.00"
2019-07-04,2019070401006887,ADBL,21,1,100,410.00,"41,000.00"
2019-07-04,2019070401006886,ADBL,41,1,57,410.00,"23,370.00"
2019-07-04,2019070401007279,AHPC,38,45,500,106.00,"53,000.00"
2019-07-04,2019070401006965,AHPC,38,51,"1,000",106.00,"106,000.00"
2019-07-04,2019070401006971,ALBSL,14,41,10,399.00,"3,990.00"
2019-07-04,2019070401006900,ALBSL,14,38,10,399.00,"3,990.00"
2019-07-04,2019070401006889,ALBSL,14,41,50,399.00,"19,950.00"
2019-07-04,2019070401006866,ALBSL,14,41,10,399.00,"3,990.00"
2019-07-04,2019070401007015,API,25,34,30,144.00,"4,320.00"
2019-07-04,2019070401007014,API,25,40,380,143.00,"54,340.00"
2019-07-04,2019070401007285,BFC,47,48,200,101.00,"20,200.00"
2019-07-04,2019070401007284,BFC,53,48,50,101.00,"5,050.00"
2019-07-04,2019070401007283,BFC,6,48,230,101.00,"23,230.00"
2019-07-04,2019070401007282,BFC,6,48,200,101.00,"20,200.00"
2019-07-04,2019070401007281,BFC,47,48,"1,022",101.00,"103,222.00"
2019-07-04,2019070401007157,BOKL,59,21,69,263.00,"18,147.00"
2019-07-04,2019070401007073,BOKL,44,29,50,264.00,"13,200.00"
2019-07-04,2019070401006852,BOKL,59,54,367,263.00,"96,521.00"
2019-07-04,2019070401006851,BOKL,6,54,133,263.00,"34,979.00"
2019-07-04,2019070401006899,BPCL,36,19,70,401.00,"28,070.00"
2019-07-04,2019070401006898,BPCL,3,19,30,401.00,"12,030.00"
2019-07-04,2019070401007298,CBBL,26,26,30,960.00,"28,800.00"
2019-07-04,2019070401007246,CBBL,26,53,50,960.00,"48,000.00"
2019-07-04,2019070401007245,CBBL,26,25,50,960.00,"48,000.00"
2019-07-04,2019070401007111,CBBL,38,6,50,959.00,"47,950.00"
2019-07-04,2019070401007045,CBBL,38,49,50,957.00,"47,850.00"
2019-07-04,2019070401006968,CBBL,38,26,150,956.00,"143,400.00"
2019-07-04,2019070401006933,CBBL,38,21,50,958.00,"47,900.00"
2019-07-04,2019070401006870,CBBL,6,21,150,958.00,"143,700.00"
2019-07-04,2019070401007343,CBL,52,41,98,151.00,"14,798.00"
2019-07-04,2019070401007342,CBL,25,41,500,151.00,"75,500.00"
2019-07-04,2019070401007341,CBL,57,41,500,151.00,"75,500.00"
2019-07-04,2019070401007340,CBL,6,41,100,151.00,"15,100.00"
2019-07-04,2019070401007339,CBL,42,41,100,151.00,"15,100.00"
2019-07-04,2019070401007338,CBL,1,41,"1,000",151.00,"151,000.00"
2019-07-04,2019070401006946,CBL,28,33,"4,382",152.00,"666,064.00"
2019-07-04,2019070401006923,CBL,19,7,200,153.00,"30,600.00"
2019-07-04,2019070401006906,CBL,53,7,100,153.00,"15,300.00"
2019-07-04,2019070401006864,CBL,28,13,500,152.00,"76,000.00"
2019-07-04,2019070401006857,CBL,28,49,23,152.00,"3,496.00"
2019-07-04,2019070401007161,CBL,37,34,"1,664",152.00,"252,928.00"
2019-07-04,2019070401007160,CBL,37,45,"1,318",152.00,"200,336.00"
2019-07-04,2019070401007159,CBL,17,45,182,152.00,"27,664.00"
2019-07-04,2019070401007065,CBL,39,7,200,153.00,"30,600.00"
2019-07-04,2019070401006995,CBL,17,45,"1,700",152.00,"258,400.00"
2019-07-04,2019070401006947,CBL,17,33,618,152.00,"93,936.00"
2019-07-04,2019070401007202,CBL,19,49,110,152.00,"16,720.00"
2019-07-04,2019070401007201,CBL,40,49,300,152.00,"45,600.00"
2019-07-04,2019070401007200,CBL,57,49,"1,000",152.00,"152,000.00"
2019-07-04,2019070401007199,CBL,52,49,18,152.00,"2,736.00"
2019-07-04,2019070401007184,CBL,52,49,482,152.00,"73,264.00"
2019-07-04,2019070401007183,CBL,37,49,18,152.00,"2,736.00"
2019-07-04,2019070401007275,CBL,40,49,46,151.00,"6,946.00"
2019-07-04,2019070401007274,CBL,29,49,99,152.00,"15,048.00"
2019-07-04,2019070401007258,CBL,40,55,154,151.00,"23,254.00"
2019-07-04,2019070401007257,CBL,32,55,147,151.00,"22,197.00"
2019-07-04,2019070401007249,CBL,32,34,353,151.00,"53,303.00"
2019-07-04,2019070401007248,CBL,21,34,147,151.00,"22,197.00"
2019-07-04,2019070401007110,CCBL,38,29,50,176.00,"8,800.00"
2019-07-04,2019070401007109,CCBL,45,29,100,176.00,"17,600.00"
2019-07-04,2019070401007108,CCBL,32,29,300,176.00,"52,800.00"
2019-07-04,2019070401007107,CCBL,19,29,500,176.00,"88,000.00"
2019-07-04,2019070401007106,CCBL,41,29,100,176.00,"17,600.00"
2019-07-04,2019070401007105,CCBL,1,29,71,176.00,"12,496.00"
2019-07-04,2019070401007020,CCBL,46,58,200,177.00,"35,400.00"
2019-07-04,2019070401007019,CCBL,57,58,72,177.00,"12,744.00"
2019-07-04,2019070401007043,CCBL,1,43,129,176.00,"22,704.00"
2019-07-04,2019070401007042,CCBL,40,43,300,176.00,"52,800.00"
2019-07-04,2019070401007041,CCBL,38,43,"2,000",176.00,"352,000.00"
2019-07-04,2019070401007040,CCBL,55,43,571,176.00,"100,496.00"
2019-07-04,2019070401007022,CCBL,55,58,429,176.00,"75,504.00"
2019-07-04,2019070401007021,CCBL,48,58,400,176.00,"70,400.00"
2019-07-04,2019070401007322,CHCL,59,33,100,511.00,"51,100.00"
2019-07-04,2019070401007177,CHCL,20,26,213,515.00,"109,695.00"
2019-07-04,2019070401007167,CHCL,20,25,200,515.00,"103,000.00"
2019-07-04,2019070401007140,CHCL,20,8,"1,000",515.00,"515,000.00"
2019-07-04,2019070401007139,CHCL,20,6,250,515.00,"128,750.00"
2019-07-04,2019070401007138,CHCL,20,37,100,515.00,"51,500.00"
2019-07-04,2019070401007131,CHCL,20,3,100,512.00,"51,200.00"
2019-07-04,2019070401007130,CHCL,20,25,312,512.00,"159,744.00"
2019-07-04,2019070401006915,CHCL,6,13,511,510.00,"260,610.00"
2019-07-04,2019070401007137,CHCL,20,41,200,515.00,"103,000.00"
2019-07-04,2019070401007136,CHCL,20,6,10,515.00,"5,150.00"
2019-07-04,2019070401007135,CHCL,20,3,500,514.00,"257,000.00"
2019-07-04,2019070401007134,CHCL,20,13,95,514.00,"48,830.00"
2019-07-04,2019070401007133,CHCL,20,57,10,513.00,"5,130.00"
2019-07-04,2019070401007132,CHCL,20,56,10,513.00,"5,130.00"
2019-07-04,2019070401007005,CIT,39,19,20,"2,435.00","48,700.00"
2019-07-04,2019070401007154,CLBSL,54,5,2,543.00,"1,086.00"
2019-07-04,2019070401007153,CLBSL,54,46,21,510.00,"10,710.00"
2019-07-04,2019070401007152,CLBSL,54,58,20,508.00,"10,160.00"
2019-07-04,2019070401007151,CLBSL,54,22,17,502.00,"8,534.00"
2019-07-04,2019070401007150,CLBSL,54,55,10,500.00,"5,000.00"
2019-07-04,2019070401007268,CZBIL,56,40,541,224.00,"121,184.00"
2019-07-04,2019070401007096,CZBIL,8,1,50,224.00,"11,200.00"
2019-07-04,2019070401007190,DBBL,14,32,500,139.00,"69,500.00"
2019-07-04,2019070401007189,DBBL,39,32,100,139.00,"13,900.00"
2019-07-04,2019070401007188,DBBL,32,32,"1,839",139.00,"255,621.00"
2019-07-04,2019070401007064,DBBL,32,40,500,139.00,"69,500.00"
2019-07-04,2019070401006929,DBBL,32,17,128,139.00,"17,792.00"
2019-07-04,2019070401007230,EBL,49,6,170,659.00,"112,030.00"
2019-07-04,2019070401007229,EBL,45,6,10,659.00,"6,590.00"
2019-07-04,2019070401006960,EBL,8,14,79,658.00,"51,982.00"
2019-07-04,2019070401007237,FMDBL,20,53,47,385.00,"18,095.00"
2019-07-04,2019070401006873,FMDBL,47,53,123,385.00,"47,355.00"
2019-07-04,2019070401007114,FOWAD,6,34,49,"1,330.00","65,170.00"
2019-07-04,2019070401007232,GBIME,6,6,35,294.00,"10,290.00"
2019-07-04,2019070401007182,GBIME,6,37,70,294.00,"20,580.00"
2019-07-04,2019070401007176,GBIME,6,6,300,294.00,"88,200.00"
2019-07-04,2019070401007175,GBIME,6,48,79,294.00,"23,226.00"
2019-07-04,2019070401007058,GBLBS,1,21,20,346.00,"6,920.00"
2019-07-04,2019070401007057,GBLBS,39,21,10,347.00,"3,470.00"
2019-07-04,2019070401007056,GBLBS,42,21,70,347.00,"24,290.00"
2019-07-04,2019070401007252,GDBL,54,45,233,210.00,"48,930.00"
2019-07-04,2019070401007251,GDBL,14,45,357,210.00,"74,970.00"
2019-07-04,2019070401007250,GDBL,39,45,400,211.00,"84,400.00"
2019-07-04,2019070401006918,GDBL,39,53,100,211.00,"21,100.00"
2019-07-04,2019070401006880,GDBL,14,57,143,210.00,"30,030.00"
2019-07-04,2019070401007262,GHL,34,1,10,80.00,800.00
2019-07-04,2019070401007261,GHL,16,1,20,80.00,"1,600.00"
2019-07-04,2019070401007238,GHL,16,1,20,80.00,"1,600.00"
2019-07-04,2019070401007070,GHL,16,49,30,80.00,"2,400.00"
2019-07-04,2019070401006911,GLBSL,42,56,10,398.00,"3,980.00"
2019-07-04,2019070401007331,GMFBS,1,34,50,455.00,"22,750.00"
2019-07-04,2019070401007166,GMFBS,46,57,200,456.00,"91,200.00"
2019-07-04,2019070401007088,GMFBS,41,57,30,457.00,"13,710.00"
2019-07-04,2019070401007087,GMFBS,14,57,50,457.00,"22,850.00"
2019-07-04,2019070401007086,GMFBS,14,57,40,457.00,"18,280.00"
2019-07-04,2019070401007029,GMFBS,26,57,100,460.00,"46,000.00"
2019-07-04,2019070401006865,GMFBS,58,11,10,460.00,"4,600.00"
2019-07-04,2019070401006973,GUFL,44,17,866,119.00,"103,054.00"
2019-07-04,2019070401007304,HDL,7,21,210,"1,670.00","350,700.00"
2019-07-04,2019070401007303,HDL,25,21,100,"1,671.00","167,100.00"
2019-07-04,2019070401007302,HDL,13,21,10,"1,671.00","16,710.00"
2019-07-04,2019070401007301,HDL,13,21,40,"1,671.00","66,840.00"
2019-07-04,2019070401007300,HDL,47,21,40,"1,671.00","66,840.00"
2019-07-04,2019070401006872,HDL,47,39,60,"1,671.00","100,260.00"
2019-07-04,2019070401007329,HIDCL,36,39,25,160.00,"4,000.00"
2019-07-04,2019070401007328,HIDCL,36,37,500,160.00,"80,000.00"
2019-07-04,2019070401007327,HIDCL,36,29,520,160.00,"83,200.00"
2019-07-04,2019070401007280,HIDCL,36,6,100,159.00,"15,900.00"
2019-07-04,2019070401007235,HURJA,22,58,20,140.00,"2,800.00"
2019-07-04,2019070401006970,IGI,45,32,10,360.00,"3,600.00"
2019-07-04,2019070401007326,JBNL,56,5,511,214.00,"109,354.00"
2019-07-04,2019070401007325,JBNL,39,5,50,214.00,"10,700.00"
2019-07-04,2019070401007324,JBNL,38,5,85,214.00,"18,190.00"
2019-07-04,2019070401007319,JBNL,14,26,374,215.00,"80,410.00"
2019-07-04,2019070401007318,JBNL,14,46,86,215.00,"18,490.00"
2019-07-04,2019070401007317,JBNL,14,54,63,215.00,"13,545.00"
2019-07-04,2019070401007083,JBNL,51,21,200,214.00,"42,800.00"
2019-07-04,2019070401007034,JBNL,51,38,500,214.00,"107,000.00"
2019-07-04,2019070401007032,JBNL,51,56,415,214.00,"88,810.00"
2019-07-04,2019070401007031,JBNL,6,56,585,214.00,"125,190.00"
2019-07-04,2019070401006978,JBNL,6,56,"1,000",214.00,"214,000.00"
2019-07-04,2019070401007174,JBNL,38,21,15,214.00,"3,210.00"
2019-07-04,2019070401007173,JBNL,34,21,485,214.00,"103,790.00"
2019-07-04,2019070401007121,JBNL,32,33,439,215.00,"94,385.00"
2019-07-04,2019070401007119,JBNL,34,36,515,214.00,"110,210.00"
2019-07-04,2019070401007118,JBNL,18,36,100,214.00,"21,400.00"
2019-07-04,2019070401007117,JBNL,51,36,885,214.00,"189,390.00"
2019-07-04,2019070401007316,JBNL,14,49,77,215.00,"16,555.00"
2019-07-04,2019070401007308,JBNL,54,49,223,215.00,"47,945.00"
2019-07-04,2019070401007307,JBNL,54,33,277,215.00,"59,555.00"
2019-07-04,2019070401007295,JBNL,38,44,200,214.00,"42,800.00"
2019-07-04,2019070401007291,JBNL,38,26,500,214.00,"107,000.00"
2019-07-04,2019070401007277,JBNL,38,55,200,214.00,"42,800.00"
2019-07-04,2019070401007124,KBBL,6,39,63,237.00,"14,931.00"
2019-07-04,2019070401007123,KBBL,34,39,253,237.00,"59,961.00"
2019-07-04,2019070401006893,KBBL,34,58,"1,438",237.00,"340,806.00"
2019-07-04,2019070401007265,KBL,43,49,68,217.00,"14,756.00"
2019-07-04,2019070401007264,KBL,32,49,100,217.00,"21,700.00"
2019-07-04,2019070401007263,KBL,43,49,432,217.00,"93,744.00"
2019-07-04,2019070401007181,KBL,43,34,568,217.00,"123,256.00"
2019-07-04,2019070401007180,KBL,34,34,100,217.00,"21,700.00"
2019-07-04,2019070401007179,KBL,58,34,332,217.00,"72,044.00"
2019-07-04,2019070401006861,KBL,43,49,18,217.00,"3,906.00"
2019-07-04,2019070401007027,KBL,58,17,168,217.00,"36,456.00"
2019-07-04,2019070401007026,KBL,38,17,50,217.00,"10,850.00"
2019-07-04,2019070401007025,KBL,45,17,82,217.00,"17,794.00"
2019-07-04,2019070401007018,KBL,45,36,918,217.00,"199,206.00"
2019-07-04,2019070401007017,KBL,32,36,500,217.00,"108,500.00"
2019-07-04,2019070401007016,KBL,43,36,582,217.00,"126,294.00"
2019-07-04,2019070401006856,KRBL,34,29,43,117.00,"5,031.00"
2019-07-04,2019070401007178,LBL,38,26,34,223.00,"7,582.00"
2019-07-04,2019070401007090,LBL,38,19,125,223.00,"27,875.00"
2019-07-04,2019070401007089,LBL,48,19,100,223.00,"22,300.00"
2019-07-04,2019070401007072,LBL,36,19,500,224.00,"112,000.00"
2019-07-04,2019070401007071,LBL,6,19,275,224.00,"61,600.00"
2019-07-04,2019070401007001,LBL,6,43,"1,725",224.00,"386,400.00"
2019-07-04,2019070401006871,LBL,53,58,100,225.00,"22,500.00"
2019-07-04,2019070401006896,LBL,7,59,400,224.00,"89,600.00"
2019-07-04,2019070401006895,LBL,34,59,50,224.00,"11,200.00"
2019-07-04,2019070401006894,LBL,34,59,50,224.00,"11,200.00"
2019-07-04,2019070401007000,LBL,48,43,"1,000",224.00,"224,000.00"
2019-07-04,2019070401006999,LBL,50,43,25,224.00,"5,600.00"
2019-07-04,2019070401006998,LBL,59,43,100,224.00,"22,400.00"
2019-07-04,2019070401006997,LBL,46,43,50,224.00,"11,200.00"
2019-07-04,2019070401006996,LBL,7,43,100,224.00,"22,400.00"
2019-07-04,2019070401006985,LBL,53,58,100,225.00,"22,500.00"
2019-07-04,2019070401007315,LGIL,43,57,50,441.00,"22,050.00"
2019-07-04,2019070401007286,LGIL,28,53,150,443.00,"66,450.00"
2019-07-04,2019070401007242,LGIL,34,53,200,443.00,"88,600.00"
2019-07-04,2019070401007170,LGIL,34,38,800,443.00,"354,400.00"
2019-07-04,2019070401007169,LGIL,41,38,20,443.00,"8,860.00"
2019-07-04,2019070401007168,LGIL,26,38,100,443.00,"44,300.00"
2019-07-04,2019070401006912,LGIL,17,53,50,444.00,"22,200.00"
2019-07-04,2019070401006848,LGIL,48,38,300,443.00,"132,900.00"
2019-07-04,2019070401007314,MBL,48,21,500,265.00,"132,500.00"
2019-07-04,2019070401007313,MBL,41,21,200,265.00,"53,000.00"
2019-07-04,2019070401007312,MBL,32,21,30,265.00,"7,950.00"
2019-07-04,2019070401007311,MBL,3,21,20,265.00,"5,300.00"
2019-07-04,2019070401007310,MBL,39,21,50,265.00,"13,250.00"
2019-07-04,2019070401007309,MBL,32,21,700,265.00,"185,500.00"
2019-07-04,2019070401007323,MEGA,45,45,300,208.00,"62,400.00"
2019-07-04,2019070401007239,MEGA,56,25,32,208.00,"6,656.00"
2019-07-04,2019070401007116,MEGA,56,45,168,208.00,"34,944.00"
2019-07-04,2019070401007113,MEGA,25,25,500,207.00,"103,500.00"
2019-07-04,2019070401007082,MEGA,43,45,332,208.00,"69,056.00"
2019-07-04,2019070401007081,MEGA,43,55,668,208.00,"138,944.00"
2019-07-04,2019070401006850,MEGA,55,34,"1,210",208.00,"251,680.00"
2019-07-04,2019070401006849,MEGA,45,34,100,208.00,"20,800.00"
2019-07-04,2019070401006988,MEGA,33,39,"1,000",208.00,"208,000.00"
2019-07-04,2019070401006987,MEGA,33,39,"2,000",208.00,"416,000.00"
2019-07-04,2019070401006986,MEGA,55,39,290,208.00,"60,320.00"
2019-07-04,2019070401006977,MEGA,55,43,500,208.00,"104,000.00"
2019-07-04,2019070401006962,MEGA,55,11,"1,000",208.00,"208,000.00"
2019-07-04,2019070401006885,MEGA,53,29,100,209.00,"20,900.00"
2019-07-04,2019070401006994,MEGA,6,39,310,208.00,"64,480.00"
2019-07-04,2019070401006993,MEGA,17,39,500,208.00,"104,000.00"
2019-07-04,2019070401006992,MEGA,14,39,200,208.00,"41,600.00"
2019-07-04,2019070401006991,MEGA,36,39,100,208.00,"20,800.00"
2019-07-04,2019070401006990,MEGA,36,39,200,208.00,"41,600.00"
2019-07-04,2019070401006989,MEGA,48,39,400,208.00,"83,200.00"
2019-07-04,2019070401007050,MEGA,34,41,500,208.00,"104,000.00"
2019-07-04,2019070401007049,MEGA,1,41,100,208.00,"20,800.00"
2019-07-04,2019070401007048,MEGA,43,41,250,208.00,"52,000.00"
2019-07-04,2019070401007047,MEGA,38,41,300,208.00,"62,400.00"
2019-07-04,2019070401007046,MEGA,6,41,590,208.00,"122,720.00"
2019-07-04,2019070401007024,MEGA,19,29,100,209.00,"20,900.00"
2019-07-04,2019070401007067,MEGA,26,55,75,208.00,"15,600.00"
2019-07-04,2019070401007066,MEGA,43,55,257,208.00,"53,456.00"
2019-07-04,2019070401007055,MEGA,43,8,463,208.00,"96,304.00"
2019-07-04,2019070401007054,MEGA,43,29,"1,000",208.00,"208,000.00"
2019-07-04,2019070401007052,MEGA,53,29,100,209.00,"20,900.00"
2019-07-04,2019070401007051,MEGA,43,41,280,208.00,"58,240.00"
2019-07-04,2019070401007148,MERO,26,47,73,525.00,"38,325.00"
2019-07-04,2019070401007147,MERO,28,47,772,525.00,"405,300.00"
2019-07-04,2019070401007288,MLBL,33,32,500,191.00,"95,500.00"
2019-07-04,2019070401007276,MLBL,41,32,"1,000",191.00,"191,000.00"
2019-07-04,2019070401006910,MLBL,34,32,18,190.00,"3,420.00"
2019-07-04,2019070401006909,MLBL,34,32,500,190.00,"95,000.00"
2019-07-04,2019070401006908,MLBL,35,32,100,190.00,"19,000.00"
2019-07-04,2019070401006907,MLBL,34,32,100,190.00,"19,000.00"
2019-07-04,2019070401006944,MNBBL,44,17,270,369.00,"99,630.00"
2019-07-04,2019070401006943,MNBBL,42,17,100,369.00,"36,900.00"
2019-07-04,2019070401006942,MNBBL,7,17,100,369.00,"36,900.00"
2019-07-04,2019070401006941,MNBBL,44,17,120,369.00,"44,280.00"
2019-07-04,2019070401007247,MSLB,39,57,18,902.00,"16,236.00"
2019-07-04,2019070401007233,MSLB,22,57,18,905.00,"16,290.00"
2019-07-04,2019070401007191,MSLB,5,57,18,907.00,"16,326.00"
2019-07-04,2019070401006967,MSLB,5,34,26,907.00,"23,582.00"
2019-07-04,2019070401007149,MSMBS,33,57,10,443.00,"4,430.00"
2019-07-04,2019070401006969,MSMBS,33,39,12,436.00,"5,232.00"
2019-07-04,2019070401006914,NABIL,11,17,78,795.00,"62,010.00"
2019-07-04,2019070401006913,NABIL,56,17,10,795.00,"7,950.00"
2019-07-04,2019070401006860,NABIL,42,22,20,796.00,"15,920.00"
2019-07-04,2019070401006859,NABIL,44,22,65,796.00,"51,740.00"
2019-07-04,2019070401006858,NABIL,42,22,15,796.00,"11,940.00"
2019-07-04,2019070401007142,NABILP,26,34,10,790.00,"7,900.00"
2019-07-04,2019070401007102,NABILP,26,41,20,782.00,"15,640.00"
2019-07-04,2019070401007101,NABILP,26,6,100,781.00,"78,100.00"
2019-07-04,2019070401007100,NABILP,26,4,490,781.00,"382,690.00"
2019-07-04,2019070401007099,NABILP,26,25,42,780.00,"32,760.00"
2019-07-04,2019070401007098,NABILP,26,16,223,780.00,"173,940.00"
2019-07-04,2019070401007033,NABILP,59,19,12,777.00,"9,324.00"
2019-07-04,2019070401007266,NBB,47,43,90,222.00,"19,980.00"
2019-07-04,2019070401007227,NBB,49,34,480,221.00,"106,080.00"
2019-07-04,2019070401007226,NBB,1,34,200,221.00,"44,200.00"
2019-07-04,2019070401007225,NBB,50,34,200,221.00,"44,200.00"
2019-07-04,2019070401006879,NBB,50,1,200,221.00,"44,200.00"
2019-07-04,2019070401007344,NBL,45,35,500,337.00,"168,500.00"
2019-07-04,2019070401007213,NBL,45,8,"1,110",337.00,"374,070.00"
2019-07-04,2019070401007212,NBL,35,8,890,337.00,"299,930.00"
2019-07-04,2019070401007172,NBL,47,53,300,338.00,"101,400.00"
2019-07-04,2019070401007171,NBL,47,53,310,338.00,"104,780.00"
2019-07-04,2019070401007165,NBL,47,58,70,338.00,"23,660.00"
2019-07-04,2019070401006847,NBL,47,29,590,338.00,"199,420.00"
2019-07-04,2019070401006846,NBL,47,45,810,338.00,"273,780.00"
2019-07-04,2019070401007164,NBL,34,58,930,338.00,"314,340.00"
2019-07-04,2019070401007146,NBL,34,13,70,338.00,"23,660.00"
2019-07-04,2019070401007145,NBL,47,13,430,338.00,"145,340.00"
2019-07-04,2019070401007036,NBL,47,45,60,338.00,"20,280.00"
2019-07-04,2019070401007035,NBL,47,45,190,338.00,"64,220.00"
2019-07-04,2019070401006867,NBL,47,29,410,338.00,"138,580.00"
2019-07-04,2019070401007273,NCCB,44,51,50,249.00,"12,450.00"
2019-07-04,2019070401006904,NCCB,10,40,100,249.00,"24,900.00"
2019-07-04,2019070401006883,NCCB,10,25,100,249.00,"24,900.00"
2019-07-04,2019070401006878,NCCB,10,25,200,249.00,"49,800.00"
2019-07-04,2019070401007254,NIB,50,13,150,522.00,"78,300.00"
2019-07-04,2019070401007253,NIB,58,13,25,522.00,"13,050.00"
2019-07-04,2019070401007143,NIB,58,39,28,523.00,"14,644.00"
2019-07-04,2019070401007080,NIB,4,13,500,521.00,"260,500.00"
2019-07-04,2019070401007060,NIB,4,6,67,521.00,"34,907.00"
2019-07-04,2019070401007059,NIB,4,6,233,521.00,"121,393.00"
2019-07-04,2019070401007320,NICA,44,13,175,462.00,"80,850.00"
2019-07-04,2019070401007241,NICA,44,43,300,462.00,"138,600.00"
2019-07-04,2019070401007234,NICA,52,44,50,463.00,"23,150.00"
2019-07-04,2019070401007228,NICA,44,22,20,462.00,"9,240.00"
2019-07-04,2019070401007028,NICA,44,28,505,462.00,"233,310.00"
2019-07-04,2019070401006964,NICA,10,6,400,461.00,"184,400.00"
2019-07-04,2019070401006897,NICA,10,6,100,461.00,"46,100.00"
2019-07-04,2019070401006890,NICA,28,28,15,462.00,"6,930.00"
2019-07-04,2019070401007299,NICL,58,41,300,352.00,"105,600.00"
2019-07-04,2019070401007112,NICL,38,53,150,354.00,"53,100.00"
2019-07-04,2019070401007330,NIL,40,34,50,480.00,"24,000.00"
2019-07-04,2019070401007294,NIL,55,59,85,476.00,"40,460.00"
2019-07-04,2019070401007293,NIL,1,59,15,476.00,"7,140.00"
2019-07-04,2019070401007292,NIL,43,59,100,477.00,"47,700.00"
2019-07-04,2019070401007287,NIL,44,34,50,480.00,"24,000.00"
2019-07-04,2019070401007270,NIL,34,34,60,480.00,"28,800.00"
2019-07-04,2019070401007187,NIL,14,4,20,484.00,"9,680.00"
2019-07-04,2019070401007186,NIL,32,4,135,484.00,"65,340.00"
2019-07-04,2019070401007185,NIL,32,17,165,484.00,"79,860.00"
2019-07-04,2019070401006984,NIL,44,26,50,485.00,"24,250.00"
2019-07-04,2019070401006975,NLBBL,8,38,100,488.00,"48,800.00"
2019-07-04,2019070401006974,NLBBL,5,38,400,489.00,"195,600.00"
2019-07-04,2019070401007097,NLG,1,45,10,748.00,"7,480.00"
2019-07-04,2019070401007296,NLIC,8,6,84,899.00,"75,516.00"
2019-07-04,2019070401007144,NLIC,39,6,100,899.00,"89,900.00"
2019-07-04,2019070401007115,NLIC,46,6,17,899.00,"15,283.00"
2019-07-04,2019070401007030,NLIC,58,6,99,899.00,"89,001.00"
2019-07-04,2019070401006916,NLICL,55,6,150,597.00,"89,550.00"
2019-07-04,2019070401006876,NLICL,44,49,75,596.00,"44,700.00"
2019-07-04,2019070401007162,NMBMF,38,56,30,976.00,"29,280.00"
2019-07-04,2019070401007125,NMBMF,38,56,10,994.00,"9,940.00"
2019-07-04,2019070401007216,NMFBS,45,45,3,"1,456.00","4,368.00"
2019-07-04,2019070401006930,NNLB,38,51,15,398.00,"5,970.00"
2019-07-04,2019070401006892,NNLB,38,44,27,398.00,"10,746.00"
2019-07-04,2019070401006891,NNLB,57,44,15,398.00,"5,970.00"
2019-07-04,2019070401007255,NTC,50,34,"5,000",696.00,"3,480,000.00"
2019-07-04,2019070401007269,NUBL,59,34,59,846.00,"49,914.00"
2019-07-04,2019070401007240,NUBL,59,34,60,846.00,"50,760.00"
2019-07-04,2019070401007214,NUBL,6,6,100,850.00,"85,000.00"
2019-07-04,2019070401007010,OHL,35,4,20,617.00,"12,340.00"
2019-07-04,2019070401007009,OHL,25,4,228,617.00,"140,676.00"
2019-07-04,2019070401007272,PCBL,59,6,200,281.00,"56,200.00"
2019-07-04,2019070401007271,PCBL,59,6,50,281.00,"14,050.00"
2019-07-04,2019070401007163,PCBL,53,29,50,282.00,"14,100.00"
2019-07-04,2019070401007122,PCBL,1,29,152,282.00,"42,864.00"
2019-07-04,2019070401007078,PCBL,1,38,48,282.00,"13,536.00"
2019-07-04,2019070401007077,PCBL,13,38,200,282.00,"56,400.00"
2019-07-04,2019070401007076,PCBL,52,38,752,282.00,"212,064.00"
2019-07-04,2019070401007012,PCBL,52,1,297,282.00,"83,754.00"
2019-07-04,2019070401006959,PCBL,35,6,50,283.00,"14,150.00"
2019-07-04,2019070401007321,PIC,37,5,300,940.00,"282,000.00"
2019-07-04,2019070401007289,PIC,57,57,30,941.00,"28,230.00"
2019-07-04,2019070401007231,PIC,6,28,17,937.00,"15,929.00"
2019-07-04,2019070401007224,PIC,52,28,100,937.00,"93,700.00"
2019-07-04,2019070401007223,PIC,44,28,80,937.00,"74,960.00"
2019-07-04,2019070401007222,PIC,22,28,10,937.00,"9,370.00"
2019-07-04,2019070401006853,PIC,8,59,25,936.00,"23,400.00"
2019-07-04,2019070401006845,PIC,29,16,100,937.00,"93,700.00"
2019-07-04,2019070401006952,PIC,34,45,40,938.00,"37,520.00"
2019-07-04,2019070401006934,PIC,50,45,10,938.00,"9,380.00"
2019-07-04,2019070401006924,PIC,10,45,50,938.00,"46,900.00"
2019-07-04,2019070401006868,PIC,45,16,24,937.00,"22,488.00"
2019-07-04,2019070401006855,PIC,6,50,75,935.00,"70,125.00"
2019-07-04,2019070401006854,PIC,8,50,25,936.00,"23,400.00"
2019-07-04,2019070401006972,PIC,21,21,8,925.00,"7,400.00"
2019-07-04,2019070401006957,PIC,34,50,50,940.00,"47,000.00"
2019-07-04,2019070401006956,PIC,34,21,62,940.00,"58,280.00"
2019-07-04,2019070401006955,PIC,34,50,200,940.00,"188,000.00"
2019-07-04,2019070401006954,PIC,34,34,150,939.00,"140,850.00"
2019-07-04,2019070401006953,PIC,34,11,12,939.00,"11,268.00"
2019-07-04,2019070401007203,PIC,8,40,20,941.00,"18,820.00"
2019-07-04,2019070401007155,PIC,39,36,11,942.00,"10,362.00"
2019-07-04,2019070401007079,PIC,10,17,13,941.00,"12,233.00"
2019-07-04,2019070401007069,PIC,1,38,11,940.00,"10,340.00"
2019-07-04,2019070401006980,PIC,34,34,10,940.00,"9,400.00"
2019-07-04,2019070401006976,PIC,34,17,11,940.00,"10,340.00"
2019-07-04,2019070401007209,PIC,50,40,100,937.00,"93,700.00"
2019-07-04,2019070401007208,PIC,8,40,20,938.00,"18,760.00"
2019-07-04,2019070401007207,PIC,58,40,25,938.00,"23,450.00"
2019-07-04,2019070401007206,PIC,47,40,30,940.00,"28,200.00"
2019-07-04,2019070401007205,PIC,1,40,14,940.00,"13,160.00"
2019-07-04,2019070401007204,PIC,51,40,27,941.00,"25,407.00"
2019-07-04,2019070401007221,PIC,20,28,100,937.00,"93,700.00"
2019-07-04,2019070401007220,PIC,29,28,50,937.00,"46,850.00"
2019-07-04,2019070401007219,PIC,58,28,36,937.00,"33,732.00"
2019-07-04,2019070401007218,PIC,26,28,90,942.00,"84,780.00"
2019-07-04,2019070401007215,PIC,26,50,20,942.00,"18,840.00"
2019-07-04,2019070401007210,PIC,58,40,14,937.00,"13,118.00"
2019-07-04,2019070401007094,PLIC,53,1,218,433.00,"94,394.00"
2019-07-04,2019070401007093,PLIC,35,1,50,433.00,"21,650.00"
2019-07-04,2019070401007092,PLIC,29,1,27,434.00,"11,718.00"
2019-07-04,2019070401006983,PRVU,26,55,120,272.00,"32,640.00"
2019-07-04,2019070401006951,PRVU,26,35,64,272.00,"17,408.00"
2019-07-04,2019070401006950,PRVU,7,35,250,272.00,"68,000.00"
2019-07-04,2019070401006917,PRVU,7,6,400,272.00,"108,800.00"
2019-07-04,2019070401006884,PRVU,7,56,50,272.00,"13,600.00"
2019-07-04,2019070401007297,RBCL,42,58,10,"9,500.00","95,000.00"
2019-07-04,2019070401007278,RBCL,42,17,10,"9,500.00","95,000.00"
2019-07-04,2019070401006869,RLFL,1,11,20,124.00,"2,480.00"
2019-07-04,2019070401007011,RSDC,41,49,25,347.00,"8,675.00"
2019-07-04,2019070401006948,RSDC,47,49,25,346.00,"8,650.00"
2019-07-04,2019070401007196,SADBL,48,56,500,153.00,"76,500.00"
2019-07-04,2019070401007195,SADBL,13,56,259,153.00,"39,627.00"
2019-07-04,2019070401007091,SADBL,13,51,71,153.00,"10,863.00"
2019-07-04,2019070401006863,SANIMA,25,19,96,350.00,"33,600.00"
2019-07-04,2019070401007336,SBI,55,34,356,467.00,"166,252.00"
2019-07-04,2019070401007335,SBI,26,34,200,467.00,"93,400.00"
2019-07-04,2019070401007334,SBI,32,34,50,468.00,"23,400.00"
2019-07-04,2019070401007333,SBI,44,34,100,468.00,"46,800.00"
2019-07-04,2019070401007332,SBI,33,34,45,468.00,"21,060.00"
2019-07-04,2019070401006875,SBI,33,19,55,468.00,"25,740.00"
2019-07-04,2019070401006874,SBI,41,19,20,469.00,"9,380.00"
2019-07-04,2019070401007267,SBL,6,13,300,324.00,"97,200.00"
2019-07-04,2019070401007095,SCB,45,28,10,663.00,"6,630.00"
2019-07-04,2019070401007085,SCB,45,28,100,663.00,"66,300.00"
2019-07-04,2019070401007084,SCB,39,28,10,663.00,"6,630.00"
2019-07-04,2019070401007063,SCB,39,28,90,663.00,"59,670.00"
2019-07-04,2019070401007062,SCB,45,28,160,663.00,"106,080.00"
2019-07-04,2019070401007061,SCB,10,28,250,663.00,"165,750.00"
2019-07-04,2019070401006901,SCB,34,6,79,664.00,"52,456.00"
2019-07-04,2019070401006981,SCB,10,28,700,663.00,"464,100.00"
2019-07-04,2019070401006979,SCB,10,47,50,663.00,"33,150.00"
2019-07-04,2019070401006932,SCB,34,28,400,664.00,"265,600.00"
2019-07-04,2019070401006931,SCB,48,28,19,664.00,"12,616.00"
2019-07-04,2019070401006903,SCB,48,6,31,664.00,"20,584.00"
2019-07-04,2019070401006902,SCB,11,6,40,664.00,"26,560.00"
2019-07-04,2019070401007337,SEOS,35,34,150,10.68,"1,602.00"
2019-07-04,2019070401007068,SEOS,36,34,"2,500",10.68,"26,700.00"
2019-07-04,2019070401006882,SHINE,26,6,200,254.00,"50,800.00"
2019-07-04,2019070401006881,SHINE,1,6,100,254.00,"25,400.00"
2019-07-04,2019070401007053,SHINE,13,21,200,253.00,"50,600.00"
2019-07-04,2019070401007244,SHIVM,22,22,355,611.00,"216,905.00"
2019-07-04,2019070401007243,SHIVM,38,22,10,612.00,"6,120.00"
2019-07-04,2019070401007217,SHIVM,22,1,170,611.00,"103,870.00"
2019-07-04,2019070401007194,SHIVM,55,1,100,612.00,"61,200.00"
2019-07-04,2019070401007193,SHIVM,34,1,130,612.00,"79,560.00"
2019-07-04,2019070401007156,SHIVM,33,14,110,613.00,"67,430.00"
2019-07-04,2019070401006963,SHIVM,38,38,50,612.00,"30,600.00"
2019-07-04,2019070401006958,SHIVM,34,57,50,611.00,"30,550.00"
2019-07-04,2019070401006938,SHIVM,26,38,320,612.00,"195,840.00"
2019-07-04,2019070401007023,SHIVM,34,25,30,612.00,"18,360.00"
2019-07-04,2019070401007007,SHIVM,22,42,350,611.00,"213,850.00"
2019-07-04,2019070401007006,SHIVM,34,42,50,611.00,"30,550.00"
2019-07-04,2019070401007004,SHIVM,33,25,70,612.00,"42,840.00"
2019-07-04,2019070401007003,SHIVM,33,50,100,612.00,"61,200.00"
2019-07-04,2019070401007002,SHIVM,33,38,230,612.00,"140,760.00"
2019-07-04,2019070401007198,SHPC,19,36,316,250.00,"79,000.00"
2019-07-04,2019070401007039,SHPC,21,36,300,250.00,"75,000.00"
2019-07-04,2019070401007038,SHPC,42,36,300,250.00,"75,000.00"
2019-07-04,2019070401007037,SHPC,29,36,84,250.00,"21,000.00"
2019-07-04,2019070401007013,SHPC,29,45,72,250.00,"18,000.00"
2019-07-04,2019070401006966,SHPC,29,19,200,250.00,"50,000.00"
2019-07-04,2019070401007236,SICL,32,42,50,761.00,"38,050.00"
2019-07-04,2019070401006949,SICL,32,6,200,761.00,"152,200.00"
2019-07-04,2019070401006922,SICL,57,42,10,765.00,"7,650.00"
2019-07-04,2019070401007075,SIL,57,25,194,450.00,"87,300.00"
2019-07-04,2019070401007074,SIL,38,25,16,451.00,"7,216.00"
2019-07-04,2019070401006921,SIL,38,6,284,451.00,"128,084.00"
2019-07-04,2019070401006920,SIL,4,6,182,452.00,"82,264.00"
2019-07-04,2019070401006919,SIL,28,6,34,453.00,"15,402.00"
2019-07-04,2019070401007306,SLICL,44,34,100,463.00,"46,300.00"
2019-07-04,2019070401007290,SLICL,44,17,400,463.00,"185,200.00"
2019-07-04,2019070401007158,SLICL,57,5,500,464.00,"232,000.00"
2019-07-04,2019070401007008,SLICL,44,17,160,463.00,"74,080.00"
2019-07-04,2019070401006982,SLICL,44,17,130,463.00,"60,190.00"
2019-07-04,2019070401006961,SLICL,44,17,100,463.00,"46,300.00"
2019-07-04,2019070401006905,SLICL,44,17,52,463.00,"24,076.00"
2019-07-04,2019070401007192,SMB,45,46,10,421.00,"4,210.00"
2019-07-04,2019070401006945,SPARS,19,57,50,431.00,"21,550.00"
2019-07-04,2019070401006937,SRBL,43,43,330,254.00,"83,820.00"
2019-07-04,2019070401006936,SRBL,57,43,100,254.00,"25,400.00"
2019-07-04,2019070401006935,SRBL,57,43,17,254.00,"4,318.00"
2019-07-04,2019070401006927,SRBL,57,25,83,254.00,"21,082.00"
2019-07-04,2019070401006926,SRBL,50,25,50,254.00,"12,700.00"
2019-07-04,2019070401006925,SRBL,7,25,267,254.00,"67,818.00"
2019-07-04,2019070401006877,SRBL,7,6,700,254.00,"177,800.00"
2019-07-04,2019070401007211,SWBBL,33,45,50,893.00,"44,650.00"
2019-07-04,2019070401007120,TRH,32,36,110,310.00,"34,100.00"
2019-07-04,2019070401006940,UFL,17,19,269,174.00,"46,806.00"
2019-07-04,2019070401006939,UFL,50,19,267,177.00,"47,259.00"
2019-07-04,2019070401007197,UIC,47,37,350,882.00,"308,700.00"
2019-07-04,2019070401007260,UPPER,44,8,400,267.00,"106,800.00"
2019-07-04,2019070401007259,UPPER,39,8,200,267.00,"53,400.00"
2019-07-04,2019070401007141,UPPER,21,45,97,268.00,"25,996.00"
2019-07-04,2019070401007129,UPPER,21,38,103,268.00,"27,604.00"
2019-07-04,2019070401007128,UPPER,42,38,200,268.00,"53,600.00"
2019-07-04,2019070401007127,UPPER,16,38,500,268.00,"134,000.00"
2019-07-04,2019070401007126,UPPER,45,38,697,268.00,"186,796.00"
2019-07-04,2019070401006928,UPPER,28,37,10,269.00,"2,690.00"
2019-07-04,2019070401006862,UPPER,45,6,100,268.00,"26,800.00"
2019-07-04,2019070401006725,ADBL,41,56,100,410.00,"41,000.00"
2019-07-04,2019070401006616,ADBL,41,6,100,410.00,"41,000.00"
2019-07-04,2019070401006452,ADBL,41,19,27,410.00,"11,070.00"
2019-07-04,2019070401006418,ADBL,4,57,200,411.00,"82,200.00"
2019-07-04,2019070401006818,API,46,40,100,143.00,"14,300.00"
2019-07-04,2019070401006700,API,45,40,500,141.00,"70,500.00"
2019-07-04,2019070401006699,API,38,40,150,141.00,"21,150.00"
2019-07-04,2019070401006618,API,39,40,100,141.00,"14,100.00"
2019-07-04,2019070401006615,API,25,40,20,143.00,"2,860.00"
2019-07-04,2019070401006498,API,53,40,600,141.00,"84,600.00"
2019-07-04,2019070401006486,API,40,40,100,142.00,"14,200.00"
2019-07-04,2019070401006403,API,25,34,30,144.00,"4,320.00"
2019-07-04,2019070401006579,BARUN,56,26,160,91.00,"14,560.00"
2019-07-04,2019070401006488,BNT,33,14,33,"6,750.00","222,750.00"
2019-07-04,2019070401006587,BOKL,6,45,200,263.00,"52,600.00"
2019-07-04,2019070401006469,BOKL,6,42,100,263.00,"26,300.00"
2019-07-04,2019070401006362,BOKL,6,8,35,263.00,"9,205.00"
2019-07-04,2019070401006793,BPCL,5,13,30,402.00,"12,060.00"
2019-07-04,2019070401006843,CBBL,6,48,350,958.00,"335,300.00"
2019-07-04,2019070401006831,CBL,28,52,500,152.00,"76,000.00"
2019-07-04,2019070401006646,CBL,28,43,"4,595",152.00,"698,440.00"
2019-07-04,2019070401006645,CBL,43,43,100,152.00,"15,200.00"
2019-07-04,2019070401006644,CBL,51,43,155,152.00,"23,560.00"
2019-07-04,2019070401006643,CBL,45,43,150,152.00,"22,800.00"
2019-07-04,2019070401006632,CBL,42,7,50,153.00,"7,650.00"
2019-07-04,2019070401006382,CBL,43,42,20,152.00,"3,040.00"
2019-07-04,2019070401006361,CBL,43,49,100,152.00,"15,200.00"
2019-07-04,2019070401006345,CBL,43,45,"1,310",152.00,"199,120.00"
2019-07-04,2019070401006462,CBL,51,34,800,152.00,"121,600.00"
2019-07-04,2019070401006461,CBL,34,34,"1,000",152.00,"152,000.00"
2019-07-04,2019070401006460,CBL,45,34,500,152.00,"76,000.00"
2019-07-04,2019070401006459,CBL,51,34,30,152.00,"4,560.00"
2019-07-04,2019070401006458,CBL,48,34,500,152.00,"76,000.00"
2019-07-04,2019070401006457,CBL,43,34,570,152.00,"86,640.00"
2019-07-04,2019070401006479,CBL,21,45,150,152.00,"22,800.00"
2019-07-04,2019070401006467,CBL,21,34,350,152.00,"53,200.00"
2019-07-04,2019070401006466,CBL,17,34,"2,500",152.00,"380,000.00"
2019-07-04,2019070401006465,CBL,35,34,250,152.00,"38,000.00"
2019-07-04,2019070401006464,CBL,28,34,"1,500",152.00,"228,000.00"
2019-07-04,2019070401006463,CBL,47,34,"2,000",152.00,"304,000.00"
2019-07-04,2019070401006560,CBL,45,59,350,152.00,"53,200.00"
2019-07-04,2019070401006559,CBL,34,59,150,152.00,"22,800.00"
2019-07-04,2019070401006553,CBL,34,25,500,152.00,"76,000.00"
2019-07-04,2019070401006482,CBL,34,45,350,152.00,"53,200.00"
2019-07-04,2019070401006481,CBL,53,45,"1,000",152.00,"152,000.00"
2019-07-04,2019070401006480,CBL,34,45,500,152.00,"76,000.00"
2019-07-04,2019070401006681,CCBL,57,49,28,177.00,"4,956.00"
2019-07-04,2019070401006638,CCBL,39,49,172,177.00,"30,444.00"
2019-07-04,2019070401006636,CCBL,39,6,328,177.00,"58,056.00"
2019-07-04,2019070401006635,CCBL,1,6,190,177.00,"33,630.00"
2019-07-04,2019070401006634,CCBL,42,6,282,177.00,"49,914.00"
2019-07-04,2019070401006565,CCBL,57,37,300,178.00,"53,400.00"
2019-07-04,2019070401006551,CCBL,29,37,100,178.00,"17,800.00"
2019-07-04,2019070401006414,CCBL,42,41,200,177.00,"35,400.00"
2019-07-04,2019070401006829,CHCL,49,13,50,510.00,"25,500.00"
2019-07-04,2019070401006705,CHCL,4,13,200,510.00,"102,000.00"
2019-07-04,2019070401006704,CHCL,6,13,145,510.00,"73,950.00"
2019-07-04,2019070401006655,CHCL,6,6,100,510.00,"51,000.00"
2019-07-04,2019070401006610,CLBSL,42,55,40,500.00,"20,000.00"
2019-07-04,2019070401006555,CLBSL,6,5,90,499.00,"44,910.00"
2019-07-04,2019070401006554,CLBSL,6,36,10,499.00,"4,990.00"
2019-07-04,2019070401006746,CZBIL,11,6,100,225.00,"22,500.00"
2019-07-04,2019070401006729,CZBIL,56,19,110,224.00,"24,640.00"
2019-07-04,2019070401006378,CZBIL,45,6,340,225.00,"76,500.00"
2019-07-04,2019070401006377,CZBIL,45,13,60,225.00,"13,500.00"
2019-07-04,2019070401006426,DBBL,32,42,533,139.00,"74,087.00"
2019-07-04,2019070401006425,DBBL,40,42,467,139.00,"64,913.00"
2019-07-04,2019070401006411,DBBL,48,57,400,140.00,"56,000.00"
2019-07-04,2019070401006383,DBBL,40,33,938,139.00,"130,382.00"
2019-07-04,2019070401006760,EBL,8,19,50,658.00,"32,900.00"
2019-07-04,2019070401006370,EIC,14,22,20,364.00,"7,280.00"
2019-07-04,2019070401006684,FMDBL,47,45,377,385.00,"145,145.00"
2019-07-04,2019070401006683,FMDBL,42,45,20,385.00,"7,700.00"
2019-07-04,2019070401006621,FOWAD,6,26,19,"1,330.00","25,270.00"
2019-07-04,2019070401006494,FOWAD,6,26,19,"1,330.00","25,270.00"
2019-07-04,2019070401006799,GBBL,16,34,"1,810",222.00,"401,820.00"
2019-07-04,2019070401006788,GBBL,16,32,98,222.00,"21,756.00"
2019-07-04,2019070401006474,GBBL,16,58,256,222.00,"56,832.00"
2019-07-04,2019070401006473,GBBL,35,58,100,223.00,"22,300.00"
2019-07-04,2019070401006472,GBBL,49,58,717,224.00,"160,608.00"
2019-07-04,2019070401006471,GBBL,32,58,128,224.00,"28,672.00"
2019-07-04,2019070401006751,GBIME,59,39,82,293.00,"24,026.00"
2019-07-04,2019070401006592,GBIME,51,48,90,294.00,"26,460.00"
2019-07-04,2019070401006591,GBIME,44,48,100,294.00,"29,400.00"
2019-07-04,2019070401006837,GBLBS,42,35,50,347.00,"17,350.00"
2019-07-04,2019070401006647,GBLBS,19,26,30,348.00,"10,440.00"
2019-07-04,2019070401006415,GDBL,6,53,100,211.00,"21,100.00"
2019-07-04,2019070401006596,GHL,16,58,60,80.00,"4,800.00"
2019-07-04,2019070401006489,GHL,16,42,30,80.00,"2,400.00"
2019-07-04,2019070401006413,GHL,16,42,20,80.00,"1,600.00"
2019-07-04,2019070401006761,GILB,57,25,1,"1,245.00","1,245.00"
2019-07-04,2019070401006752,GILB,57,25,1,"1,245.00","1,245.00"
2019-07-04,2019070401006356,GLBSL,28,25,30,400.00,"12,000.00"
2019-07-04,2019070401006355,GLBSL,33,25,40,402.00,"16,080.00"
2019-07-04,2019070401006622,GLICL,28,44,50,477.00,"23,850.00"
2019-07-04,2019070401006840,GMFBS,58,11,10,460.00,"4,600.00"
2019-07-04,2019070401006773,GMFBS,26,11,10,461.00,"4,610.00"
2019-07-04,2019070401006756,GMFBS,26,11,10,461.00,"4,610.00"
2019-07-04,2019070401006740,GMFBS,26,11,10,461.00,"4,610.00"
2019-07-04,2019070401006721,GMFBS,26,11,10,461.00,"4,610.00"
2019-07-04,2019070401006696,GMFBS,26,11,10,461.00,"4,610.00"
2019-07-04,2019070401006679,GMFBS,26,11,10,461.00,"4,610.00"
2019-07-04,2019070401006580,GMFBS,26,16,10,461.00,"4,610.00"
2019-07-04,2019070401006422,GMFBS,26,19,10,461.00,"4,610.00"
2019-07-04,2019070401006786,HBL,34,19,100,556.00,"55,600.00"
2019-07-04,2019070401006564,HBL,34,34,83,556.00,"46,148.00"
2019-07-04,2019070401006563,HBL,45,34,100,556.00,"55,600.00"
2019-07-04,2019070401006562,HBL,26,34,100,556.00,"55,600.00"
2019-07-04,2019070401006702,HIDCL,16,35,300,158.00,"47,400.00"
2019-07-04,2019070401006701,HIDCL,41,35,200,159.00,"31,800.00"
2019-07-04,2019070401006672,IGI,45,32,30,360.00,"10,800.00"
2019-07-04,2019070401006585,IGI,47,6,90,358.00,"32,220.00"
2019-07-04,2019070401006570,IGI,5,6,200,358.00,"71,600.00"
2019-07-04,2019070401006478,JBBL,13,52,10,155.00,"1,550.00"
2019-07-04,2019070401006477,JBBL,1,52,490,155.00,"75,950.00"
2019-07-04,2019070401006451,JBBL,56,44,18,156.00,"2,808.00"
2019-07-04,2019070401006404,JBBL,51,44,"2,887",156.00,"450,372.00"
2019-07-04,2019070401006354,JBBL,51,48,13,156.00,"2,028.00"
2019-07-04,2019070401006347,JBBL,51,57,100,156.00,"15,600.00"
2019-07-04,2019070401006628,JBNL,36,33,"1,000",215.00,"215,000.00"
2019-07-04,2019070401006470,JBNL,6,21,100,214.00,"21,400.00"
2019-07-04,2019070401006353,JBNL,46,33,200,215.00,"43,000.00"
2019-07-04,2019070401006573,KBBL,34,46,250,237.00,"59,250.00"
2019-07-04,2019070401006745,KBL,1,6,400,218.00,"87,200.00"
2019-07-04,2019070401006744,KBL,1,43,100,218.00,"21,800.00"
2019-07-04,2019070401006667,KBL,43,43,800,218.00,"174,400.00"
2019-07-04,2019070401006666,KBL,43,50,400,218.00,"87,200.00"
2019-07-04,2019070401006665,KBL,43,35,300,218.00,"65,400.00"
2019-07-04,2019070401006475,KBL,49,49,142,218.00,"30,956.00"
2019-07-04,2019070401006468,KBL,43,41,200,217.00,"43,400.00"
2019-07-04,2019070401006718,KSBBL,42,10,804,154.00,"123,816.00"
2019-07-04,2019070401006717,KSBBL,33,10,500,154.00,"77,000.00"
2019-07-04,2019070401006716,KSBBL,1,10,500,154.00,"77,000.00"
2019-07-04,2019070401006715,KSBBL,51,10,"2,000",155.00,"310,000.00"
2019-07-04,2019070401006714,KSBBL,8,10,"2,000",155.00,"310,000.00"
2019-07-04,2019070401006713,KSBBL,41,10,100,155.00,"15,500.00"
2019-07-04,2019070401006712,KSBBL,58,10,500,155.00,"77,500.00"
2019-07-04,2019070401006711,KSBBL,49,10,"3,377",155.00,"523,435.00"
2019-07-04,2019070401006710,KSBBL,41,10,79,155.00,"12,245.00"
2019-07-04,2019070401006797,LBL,38,6,200,225.00,"45,000.00"
2019-07-04,2019070401006757,LBL,38,52,92,225.00,"20,700.00"
2019-07-04,2019070401006442,LBL,7,52,200,225.00,"45,000.00"
2019-07-04,2019070401006758,LGIL,48,53,400,443.00,"177,200.00"
2019-07-04,2019070401006723,LGIL,43,53,100,444.00,"44,400.00"
2019-07-04,2019070401006456,LGIL,28,35,100,447.00,"44,700.00"
2019-07-04,2019070401006455,LGIL,28,17,35,447.00,"15,645.00"
2019-07-04,2019070401006419,LGIL,48,50,40,443.00,"17,720.00"
2019-07-04,2019070401006360,LGIL,48,55,216,443.00,"95,688.00"
2019-07-04,2019070401006359,LGIL,51,55,100,445.00,"44,500.00"
2019-07-04,2019070401006358,LGIL,21,55,84,445.00,"37,380.00"
2019-07-04,2019070401006726,LICN,37,55,100,"1,652.00","165,200.00"
2019-07-04,2019070401006706,LICN,18,55,50,"1,653.00","82,650.00"
2019-07-04,2019070401006795,MBL,32,19,100,265.00,"26,500.00"
2019-07-04,2019070401006557,MDB,35,49,50,246.00,"12,300.00"
2019-07-04,2019070401006741,MEGA,25,29,200,209.00,"41,800.00"
2019-07-04,2019070401006698,MEGA,13,29,100,209.00,"20,900.00"
2019-07-04,2019070401006631,MEGA,6,21,60,209.00,"12,540.00"
2019-07-04,2019070401006630,MEGA,6,39,48,209.00,"10,032.00"
2019-07-04,2019070401006492,MEGA,29,39,17,209.00,"3,553.00"
2019-07-04,2019070401006491,MEGA,29,43,83,209.00,"17,347.00"
2019-07-04,2019070401006392,MEGA,6,43,179,209.00,"37,411.00"
2019-07-04,2019070401006389,MEGA,4,29,200,210.00,"42,000.00"
2019-07-04,2019070401006374,MEGA,46,29,200,210.00,"42,000.00"
2019-07-04,2019070401006373,MEGA,6,48,21,209.00,"4,389.00"
2019-07-04,2019070401006398,MEGA,35,43,55,209.00,"11,495.00"
2019-07-04,2019070401006397,MEGA,28,43,"1,000",209.00,"209,000.00"
2019-07-04,2019070401006396,MEGA,57,43,300,209.00,"62,700.00"
2019-07-04,2019070401006395,MEGA,13,43,100,209.00,"20,900.00"
2019-07-04,2019070401006394,MEGA,33,43,"1,000",209.00,"209,000.00"
2019-07-04,2019070401006393,MEGA,52,43,100,209.00,"20,900.00"
2019-07-04,2019070401006485,MEGA,59,43,100,209.00,"20,900.00"
2019-07-04,2019070401006436,MEGA,43,43,"3,500",209.00,"731,500.00"
2019-07-04,2019070401006402,MEGA,1,43,33,209.00,"6,897.00"
2019-07-04,2019070401006401,MEGA,59,43,50,209.00,"10,450.00"
2019-07-04,2019070401006400,MEGA,43,43,"3,000",209.00,"627,000.00"
2019-07-04,2019070401006399,MEGA,38,43,500,209.00,"104,500.00"
2019-07-04,2019070401006390,MERO,28,19,11,525.00,"5,775.00"
2019-07-04,2019070401006428,MERO,28,39,228,525.00,"119,700.00"
2019-07-04,2019070401006427,MERO,28,39,572,525.00,"300,300.00"
2019-07-04,2019070401006777,MLBL,34,6,300,190.00,"57,000.00"
2019-07-04,2019070401006450,MLBL,34,49,100,190.00,"19,000.00"
2019-07-04,2019070401006796,MNBBL,44,6,100,369.00,"36,900.00"
2019-07-04,2019070401006762,MNBBL,45,44,200,370.00,"74,000.00"
2019-07-04,2019070401006693,MNBBL,44,4,50,369.00,"18,450.00"
2019-07-04,2019070401006824,MSLB,39,26,26,907.00,"23,582.00"
2019-07-04,2019070401006556,MSLB,22,26,26,905.00,"23,530.00"
2019-07-04,2019070401006439,MSMBS,58,36,50,430.00,"21,500.00"
2019-07-04,2019070401006438,MSMBS,58,36,50,431.00,"21,550.00"
2019-07-04,2019070401006826,NABIL,42,11,50,796.00,"39,800.00"
2019-07-04,2019070401006821,NABIL,42,6,35,796.00,"27,860.00"
2019-07-04,2019070401006820,NABIL,41,6,72,796.00,"57,312.00"
2019-07-04,2019070401006819,NABIL,39,6,43,797.00,"34,271.00"
2019-07-04,2019070401006776,NABIL,49,11,200,798.00,"159,600.00"
2019-07-04,2019070401006774,NABIL,39,25,20,797.00,"15,940.00"
2019-07-04,2019070401006724,NABIL,39,25,37,797.00,"29,489.00"
2019-07-04,2019070401006690,NABIL,41,45,28,796.00,"22,288.00"
2019-07-04,2019070401006689,NABIL,13,45,72,796.00,"57,312.00"
2019-07-04,2019070401006629,NABIL,57,25,13,797.00,"10,361.00"
2019-07-04,2019070401006501,NABIL,8,25,50,797.00,"39,850.00"
2019-07-04,2019070401006574,NAGRO,58,3,20,515.00,"10,300.00"
2019-07-04,2019070401006561,NAGRO,58,17,10,515.00,"5,150.00"
2019-07-04,2019070401006483,NAGRO,5,42,10,515.00,"5,150.00"
2019-07-04,2019070401006823,NBB,45,43,250,222.00,"55,500.00"
2019-07-04,2019070401006785,NBB,51,43,300,222.00,"66,600.00"
2019-07-04,2019070401006784,NBB,50,43,500,222.00,"111,000.00"
2019-07-04,2019070401006783,NBB,51,43,100,222.00,"22,200.00"
2019-07-04,2019070401006782,NBB,51,43,100,222.00,"22,200.00"
2019-07-04,2019070401006781,NBB,38,43,500,222.00,"111,000.00"
2019-07-04,2019070401006503,NBB,4,45,50,224.00,"11,200.00"
2019-07-04,2019070401006502,NBB,4,45,17,224.00,"3,808.00"
2019-07-04,2019070401006432,NBB,4,48,33,224.00,"7,392.00"
2019-07-04,2019070401006431,NBB,4,48,68,224.00,"15,232.00"
2019-07-04,2019070401006509,NBB,4,45,200,224.00,"44,800.00"
2019-07-04,2019070401006508,NBB,59,45,150,224.00,"33,600.00"
2019-07-04,2019070401006507,NBB,4,45,50,224.00,"11,200.00"
2019-07-04,2019070401006506,NBB,4,45,100,224.00,"22,400.00"
2019-07-04,2019070401006505,NBB,4,45,100,224.00,"22,400.00"
2019-07-04,2019070401006504,NBB,4,45,200,224.00,"44,800.00"
2019-07-04,2019070401006515,NBB,42,45,80,224.00,"17,920.00"
2019-07-04,2019070401006514,NBB,4,45,100,224.00,"22,400.00"
2019-07-04,2019070401006513,NBB,4,45,100,224.00,"22,400.00"
2019-07-04,2019070401006512,NBB,4,45,200,224.00,"44,800.00"
2019-07-04,2019070401006511,NBB,4,45,200,224.00,"44,800.00"
2019-07-04,2019070401006510,NBB,4,45,150,224.00,"33,600.00"
2019-07-04,2019070401006521,NBB,4,45,50,224.00,"11,200.00"
2019-07-04,2019070401006520,NBB,4,45,100,224.00,"22,400.00"
2019-07-04,2019070401006519,NBB,4,45,150,224.00,"33,600.00"
2019-07-04,2019070401006518,NBB,4,45,100,224.00,"22,400.00"
2019-07-04,2019070401006517,NBB,4,45,50,224.00,"11,200.00"
2019-07-04,2019070401006516,NBB,4,45,200,224.00,"44,800.00"
2019-07-04,2019070401006527,NBB,4,45,100,224.00,"22,400.00"
2019-07-04,2019070401006526,NBB,4,45,200,224.00,"44,800.00"
2019-07-04,2019070401006525,NBB,4,45,200,224.00,"44,800.00"
2019-07-04,2019070401006524,NBB,4,45,200,224.00,"44,800.00"
2019-07-04,2019070401006523,NBB,4,45,50,224.00,"11,200.00"
2019-07-04,2019070401006522,NBB,4,45,100,224.00,"22,400.00"
2019-07-04,2019070401006533,NBB,4,45,100,224.00,"22,400.00"
2019-07-04,2019070401006532,NBB,4,45,150,224.00,"33,600.00"
2019-07-04,2019070401006531,NBB,4,45,100,224.00,"22,400.00"
2019-07-04,2019070401006530,NBB,4,45,50,224.00,"11,200.00"
2019-07-04,2019070401006529,NBB,4,45,100,224.00,"22,400.00"
2019-07-04,2019070401006528,NBB,4,45,100,224.00,"22,400.00"
2019-07-04,2019070401006539,NBB,4,45,50,224.00,"11,200.00"
2019-07-04,2019070401006538,NBB,4,45,150,224.00,"33,600.00"
2019-07-04,2019070401006537,NBB,4,45,200,224.00,"44,800.00"
2019-07-04,2019070401006536,NBB,4,45,100,224.00,"22,400.00"
2019-07-04,2019070401006535,NBB,4,45,100,224.00,"22,400.00"
2019-07-04,2019070401006534,NBB,4,45,200,224.00,"44,800.00"
2019-07-04,2019070401006545,NBB,4,45,100,224.00,"22,400.00"
2019-07-04,2019070401006544,NBB,4,45,50,224.00,"11,200.00"
2019-07-04,2019070401006543,NBB,4,45,100,224.00,"22,400.00"
2019-07-04,2019070401006542,NBB,4,45,100,224.00,"22,400.00"
2019-07-04,2019070401006541,NBB,4,45,50,224.00,"11,200.00"
2019-07-04,2019070401006540,NBB,4,45,300,224.00,"67,200.00"
2019-07-04,2019070401006623,NBB,38,45,500,223.00,"111,500.00"
2019-07-04,2019070401006550,NBB,4,34,100,224.00,"22,400.00"
2019-07-04,2019070401006549,NBB,4,45,300,224.00,"67,200.00"
2019-07-04,2019070401006548,NBB,4,45,100,224.00,"22,400.00"
2019-07-04,2019070401006547,NBB,4,45,100,224.00,"22,400.00"
2019-07-04,2019070401006546,NBB,4,45,200,224.00,"44,800.00"
2019-07-04,2019070401006780,NBB,21,43,60,223.00,"13,380.00"
2019-07-04,2019070401006779,NBB,19,43,100,223.00,"22,300.00"
2019-07-04,2019070401006627,NBB,19,45,900,223.00,"200,700.00"
2019-07-04,2019070401006626,NBB,38,45,100,223.00,"22,300.00"
2019-07-04,2019070401006625,NBB,14,45,500,223.00,"111,500.00"
2019-07-04,2019070401006624,NBB,13,45,"2,000",223.00,"446,000.00"
2019-07-04,2019070401006827,NBL,47,45,190,338.00,"64,220.00"
2019-07-04,2019070401006802,NBL,47,19,100,338.00,"33,800.00"
2019-07-04,2019070401006798,NBL,47,58,140,338.00,"47,320.00"
2019-07-04,2019070401006775,NBL,47,58,370,338.00,"125,060.00"
2019-07-04,2019070401006767,NBL,35,34,110,337.00,"37,070.00"
2019-07-04,2019070401006766,NBL,21,34,20,337.00,"6,740.00"
2019-07-04,2019070401006692,NBL,45,40,230,337.00,"77,510.00"
2019-07-04,2019070401006691,NBL,6,40,100,337.00,"33,700.00"
2019-07-04,2019070401006602,NBL,36,40,170,338.00,"57,460.00"
2019-07-04,2019070401006601,NBL,36,50,300,338.00,"101,400.00"
2019-07-04,2019070401006600,NBL,36,43,30,338.00,"10,140.00"
2019-07-04,2019070401006765,NBL,17,34,500,337.00,"168,500.00"
2019-07-04,2019070401006764,NBL,32,34,100,337.00,"33,700.00"
2019-07-04,2019070401006763,NBL,45,34,"1,770",337.00,"596,490.00"
2019-07-04,2019070401006755,NBL,47,58,290,338.00,"98,020.00"
2019-07-04,2019070401006728,NBL,47,58,"2,000",338.00,"676,000.00"
2019-07-04,2019070401006719,NBL,45,17,500,338.00,"169,000.00"
2019-07-04,2019070401006836,NCCB,56,35,100,249.00,"24,900.00"
2019-07-04,2019070401006830,NCCB,25,19,100,247.00,"24,700.00"
2019-07-04,2019070401006817,NCCB,25,43,770,247.00,"190,190.00"
2019-07-04,2019070401006816,NCCB,17,43,100,247.00,"24,700.00"
2019-07-04,2019070401006815,NCCB,17,43,500,247.00,"123,500.00"
2019-07-04,2019070401006814,NCCB,34,43,500,247.00,"123,500.00"
2019-07-04,2019070401006423,NCCB,56,8,300,249.00,"74,700.00"
2019-07-04,2019070401006738,NCCB,20,43,500,248.00,"124,000.00"
2019-07-04,2019070401006659,NCCB,43,56,300,249.00,"74,700.00"
2019-07-04,2019070401006658,NCCB,13,56,500,249.00,"124,500.00"
2019-07-04,2019070401006657,NCCB,8,56,261,249.00,"64,989.00"
2019-07-04,2019070401006500,NCCB,8,52,239,249.00,"59,511.00"
2019-07-04,2019070401006499,NCCB,56,52,163,249.00,"40,587.00"
2019-07-04,2019070401006807,NCCB,33,43,50,248.00,"12,400.00"
2019-07-04,2019070401006806,NCCB,51,43,200,248.00,"49,600.00"
2019-07-04,2019070401006792,NCCB,56,21,100,249.00,"24,900.00"
2019-07-04,2019070401006791,NCCB,56,40,500,249.00,"124,500.00"
2019-07-04,2019070401006790,NCCB,56,6,200,249.00,"49,800.00"
2019-07-04,2019070401006789,NCCB,56,56,33,249.00,"8,217.00"
2019-07-04,2019070401006813,NCCB,42,43,500,248.00,"124,000.00"
2019-07-04,2019070401006812,NCCB,38,43,50,248.00,"12,400.00"
2019-07-04,2019070401006811,NCCB,3,43,30,248.00,"7,440.00"
2019-07-04,2019070401006810,NCCB,17,43,100,248.00,"24,800.00"
2019-07-04,2019070401006809,NCCB,1,43,100,248.00,"24,800.00"
2019-07-04,2019070401006808,NCCB,28,43,100,248.00,"24,800.00"
2019-07-04,2019070401006669,NGPL,54,53,75,116.00,"8,700.00"
2019-07-04,2019070401006584,NGPL,36,58,13,115.00,"1,495.00"
2019-07-04,2019070401006617,NIB,26,50,9,517.00,"4,653.00"
2019-07-04,2019070401006604,NIB,47,39,200,523.00,"104,600.00"
2019-07-04,2019070401006369,NIB,4,49,20,521.00,"10,420.00"
2019-07-04,2019070401006709,NIBPO,49,49,423,479.00,"202,617.00"
2019-07-04,2019070401006708,NIBPO,6,49,17,480.00,"8,160.00"
2019-07-04,2019070401006682,NIBSF1,50,26,"3,000",9.08,"27,240.00"
2019-07-04,2019070401006787,NICA,14,40,300,462.00,"138,600.00"
2019-07-04,2019070401006568,NICA,51,40,90,462.00,"41,580.00"
2019-07-04,2019070401006609,NICL,50,40,250,353.00,"88,250.00"
2019-07-04,2019070401006454,NICL,58,56,13,352.00,"4,576.00"
2019-07-04,2019070401006453,NICL,20,56,20,352.00,"7,040.00"
2019-07-04,2019070401006747,NIL,52,26,10,485.00,"4,850.00"
2019-07-04,2019070401006678,NLIC,58,45,100,899.00,"89,900.00"
2019-07-04,2019070401006668,NLIC,58,21,200,899.00,"179,800.00"
2019-07-04,2019070401006412,NLIC,58,33,40,899.00,"35,960.00"
2019-07-04,2019070401006736,NLICL,44,6,50,597.00,"29,850.00"
2019-07-04,2019070401006677,NLICL,44,21,110,596.00,"65,560.00"
2019-07-04,2019070401006676,NLICL,47,21,450,596.00,"268,200.00"
2019-07-04,2019070401006443,NMFBS,33,28,100,"1,456.00","145,600.00"
2019-07-04,2019070401006430,NMFBS,28,28,10,"1,470.00","14,700.00"
2019-07-04,2019070401006703,NUBL,6,11,100,849.00,"84,900.00"
2019-07-04,2019070401006671,PCBL,35,39,50,283.00,"14,150.00"
2019-07-04,2019070401006670,PCBL,55,39,74,283.00,"20,942.00"
2019-07-04,2019070401006569,PCBL,55,45,500,283.00,"141,500.00"
2019-07-04,2019070401006838,PIC,45,16,30,937.00,"28,110.00"
2019-07-04,2019070401006801,PIC,29,50,11,935.00,"10,285.00"
2019-07-04,2019070401006800,PIC,59,50,35,935.00,"32,725.00"
2019-07-04,2019070401006772,PIC,59,49,15,935.00,"14,025.00"
2019-07-04,2019070401006750,PIC,34,16,46,937.00,"43,102.00"
2019-07-04,2019070401006749,PIC,34,25,11,937.00,"10,307.00"
2019-07-04,2019070401006363,PIC,47,28,14,937.00,"13,118.00"
2019-07-04,2019070401006349,PIC,54,40,11,935.00,"10,285.00"
2019-07-04,2019070401006379,PIC,35,37,20,935.00,"18,700.00"
2019-07-04,2019070401006372,PIC,32,40,11,935.00,"10,285.00"
2019-07-04,2019070401006367,PIC,32,28,46,935.00,"43,010.00"
2019-07-04,2019070401006366,PIC,43,28,25,935.00,"23,375.00"
2019-07-04,2019070401006365,PIC,54,28,18,935.00,"16,830.00"
2019-07-04,2019070401006364,PIC,6,28,300,936.00,"280,800.00"
2019-07-04,2019070401006388,PIC,42,29,10,935.00,"9,350.00"
2019-07-04,2019070401006387,PIC,51,29,50,935.00,"46,750.00"
2019-07-04,2019070401006386,PIC,8,29,11,935.00,"10,285.00"
2019-07-04,2019070401006385,PIC,5,50,10,936.00,"9,360.00"
2019-07-04,2019070401006381,PIC,8,37,89,935.00,"83,215.00"
2019-07-04,2019070401006380,PIC,22,37,50,935.00,"46,750.00"
2019-07-04,2019070401006424,PIC,14,46,11,934.00,"10,274.00"
2019-07-04,2019070401006421,PIC,44,55,11,933.00,"10,263.00"
2019-07-04,2019070401006410,PIC,26,38,20,934.00,"18,680.00"
2019-07-04,2019070401006409,PIC,48,38,10,934.00,"9,340.00"
2019-07-04,2019070401006408,PIC,14,38,200,934.00,"186,800.00"
2019-07-04,2019070401006407,PIC,29,28,63,934.00,"58,842.00"
2019-07-04,2019070401006448,PIC,44,46,39,933.00,"36,387.00"
2019-07-04,2019070401006447,PIC,45,46,50,934.00,"46,700.00"
2019-07-04,2019070401006446,PIC,14,46,28,934.00,"26,152.00"
2019-07-04,2019070401006445,PIC,6,38,22,935.00,"20,570.00"
2019-07-04,2019070401006444,PIC,6,29,28,935.00,"26,180.00"
2019-07-04,2019070401006429,PIC,14,46,11,934.00,"10,274.00"
2019-07-04,2019070401006567,PIC,5,58,30,933.00,"27,990.00"
2019-07-04,2019070401006493,PIC,5,14,11,933.00,"10,263.00"
2019-07-04,2019070401006490,PIC,7,38,28,935.00,"26,180.00"
2019-07-04,2019070401006487,PIC,5,46,11,933.00,"10,263.00"
2019-07-04,2019070401006484,PIC,5,34,11,933.00,"10,263.00"
2019-07-04,2019070401006449,PIC,5,46,83,933.00,"77,439.00"
2019-07-04,2019070401006603,PIC,5,46,11,933.00,"10,263.00"
2019-07-04,2019070401006595,PIC,29,34,11,935.00,"10,285.00"
2019-07-04,2019070401006594,PIC,29,38,17,935.00,"15,895.00"
2019-07-04,2019070401006589,PIC,5,38,11,933.00,"10,263.00"
2019-07-04,2019070401006578,PIC,5,14,11,933.00,"10,263.00"
2019-07-04,2019070401006572,PIC,19,38,10,935.00,"9,350.00"
2019-07-04,2019070401006649,PIC,17,1,13,933.00,"12,129.00"
2019-07-04,2019070401006648,PIC,6,1,30,933.00,"27,990.00"
2019-07-04,2019070401006633,PIC,6,46,11,933.00,"10,263.00"
2019-07-04,2019070401006620,PIC,6,58,59,933.00,"55,047.00"
2019-07-04,2019070401006619,PIC,5,58,21,933.00,"19,593.00"
2019-07-04,2019070401006614,PIC,6,50,26,936.00,"24,336.00"
2019-07-04,2019070401006656,PIC,29,34,11,935.00,"10,285.00"
2019-07-04,2019070401006654,PIC,35,1,16,932.00,"14,912.00"
2019-07-04,2019070401006653,PIC,29,1,12,933.00,"11,196.00"
2019-07-04,2019070401006652,PIC,42,1,89,933.00,"83,037.00"
2019-07-04,2019070401006651,PIC,52,1,20,933.00,"18,660.00"
2019-07-04,2019070401006650,PIC,47,1,20,933.00,"18,660.00"
2019-07-04,2019070401006688,PIC,6,46,40,931.00,"37,240.00"
2019-07-04,2019070401006687,PIC,8,46,100,931.00,"93,100.00"
2019-07-04,2019070401006680,PIC,34,21,22,932.00,"20,504.00"
2019-07-04,2019070401006675,PIC,35,21,84,932.00,"78,288.00"
2019-07-04,2019070401006674,PIC,7,21,27,934.00,"25,218.00"
2019-07-04,2019070401006673,PIC,29,21,19,935.00,"17,765.00"
2019-07-04,2019070401006748,PIC,34,7,23,935.00,"21,505.00"
2019-07-04,2019070401006737,PIC,29,7,20,935.00,"18,700.00"
2019-07-04,2019070401006733,PIC,29,41,10,935.00,"9,350.00"
2019-07-04,2019070401006732,PIC,59,41,50,935.00,"46,750.00"
2019-07-04,2019070401006731,PIC,44,41,100,935.00,"93,500.00"
2019-07-04,2019070401006730,PIC,43,41,40,935.00,"37,400.00"
2019-07-04,2019070401006743,PICL,16,49,20,555.00,"11,100.00"
2019-07-04,2019070401006742,PICL,38,49,30,555.00,"16,650.00"
2019-07-04,2019070401006416,PICL,38,58,300,555.00,"166,500.00"
2019-07-04,2019070401006376,PICL,38,49,70,555.00,"38,850.00"
2019-07-04,2019070401006375,PICL,35,49,10,555.00,"5,550.00"
2019-07-04,2019070401006697,PPCL,56,39,10,138.00,"1,380.00"
2019-07-04,2019070401006368,PRIN,45,14,20,371.00,"7,420.00"
2019-07-04,2019070401006839,PRVU,7,19,100,272.00,"27,200.00"
2019-07-04,2019070401006664,PRVU,7,46,200,272.00,"54,400.00"
2019-07-04,2019070401006663,PRVU,41,46,500,272.00,"136,000.00"
2019-07-04,2019070401006662,PRVU,16,46,150,272.00,"40,800.00"
2019-07-04,2019070401006661,PRVU,38,46,100,272.00,"27,200.00"
2019-07-04,2019070401006660,PRVU,56,46,50,272.00,"13,600.00"
2019-07-04,2019070401006441,PRVU,40,6,184,272.00,"50,048.00"
2019-07-04,2019070401006440,PRVU,34,6,10,272.00,"2,720.00"
2019-07-04,2019070401006417,PRVU,51,6,120,273.00,"32,760.00"
2019-07-04,2019070401006391,PRVU,34,42,10,272.00,"2,720.00"
2019-07-04,2019070401006612,RADHI,22,58,52,143.00,"7,436.00"
2019-07-04,2019070401006611,RADHI,37,58,57,145.00,"8,265.00"
2019-07-04,2019070401006434,RADHI,37,55,11,145.00,"1,595.00"
2019-07-04,2019070401006351,RHPC,44,34,10,93.00,930.00
2019-07-04,2019070401006803,RLFL,57,34,280,126.00,"35,280.00"
2019-07-04,2019070401006608,RLFL,57,45,220,126.00,"27,720.00"
2019-07-04,2019070401006607,RLFL,32,45,180,126.00,"22,680.00"
2019-07-04,2019070401006606,RLFL,25,45,500,126.00,"63,000.00"
2019-07-04,2019070401006605,RLFL,44,45,100,126.00,"12,600.00"
2019-07-04,2019070401006577,RMDC,39,25,100,665.00,"66,500.00"
2019-07-04,2019070401006576,RMDC,39,25,300,665.00,"199,500.00"
2019-07-04,2019070401006575,RMDC,39,51,488,665.00,"324,520.00"
2019-07-04,2019070401006771,RRHP,17,39,10,108.00,"1,080.00"
2019-07-04,2019070401006722,RRHP,17,39,10,108.00,"1,080.00"
2019-07-04,2019070401006735,RSDC,28,42,38,347.00,"13,186.00"
2019-07-04,2019070401006734,RSDC,42,42,20,348.00,"6,960.00"
2019-07-04,2019070401006842,SANIMA,10,47,200,351.00,"70,200.00"
2019-07-04,2019070401006825,SANIMA,10,47,200,351.00,"70,200.00"
2019-07-04,2019070401006686,SANIMA,25,49,50,350.00,"17,500.00"
2019-07-04,2019070401006583,SANIMA,25,35,559,350.00,"195,650.00"
2019-07-04,2019070401006582,SANIMA,6,35,90,350.00,"31,500.00"
2019-07-04,2019070401006581,SANIMA,45,35,351,350.00,"122,850.00"
2019-07-04,2019070401006685,SBL,6,49,500,324.00,"162,000.00"
2019-07-04,2019070401006571,SBL,6,52,200,324.00,"64,800.00"
2019-07-04,2019070401006588,SCB,32,42,50,665.00,"33,250.00"
2019-07-04,2019070401006841,SDESI,7,8,27,554.00,"14,958.00"
2019-07-04,2019070401006822,SDESI,7,8,27,554.00,"14,958.00"
2019-07-04,2019070401006768,SEF,51,47,200,9.81,"1,962.00"
2019-07-04,2019070401006496,SHINE,38,49,163,255.00,"41,565.00"
2019-07-04,2019070401006495,SHINE,38,17,87,255.00,"22,185.00"
2019-07-04,2019070401006350,SHINE,38,49,16,255.00,"4,080.00"
2019-07-04,2019070401006844,SHIVM,26,34,180,612.00,"110,160.00"
2019-07-04,2019070401006805,SHIVM,32,34,50,613.00,"30,650.00"
2019-07-04,2019070401006804,SHIVM,48,34,220,613.00,"134,860.00"
2019-07-04,2019070401006778,SHIVM,48,28,200,613.00,"122,600.00"
2019-07-04,2019070401006754,SHIVM,33,36,100,614.00,"61,400.00"
2019-07-04,2019070401006753,SHIVM,33,59,210,614.00,"128,940.00"
2019-07-04,2019070401006707,SHIVM,13,59,100,614.00,"61,400.00"
2019-07-04,2019070401006613,SHIVM,47,59,100,614.00,"61,400.00"
2019-07-04,2019070401006552,SHIVM,32,59,50,614.00,"30,700.00"
2019-07-04,2019070401006476,SHIVM,48,14,150,613.00,"91,950.00"
2019-07-04,2019070401006352,SHIVM,32,1,50,615.00,"30,750.00"
2019-07-04,2019070401006727,SHPC,59,16,100,251.00,"25,100.00"
2019-07-04,2019070401006695,SHPC,29,7,644,250.00,"161,000.00"
2019-07-04,2019070401006694,SHPC,17,7,182,250.00,"45,500.00"
2019-07-04,2019070401006599,SHPC,17,6,18,250.00,"4,500.00"
2019-07-04,2019070401006598,SHPC,33,6,45,250.00,"11,250.00"
2019-07-04,2019070401006597,SHPC,40,6,137,250.00,"34,250.00"
2019-07-04,2019070401006558,SHPC,40,10,200,250.00,"50,000.00"
2019-07-04,2019070401006437,SHPC,40,43,200,250.00,"50,000.00"
2019-07-04,2019070401006642,SICL,58,14,20,762.00,"15,240.00"
2019-07-04,2019070401006641,SICL,54,14,50,762.00,"38,100.00"
2019-07-04,2019070401006640,SICL,6,14,10,762.00,"7,620.00"
2019-07-04,2019070401006639,SICL,35,14,230,762.00,"175,260.00"
2019-07-04,2019070401006590,SICL,35,25,50,762.00,"38,100.00"
2019-07-04,2019070401006405,SICL,56,34,20,762.00,"15,240.00"
2019-07-04,2019070401006566,SICL,35,55,100,762.00,"76,200.00"
2019-07-04,2019070401006433,SICL,35,33,90,762.00,"68,580.00"
2019-07-04,2019070401006406,SICL,35,34,30,762.00,"22,860.00"
2019-07-04,2019070401006346,SIFC,41,17,57,157.00,"8,949.00"
2019-07-04,2019070401006759,SIL,28,45,230,453.00,"104,190.00"
2019-07-04,2019070401006497,SIL,28,25,36,453.00,"16,308.00"
2019-07-04,2019070401006420,SMB,1,57,50,427.00,"21,350.00"
2019-07-04,2019070401006586,SPARS,19,17,10,430.00,"4,300.00"
2019-07-04,2019070401006371,SPDL,7,49,59,90.00,"5,310.00"
2019-07-04,2019070401006720,SRBL,7,6,10,254.00,"2,540.00"
2019-07-04,2019070401006435,SRBL,29,51,100,256.00,"25,600.00"
2019-07-04,2019070401006348,SWBBL,33,40,300,893.00,"267,900.00"
2019-07-04,2019070401006384,TRH,7,26,"1,000",311.00,"311,000.00"
2019-07-04,2019070401006794,UMHL,43,39,14,109.00,"1,526.00"
2019-07-04,2019070401006828,UPCL,51,42,300,91.00,"27,300.00"
2019-07-04,2019070401006637,UPCL,51,38,50,91.00,"4,550.00"
2019-07-04,2019070401006357,UPCL,51,58,50,91.00,"4,550.00"
2019-07-04,2019070401006770,UPPER,45,52,203,268.00,"54,404.00"
2019-07-04,2019070401006769,UPPER,16,52,247,268.00,"66,196.00"
2019-07-04,2019070401006739,UPPER,16,16,293,268.00,"78,524.00"
2019-07-04,2019070401006593,UPPER,16,19,100,268.00,"26,800.00"
2019-07-04,2019070401006832,VLBS,57,36,10,496.00,"4,960.00"
2019-07-04,2019070401006323,ADBL,41,59,100,410.00,"41,000.00"
2019-07-04,2019070401005974,ADBL,41,48,52,410.00,"21,320.00"
2019-07-04,2019070401005886,ADBL,41,40,64,410.00,"26,240.00"
2019-07-04,2019070401005885,ADBL,41,40,336,410.00,"137,760.00"
2019-07-04,2019070401006307,AKPL,52,49,20,183.00,"3,660.00"
2019-07-04,2019070401006194,API,4,40,200,142.00,"28,400.00"
2019-07-04,2019070401005992,API,34,40,200,142.00,"28,400.00"
2019-07-04,2019070401005911,API,8,40,"1,000",141.00,"141,000.00"
2019-07-04,2019070401005851,BARUN,56,47,10,91.00,910.00
2019-07-04,2019070401006190,BNT,39,14,47,"6,750.00","317,250.00"
2019-07-04,2019070401006282,BOKL,52,29,100,264.00,"26,400.00"
2019-07-04,2019070401006138,BOKL,6,4,932,263.00,"245,116.00"
2019-07-04,2019070401006137,BOKL,41,4,68,263.00,"17,884.00"
2019-07-04,2019070401006039,BPCL,5,29,100,402.00,"40,200.00"
2019-07-04,2019070401006341,CBBL,38,34,100,957.00,"95,700.00"
2019-07-04,2019070401006195,CBBL,38,1,100,957.00,"95,700.00"
2019-07-04,2019070401006110,CBBL,59,53,22,957.00,"21,054.00"
2019-07-04,2019070401005960,CBBL,38,34,100,953.00,"95,300.00"
2019-07-04,2019070401006344,CBL,51,45,"2,690",152.00,"408,880.00"
2019-07-04,2019070401006169,CBL,42,7,350,153.00,"53,550.00"
2019-07-04,2019070401006153,CBL,57,7,200,153.00,"30,600.00"
2019-07-04,2019070401006080,CBL,26,7,"1,480",153.00,"226,440.00"
2019-07-04,2019070401006079,CBL,26,43,520,153.00,"79,560.00"
2019-07-04,2019070401006011,CBL,51,26,720,152.00,"109,440.00"
2019-07-04,2019070401005897,CBL,28,56,"1,000",153.00,"153,000.00"
2019-07-04,2019070401005896,CBL,28,52,300,153.00,"45,900.00"
2019-07-04,2019070401005994,CBL,55,43,300,153.00,"45,900.00"
2019-07-04,2019070401005972,CBL,38,43,40,153.00,"6,120.00"
2019-07-04,2019070401005959,CBL,51,39,984,152.00,"149,568.00"
2019-07-04,2019070401005900,CBL,28,52,50,153.00,"7,650.00"
2019-07-04,2019070401005899,CBL,28,1,"1,000",153.00,"153,000.00"
2019-07-04,2019070401005898,CBL,28,28,"1,500",153.00,"229,500.00"
2019-07-04,2019070401006322,CCBL,42,33,300,177.00,"53,100.00"
2019-07-04,2019070401006295,CCBL,42,58,"2,218",177.00,"392,586.00"
2019-07-04,2019070401006294,CCBL,52,58,40,177.00,"7,080.00"
2019-07-04,2019070401006293,CCBL,34,58,500,177.00,"88,500.00"
2019-07-04,2019070401006292,CCBL,19,58,500,177.00,"88,500.00"
2019-07-04,2019070401006291,CCBL,45,58,"1,200",177.00,"212,400.00"
2019-07-04,2019070401006130,CCBL,56,58,50,177.00,"8,850.00"
2019-07-04,2019070401006071,CCBL,32,52,256,178.00,"45,568.00"
2019-07-04,2019070401005995,CCBL,32,45,244,178.00,"43,432.00"
2019-07-04,2019070401005970,CCBL,55,45,300,178.00,"53,400.00"
2019-07-04,2019070401005888,CCBL,54,45,456,178.00,"81,168.00"
2019-07-04,2019070401005887,CCBL,54,45,400,178.00,"71,200.00"
2019-07-04,2019070401006290,CCBL,32,58,100,177.00,"17,700.00"
2019-07-04,2019070401006289,CCBL,34,58,"1,000",177.00,"177,000.00"
2019-07-04,2019070401006288,CCBL,58,58,500,177.00,"88,500.00"
2019-07-04,2019070401006287,CCBL,55,58,"1,373",177.00,"243,021.00"
2019-07-04,2019070401006132,CCBL,55,58,"1,627",177.00,"287,979.00"
2019-07-04,2019070401006131,CCBL,41,58,"1,000",177.00,"177,000.00"
2019-07-04,2019070401005855,CFCL,1,46,10,118.00,"1,180.00"
2019-07-04,2019070401006253,CHCL,6,41,60,510.00,"30,600.00"
2019-07-04,2019070401006252,CHCL,6,20,195,510.00,"99,450.00"
2019-07-04,2019070401006214,CHCL,25,20,25,510.00,"12,750.00"
2019-07-04,2019070401005950,CHCL,38,20,20,510.00,"10,200.00"
2019-07-04,2019070401005882,CIT,56,34,50,"2,430.00","121,500.00"
2019-07-04,2019070401005881,CIT,17,34,20,"2,430.00","48,600.00"
2019-07-04,2019070401005880,CIT,17,34,30,"2,430.00","72,900.00"
2019-07-04,2019070401005879,CIT,16,34,100,"2,431.00","243,100.00"
2019-07-04,2019070401005878,CIT,51,34,20,"2,435.00","48,700.00"
2019-07-04,2019070401005877,CIT,35,34,20,"2,440.00","48,800.00"
2019-07-04,2019070401005876,CIT,25,34,10,"2,440.00","24,400.00"
2019-07-04,2019070401006275,CZBIL,38,13,350,225.00,"78,750.00"
2019-07-04,2019070401006274,CZBIL,38,7,150,225.00,"33,750.00"
2019-07-04,2019070401006177,CZBIL,8,10,599,224.00,"134,176.00"
2019-07-04,2019070401006176,CZBIL,51,10,64,224.00,"14,336.00"
2019-07-04,2019070401006175,CZBIL,56,10,70,224.00,"15,680.00"
2019-07-04,2019070401006148,CZBIL,6,7,350,225.00,"78,750.00"
2019-07-04,2019070401005986,CZBIL,58,11,50,225.00,"11,250.00"
2019-07-04,2019070401005985,CZBIL,58,11,168,225.00,"37,800.00"
2019-07-04,2019070401006141,CZBIL,6,44,"1,000",225.00,"225,000.00"
2019-07-04,2019070401006128,CZBIL,6,10,603,225.00,"135,675.00"
2019-07-04,2019070401006106,CZBIL,6,41,47,225.00,"10,575.00"
2019-07-04,2019070401006105,CZBIL,8,41,318,225.00,"71,550.00"
2019-07-04,2019070401005988,CZBIL,8,11,"1,682",225.00,"378,450.00"
2019-07-04,2019070401005987,CZBIL,7,11,100,225.00,"22,500.00"
2019-07-04,2019070401006129,DBBL,40,41,209,139.00,"29,051.00"
2019-07-04,2019070401006038,DBBL,40,49,100,139.00,"13,900.00"
2019-07-04,2019070401005993,DBBL,40,49,100,139.00,"13,900.00"
2019-07-04,2019070401006321,EBL,39,26,100,660.00,"66,000.00"
2019-07-04,2019070401005983,EBL,8,57,80,658.00,"52,640.00"
2019-07-04,2019070401005947,FMDBL,29,42,30,385.00,"11,550.00"
2019-07-04,2019070401006324,FOWAD,6,37,52,"1,345.00","69,940.00"
2019-07-04,2019070401006083,GBBL,32,40,872,224.00,"195,328.00"
2019-07-04,2019070401006082,GBBL,39,40,488,225.00,"109,800.00"
2019-07-04,2019070401006249,GBIME,42,42,150,294.00,"44,100.00"
2019-07-04,2019070401006248,GBIME,45,42,50,294.00,"14,700.00"
2019-07-04,2019070401006101,GBIME,57,21,26,294.00,"7,644.00"
2019-07-04,2019070401006070,GBIME,21,21,118,294.00,"34,692.00"
2019-07-04,2019070401006047,GBIME,21,51,26,294.00,"7,644.00"
2019-07-04,2019070401006013,GBIME,59,48,33,293.00,"9,669.00"
2019-07-04,2019070401005946,GBIME,38,51,100,294.00,"29,400.00"
2019-07-04,2019070401006320,GBLBS,42,10,30,347.00,"10,410.00"
2019-07-04,2019070401006319,GBLBS,51,10,50,348.00,"17,400.00"
2019-07-04,2019070401006318,GBLBS,51,10,20,348.00,"6,960.00"
2019-07-04,2019070401006254,GBLBS,51,26,30,348.00,"10,440.00"
2019-07-04,2019070401006114,GBLBS,45,38,30,349.00,"10,470.00"
2019-07-04,2019070401005872,GBLBS,44,38,100,349.00,"34,900.00"
2019-07-04,2019070401005871,GBLBS,5,38,120,349.00,"41,880.00"
2019-07-04,2019070401006111,GFCL,18,32,500,133.00,"66,500.00"
2019-07-04,2019070401006206,GLBSL,33,47,10,402.00,"4,020.00"
2019-07-04,2019070401006037,GLBSL,29,49,10,402.00,"4,020.00"
2019-07-04,2019070401006066,GLICL,37,44,300,477.00,"143,100.00"
2019-07-04,2019070401006215,GMFBS,26,17,10,461.00,"4,610.00"
2019-07-04,2019070401006168,GMFBS,26,41,10,461.00,"4,610.00"
2019-07-04,2019070401006068,GMFBS,26,49,10,461.00,"4,610.00"
2019-07-04,2019070401006020,GMFBS,10,51,10,463.00,"4,630.00"
2019-07-04,2019070401006019,GMFBS,10,42,190,463.00,"87,970.00"
2019-07-04,2019070401005868,HDL,25,57,10,"1,670.00","16,700.00"
2019-07-04,2019070401006213,HIDCL,16,5,50,160.00,"8,000.00"
2019-07-04,2019070401006212,HIDCL,36,5,"5,000",160.00,"800,000.00"
2019-07-04,2019070401006211,HIDCL,58,5,200,160.00,"32,000.00"
2019-07-04,2019070401006210,HIDCL,50,5,300,160.00,"48,000.00"
2019-07-04,2019070401006209,HIDCL,39,5,50,160.00,"8,000.00"
2019-07-04,2019070401006208,HIDCL,59,5,200,160.00,"32,000.00"
2019-07-04,2019070401006207,HIDCL,47,5,551,160.00,"88,160.00"
2019-07-04,2019070401005847,HURJA,22,32,20,140.00,"2,800.00"
2019-07-04,2019070401005869,IGI,35,35,100,360.00,"36,000.00"
2019-07-04,2019070401006081,JBNL,6,26,"1,026",214.00,"219,564.00"
2019-07-04,2019070401006024,JBNL,55,33,300,215.00,"64,500.00"
2019-07-04,2019070401005978,JBNL,6,42,289,214.00,"61,846.00"
2019-07-04,2019070401005977,JBNL,51,42,11,214.00,"2,354.00"
2019-07-04,2019070401005949,JBNL,50,33,100,215.00,"21,500.00"
2019-07-04,2019070401005912,JBNL,54,33,500,215.00,"107,500.00"
2019-07-04,2019070401006203,KBBL,34,46,59,237.00,"13,983.00"
2019-07-04,2019070401006325,KBL,43,49,"1,358",218.00,"296,044.00"
2019-07-04,2019070401006309,KBL,43,25,642,218.00,"139,956.00"
2019-07-04,2019070401006308,KBL,43,25,62,218.00,"13,516.00"
2019-07-04,2019070401006154,KBL,43,34,481,218.00,"104,858.00"
2019-07-04,2019070401006150,KBL,43,42,"1,957",218.00,"426,626.00"
2019-07-04,2019070401006149,KBL,43,42,43,218.00,"9,374.00"
2019-07-04,2019070401006107,KBL,43,49,508,218.00,"110,744.00"
