Date,Transact. No.,Symbol,Buyer,Seller,Quantity,Rate,Amount
2020-07-12,2020071201016771,ADBL,57,6,10,375.00,"3,750.00"
2020-07-12,2020071201016770,ADBL,57,32,32,374.00,"11,968.00"
2020-07-12,2020071201016573,ADBL,1,52,100,369.00,"36,900.00"
2020-07-12,2020071201016813,AKJCL,41,21,40,48.03,"1,921.20"
2020-07-12,2020071201016812,AKJCL,58,21,10,48.05,480.50
2020-07-12,2020071201016436,AKJCL,58,48,20,48.05,961.00
2020-07-12,2020071201016802,ALBSL,16,52,10,740.00,"7,400.00"
2020-07-12,2020071201016737,ALBSL,8,45,10,733.00,"7,330.00"
2020-07-12,2020071201016678,ALBSL,49,52,100,740.00,"74,000.00"
2020-07-12,2020071201016524,ALBSL,8,56,50,733.00,"36,650.00"
2020-07-12,2020071201016523,ALBSL,26,56,50,734.00,"36,700.00"
2020-07-12,2020071201016450,ALBSL,26,21,185,734.00,"135,790.00"
2020-07-12,2020071201016449,ALBSL,16,21,100,735.00,"73,500.00"
2020-07-12,2020071201016448,ALBSL,13,21,28,735.00,"20,580.00"
2020-07-12,2020071201016439,ALBSL,13,56,60,735.00,"44,100.00"
2020-07-12,2020071201016791,API,49,44,100,106.00,"10,600.00"
2020-07-12,2020071201016504,BOKL,37,50,320,218.00,"69,760.00"
2020-07-12,2020071201016525,BPCL,45,8,12,356.00,"4,272.00"
2020-07-12,2020071201016370,BPCL,26,21,250,358.00,"89,500.00"
2020-07-12,2020071201016752,CBBL,3,42,100,"1,070.00","107,000.00"
2020-07-12,2020071201016624,CBBL,34,13,55,"1,070.00","58,850.00"
2020-07-12,2020071201016509,CBBL,34,51,50,"1,070.00","53,500.00"
2020-07-12,2020071201016508,CBBL,34,58,95,"1,066.00","101,270.00"
2020-07-12,2020071201016464,CCBL,34,44,120,162.00,"19,440.00"
2020-07-12,2020071201016748,CHCL,38,43,90,391.00,"35,190.00"
2020-07-12,2020071201016367,CHCL,56,43,100,391.00,"39,100.00"
2020-07-12,2020071201016580,CIT,33,14,25,"2,450.00","61,250.00"
2020-07-12,2020071201016557,CIT,33,59,50,"2,450.00","122,500.00"
2020-07-12,2020071201016456,CIT,33,14,25,"2,449.00","61,225.00"
2020-07-12,2020071201016394,CIT,16,14,40,"2,440.00","97,600.00"
2020-07-12,2020071201016393,CIT,45,14,10,"2,441.00","24,410.00"
2020-07-12,2020071201016711,CLBSL,58,17,50,690.00,"34,500.00"
2020-07-12,2020071201016703,CZBIL,21,28,350,186.00,"65,100.00"
2020-07-12,2020071201016584,CZBIL,33,28,100,186.00,"18,600.00"
2020-07-12,2020071201016559,CZBIL,33,28,100,186.00,"18,600.00"
2020-07-12,2020071201016361,CZBIL,34,28,100,186.00,"18,600.00"
2020-07-12,2020071201016605,EBL,39,16,500,654.00,"327,000.00"
2020-07-12,2020071201016345,EBL,39,4,455,654.00,"297,570.00"
2020-07-12,2020071201016344,EBL,42,4,70,654.00,"45,780.00"
2020-07-12,2020071201016343,EBL,46,4,475,655.00,"311,125.00"
2020-07-12,2020071201016625,EIC,54,48,50,410.00,"20,500.00"
2020-07-12,2020071201016574,FMDBL,45,57,50,529.00,"26,450.00"
2020-07-12,2020071201016373,FMDBL,35,51,20,533.00,"10,660.00"
2020-07-12,2020071201016772,GBIME,57,44,900,239.00,"215,100.00"
2020-07-12,2020071201016727,GBIME,57,44,100,239.00,"23,900.00"
2020-07-12,2020071201016614,GBIME,45,44,20,239.00,"4,780.00"
2020-07-12,2020071201016572,GBIME,58,44,100,239.00,"23,900.00"
2020-07-12,2020071201016558,GBIME,45,44,20,239.00,"4,780.00"
2020-07-12,2020071201016518,GBIME,33,44,300,239.00,"71,700.00"
2020-07-12,2020071201016440,GBIME,1,44,500,239.00,"119,500.00"
2020-07-12,2020071201016424,GBIME,49,44,200,239.00,"47,800.00"
2020-07-12,2020071201016368,GBIME,6,44,10,239.00,"2,390.00"
2020-07-12,2020071201016724,GBLBS,59,44,805,490.00,"394,450.00"
2020-07-12,2020071201016723,GBLBS,28,44,742,490.00,"363,580.00"
2020-07-12,2020071201016722,GBLBS,49,44,"1,000",491.00,"491,000.00"
2020-07-12,2020071201016721,GBLBS,36,44,408,491.00,"200,328.00"
2020-07-12,2020071201016372,GBLBS,36,52,"1,000",491.00,"491,000.00"
2020-07-12,2020071201016331,GILB,16,6,100,"1,320.00","132,000.00"
2020-07-12,2020071201016330,GILB,16,57,10,"1,320.00","13,200.00"
2020-07-12,2020071201016801,GLBSL,57,45,10,652.00,"6,520.00"
2020-07-12,2020071201016694,GLBSL,46,11,10,640.00,"6,400.00"
2020-07-12,2020071201016693,GLBSL,46,32,10,640.00,"6,400.00"
2020-07-12,2020071201016493,GLICL,33,45,185,485.00,"89,725.00"
2020-07-12,2020071201016492,GLICL,33,50,315,485.00,"152,775.00"
2020-07-12,2020071201016776,GMFIL,21,52,100,127.00,"12,700.00"
2020-07-12,2020071201016789,HDHPC,6,52,10,98.00,980.00
2020-07-12,2020071201016788,HDHPC,6,48,10,98.00,980.00
2020-07-12,2020071201016787,HDHPC,6,48,30,98.00,"2,940.00"
2020-07-12,2020071201016786,HDHPC,6,51,50,98.00,"4,900.00"
2020-07-12,2020071201016785,HDHPC,6,44,100,98.00,"9,800.00"
2020-07-12,2020071201016784,HDHPC,6,47,30,98.00,"2,940.00"
2020-07-12,2020071201016533,HDHPC,39,26,10,94.00,940.00
2020-07-12,2020071201016532,HDHPC,39,59,150,94.00,"14,100.00"
2020-07-12,2020071201016531,HDHPC,39,34,10,94.00,940.00
2020-07-12,2020071201016530,HDHPC,39,8,50,94.00,"4,700.00"
2020-07-12,2020071201016529,HDHPC,39,8,50,94.00,"4,700.00"
2020-07-12,2020071201016539,HDHPC,39,47,30,94.00,"2,820.00"
2020-07-12,2020071201016538,HDHPC,39,42,50,94.00,"4,700.00"
2020-07-12,2020071201016537,HDHPC,39,8,50,94.00,"4,700.00"
2020-07-12,2020071201016536,HDHPC,39,43,50,94.00,"4,700.00"
2020-07-12,2020071201016535,HDHPC,39,43,50,94.00,"4,700.00"
2020-07-12,2020071201016534,HDHPC,39,34,40,94.00,"3,760.00"
2020-07-12,2020071201016545,HDHPC,39,17,50,95.00,"4,750.00"
2020-07-12,2020071201016544,HDHPC,39,38,20,95.00,"1,900.00"
2020-07-12,2020071201016543,HDHPC,39,35,100,95.00,"9,500.00"
2020-07-12,2020071201016542,HDHPC,39,33,10,95.00,950.00
2020-07-12,2020071201016541,HDHPC,39,34,50,94.00,"4,700.00"
2020-07-12,2020071201016540,HDHPC,39,57,30,94.00,"2,820.00"
2020-07-12,2020071201016551,HDHPC,39,26,10,95.00,950.00
2020-07-12,2020071201016550,HDHPC,39,17,50,95.00,"4,750.00"
2020-07-12,2020071201016549,HDHPC,39,52,200,95.00,"19,000.00"
2020-07-12,2020071201016548,HDHPC,39,43,20,95.00,"1,900.00"
2020-07-12,2020071201016547,HDHPC,39,17,50,95.00,"4,750.00"
2020-07-12,2020071201016546,HDHPC,39,17,50,95.00,"4,750.00"
2020-07-12,2020071201016655,HDHPC,6,49,40,96.00,"3,840.00"
2020-07-12,2020071201016654,HDHPC,6,40,70,96.00,"6,720.00"
2020-07-12,2020071201016653,HDHPC,6,57,50,95.00,"4,750.00"
2020-07-12,2020071201016652,HDHPC,6,59,100,95.00,"9,500.00"
2020-07-12,2020071201016651,HDHPC,6,59,100,95.00,"9,500.00"
2020-07-12,2020071201016552,HDHPC,39,40,20,96.00,"1,920.00"
2020-07-12,2020071201016661,HDHPC,6,29,50,96.00,"4,800.00"
2020-07-12,2020071201016660,HDHPC,6,54,10,96.00,960.00
2020-07-12,2020071201016659,HDHPC,6,47,50,96.00,"4,800.00"
2020-07-12,2020071201016658,HDHPC,6,47,50,96.00,"4,800.00"
2020-07-12,2020071201016657,HDHPC,6,47,50,96.00,"4,800.00"
2020-07-12,2020071201016656,HDHPC,6,33,50,96.00,"4,800.00"
2020-07-12,2020071201016667,HDHPC,6,29,30,97.00,"2,910.00"
2020-07-12,2020071201016666,HDHPC,6,47,10,96.00,960.00
2020-07-12,2020071201016665,HDHPC,6,14,10,96.00,960.00
2020-07-12,2020071201016664,HDHPC,6,42,10,96.00,960.00
2020-07-12,2020071201016663,HDHPC,6,14,10,96.00,960.00
2020-07-12,2020071201016662,HDHPC,6,25,100,96.00,"9,600.00"
2020-07-12,2020071201016673,HDHPC,6,52,40,97.00,"3,880.00"
2020-07-12,2020071201016672,HDHPC,6,7,50,97.00,"4,850.00"
2020-07-12,2020071201016671,HDHPC,6,58,10,97.00,970.00
2020-07-12,2020071201016670,HDHPC,6,47,50,97.00,"4,850.00"
2020-07-12,2020071201016669,HDHPC,6,41,10,97.00,970.00
2020-07-12,2020071201016668,HDHPC,6,58,50,97.00,"4,850.00"
2020-07-12,2020071201016745,HDHPC,39,35,200,97.00,"19,400.00"
2020-07-12,2020071201016744,HDHPC,39,45,10,97.00,970.00
2020-07-12,2020071201016743,HDHPC,39,47,50,97.00,"4,850.00"
2020-07-12,2020071201016742,HDHPC,39,45,10,97.00,970.00
2020-07-12,2020071201016741,HDHPC,39,52,60,97.00,"5,820.00"
2020-07-12,2020071201016740,HDHPC,39,7,50,97.00,"4,850.00"
2020-07-12,2020071201016783,HDHPC,6,47,30,98.00,"2,940.00"
2020-07-12,2020071201016782,HDHPC,6,34,100,98.00,"9,800.00"
2020-07-12,2020071201016781,HDHPC,6,4,300,98.00,"29,400.00"
2020-07-12,2020071201016780,HDHPC,6,58,20,98.00,"1,960.00"
2020-07-12,2020071201016747,HDHPC,39,58,20,97.00,"1,940.00"
2020-07-12,2020071201016746,HDHPC,39,58,30,97.00,"2,910.00"
2020-07-12,2020071201016749,HDL,58,45,50,"1,573.00","78,650.00"
2020-07-12,2020071201016699,HDL,58,28,100,"1,566.00","156,600.00"
2020-07-12,2020071201016482,HDL,58,57,35,"1,566.00","54,810.00"
2020-07-12,2020071201016775,HGI,51,57,100,426.00,"42,600.00"
2020-07-12,2020071201016561,HGI,51,29,200,426.00,"85,200.00"
2020-07-12,2020071201016522,HGI,51,43,100,426.00,"42,600.00"
2020-07-12,2020071201016342,HPPL,6,48,134,132.00,"17,688.00"
2020-07-12,2020071201016725,ILBS,45,57,288,804.00,"231,552.00"
2020-07-12,2020071201016619,ILBS,21,47,413,803.00,"331,639.00"
2020-07-12,2020071201016465,ILBS,35,38,15,802.00,"12,030.00"
2020-07-12,2020071201016438,ILBS,35,39,11,800.00,"8,800.00"
2020-07-12,2020071201016397,ILBS,35,39,11,800.00,"8,800.00"
2020-07-12,2020071201016376,JBBL,51,33,100,165.00,"16,500.00"
2020-07-12,2020071201016375,JBBL,49,33,465,165.00,"76,725.00"
2020-07-12,2020071201016688,JSLBB,29,6,10,"1,635.00","16,350.00"
2020-07-12,2020071201016519,JSLBB,25,6,50,"1,635.00","81,750.00"
2020-07-12,2020071201016681,KBL,19,52,14,184.00,"2,576.00"
2020-07-12,2020071201016680,KBL,1,52,86,184.00,"15,824.00"
2020-07-12,2020071201016339,KBL,29,51,150,185.00,"27,750.00"
2020-07-12,2020071201016338,KBL,34,51,200,185.00,"37,000.00"
2020-07-12,2020071201016337,KBL,49,51,100,185.00,"18,500.00"
2020-07-12,2020071201016336,KBL,34,51,300,185.00,"55,500.00"
2020-07-12,2020071201016335,KBL,33,51,332,185.00,"61,420.00"
2020-07-12,2020071201016810,KMCDB,33,48,20,800.00,"16,000.00"
2020-07-12,2020071201016809,KMCDB,33,17,100,796.00,"79,600.00"
2020-07-12,2020071201016602,KMCDB,52,48,10,800.00,"8,000.00"
2020-07-12,2020071201016474,KMCDB,52,4,10,786.00,"7,860.00"
2020-07-12,2020071201016472,KSBBL,33,51,100,148.00,"14,800.00"
2020-07-12,2020071201016471,KSBBL,33,25,"2,000",148.00,"296,000.00"
2020-07-12,2020071201016470,KSBBL,33,37,500,148.00,"74,000.00"
2020-07-12,2020071201016469,KSBBL,33,55,300,148.00,"44,400.00"
2020-07-12,2020071201016623,LBBL,39,45,83,181.00,"15,023.00"
2020-07-12,2020071201016726,LBL,44,48,184,215.00,"39,560.00"
2020-07-12,2020071201016488,LBL,44,58,260,215.00,"55,900.00"
2020-07-12,2020071201016388,LBL,44,51,55,215.00,"11,825.00"
2020-07-12,2020071201016358,LBL,57,51,72,215.00,"15,480.00"
2020-07-12,2020071201016357,LBL,10,51,50,215.00,"10,750.00"
2020-07-12,2020071201016356,LBL,28,51,23,215.00,"4,945.00"
2020-07-12,2020071201016823,LICN,50,34,311,"1,350.00","419,850.00"
2020-07-12,2020071201016489,LICN,49,34,139,"1,356.00","188,484.00"
2020-07-12,2020071201016642,MBL,6,33,75,215.00,"16,125.00"
2020-07-12,2020071201016641,MBL,6,33,25,215.00,"5,375.00"
2020-07-12,2020071201016640,MBL,43,33,100,215.00,"21,500.00"
2020-07-12,2020071201016639,MBL,47,33,500,215.00,"107,500.00"
2020-07-12,2020071201016638,MBL,47,33,500,215.00,"107,500.00"
2020-07-12,2020071201016637,MBL,11,33,100,215.00,"21,500.00"
2020-07-12,2020071201016630,MBL,6,33,300,216.00,"64,800.00"
2020-07-12,2020071201016636,MBL,10,33,300,215.00,"64,500.00"
2020-07-12,2020071201016635,MBL,34,33,200,215.00,"43,000.00"
2020-07-12,2020071201016634,MBL,6,33,25,216.00,"5,400.00"
2020-07-12,2020071201016633,MBL,11,33,50,216.00,"10,800.00"
2020-07-12,2020071201016632,MBL,52,33,100,216.00,"21,600.00"
2020-07-12,2020071201016631,MBL,34,33,300,216.00,"64,800.00"
2020-07-12,2020071201016685,MEGA,32,11,70,205.00,"14,350.00"
2020-07-12,2020071201016648,MEGA,32,11,70,205.00,"14,350.00"
2020-07-12,2020071201016606,MEGA,32,11,70,205.00,"14,350.00"
2020-07-12,2020071201016579,MEGA,32,11,55,205.00,"11,275.00"
2020-07-12,2020071201016578,MEGA,34,11,15,205.00,"3,075.00"
2020-07-12,2020071201016571,MEGA,34,11,70,205.00,"14,350.00"
2020-07-12,2020071201016517,MEGA,34,11,70,205.00,"14,350.00"
2020-07-12,2020071201016480,MEGA,34,11,45,205.00,"9,225.00"
2020-07-12,2020071201016442,MEGA,35,57,20,206.00,"4,120.00"
2020-07-12,2020071201016766,MERO,34,26,57,643.00,"36,651.00"
2020-07-12,2020071201016692,MERO,34,34,25,642.00,"16,050.00"
2020-07-12,2020071201016643,MERO,34,1,18,641.00,"11,538.00"
2020-07-12,2020071201016577,MERO,57,42,67,638.00,"42,746.00"
2020-07-12,2020071201016576,MERO,56,42,63,638.00,"40,194.00"
2020-07-12,2020071201016626,MFIL,28,4,50,316.00,"15,800.00"
2020-07-12,2020071201016560,MFIL,28,43,50,312.00,"15,600.00"
2020-07-12,2020071201016497,MFIL,52,43,50,306.00,"15,300.00"
2020-07-12,2020071201016420,MFIL,28,1,200,300.00,"60,000.00"
2020-07-12,2020071201016419,MFIL,28,58,60,300.00,"18,000.00"
2020-07-12,2020071201016418,MFIL,28,57,300,298.00,"89,400.00"
2020-07-12,2020071201016399,MFIL,28,43,100,293.00,"29,300.00"
2020-07-12,2020071201016405,MFIL,28,52,50,295.00,"14,750.00"
2020-07-12,2020071201016404,MFIL,28,38,300,295.00,"88,500.00"
2020-07-12,2020071201016403,MFIL,28,36,500,295.00,"147,500.00"
2020-07-12,2020071201016402,MFIL,28,45,266,295.00,"78,470.00"
2020-07-12,2020071201016401,MFIL,28,52,50,294.00,"14,700.00"
2020-07-12,2020071201016400,MFIL,28,57,"3,000",294.00,"882,000.00"
2020-07-12,2020071201016411,MFIL,28,22,100,297.00,"29,700.00"
2020-07-12,2020071201016410,MFIL,28,45,95,297.00,"28,215.00"
2020-07-12,2020071201016409,MFIL,28,45,50,297.00,"14,850.00"
2020-07-12,2020071201016408,MFIL,28,50,500,296.00,"148,000.00"
2020-07-12,2020071201016407,MFIL,28,32,300,296.00,"88,800.00"
2020-07-12,2020071201016406,MFIL,28,43,200,296.00,"59,200.00"
2020-07-12,2020071201016417,MFIL,28,1,200,298.00,"59,600.00"
2020-07-12,2020071201016416,MFIL,28,26,982,298.00,"292,636.00"
2020-07-12,2020071201016415,MFIL,28,42,35,298.00,"10,430.00"
2020-07-12,2020071201016414,MFIL,28,51,250,298.00,"74,500.00"
2020-07-12,2020071201016413,MFIL,28,16,180,298.00,"53,640.00"
2020-07-12,2020071201016412,MFIL,28,14,500,297.00,"148,500.00"
2020-07-12,2020071201016575,MLBL,50,57,50,182.00,"9,100.00"
2020-07-12,2020071201016674,MNBBL,45,57,41,304.00,"12,464.00"
2020-07-12,2020071201016735,NADEP,3,10,30,607.00,"18,210.00"
2020-07-12,2020071201016679,NADEP,6,25,23,606.00,"13,938.00"
2020-07-12,2020071201016563,NADEP,45,6,13,600.00,"7,800.00"
2020-07-12,2020071201016806,NBB,44,36,633,198.00,"125,334.00"
2020-07-12,2020071201016805,NBB,44,41,200,198.00,"39,600.00"
2020-07-12,2020071201016804,NBB,44,58,267,198.00,"52,866.00"
2020-07-12,2020071201016803,NBB,44,17,900,198.00,"178,200.00"
2020-07-12,2020071201016739,NBB,44,17,100,198.00,"19,800.00"
2020-07-12,2020071201016811,NBL,33,44,20,242.00,"4,840.00"
2020-07-12,2020071201016365,NBL,33,52,20,242.00,"4,840.00"
2020-07-12,2020071201016341,NBL,44,37,"4,230",240.00,"1,015,200.00"
2020-07-12,2020071201016340,NBL,47,37,500,241.00,"120,500.00"
2020-07-12,2020071201016709,NEF,39,57,"1,408",8.70,"12,249.60"
2020-07-12,2020071201016435,NEF,39,54,"1,000",8.87,"8,870.00"
2020-07-12,2020071201016434,NEF,39,41,241,8.85,"2,132.85"
2020-07-12,2020071201016433,NEF,39,11,"10,000",8.80,"88,000.00"
2020-07-12,2020071201016432,NEF,39,40,"3,000",8.80,"26,400.00"
2020-07-12,2020071201016431,NEF,39,11,"1,400",8.77,"12,278.00"
2020-07-12,2020071201016333,NGPL,56,42,30,117.00,"3,510.00"
2020-07-12,2020071201016808,NHPC,46,13,135,54.00,"7,290.00"
2020-07-12,2020071201016769,NHPC,39,53,10,55.00,550.00
2020-07-12,2020071201016366,NHPC,46,44,500,54.00,"27,000.00"
2020-07-12,2020071201016386,NIB,45,48,10,438.00,"4,380.00"
2020-07-12,2020071201016328,NIB,45,36,900,438.00,"394,200.00"
2020-07-12,2020071201016598,NIBPO,49,4,"1,297",358.00,"464,326.00"
2020-07-12,2020071201016446,NIBPO,16,4,200,358.00,"71,600.00"
2020-07-12,2020071201016445,NIBPO,56,4,"1,000",358.00,"358,000.00"
2020-07-12,2020071201016444,NIBPO,49,4,"2,503",359.00,"898,577.00"
2020-07-12,2020071201016359,NIBPO,49,52,497,359.00,"178,423.00"
2020-07-12,2020071201016767,NICA,44,57,100,510.00,"51,000.00"
2020-07-12,2020071201016764,NICA,1,4,440,511.00,"224,840.00"
2020-07-12,2020071201016763,NICA,1,6,260,511.00,"132,860.00"
2020-07-12,2020071201016716,NICA,42,6,50,511.00,"25,550.00"
2020-07-12,2020071201016568,NICA,45,6,13,511.00,"6,643.00"
2020-07-12,2020071201016567,NICA,46,6,100,511.00,"51,100.00"
2020-07-12,2020071201016566,NICA,51,6,177,511.00,"90,447.00"
2020-07-12,2020071201016600,NICL,45,45,46,452.00,"20,792.00"
2020-07-12,2020071201016599,NICL,45,33,154,452.00,"69,608.00"
2020-07-12,2020071201016826,NIL,32,29,79,610.00,"48,190.00"
2020-07-12,2020071201016422,NIL,32,7,369,610.00,"225,090.00"
2020-07-12,2020071201016327,NIL,58,7,50,610.00,"30,500.00"
2020-07-12,2020071201016467,NLBBL,43,48,58,741.00,"42,978.00"
2020-07-12,2020071201016396,NLBBL,43,16,52,741.00,"38,532.00"
2020-07-12,2020071201016760,NLIC,39,4,100,"1,276.00","127,600.00"
2020-07-12,2020071201016720,NLIC,53,22,20,"1,275.00","25,500.00"
2020-07-12,2020071201016719,NLIC,53,58,100,"1,275.00","127,500.00"
2020-07-12,2020071201016718,NLIC,53,25,85,"1,275.00","108,375.00"
2020-07-12,2020071201016695,NLIC,39,25,100,"1,275.00","127,500.00"
2020-07-12,2020071201016650,NLIC,45,25,15,"1,275.00","19,125.00"
2020-07-12,2020071201016452,NLIC,35,32,110,"1,272.00","139,920.00"
2020-07-12,2020071201016451,NLIC,52,32,50,"1,275.00","63,750.00"
2020-07-12,2020071201016430,NLIC,58,58,500,"1,275.00","637,500.00"
2020-07-12,2020071201016421,NLIC,52,53,50,"1,275.00","63,750.00"
2020-07-12,2020071201016398,NLIC,52,53,400,"1,275.00","510,000.00"
2020-07-12,2020071201016363,NLIC,39,53,100,"1,275.00","127,500.00"
2020-07-12,2020071201016649,NLIC,45,14,50,"1,274.00","63,700.00"
2020-07-12,2020071201016498,NLIC,58,25,500,"1,275.00","637,500.00"
2020-07-12,2020071201016483,NLIC,53,32,180,"1,271.00","228,780.00"
2020-07-12,2020071201016455,NLIC,34,32,100,"1,271.00","127,100.00"
2020-07-12,2020071201016454,NLIC,55,32,50,"1,271.00","63,550.00"
2020-07-12,2020071201016453,NLIC,41,32,10,"1,272.00","12,720.00"
2020-07-12,2020071201016733,NLICL,43,45,10,678.00,"6,780.00"
2020-07-12,2020071201016495,NLICL,35,45,50,679.00,"33,950.00"
2020-07-12,2020071201016807,NMB,44,34,"1,500",383.00,"574,500.00"
2020-07-12,2020071201016594,NMBHF1,21,43,"2,000",9.10,"18,200.00"
2020-07-12,2020071201016593,NMBHF1,21,43,"2,000",9.10,"18,200.00"
2020-07-12,2020071201016592,NMBHF1,21,43,"2,000",9.10,"18,200.00"
2020-07-12,2020071201016591,NMBHF1,21,43,"2,000",9.10,"18,200.00"
2020-07-12,2020071201016590,NMBHF1,21,43,"2,000",9.10,"18,200.00"
2020-07-12,2020071201016589,NMBHF1,21,43,"2,000",9.10,"18,200.00"
2020-07-12,2020071201016588,NMBHF1,21,43,"2,000",9.10,"18,200.00"
2020-07-12,2020071201016587,NMBHF1,21,43,"1,268",9.10,"11,538.80"
2020-07-12,2020071201016586,NMBHF1,57,43,"10,063",9.11,"91,673.93"
2020-07-12,2020071201016815,NRIC,57,29,40,509.00,"20,360.00"
2020-07-12,2020071201016814,NRIC,57,34,50,509.00,"25,450.00"
2020-07-12,2020071201016794,NRIC,57,28,30,509.00,"15,270.00"
2020-07-12,2020071201016793,NRIC,35,28,10,509.00,"5,090.00"
2020-07-12,2020071201016753,NRIC,35,36,50,509.00,"25,450.00"
2020-07-12,2020071201016736,NRIC,21,18,50,509.00,"25,450.00"
2020-07-12,2020071201016347,NRIC,48,39,80,510.00,"40,800.00"
2020-07-12,2020071201016346,NRIC,48,44,190,510.00,"96,900.00"
2020-07-12,2020071201016334,NRIC,46,49,40,509.00,"20,360.00"
2020-07-12,2020071201016329,NRIC,42,44,10,510.00,"5,100.00"
2020-07-12,2020071201016379,NRIC,42,4,10,510.00,"5,100.00"
2020-07-12,2020071201016378,NRIC,42,4,10,510.00,"5,100.00"
2020-07-12,2020071201016377,NRIC,48,4,650,510.00,"331,500.00"
2020-07-12,2020071201016362,NRIC,48,34,40,510.00,"20,400.00"
2020-07-12,2020071201016360,NRIC,48,18,40,510.00,"20,400.00"
2020-07-12,2020071201016349,NRIC,10,54,50,511.00,"25,550.00"
2020-07-12,2020071201016385,NRIC,35,4,210,509.00,"106,890.00"
2020-07-12,2020071201016384,NRIC,59,4,200,509.00,"101,800.00"
2020-07-12,2020071201016383,NRIC,13,4,200,509.00,"101,800.00"
2020-07-12,2020071201016382,NRIC,17,4,100,509.00,"50,900.00"
2020-07-12,2020071201016381,NRIC,10,4,200,509.00,"101,800.00"
2020-07-12,2020071201016380,NRIC,46,4,420,509.00,"213,780.00"
2020-07-12,2020071201016426,NRIC,28,42,10,511.00,"5,110.00"
2020-07-12,2020071201016423,NRIC,35,34,50,509.00,"25,450.00"
2020-07-12,2020071201016392,NRIC,13,4,750,511.00,"383,250.00"
2020-07-12,2020071201016391,NRIC,13,13,40,511.00,"20,440.00"
2020-07-12,2020071201016390,NRIC,13,18,40,510.00,"20,400.00"
2020-07-12,2020071201016389,NRIC,28,18,10,510.00,"5,100.00"
2020-07-12,2020071201016503,NRIC,49,21,40,509.00,"20,360.00"
2020-07-12,2020071201016468,NRIC,47,4,100,510.00,"51,000.00"
2020-07-12,2020071201016466,NRIC,49,18,50,509.00,"25,450.00"
2020-07-12,2020071201016458,NRIC,49,34,20,509.00,"10,180.00"
2020-07-12,2020071201016457,NRIC,35,34,30,509.00,"15,270.00"
2020-07-12,2020071201016447,NRIC,35,45,10,509.00,"5,090.00"
2020-07-12,2020071201016565,NRIC,56,29,40,509.00,"20,360.00"
2020-07-12,2020071201016562,NRIC,28,4,30,510.00,"15,300.00"
2020-07-12,2020071201016556,NRIC,56,5,40,509.00,"20,360.00"
2020-07-12,2020071201016521,NRIC,56,34,30,509.00,"15,270.00"
2020-07-12,2020071201016520,NRIC,49,34,20,509.00,"10,180.00"
2020-07-12,2020071201016507,NRIC,49,14,20,509.00,"10,180.00"
2020-07-12,2020071201016608,NRIC,58,18,10,509.00,"5,090.00"
2020-07-12,2020071201016607,NRIC,29,18,10,509.00,"5,090.00"
2020-07-12,2020071201016604,NRIC,47,4,100,510.00,"51,000.00"
2020-07-12,2020071201016582,NRIC,29,8,10,509.00,"5,090.00"
2020-07-12,2020071201016581,NRIC,56,8,40,509.00,"20,360.00"
2020-07-12,2020071201016570,NRIC,56,48,40,509.00,"20,360.00"
2020-07-12,2020071201016677,NRIC,21,18,40,509.00,"20,360.00"
2020-07-12,2020071201016675,NRIC,28,4,500,510.00,"255,000.00"
2020-07-12,2020071201016620,NRIC,13,4,500,510.00,"255,000.00"
2020-07-12,2020071201016613,NRIC,21,18,40,509.00,"20,360.00"
2020-07-12,2020071201016610,NRIC,21,18,780,509.00,"397,020.00"
2020-07-12,2020071201016609,NRIC,57,18,300,509.00,"152,700.00"
2020-07-12,2020071201016705,NRIC,21,42,40,509.00,"20,360.00"
2020-07-12,2020071201016704,NRIC,25,29,40,510.00,"20,400.00"
2020-07-12,2020071201016701,NRIC,25,4,730,510.00,"372,300.00"
2020-07-12,2020071201016700,NRIC,21,6,10,509.00,"5,090.00"
2020-07-12,2020071201016696,NRIC,28,4,40,510.00,"20,400.00"
2020-07-12,2020071201016687,NRIC,21,34,40,509.00,"20,360.00"
2020-07-12,2020071201016611,NUBL,42,4,50,980.00,"49,000.00"
2020-07-12,2020071201016583,NUBL,41,4,30,980.00,"29,400.00"
2020-07-12,2020071201016496,NUBL,4,4,190,980.00,"186,200.00"
2020-07-12,2020071201016428,NUBL,34,34,200,985.00,"197,000.00"
2020-07-12,2020071201016732,OHL,42,35,91,326.00,"29,666.00"
2020-07-12,2020071201016731,OHL,42,45,289,326.00,"94,214.00"
2020-07-12,2020071201016730,OHL,42,6,60,326.00,"19,560.00"
2020-07-12,2020071201016729,OHL,42,25,100,324.00,"32,400.00"
2020-07-12,2020071201016728,OHL,42,42,460,320.00,"147,200.00"
2020-07-12,2020071201016816,PCBL,54,58,"1,000",250.00,"250,000.00"
2020-07-12,2020071201016800,PCBL,58,58,"1,320",249.00,"328,680.00"
2020-07-12,2020071201016799,PCBL,7,58,100,249.00,"24,900.00"
2020-07-12,2020071201016798,PCBL,51,58,500,249.00,"124,500.00"
2020-07-12,2020071201016797,PCBL,36,58,20,249.00,"4,980.00"
2020-07-12,2020071201016796,PCBL,14,58,40,249.00,"9,960.00"
2020-07-12,2020071201016427,PCBL,6,58,200,250.00,"50,000.00"
2020-07-12,2020071201016369,PCBL,6,58,10,250.00,"2,500.00"
2020-07-12,2020071201016332,PCBL,32,58,50,250.00,"12,500.00"
2020-07-12,2020071201016795,PCBL,59,58,20,249.00,"4,980.00"
2020-07-12,2020071201016765,PCBL,35,58,100,250.00,"25,000.00"
2020-07-12,2020071201016751,PCBL,16,58,50,250.00,"12,500.00"
2020-07-12,2020071201016585,PCBL,57,58,150,250.00,"37,500.00"
2020-07-12,2020071201016569,PCBL,50,58,100,250.00,"25,000.00"
2020-07-12,2020071201016506,PCBL,41,58,456,250.00,"114,000.00"
2020-07-12,2020071201016371,PFL,37,17,200,147.00,"29,400.00"
2020-07-12,2020071201016821,PIC,10,52,11,625.00,"6,875.00"
2020-07-12,2020071201016820,PIC,10,45,10,624.00,"6,240.00"
2020-07-12,2020071201016819,PIC,10,45,18,624.00,"11,232.00"
2020-07-12,2020071201016818,PIC,10,56,91,624.00,"56,784.00"
2020-07-12,2020071201016817,PIC,10,32,100,620.00,"62,000.00"
2020-07-12,2020071201016505,PIC,10,42,20,617.00,"12,340.00"
2020-07-12,2020071201016364,PIC,10,50,46,617.00,"28,382.00"
2020-07-12,2020071201016750,PICL,48,56,200,504.00,"100,800.00"
2020-07-12,2020071201016647,PLIC,32,52,100,541.00,"54,100.00"
2020-07-12,2020071201016768,PRIN,44,16,650,470.00,"305,500.00"
2020-07-12,2020071201016686,PRIN,29,16,10,470.00,"4,700.00"
2020-07-12,2020071201016618,PRIN,44,32,350,468.00,"163,800.00"
2020-07-12,2020071201016429,PRIN,29,32,10,468.00,"4,680.00"
2020-07-12,2020071201016790,PRVU,51,45,92,228.00,"20,976.00"
2020-07-12,2020071201016473,PRVU,42,42,"40,000",227.00,"9,080,000.00"
2020-07-12,2020071201016715,PRVU,47,4,11,227.00,"2,497.00"
2020-07-12,2020071201016714,PRVU,6,4,450,227.00,"102,150.00"
2020-07-12,2020071201016713,PRVU,43,4,50,227.00,"11,350.00"
2020-07-12,2020071201016712,PRVU,56,4,36,227.00,"8,172.00"
2020-07-12,2020071201016596,PRVU,56,41,64,227.00,"14,528.00"
2020-07-12,2020071201016595,PRVU,46,41,304,227.00,"69,008.00"
2020-07-12,2020071201016355,RADHI,41,8,12,167.00,"2,004.00"
2020-07-12,2020071201016555,RBCLPO,42,58,80,"8,155.00","652,400.00"
2020-07-12,2020071201016554,RBCLPO,42,33,200,"8,150.00","1,630,000.00"
2020-07-12,2020071201016553,RBCLPO,42,45,10,"8,150.00","81,500.00"
2020-07-12,2020071201016622,RHPL,59,8,40,148.00,"5,920.00"
2020-07-12,2020071201016603,RHPL,59,58,40,148.00,"5,920.00"
2020-07-12,2020071201016479,RHPL,59,48,10,148.00,"1,480.00"
2020-07-12,2020071201016387,RHPL,59,8,50,148.00,"7,400.00"
2020-07-12,2020071201016822,RMDC,50,50,950,688.00,"653,600.00"
2020-07-12,2020071201016759,RMDC,7,34,30,688.00,"20,640.00"
2020-07-12,2020071201016758,RMDC,7,50,50,685.00,"34,250.00"
2020-07-12,2020071201016757,RMDC,7,49,10,683.00,"6,830.00"
2020-07-12,2020071201016756,RMDC,7,34,50,680.00,"34,000.00"
2020-07-12,2020071201016755,RMDC,7,44,53,680.00,"36,040.00"
2020-07-12,2020071201016354,RMDC,18,44,799,680.00,"543,320.00"
2020-07-12,2020071201016353,RMDC,18,57,142,679.00,"96,418.00"
2020-07-12,2020071201016352,RMDC,18,44,19,679.00,"12,901.00"
2020-07-12,2020071201016351,RMDC,18,34,40,678.00,"27,120.00"
2020-07-12,2020071201016350,RRHP,1,54,10,91.00,910.00
2020-07-12,2020071201016792,RSDC,35,21,10,517.00,"5,170.00"
2020-07-12,2020071201016485,RSDC,48,33,38,510.00,"19,380.00"
2020-07-12,2020071201016484,RSDC,45,33,20,512.00,"10,240.00"
2020-07-12,2020071201016754,SAEF,35,45,"1,000",9.00,"9,000.00"
2020-07-12,2020071201016825,SANIMA,4,13,500,325.00,"162,500.00"
2020-07-12,2020071201016824,SANIMA,8,13,357,325.00,"116,025.00"
2020-07-12,2020071201016395,SAPDBL,50,45,400,126.00,"50,400.00"
2020-07-12,2020071201016702,SBI,44,49,50,409.00,"20,450.00"
2020-07-12,2020071201016645,SBL,49,47,209,288.00,"60,192.00"
2020-07-12,2020071201016644,SBL,44,58,53,287.00,"15,211.00"
2020-07-12,2020071201016734,SCB,45,11,150,621.00,"93,150.00"
2020-07-12,2020071201016564,SCB,8,21,30,620.00,"18,600.00"
2020-07-12,2020071201016528,SCB,8,58,59,620.00,"36,580.00"
2020-07-12,2020071201016527,SCB,42,58,10,620.00,"6,200.00"
2020-07-12,2020071201016526,SCB,25,58,721,620.00,"447,020.00"
2020-07-12,2020071201016778,SDESI,25,45,10,966.00,"9,660.00"
2020-07-12,2020071201016601,SDESI,35,45,10,966.00,"9,660.00"
2020-07-12,2020071201016502,SDESI,45,13,37,948.00,"35,076.00"
2020-07-12,2020071201016501,SDESI,45,25,27,945.00,"25,515.00"
2020-07-12,2020071201016500,SDESI,45,57,27,940.00,"25,380.00"
2020-07-12,2020071201016499,SDESI,45,42,11,935.00,"10,285.00"
2020-07-12,2020071201016463,SDESI,45,45,15,930.00,"13,950.00"
2020-07-12,2020071201016462,SDESI,45,19,10,925.00,"9,250.00"
2020-07-12,2020071201016437,SDESI,45,45,100,922.00,"92,200.00"
2020-07-12,2020071201016773,SHIVM,52,34,50,603.00,"30,150.00"
2020-07-12,2020071201016710,SHIVM,52,50,400,603.00,"241,200.00"
2020-07-12,2020071201016690,SHIVM,52,6,300,603.00,"180,900.00"
2020-07-12,2020071201016689,SHIVM,52,1,100,603.00,"60,300.00"
2020-07-12,2020071201016374,SHIVM,42,42,50,597.00,"29,850.00"
2020-07-12,2020071201016513,SHIVM,52,22,50,600.00,"30,000.00"
2020-07-12,2020071201016512,SHIVM,52,20,50,600.00,"30,000.00"
2020-07-12,2020071201016511,SHIVM,52,45,50,599.00,"29,950.00"
2020-07-12,2020071201016510,SHIVM,52,41,10,599.00,"5,990.00"
2020-07-12,2020071201016494,SHIVM,42,45,230,597.00,"137,310.00"
2020-07-12,2020071201016629,SHIVM,32,39,60,602.00,"36,120.00"
2020-07-12,2020071201016628,SHIVM,32,18,500,602.00,"301,000.00"
2020-07-12,2020071201016627,SHIVM,32,25,85,602.00,"51,170.00"
2020-07-12,2020071201016516,SHIVM,52,25,15,602.00,"9,030.00"
2020-07-12,2020071201016515,SHIVM,52,58,75,601.00,"45,075.00"
2020-07-12,2020071201016514,SHIVM,52,18,50,600.00,"30,000.00"
2020-07-12,2020071201016691,SHPC,58,1,150,220.00,"33,000.00"
2020-07-12,2020071201016491,SHPC,6,1,92,220.00,"20,240.00"
2020-07-12,2020071201016490,SHPC,6,4,108,220.00,"23,760.00"
2020-07-12,2020071201016717,SICL,44,4,150,"1,010.00","151,500.00"
2020-07-12,2020071201016708,SICL,38,43,14,"1,007.00","14,098.00"
2020-07-12,2020071201016707,SICL,38,43,41,"1,007.00","41,287.00"
2020-07-12,2020071201016706,SICL,41,43,145,"1,008.00","146,160.00"
2020-07-12,2020071201016475,SICL,46,43,145,"1,009.00","146,305.00"
2020-07-12,2020071201016441,SICL,38,43,200,"1,009.00","201,800.00"
2020-07-12,2020071201016779,SJCL,50,58,20,137.00,"2,740.00"
2020-07-12,2020071201016646,SJCL,50,8,20,137.00,"2,740.00"
2020-07-12,2020071201016425,SJCL,50,8,20,137.00,"2,740.00"
2020-07-12,2020071201016777,SLBBL,53,59,100,937.00,"93,700.00"
2020-07-12,2020071201016461,SLICL,37,53,10,455.00,"4,550.00"
2020-07-12,2020071201016460,SLICL,37,25,50,454.00,"22,700.00"
2020-07-12,2020071201016459,SLICL,37,51,50,454.00,"22,700.00"
2020-07-12,2020071201016478,SMB,55,16,10,902.00,"9,020.00"
2020-07-12,2020071201016477,SMB,43,16,20,904.00,"18,080.00"
2020-07-12,2020071201016476,SMB,43,16,20,905.00,"18,100.00"
2020-07-12,2020071201016676,SMFBS,55,13,40,970.00,"38,800.00"
2020-07-12,2020071201016612,SMFBS,56,13,10,970.00,"9,700.00"
2020-07-12,2020071201016487,SPARS,54,56,40,851.00,"34,040.00"
2020-07-12,2020071201016486,SPARS,45,56,50,852.00,"42,600.00"
2020-07-12,2020071201016774,SRBL,49,44,20,227.00,"4,540.00"
2020-07-12,2020071201016617,SWBBL,36,26,32,"1,170.00","37,440.00"
2020-07-12,2020071201016616,SWBBL,36,47,25,"1,170.00","29,250.00"
2020-07-12,2020071201016615,SWBBL,36,44,113,"1,170.00","132,210.00"
2020-07-12,2020071201016762,UIC,5,34,50,380.00,"19,000.00"
2020-07-12,2020071201016761,UIC,5,43,150,380.00,"57,000.00"
2020-07-12,2020071201016738,UIC,58,43,50,380.00,"19,000.00"
2020-07-12,2020071201016621,UIC,40,16,100,379.00,"37,900.00"
2020-07-12,2020071201016684,UPPER,26,8,40,230.00,"9,200.00"
2020-07-12,2020071201016683,UPPER,26,13,610,230.00,"140,300.00"
2020-07-12,2020071201016682,UPPER,33,13,390,230.00,"89,700.00"
2020-07-12,2020071201016443,UPPER,33,8,40,230.00,"9,200.00"
2020-07-12,2020071201016348,UPPER,6,45,50,229.00,"11,450.00"
2020-07-12,2020071201016698,VLBS,4,48,28,"1,007.00","28,196.00"
2020-07-12,2020071201016697,VLBS,4,48,12,"1,007.00","12,084.00"
2020-07-12,2020071201016481,VLBS,45,13,107,"1,010.00","108,070.00"
2020-07-12,2020071201016597,WOMI,38,28,50,"1,032.00","51,600.00"
2020-07-12,2020071201016178,ADBL,16,59,77,370.00,"28,490.00"
2020-07-12,2020071201016053,ADBL,1,35,20,369.00,"7,380.00"
2020-07-12,2020071201016052,ADBL,39,35,500,369.00,"184,500.00"
2020-07-12,2020071201016051,ADBL,42,35,480,369.00,"177,120.00"
2020-07-12,2020071201015935,ADBL,18,59,25,370.00,"9,250.00"
2020-07-12,2020071201015934,ADBL,37,59,10,370.00,"3,700.00"
2020-07-12,2020071201015933,ADBL,1,59,60,370.00,"22,200.00"
2020-07-12,2020071201015932,ADBL,6,59,46,370.00,"17,020.00"
2020-07-12,2020071201015914,ADBL,1,57,40,370.00,"14,800.00"
2020-07-12,2020071201016153,AHPC,45,44,110,93.00,"10,230.00"
2020-07-12,2020071201016152,AHPC,37,44,335,93.00,"31,155.00"
2020-07-12,2020071201016281,AKJCL,58,54,20,48.05,961.00
2020-07-12,2020071201016134,AKPL,59,10,"1,000",117.00,"117,000.00"
2020-07-12,2020071201016165,ALBSL,13,42,12,735.00,"8,820.00"
2020-07-12,2020071201015996,ALBSL,26,1,44,734.00,"32,296.00"
2020-07-12,2020071201016247,ALICL,57,45,50,596.00,"29,800.00"
2020-07-12,2020071201015865,ALICL,14,10,56,595.00,"33,320.00"
2020-07-12,2020071201015864,ALICL,6,10,100,596.00,"59,600.00"
2020-07-12,2020071201016232,API,43,44,40,106.00,"4,240.00"
2020-07-12,2020071201016149,BFC,52,36,49,90.00,"4,410.00"
2020-07-12,2020071201016067,BOKL,6,50,300,217.00,"65,100.00"
2020-07-12,2020071201016025,BPCL,32,8,12,355.00,"4,260.00"
2020-07-12,2020071201016245,CBL,6,4,50,138.00,"6,900.00"
2020-07-12,2020071201016244,CBL,32,4,300,138.00,"41,400.00"
2020-07-12,2020071201016192,CCBL,34,45,40,162.00,"6,480.00"
2020-07-12,2020071201016150,CCBL,35,44,20,163.00,"3,260.00"
2020-07-12,2020071201016062,CHCL,38,44,10,390.00,"3,900.00"
2020-07-12,2020071201016061,CHCL,50,44,100,390.00,"39,000.00"
2020-07-12,2020071201016083,CHL,37,4,10,78.00,780.00
2020-07-12,2020071201015901,CIT,16,58,180,"2,440.00","439,200.00"
2020-07-12,2020071201015900,CIT,22,58,20,"2,440.00","48,800.00"
2020-07-12,2020071201015899,CIT,44,58,400,"2,441.00","976,400.00"
2020-07-12,2020071201015898,CIT,44,58,400,"2,441.00","976,400.00"
2020-07-12,2020071201015849,CIT,36,58,100,"2,445.00","244,500.00"
2020-07-12,2020071201015848,CIT,45,58,100,"2,445.00","244,500.00"
2020-07-12,2020071201015847,CIT,26,58,100,"2,445.00","244,500.00"
2020-07-12,2020071201015846,CIT,6,58,65,"2,446.00","158,990.00"
2020-07-12,2020071201015845,CIT,41,58,100,"2,447.00","244,700.00"
2020-07-12,2020071201016121,CLBSL,52,58,110,699.00,"76,890.00"
2020-07-12,2020071201016120,CLBSL,52,16,90,695.00,"62,550.00"
2020-07-12,2020071201015938,CLBSL,33,16,10,695.00,"6,950.00"
2020-07-12,2020071201016218,DDBL,35,36,39,861.00,"33,579.00"
2020-07-12,2020071201016106,DDBL,43,36,176,861.00,"151,536.00"
2020-07-12,2020071201016105,DDBL,43,52,50,860.00,"43,000.00"
2020-07-12,2020071201016104,DDBL,43,45,235,860.00,"202,100.00"
2020-07-12,2020071201016103,DDBL,43,51,39,859.00,"33,501.00"
2020-07-12,2020071201016086,DDBL,34,51,50,859.00,"42,950.00"
2020-07-12,2020071201016056,EBL,14,29,88,657.00,"57,816.00"
2020-07-12,2020071201016148,EIC,54,40,150,410.00,"61,500.00"
2020-07-12,2020071201016135,EIC,54,42,200,409.00,"81,800.00"
2020-07-12,2020071201016250,FMDBL,45,57,200,529.00,"105,800.00"
2020-07-12,2020071201016040,FMDBL,57,57,50,529.00,"26,450.00"
2020-07-12,2020071201015832,FMDBL,10,51,100,533.00,"53,300.00"
2020-07-12,2020071201016183,GBBL,1,47,56,220.00,"12,320.00"
2020-07-12,2020071201016060,GBBL,1,43,541,220.00,"119,020.00"
2020-07-12,2020071201016059,GBBL,21,43,100,220.00,"22,000.00"
2020-07-12,2020071201016058,GBBL,42,43,393,220.00,"86,460.00"
2020-07-12,2020071201015929,GBBL,42,38,250,220.00,"55,000.00"
2020-07-12,2020071201016280,GBIME,29,48,59,238.00,"14,042.00"
2020-07-12,2020071201016278,GBIME,42,42,"40,000",238.00,"9,520,000.00"
2020-07-12,2020071201016210,GBIME,29,45,19,238.00,"4,522.00"
2020-07-12,2020071201016168,GBIME,29,47,44,238.00,"10,472.00"
2020-07-12,2020071201015871,GBIME,17,6,290,237.00,"68,730.00"
2020-07-12,2020071201015870,GBIME,10,6,50,237.00,"11,850.00"
2020-07-12,2020071201015869,GBIME,52,6,160,237.00,"37,920.00"
2020-07-12,2020071201015866,GBIME,38,44,100,239.00,"23,900.00"
2020-07-12,2020071201016290,GBLBS,36,52,592,491.00,"290,672.00"
2020-07-12,2020071201016289,GBLBS,51,52,"1,000",492.00,"492,000.00"
2020-07-12,2020071201016288,GBLBS,49,52,500,492.00,"246,000.00"
2020-07-12,2020071201016287,GBLBS,57,52,300,492.00,"147,600.00"
2020-07-12,2020071201016286,GBLBS,8,52,100,492.00,"49,200.00"
2020-07-12,2020071201016285,GBLBS,19,52,278,493.00,"137,054.00"
2020-07-12,2020071201015875,GBLBS,6,14,15,494.00,"7,410.00"
2020-07-12,2020071201015874,GBLBS,6,38,15,494.00,"7,410.00"
2020-07-12,2020071201016284,GBLBS,51,52,970,493.00,"478,210.00"
2020-07-12,2020071201016283,GBLBS,57,52,200,494.00,"98,800.00"
2020-07-12,2020071201016282,GBLBS,6,52,60,494.00,"29,640.00"
2020-07-12,2020071201016269,GBLBS,6,48,150,494.00,"74,100.00"
2020-07-12,2020071201016101,GBLBS,6,59,50,494.00,"24,700.00"
2020-07-12,2020071201016024,GBLBS,6,10,10,494.00,"4,940.00"
2020-07-12,2020071201016167,GFCL,34,36,100,145.00,"14,500.00"
2020-07-12,2020071201016226,GLICL,21,45,10,485.00,"4,850.00"
2020-07-12,2020071201016066,GLICL,34,45,85,481.00,"40,885.00"
2020-07-12,2020071201016065,GLICL,4,45,15,481.00,"7,215.00"
2020-07-12,2020071201016021,GLICL,4,32,25,481.00,"12,025.00"
2020-07-12,2020071201016020,GLICL,10,32,45,481.00,"21,645.00"
2020-07-12,2020071201015921,GLICL,5,10,86,482.00,"41,452.00"
2020-07-12,2020071201015920,GLICL,57,10,19,484.00,"9,196.00"
2020-07-12,2020071201016323,HBL,42,54,"1,083",510.00,"552,330.00"
2020-07-12,2020071201016322,HBL,52,54,500,510.00,"255,000.00"
2020-07-12,2020071201016321,HBL,38,54,20,510.00,"10,200.00"
2020-07-12,2020071201016320,HBL,19,54,20,510.00,"10,200.00"
2020-07-12,2020071201016319,HBL,45,54,50,510.00,"25,500.00"
2020-07-12,2020071201016318,HBL,14,54,50,510.00,"25,500.00"
2020-07-12,2020071201015994,HBL,45,44,21,515.00,"10,815.00"
2020-07-12,2020071201016317,HBL,16,54,100,512.00,"51,200.00"
2020-07-12,2020071201016316,HBL,47,54,150,513.00,"76,950.00"
2020-07-12,2020071201016315,HBL,33,54,31,513.00,"15,903.00"
2020-07-12,2020071201016314,HBL,51,54,50,513.00,"25,650.00"
2020-07-12,2020071201016313,HBL,49,54,77,514.00,"39,578.00"
2020-07-12,2020071201016312,HBL,45,54,79,515.00,"40,685.00"
2020-07-12,2020071201016230,HDL,58,45,150,"1,566.00","234,900.00"
2020-07-12,2020071201016041,HDL,37,48,50,"1,566.00","78,300.00"
2020-07-12,2020071201015915,HDL,54,45,58,"1,567.00","90,886.00"
2020-07-12,2020071201015861,HDL,54,48,120,"1,567.00","188,040.00"
2020-07-12,2020071201015841,HDL,35,32,70,"1,568.00","109,760.00"
2020-07-12,2020071201015837,HDL,54,52,22,"1,567.00","34,474.00"
2020-07-12,2020071201015836,HDL,25,52,78,"1,567.00","122,226.00"
2020-07-12,2020071201016119,HGI,45,17,100,427.00,"42,700.00"
2020-07-12,2020071201015873,HGI,51,38,34,426.00,"14,484.00"
2020-07-12,2020071201016273,HIDCL,35,29,10,134.00,"1,340.00"
2020-07-12,2020071201016015,HURJA,10,34,20,91.00,"1,820.00"
2020-07-12,2020071201015908,HURJA,10,34,20,91.00,"1,820.00"
2020-07-12,2020071201016068,ICFC,35,10,40,180.00,"7,200.00"
2020-07-12,2020071201016035,ILBS,35,57,11,800.00,"8,800.00"
2020-07-12,2020071201015977,ILBS,35,38,11,800.00,"8,800.00"
2020-07-12,2020071201015850,ILBS,21,52,11,797.00,"8,767.00"
2020-07-12,2020071201016231,JBBL,49,45,16,165.00,"2,640.00"
2020-07-12,2020071201016195,JOSHI,34,54,20,51.00,"1,020.00"
2020-07-12,2020071201016243,JSLBB,42,44,65,"1,630.00","105,950.00"
2020-07-12,2020071201016236,KBL,42,42,"40,000",185.00,"7,400,000.00"
2020-07-12,2020071201016102,KBL,33,44,115,185.00,"21,275.00"
2020-07-12,2020071201016090,KKHC,48,54,200,49.10,"9,820.00"
2020-07-12,2020071201016272,KMCDB,52,49,10,800.00,"8,000.00"
2020-07-12,2020071201016125,KMCDB,52,45,10,786.00,"7,860.00"
2020-07-12,2020071201016147,KPCL,39,26,10,105.00,"1,050.00"
2020-07-12,2020071201016130,KPCL,39,48,10,104.00,"1,040.00"
2020-07-12,2020071201016129,KPCL,39,5,10,104.00,"1,040.00"
2020-07-12,2020071201016128,KPCL,39,58,10,104.00,"1,040.00"
2020-07-12,2020071201016127,KPCL,39,6,10,104.00,"1,040.00"
2020-07-12,2020071201016037,KPCL,51,34,10,102.00,"1,020.00"
2020-07-12,2020071201016126,KRBL,41,36,100,99.00,"9,900.00"
2020-07-12,2020071201016216,LBBL,39,43,217,181.00,"39,277.00"
2020-07-12,2020071201016215,LBBL,34,43,100,181.00,"18,100.00"
2020-07-12,2020071201016214,LBBL,34,43,200,181.00,"36,200.00"
2020-07-12,2020071201016213,LBBL,6,43,93,181.00,"16,833.00"
2020-07-12,2020071201016212,LBBL,8,43,"1,390",181.00,"251,590.00"
2020-07-12,2020071201016014,LBBL,8,51,237,181.00,"42,897.00"
2020-07-12,2020071201016016,LBL,28,51,100,215.00,"21,500.00"
2020-07-12,2020071201015946,LBL,28,17,50,215.00,"10,750.00"
2020-07-12,2020071201016242,LICN,34,34,500,"1,360.00","680,000.00"
2020-07-12,2020071201016188,LICN,49,28,"1,000","1,356.00","1,356,000.00"
2020-07-12,2020071201016187,LICN,49,56,25,"1,356.00","33,900.00"
2020-07-12,2020071201016186,LICN,49,57,500,"1,355.00","677,500.00"
2020-07-12,2020071201016185,LICN,49,41,36,"1,354.00","48,744.00"
2020-07-12,2020071201016184,LICN,49,4,500,"1,352.00","676,000.00"
2020-07-12,2020071201015981,LLBS,49,48,466,"1,120.00","521,920.00"
2020-07-12,2020071201015980,LLBS,49,59,23,"1,120.00","25,760.00"
2020-07-12,2020071201015979,LLBS,49,45,11,"1,118.00","12,298.00"
2020-07-12,2020071201015931,MBL,6,6,200,216.00,"43,200.00"
2020-07-12,2020071201015930,MBL,13,6,100,216.00,"21,600.00"
2020-07-12,2020071201015906,MBL,38,33,100,217.00,"21,700.00"
2020-07-12,2020071201015905,MBL,29,33,300,217.00,"65,100.00"
2020-07-12,2020071201015904,MBL,32,33,100,217.00,"21,700.00"
2020-07-12,2020071201015903,MBL,58,33,170,217.00,"36,890.00"
2020-07-12,2020071201016297,MEGA,26,57,200,206.00,"41,200.00"
2020-07-12,2020071201016207,MEGA,51,57,500,206.00,"103,000.00"
2020-07-12,2020071201015944,MEGA,8,57,200,206.00,"41,200.00"
2020-07-12,2020071201016237,MERO,56,44,10,638.00,"6,380.00"
2020-07-12,2020071201016075,MERO,45,1,10,641.00,"6,410.00"
2020-07-12,2020071201015897,MERO,56,26,27,638.00,"17,226.00"
2020-07-12,2020071201015896,MERO,21,26,70,638.00,"44,660.00"
2020-07-12,2020071201016082,MLBBL,57,45,110,742.00,"81,620.00"
2020-07-12,2020071201016084,MLBL,34,36,125,181.00,"22,625.00"
2020-07-12,2020071201015936,MLBL,45,57,200,182.00,"36,400.00"
2020-07-12,2020071201016087,MNBBL,45,47,88,304.00,"26,752.00"
2020-07-12,2020071201015923,MNBBL,45,54,71,304.00,"21,584.00"
2020-07-12,2020071201016279,MSMBS,48,32,10,706.00,"7,060.00"
2020-07-12,2020071201016095,MSMBS,48,32,10,693.00,"6,930.00"
2020-07-12,2020071201016235,NABIL,8,8,144,747.00,"107,568.00"
2020-07-12,2020071201016200,NABIL,6,8,100,747.00,"74,700.00"
2020-07-12,2020071201016199,NABIL,45,8,10,748.00,"7,480.00"
2020-07-12,2020071201016198,NABIL,46,8,94,748.00,"70,312.00"
2020-07-12,2020071201016197,NABIL,58,8,202,749.00,"151,298.00"
2020-07-12,2020071201015890,NABIL,40,6,200,750.00,"150,000.00"
2020-07-12,2020071201015983,NADEP,40,6,10,600.00,"6,000.00"
2020-07-12,2020071201015968,NADEP,16,16,3,600.00,"1,800.00"
2020-07-12,2020071201015951,NADEP,16,16,3,600.00,"1,800.00"
2020-07-12,2020071201015854,NADEP,16,38,3,600.00,"1,800.00"
2020-07-12,2020071201016133,NBB,44,46,83,197.00,"16,351.00"
2020-07-12,2020071201016132,NBB,44,26,321,197.00,"63,237.00"
2020-07-12,2020071201016131,NBB,44,45,300,196.00,"58,800.00"
2020-07-12,2020071201015872,NBB,45,45,200,196.00,"39,200.00"
2020-07-12,2020071201016194,NBL,44,43,"1,750",240.00,"420,000.00"
2020-07-12,2020071201016193,NBL,52,43,250,241.00,"60,250.00"
2020-07-12,2020071201016114,NBL,33,34,12,243.00,"2,916.00"
2020-07-12,2020071201016113,NBL,33,47,23,242.00,"5,566.00"
2020-07-12,2020071201016043,NBL,55,28,100,242.00,"24,200.00"
2020-07-12,2020071201016032,NBL,5,28,200,242.00,"48,400.00"
2020-07-12,2020071201015978,NBL,28,37,"1,000",241.00,"241,000.00"
2020-07-12,2020071201016221,NIB,49,59,15,437.00,"6,555.00"
2020-07-12,2020071201016220,NIB,54,59,100,437.00,"43,700.00"
2020-07-12,2020071201016208,NIB,57,36,100,438.00,"43,800.00"
2020-07-12,2020071201015913,NIB,54,48,49,437.00,"21,413.00"
2020-07-12,2020071201015907,NIB,38,51,100,439.00,"43,900.00"
2020-07-12,2020071201015878,NIB,5,54,4,438.00,"1,752.00"
2020-07-12,2020071201015877,NIB,5,48,49,438.00,"21,462.00"
2020-07-12,2020071201015835,NIB,5,48,49,438.00,"21,462.00"
2020-07-12,2020071201015879,NIBPO,42,4,20,361.00,"7,220.00"
2020-07-12,2020071201016263,NICA,51,45,323,511.00,"165,053.00"
2020-07-12,2020071201016262,NICA,46,45,500,511.00,"255,500.00"
2020-07-12,2020071201016261,NICA,22,45,100,511.00,"51,100.00"
2020-07-12,2020071201016260,NICA,1,45,77,511.00,"39,347.00"
2020-07-12,2020071201016111,NICA,1,47,30,511.00,"15,330.00"
2020-07-12,2020071201016000,NICL,50,33,10,452.00,"4,520.00"
2020-07-12,2020071201016223,NIL,35,7,200,610.00,"122,000.00"
2020-07-12,2020071201016222,NIL,45,7,100,610.00,"61,000.00"
2020-07-12,2020071201016039,NIL,45,34,100,610.00,"61,000.00"
2020-07-12,2020071201015911,NIL,48,11,100,610.00,"61,000.00"
2020-07-12,2020071201016267,NLBBL,43,11,190,741.00,"140,790.00"
2020-07-12,2020071201016266,NLBBL,35,11,300,743.00,"222,900.00"
2020-07-12,2020071201016265,NLBBL,41,11,10,744.00,"7,440.00"
2020-07-12,2020071201016257,NLIC,35,5,38,"1,272.00","48,336.00"
2020-07-12,2020071201016173,NLIC,35,25,352,"1,272.00","447,744.00"
2020-07-12,2020071201016172,NLIC,41,25,500,"1,273.00","636,500.00"
2020-07-12,2020071201016171,NLIC,34,25,20,"1,274.00","25,480.00"
2020-07-12,2020071201016170,NLIC,50,25,128,"1,274.00","163,072.00"
2020-07-12,2020071201016169,NLIC,10,4,63,"1,276.00","80,388.00"
2020-07-12,2020071201015859,NLIC,57,28,50,"1,280.00","64,000.00"
2020-07-12,2020071201015858,NLIC,57,45,50,"1,280.00","64,000.00"
2020-07-12,2020071201015857,NLIC,57,55,23,"1,280.00","29,440.00"
2020-07-12,2020071201015856,NLIC,57,43,717,"1,279.00","917,043.00"
2020-07-12,2020071201015855,NLIC,57,25,89,"1,278.00","113,742.00"
2020-07-12,2020071201015926,NLIC,14,53,185,"1,275.00","235,875.00"
2020-07-12,2020071201015925,NLIC,35,53,239,"1,275.00","304,725.00"
2020-07-12,2020071201015924,NLIC,56,53,76,"1,276.00","96,976.00"
2020-07-12,2020071201015888,NLIC,56,59,24,"1,276.00","30,624.00"
2020-07-12,2020071201015887,NLIC,14,59,66,"1,276.00","84,216.00"
2020-07-12,2020071201015860,NLIC,57,13,71,"1,280.00","90,880.00"
2020-07-12,2020071201016122,NLIC,50,53,100,"1,274.00","127,400.00"
2020-07-12,2020071201016094,NLIC,6,4,50,"1,276.00","63,800.00"
2020-07-12,2020071201016072,NLIC,34,4,22,"1,276.00","28,072.00"
2020-07-12,2020071201016071,NLIC,14,4,100,"1,276.00","127,600.00"
2020-07-12,2020071201016070,NLIC,14,4,15,"1,276.00","19,140.00"
2020-07-12,2020071201016038,NLIC,17,4,50,"1,277.00","63,850.00"
2020-07-12,2020071201016311,NMB,1,58,500,382.00,"191,000.00"
2020-07-12,2020071201016259,NMB,57,34,10,383.00,"3,830.00"
2020-07-12,2020071201016211,NMB,29,34,"1,000",383.00,"383,000.00"
2020-07-12,2020071201016164,NMB,1,28,60,382.00,"22,920.00"
2020-07-12,2020071201016163,NMB,26,28,100,382.00,"38,200.00"
2020-07-12,2020071201016162,NMB,10,28,500,382.00,"191,000.00"
2020-07-12,2020071201015948,NMB,34,19,15,384.00,"5,760.00"
2020-07-12,2020071201015947,NMB,34,43,27,384.00,"10,368.00"
2020-07-12,2020071201015844,NMB,36,43,200,384.00,"76,800.00"
2020-07-12,2020071201015969,NMB,25,34,200,383.00,"76,600.00"
2020-07-12,2020071201015967,NMB,25,11,50,383.00,"19,150.00"
2020-07-12,2020071201015966,NMB,1,11,341,383.00,"130,603.00"
2020-07-12,2020071201015956,NMB,1,59,53,383.00,"20,299.00"
2020-07-12,2020071201015950,NMB,34,34,43,384.00,"16,512.00"
2020-07-12,2020071201015949,NMB,34,14,15,384.00,"5,760.00"
2020-07-12,2020071201015998,NMB,41,11,50,382.00,"19,100.00"
2020-07-12,2020071201015974,NMB,21,34,200,383.00,"76,600.00"
2020-07-12,2020071201015973,NMB,35,34,"1,000",383.00,"383,000.00"
2020-07-12,2020071201015972,NMB,56,34,100,383.00,"38,300.00"
2020-07-12,2020071201015971,NMB,6,34,50,383.00,"19,150.00"
2020-07-12,2020071201015970,NMB,48,34,80,383.00,"30,640.00"
2020-07-12,2020071201016161,NMB,26,28,300,382.00,"114,600.00"
2020-07-12,2020071201016160,NMB,13,28,500,382.00,"191,000.00"
2020-07-12,2020071201016159,NMB,1,28,10,382.00,"3,820.00"
2020-07-12,2020071201016158,NMB,26,28,31,382.00,"11,842.00"
2020-07-12,2020071201016077,NMB,26,59,19,382.00,"7,258.00"
2020-07-12,2020071201015999,NMB,26,11,950,382.00,"362,900.00"
2020-07-12,2020071201016085,NMBHF1,21,43,"2,000",9.12,"18,240.00"
2020-07-12,2020071201016249,NMBMF,59,14,30,790.00,"23,700.00"
2020-07-12,2020071201016248,NMBMF,35,14,70,791.00,"55,370.00"
2020-07-12,2020071201016191,NMBMF,35,13,130,791.00,"102,830.00"
2020-07-12,2020071201016190,NMBMF,13,13,20,792.00,"15,840.00"
2020-07-12,2020071201016189,NMBMF,56,13,50,792.00,"39,600.00"
2020-07-12,2020071201016139,NMFBS,33,47,43,"1,570.00","67,510.00"
2020-07-12,2020071201016138,NMFBS,33,32,30,"1,560.00","46,800.00"
2020-07-12,2020071201016137,NMFBS,33,56,50,"1,560.00","78,000.00"
2020-07-12,2020071201016117,NMFBS,33,48,20,"1,550.00","31,000.00"
2020-07-12,2020071201016116,NMFBS,33,32,35,"1,550.00","54,250.00"
2020-07-12,2020071201016097,NMFBS,33,57,100,"1,548.00","154,800.00"
2020-07-12,2020071201015991,NMFBS,33,57,70,"1,548.00","108,360.00"
2020-07-12,2020071201015990,NMFBS,33,33,40,"1,545.00","61,800.00"
2020-07-12,2020071201016325,NRIC,32,44,90,510.00,"45,900.00"
2020-07-12,2020071201016310,NRIC,18,44,10,510.00,"5,100.00"
2020-07-12,2020071201016309,NRIC,29,44,100,510.00,"51,000.00"
2020-07-12,2020071201016308,NRIC,41,44,80,510.00,"40,800.00"
2020-07-12,2020071201016307,NRIC,14,44,200,510.00,"102,000.00"
2020-07-12,2020071201016306,NRIC,21,44,20,510.00,"10,200.00"
2020-07-12,2020071201015827,NRIC,48,41,30,511.00,"15,330.00"
2020-07-12,2020071201015840,NRIC,48,41,30,511.00,"15,330.00"
2020-07-12,2020071201015839,NRIC,48,26,40,511.00,"20,440.00"
2020-07-12,2020071201015838,NRIC,6,29,20,512.00,"10,240.00"
2020-07-12,2020071201015833,NRIC,48,37,40,511.00,"20,440.00"
2020-07-12,2020071201015831,NRIC,48,21,40,511.00,"20,440.00"
2020-07-12,2020071201015828,NRIC,48,19,20,511.00,"10,220.00"
2020-07-12,2020071201015867,NRIC,48,21,50,511.00,"25,550.00"
2020-07-12,2020071201015853,NRIC,57,29,10,512.00,"5,120.00"
2020-07-12,2020071201015852,NRIC,57,6,80,512.00,"40,960.00"
2020-07-12,2020071201015851,NRIC,57,29,10,512.00,"5,120.00"
2020-07-12,2020071201015843,NRIC,48,34,40,511.00,"20,440.00"
2020-07-12,2020071201015842,NRIC,48,58,40,511.00,"20,440.00"
2020-07-12,2020071201015889,NRIC,56,20,40,511.00,"20,440.00"
2020-07-12,2020071201015886,NRIC,56,58,30,511.00,"15,330.00"
2020-07-12,2020071201015885,NRIC,13,58,10,511.00,"5,110.00"
2020-07-12,2020071201015883,NRIC,13,21,40,511.00,"20,440.00"
2020-07-12,2020071201015880,NRIC,13,39,50,511.00,"25,550.00"
2020-07-12,2020071201015868,NRIC,21,20,40,511.00,"20,440.00"
2020-07-12,2020071201015917,NRIC,14,51,40,511.00,"20,440.00"
2020-07-12,2020071201015916,NRIC,14,21,40,511.00,"20,440.00"
2020-07-12,2020071201015912,NRIC,14,58,40,511.00,"20,440.00"
2020-07-12,2020071201015902,NRIC,14,34,40,511.00,"20,440.00"
2020-07-12,2020071201015895,NRIC,14,52,10,511.00,"5,110.00"
2020-07-12,2020071201015894,NRIC,56,52,30,511.00,"15,330.00"
2020-07-12,2020071201015945,NRIC,36,34,40,510.00,"20,400.00"
2020-07-12,2020071201015943,NRIC,37,21,10,511.00,"5,110.00"
2020-07-12,2020071201015928,NRIC,37,39,30,511.00,"15,330.00"
2020-07-12,2020071201015927,NRIC,14,39,20,511.00,"10,220.00"
2020-07-12,2020071201015919,NRIC,14,6,70,511.00,"35,770.00"
2020-07-12,2020071201015918,NRIC,14,56,40,511.00,"20,440.00"
2020-07-12,2020071201015958,NRIC,42,6,70,511.00,"35,770.00"
2020-07-12,2020071201015957,NRIC,42,39,50,511.00,"25,550.00"
2020-07-12,2020071201015955,NRIC,34,37,10,511.00,"5,110.00"
2020-07-12,2020071201015954,NRIC,59,37,30,511.00,"15,330.00"
2020-07-12,2020071201015953,NRIC,59,51,40,511.00,"20,440.00"
2020-07-12,2020071201015952,NRIC,59,21,30,511.00,"15,330.00"
2020-07-12,2020071201015964,NRIC,42,6,20,512.00,"10,240.00"
2020-07-12,2020071201015963,NRIC,42,6,60,512.00,"30,720.00"
2020-07-12,2020071201015962,NRIC,42,6,20,512.00,"10,240.00"
2020-07-12,2020071201015961,NRIC,42,6,80,512.00,"40,960.00"
2020-07-12,2020071201015960,NRIC,42,29,40,512.00,"20,480.00"
2020-07-12,2020071201015959,NRIC,42,29,40,512.00,"20,480.00"
2020-07-12,2020071201016001,NRIC,57,57,40,511.00,"20,440.00"
2020-07-12,2020071201015997,NRIC,57,26,20,511.00,"10,220.00"
2020-07-12,2020071201015993,NRIC,57,58,40,511.00,"20,440.00"
2020-07-12,2020071201015982,NRIC,57,21,40,511.00,"20,440.00"
2020-07-12,2020071201015976,NRIC,57,51,40,511.00,"20,440.00"
2020-07-12,2020071201015965,NRIC,42,6,20,512.00,"10,240.00"
2020-07-12,2020071201016012,NRIC,57,34,40,511.00,"20,440.00"
2020-07-12,2020071201016011,NRIC,57,57,40,511.00,"20,440.00"
2020-07-12,2020071201016010,NRIC,57,21,40,511.00,"20,440.00"
2020-07-12,2020071201016009,NRIC,57,51,40,511.00,"20,440.00"
2020-07-12,2020071201016008,NRIC,57,17,10,511.00,"5,110.00"
2020-07-12,2020071201016002,NRIC,57,6,80,511.00,"40,880.00"
2020-07-12,2020071201016033,NRIC,47,16,10,511.00,"5,110.00"
2020-07-12,2020071201016031,NRIC,47,34,40,511.00,"20,440.00"
2020-07-12,2020071201016023,NRIC,47,17,10,511.00,"5,110.00"
2020-07-12,2020071201016022,NRIC,47,58,50,511.00,"25,550.00"
2020-07-12,2020071201016019,NRIC,57,7,50,511.00,"25,550.00"
2020-07-12,2020071201016018,NRIC,57,33,20,511.00,"10,220.00"
2020-07-12,2020071201016049,NRIC,36,43,10,510.00,"5,100.00"
2020-07-12,2020071201016045,NRIC,36,34,40,510.00,"20,400.00"
2020-07-12,2020071201016044,NRIC,36,17,10,510.00,"5,100.00"
2020-07-12,2020071201016042,NRIC,36,7,40,510.00,"20,400.00"
2020-07-12,2020071201016036,NRIC,36,29,10,510.00,"5,100.00"
2020-07-12,2020071201016034,NRIC,36,16,30,510.00,"15,300.00"
2020-07-12,2020071201016081,NRIC,36,34,40,510.00,"20,400.00"
2020-07-12,2020071201016078,NRIC,36,58,40,510.00,"20,400.00"
2020-07-12,2020071201016076,NRIC,36,43,10,510.00,"5,100.00"
2020-07-12,2020071201016073,NRIC,36,28,30,510.00,"15,300.00"
2020-07-12,2020071201016055,NRIC,36,58,40,510.00,"20,400.00"
2020-07-12,2020071201016054,NRIC,36,39,80,510.00,"40,800.00"
2020-07-12,2020071201016118,NRIC,36,34,40,510.00,"20,400.00"
2020-07-12,2020071201016115,NRIC,36,16,40,510.00,"20,400.00"
2020-07-12,2020071201016107,NRIC,36,34,40,510.00,"20,400.00"
2020-07-12,2020071201016096,NRIC,36,39,400,510.00,"204,000.00"
2020-07-12,2020071201016093,NRIC,36,43,10,510.00,"5,100.00"
2020-07-12,2020071201016092,NRIC,59,52,40,511.00,"20,440.00"
2020-07-12,2020071201016154,NRIC,36,34,40,510.00,"20,400.00"
2020-07-12,2020071201016151,NRIC,36,21,40,510.00,"20,400.00"
2020-07-12,2020071201016146,NRIC,36,48,40,510.00,"20,400.00"
2020-07-12,2020071201016136,NRIC,36,21,30,510.00,"15,300.00"
2020-07-12,2020071201016124,NRIC,36,58,40,510.00,"20,400.00"
2020-07-12,2020071201016123,NRIC,36,16,40,510.00,"20,400.00"
2020-07-12,2020071201016177,NRIC,19,54,10,511.00,"5,110.00"
2020-07-12,2020071201016176,NRIC,19,51,40,511.00,"20,440.00"
2020-07-12,2020071201016175,NRIC,19,57,40,511.00,"20,440.00"
2020-07-12,2020071201016174,NRIC,19,52,10,511.00,"5,110.00"
2020-07-12,2020071201016157,NRIC,36,34,40,510.00,"20,400.00"
2020-07-12,2020071201016155,NRIC,36,39,250,510.00,"127,500.00"
2020-07-12,2020071201016217,NRIC,36,16,40,510.00,"20,400.00"
2020-07-12,2020071201016206,NRIC,49,14,60,511.00,"30,660.00"
2020-07-12,2020071201016205,NRIC,49,54,40,511.00,"20,440.00"
2020-07-12,2020071201016202,NRIC,36,39,170,510.00,"86,700.00"
2020-07-12,2020071201016201,NRIC,36,34,40,510.00,"20,400.00"
2020-07-12,2020071201016196,NRIC,36,45,40,510.00,"20,400.00"
2020-07-12,2020071201016229,NRIC,58,3,200,511.00,"102,200.00"
2020-07-12,2020071201016228,NRIC,58,14,510,511.00,"260,610.00"
2020-07-12,2020071201016227,NRIC,36,34,40,510.00,"20,400.00"
2020-07-12,2020071201016225,NRIC,36,1,40,510.00,"20,400.00"
2020-07-12,2020071201016224,NRIC,36,36,40,510.00,"20,400.00"
2020-07-12,2020071201016219,NRIC,36,51,40,510.00,"20,400.00"
2020-07-12,2020071201016299,NRIC,59,44,40,510.00,"20,400.00"
2020-07-12,2020071201016298,NRIC,36,44,390,510.00,"198,900.00"
2020-07-12,2020071201016293,NRIC,36,34,40,510.00,"20,400.00"
2020-07-12,2020071201016274,NRIC,36,8,40,510.00,"20,400.00"
2020-07-12,2020071201016258,NRIC,36,11,20,510.00,"10,200.00"
2020-07-12,2020071201016233,NRIC,36,39,80,510.00,"40,800.00"
2020-07-12,2020071201016305,NRIC,59,44,100,510.00,"51,000.00"
2020-07-12,2020071201016304,NRIC,19,44,140,510.00,"71,400.00"
2020-07-12,2020071201016303,NRIC,58,44,10,510.00,"5,100.00"
2020-07-12,2020071201016302,NRIC,6,44,10,510.00,"5,100.00"
2020-07-12,2020071201016301,NRIC,59,44,100,510.00,"51,000.00"
2020-07-12,2020071201016300,NRIC,34,44,10,510.00,"5,100.00"
2020-07-12,2020071201016109,NTC,39,43,990,640.00,"633,600.00"
2020-07-12,2020071201016108,NTC,39,5,10,640.00,"6,400.00"
2020-07-12,2020071201015986,NUBL,25,10,50,980.00,"49,000.00"
2020-07-12,2020071201016007,OHL,42,14,200,320.00,"64,000.00"
2020-07-12,2020071201016006,OHL,42,39,32,320.00,"10,240.00"
2020-07-12,2020071201016005,OHL,42,17,55,320.00,"17,600.00"
2020-07-12,2020071201016004,OHL,42,32,236,318.00,"75,048.00"
2020-07-12,2020071201016003,OHL,42,25,100,317.00,"31,700.00"
2020-07-12,2020071201016277,PCBL,6,58,10,252.00,"2,520.00"
2020-07-12,2020071201016166,PCBL,55,58,200,252.00,"50,400.00"
2020-07-12,2020071201016326,PIC,10,8,20,617.00,"12,340.00"
2020-07-12,2020071201016098,PIC,10,50,102,617.00,"62,934.00"
2020-07-12,2020071201016110,PICL,6,51,30,510.00,"15,300.00"
2020-07-12,2020071201016268,PLIC,29,52,100,542.00,"54,200.00"
2020-07-12,2020071201016234,PMHPL,57,45,10,72.00,720.00
2020-07-12,2020071201015992,PPCL,32,34,20,107.00,"2,140.00"
2020-07-12,2020071201015881,PPCL,32,34,20,107.00,"2,140.00"
2020-07-12,2020071201016251,PRVU,49,45,106,228.00,"24,168.00"
2020-07-12,2020071201016069,PRVU,46,45,200,228.00,"45,600.00"
2020-07-12,2020071201015975,RADHI,41,34,11,167.00,"1,837.00"
2020-07-12,2020071201016048,RHPC,47,37,926,81.00,"75,006.00"
2020-07-12,2020071201016047,RHPC,25,37,74,81.00,"5,994.00"
2020-07-12,2020071201016256,RHPL,59,52,40,148.00,"5,920.00"
2020-07-12,2020071201016255,RHPL,59,45,10,148.00,"1,480.00"
2020-07-12,2020071201016063,RHPL,59,57,40,148.00,"5,920.00"
2020-07-12,2020071201016057,RHPL,59,52,50,148.00,"7,400.00"
2020-07-12,2020071201015834,RHPL,59,57,40,148.00,"5,920.00"
2020-07-12,2020071201016253,RMDC,7,44,416,679.00,"282,464.00"
2020-07-12,2020071201016252,RMDC,7,33,84,673.00,"56,532.00"
2020-07-12,2020071201016030,RMDC,34,44,250,670.00,"167,500.00"
2020-07-12,2020071201016029,RMDC,34,51,50,669.00,"33,450.00"
2020-07-12,2020071201016270,RRHP,1,45,10,91.00,910.00
2020-07-12,2020071201016276,RSDC,35,11,15,518.00,"7,770.00"
2020-07-12,2020071201016275,RSDC,35,42,10,516.00,"5,160.00"
2020-07-12,2020071201016079,RSDC,49,48,79,515.00,"40,685.00"
2020-07-12,2020071201016026,RSDC,49,35,13,515.00,"6,695.00"
2020-07-12,2020071201015922,SABSL,57,57,10,795.00,"7,950.00"
2020-07-12,2020071201016271,SANIMA,8,38,43,325.00,"13,975.00"
2020-07-12,2020071201016100,SANIMA,38,38,200,325.00,"65,000.00"
2020-07-12,2020071201016099,SANIMA,54,38,327,325.00,"106,275.00"
2020-07-12,2020071201016013,SANIMA,54,51,100,325.00,"32,500.00"
2020-07-12,2020071201015941,SANIMA,54,51,73,325.00,"23,725.00"
2020-07-12,2020071201015940,SANIMA,57,51,100,325.00,"32,500.00"
2020-07-12,2020071201015939,SANIMA,10,51,42,325.00,"13,650.00"
2020-07-12,2020071201015989,SAPDBL,50,50,100,126.00,"12,600.00"
2020-07-12,2020071201016156,SBL,44,59,166,287.00,"47,642.00"
2020-07-12,2020071201016112,SFCL,46,36,50,103.00,"5,150.00"
2020-07-12,2020071201016241,SHINE,44,4,"1,739",216.00,"375,624.00"
2020-07-12,2020071201016240,SHINE,21,4,200,216.00,"43,200.00"
2020-07-12,2020071201016239,SHINE,39,4,50,217.00,"10,850.00"
2020-07-12,2020071201016238,SHINE,7,4,11,217.00,"2,387.00"
2020-07-12,2020071201016209,SHINE,7,47,40,217.00,"8,680.00"
2020-07-12,2020071201016180,SHIVM,42,57,95,597.00,"56,715.00"
2020-07-12,2020071201016179,SHIVM,26,57,30,597.00,"17,910.00"
2020-07-12,2020071201016089,SHIVM,35,57,40,598.00,"23,920.00"
2020-07-12,2020071201016088,SHIVM,41,57,25,598.00,"14,950.00"
2020-07-12,2020071201015884,SHL,14,45,200,155.00,"31,000.00"
2020-07-12,2020071201016064,SICL,11,4,50,"1,010.00","50,500.00"
2020-07-12,2020071201015910,SIL,44,52,100,580.00,"58,000.00"
2020-07-12,2020071201015909,SIL,56,52,70,580.00,"40,600.00"
2020-07-12,2020071201016324,SJCL,50,45,10,137.00,"1,370.00"
2020-07-12,2020071201016264,SJCL,50,52,20,137.00,"2,740.00"
2020-07-12,2020071201016080,SJCL,50,57,20,137.00,"2,740.00"
2020-07-12,2020071201016074,SJCL,50,52,20,137.00,"2,740.00"
2020-07-12,2020071201015988,SJCL,50,38,20,137.00,"2,740.00"
2020-07-12,2020071201015863,SJCL,50,57,10,137.00,"1,370.00"
2020-07-12,2020071201015862,SJCL,41,57,10,137.00,"1,370.00"
2020-07-12,2020071201015829,SJCL,41,45,20,137.00,"2,740.00"
2020-07-12,2020071201016145,SKBBL,10,38,100,"1,255.00","125,500.00"
2020-07-12,2020071201016144,SKBBL,10,1,177,"1,255.00","222,135.00"
2020-07-12,2020071201016143,SKBBL,10,35,44,"1,254.00","55,176.00"
2020-07-12,2020071201016142,SKBBL,10,8,18,"1,254.00","22,572.00"
2020-07-12,2020071201016141,SKBBL,10,38,690,"1,253.00","864,570.00"
2020-07-12,2020071201016140,SKBBL,10,29,35,"1,250.00","43,750.00"
2020-07-12,2020071201015937,SKBBL,37,38,10,"1,253.00","12,530.00"
2020-07-12,2020071201016182,SLBBL,53,29,65,937.00,"60,905.00"
2020-07-12,2020071201016181,SLBBL,20,29,35,937.00,"32,795.00"
2020-07-12,2020071201015893,SLBBL,20,38,18,937.00,"16,866.00"
2020-07-12,2020071201016296,SLBS,21,43,50,969.00,"48,450.00"
2020-07-12,2020071201016295,SLBS,48,43,20,969.00,"19,380.00"
2020-07-12,2020071201016294,SLBS,16,43,29,969.00,"28,101.00"
2020-07-12,2020071201015995,SLBS,16,26,1,969.00,969.00
2020-07-12,2020071201016028,SLICL,51,59,352,450.00,"158,400.00"
2020-07-12,2020071201016027,SLICL,6,59,72,451.00,"32,472.00"
2020-07-12,2020071201015876,SLICL,6,26,73,451.00,"32,923.00"
2020-07-12,2020071201015892,SMFBS,1,58,20,958.00,"19,160.00"
2020-07-12,2020071201015891,SMFBS,1,6,30,953.00,"28,590.00"
2020-07-12,2020071201016050,SWBBL,45,44,10,"1,170.00","11,700.00"
2020-07-12,2020071201016017,UPPER,6,38,40,229.00,"9,160.00"
2020-07-12,2020071201015987,UPPER,6,41,10,229.00,"2,290.00"
2020-07-12,2020071201015830,UPPER,6,42,40,229.00,"9,160.00"
2020-07-12,2020071201016246,VLBS,49,44,20,"1,014.00","20,280.00"
2020-07-12,2020071201016204,VLBS,58,57,126,"1,013.00","127,638.00"
2020-07-12,2020071201016203,VLBS,58,39,210,"1,010.00","212,100.00"
2020-07-12,2020071201016091,VLBS,45,25,13,"1,010.00","13,130.00"
2020-07-12,2020071201015882,VLBS,35,44,12,"1,007.00","12,084.00"
2020-07-12,2020071201016292,WOMI,32,48,25,"1,033.00","25,825.00"
2020-07-12,2020071201016291,WOMI,32,55,35,"1,031.00","36,085.00"
2020-07-12,2020071201016254,WOMI,37,55,25,"1,031.00","25,775.00"
2020-07-12,2020071201016046,WOMI,18,21,56,"1,026.00","57,456.00"
2020-07-12,2020071201015985,WOMI,18,58,50,"1,026.00","51,300.00"
2020-07-12,2020071201015984,WOMI,6,58,13,"1,030.00","13,390.00"
2020-07-12,2020071201015942,WOMI,54,55,90,"1,031.00","92,790.00"
2020-07-12,2020071201015508,AHPC,37,38,242,93.00,"22,506.00"
2020-07-12,2020071201015565,AKPL,45,56,10,116.00,"1,160.00"
2020-07-12,2020071201015665,ALBSL,26,8,11,734.00,"8,074.00"
2020-07-12,2020071201015749,ALICL,51,29,200,599.00,"119,800.00"
2020-07-12,2020071201015455,ALICL,16,33,11,600.00,"6,600.00"
2020-07-12,2020071201015394,API,46,44,343,106.00,"36,358.00"
2020-07-12,2020071201015633,BFC,42,52,50,91.00,"4,550.00"
2020-07-12,2020071201015689,BOKL,37,50,10,218.00,"2,180.00"
2020-07-12,2020071201015590,BOKL,34,50,200,218.00,"43,600.00"
2020-07-12,2020071201015726,CBBL,44,16,36,"1,066.00","38,376.00"
2020-07-12,2020071201015725,CBBL,37,16,100,"1,067.00","106,700.00"
2020-07-12,2020071201015724,CBBL,34,16,50,"1,067.00","53,350.00"
2020-07-12,2020071201015416,CHCL,35,44,450,390.00,"175,500.00"
2020-07-12,2020071201015415,CHCL,35,10,607,390.00,"236,730.00"
2020-07-12,2020071201015753,CIT,6,14,55,"2,446.00","134,530.00"
2020-07-12,2020071201015752,CIT,1,14,50,"2,447.00","122,350.00"
2020-07-12,2020071201015744,CIT,26,59,50,"2,448.00","122,400.00"
2020-07-12,2020071201015645,CIT,33,59,50,"2,450.00","122,500.00"
2020-07-12,2020071201015644,CIT,59,59,40,"2,451.00","98,040.00"
2020-07-12,2020071201015456,CZBIL,3,38,50,186.00,"9,300.00"
2020-07-12,2020071201015707,DDBL,49,45,"2,000",860.00,"1,720,000.00"
2020-07-12,2020071201015701,DDBL,58,45,10,860.00,"8,600.00"
2020-07-12,2020071201015700,DDBL,49,45,110,860.00,"94,600.00"
2020-07-12,2020071201015576,DDBL,49,45,"1,000",860.00,"860,000.00"
2020-07-12,2020071201015561,DDBL,37,36,25,861.00,"21,525.00"
2020-07-12,2020071201015483,EBL,14,45,53,657.00,"34,821.00"
2020-07-12,2020071201015338,EBL,14,45,13,657.00,"8,541.00"
2020-07-12,2020071201015611,EDBL,25,26,10,298.00,"2,980.00"
2020-07-12,2020071201015616,EIC,56,57,49,407.00,"19,943.00"
2020-07-12,2020071201015615,EIC,4,57,431,407.00,"175,417.00"
2020-07-12,2020071201015614,EIC,17,57,100,408.00,"40,800.00"
2020-07-12,2020071201015613,EIC,5,57,20,409.00,"8,180.00"
2020-07-12,2020071201015464,EIC,5,32,90,409.00,"36,810.00"
2020-07-12,2020071201015463,EIC,40,32,100,409.00,"40,900.00"
2020-07-12,2020071201015462,EIC,13,32,160,410.00,"65,600.00"
2020-07-12,2020071201015461,EIC,48,32,50,410.00,"20,500.00"
2020-07-12,2020071201015387,EIC,13,6,200,411.00,"82,200.00"
2020-07-12,2020071201015727,FMDBL,10,42,70,532.00,"37,240.00"
2020-07-12,2020071201015609,FOWAD,14,34,50,"1,539.00","76,950.00"
2020-07-12,2020071201015608,FOWAD,7,34,20,"1,539.00","30,780.00"
2020-07-12,2020071201015607,FOWAD,44,34,10,"1,539.00","15,390.00"
2020-07-12,2020071201015746,GBBL,42,51,100,220.00,"22,000.00"
2020-07-12,2020071201015328,GBBL,42,47,24,220.00,"5,280.00"
2020-07-12,2020071201015754,GBIME,42,44,440,239.00,"105,160.00"
2020-07-12,2020071201015567,GBIME,42,44,20,239.00,"4,780.00"
2020-07-12,2020071201015516,GBIME,52,45,40,236.00,"9,440.00"
2020-07-12,2020071201015448,GBIME,45,45,936,236.00,"220,896.00"
2020-07-12,2020071201015431,GBIME,45,44,40,236.00,"9,440.00"
2020-07-12,2020071201015386,GBIME,45,45,24,236.00,"5,664.00"
2020-07-12,2020071201015361,GBIME,42,45,400,238.00,"95,200.00"
2020-07-12,2020071201015331,GBIME,1,44,200,239.00,"47,800.00"
2020-07-12,2020071201015367,GBIME,26,45,100,238.00,"23,800.00"
2020-07-12,2020071201015366,GBIME,28,45,"2,000",238.00,"476,000.00"
2020-07-12,2020071201015365,GBIME,56,45,300,238.00,"71,400.00"
2020-07-12,2020071201015364,GBIME,34,45,200,238.00,"47,600.00"
2020-07-12,2020071201015363,GBIME,17,45,"1,000",238.00,"238,000.00"
2020-07-12,2020071201015362,GBIME,50,45,500,238.00,"119,000.00"
2020-07-12,2020071201015373,GBIME,33,45,500,237.00,"118,500.00"
2020-07-12,2020071201015372,GBIME,49,45,50,237.00,"11,850.00"
2020-07-12,2020071201015371,GBIME,49,45,100,237.00,"23,700.00"
2020-07-12,2020071201015370,GBIME,49,45,200,237.00,"47,400.00"
2020-07-12,2020071201015369,GBIME,49,45,200,237.00,"47,400.00"
2020-07-12,2020071201015368,GBIME,47,45,500,238.00,"119,000.00"
2020-07-12,2020071201015379,GBIME,43,45,100,236.00,"23,600.00"
2020-07-12,2020071201015378,GBIME,43,45,100,236.00,"23,600.00"
2020-07-12,2020071201015377,GBIME,43,45,100,236.00,"23,600.00"
2020-07-12,2020071201015376,GBIME,43,45,89,236.00,"21,004.00"
2020-07-12,2020071201015375,GBIME,50,45,544,237.00,"128,928.00"
2020-07-12,2020071201015374,GBIME,11,45,100,237.00,"23,700.00"
2020-07-12,2020071201015385,GBIME,13,45,"1,000",236.00,"236,000.00"
2020-07-12,2020071201015384,GBIME,43,45,500,236.00,"118,000.00"
2020-07-12,2020071201015383,GBIME,45,45,193,236.00,"45,548.00"
2020-07-12,2020071201015382,GBIME,56,45,500,236.00,"118,000.00"
2020-07-12,2020071201015381,GBIME,56,45,500,236.00,"118,000.00"
2020-07-12,2020071201015380,GBIME,57,45,200,236.00,"47,200.00"
2020-07-12,2020071201015635,GBLBS,51,44,15,493.00,"7,395.00"
2020-07-12,2020071201015597,GBLBS,51,56,15,493.00,"7,395.00"
2020-07-12,2020071201015812,GILB,16,16,1,"1,300.00","1,300.00"
2020-07-12,2020071201015605,GILB,5,57,20,"1,320.00","26,400.00"
2020-07-12,2020071201015729,GLICL,57,45,40,484.00,"19,360.00"
2020-07-12,2020071201015728,GLICL,57,7,41,483.00,"19,803.00"
2020-07-12,2020071201015482,GLICL,5,7,114,482.00,"54,948.00"
2020-07-12,2020071201015481,GLICL,22,7,100,482.00,"48,200.00"
2020-07-12,2020071201015427,GLICL,34,7,50,483.00,"24,150.00"
2020-07-12,2020071201015404,GLICL,34,48,50,483.00,"24,150.00"
2020-07-12,2020071201015396,GLICL,34,25,300,483.00,"144,900.00"
2020-07-12,2020071201015800,HDL,14,32,300,"1,568.00","470,400.00"
2020-07-12,2020071201015799,HDL,35,32,100,"1,569.00","156,900.00"
2020-07-12,2020071201015798,HDL,45,32,30,"1,570.00","47,100.00"
2020-07-12,2020071201015457,HGI,7,51,213,427.00,"90,951.00"
2020-07-12,2020071201015335,HGI,34,38,300,427.00,"128,100.00"
2020-07-12,2020071201015626,HIDCL,1,56,162,133.00,"21,546.00"
2020-07-12,2020071201015525,HIDCL,1,29,26,133.00,"3,458.00"
2020-07-12,2020071201015524,HIDCL,1,33,133,133.00,"17,689.00"
2020-07-12,2020071201015523,HIDCL,1,33,26,133.00,"3,458.00"
2020-07-12,2020071201015504,HIDCL,1,32,33,132.00,"4,356.00"
2020-07-12,2020071201015503,HIDCL,1,45,100,132.00,"13,200.00"
2020-07-12,2020071201015502,HIDCL,1,46,41,132.00,"5,412.00"
2020-07-12,2020071201015755,HURJA,10,34,20,91.00,"1,820.00"
2020-07-12,2020071201015671,HURJA,10,34,20,91.00,"1,820.00"
2020-07-12,2020071201015527,HURJA,10,34,20,91.00,"1,820.00"
2020-07-12,2020071201015414,HURJA,10,34,20,91.00,"1,820.00"
2020-07-12,2020071201015713,IGI,38,32,80,447.00,"35,760.00"
2020-07-12,2020071201015712,IGI,18,32,240,448.00,"107,520.00"
2020-07-12,2020071201015711,IGI,55,32,50,449.00,"22,450.00"
2020-07-12,2020071201015710,IGI,54,32,100,450.00,"45,000.00"
2020-07-12,2020071201015813,ILBS,21,32,11,797.00,"8,767.00"
2020-07-12,2020071201015686,ILBS,21,57,11,797.00,"8,767.00"
2020-07-12,2020071201015670,ILBS,21,17,27,797.00,"21,519.00"
2020-07-12,2020071201015669,ILBS,49,17,23,800.00,"18,400.00"
2020-07-12,2020071201015622,ILBS,49,45,22,800.00,"17,600.00"
2020-07-12,2020071201015507,ILBS,49,45,11,800.00,"8,800.00"
2020-07-12,2020071201015422,ILBS,49,38,11,800.00,"8,800.00"
2020-07-12,2020071201015559,JFL,14,32,200,156.00,"31,200.00"
2020-07-12,2020071201015570,JSLBB,26,44,60,"1,630.00","97,800.00"
2020-07-12,2020071201015569,JSLBB,1,44,100,"1,631.00","163,100.00"
2020-07-12,2020071201015568,JSLBB,1,44,23,"1,635.00","37,605.00"
2020-07-12,2020071201015643,KBL,33,6,553,185.00,"102,305.00"
2020-07-12,2020071201015642,KBL,41,6,447,185.00,"82,695.00"
2020-07-12,2020071201015629,KBL,50,4,320,186.00,"59,520.00"
2020-07-12,2020071201015628,KBL,50,21,160,186.00,"29,760.00"
2020-07-12,2020071201015627,KBL,50,54,520,186.00,"96,720.00"
2020-07-12,2020071201015809,KMCDB,42,34,31,785.00,"24,335.00"
2020-07-12,2020071201015808,KMCDB,56,34,105,786.00,"82,530.00"
2020-07-12,2020071201015807,KMCDB,8,34,70,787.00,"55,090.00"
2020-07-12,2020071201015806,KMCDB,55,34,160,788.00,"126,080.00"
2020-07-12,2020071201015805,KMCDB,56,34,240,789.00,"189,360.00"
2020-07-12,2020071201015709,KMCDB,56,57,10,789.00,"7,890.00"
2020-07-12,2020071201015624,KMCDB,55,52,10,788.00,"7,880.00"
2020-07-12,2020071201015599,KMCDB,55,45,10,788.00,"7,880.00"
2020-07-12,2020071201015344,KMCDB,55,52,10,788.00,"7,880.00"
2020-07-12,2020071201015343,KMCDB,55,38,10,788.00,"7,880.00"
2020-07-12,2020071201015646,KPCL,51,34,10,102.00,"1,020.00"
2020-07-12,2020071201015354,KPCL,51,34,10,102.00,"1,020.00"
2020-07-12,2020071201015547,KPCL,40,42,10,102.00,"1,020.00"
2020-07-12,2020071201015470,KPCL,51,34,10,102.00,"1,020.00"
2020-07-12,2020071201015650,KRBL,22,45,100,100.00,"10,000.00"
2020-07-12,2020071201015649,KRBL,34,45,50,100.00,"5,000.00"
2020-07-12,2020071201015648,KRBL,21,45,10,100.00,"1,000.00"
2020-07-12,2020071201015647,KRBL,39,45,17,100.00,"1,700.00"
2020-07-12,2020071201015600,KRBL,42,34,50,101.00,"5,050.00"
2020-07-12,2020071201015664,KSBBL,57,55,200,148.00,"29,600.00"
2020-07-12,2020071201015606,LBBL,8,45,333,181.00,"60,273.00"
2020-07-12,2020071201015423,LBBL,8,45,105,181.00,"19,005.00"
2020-07-12,2020071201015596,LBL,22,25,40,216.00,"8,640.00"
2020-07-12,2020071201015574,LGIL,48,6,50,454.00,"22,700.00"
2020-07-12,2020071201015573,LGIL,56,6,50,455.00,"22,750.00"
2020-07-12,2020071201015572,LGIL,10,6,300,456.00,"136,800.00"
2020-07-12,2020071201015426,LGIL,45,25,100,460.00,"46,000.00"
2020-07-12,2020071201015810,LICN,14,29,50,"1,351.00","67,550.00"
2020-07-12,2020071201015703,LICN,50,14,300,"1,350.00","405,000.00"
2020-07-12,2020071201015562,LICN,33,29,50,"1,351.00","67,550.00"
2020-07-12,2020071201015641,MERO,1,14,100,642.00,"64,200.00"
2020-07-12,2020071201015640,MERO,1,16,10,642.00,"6,420.00"
2020-07-12,2020071201015390,MERO,52,44,70,639.00,"44,730.00"
2020-07-12,2020071201015484,MERO,57,41,20,640.00,"12,800.00"
2020-07-12,2020071201015403,MERO,4,41,30,640.00,"19,200.00"
2020-07-12,2020071201015402,MERO,4,28,100,640.00,"64,000.00"
2020-07-12,2020071201015401,MERO,4,22,70,640.00,"44,800.00"
2020-07-12,2020071201015391,MERO,52,22,130,640.00,"83,200.00"
2020-07-12,2020071201015639,MERO,1,35,11,641.00,"7,051.00"
2020-07-12,2020071201015631,MERO,4,1,25,640.00,"16,000.00"
2020-07-12,2020071201015546,MERO,4,32,100,640.00,"64,000.00"
2020-07-12,2020071201015545,MERO,4,38,175,640.00,"112,000.00"
2020-07-12,2020071201015486,MERO,57,38,25,640.00,"16,000.00"
2020-07-12,2020071201015485,MERO,57,16,10,640.00,"6,400.00"
2020-07-12,2020071201015697,MFIL,6,45,34,295.00,"10,030.00"
2020-07-12,2020071201015696,MFIL,6,17,50,294.00,"14,700.00"
2020-07-12,2020071201015695,MFIL,6,7,500,293.00,"146,500.00"
2020-07-12,2020071201015694,MFIL,6,28,500,293.00,"146,500.00"
2020-07-12,2020071201015693,MFIL,6,52,100,292.00,"29,200.00"
2020-07-12,2020071201015692,MFIL,6,39,116,292.00,"33,872.00"
2020-07-12,2020071201015393,MFIL,45,39,20,292.00,"5,840.00"
2020-07-12,2020071201015591,MLBBL,57,17,50,742.00,"37,100.00"
2020-07-12,2020071201015775,MNBBL,1,33,482,303.00,"146,046.00"
2020-07-12,2020071201015584,MNBBL,1,38,40,303.00,"12,120.00"
2020-07-12,2020071201015583,MNBBL,28,38,119,303.00,"36,057.00"
2020-07-12,2020071201015582,MNBBL,29,38,100,304.00,"30,400.00"
2020-07-12,2020071201015581,MNBBL,49,38,194,304.00,"58,976.00"
2020-07-12,2020071201015580,MNBBL,47,38,150,304.00,"45,600.00"
2020-07-12,2020071201015413,MNBBL,49,47,35,304.00,"10,640.00"
2020-07-12,2020071201015685,MPFL,45,21,100,111.00,"11,100.00"
2020-07-12,2020071201015589,NABIL,33,8,150,751.00,"112,650.00"
2020-07-12,2020071201015445,NABIL,58,8,70,749.00,"52,430.00"
2020-07-12,2020071201015444,NABIL,6,8,50,749.00,"37,450.00"
2020-07-12,2020071201015443,NABIL,19,8,350,749.00,"262,150.00"
2020-07-12,2020071201015442,NABIL,42,8,20,749.00,"14,980.00"
2020-07-12,2020071201015441,NABIL,21,8,60,749.00,"44,940.00"
2020-07-12,2020071201015440,NABIL,48,8,30,749.00,"22,470.00"
2020-07-12,2020071201015439,NABIL,34,8,10,750.00,"7,500.00"
2020-07-12,2020071201015438,NABIL,1,8,100,751.00,"75,100.00"
2020-07-12,2020071201015437,NABIL,45,8,300,753.00,"225,900.00"
2020-07-12,2020071201015436,NABIL,42,8,10,753.00,"7,530.00"
2020-07-12,2020071201015723,NADEP,16,51,3,600.00,"1,800.00"
2020-07-12,2020071201015690,NADEP,16,16,3,606.00,"1,818.00"
2020-07-12,2020071201015598,NADEP,16,16,3,606.00,"1,818.00"
2020-07-12,2020071201015555,NADEP,16,16,3,606.00,"1,818.00"
2020-07-12,2020071201015471,NADEP,16,16,3,606.00,"1,818.00"
2020-07-12,2020071201015447,NADEP,16,16,3,606.00,"1,818.00"
2020-07-12,2020071201015522,NBB,44,44,600,196.00,"117,600.00"
2020-07-12,2020071201015521,NBB,44,10,273,195.00,"53,235.00"
2020-07-12,2020071201015691,NBL,33,28,50,242.00,"12,100.00"
2020-07-12,2020071201015618,NBL,44,36,100,240.00,"24,000.00"
2020-07-12,2020071201015563,NBL,44,36,300,240.00,"72,000.00"
2020-07-12,2020071201015543,NBL,42,28,"4,645",242.00,"1,124,090.00"
2020-07-12,2020071201015542,NBL,42,47,121,242.00,"29,282.00"
2020-07-12,2020071201015541,NBL,42,47,150,242.00,"36,300.00"
2020-07-12,2020071201015513,NBL,44,36,"1,407",240.00,"337,680.00"
2020-07-12,2020071201015465,NBL,44,59,34,240.00,"8,160.00"
2020-07-12,2020071201015540,NBL,42,44,"2,000",242.00,"484,000.00"
2020-07-12,2020071201015539,NBL,42,44,219,242.00,"52,998.00"
2020-07-12,2020071201015538,NBL,42,58,"1,500",241.00,"361,500.00"
2020-07-12,2020071201015537,NBL,42,45,75,241.00,"18,075.00"
2020-07-12,2020071201015536,NBL,42,49,150,241.00,"36,150.00"
2020-07-12,2020071201015535,NBL,42,44,140,241.00,"33,740.00"
2020-07-12,2020071201015791,NGPL,34,45,44,116.00,"5,104.00"
2020-07-12,2020071201015497,NHPC,46,28,10,54.00,540.00
2020-07-12,2020071201015803,NIB,5,48,49,438.00,"21,462.00"
2020-07-12,2020071201015748,NIB,5,47,49,438.00,"21,462.00"
2020-07-12,2020071201015519,NIB,53,17,10,438.00,"4,380.00"
2020-07-12,2020071201015467,NIB,53,51,20,438.00,"8,760.00"
2020-07-12,2020071201015773,NICA,45,6,141,515.00,"72,615.00"
2020-07-12,2020071201015772,NICA,45,10,"1,000",515.00,"515,000.00"
2020-07-12,2020071201015771,NICA,45,6,50,515.00,"25,750.00"
2020-07-12,2020071201015770,NICA,45,36,50,515.00,"25,750.00"
2020-07-12,2020071201015769,NICA,45,52,100,515.00,"51,500.00"
2020-07-12,2020071201015768,NICA,45,42,100,515.00,"51,500.00"
2020-07-12,2020071201015549,NICA,1,47,26,511.00,"13,286.00"
2020-07-12,2020071201015548,NICA,1,48,767,511.00,"391,937.00"
2020-07-12,2020071201015397,NICA,36,48,200,511.00,"102,200.00"
2020-07-12,2020071201015357,NICA,44,47,38,510.00,"19,380.00"
2020-07-12,2020071201015761,NICA,45,47,25,513.00,"12,825.00"
2020-07-12,2020071201015760,NICA,45,28,"1,000",513.00,"513,000.00"
2020-07-12,2020071201015759,NICA,45,58,20,513.00,"10,260.00"
2020-07-12,2020071201015758,NICA,45,5,100,513.00,"51,300.00"
2020-07-12,2020071201015687,NICA,53,28,"1,000",512.00,"512,000.00"
2020-07-12,2020071201015550,NICA,1,57,100,511.00,"51,100.00"
2020-07-12,2020071201015767,NICA,45,41,10,514.00,"5,140.00"
2020-07-12,2020071201015766,NICA,45,13,100,514.00,"51,400.00"
2020-07-12,2020071201015765,NICA,45,38,331,514.00,"170,134.00"
2020-07-12,2020071201015764,NICA,45,51,20,514.00,"10,280.00"
2020-07-12,2020071201015763,NICA,45,4,853,514.00,"438,442.00"
2020-07-12,2020071201015762,NICA,45,57,100,513.00,"51,300.00"
2020-07-12,2020071201015715,NICL,57,44,90,450.00,"40,500.00"
2020-07-12,2020071201015528,NLBBL,34,51,100,745.00,"74,500.00"
2020-07-12,2020071201015433,NLBBL,32,16,50,746.00,"37,300.00"
2020-07-12,2020071201015341,NLBBL,32,16,50,746.00,"37,300.00"
2020-07-12,2020071201015340,NLBBL,32,48,50,746.00,"37,300.00"
2020-07-12,2020071201015822,NLIC,5,25,11,"1,278.00","14,058.00"
2020-07-12,2020071201015821,NLIC,5,34,89,"1,278.00","113,742.00"
2020-07-12,2020071201015779,NLIC,49,34,11,"1,278.00","14,058.00"
2020-07-12,2020071201015778,NLIC,49,14,22,"1,278.00","28,116.00"
2020-07-12,2020071201015777,NLIC,49,50,157,"1,278.00","200,646.00"
2020-07-12,2020071201015776,NLIC,49,28,10,"1,278.00","12,780.00"
2020-07-12,2020071201015774,NLIC,39,28,50,"1,278.00","63,900.00"
2020-07-12,2020071201015630,NLIC,21,28,140,"1,278.00","178,920.00"
2020-07-12,2020071201015544,NLIC,57,43,500,"1,277.00","638,500.00"
2020-07-12,2020071201015356,NLIC,53,32,500,"1,278.00","639,000.00"
2020-07-12,2020071201015688,NMB,36,43,100,384.00,"38,400.00"
2020-07-12,2020071201015674,NMB,25,43,200,384.00,"76,800.00"
2020-07-12,2020071201015551,NMB,1,17,100,383.00,"38,300.00"
2020-07-12,2020071201015419,NMB,14,43,10,384.00,"3,840.00"
2020-07-12,2020071201015327,NMFBS,33,7,52,"1,541.00","80,132.00"
2020-07-12,2020071201015826,NRIC,57,29,10,512.00,"5,120.00"
2020-07-12,2020071201015825,NRIC,48,51,40,511.00,"20,440.00"
2020-07-12,2020071201015824,NRIC,48,34,40,511.00,"20,440.00"
2020-07-12,2020071201015823,NRIC,48,13,40,511.00,"20,440.00"
2020-07-12,2020071201015820,NRIC,48,57,40,511.00,"20,440.00"
2020-07-12,2020071201015811,NRIC,48,21,40,511.00,"20,440.00"
2020-07-12,2020071201015337,NRIC,36,21,40,510.00,"20,400.00"
2020-07-12,2020071201015334,NRIC,36,19,40,510.00,"20,400.00"
2020-07-12,2020071201015332,NRIC,36,39,50,510.00,"25,500.00"
2020-07-12,2020071201015329,NRIC,36,50,40,510.00,"20,400.00"
2020-07-12,2020071201015360,NRIC,47,50,40,511.00,"20,440.00"
2020-07-12,2020071201015359,NRIC,47,34,40,511.00,"20,440.00"
2020-07-12,2020071201015355,NRIC,47,49,40,511.00,"20,440.00"
2020-07-12,2020071201015353,NRIC,47,52,40,511.00,"20,440.00"
2020-07-12,2020071201015352,NRIC,47,8,40,511.00,"20,440.00"
2020-07-12,2020071201015349,NRIC,47,21,40,511.00,"20,440.00"
2020-07-12,2020071201015421,NRIC,47,39,40,511.00,"20,440.00"
2020-07-12,2020071201015418,NRIC,47,18,40,511.00,"20,440.00"
2020-07-12,2020071201015417,NRIC,47,1,40,511.00,"20,440.00"
2020-07-12,2020071201015392,NRIC,47,21,40,511.00,"20,440.00"
2020-07-12,2020071201015389,NRIC,47,29,40,511.00,"20,440.00"
2020-07-12,2020071201015388,NRIC,47,59,50,511.00,"25,550.00"
2020-07-12,2020071201015451,NRIC,36,39,40,510.00,"20,400.00"
2020-07-12,2020071201015449,NRIC,36,21,40,510.00,"20,400.00"
2020-07-12,2020071201015446,NRIC,36,18,40,510.00,"20,400.00"
2020-07-12,2020071201015429,NRIC,36,34,40,510.00,"20,400.00"
2020-07-12,2020071201015428,NRIC,36,21,40,510.00,"20,400.00"
2020-07-12,2020071201015425,NRIC,47,29,10,511.00,"5,110.00"
2020-07-12,2020071201015487,NRIC,46,21,40,511.00,"20,440.00"
2020-07-12,2020071201015480,NRIC,46,29,40,511.00,"20,440.00"
2020-07-12,2020071201015468,NRIC,46,39,40,511.00,"20,440.00"
2020-07-12,2020071201015466,NRIC,46,29,40,511.00,"20,440.00"
2020-07-12,2020071201015458,NRIC,46,29,30,511.00,"15,330.00"
2020-07-12,2020071201015454,NRIC,36,50,50,510.00,"25,500.00"
2020-07-12,2020071201015505,NRIC,1,7,200,512.00,"102,400.00"
2020-07-12,2020071201015498,NRIC,48,38,50,511.00,"25,550.00"
2020-07-12,2020071201015496,NRIC,48,7,20,511.00,"10,220.00"
2020-07-12,2020071201015495,NRIC,46,7,20,511.00,"10,220.00"
2020-07-12,2020071201015494,NRIC,46,6,40,511.00,"20,440.00"
2020-07-12,2020071201015488,NRIC,46,34,50,511.00,"25,550.00"
2020-07-12,2020071201015518,NRIC,48,29,40,511.00,"20,440.00"
2020-07-12,2020071201015517,NRIC,48,26,40,511.00,"20,440.00"
2020-07-12,2020071201015514,NRIC,48,21,40,511.00,"20,440.00"
2020-07-12,2020071201015511,NRIC,48,52,40,511.00,"20,440.00"
2020-07-12,2020071201015510,NRIC,48,39,40,511.00,"20,440.00"
2020-07-12,2020071201015506,NRIC,34,7,10,512.00,"5,120.00"
2020-07-12,2020071201015557,NRIC,48,29,40,511.00,"20,440.00"
2020-07-12,2020071201015553,NRIC,48,7,40,511.00,"20,440.00"
2020-07-12,2020071201015552,NRIC,48,26,40,511.00,"20,440.00"
2020-07-12,2020071201015533,NRIC,48,39,50,511.00,"25,550.00"
2020-07-12,2020071201015532,NRIC,48,21,40,511.00,"20,440.00"
2020-07-12,2020071201015520,NRIC,48,17,10,511.00,"5,110.00"
2020-07-12,2020071201015588,NRIC,36,7,"1,000",512.00,"512,000.00"
2020-07-12,2020071201015579,NRIC,48,26,40,511.00,"20,440.00"
2020-07-12,2020071201015571,NRIC,48,40,40,511.00,"20,440.00"
2020-07-12,2020071201015566,NRIC,48,34,40,511.00,"20,440.00"
2020-07-12,2020071201015560,NRIC,48,21,50,511.00,"25,550.00"
2020-07-12,2020071201015558,NRIC,48,59,40,511.00,"20,440.00"
2020-07-12,2020071201015625,NRIC,48,29,40,511.00,"20,440.00"
2020-07-12,2020071201015620,NRIC,48,45,10,511.00,"5,110.00"
2020-07-12,2020071201015610,NRIC,48,40,40,511.00,"20,440.00"
2020-07-12,2020071201015604,NRIC,48,34,40,511.00,"20,440.00"
2020-07-12,2020071201015593,NRIC,48,29,40,511.00,"20,440.00"
2020-07-12,2020071201015592,NRIC,48,49,40,511.00,"20,440.00"
2020-07-12,2020071201015662,NRIC,48,34,30,511.00,"15,330.00"
2020-07-12,2020071201015661,NRIC,48,29,50,511.00,"25,550.00"
2020-07-12,2020071201015660,NRIC,48,52,40,511.00,"20,440.00"
2020-07-12,2020071201015651,NRIC,48,45,10,511.00,"5,110.00"
2020-07-12,2020071201015634,NRIC,48,7,40,511.00,"20,440.00"
2020-07-12,2020071201015632,NRIC,48,8,10,511.00,"5,110.00"
2020-07-12,2020071201015733,NRIC,42,29,50,512.00,"25,600.00"
2020-07-12,2020071201015732,NRIC,42,43,40,512.00,"20,480.00"
2020-07-12,2020071201015731,NRIC,42,7,180,512.00,"92,160.00"
2020-07-12,2020071201015702,NRIC,48,8,10,511.00,"5,110.00"
2020-07-12,2020071201015683,NRIC,48,38,40,511.00,"20,440.00"
2020-07-12,2020071201015672,NRIC,48,57,40,511.00,"20,440.00"
2020-07-12,2020071201015739,NRIC,42,29,40,512.00,"20,480.00"
2020-07-12,2020071201015738,NRIC,42,6,50,512.00,"25,600.00"
2020-07-12,2020071201015737,NRIC,42,29,40,512.00,"20,480.00"
2020-07-12,2020071201015736,NRIC,42,29,50,512.00,"25,600.00"
2020-07-12,2020071201015735,NRIC,42,49,40,512.00,"20,480.00"
2020-07-12,2020071201015734,NRIC,42,29,40,512.00,"20,480.00"
2020-07-12,2020071201015751,NRIC,48,21,40,511.00,"20,440.00"
2020-07-12,2020071201015747,NRIC,48,48,40,511.00,"20,440.00"
2020-07-12,2020071201015743,NRIC,42,29,10,512.00,"5,120.00"
2020-07-12,2020071201015742,NRIC,42,29,40,512.00,"20,480.00"
2020-07-12,2020071201015741,NRIC,42,29,40,512.00,"20,480.00"
2020-07-12,2020071201015740,NRIC,42,6,30,512.00,"15,360.00"
2020-07-12,2020071201015802,NRIC,48,19,30,511.00,"15,330.00"
2020-07-12,2020071201015796,NRIC,48,20,40,511.00,"20,440.00"
2020-07-12,2020071201015795,NRIC,48,37,40,511.00,"20,440.00"
2020-07-12,2020071201015794,NRIC,48,21,50,511.00,"25,550.00"
2020-07-12,2020071201015790,NRIC,48,8,10,511.00,"5,110.00"
2020-07-12,2020071201015789,NRIC,48,52,40,511.00,"20,440.00"
2020-07-12,2020071201015666,NSEWA,50,56,10,620.00,"6,200.00"
2020-07-12,2020071201015792,NUBL,25,1,35,980.00,"34,300.00"
2020-07-12,2020071201015714,OHL,42,25,100,315.00,"31,500.00"
2020-07-12,2020071201015784,PCBL,59,8,280,249.00,"69,720.00"
2020-07-12,2020071201015783,PCBL,32,8,150,249.00,"37,350.00"
2020-07-12,2020071201015782,PCBL,16,8,50,250.00,"12,500.00"
2020-07-12,2020071201015781,PCBL,45,8,10,250.00,"2,500.00"
2020-07-12,2020071201015780,PCBL,51,8,55,250.00,"13,750.00"
2020-07-12,2020071201015659,PCBL,51,58,145,250.00,"36,250.00"
2020-07-12,2020071201015652,PCBL,5,58,85,251.00,"21,335.00"
2020-07-12,2020071201015617,PCBL,6,58,10,252.00,"2,520.00"
2020-07-12,2020071201015351,PCBL,5,32,415,251.00,"104,165.00"
2020-07-12,2020071201015350,PCBL,41,32,793,251.00,"199,043.00"
2020-07-12,2020071201015658,PCBL,25,58,"1,000",250.00,"250,000.00"
2020-07-12,2020071201015657,PCBL,49,58,"2,105",250.00,"526,250.00"
2020-07-12,2020071201015656,PCBL,19,58,80,251.00,"20,080.00"
2020-07-12,2020071201015655,PCBL,16,58,15,251.00,"3,765.00"
2020-07-12,2020071201015654,PCBL,6,58,20,251.00,"5,020.00"
2020-07-12,2020071201015653,PCBL,48,58,50,251.00,"12,550.00"
2020-07-12,2020071201015638,PFL,55,6,53,150.00,"7,950.00"
2020-07-12,2020071201015637,PFL,55,46,27,150.00,"4,050.00"
2020-07-12,2020071201015636,PFL,55,46,42,150.00,"6,300.00"
2020-07-12,2020071201015612,PFL,55,54,27,148.00,"3,996.00"
2020-07-12,2020071201015668,PIC,6,50,198,617.00,"122,166.00"
2020-07-12,2020071201015492,PIC,6,50,302,617.00,"186,334.00"
2020-07-12,2020071201015491,PIC,50,50,10,617.00,"6,170.00"
2020-07-12,2020071201015490,PIC,10,50,89,617.00,"54,913.00"
2020-07-12,2020071201015489,PIC,10,50,99,618.00,"61,182.00"
2020-07-12,2020071201015395,PIC,10,8,20,618.00,"12,360.00"
2020-07-12,2020071201015400,PICL,40,51,20,510.00,"10,200.00"
2020-07-12,2020071201015730,PPCL,32,34,20,107.00,"2,140.00"
2020-07-12,2020071201015619,PPCL,32,34,20,107.00,"2,140.00"
2020-07-12,2020071201015499,PPCL,32,34,20,107.00,"2,140.00"
2020-07-12,2020071201015336,PPCL,32,34,20,107.00,"2,140.00"
2020-07-12,2020071201015676,PRIN,50,34,60,464.00,"27,840.00"
2020-07-12,2020071201015675,PRIN,38,34,200,464.00,"92,800.00"
2020-07-12,2020071201015420,PRIN,44,34,700,465.00,"325,500.00"
2020-07-12,2020071201015801,PRVU,57,45,200,228.00,"45,600.00"
2020-07-12,2020071201015721,PRVU,46,8,196,227.00,"44,492.00"
2020-07-12,2020071201015720,PRVU,19,8,100,227.00,"22,700.00"
2020-07-12,2020071201015719,PRVU,58,8,100,227.00,"22,700.00"
2020-07-12,2020071201015718,PRVU,10,8,100,227.00,"22,700.00"
2020-07-12,2020071201015717,PRVU,58,8,100,227.00,"22,700.00"
2020-07-12,2020071201015716,PRVU,35,8,100,227.00,"22,700.00"
2020-07-12,2020071201015681,PRVU,52,17,100,227.00,"22,700.00"
2020-07-12,2020071201015621,PRVU,40,45,250,228.00,"57,000.00"
2020-07-12,2020071201015469,PRVU,52,45,100,227.00,"22,700.00"
2020-07-12,2020071201015708,RADHI,41,34,11,167.00,"1,837.00"
2020-07-12,2020071201015556,RADHI,41,34,11,167.00,"1,837.00"
2020-07-12,2020071201015453,RADHI,38,25,12,174.00,"2,088.00"
2020-07-12,2020071201015452,RADHI,38,38,11,174.00,"1,914.00"
2020-07-12,2020071201015333,RADHI,38,26,11,172.00,"1,892.00"
2020-07-12,2020071201015501,RBCL,34,57,10,"9,001.00","90,010.00"
2020-07-12,2020071201015500,RBCL,58,57,10,"9,002.00","90,020.00"
2020-07-12,2020071201015348,RHPC,25,43,926,81.00,"75,006.00"
2020-07-12,2020071201015347,RHPC,19,43,48,81.00,"3,888.00"
2020-07-12,2020071201015346,RHPC,1,43,71,82.00,"5,822.00"
2020-07-12,2020071201015745,RHPL,59,57,40,148.00,"5,920.00"
2020-07-12,2020071201015699,RHPL,59,38,20,148.00,"2,960.00"
2020-07-12,2020071201015698,RHPL,38,38,20,149.00,"2,980.00"
2020-07-12,2020071201015673,RHPL,38,52,40,149.00,"5,960.00"
2020-07-12,2020071201015564,RHPL,38,38,40,149.00,"5,960.00"
2020-07-12,2020071201015534,RHPL,38,52,50,149.00,"7,450.00"
2020-07-12,2020071201015512,RHPL,38,14,30,149.00,"4,470.00"
2020-07-12,2020071201015472,RHPL,38,59,40,149.00,"5,960.00"
2020-07-12,2020071201015459,RHPL,38,8,50,149.00,"7,450.00"
2020-07-12,2020071201015405,RHPL,38,52,40,149.00,"5,960.00"
2020-07-12,2020071201015342,RHPL,38,48,40,149.00,"5,960.00"
2020-07-12,2020071201015412,RLFL,7,43,10,121.00,"1,210.00"
2020-07-12,2020071201015411,RLFL,47,43,500,121.00,"60,500.00"
2020-07-12,2020071201015410,RLFL,7,43,50,121.00,"6,050.00"
2020-07-12,2020071201015409,RLFL,6,43,10,122.00,"1,220.00"
2020-07-12,2020071201015408,RLFL,7,43,50,122.00,"6,100.00"
2020-07-12,2020071201015407,RLFL,28,43,500,122.00,"61,000.00"
2020-07-12,2020071201015797,SABSL,50,34,11,796.00,"8,756.00"
2020-07-12,2020071201015432,SADBL,32,4,511,143.00,"73,073.00"
2020-07-12,2020071201015474,SAEF,35,57,900,9.00,"8,100.00"
2020-07-12,2020071201015479,SBI,10,54,"1,686",406.00,"684,516.00"
2020-07-12,2020071201015478,SBI,29,54,300,406.00,"121,800.00"
2020-07-12,2020071201015477,SBI,35,54,75,406.00,"30,450.00"
2020-07-12,2020071201015476,SBI,38,54,244,407.00,"99,308.00"
2020-07-12,2020071201015475,SBI,6,54,20,408.00,"8,160.00"
2020-07-12,2020071201015345,SBL,44,47,47,287.00,"13,489.00"
2020-07-12,2020071201015818,SHL,46,21,100,154.00,"15,400.00"
2020-07-12,2020071201015587,SHL,5,45,300,155.00,"46,500.00"
2020-07-12,2020071201015586,SHL,46,45,200,155.00,"31,000.00"
2020-07-12,2020071201015585,SHL,57,45,500,155.00,"77,500.00"
2020-07-12,2020071201015756,SHPC,14,57,430,220.00,"94,600.00"
2020-07-12,2020071201015680,SICL,41,58,55,"1,008.00","55,440.00"
2020-07-12,2020071201015679,SICL,44,58,100,"1,008.00","100,800.00"
2020-07-12,2020071201015678,SICL,6,58,45,"1,008.00","45,360.00"
2020-07-12,2020071201015677,SICL,58,58,800,"1,009.00","807,200.00"
2020-07-12,2020071201015460,SICL,11,57,15,"1,010.00","15,150.00"
2020-07-12,2020071201015817,SIL,56,44,130,580.00,"75,400.00"
2020-07-12,2020071201015816,SIL,56,44,200,580.00,"116,000.00"
2020-07-12,2020071201015815,SIL,42,44,27,580.00,"15,660.00"
2020-07-12,2020071201015814,SIL,25,44,100,581.00,"58,100.00"
2020-07-12,2020071201015793,SIL,28,51,90,582.00,"52,380.00"
2020-07-12,2020071201015594,SIL,56,51,100,582.00,"58,200.00"
2020-07-12,2020071201015603,SINDU,34,29,10,135.00,"1,350.00"
2020-07-12,2020071201015602,SINDU,34,19,50,134.00,"6,700.00"
2020-07-12,2020071201015601,SINDU,34,58,23,133.00,"3,059.00"
2020-07-12,2020071201015578,SINDU,34,58,24,133.00,"3,192.00"
2020-07-12,2020071201015577,SINDU,34,35,276,132.00,"36,432.00"
2020-07-12,2020071201015531,SINDU,34,29,45,131.00,"5,895.00"
2020-07-12,2020071201015530,SINDU,34,1,12,131.00,"1,572.00"
2020-07-12,2020071201015529,SINDU,34,52,129,130.00,"16,770.00"
2020-07-12,2020071201015804,SJCL,41,52,20,137.00,"2,740.00"
2020-07-12,2020071201015757,SJCL,41,57,20,137.00,"2,740.00"
2020-07-12,2020071201015682,SJCL,41,52,10,137.00,"1,370.00"
2020-07-12,2020071201015595,SJCL,41,38,20,137.00,"2,740.00"
2020-07-12,2020071201015554,SJCL,41,52,20,137.00,"2,740.00"
2020-07-12,2020071201015515,SJCL,41,8,20,137.00,"2,740.00"
2020-07-12,2020071201015493,SJCL,41,59,20,137.00,"2,740.00"
2020-07-12,2020071201015430,SJCL,41,52,20,137.00,"2,740.00"
2020-07-12,2020071201015358,SJCL,41,48,20,137.00,"2,740.00"
2020-07-12,2020071201015424,SKBBL,37,21,10,"1,251.00","12,510.00"
2020-07-12,2020071201015526,SLBBL,20,25,277,937.00,"259,549.00"
2020-07-12,2020071201015706,SLICL,6,38,55,451.00,"24,805.00"
2020-07-12,2020071201015705,SLICL,10,25,500,453.00,"226,500.00"
2020-07-12,2020071201015450,SLICL,51,43,14,450.00,"6,300.00"
2020-07-12,2020071201015509,SMB,43,57,10,904.00,"9,040.00"
2020-07-12,2020071201015684,SMFBS,59,6,20,953.00,"19,060.00"
2020-07-12,2020071201015399,SMFBS,44,6,150,953.00,"142,950.00"
2020-07-12,2020071201015398,SMFBS,44,33,30,952.00,"28,560.00"
2020-07-12,2020071201015473,SPDL,45,42,15,102.00,"1,530.00"
2020-07-12,2020071201015819,TMDBL,58,7,13,180.00,"2,340.00"
2020-07-12,2020071201015663,TMDBL,32,7,200,180.00,"36,000.00"
2020-07-12,2020071201015339,UIC,40,38,20,379.00,"7,580.00"
2020-07-12,2020071201015330,UIC,16,43,300,380.00,"114,000.00"
2020-07-12,2020071201015704,UMHL,40,16,"2,392",98.00,"234,416.00"
2020-07-12,2020071201015722,UPPER,6,51,50,229.00,"11,450.00"
2020-07-12,2020071201015406,UPPER,49,48,50,230.00,"11,500.00"
2020-07-12,2020071201015623,UPPER,6,38,40,229.00,"9,160.00"
2020-07-12,2020071201015435,UPPER,6,1,40,229.00,"9,160.00"
2020-07-12,2020071201015434,UPPER,49,1,10,230.00,"2,300.00"
2020-07-12,2020071201015788,VLBS,56,55,43,"1,006.00","43,258.00"
2020-07-12,2020071201015787,VLBS,49,55,457,"1,006.00","459,742.00"
2020-07-12,2020071201015786,VLBS,49,32,13,"1,006.00","13,078.00"
2020-07-12,2020071201015785,VLBS,49,51,30,"1,000.00","30,000.00"
2020-07-12,2020071201015750,VLBS,5,51,20,"1,000.00","20,000.00"
2020-07-12,2020071201015667,WOMI,6,18,17,"1,030.00","17,510.00"
2020-07-12,2020071201015575,WOMI,45,55,50,"1,031.00","51,550.00"
2020-07-12,2020071201015063,ADBL,17,35,423,375.00,"158,625.00"
2020-07-12,2020071201014865,ADBL,17,55,477,375.00,"178,875.00"
2020-07-12,2020071201014864,ADBL,17,34,100,374.00,"37,400.00"
2020-07-12,2020071201015084,AKPL,45,8,13,116.00,"1,508.00"
2020-07-12,2020071201015043,AKPL,45,43,155,116.00,"17,980.00"
2020-07-12,2020071201015020,ALBSL,16,46,16,740.00,"11,840.00"
2020-07-12,2020071201015019,ALBSL,16,11,20,738.00,"14,760.00"
2020-07-12,2020071201015018,ALBSL,16,45,10,738.00,"7,380.00"
2020-07-12,2020071201015243,ALICL,57,56,300,601.00,"180,300.00"
2020-07-12,2020071201015242,ALICL,57,8,100,601.00,"60,100.00"
2020-07-12,2020071201015146,ALICL,16,33,70,600.00,"42,000.00"
2020-07-12,2020071201015036,ALICL,16,55,61,600.00,"36,600.00"
2020-07-12,2020071201015035,ALICL,16,45,100,600.00,"60,000.00"
2020-07-12,2020071201015034,ALICL,16,6,258,600.00,"154,800.00"
2020-07-12,2020071201014962,ALICL,41,6,100,600.00,"60,000.00"
2020-07-12,2020071201015139,API,46,44,157,106.00,"16,642.00"
2020-07-12,2020071201015216,BFC,52,52,51,90.00,"4,590.00"
2020-07-12,2020071201015326,BOKL,6,44,84,217.00,"18,228.00"
2020-07-12,2020071201014978,BOKL,14,50,60,218.00,"13,080.00"
2020-07-12,2020071201015324,BPCL,56,16,455,359.00,"163,345.00"
2020-07-12,2020071201015265,BPCL,32,8,12,355.00,"4,260.00"
2020-07-12,2020071201015142,BPCL,16,16,10,359.00,"3,590.00"
2020-07-12,2020071201014938,CBBL,34,21,100,"1,067.00","106,700.00"
2020-07-12,2020071201015237,CCBL,35,14,20,163.00,"3,260.00"
2020-07-12,2020071201015103,CHCL,41,10,79,390.00,"30,810.00"
2020-07-12,2020071201014906,CHCL,41,44,62,390.00,"24,180.00"
2020-07-12,2020071201015081,DDBL,14,43,26,857.00,"22,282.00"
2020-07-12,2020071201014970,DDBL,28,21,89,857.00,"76,273.00"
2020-07-12,2020071201015258,EBL,14,29,200,657.00,"131,400.00"
2020-07-12,2020071201015120,EBL,14,43,12,657.00,"7,884.00"
2020-07-12,2020071201014994,EBL,44,57,85,660.00,"56,100.00"
2020-07-12,2020071201014993,EBL,41,57,17,662.00,"11,254.00"
2020-07-12,2020071201015209,EIC,51,21,20,413.00,"8,260.00"
2020-07-12,2020071201014845,EIC,59,21,50,414.00,"20,700.00"
2020-07-12,2020071201015206,FMDBL,16,1,411,525.00,"215,775.00"
2020-07-12,2020071201015205,FMDBL,56,1,89,525.00,"46,725.00"
2020-07-12,2020071201015089,FMDBL,56,53,111,525.00,"58,275.00"
2020-07-12,2020071201015088,FMDBL,55,53,525,525.00,"275,625.00"
2020-07-12,2020071201015087,FMDBL,21,53,363,525.00,"190,575.00"
2020-07-12,2020071201015086,FMDBL,33,53,100,526.00,"52,600.00"
2020-07-12,2020071201014951,FMDBL,57,53,50,526.00,"26,300.00"
2020-07-12,2020071201014950,FMDBL,58,53,150,528.00,"79,200.00"
2020-07-12,2020071201014949,FMDBL,49,53,194,530.00,"102,820.00"
2020-07-12,2020071201014899,FMDBL,36,36,180,531.00,"95,580.00"
2020-07-12,2020071201015085,FMDBL,38,53,70,532.00,"37,240.00"
2020-07-12,2020071201014986,FMDBL,38,6,30,532.00,"15,960.00"
2020-07-12,2020071201014955,FMDBL,21,53,137,525.00,"71,925.00"
2020-07-12,2020071201014954,FMDBL,10,53,200,525.00,"105,000.00"
2020-07-12,2020071201014953,FMDBL,37,53,150,525.00,"78,750.00"
2020-07-12,2020071201014952,FMDBL,57,53,150,526.00,"78,900.00"
2020-07-12,2020071201015065,FOWAD,58,50,19,"1,570.00","29,830.00"
2020-07-12,2020071201014874,FOWAD,44,48,49,"1,540.00","75,460.00"
2020-07-12,2020071201015323,GBIME,38,44,200,239.00,"47,800.00"
2020-07-12,2020071201015322,GBIME,49,44,100,239.00,"23,900.00"
2020-07-12,2020071201015321,GBIME,21,44,300,239.00,"71,700.00"
2020-07-12,2020071201015320,GBIME,34,44,500,239.00,"119,500.00"
2020-07-12,2020071201015319,GBIME,16,44,190,239.00,"45,410.00"
2020-07-12,2020071201015069,GBIME,16,28,810,239.00,"193,590.00"
2020-07-12,2020071201014999,GBIME,49,17,170,240.00,"40,800.00"
2020-07-12,2020071201014877,GBIME,22,17,100,240.00,"24,000.00"
2020-07-12,2020071201015068,GBIME,42,28,50,239.00,"11,950.00"
2020-07-12,2020071201015067,GBIME,17,28,"1,000",239.00,"239,000.00"
2020-07-12,2020071201015066,GBIME,48,28,"1,140",239.00,"272,460.00"
2020-07-12,2020071201015007,GBIME,33,54,200,240.00,"48,000.00"
2020-07-12,2020071201015001,GBIME,49,54,74,240.00,"17,760.00"
2020-07-12,2020071201015000,GBIME,49,17,56,240.00,"13,440.00"
2020-07-12,2020071201015174,GBLBS,19,44,22,494.00,"10,868.00"
2020-07-12,2020071201015173,GBLBS,57,44,160,495.00,"79,200.00"
2020-07-12,2020071201015101,GBLBS,57,8,15,495.00,"7,425.00"
2020-07-12,2020071201015095,GBLBS,57,38,10,495.00,"4,950.00"
2020-07-12,2020071201014907,GGBSL,3,29,10,756.00,"7,560.00"
2020-07-12,2020071201015022,GLBSL,33,38,10,625.00,"6,250.00"
2020-07-12,2020071201015310,GLICL,34,53,500,483.00,"241,500.00"
2020-07-12,2020071201015096,GLICL,34,19,100,483.00,"48,300.00"
2020-07-12,2020071201015305,GMFBS,38,16,20,852.00,"17,040.00"
2020-07-12,2020071201015254,GMFBS,14,16,10,852.00,"8,520.00"
2020-07-12,2020071201015253,GMFBS,14,38,20,850.00,"17,000.00"
2020-07-12,2020071201015187,GMFBS,14,51,200,836.00,"167,200.00"
2020-07-12,2020071201015051,GMFBS,14,34,10,828.00,"8,280.00"
2020-07-12,2020071201014998,GMFBS,33,6,11,820.00,"9,020.00"
2020-07-12,2020071201015183,HBL,43,54,100,515.00,"51,500.00"
2020-07-12,2020071201015182,HBL,25,54,100,515.00,"51,500.00"
2020-07-12,2020071201015181,HBL,47,54,300,515.00,"154,500.00"
2020-07-12,2020071201015180,HBL,57,54,50,518.00,"25,900.00"
2020-07-12,2020071201015053,HBL,25,44,50,519.00,"25,950.00"
2020-07-12,2020071201014881,HBL,29,44,192,518.00,"99,456.00"
2020-07-12,2020071201014856,HBL,29,44,120,518.00,"62,160.00"
2020-07-12,2020071201015185,HDL,14,1,50,"1,570.00","78,500.00"
2020-07-12,2020071201014870,HDL,58,42,60,"1,575.00","94,500.00"
2020-07-12,2020071201014869,HDL,58,42,60,"1,575.00","94,500.00"
2020-07-12,2020071201014868,HDL,47,42,430,"1,575.00","677,250.00"
2020-07-12,2020071201014867,HDL,56,42,100,"1,578.00","157,800.00"
2020-07-12,2020071201014866,HDL,38,42,125,"1,578.00","197,250.00"
2020-07-12,2020071201014989,HGI,13,43,500,429.00,"214,500.00"
2020-07-12,2020071201014969,HIDCL,28,38,20,131.00,"2,620.00"
2020-07-12,2020071201015229,HPPL,6,38,10,132.00,"1,320.00"
2020-07-12,2020071201015134,HPPL,6,8,10,132.00,"1,320.00"
2020-07-12,2020071201015092,HPPL,6,48,32,132.00,"4,224.00"
2020-07-12,2020071201015091,HPPL,56,48,102,132.00,"13,464.00"
2020-07-12,2020071201015286,ILBS,49,8,11,800.00,"8,800.00"
2020-07-12,2020071201015278,ILBS,49,47,11,800.00,"8,800.00"
2020-07-12,2020071201014997,KBL,14,54,60,186.00,"11,160.00"
2020-07-12,2020071201015136,KMCDB,8,41,10,787.00,"7,870.00"
2020-07-12,2020071201015090,KMCDB,8,21,10,787.00,"7,870.00"
2020-07-12,2020071201015123,KSBBL,56,55,36,148.00,"5,328.00"
2020-07-12,2020071201014942,LBL,22,52,100,216.00,"21,600.00"
2020-07-12,2020071201015212,LGIL,7,58,274,463.00,"126,862.00"
2020-07-12,2020071201015198,LGIL,22,6,200,461.00,"92,200.00"
2020-07-12,2020071201015197,LGIL,6,6,50,461.00,"23,050.00"
2020-07-12,2020071201015196,LGIL,29,6,100,461.00,"46,100.00"
2020-07-12,2020071201015156,LGIL,4,6,220,462.00,"101,640.00"
2020-07-12,2020071201015155,LGIL,5,6,21,462.00,"9,702.00"
2020-07-12,2020071201015148,LGIL,48,58,85,463.00,"39,355.00"
2020-07-12,2020071201015138,LGIL,48,43,68,463.00,"31,484.00"
2020-07-12,2020071201014973,LICN,5,1,100,"1,351.00","135,100.00"
2020-07-12,2020071201015152,MBL,58,43,20,217.00,"4,340.00"
2020-07-12,2020071201014898,MBL,17,54,405,219.00,"88,695.00"
2020-07-12,2020071201014897,MBL,17,33,95,219.00,"20,805.00"
2020-07-12,2020071201014884,MBL,29,33,200,219.00,"43,800.00"
2020-07-12,2020071201015277,MERO,21,34,30,638.00,"19,140.00"
2020-07-12,2020071201014937,MERO,40,44,10,639.00,"6,390.00"
