Date,Transact. No.,Symbol,Buyer,Seller,Quantity,Rate,Amount
2019-07-31,2019073101006266,ADBL,40,59,31,431.00,"13,361.00"
2019-07-31,2019073101006223,ADBL,40,35,830,431.00,"357,730.00"
2019-07-31,2019073101006222,ADBL,46,35,170,431.00,"73,270.00"
2019-07-31,2019073101006221,ADBL,46,18,200,431.00,"86,200.00"
2019-07-31,2019073101006220,ADBL,46,6,400,431.00,"172,400.00"
2019-07-31,2019073101006219,ADBL,46,39,230,431.00,"99,130.00"
2019-07-31,2019073101006151,ADBL,35,35,"4,000",431.00,"1,724,000.00"
2019-07-31,2019073101005808,ADBL,34,16,289,431.00,"124,559.00"
2019-07-31,2019073101006272,AHPC,36,13,50,104.00,"5,200.00"
2019-07-31,2019073101006271,AHPC,55,13,300,104.00,"31,200.00"
2019-07-31,2019073101006270,AHPC,45,13,"1,000",104.00,"104,000.00"
2019-07-31,2019073101006269,AHPC,22,13,200,104.00,"20,800.00"
2019-07-31,2019073101006268,AHPC,34,13,500,104.00,"52,000.00"
2019-07-31,2019073101006267,AHPC,45,13,990,104.00,"102,960.00"
2019-07-31,2019073101005939,AHPC,25,13,877,106.00,"92,962.00"
2019-07-31,2019073101006071,AHPC,28,13,"1,000",105.00,"105,000.00"
2019-07-31,2019073101006018,AKJCL,34,55,20,71.00,"1,420.00"
2019-07-31,2019073101005904,AKPL,36,29,50,169.00,"8,450.00"
2019-07-31,2019073101005803,AKPL,34,49,200,170.00,"34,000.00"
2019-07-31,2019073101005802,AKPL,48,49,10,170.00,"1,700.00"
2019-07-31,2019073101005801,AKPL,6,49,100,170.00,"17,000.00"
2019-07-31,2019073101005912,ALICL,25,28,416,370.00,"153,920.00"
2019-07-31,2019073101005860,ALICL,25,42,284,370.00,"105,080.00"
2019-07-31,2019073101006216,API,25,35,100,140.00,"14,000.00"
2019-07-31,2019073101006062,API,25,35,35,140.00,"4,900.00"
2019-07-31,2019073101006061,API,25,42,10,139.00,"1,390.00"
2019-07-31,2019073101006060,API,25,59,390,139.00,"54,210.00"
2019-07-31,2019073101005944,API,25,59,100,139.00,"13,900.00"
2019-07-31,2019073101005921,API,34,29,54,137.00,"7,398.00"
2019-07-31,2019073101005910,API,25,59,250,139.00,"34,750.00"
2019-07-31,2019073101005982,BARUN,58,49,10,90.00,900.00
2019-07-31,2019073101005862,BARUN,47,49,10,90.00,900.00
2019-07-31,2019073101006209,BBC,6,35,10,"1,460.00","14,600.00"
2019-07-31,2019073101005938,BBC,37,35,30,"1,448.00","43,440.00"
2019-07-31,2019073101005937,BBC,25,35,10,"1,449.00","14,490.00"
2019-07-31,2019073101005936,BBC,50,35,10,"1,450.00","14,500.00"
2019-07-31,2019073101006172,BOKL,47,59,300,268.00,"80,400.00"
2019-07-31,2019073101006042,BOKL,33,57,510,268.00,"136,680.00"
2019-07-31,2019073101005976,BOKL,33,43,"1,356",268.00,"363,408.00"
2019-07-31,2019073101005876,BOKL,33,17,500,268.00,"134,000.00"
2019-07-31,2019073101006184,BPCL,47,46,48,406.00,"19,488.00"
2019-07-31,2019073101006183,BPCL,47,46,100,406.00,"40,600.00"
2019-07-31,2019073101006039,CBBL,45,59,56,993.00,"55,608.00"
2019-07-31,2019073101005975,CBBL,18,41,25,990.00,"24,750.00"
2019-07-31,2019073101005915,CBBL,4,59,50,993.00,"49,650.00"
2019-07-31,2019073101005893,CBBL,18,26,150,992.00,"148,800.00"
2019-07-31,2019073101006213,CBL,43,13,191,154.00,"29,414.00"
2019-07-31,2019073101006168,CBL,26,36,500,153.00,"76,500.00"
2019-07-31,2019073101006098,CBL,26,43,26,153.00,"3,978.00"
2019-07-31,2019073101006097,CBL,48,43,500,153.00,"76,500.00"
2019-07-31,2019073101006096,CBL,59,43,300,153.00,"45,900.00"
2019-07-31,2019073101006095,CBL,45,43,174,153.00,"26,622.00"
2019-07-31,2019073101005962,CBL,46,13,500,154.00,"77,000.00"
2019-07-31,2019073101005906,CBL,34,13,500,154.00,"77,000.00"
2019-07-31,2019073101005871,CBL,45,45,22,153.00,"3,366.00"
2019-07-31,2019073101005861,CBL,32,13,49,154.00,"7,546.00"
2019-07-31,2019073101005814,CBL,57,13,100,154.00,"15,400.00"
2019-07-31,2019073101005813,CBL,33,13,660,154.00,"101,640.00"
2019-07-31,2019073101006187,CCBL,45,11,411,170.00,"69,870.00"
2019-07-31,2019073101006186,CCBL,51,11,100,170.00,"17,000.00"
2019-07-31,2019073101006185,CCBL,34,11,"1,489",170.00,"253,130.00"
2019-07-31,2019073101006166,CCBL,6,43,10,171.00,"1,710.00"
2019-07-31,2019073101005855,CCBL,32,11,698,171.00,"119,358.00"
2019-07-31,2019073101005854,CCBL,34,11,302,171.00,"51,642.00"
2019-07-31,2019073101005845,CCBL,34,11,198,171.00,"33,858.00"
2019-07-31,2019073101005844,CCBL,45,11,802,171.00,"137,142.00"
2019-07-31,2019073101006116,CCBL,34,43,"1,500",170.00,"255,000.00"
2019-07-31,2019073101005955,CCBL,34,11,"1,000",170.00,"170,000.00"
2019-07-31,2019073101005934,CCBL,34,11,"1,000",170.00,"170,000.00"
2019-07-31,2019073101005903,CCBL,13,43,502,171.00,"85,842.00"
2019-07-31,2019073101005864,CCBL,13,13,"1,498",171.00,"256,158.00"
2019-07-31,2019073101005863,CCBL,32,13,502,171.00,"85,842.00"
2019-07-31,2019073101006164,CHCL,1,13,100,510.00,"51,000.00"
2019-07-31,2019073101006279,CIT,39,25,100,"2,442.00","244,200.00"
2019-07-31,2019073101006177,CIT,39,54,195,"2,442.00","476,190.00"
2019-07-31,2019073101006176,CIT,50,54,49,"2,443.00","119,707.00"
2019-07-31,2019073101006175,CIT,50,33,28,"2,443.00","68,404.00"
2019-07-31,2019073101005956,CLBSL,21,53,20,550.00,"11,000.00"
2019-07-31,2019073101005926,CLBSL,21,53,10,550.00,"5,500.00"
2019-07-31,2019073101005914,CLBSL,21,53,10,550.00,"5,500.00"
2019-07-31,2019073101005870,CLBSL,6,53,10,550.00,"5,500.00"
2019-07-31,2019073101006109,CMF1,43,47,"10,000",10.00,"100,000.00"
2019-07-31,2019073101006108,CMF1,52,47,"1,000",10.01,"10,010.00"
2019-07-31,2019073101005875,CMF1,57,47,"7,000",10.01,"70,070.00"
2019-07-31,2019073101005872,CMF1,43,50,"7,000",10.10,"70,700.00"
2019-07-31,2019073101005916,CZBIL,44,26,41,226.00,"9,266.00"
2019-07-31,2019073101005898,CZBIL,44,22,10,226.00,"2,260.00"
2019-07-31,2019073101005999,DBBL,34,25,101,146.00,"14,746.00"
2019-07-31,2019073101006138,DDBL,43,19,115,775.00,"89,125.00"
2019-07-31,2019073101006137,DDBL,43,29,100,775.00,"77,500.00"
2019-07-31,2019073101006136,DDBL,43,53,100,773.00,"77,300.00"
2019-07-31,2019073101006135,DDBL,43,53,100,773.00,"77,300.00"
2019-07-31,2019073101006134,DDBL,43,52,85,773.00,"65,705.00"
2019-07-31,2019073101006121,DDBL,43,33,105,772.00,"81,060.00"
2019-07-31,2019073101005828,DDBL,53,32,20,770.00,"15,400.00"
2019-07-31,2019073101006100,DDBL,21,45,100,771.00,"77,100.00"
2019-07-31,2019073101006099,DDBL,21,25,100,771.00,"77,100.00"
2019-07-31,2019073101005973,DDBL,43,25,200,771.00,"154,200.00"
2019-07-31,2019073101005959,DDBL,43,33,300,770.00,"231,000.00"
2019-07-31,2019073101005909,DDBL,29,33,100,770.00,"77,000.00"
2019-07-31,2019073101005829,DDBL,34,32,199,766.00,"152,434.00"
2019-07-31,2019073101006249,EIC,8,53,50,358.00,"17,900.00"
2019-07-31,2019073101005963,EIC,16,16,20,359.00,"7,180.00"
2019-07-31,2019073101006296,FMDBL,45,17,100,408.00,"40,800.00"
2019-07-31,2019073101006254,FMDBL,39,26,100,409.00,"40,900.00"
2019-07-31,2019073101006215,FMDBL,41,49,11,412.00,"4,532.00"
2019-07-31,2019073101006214,FMDBL,41,34,49,410.00,"20,090.00"
2019-07-31,2019073101006173,FMDBL,41,56,400,412.00,"164,800.00"
2019-07-31,2019073101006130,FMDBL,45,38,330,413.00,"136,290.00"
2019-07-31,2019073101005948,FMDBL,40,49,500,407.00,"203,500.00"
2019-07-31,2019073101005867,FMDBL,8,49,114,407.00,"46,398.00"
2019-07-31,2019073101005866,FMDBL,8,26,"1,086",406.00,"440,916.00"
2019-07-31,2019073101005816,FMDBL,8,40,200,405.00,"81,000.00"
2019-07-31,2019073101006030,FMDBL,45,14,30,408.00,"12,240.00"
2019-07-31,2019073101006029,FMDBL,45,35,150,408.00,"61,200.00"
2019-07-31,2019073101006020,FMDBL,25,35,50,408.00,"20,400.00"
2019-07-31,2019073101006019,FMDBL,25,43,50,408.00,"20,400.00"
2019-07-31,2019073101005972,FMDBL,8,49,60,407.00,"24,420.00"
2019-07-31,2019073101005971,FMDBL,8,49,226,407.00,"91,982.00"
2019-07-31,2019073101006128,FMDBL,41,50,100,412.00,"41,200.00"
2019-07-31,2019073101006066,FMDBL,39,57,550,412.00,"226,600.00"
2019-07-31,2019073101006065,FMDBL,39,53,50,412.00,"20,600.00"
2019-07-31,2019073101006052,FMDBL,45,59,150,410.00,"61,500.00"
2019-07-31,2019073101006051,FMDBL,45,17,100,410.00,"41,000.00"
2019-07-31,2019073101006050,FMDBL,45,34,200,410.00,"82,000.00"
2019-07-31,2019073101006226,FOWAD,57,44,10,"1,439.00","14,390.00"
2019-07-31,2019073101006165,FOWAD,37,44,100,"1,420.00","142,000.00"
2019-07-31,2019073101005879,FOWAD,1,56,10,"1,440.00","14,400.00"
2019-07-31,2019073101005878,FOWAD,1,56,100,"1,430.00","143,000.00"
2019-07-31,2019073101005877,FOWAD,1,41,112,"1,430.00","160,160.00"
2019-07-31,2019073101005805,FOWAD,1,47,20,"1,422.00","28,440.00"
2019-07-31,2019073101005804,FOWAD,1,17,200,"1,420.00","284,000.00"
2019-07-31,2019073101006143,GBBL,41,32,200,223.00,"44,600.00"
2019-07-31,2019073101006142,GBBL,4,32,500,223.00,"111,500.00"
2019-07-31,2019073101006141,GBBL,14,32,500,223.00,"111,500.00"
2019-07-31,2019073101006140,GBBL,41,32,100,223.00,"22,300.00"
2019-07-31,2019073101006139,GBBL,4,32,990,223.00,"220,770.00"
2019-07-31,2019073101006239,GBLBS,41,11,100,373.00,"37,300.00"
2019-07-31,2019073101006224,GBLBS,57,39,160,370.00,"59,200.00"
2019-07-31,2019073101006206,GBLBS,19,39,100,370.00,"37,000.00"
2019-07-31,2019073101006174,GBLBS,39,39,500,370.00,"185,000.00"
2019-07-31,2019073101006144,GBLBS,25,39,240,370.00,"88,800.00"
2019-07-31,2019073101006069,GBLBS,42,42,100,371.00,"37,100.00"
2019-07-31,2019073101005919,GBLBS,58,39,10,370.00,"3,700.00"
2019-07-31,2019073101005918,GBLBS,29,39,130,370.00,"48,100.00"
2019-07-31,2019073101005905,GBLBS,37,29,100,372.00,"37,200.00"
2019-07-31,2019073101005824,GBLBS,29,39,20,370.00,"7,400.00"
2019-07-31,2019073101005823,GBLBS,29,48,50,369.00,"18,450.00"
2019-07-31,2019073101005819,GBLBS,37,39,"1,000",367.00,"367,000.00"
2019-07-31,2019073101006044,GBLBS,34,44,150,372.00,"55,800.00"
2019-07-31,2019073101006006,GBLBS,38,44,50,372.00,"18,600.00"
2019-07-31,2019073101005984,GBLBS,39,10,500,373.00,"186,500.00"
2019-07-31,2019073101005974,GBLBS,38,26,50,372.00,"18,600.00"
2019-07-31,2019073101005927,GBLBS,25,39,260,370.00,"96,200.00"
2019-07-31,2019073101005920,GBLBS,46,39,300,370.00,"111,000.00"
2019-07-31,2019073101006225,GDBL,25,14,500,211.00,"105,500.00"
2019-07-31,2019073101005827,GDBL,21,14,100,211.00,"21,100.00"
2019-07-31,2019073101005826,GDBL,6,14,150,211.00,"31,650.00"
2019-07-31,2019073101006120,GLBSL,32,11,110,492.00,"54,120.00"
2019-07-31,2019073101006119,GLBSL,35,11,50,492.00,"24,600.00"
2019-07-31,2019073101006118,GLBSL,6,11,10,492.00,"4,920.00"
2019-07-31,2019073101006117,GLBSL,7,11,50,492.00,"24,600.00"
2019-07-31,2019073101005911,GLBSL,35,59,50,492.00,"24,600.00"
2019-07-31,2019073101006058,GMFBS,21,42,10,609.00,"6,090.00"
2019-07-31,2019073101006057,GMFBS,21,39,10,609.00,"6,090.00"
2019-07-31,2019073101006046,GMFBS,14,54,10,608.00,"6,080.00"
2019-07-31,2019073101006031,GRDBL,1,46,370,112.00,"41,440.00"
2019-07-31,2019073101006295,HDL,58,56,40,"1,578.00","63,120.00"
2019-07-31,2019073101006294,HDL,7,56,40,"1,578.00","63,120.00"
2019-07-31,2019073101006293,HDL,35,56,10,"1,580.00","15,800.00"
2019-07-31,2019073101006001,HDL,33,56,10,"1,590.00","15,900.00"
2019-07-31,2019073101005832,HDL,33,57,10,"1,595.00","15,950.00"
2019-07-31,2019073101006163,HGI,46,36,488,345.00,"168,360.00"
2019-07-31,2019073101006162,HGI,46,58,12,345.00,"4,140.00"
2019-07-31,2019073101006064,HGI,37,45,250,340.00,"85,000.00"
2019-07-31,2019073101006246,HIDCL,21,35,50,158.00,"7,900.00"
2019-07-31,2019073101006245,HIDCL,21,25,503,158.00,"79,474.00"
2019-07-31,2019073101006244,HIDCL,21,49,19,158.00,"3,002.00"
2019-07-31,2019073101005993,HURJA,16,3,300,136.00,"40,800.00"
2019-07-31,2019073101005907,IGI,6,56,10,370.00,"3,700.00"
2019-07-31,2019073101006248,ILBS,36,36,120,500.00,"60,000.00"
2019-07-31,2019073101006217,ILBS,36,53,10,500.00,"5,000.00"
2019-07-31,2019073101006197,ILBS,57,29,50,503.00,"25,150.00"
2019-07-31,2019073101006196,ILBS,57,8,100,503.00,"50,300.00"
2019-07-31,2019073101006195,ILBS,57,43,10,502.00,"5,020.00"
2019-07-31,2019073101006194,ILBS,57,43,10,502.00,"5,020.00"
2019-07-31,2019073101005896,ILBS,36,19,60,492.00,"29,520.00"
2019-07-31,2019073101005895,ILBS,32,19,180,493.00,"88,740.00"
2019-07-31,2019073101005981,ILBS,29,36,370,495.00,"183,150.00"
2019-07-31,2019073101005970,ILBS,29,47,10,495.00,"4,950.00"
2019-07-31,2019073101005969,ILBS,29,45,10,495.00,"4,950.00"
2019-07-31,2019073101005968,ILBS,29,41,10,495.00,"4,950.00"
2019-07-31,2019073101005950,ILBS,36,20,10,491.00,"4,910.00"
2019-07-31,2019073101005897,ILBS,36,19,10,491.00,"4,910.00"
2019-07-31,2019073101006079,ILBS,41,8,10,498.00,"4,980.00"
2019-07-31,2019073101006078,ILBS,41,8,10,498.00,"4,980.00"
2019-07-31,2019073101006077,ILBS,41,8,10,498.00,"4,980.00"
2019-07-31,2019073101006076,ILBS,41,8,10,498.00,"4,980.00"
2019-07-31,2019073101006075,ILBS,41,19,240,497.00,"119,280.00"
2019-07-31,2019073101006014,ILBS,21,19,10,497.00,"4,970.00"
2019-07-31,2019073101006085,ILBS,41,38,10,499.00,"4,990.00"
2019-07-31,2019073101006084,ILBS,41,43,50,499.00,"24,950.00"
2019-07-31,2019073101006083,ILBS,41,38,10,499.00,"4,990.00"
2019-07-31,2019073101006082,ILBS,41,48,100,498.00,"49,800.00"
2019-07-31,2019073101006081,ILBS,41,14,10,498.00,"4,980.00"
2019-07-31,2019073101006080,ILBS,41,8,10,498.00,"4,980.00"
2019-07-31,2019073101006124,ILBS,21,35,10,500.00,"5,000.00"
2019-07-31,2019073101006122,ILBS,21,22,10,500.00,"5,000.00"
2019-07-31,2019073101006089,ILBS,41,45,10,500.00,"5,000.00"
2019-07-31,2019073101006088,ILBS,41,45,10,500.00,"5,000.00"
2019-07-31,2019073101006087,ILBS,41,45,10,500.00,"5,000.00"
2019-07-31,2019073101006086,ILBS,41,22,200,499.00,"99,800.00"
2019-07-31,2019073101006193,ILBS,57,43,10,502.00,"5,020.00"
2019-07-31,2019073101006192,ILBS,57,43,10,502.00,"5,020.00"
2019-07-31,2019073101006191,ILBS,57,22,10,501.00,"5,010.00"
2019-07-31,2019073101006190,ILBS,57,13,100,501.00,"50,100.00"
2019-07-31,2019073101006146,ILBS,36,22,70,500.00,"35,000.00"
2019-07-31,2019073101006145,ILBS,21,22,10,500.00,"5,000.00"
2019-07-31,2019073101006043,JFL,38,26,21,192.00,"4,032.00"
2019-07-31,2019073101005809,JFL,38,32,28,192.00,"5,376.00"
2019-07-31,2019073101006291,JSLBB,58,8,200,"1,030.00","206,000.00"
2019-07-31,2019073101006230,JSLBB,1,8,20,"1,050.00","21,000.00"
2019-07-31,2019073101006171,KBL,40,19,249,216.00,"53,784.00"
2019-07-31,2019073101006170,KBL,40,6,272,216.00,"58,752.00"
2019-07-31,2019073101006023,KBL,21,6,200,216.00,"43,200.00"
2019-07-31,2019073101005994,KBL,40,6,321,216.00,"69,336.00"
2019-07-31,2019073101005894,KBL,40,45,21,216.00,"4,536.00"
2019-07-31,2019073101005869,KBL,54,50,30,217.00,"6,510.00"
2019-07-31,2019073101005831,KBL,40,16,158,216.00,"34,128.00"
2019-07-31,2019073101005830,KBL,34,16,342,216.00,"73,872.00"
2019-07-31,2019073101005943,KSBBL,25,21,"1,000",153.00,"153,000.00"
2019-07-31,2019073101005942,KSBBL,8,21,500,153.00,"76,500.00"
2019-07-31,2019073101005941,KSBBL,19,21,413,153.00,"63,189.00"
2019-07-31,2019073101006284,LBBL,33,42,10,207.00,"2,070.00"
2019-07-31,2019073101006251,LBBL,42,42,72,207.00,"14,904.00"
2019-07-31,2019073101006243,LBBL,17,34,88,206.00,"18,128.00"
2019-07-31,2019073101006207,LBBL,57,42,150,207.00,"31,050.00"
2019-07-31,2019073101005940,LBBL,17,29,16,206.00,"3,296.00"
2019-07-31,2019073101006229,LBL,57,35,50,222.00,"11,100.00"
2019-07-31,2019073101006235,LICN,17,45,10,"1,144.00","11,440.00"
2019-07-31,2019073101005841,LLBS,52,57,75,793.00,"59,475.00"
2019-07-31,2019073101005840,LLBS,52,21,25,793.00,"19,825.00"
2019-07-31,2019073101005839,LLBS,52,18,90,793.00,"71,370.00"
2019-07-31,2019073101005838,LLBS,52,49,100,792.00,"79,200.00"
2019-07-31,2019073101005837,LLBS,52,34,10,790.00,"7,900.00"
2019-07-31,2019073101005836,LLBS,52,50,100,790.00,"79,000.00"
2019-07-31,2019073101005835,LLBS,52,47,100,790.00,"79,000.00"
2019-07-31,2019073101005834,LLBS,52,58,150,789.00,"118,350.00"
2019-07-31,2019073101005833,LLBS,52,58,150,780.00,"117,000.00"
2019-07-31,2019073101006236,MBL,34,38,88,264.00,"23,232.00"
2019-07-31,2019073101005987,MBL,44,38,162,265.00,"42,930.00"
2019-07-31,2019073101006292,MEGA,6,43,100,208.00,"20,800.00"
2019-07-31,2019073101006280,MEGA,25,43,224,208.00,"46,592.00"
2019-07-31,2019073101006202,MEGA,25,4,"1,776",208.00,"369,408.00"
2019-07-31,2019073101006201,MEGA,21,4,100,208.00,"20,800.00"
2019-07-31,2019073101006200,MEGA,25,4,"2,000",208.00,"416,000.00"
2019-07-31,2019073101006199,MEGA,51,4,100,208.00,"20,800.00"
2019-07-31,2019073101005995,MEGA,50,4,50,209.00,"10,450.00"
2019-07-31,2019073101005983,MEGA,50,4,20,209.00,"4,180.00"
2019-07-31,2019073101006198,MEGA,46,4,24,208.00,"4,992.00"
2019-07-31,2019073101006123,MEGA,38,26,95,209.00,"19,855.00"
2019-07-31,2019073101006055,MEGA,46,43,476,208.00,"99,008.00"
2019-07-31,2019073101006054,MEGA,42,43,200,208.00,"41,600.00"
2019-07-31,2019073101006053,MEGA,25,43,657,208.00,"136,656.00"
2019-07-31,2019073101005996,MEGA,50,26,250,209.00,"52,250.00"
2019-07-31,2019073101006264,MERO,29,10,450,550.00,"247,500.00"
2019-07-31,2019073101006258,MERO,50,10,50,550.00,"27,500.00"
2019-07-31,2019073101006208,MERO,54,54,90,546.00,"49,140.00"
2019-07-31,2019073101006009,MERO,38,54,10,550.00,"5,500.00"
2019-07-31,2019073101005888,MERO,45,54,100,550.00,"55,000.00"
2019-07-31,2019073101006131,MFIL,43,29,202,126.00,"25,452.00"
2019-07-31,2019073101005873,MLBBL,55,33,50,507.00,"25,350.00"
2019-07-31,2019073101006237,MLBL,33,38,10,205.00,"2,050.00"
2019-07-31,2019073101005822,MLBL,35,46,200,203.00,"40,600.00"
2019-07-31,2019073101005821,MLBL,35,22,155,203.00,"31,465.00"
2019-07-31,2019073101005820,MLBL,35,34,115,202.00,"23,230.00"
2019-07-31,2019073101006037,MNBBL,22,58,300,378.00,"113,400.00"
2019-07-31,2019073101005929,MNBBL,17,58,10,378.00,"3,780.00"
2019-07-31,2019073101005913,MNBBL,17,58,10,378.00,"3,780.00"
2019-07-31,2019073101005900,MNBBL,17,58,10,378.00,"3,780.00"
2019-07-31,2019073101005859,MNBBL,17,58,10,378.00,"3,780.00"
2019-07-31,2019073101006203,MSLB,49,5,47,"1,007.00","47,329.00"
2019-07-31,2019073101005851,MSLB,16,51,23,988.00,"22,724.00"
2019-07-31,2019073101006074,MSMBS,38,14,22,521.00,"11,462.00"
2019-07-31,2019073101006073,MSMBS,38,50,81,521.00,"42,201.00"
2019-07-31,2019073101006040,MSMBS,38,19,114,520.00,"59,280.00"
2019-07-31,2019073101006277,NABIL,54,57,29,800.00,"23,200.00"
2019-07-31,2019073101006276,NABIL,54,57,200,800.00,"160,000.00"
2019-07-31,2019073101006275,NABIL,16,57,200,800.00,"160,000.00"
2019-07-31,2019073101006274,NABIL,35,57,20,800.00,"16,000.00"
2019-07-31,2019073101006273,NABIL,26,57,100,801.00,"80,100.00"
2019-07-31,2019073101006189,NABIL,5,42,398,803.00,"319,594.00"
2019-07-31,2019073101006188,NABIL,5,3,102,802.00,"81,804.00"
2019-07-31,2019073101005946,NABIL,26,38,41,801.00,"32,841.00"
2019-07-31,2019073101006072,NADEP,50,54,20,492.00,"9,840.00"
2019-07-31,2019073101005990,NADEP,42,42,520,492.00,"255,840.00"
2019-07-31,2019073101005815,NADEP,50,57,40,492.00,"19,680.00"
2019-07-31,2019073101005811,NADEP,50,39,30,492.00,"14,760.00"
2019-07-31,2019073101005848,NBB,34,16,300,223.00,"66,900.00"
2019-07-31,2019073101006300,NBL,33,25,100,340.00,"34,000.00"
2019-07-31,2019073101006150,NBL,20,25,200,340.00,"68,000.00"
2019-07-31,2019073101006111,NBL,49,25,100,340.00,"34,000.00"
2019-07-31,2019073101006049,NBL,26,25,200,340.00,"68,000.00"
2019-07-31,2019073101006000,NBL,34,25,100,340.00,"34,000.00"
2019-07-31,2019073101005992,NBL,41,25,109,340.00,"37,060.00"
2019-07-31,2019073101005890,NBL,41,43,50,340.00,"17,000.00"
2019-07-31,2019073101005889,NBL,41,14,391,340.00,"132,940.00"
2019-07-31,2019073101005852,NBL,40,49,50,339.00,"16,950.00"
2019-07-31,2019073101006048,NCCB,33,14,"1,758",246.00,"432,468.00"
2019-07-31,2019073101005853,NCCB,34,26,400,245.00,"98,000.00"
2019-07-31,2019073101006152,NGPL,48,29,33,114.00,"3,762.00"
2019-07-31,2019073101005865,NGPL,48,55,11,114.00,"1,254.00"
2019-07-31,2019073101006299,NIB,25,47,10,518.00,"5,180.00"
2019-07-31,2019073101006180,NIB,45,45,40,515.00,"20,600.00"
2019-07-31,2019073101006179,NIB,43,45,40,516.00,"20,640.00"
2019-07-31,2019073101006126,NIB,32,55,112,516.00,"57,792.00"
2019-07-31,2019073101006007,NIB,45,55,50,516.00,"25,800.00"
2019-07-31,2019073101005902,NIB,50,55,50,517.00,"25,850.00"
2019-07-31,2019073101005901,NIB,34,55,20,517.00,"10,340.00"
2019-07-31,2019073101006298,NICA,32,18,25,468.00,"11,700.00"
2019-07-31,2019073101006297,NICA,32,58,75,468.00,"35,100.00"
2019-07-31,2019073101006148,NICA,25,34,100,466.00,"46,600.00"
2019-07-31,2019073101005945,NICA,16,54,350,467.00,"163,450.00"
2019-07-31,2019073101006247,NIL,18,47,200,477.00,"95,400.00"
2019-07-31,2019073101006181,NIL,43,47,300,480.00,"144,000.00"
2019-07-31,2019073101006038,NLBBL,25,34,10,566.00,"5,660.00"
2019-07-31,2019073101006003,NLBBL,32,11,18,560.00,"10,080.00"
2019-07-31,2019073101006002,NLBBL,21,11,82,560.00,"45,920.00"
2019-07-31,2019073101005922,NLBBL,21,46,18,560.00,"10,080.00"
2019-07-31,2019073101006250,NLG,46,40,300,703.00,"210,900.00"
2019-07-31,2019073101006234,NLIC,46,3,26,878.00,"22,828.00"
2019-07-31,2019073101006233,NLIC,35,3,33,879.00,"29,007.00"
2019-07-31,2019073101006008,NLIC,35,37,50,879.00,"43,950.00"
2019-07-31,2019073101005925,NLIC,35,55,17,879.00,"14,943.00"
2019-07-31,2019073101005887,NLIC,17,3,33,880.00,"29,040.00"
2019-07-31,2019073101005886,NLIC,17,42,17,879.00,"14,943.00"
2019-07-31,2019073101006047,NLICL,22,58,100,588.00,"58,800.00"
2019-07-31,2019073101005846,NLICL,25,28,10,590.00,"5,900.00"
2019-07-31,2019073101006036,NMBHF1,34,42,"5,000",10.00,"50,000.00"
2019-07-31,2019073101006178,NMBMF,11,25,10,"1,114.00","11,140.00"
2019-07-31,2019073101006205,NMBSF1,7,43,100,11.30,"1,130.00"
2019-07-31,2019073101006290,NMFBS,38,53,150,"1,560.00","234,000.00"
2019-07-31,2019073101006289,NMFBS,38,44,10,"1,560.00","15,600.00"
2019-07-31,2019073101006288,NMFBS,38,41,50,"1,560.00","78,000.00"
2019-07-31,2019073101006287,NMFBS,38,34,50,"1,558.00","77,900.00"
2019-07-31,2019073101006147,NMFBS,33,26,18,"1,554.00","27,972.00"
2019-07-31,2019073101006028,NMFBS,48,16,30,"1,551.00","46,530.00"
2019-07-31,2019073101005991,NMFBS,38,39,20,"1,550.00","31,000.00"
2019-07-31,2019073101005980,NMFBS,38,26,15,"1,550.00","23,250.00"
2019-07-31,2019073101005979,NMFBS,38,52,165,"1,550.00","255,750.00"
2019-07-31,2019073101005964,NMFBS,6,52,35,"1,550.00","54,250.00"
2019-07-31,2019073101005949,NMFBS,6,25,15,"1,549.00","23,235.00"
2019-07-31,2019073101006091,NSEWA,22,55,20,475.00,"9,500.00"
2019-07-31,2019073101006090,NSEWA,22,32,30,470.00,"14,100.00"
2019-07-31,2019073101005818,NSEWA,40,45,10,472.00,"4,720.00"
2019-07-31,2019073101005817,NSEWA,40,45,10,472.00,"4,720.00"
2019-07-31,2019073101006255,NUBL,56,47,120,904.00,"108,480.00"
2019-07-31,2019073101005989,NUBL,28,53,200,900.00,"180,000.00"
2019-07-31,2019073101005988,NUBL,28,45,40,900.00,"36,000.00"
2019-07-31,2019073101006263,OHL,49,52,100,608.00,"60,800.00"
2019-07-31,2019073101006262,OHL,16,52,100,608.00,"60,800.00"
2019-07-31,2019073101006161,PCBL,56,28,500,284.00,"142,000.00"
2019-07-31,2019073101006113,PIC,34,47,50,474.00,"23,700.00"
2019-07-31,2019073101006011,PIC,16,16,184,472.00,"86,848.00"
2019-07-31,2019073101005812,PIC,44,19,30,473.00,"14,190.00"
2019-07-31,2019073101006182,PMHPL,56,49,80,107.00,"8,560.00"
2019-07-31,2019073101006160,PMHPL,56,39,10,105.00,"1,050.00"
2019-07-31,2019073101006159,PMHPL,56,25,10,105.00,"1,050.00"
2019-07-31,2019073101006158,PMHPL,56,45,10,105.00,"1,050.00"
2019-07-31,2019073101005857,PRIN,7,45,145,361.00,"52,345.00"
2019-07-31,2019073101005856,PRIN,46,45,50,361.00,"18,050.00"
2019-07-31,2019073101006278,PRVU,45,26,50,277.00,"13,850.00"
2019-07-31,2019073101006232,PRVU,32,1,300,276.00,"82,800.00"
2019-07-31,2019073101006041,PRVU,32,50,480,276.00,"132,480.00"
2019-07-31,2019073101006022,PRVU,26,50,100,276.00,"27,600.00"
2019-07-31,2019073101005961,PRVU,39,50,420,276.00,"115,920.00"
2019-07-31,2019073101005960,PRVU,39,25,80,276.00,"22,080.00"
2019-07-31,2019073101005874,PRVU,42,48,100,275.00,"27,500.00"
2019-07-31,2019073101006032,RBCL,25,49,20,"9,300.00","186,000.00"
2019-07-31,2019073101006283,RLFL,56,11,77,121.00,"9,317.00"
2019-07-31,2019073101006282,RLFL,44,11,50,121.00,"6,050.00"
2019-07-31,2019073101006242,RMDC,41,47,216,677.00,"146,232.00"
2019-07-31,2019073101006241,RMDC,6,47,50,678.00,"33,900.00"
2019-07-31,2019073101006240,RMDC,34,47,44,678.00,"29,832.00"
2019-07-31,2019073101006004,RRHP,47,49,10,104.00,"1,040.00"
2019-07-31,2019073101005917,RRHP,47,49,10,104.00,"1,040.00"
2019-07-31,2019073101005977,RSDC,43,22,27,376.00,"10,152.00"
2019-07-31,2019073101005850,RSDC,3,22,108,376.00,"40,608.00"
2019-07-31,2019073101005849,RSDC,3,39,92,375.00,"34,500.00"
2019-07-31,2019073101005807,RSDC,20,17,50,374.00,"18,700.00"
2019-07-31,2019073101005806,RSDC,25,17,50,374.00,"18,700.00"
2019-07-31,2019073101006110,RSDC,50,28,40,377.00,"15,080.00"
2019-07-31,2019073101006056,RSDC,14,28,83,377.00,"31,291.00"
2019-07-31,2019073101006010,RSDC,52,13,50,375.00,"18,750.00"
2019-07-31,2019073101006005,RSDC,43,56,183,376.00,"68,808.00"
2019-07-31,2019073101005978,RSDC,43,10,40,376.00,"15,040.00"
2019-07-31,2019073101005947,SADBL,5,45,165,152.00,"25,080.00"
2019-07-31,2019073101005928,SADBL,57,45,200,153.00,"30,600.00"
2019-07-31,2019073101005892,SADBL,57,45,300,153.00,"45,900.00"
2019-07-31,2019073101005825,SADBL,34,45,130,155.00,"20,150.00"
2019-07-31,2019073101006265,SBI,14,36,50,465.00,"23,250.00"
2019-07-31,2019073101006169,SBI,49,36,35,465.00,"16,275.00"
2019-07-31,2019073101006094,SBL,33,57,263,324.00,"85,212.00"
2019-07-31,2019073101006093,SBL,17,57,200,324.00,"64,800.00"
2019-07-31,2019073101006092,SBL,17,57,137,324.00,"44,388.00"
2019-07-31,2019073101006035,SBL,17,11,63,324.00,"20,412.00"
2019-07-31,2019073101006034,SBL,33,11,437,324.00,"141,588.00"
2019-07-31,2019073101006157,SDESI,25,57,10,659.00,"6,590.00"
2019-07-31,2019073101006132,SDESI,38,35,100,649.00,"64,900.00"
2019-07-31,2019073101005966,SDESI,45,19,12,648.00,"7,776.00"
2019-07-31,2019073101005965,SDESI,35,19,13,648.00,"8,424.00"
2019-07-31,2019073101006261,SFFIL,38,6,90,255.00,"22,950.00"
2019-07-31,2019073101006260,SFFIL,22,6,100,257.00,"25,700.00"
2019-07-31,2019073101006259,SFFIL,56,6,190,258.00,"49,020.00"
2019-07-31,2019073101006253,SHIVM,47,39,50,602.00,"30,100.00"
2019-07-31,2019073101006252,SHIVM,22,39,447,602.00,"269,094.00"
2019-07-31,2019073101006133,SHIVM,34,21,190,604.00,"114,760.00"
2019-07-31,2019073101005998,SHIVM,22,39,53,602.00,"31,906.00"
2019-07-31,2019073101005997,SHIVM,42,39,70,602.00,"42,140.00"
2019-07-31,2019073101005954,SHIVM,42,43,330,602.00,"198,660.00"
2019-07-31,2019073101005885,SHIVM,57,52,30,603.00,"18,090.00"
2019-07-31,2019073101005884,SHIVM,19,52,350,603.00,"211,050.00"
2019-07-31,2019073101005883,SHIVM,14,52,300,603.00,"180,900.00"
2019-07-31,2019073101005882,SHIVM,42,52,60,603.00,"36,180.00"
2019-07-31,2019073101005881,SHIVM,25,52,50,603.00,"30,150.00"
2019-07-31,2019073101005880,SHIVM,39,52,145,603.00,"87,435.00"
2019-07-31,2019073101005953,SHIVM,19,43,70,602.00,"42,140.00"
2019-07-31,2019073101005935,SHIVM,42,52,565,603.00,"340,695.00"
2019-07-31,2019073101005933,SHIVM,19,42,80,602.00,"48,160.00"
2019-07-31,2019073101005932,SHIVM,6,42,200,602.00,"120,400.00"
2019-07-31,2019073101005931,SHIVM,42,42,200,602.00,"120,400.00"
2019-07-31,2019073101005930,SHIVM,21,42,20,602.00,"12,040.00"
2019-07-31,2019073101006204,SHL,50,45,110,236.00,"25,960.00"
2019-07-31,2019073101006102,SHPC,39,48,100,248.00,"24,800.00"
2019-07-31,2019073101006101,SHPC,51,48,100,248.00,"24,800.00"
2019-07-31,2019073101006068,SHPC,13,35,118,249.00,"29,382.00"
2019-07-31,2019073101006067,SHPC,13,32,190,249.00,"47,310.00"
2019-07-31,2019073101005810,SICL,4,43,"1,000",800.00,"800,000.00"
2019-07-31,2019073101005868,SINDU,13,34,30,136.00,"4,080.00"
2019-07-31,2019073101006107,SKBBL,5,33,308,"1,013.00","312,004.00"
2019-07-31,2019073101006106,SKBBL,5,3,20,"1,013.00","20,260.00"
2019-07-31,2019073101006105,SKBBL,5,47,37,"1,012.00","37,444.00"
2019-07-31,2019073101006104,SKBBL,5,26,56,"1,011.00","56,616.00"
2019-07-31,2019073101006103,SKBBL,5,17,79,"1,011.00","79,869.00"
2019-07-31,2019073101006021,SKBBL,26,17,11,"1,011.00","11,121.00"
2019-07-31,2019073101006286,SLBBL,47,44,30,510.00,"15,300.00"
2019-07-31,2019073101006153,SLBBL,38,44,200,510.00,"102,000.00"
2019-07-31,2019073101006125,SLBSL,18,44,20,672.00,"13,440.00"
2019-07-31,2019073101006285,SLICL,4,13,10,455.00,"4,550.00"
2019-07-31,2019073101006013,SLICL,26,29,30,452.00,"13,560.00"
2019-07-31,2019073101006012,SLICL,48,29,20,452.00,"9,040.00"
2019-07-31,2019073101005899,SLICL,26,13,250,455.00,"113,750.00"
2019-07-31,2019073101006063,SMATA,11,36,10,"1,285.00","12,850.00"
2019-07-31,2019073101006045,SMB,3,7,10,476.00,"4,760.00"
2019-07-31,2019073101005952,SMB,34,32,30,475.00,"14,250.00"
2019-07-31,2019073101006212,SMFDB,37,44,378,567.00,"214,326.00"
2019-07-31,2019073101006211,SMFDB,37,55,10,565.00,"5,650.00"
2019-07-31,2019073101006154,SMFDB,16,55,90,565.00,"50,850.00"
2019-07-31,2019073101006149,SMFDB,16,58,10,565.00,"5,650.00"
2019-07-31,2019073101006127,SMFDB,19,58,50,566.00,"28,300.00"
2019-07-31,2019073101006059,SMFDB,1,44,100,567.00,"56,700.00"
2019-07-31,2019073101005843,SMFDB,42,55,30,570.00,"17,100.00"
2019-07-31,2019073101006257,SPARS,39,53,27,600.00,"16,200.00"
2019-07-31,2019073101006256,SPARS,39,56,10,600.00,"6,000.00"
2019-07-31,2019073101006115,SPARS,58,48,10,590.00,"5,900.00"
2019-07-31,2019073101006033,SPARS,43,42,100,588.00,"58,800.00"
2019-07-31,2019073101005967,SPARS,42,42,100,588.00,"58,800.00"
2019-07-31,2019073101005908,SPARS,38,56,10,600.00,"6,000.00"
2019-07-31,2019073101006112,SRBL,29,43,"1,181",252.00,"297,612.00"
2019-07-31,2019073101006281,SWBBL,34,10,100,935.00,"93,500.00"
2019-07-31,2019073101006210,SWBBL,35,10,25,935.00,"23,375.00"
2019-07-31,2019073101005958,TRH,33,14,48,314.00,"15,072.00"
2019-07-31,2019073101005957,TRH,33,21,152,314.00,"47,728.00"
2019-07-31,2019073101006218,UIC,45,5,100,360.00,"36,000.00"
2019-07-31,2019073101006129,UIC,45,5,100,360.00,"36,000.00"
2019-07-31,2019073101006027,UIC,28,17,51,361.00,"18,411.00"
2019-07-31,2019073101006026,UIC,28,35,12,361.00,"4,332.00"
2019-07-31,2019073101006025,UIC,28,17,150,361.00,"54,150.00"
2019-07-31,2019073101006024,UIC,28,16,100,360.00,"36,000.00"
2019-07-31,2019073101006017,UIC,49,44,80,359.00,"28,720.00"
2019-07-31,2019073101006016,UIC,49,44,100,359.00,"35,900.00"
2019-07-31,2019073101005923,UIC,52,17,100,361.00,"36,100.00"
2019-07-31,2019073101005891,UIC,47,17,100,361.00,"36,100.00"
2019-07-31,2019073101005858,UIC,43,17,100,361.00,"36,100.00"
2019-07-31,2019073101005842,UIC,47,5,50,360.00,"18,000.00"
2019-07-31,2019073101006167,UMHL,41,29,10,108.00,"1,080.00"
2019-07-31,2019073101006015,UNL,3,19,10,"20,195.00","201,950.00"
2019-07-31,2019073101006231,UPCL,55,37,30,89.00,"2,670.00"
2019-07-31,2019073101006238,UPPER,14,17,100,273.00,"27,300.00"
2019-07-31,2019073101006227,UPPER,33,17,100,273.00,"27,300.00"
2019-07-31,2019073101006114,UPPER,26,6,200,272.00,"54,400.00"
2019-07-31,2019073101006070,UPPER,26,21,70,272.00,"19,040.00"
2019-07-31,2019073101005986,UPPER,42,17,"1,475",273.00,"402,675.00"
2019-07-31,2019073101005985,UPPER,42,1,25,273.00,"6,825.00"
2019-07-31,2019073101005951,UPPER,26,55,50,272.00,"13,600.00"
2019-07-31,2019073101005924,UPPER,26,22,12,272.00,"3,264.00"
2019-07-31,2019073101005847,UPPER,26,33,500,272.00,"136,000.00"
2019-07-31,2019073101005572,ADBL,14,32,50,431.00,"21,550.00"
2019-07-31,2019073101005571,ADBL,14,35,46,431.00,"19,826.00"
2019-07-31,2019073101005570,ADBL,14,7,32,431.00,"13,792.00"
2019-07-31,2019073101005569,ADBL,14,7,32,431.00,"13,792.00"
2019-07-31,2019073101005568,ADBL,14,7,32,431.00,"13,792.00"
2019-07-31,2019073101005567,ADBL,14,56,100,431.00,"43,100.00"
2019-07-31,2019073101005566,ADBL,14,40,164,431.00,"70,684.00"
2019-07-31,2019073101005362,ADBL,14,40,200,430.00,"86,000.00"
2019-07-31,2019073101005747,AKPL,37,49,119,171.00,"20,349.00"
2019-07-31,2019073101005589,AKPL,37,56,13,170.00,"2,210.00"
2019-07-31,2019073101005581,AKPL,25,41,11,173.00,"1,903.00"
2019-07-31,2019073101005580,AKPL,25,42,10,172.00,"1,720.00"
2019-07-31,2019073101005528,AKPL,37,56,13,170.00,"2,210.00"
2019-07-31,2019073101005799,ALBSL,38,33,500,476.00,"238,000.00"
2019-07-31,2019073101005667,ALBSL,38,58,50,476.00,"23,800.00"
2019-07-31,2019073101005583,ALBSL,26,25,40,476.00,"19,040.00"
2019-07-31,2019073101005582,ALBSL,26,32,40,475.00,"19,000.00"
2019-07-31,2019073101005344,ALBSL,43,38,500,475.00,"237,500.00"
2019-07-31,2019073101005397,ALBSL,55,37,50,476.00,"23,800.00"
2019-07-31,2019073101005396,ALBSL,55,25,290,476.00,"138,040.00"
2019-07-31,2019073101005393,ALBSL,50,25,210,476.00,"99,960.00"
2019-07-31,2019073101005392,ALBSL,50,56,120,476.00,"57,120.00"
2019-07-31,2019073101005371,ALBSL,45,56,200,476.00,"95,200.00"
2019-07-31,2019073101005360,ALBSL,43,56,440,476.00,"209,440.00"
2019-07-31,2019073101005501,ALBSL,1,32,60,475.00,"28,500.00"
2019-07-31,2019073101005418,ALBSL,40,25,300,476.00,"142,800.00"
2019-07-31,2019073101005417,ALBSL,55,25,160,476.00,"76,160.00"
2019-07-31,2019073101005676,ALICL,25,28,300,370.00,"111,000.00"
2019-07-31,2019073101005675,ALICL,13,28,200,370.00,"74,000.00"
2019-07-31,2019073101005604,API,25,59,50,139.00,"6,950.00"
2019-07-31,2019073101005495,API,34,56,"1,178",137.00,"161,386.00"
2019-07-31,2019073101005494,API,25,56,322,137.00,"44,114.00"
2019-07-31,2019073101005493,API,45,56,500,138.00,"69,000.00"
2019-07-31,2019073101005473,API,25,59,150,139.00,"20,850.00"
2019-07-31,2019073101005330,API,25,56,178,137.00,"24,386.00"
2019-07-31,2019073101005554,BARUN,47,41,30,90.00,"2,700.00"
2019-07-31,2019073101005795,BOKL,33,29,102,268.00,"27,336.00"
2019-07-31,2019073101005367,BOKL,33,43,350,269.00,"94,150.00"
2019-07-31,2019073101005366,BOKL,33,45,50,269.00,"13,450.00"
2019-07-31,2019073101005365,BOKL,33,14,100,269.00,"26,900.00"
2019-07-31,2019073101005731,CBBL,28,50,300,990.00,"297,000.00"
2019-07-31,2019073101005730,CBBL,28,21,100,990.00,"99,000.00"
2019-07-31,2019073101005486,CBL,33,20,840,154.00,"129,360.00"
2019-07-31,2019073101005485,CBL,49,20,"2,160",154.00,"332,640.00"
2019-07-31,2019073101005435,CBL,49,56,738,154.00,"113,652.00"
2019-07-31,2019073101005777,CCBL,45,55,10,171.00,"1,710.00"
2019-07-31,2019073101005611,CCBL,45,48,100,171.00,"17,100.00"
2019-07-31,2019073101005596,CCBL,45,32,88,171.00,"15,048.00"
2019-07-31,2019073101005595,CCBL,32,32,60,171.00,"10,260.00"
2019-07-31,2019073101005594,CCBL,52,32,102,171.00,"17,442.00"
2019-07-31,2019073101005315,CCBL,45,59,200,172.00,"34,400.00"
2019-07-31,2019073101005779,CEFL,4,28,182,103.00,"18,746.00"
2019-07-31,2019073101005471,CFCL,44,41,"2,000",121.00,"242,000.00"
2019-07-31,2019073101005660,CHCL,28,50,53,509.00,"26,977.00"
2019-07-31,2019073101005659,CHCL,39,50,50,509.00,"25,450.00"
2019-07-31,2019073101005653,CIT,39,33,122,"2,442.00","297,924.00"
2019-07-31,2019073101005701,CLBSL,10,37,50,550.00,"27,500.00"
2019-07-31,2019073101005700,CLBSL,10,45,12,550.00,"6,600.00"
2019-07-31,2019073101005699,CLBSL,10,49,20,550.00,"11,000.00"
2019-07-31,2019073101005499,CLBSL,40,34,54,550.00,"29,700.00"
2019-07-31,2019073101005498,CLBSL,40,57,50,550.00,"27,500.00"
2019-07-31,2019073101005439,CLBSL,10,17,30,550.00,"16,500.00"
2019-07-31,2019073101005438,CLBSL,10,37,30,550.00,"16,500.00"
2019-07-31,2019073101005437,CLBSL,10,6,50,540.00,"27,000.00"
2019-07-31,2019073101005534,CZBIL,44,55,600,226.00,"135,600.00"
2019-07-31,2019073101005650,DDBL,28,25,100,771.00,"77,100.00"
2019-07-31,2019073101005630,DDBL,53,49,100,770.00,"77,000.00"
2019-07-31,2019073101005629,DDBL,53,51,80,770.00,"61,600.00"
2019-07-31,2019073101005399,DDBL,34,10,100,770.00,"77,000.00"
2019-07-31,2019073101005767,EBL,50,38,200,666.00,"133,200.00"
2019-07-31,2019073101005703,EBL,39,38,50,666.00,"33,300.00"
2019-07-31,2019073101005702,EBL,11,38,250,666.00,"166,500.00"
2019-07-31,2019073101005691,EBL,6,47,10,667.00,"6,670.00"
2019-07-31,2019073101005318,EBL,42,6,39,667.00,"26,013.00"
2019-07-31,2019073101005317,EBL,43,6,41,667.00,"27,347.00"
2019-07-31,2019073101005373,EBL,42,47,267,667.00,"178,089.00"
2019-07-31,2019073101005723,EIC,21,17,150,358.00,"53,700.00"
2019-07-31,2019073101005564,EIC,47,32,74,358.00,"26,492.00"
2019-07-31,2019073101005563,EIC,28,32,50,359.00,"17,950.00"
2019-07-31,2019073101005734,FMDBL,16,49,245,407.00,"99,715.00"
2019-07-31,2019073101005733,FMDBL,16,50,100,406.00,"40,600.00"
2019-07-31,2019073101005668,FMDBL,3,49,65,407.00,"26,455.00"
2019-07-31,2019073101005652,FMDBL,38,49,350,407.00,"142,450.00"
2019-07-31,2019073101005651,FMDBL,38,19,150,406.00,"60,900.00"
2019-07-31,2019073101005623,FMDBL,36,6,200,406.00,"81,200.00"
2019-07-31,2019073101005327,FMDBL,26,17,27,400.00,"10,800.00"
2019-07-31,2019073101005326,FMDBL,26,49,173,400.00,"69,200.00"
2019-07-31,2019073101005432,FMDBL,36,44,100,401.00,"40,100.00"
2019-07-31,2019073101005431,FMDBL,36,48,490,401.00,"196,490.00"
2019-07-31,2019073101005410,FMDBL,6,48,10,401.00,"4,010.00"
2019-07-31,2019073101005402,FMDBL,35,38,250,400.00,"100,000.00"
2019-07-31,2019073101005401,FMDBL,35,53,100,400.00,"40,000.00"
2019-07-31,2019073101005400,FMDBL,35,17,73,400.00,"29,200.00"
2019-07-31,2019073101005552,FMDBL,16,35,50,403.00,"20,150.00"
2019-07-31,2019073101005551,FMDBL,16,50,275,403.00,"110,825.00"
2019-07-31,2019073101005550,FMDBL,16,33,100,403.00,"40,300.00"
2019-07-31,2019073101005549,FMDBL,16,34,100,403.00,"40,300.00"
2019-07-31,2019073101005434,FMDBL,36,48,500,402.00,"201,000.00"
2019-07-31,2019073101005433,FMDBL,36,4,60,401.00,"24,060.00"
2019-07-31,2019073101005622,FMDBL,36,55,300,405.00,"121,500.00"
2019-07-31,2019073101005577,FMDBL,38,6,100,406.00,"40,600.00"
2019-07-31,2019073101005576,FMDBL,38,6,50,406.00,"20,300.00"
2019-07-31,2019073101005575,FMDBL,38,41,100,404.00,"40,400.00"
2019-07-31,2019073101005574,FMDBL,38,19,250,404.00,"101,000.00"
2019-07-31,2019073101005553,FMDBL,16,33,130,403.00,"52,390.00"
2019-07-31,2019073101005603,FOWAD,36,39,19,"1,420.00","26,980.00"
2019-07-31,2019073101005602,FOWAD,36,39,100,"1,420.00","142,000.00"
2019-07-31,2019073101005601,FOWAD,36,51,10,"1,419.00","14,190.00"
2019-07-31,2019073101005560,FOWAD,56,51,40,"1,419.00","56,760.00"
2019-07-31,2019073101005559,FOWAD,56,13,19,"1,415.00","26,885.00"
2019-07-31,2019073101005558,FOWAD,56,3,35,"1,415.00","49,525.00"
2019-07-31,2019073101005557,FOWAD,56,1,206,"1,412.00","290,872.00"
2019-07-31,2019073101005377,FOWAD,39,37,97,"1,413.00","137,061.00"
2019-07-31,2019073101005376,FOWAD,39,56,100,"1,412.00","141,200.00"
2019-07-31,2019073101005375,FOWAD,39,26,19,"1,410.00","26,790.00"
2019-07-31,2019073101005374,FOWAD,39,44,84,"1,405.00","118,020.00"
2019-07-31,2019073101005348,FOWAD,49,44,100,"1,405.00","140,500.00"
2019-07-31,2019073101005693,GBBL,4,32,200,224.00,"44,800.00"
2019-07-31,2019073101005692,GBBL,48,32,200,224.00,"44,800.00"
2019-07-31,2019073101005790,GBLBS,26,39,50,370.00,"18,500.00"
2019-07-31,2019073101005729,GBLBS,34,39,10,371.00,"3,710.00"
2019-07-31,2019073101005707,GBLBS,25,39,100,371.00,"37,100.00"
2019-07-31,2019073101005706,GBLBS,34,39,490,371.00,"181,790.00"
2019-07-31,2019073101005685,GBLBS,34,21,10,371.00,"3,710.00"
2019-07-31,2019073101005684,GBLBS,34,38,100,373.00,"37,300.00"
2019-07-31,2019073101005478,GBLBS,6,3,10,376.00,"3,760.00"
2019-07-31,2019073101005451,GBLBS,42,39,500,373.00,"186,500.00"
2019-07-31,2019073101005450,GBLBS,58,39,30,375.00,"11,250.00"
2019-07-31,2019073101005669,GBLBS,34,6,200,373.00,"74,600.00"
2019-07-31,2019073101005625,GBLBS,34,39,400,371.00,"148,400.00"
2019-07-31,2019073101005615,GBLBS,34,3,90,371.00,"33,390.00"
2019-07-31,2019073101005545,GBLBS,34,21,10,371.00,"3,710.00"
2019-07-31,2019073101005506,GBLBS,17,39,100,375.00,"37,500.00"
2019-07-31,2019073101005505,GBLBS,17,57,100,375.00,"37,500.00"
2019-07-31,2019073101005421,GDBL,6,13,500,211.00,"105,500.00"
2019-07-31,2019073101005426,GILB,13,48,30,750.00,"22,500.00"
2019-07-31,2019073101005719,GLBSL,26,34,500,492.00,"246,000.00"
2019-07-31,2019073101005718,GLBSL,26,57,10,492.00,"4,920.00"
2019-07-31,2019073101005717,GLBSL,26,57,10,492.00,"4,920.00"
2019-07-31,2019073101005716,GLBSL,26,38,60,492.00,"29,520.00"
2019-07-31,2019073101005475,GLBSL,39,8,10,492.00,"4,920.00"
2019-07-31,2019073101005648,GMFBS,6,37,10,609.00,"6,090.00"
2019-07-31,2019073101005444,GMFBS,55,47,10,609.00,"6,090.00"
2019-07-31,2019073101005443,GMFBS,55,7,100,609.00,"60,900.00"
2019-07-31,2019073101005442,GMFBS,55,19,190,609.00,"115,710.00"
2019-07-31,2019073101005441,GMFBS,55,6,10,609.00,"6,090.00"
2019-07-31,2019073101005409,GMFBS,53,56,10,601.00,"6,010.00"
2019-07-31,2019073101005361,GMFBS,53,21,10,601.00,"6,010.00"
2019-07-31,2019073101005656,GRDBL,57,46,500,111.00,"55,500.00"
2019-07-31,2019073101005655,GRDBL,41,46,100,111.00,"11,100.00"
2019-07-31,2019073101005654,GRDBL,45,46,500,111.00,"55,500.00"
2019-07-31,2019073101005588,GRDBL,36,46,200,112.00,"22,400.00"
2019-07-31,2019073101005587,GRDBL,43,46,200,112.00,"22,400.00"
2019-07-31,2019073101005586,GRDBL,1,46,100,113.00,"11,300.00"
2019-07-31,2019073101005585,GRDBL,1,46,400,113.00,"45,200.00"
2019-07-31,2019073101005354,HBL,11,59,125,554.00,"69,250.00"
2019-07-31,2019073101005735,HIDCL,21,52,200,157.00,"31,400.00"
2019-07-31,2019073101005459,HIDCL,21,55,25,157.00,"3,925.00"
2019-07-31,2019073101005446,HIDCL,22,49,20,158.00,"3,160.00"
2019-07-31,2019073101005771,HURJA,43,58,70,138.00,"9,660.00"
2019-07-31,2019073101005732,ILBS,7,38,10,492.00,"4,920.00"
2019-07-31,2019073101005709,ILBS,16,43,10,496.00,"4,960.00"
2019-07-31,2019073101005649,ILBS,42,43,10,496.00,"4,960.00"
2019-07-31,2019073101005578,ILBS,32,8,10,490.00,"4,900.00"
2019-07-31,2019073101005523,ILBS,55,56,50,500.00,"25,000.00"
2019-07-31,2019073101005522,ILBS,55,44,110,500.00,"55,000.00"
2019-07-31,2019073101005387,ILBS,38,8,10,500.00,"5,000.00"
2019-07-31,2019073101005350,ILBS,1,43,60,495.00,"29,700.00"
2019-07-31,2019073101005332,ILBS,53,58,10,496.00,"4,960.00"
2019-07-31,2019073101005331,ILBS,53,17,10,496.00,"4,960.00"
2019-07-31,2019073101005311,ILBS,21,17,90,496.00,"44,640.00"
2019-07-31,2019073101005310,ILBS,21,21,10,496.00,"4,960.00"
2019-07-31,2019073101005454,ILBS,36,43,10,499.00,"4,990.00"
2019-07-31,2019073101005453,ILBS,36,43,10,499.00,"4,990.00"
2019-07-31,2019073101005452,ILBS,36,43,10,499.00,"4,990.00"
2019-07-31,2019073101005390,ILBS,38,44,70,500.00,"35,000.00"
2019-07-31,2019073101005389,ILBS,38,8,10,500.00,"5,000.00"
2019-07-31,2019073101005388,ILBS,38,8,10,500.00,"5,000.00"
2019-07-31,2019073101005521,ILBS,55,8,10,499.00,"4,990.00"
2019-07-31,2019073101005520,ILBS,55,43,30,499.00,"14,970.00"
2019-07-31,2019073101005510,ILBS,36,8,10,499.00,"4,990.00"
2019-07-31,2019073101005509,ILBS,36,8,10,499.00,"4,990.00"
2019-07-31,2019073101005487,ILBS,36,8,10,499.00,"4,990.00"
2019-07-31,2019073101005484,ILBS,32,26,10,490.00,"4,900.00"
2019-07-31,2019073101005791,KBL,52,50,41,217.00,"8,897.00"
2019-07-31,2019073101005778,KBL,45,52,41,217.00,"8,897.00"
2019-07-31,2019073101005752,KBL,8,52,208,217.00,"45,136.00"
2019-07-31,2019073101005751,KBL,8,39,195,217.00,"42,315.00"
2019-07-31,2019073101005750,KBL,8,33,97,217.00,"21,049.00"
2019-07-31,2019073101005743,KBL,8,33,389,217.00,"84,413.00"
2019-07-31,2019073101005742,KBL,8,22,111,217.00,"24,087.00"
2019-07-31,2019073101005714,KBL,8,22,500,217.00,"108,500.00"
2019-07-31,2019073101005698,KBL,34,16,58,216.00,"12,528.00"
2019-07-31,2019073101005696,KBL,8,22,169,217.00,"36,673.00"
2019-07-31,2019073101005695,KBL,8,46,331,217.00,"71,827.00"
2019-07-31,2019073101005617,KBL,34,48,100,216.00,"21,600.00"
2019-07-31,2019073101005773,KRBL,37,42,100,113.00,"11,300.00"
2019-07-31,2019073101005533,KRBL,46,46,195,112.00,"21,840.00"
2019-07-31,2019073101005343,LBBL,17,6,20,206.00,"4,120.00"
2019-07-31,2019073101005342,LBBL,43,6,100,206.00,"20,600.00"
2019-07-31,2019073101005341,LBBL,13,6,30,206.00,"6,180.00"
2019-07-31,2019073101005340,LBBL,14,6,50,206.00,"10,300.00"
2019-07-31,2019073101005769,LBL,54,57,30,223.00,"6,690.00"
2019-07-31,2019073101005704,MBL,44,29,90,265.00,"23,850.00"
2019-07-31,2019073101005800,MEGA,57,4,120,209.00,"25,080.00"
2019-07-31,2019073101005754,MEGA,25,6,26,208.00,"5,408.00"
2019-07-31,2019073101005616,MEGA,25,32,36,208.00,"7,488.00"
2019-07-31,2019073101005468,MEGA,25,7,71,208.00,"14,768.00"
2019-07-31,2019073101005352,MEGA,19,4,500,209.00,"104,500.00"
2019-07-31,2019073101005780,MERO,14,54,100,550.00,"55,000.00"
2019-07-31,2019073101005364,MERO,28,51,100,542.00,"54,200.00"
2019-07-31,2019073101005363,MERO,28,58,100,540.00,"54,000.00"
2019-07-31,2019073101005319,MERO,34,13,83,539.00,"44,737.00"
2019-07-31,2019073101005449,MERO,56,43,29,546.00,"15,834.00"
2019-07-31,2019073101005448,MERO,56,6,73,546.00,"39,858.00"
2019-07-31,2019073101005427,MERO,56,25,12,545.00,"6,540.00"
2019-07-31,2019073101005380,MERO,56,40,135,545.00,"73,575.00"
2019-07-31,2019073101005379,MERO,56,59,37,543.00,"20,091.00"
2019-07-31,2019073101005378,MERO,56,41,16,543.00,"8,688.00"
2019-07-31,2019073101005526,MERO,28,54,24,548.00,"13,152.00"
2019-07-31,2019073101005525,MERO,28,25,16,548.00,"8,768.00"
2019-07-31,2019073101005524,MERO,28,56,60,547.00,"32,820.00"
2019-07-31,2019073101005508,MERO,58,25,23,542.00,"12,466.00"
2019-07-31,2019073101005492,MERO,56,56,10,547.00,"5,470.00"
2019-07-31,2019073101005491,MERO,59,56,100,547.00,"54,700.00"
2019-07-31,2019073101005722,MERO,28,11,50,550.00,"27,500.00"
2019-07-31,2019073101005721,MERO,28,55,50,550.00,"27,500.00"
2019-07-31,2019073101005694,MERO,56,54,26,548.00,"14,248.00"
2019-07-31,2019073101005573,MERO,58,28,390,545.00,"212,550.00"
2019-07-31,2019073101005544,MERO,6,28,10,545.00,"5,450.00"
2019-07-31,2019073101005705,MLBBL,38,29,36,498.00,"17,928.00"
2019-07-31,2019073101005381,MLBBL,6,4,10,498.00,"4,980.00"
2019-07-31,2019073101005673,MLBL,33,33,974,202.00,"196,748.00"
2019-07-31,2019073101005768,MNBBL,22,58,10,378.00,"3,780.00"
2019-07-31,2019073101005697,MNBBL,42,58,10,378.00,"3,780.00"
2019-07-31,2019073101005736,MSLB,16,5,40,"1,007.00","40,280.00"
2019-07-31,2019073101005674,MSLB,7,34,10,"1,026.00","10,260.00"
2019-07-31,2019073101005511,MSLB,16,29,10,"1,027.00","10,270.00"
2019-07-31,2019073101005609,MSMBS,6,19,10,520.00,"5,200.00"
2019-07-31,2019073101005429,MSMBS,41,50,20,521.00,"10,420.00"
2019-07-31,2019073101005333,MSMBS,48,50,10,521.00,"5,210.00"
2019-07-31,2019073101005763,NABIL,1,38,20,801.00,"16,020.00"
2019-07-31,2019073101005762,NABIL,39,38,50,801.00,"40,050.00"
2019-07-31,2019073101005761,NABIL,25,38,50,801.00,"40,050.00"
2019-07-31,2019073101005760,NABIL,21,38,300,801.00,"240,300.00"
2019-07-31,2019073101005759,NABIL,16,38,25,803.00,"20,075.00"
2019-07-31,2019073101005758,NABIL,33,38,14,803.00,"11,242.00"
2019-07-31,2019073101005640,NABIL,33,13,34,803.00,"27,302.00"
2019-07-31,2019073101005621,NABIL,33,17,52,803.00,"41,756.00"
2019-07-31,2019073101005620,NABIL,33,17,48,803.00,"38,544.00"
2019-07-31,2019073101005302,NADEP,33,43,50,492.00,"24,600.00"
2019-07-31,2019073101005301,NADEP,33,52,20,492.00,"9,840.00"
2019-07-31,2019073101005547,NADEP,50,39,20,492.00,"9,840.00"
2019-07-31,2019073101005638,NAGRO,28,37,10,718.00,"7,180.00"
2019-07-31,2019073101005726,NBB,34,51,303,223.00,"67,569.00"
2019-07-31,2019073101005610,NBB,34,42,30,223.00,"6,690.00"
2019-07-31,2019073101005477,NBL,29,14,109,340.00,"37,060.00"
2019-07-31,2019073101005470,NBL,29,44,41,340.00,"13,940.00"
2019-07-31,2019073101005440,NBL,49,44,100,340.00,"34,000.00"
2019-07-31,2019073101005324,NBL,6,44,500,340.00,"170,000.00"
2019-07-31,2019073101005766,NCCB,34,26,600,245.00,"147,000.00"
2019-07-31,2019073101005728,NCCB,34,14,442,246.00,"108,732.00"
2019-07-31,2019073101005599,NCCB,34,14,558,246.00,"137,268.00"
2019-07-31,2019073101005598,NCCB,38,14,200,246.00,"49,200.00"
2019-07-31,2019073101005597,NCCB,33,14,742,246.00,"182,532.00"
2019-07-31,2019073101005542,NCCB,33,50,258,246.00,"63,468.00"
2019-07-31,2019073101005541,NCCB,33,50,"1,472",246.00,"362,112.00"
2019-07-31,2019073101005430,NCCB,22,50,20,247.00,"4,940.00"
2019-07-31,2019073101005372,NHDL,10,26,10,121.00,"1,210.00"
2019-07-31,2019073101005479,NHPC,44,57,500,65.00,"32,500.00"
2019-07-31,2019073101005727,NIB,58,47,10,518.00,"5,180.00"
2019-07-31,2019073101005789,NICA,25,25,658,466.00,"306,628.00"
2019-07-31,2019073101005788,NICA,4,25,342,466.00,"159,372.00"
2019-07-31,2019073101005746,NICA,4,55,158,466.00,"73,628.00"
2019-07-31,2019073101005745,NICA,28,55,42,466.00,"19,572.00"
2019-07-31,2019073101005628,NICA,28,29,20,466.00,"9,320.00"
2019-07-31,2019073101005425,NICA,28,28,50,466.00,"23,300.00"
2019-07-31,2019073101005358,NICL,36,22,10,353.00,"3,530.00"
2019-07-31,2019073101005309,NICL,36,44,166,353.00,"58,598.00"
2019-07-31,2019073101005308,NICL,36,42,15,353.00,"5,295.00"
2019-07-31,2019073101005307,NICL,36,25,400,353.00,"141,200.00"
2019-07-31,2019073101005306,NICL,36,29,300,353.00,"105,900.00"
2019-07-31,2019073101005305,NICL,36,45,109,352.00,"38,368.00"
2019-07-31,2019073101005782,NLBBL,13,34,40,566.00,"22,640.00"
2019-07-31,2019073101005781,NLBBL,13,16,70,566.00,"39,620.00"
2019-07-31,2019073101005681,NLBBL,46,16,100,566.00,"56,600.00"
2019-07-31,2019073101005538,NLBBL,40,59,10,565.00,"5,650.00"
2019-07-31,2019073101005527,NLBBL,58,40,50,561.00,"28,050.00"
2019-07-31,2019073101005482,NLBBL,1,34,230,560.00,"128,800.00"
2019-07-31,2019073101005481,NLBBL,1,45,40,560.00,"22,400.00"
2019-07-31,2019073101005480,NLBBL,1,22,100,559.00,"55,900.00"
2019-07-31,2019073101005403,NLBBL,21,45,50,560.00,"28,000.00"
2019-07-31,2019073101005349,NLBBL,6,45,10,560.00,"5,600.00"
2019-07-31,2019073101005303,NLBBL,13,39,90,555.00,"49,950.00"
2019-07-31,2019073101005798,NLG,45,45,20,700.00,"14,000.00"
2019-07-31,2019073101005658,NLIC,46,56,17,878.00,"14,926.00"
2019-07-31,2019073101005483,NLIC,46,7,57,878.00,"50,046.00"
2019-07-31,2019073101005474,NLIC,39,19,100,878.00,"87,800.00"
2019-07-31,2019073101005353,NLIC,16,35,100,880.00,"88,000.00"
2019-07-31,2019073101005744,NMBHF1,34,39,499,10.00,"4,990.00"
2019-07-31,2019073101005715,NMBHF1,57,43,"6,000",10.07,"60,420.00"
2019-07-31,2019073101005631,NMBMF,58,1,50,"1,110.00","55,500.00"
2019-07-31,2019073101005394,NMBMF,58,21,15,"1,100.00","16,500.00"
2019-07-31,2019073101005753,NNLB,6,28,200,482.00,"96,400.00"
2019-07-31,2019073101005741,NNLB,55,28,30,482.00,"14,460.00"
2019-07-31,2019073101005740,NNLB,55,14,20,482.00,"9,640.00"
2019-07-31,2019073101005690,NNLB,42,13,400,480.00,"192,000.00"
2019-07-31,2019073101005359,NNLB,6,14,10,482.00,"4,820.00"
2019-07-31,2019073101005794,NSEWA,40,45,10,465.00,"4,650.00"
2019-07-31,2019073101005467,NSEWA,58,55,20,463.00,"9,260.00"
2019-07-31,2019073101005466,NSEWA,39,48,10,462.00,"4,620.00"
2019-07-31,2019073101005465,NSEWA,39,28,50,462.00,"23,100.00"
2019-07-31,2019073101005398,NSEWA,6,21,10,459.00,"4,590.00"
2019-07-31,2019073101005797,NUBL,56,29,124,899.00,"111,476.00"
2019-07-31,2019073101005796,NUBL,56,13,50,899.00,"44,950.00"
2019-07-31,2019073101005543,NUBL,57,13,50,899.00,"44,950.00"
2019-07-31,2019073101005739,PCBL,56,1,284,284.00,"80,656.00"
2019-07-31,2019073101005548,PCBL,29,1,150,284.00,"42,600.00"
2019-07-31,2019073101005370,PCBL,17,1,66,284.00,"18,744.00"
2019-07-31,2019073101005369,PCBL,17,13,40,284.00,"11,360.00"
2019-07-31,2019073101005368,PCBL,17,26,94,284.00,"26,696.00"
2019-07-31,2019073101005351,PCBL,17,26,200,284.00,"56,800.00"
2019-07-31,2019073101005339,PCBL,17,26,200,284.00,"56,800.00"
2019-07-31,2019073101005748,PIC,43,19,100,473.00,"47,300.00"
2019-07-31,2019073101005346,PIC,48,16,11,474.00,"5,214.00"
2019-07-31,2019073101005345,PIC,48,28,39,473.00,"18,447.00"
2019-07-31,2019073101005472,PICL,58,17,368,538.00,"197,984.00"
2019-07-31,2019073101005749,PLIC,34,57,195,423.00,"82,485.00"
2019-07-31,2019073101005635,PLIC,25,57,450,422.00,"189,900.00"
2019-07-31,2019073101005584,PLIC,19,57,100,423.00,"42,300.00"
2019-07-31,2019073101005556,PLIC,1,1,100,425.00,"42,500.00"
2019-07-31,2019073101005420,PMHPL,56,21,10,104.00,"1,040.00"
2019-07-31,2019073101005386,PMHPL,56,26,10,104.00,"1,040.00"
2019-07-31,2019073101005335,PMHPL,56,26,10,104.00,"1,040.00"
2019-07-31,2019073101005304,PMHPL,56,21,10,104.00,"1,040.00"
2019-07-31,2019073101005713,PRVU,1,57,33,276.00,"9,108.00"
2019-07-31,2019073101005502,PRVU,1,33,465,276.00,"128,340.00"
2019-07-31,2019073101005424,PRVU,22,33,70,276.00,"19,320.00"
2019-07-31,2019073101005423,PRVU,45,33,500,276.00,"138,000.00"
2019-07-31,2019073101005422,PRVU,55,33,506,276.00,"139,656.00"
2019-07-31,2019073101005334,PRVU,42,41,100,276.00,"27,600.00"
2019-07-31,2019073101005316,PRVU,42,59,500,276.00,"138,000.00"
2019-07-31,2019073101005408,PRVU,55,18,494,276.00,"136,344.00"
2019-07-31,2019073101005407,PRVU,39,18,400,276.00,"110,400.00"
2019-07-31,2019073101005406,PRVU,25,18,"1,000",276.00,"276,000.00"
2019-07-31,2019073101005405,PRVU,32,18,800,276.00,"220,800.00"
2019-07-31,2019073101005404,PRVU,42,18,306,276.00,"84,456.00"
2019-07-31,2019073101005337,PRVU,38,33,18,277.00,"4,986.00"
2019-07-31,2019073101005395,RADHI,37,26,11,147.00,"1,617.00"
2019-07-31,2019073101005708,RHPC,42,22,20,90.00,"1,800.00"
2019-07-31,2019073101005680,RMDC,34,47,56,678.00,"37,968.00"
2019-07-31,2019073101005455,RMDC,33,17,500,681.00,"340,500.00"
2019-07-31,2019073101005416,RMDC,34,59,100,680.00,"68,000.00"
2019-07-31,2019073101005415,RMDC,34,17,500,680.00,"340,000.00"
2019-07-31,2019073101005414,RMDC,34,6,10,680.00,"6,800.00"
2019-07-31,2019073101005312,RMDC,29,29,3,668.00,"2,004.00"
2019-07-31,2019073101005496,RRHP,47,26,10,104.00,"1,040.00"
2019-07-31,2019073101005321,RRHP,47,21,10,104.00,"1,040.00"
2019-07-31,2019073101005720,RSDC,3,22,65,376.00,"24,440.00"
2019-07-31,2019073101005712,RSDC,38,22,400,376.00,"150,400.00"
2019-07-31,2019073101005711,RSDC,38,55,50,376.00,"18,800.00"
2019-07-31,2019073101005710,RSDC,38,29,50,376.00,"18,800.00"
2019-07-31,2019073101005637,RSDC,25,1,50,374.00,"18,700.00"
2019-07-31,2019073101005636,RSDC,49,1,50,374.00,"18,700.00"
2019-07-31,2019073101005320,RSDC,58,34,30,375.00,"11,250.00"
2019-07-31,2019073101005612,RSDC,42,56,23,373.00,"8,579.00"
2019-07-31,2019073101005507,RSDC,42,57,50,373.00,"18,650.00"
2019-07-31,2019073101005419,RSDC,5,28,300,377.00,"113,100.00"
2019-07-31,2019073101005384,RSDC,42,22,338,376.00,"127,088.00"
2019-07-31,2019073101005383,RSDC,42,41,100,375.00,"37,500.00"
2019-07-31,2019073101005382,RSDC,42,34,12,375.00,"4,500.00"
2019-07-31,2019073101005537,SANIMA,8,43,324,357.00,"115,668.00"
2019-07-31,2019073101005536,SANIMA,8,43,600,357.00,"214,200.00"
2019-07-31,2019073101005535,SANIMA,36,43,422,357.00,"150,654.00"
2019-07-31,2019073101005530,SANIMA,58,42,200,358.00,"71,600.00"
2019-07-31,2019073101005764,SBL,33,16,157,324.00,"50,868.00"
2019-07-31,2019073101005600,SBL,33,43,500,324.00,"162,000.00"
2019-07-31,2019073101005677,SCB,6,36,10,670.00,"6,700.00"
2019-07-31,2019073101005672,SCB,33,36,848,670.00,"568,160.00"
2019-07-31,2019073101005671,SCB,58,36,60,671.00,"40,260.00"
2019-07-31,2019073101005619,SCB,58,56,20,671.00,"13,420.00"
2019-07-31,2019073101005497,SCB,58,56,20,671.00,"13,420.00"
2019-07-31,2019073101005328,SDESI,59,43,87,657.00,"57,159.00"
2019-07-31,2019073101005757,SFFIL,56,38,10,258.00,"2,580.00"
2019-07-31,2019073101005666,SHIVM,39,33,55,603.00,"33,165.00"
2019-07-31,2019073101005665,SHIVM,32,33,100,603.00,"60,300.00"
2019-07-31,2019073101005664,SHIVM,25,33,50,603.00,"30,150.00"
2019-07-31,2019073101005663,SHIVM,26,33,115,603.00,"69,345.00"
2019-07-31,2019073101005662,SHIVM,57,33,80,604.00,"48,320.00"
2019-07-31,2019073101005489,SHIVM,57,19,70,604.00,"42,280.00"
2019-07-31,2019073101005488,SHIVM,19,19,30,604.00,"18,120.00"
2019-07-31,2019073101005445,SHIVM,19,41,155,604.00,"93,620.00"
2019-07-31,2019073101005391,SHIVM,19,16,50,604.00,"30,200.00"
2019-07-31,2019073101005447,SIC,38,38,45,607.00,"27,315.00"
2019-07-31,2019073101005787,SICL,4,43,338,800.00,"270,400.00"
2019-07-31,2019073101005786,SICL,4,43,500,800.00,"400,000.00"
2019-07-31,2019073101005785,SICL,32,43,50,800.00,"40,000.00"
2019-07-31,2019073101005784,SICL,16,43,50,800.00,"40,000.00"
2019-07-31,2019073101005783,SICL,4,43,62,800.00,"49,600.00"
2019-07-31,2019073101005313,SICL,4,17,144,800.00,"115,200.00"
2019-07-31,2019073101005679,SKBBL,39,17,10,"1,014.00","10,140.00"
2019-07-31,2019073101005678,SKBBL,39,51,23,"1,009.00","23,207.00"
2019-07-31,2019073101005555,SKBBL,37,49,100,"1,008.00","100,800.00"
2019-07-31,2019073101005519,SKBBL,36,33,39,"1,000.00","39,000.00"
2019-07-31,2019073101005518,SKBBL,36,43,25,"1,000.00","25,000.00"
2019-07-31,2019073101005517,SKBBL,36,53,40,"1,000.00","40,000.00"
2019-07-31,2019073101005385,SKBBL,37,53,200,994.00,"198,800.00"
2019-07-31,2019073101005516,SKBBL,36,10,281,"1,000.00","281,000.00"
2019-07-31,2019073101005504,SKBBL,18,16,40,999.00,"39,960.00"
2019-07-31,2019073101005503,SKBBL,18,44,51,999.00,"50,949.00"
2019-07-31,2019073101005490,SKBBL,16,33,300,995.00,"298,500.00"
2019-07-31,2019073101005469,SKBBL,16,33,200,995.00,"199,000.00"
2019-07-31,2019073101005436,SKBBL,18,53,300,994.00,"298,200.00"
2019-07-31,2019073101005338,SLBSL,6,33,10,680.00,"6,800.00"
2019-07-31,2019073101005476,SMATA,52,36,10,"1,267.00","12,670.00"
2019-07-31,2019073101005756,SMB,3,21,25,476.00,"11,900.00"
2019-07-31,2019073101005755,SMB,59,21,25,476.00,"11,900.00"
2019-07-31,2019073101005608,SMB,59,53,75,476.00,"35,700.00"
2019-07-31,2019073101005607,SMB,3,53,75,476.00,"35,700.00"
2019-07-31,2019073101005606,SMB,8,53,30,476.00,"14,280.00"
2019-07-31,2019073101005605,SMB,42,53,20,476.00,"9,520.00"
2019-07-31,2019073101005500,SMB,6,26,10,476.00,"4,760.00"
2019-07-31,2019073101005647,SMFBS,14,34,20,656.00,"13,120.00"
2019-07-31,2019073101005646,SMFBS,50,34,100,656.00,"65,600.00"
2019-07-31,2019073101005645,SMFBS,45,34,10,656.00,"6,560.00"
2019-07-31,2019073101005515,SMFBS,45,14,90,656.00,"59,040.00"
2019-07-31,2019073101005514,SMFBS,42,14,50,656.00,"32,800.00"
2019-07-31,2019073101005513,SMFBS,34,14,200,656.00,"131,200.00"
2019-07-31,2019073101005512,SMFBS,6,14,10,656.00,"6,560.00"
2019-07-31,2019073101005793,SMFDB,46,44,100,576.00,"57,600.00"
2019-07-31,2019073101005774,SMFDB,13,47,10,576.00,"5,760.00"
2019-07-31,2019073101005357,SMFDB,13,50,342,565.00,"193,230.00"
2019-07-31,2019073101005356,SMFDB,13,33,21,562.00,"11,802.00"
2019-07-31,2019073101005355,SMFDB,13,44,483,560.00,"270,480.00"
2019-07-31,2019073101005314,SMFDB,49,57,64,559.00,"35,776.00"
2019-07-31,2019073101005776,SPARS,39,38,10,600.00,"6,000.00"
2019-07-31,2019073101005775,SPARS,39,21,10,600.00,"6,000.00"
2019-07-31,2019073101005565,SPARS,28,45,18,593.00,"10,674.00"
2019-07-31,2019073101005562,SPARS,28,17,30,593.00,"17,790.00"
2019-07-31,2019073101005561,SPARS,28,11,50,592.00,"29,600.00"
2019-07-31,2019073101005532,SPARS,28,22,190,590.00,"112,100.00"
2019-07-31,2019073101005531,SPARS,28,47,10,589.00,"5,890.00"
2019-07-31,2019073101005347,SPARS,58,45,10,582.00,"5,820.00"
2019-07-31,2019073101005325,SPARS,33,50,65,580.00,"37,700.00"
2019-07-31,2019073101005593,SRBL,29,45,300,252.00,"75,600.00"
2019-07-31,2019073101005765,SWBBL,38,47,125,934.00,"116,750.00"
2019-07-31,2019073101005683,SWBBL,35,14,100,935.00,"93,500.00"
2019-07-31,2019073101005682,SWBBL,35,58,273,935.00,"255,255.00"
2019-07-31,2019073101005670,SWBBL,35,44,100,934.00,"93,400.00"
2019-07-31,2019073101005661,SWBBL,38,47,37,925.00,"34,225.00"
2019-07-31,2019073101005633,SWBBL,35,43,150,930.00,"139,500.00"
2019-07-31,2019073101005546,SWBBL,33,45,18,920.00,"16,560.00"
2019-07-31,2019073101005632,SWBBL,35,44,50,930.00,"46,500.00"
2019-07-31,2019073101005627,SWBBL,38,29,25,925.00,"23,125.00"
2019-07-31,2019073101005626,SWBBL,38,47,151,925.00,"139,675.00"
2019-07-31,2019073101005624,SWBBL,49,47,100,925.00,"92,500.00"
2019-07-31,2019073101005614,SWBBL,21,26,418,924.00,"386,232.00"
2019-07-31,2019073101005613,SWBBL,33,26,82,924.00,"75,768.00"
2019-07-31,2019073101005772,TRH,52,21,148,314.00,"46,472.00"
2019-07-31,2019073101005687,TRH,52,57,152,314.00,"47,728.00"
2019-07-31,2019073101005686,TRH,44,57,848,314.00,"266,272.00"
2019-07-31,2019073101005738,UIC,14,17,50,361.00,"18,050.00"
2019-07-31,2019073101005737,UIC,14,7,156,361.00,"56,316.00"
2019-07-31,2019073101005724,UIC,46,7,50,361.00,"18,050.00"
2019-07-31,2019073101005657,UIC,59,7,194,361.00,"70,034.00"
2019-07-31,2019073101005644,UIC,59,17,75,361.00,"27,075.00"
2019-07-31,2019073101005643,UIC,59,17,150,361.00,"54,150.00"
2019-07-31,2019073101005428,UIC,44,39,50,360.00,"18,000.00"
2019-07-31,2019073101005413,UIC,44,10,90,360.00,"32,400.00"
2019-07-31,2019073101005412,UIC,44,41,100,360.00,"36,000.00"
2019-07-31,2019073101005329,UIC,6,10,10,360.00,"3,600.00"
2019-07-31,2019073101005323,UIC,40,13,30,360.00,"10,800.00"
2019-07-31,2019073101005322,UIC,40,22,15,359.00,"5,385.00"
2019-07-31,2019073101005462,UIC,39,25,20,361.00,"7,220.00"
2019-07-31,2019073101005461,UIC,39,11,100,361.00,"36,100.00"
2019-07-31,2019073101005460,UIC,39,58,40,361.00,"14,440.00"
2019-07-31,2019073101005458,UIC,44,58,160,361.00,"57,760.00"
2019-07-31,2019073101005457,UIC,44,58,50,361.00,"18,050.00"
2019-07-31,2019073101005456,UIC,44,58,50,361.00,"18,050.00"
2019-07-31,2019073101005579,UIC,36,7,260,360.00,"93,600.00"
2019-07-31,2019073101005540,UIC,48,39,19,361.00,"6,859.00"
2019-07-31,2019073101005539,UIC,48,39,30,361.00,"10,830.00"
2019-07-31,2019073101005529,UIC,51,39,50,361.00,"18,050.00"
2019-07-31,2019073101005464,UIC,39,39,20,361.00,"7,220.00"
2019-07-31,2019073101005463,UIC,39,39,20,361.00,"7,220.00"
2019-07-31,2019073101005642,UIC,59,21,81,361.00,"29,241.00"
2019-07-31,2019073101005641,UIC,16,7,250,360.00,"90,000.00"
2019-07-31,2019073101005618,UIC,16,7,250,360.00,"90,000.00"
2019-07-31,2019073101005592,UIC,58,21,119,361.00,"42,959.00"
2019-07-31,2019073101005591,UIC,58,39,281,361.00,"101,441.00"
2019-07-31,2019073101005590,UIC,58,25,100,361.00,"36,100.00"
2019-07-31,2019073101005689,UNHPL,29,6,40,70.00,"2,800.00"
2019-07-31,2019073101005688,UNHPL,29,43,900,70.00,"63,000.00"
2019-07-31,2019073101005336,UPCL,29,29,50,88.00,"4,400.00"
2019-07-31,2019073101005792,UPPER,26,49,50,272.00,"13,600.00"
2019-07-31,2019073101005639,UPPER,26,41,10,272.00,"2,720.00"
2019-07-31,2019073101005634,UPPER,26,56,40,272.00,"10,880.00"
2019-07-31,2019073101005411,UPPER,26,21,50,272.00,"13,600.00"
2019-07-31,2019073101005770,VLBS,57,29,14,572.00,"8,008.00"
2019-07-31,2019073101005295,ADBL,14,49,50,430.00,"21,500.00"
2019-07-31,2019073101005067,ADBL,51,40,36,431.00,"15,516.00"
2019-07-31,2019073101004869,AKPL,37,56,13,170.00,"2,210.00"
2019-07-31,2019073101005018,AKPL,37,45,20,170.00,"3,400.00"
2019-07-31,2019073101004906,AKPL,37,56,13,170.00,"2,210.00"
2019-07-31,2019073101005186,AKPL,10,39,84,171.00,"14,364.00"
2019-07-31,2019073101005291,ALBSL,43,43,200,476.00,"95,200.00"
2019-07-31,2019073101005290,ALBSL,43,41,10,475.00,"4,750.00"
2019-07-31,2019073101005207,ALBSL,43,42,10,476.00,"4,760.00"
2019-07-31,2019073101005206,ALBSL,43,13,10,476.00,"4,760.00"
2019-07-31,2019073101005205,ALBSL,43,22,50,476.00,"23,800.00"
2019-07-31,2019073101005204,ALBSL,43,33,440,476.00,"209,440.00"
2019-07-31,2019073101005071,ALBSL,38,13,10,474.00,"4,740.00"
2019-07-31,2019073101005070,ALBSL,38,34,10,474.00,"4,740.00"
2019-07-31,2019073101005058,ALBSL,6,17,10,470.00,"4,700.00"
2019-07-31,2019073101004892,ALBSL,50,38,100,474.00,"47,400.00"
2019-07-31,2019073101005185,ALBSL,57,47,60,473.00,"28,380.00"
2019-07-31,2019073101005178,ALBSL,6,47,10,473.00,"4,730.00"
2019-07-31,2019073101005145,ALBSL,17,47,30,473.00,"14,190.00"
2019-07-31,2019073101005073,ALBSL,38,29,50,475.00,"23,750.00"
2019-07-31,2019073101005072,ALBSL,38,43,60,475.00,"28,500.00"
2019-07-31,2019073101005203,ALBSL,43,38,100,476.00,"47,600.00"
2019-07-31,2019073101005202,ALBSL,43,55,50,476.00,"23,800.00"
2019-07-31,2019073101005201,ALBSL,43,55,50,476.00,"23,800.00"
2019-07-31,2019073101005200,ALBSL,43,57,90,476.00,"42,840.00"
2019-07-31,2019073101005199,ALBSL,43,37,50,476.00,"23,800.00"
2019-07-31,2019073101005190,ALBSL,6,57,10,476.00,"4,760.00"
2019-07-31,2019073101005162,ALICL,25,45,30,370.00,"11,100.00"
2019-07-31,2019073101005161,ALICL,25,17,12,370.00,"4,440.00"
2019-07-31,2019073101005051,ALICL,35,17,600,370.00,"222,000.00"
2019-07-31,2019073101004896,ALICL,57,17,50,370.00,"18,500.00"
2019-07-31,2019073101004864,ALICL,25,3,51,369.00,"18,819.00"
2019-07-31,2019073101005261,API,21,56,500,137.00,"68,500.00"
2019-07-31,2019073101005260,API,25,56,150,137.00,"20,550.00"
2019-07-31,2019073101005259,API,19,56,100,138.00,"13,800.00"
2019-07-31,2019073101005258,API,25,56,72,138.00,"9,936.00"
2019-07-31,2019073101005163,API,25,59,60,139.00,"8,340.00"
2019-07-31,2019073101005144,API,25,49,29,138.00,"4,002.00"
2019-07-31,2019073101005143,API,25,56,299,138.00,"41,262.00"
2019-07-31,2019073101005134,API,25,56,500,137.00,"68,500.00"
2019-07-31,2019073101004902,BFC,54,42,87,100.00,"8,700.00"
2019-07-31,2019073101005113,BOKL,33,17,32,268.00,"8,576.00"
2019-07-31,2019073101005112,BOKL,17,17,176,268.00,"47,168.00"
2019-07-31,2019073101004836,BOKL,41,34,200,269.00,"53,800.00"
2019-07-31,2019073101004835,BOKL,41,42,200,269.00,"53,800.00"
2019-07-31,2019073101004834,BOKL,41,45,100,269.00,"26,900.00"
2019-07-31,2019073101005256,CBL,49,6,102,154.00,"15,708.00"
2019-07-31,2019073101004831,CCBL,34,34,293,172.00,"50,396.00"
2019-07-31,2019073101004908,CFCL,44,47,74,120.00,"8,880.00"
2019-07-31,2019073101004979,CHCL,56,3,95,509.00,"48,355.00"
2019-07-31,2019073101004978,CHCL,35,3,20,510.00,"10,200.00"
2019-07-31,2019073101004959,CIT,39,14,10,"2,442.00","24,420.00"
2019-07-31,2019073101005242,CLBSL,40,38,50,540.00,"27,000.00"
2019-07-31,2019073101005064,CLBSL,26,52,10,540.00,"5,400.00"
2019-07-31,2019073101005063,CLBSL,26,17,10,540.00,"5,400.00"
2019-07-31,2019073101005038,CLBSL,29,29,1,521.00,521.00
2019-07-31,2019073101004885,CLBSL,58,43,29,530.00,"15,370.00"
2019-07-31,2019073101004884,CLBSL,58,57,150,530.00,"79,500.00"
2019-07-31,2019073101004883,CLBSL,58,43,16,530.00,"8,480.00"
2019-07-31,2019073101004882,CLBSL,58,37,42,529.00,"22,218.00"
2019-07-31,2019073101004881,CLBSL,58,38,40,529.00,"21,160.00"
2019-07-31,2019073101004880,CLBSL,58,45,13,529.00,"6,877.00"
2019-07-31,2019073101004879,CLBSL,58,44,15,528.00,"7,920.00"
2019-07-31,2019073101005000,CMF1,52,54,200,10.00,"2,000.00"
2019-07-31,2019073101005056,CZBIL,45,6,2,226.00,452.00
2019-07-31,2019073101005055,CZBIL,45,39,10,226.00,"2,260.00"
2019-07-31,2019073101005057,DBBL,18,57,57,145.00,"8,265.00"
2019-07-31,2019073101005230,DDBL,34,53,60,770.00,"46,200.00"
2019-07-31,2019073101005229,DDBL,34,43,21,770.00,"16,170.00"
2019-07-31,2019073101005221,DDBL,58,32,300,765.00,"229,500.00"
2019-07-31,2019073101005215,DDBL,34,29,147,764.00,"112,308.00"
2019-07-31,2019073101005193,DDBL,58,29,84,764.00,"64,176.00"
2019-07-31,2019073101005192,DDBL,58,44,66,764.00,"50,424.00"
2019-07-31,2019073101004891,DDBL,58,49,519,760.00,"394,440.00"
2019-07-31,2019073101004866,DDBL,34,49,300,760.00,"228,000.00"
2019-07-31,2019073101005096,EIC,47,57,18,358.00,"6,444.00"
2019-07-31,2019073101005253,FMDBL,34,49,20,400.00,"8,000.00"
2019-07-31,2019073101005208,FMDBL,6,49,50,400.00,"20,000.00"
2019-07-31,2019073101005195,FMDBL,10,49,50,400.00,"20,000.00"
2019-07-31,2019073101005194,FMDBL,10,26,100,398.00,"39,800.00"
2019-07-31,2019073101005188,FMDBL,59,26,700,398.00,"278,600.00"
2019-07-31,2019073101005187,FMDBL,46,26,100,399.00,"39,900.00"
2019-07-31,2019073101005005,FMDBL,52,14,500,399.00,"199,500.00"
2019-07-31,2019073101004987,FMDBL,34,14,10,399.00,"3,990.00"
2019-07-31,2019073101004914,FMDBL,19,58,13,397.00,"5,161.00"
2019-07-31,2019073101004868,FMDBL,39,29,140,398.00,"55,720.00"
2019-07-31,2019073101004867,FMDBL,39,34,134,397.00,"53,198.00"
2019-07-31,2019073101005176,FMDBL,52,49,200,400.00,"80,000.00"
2019-07-31,2019073101005116,FMDBL,52,49,200,400.00,"80,000.00"
2019-07-31,2019073101005029,FMDBL,52,49,87,400.00,"34,800.00"
2019-07-31,2019073101005022,FMDBL,22,49,200,400.00,"80,000.00"
2019-07-31,2019073101005019,FMDBL,52,14,13,399.00,"5,187.00"
2019-07-31,2019073101005017,FMDBL,48,14,200,399.00,"79,800.00"
2019-07-31,2019073101005294,FOWAD,18,17,17,"1,400.00","23,800.00"
2019-07-31,2019073101005224,FOWAD,48,44,16,"1,405.00","22,480.00"
2019-07-31,2019073101004977,FOWAD,48,17,17,"1,405.00","23,885.00"
2019-07-31,2019073101004861,FOWAD,48,17,17,"1,405.00","23,885.00"
2019-07-31,2019073101005272,GBLBS,21,53,100,372.00,"37,200.00"
2019-07-31,2019073101005252,GBLBS,34,43,500,371.00,"185,500.00"
2019-07-31,2019073101005251,GBLBS,34,26,50,371.00,"18,550.00"
2019-07-31,2019073101005236,GBLBS,32,26,10,365.00,"3,650.00"
2019-07-31,2019073101005233,GBLBS,45,10,485,370.00,"179,450.00"
2019-07-31,2019073101005232,GBLBS,45,43,115,370.00,"42,550.00"
2019-07-31,2019073101005009,GBLBS,34,37,500,368.00,"184,000.00"
2019-07-31,2019073101004910,GBLBS,34,39,500,368.00,"184,000.00"
2019-07-31,2019073101005198,GBLBS,14,6,400,369.00,"147,600.00"
2019-07-31,2019073101005197,GBLBS,14,34,30,368.00,"11,040.00"
2019-07-31,2019073101005177,GBLBS,32,57,30,365.00,"10,950.00"
2019-07-31,2019073101005141,GBLBS,1,6,100,369.00,"36,900.00"
2019-07-31,2019073101005068,GBLBS,34,26,10,362.00,"3,620.00"
2019-07-31,2019073101005015,GBLBS,29,37,500,368.00,"184,000.00"
2019-07-31,2019073101005250,GDBL,6,32,850,211.00,"179,350.00"
2019-07-31,2019073101005249,GDBL,42,32,150,211.00,"31,650.00"
2019-07-31,2019073101005181,GDBL,45,14,352,212.00,"74,624.00"
2019-07-31,2019073101005053,GDBL,58,19,"1,000",213.00,"213,000.00"
2019-07-31,2019073101005052,GDBL,58,32,723,213.00,"153,999.00"
2019-07-31,2019073101005012,GHL,52,54,20,85.00,"1,700.00"
2019-07-31,2019073101005277,GLBSL,42,39,200,492.00,"98,400.00"
2019-07-31,2019073101005276,GLBSL,42,47,10,492.00,"4,920.00"
2019-07-31,2019073101005160,GLBSL,7,16,10,490.00,"4,900.00"
2019-07-31,2019073101005159,GLBSL,7,16,10,490.00,"4,900.00"
2019-07-31,2019073101005158,GLBSL,7,16,10,490.00,"4,900.00"
2019-07-31,2019073101005157,GLBSL,7,16,10,490.00,"4,900.00"
2019-07-31,2019073101005089,GLBSL,45,33,10,488.00,"4,880.00"
2019-07-31,2019073101005088,GLBSL,45,13,10,485.00,"4,850.00"
2019-07-31,2019073101005087,GLBSL,45,22,100,485.00,"48,500.00"
2019-07-31,2019073101005086,GLBSL,45,49,50,483.00,"24,150.00"
2019-07-31,2019073101004898,GLBSL,32,39,100,481.00,"48,100.00"
2019-07-31,2019073101004897,GLBSL,32,58,10,480.00,"4,800.00"
2019-07-31,2019073101005095,GLBSL,45,34,350,488.00,"170,800.00"
2019-07-31,2019073101005094,GLBSL,45,35,10,488.00,"4,880.00"
2019-07-31,2019073101005093,GLBSL,45,16,10,488.00,"4,880.00"
2019-07-31,2019073101005092,GLBSL,45,16,10,488.00,"4,880.00"
2019-07-31,2019073101005091,GLBSL,45,16,10,488.00,"4,880.00"
2019-07-31,2019073101005090,GLBSL,45,33,30,488.00,"14,640.00"
2019-07-31,2019073101005156,GLBSL,7,6,40,490.00,"19,600.00"
2019-07-31,2019073101005155,GLBSL,7,16,10,490.00,"4,900.00"
2019-07-31,2019073101005154,GLBSL,7,16,10,490.00,"4,900.00"
2019-07-31,2019073101005153,GLBSL,7,16,10,490.00,"4,900.00"
2019-07-31,2019073101005152,GLBSL,7,20,20,489.00,"9,780.00"
2019-07-31,2019073101005151,GLBSL,7,55,30,489.00,"14,670.00"
2019-07-31,2019073101005245,GMFBS,53,26,10,601.00,"6,010.00"
2019-07-31,2019073101005111,GMFBS,53,26,10,601.00,"6,010.00"
2019-07-31,2019073101004999,GMFBS,21,8,10,609.00,"6,090.00"
2019-07-31,2019073101004998,GMFBS,21,13,10,609.00,"6,090.00"
2019-07-31,2019073101004997,GMFBS,21,33,50,609.00,"30,450.00"
2019-07-31,2019073101004907,GMFBS,21,33,50,609.00,"30,450.00"
2019-07-31,2019073101004806,GMFBS,40,33,50,600.00,"30,000.00"
2019-07-31,2019073101004865,GMFBS,50,33,100,609.00,"60,900.00"
2019-07-31,2019073101004822,GMFBS,10,52,200,603.00,"120,600.00"
2019-07-31,2019073101004821,GMFBS,10,19,300,603.00,"180,900.00"
2019-07-31,2019073101004809,GMFBS,40,46,10,602.00,"6,020.00"
2019-07-31,2019073101004808,GMFBS,40,46,10,602.00,"6,020.00"
2019-07-31,2019073101004807,GMFBS,40,39,50,601.00,"30,050.00"
2019-07-31,2019073101004804,HDL,7,25,50,"1,578.00","78,900.00"
2019-07-31,2019073101004899,HGI,17,59,100,345.00,"34,500.00"
2019-07-31,2019073101004981,HIDCL,21,48,86,157.00,"13,502.00"
2019-07-31,2019073101004980,HIDCL,51,48,414,157.00,"64,998.00"
2019-07-31,2019073101004929,HURJA,43,35,40,137.00,"5,480.00"
2019-07-31,2019073101005209,IGI,21,56,10,370.00,"3,700.00"
2019-07-31,2019073101005297,ILBS,1,39,100,495.00,"49,500.00"
2019-07-31,2019073101005296,ILBS,54,51,10,496.00,"4,960.00"
2019-07-31,2019073101005266,ILBS,1,17,40,495.00,"19,800.00"
2019-07-31,2019073101005235,ILBS,50,17,100,495.00,"49,500.00"
2019-07-31,2019073101005183,ILBS,54,17,10,495.00,"4,950.00"
2019-07-31,2019073101005182,ILBS,18,39,10,492.00,"4,920.00"
2019-07-31,2019073101004847,ILBS,7,45,70,471.00,"32,970.00"
2019-07-31,2019073101004833,ILBS,18,41,40,470.00,"18,800.00"
2019-07-31,2019073101004853,ILBS,7,22,10,474.00,"4,740.00"
2019-07-31,2019073101004852,ILBS,7,45,10,473.00,"4,730.00"
2019-07-31,2019073101004851,ILBS,7,45,10,473.00,"4,730.00"
2019-07-31,2019073101004850,ILBS,7,45,10,473.00,"4,730.00"
2019-07-31,2019073101004849,ILBS,7,58,50,473.00,"23,650.00"
2019-07-31,2019073101004848,ILBS,7,59,90,472.00,"42,480.00"
2019-07-31,2019073101004859,ILBS,7,22,10,475.00,"4,750.00"
2019-07-31,2019073101004858,ILBS,7,56,10,475.00,"4,750.00"
2019-07-31,2019073101004857,ILBS,7,46,10,474.00,"4,740.00"
2019-07-31,2019073101004856,ILBS,7,20,10,474.00,"4,740.00"
2019-07-31,2019073101004855,ILBS,7,35,60,474.00,"28,440.00"
2019-07-31,2019073101004854,ILBS,7,22,10,474.00,"4,740.00"
2019-07-31,2019073101004944,ILBS,28,39,10,478.00,"4,780.00"
2019-07-31,2019073101004943,ILBS,28,33,50,478.00,"23,900.00"
2019-07-31,2019073101004912,ILBS,18,33,10,478.00,"4,780.00"
2019-07-31,2019073101004872,ILBS,7,59,200,475.00,"95,000.00"
2019-07-31,2019073101004862,ILBS,7,41,10,475.00,"4,750.00"
2019-07-31,2019073101004860,ILBS,7,22,10,475.00,"4,750.00"
2019-07-31,2019073101004961,ILBS,18,13,10,484.00,"4,840.00"
2019-07-31,2019073101004953,ILBS,7,59,90,480.00,"43,200.00"
2019-07-31,2019073101004952,ILBS,28,59,110,480.00,"52,800.00"
2019-07-31,2019073101004947,ILBS,28,36,10,480.00,"4,800.00"
2019-07-31,2019073101004946,ILBS,28,39,10,479.00,"4,790.00"
2019-07-31,2019073101004945,ILBS,28,13,10,479.00,"4,790.00"
2019-07-31,2019073101005016,ILBS,18,51,10,496.00,"4,960.00"
2019-07-31,2019073101005010,ILBS,28,25,10,487.00,"4,870.00"
2019-07-31,2019073101004996,ILBS,28,59,135,487.00,"65,745.00"
2019-07-31,2019073101004995,ILBS,38,59,65,487.00,"31,655.00"
2019-07-31,2019073101004973,ILBS,38,45,10,487.00,"4,870.00"
2019-07-31,2019073101004963,ILBS,38,6,50,487.00,"24,350.00"
2019-07-31,2019073101005133,ILBS,28,39,10,487.00,"4,870.00"
2019-07-31,2019073101005127,ILBS,28,26,10,487.00,"4,870.00"
2019-07-31,2019073101005117,ILBS,28,26,10,487.00,"4,870.00"
2019-07-31,2019073101005039,ILBS,1,51,100,496.00,"49,600.00"
2019-07-31,2019073101005034,ILBS,28,17,10,487.00,"4,870.00"
2019-07-31,2019073101005021,ILBS,28,45,10,487.00,"4,870.00"
2019-07-31,2019073101005189,JBBL,34,57,20,160.00,"3,200.00"
2019-07-31,2019073101004893,JSLBB,11,49,24,"1,039.00","24,936.00"
2019-07-31,2019073101004839,JSLBB,38,49,10,"1,039.00","10,390.00"
2019-07-31,2019073101004871,KBL,8,51,200,216.00,"43,200.00"
2019-07-31,2019073101005041,KPCL,14,21,10,89.00,890.00
2019-07-31,2019073101005040,KPCL,14,21,10,89.00,890.00
2019-07-31,2019073101005047,KPCL,14,17,10,90.00,900.00
2019-07-31,2019073101005046,KPCL,14,36,10,90.00,900.00
2019-07-31,2019073101005045,KPCL,14,45,10,90.00,900.00
2019-07-31,2019073101005044,KPCL,14,40,10,90.00,900.00
2019-07-31,2019073101005043,KPCL,14,52,10,90.00,900.00
2019-07-31,2019073101005042,KPCL,14,19,10,90.00,900.00
2019-07-31,2019073101005049,KPCL,14,14,30,90.00,"2,700.00"
2019-07-31,2019073101005048,KPCL,14,55,10,90.00,900.00
2019-07-31,2019073101004827,LBBL,58,42,50,207.00,"10,350.00"
2019-07-31,2019073101005008,LBL,57,41,13,222.00,"2,886.00"
2019-07-31,2019073101004985,LLBS,1,25,10,791.00,"7,910.00"
2019-07-31,2019073101005282,MEGA,4,4,500,209.00,"104,500.00"
2019-07-31,2019073101005257,MEGA,25,49,250,208.00,"52,000.00"
2019-07-31,2019073101004830,MEGA,25,19,50,208.00,"10,400.00"
2019-07-31,2019073101005238,MERO,16,58,75,537.00,"40,275.00"
2019-07-31,2019073101005227,MERO,51,13,17,539.00,"9,163.00"
2019-07-31,2019073101005140,MERO,14,13,100,539.00,"53,900.00"
2019-07-31,2019073101005139,MERO,14,49,100,538.00,"53,800.00"
2019-07-31,2019073101005138,MERO,14,49,100,538.00,"53,800.00"
2019-07-31,2019073101005137,MERO,14,47,310,538.00,"166,780.00"
2019-07-31,2019073101005031,MERO,34,1,17,537.00,"9,129.00"
2019-07-31,2019073101005030,MERO,29,1,100,537.00,"53,700.00"
2019-07-31,2019073101004960,MERO,55,47,100,538.00,"53,800.00"
2019-07-31,2019073101004828,MERO,55,49,33,537.00,"17,721.00"
2019-07-31,2019073101005136,MERO,14,28,100,537.00,"53,700.00"
2019-07-31,2019073101005124,MERO,34,28,50,537.00,"26,850.00"
2019-07-31,2019073101005120,MERO,34,47,90,538.00,"48,420.00"
2019-07-31,2019073101005119,MERO,34,38,10,538.00,"5,380.00"
2019-07-31,2019073101005118,MERO,34,38,83,538.00,"44,654.00"
2019-07-31,2019073101005033,MERO,34,1,50,537.00,"26,850.00"
2019-07-31,2019073101005268,MFIL,43,59,550,126.00,"69,300.00"
2019-07-31,2019073101005267,MFIL,28,59,250,127.00,"31,750.00"
2019-07-31,2019073101005293,MHNL,59,45,170,99.00,"16,830.00"
2019-07-31,2019073101005292,MHNL,59,22,30,99.00,"2,970.00"
2019-07-31,2019073101004838,MLBL,33,19,100,202.00,"20,200.00"
2019-07-31,2019073101004874,MPFL,48,58,20,119.00,"2,380.00"
2019-07-31,2019073101004873,MPFL,48,33,10,119.00,"1,190.00"
2019-07-31,2019073101005284,MSMBS,33,45,14,514.00,"7,196.00"
2019-07-31,2019073101005283,MSMBS,33,48,11,504.00,"5,544.00"
2019-07-31,2019073101005300,NADEP,33,26,40,492.00,"19,680.00"
2019-07-31,2019073101005299,NADEP,33,45,20,492.00,"9,840.00"
2019-07-31,2019073101005298,NADEP,33,6,353,492.00,"173,676.00"
2019-07-31,2019073101004845,NADEP,26,11,37,492.00,"18,204.00"
2019-07-31,2019073101004826,NADEP,26,38,13,492.00,"6,396.00"
2019-07-31,2019073101004817,NADEP,50,38,30,492.00,"14,760.00"
2019-07-31,2019073101004816,NADEP,59,38,457,492.00,"224,844.00"
2019-07-31,2019073101004810,NADEP,59,11,13,492.00,"6,396.00"
2019-07-31,2019073101004920,NADEP,58,53,37,492.00,"18,204.00"
2019-07-31,2019073101004846,NADEP,58,11,13,492.00,"6,396.00"
2019-07-31,2019073101005175,NADEP,26,39,70,491.00,"34,370.00"
2019-07-31,2019073101005164,NADEP,6,6,30,492.00,"14,760.00"
2019-07-31,2019073101005006,NADEP,45,6,17,492.00,"8,364.00"
2019-07-31,2019073101005003,NADEP,45,45,20,492.00,"9,840.00"
2019-07-31,2019073101004921,NADEP,45,53,463,492.00,"227,796.00"
2019-07-31,2019073101005237,NADEP,29,11,70,491.00,"34,370.00"
2019-07-31,2019073101005218,NADEP,26,11,30,491.00,"14,730.00"
2019-07-31,2019073101005210,NADEP,40,6,100,492.00,"49,200.00"
2019-07-31,2019073101005196,NADEP,26,22,100,491.00,"49,100.00"
2019-07-31,2019073101005135,NAGRO,28,50,10,718.00,"7,180.00"
2019-07-31,2019073101005123,NAGRO,28,17,10,718.00,"7,180.00"
2019-07-31,2019073101004924,NAGRO,28,1,10,718.00,"7,180.00"
2019-07-31,2019073101005280,NBL,20,44,600,340.00,"204,000.00"
2019-07-31,2019073101005165,NBL,45,44,100,340.00,"34,000.00"
2019-07-31,2019073101004841,NCCB,33,29,350,246.00,"86,100.00"
2019-07-31,2019073101004909,NEF,52,36,"1,107",8.20,"9,077.40"
2019-07-31,2019073101004986,NGPL,48,17,11,114.00,"1,254.00"
2019-07-31,2019073101004917,NHDL,36,34,50,122.00,"6,100.00"
2019-07-31,2019073101005132,NIB,16,39,97,514.00,"49,858.00"
2019-07-31,2019073101005131,NIB,29,39,200,514.00,"102,800.00"
2019-07-31,2019073101005130,NIB,45,39,57,514.00,"29,298.00"
2019-07-31,2019073101005129,NIB,50,39,270,514.00,"138,780.00"
2019-07-31,2019073101005110,NIB,36,39,100,515.00,"51,500.00"
2019-07-31,2019073101005109,NIB,57,39,100,515.00,"51,500.00"
2019-07-31,2019073101004962,NIB,35,35,"1,515",516.00,"781,740.00"
2019-07-31,2019073101004958,NIB,57,47,60,518.00,"31,080.00"
2019-07-31,2019073101005102,NIB,57,39,298,515.00,"153,470.00"
2019-07-31,2019073101005101,NIB,1,39,20,516.00,"10,320.00"
2019-07-31,2019073101005100,NIB,19,39,50,516.00,"25,800.00"
2019-07-31,2019073101005099,NIB,35,39,36,516.00,"18,576.00"
2019-07-31,2019073101005098,NIB,51,39,100,516.00,"51,600.00"
2019-07-31,2019073101005097,NIB,26,39,534,516.00,"275,544.00"
2019-07-31,2019073101005108,NIB,32,39,50,515.00,"25,750.00"
2019-07-31,2019073101005107,NIB,1,39,45,515.00,"23,175.00"
2019-07-31,2019073101005106,NIB,6,39,50,515.00,"25,750.00"
2019-07-31,2019073101005105,NIB,42,39,100,515.00,"51,500.00"
2019-07-31,2019073101005104,NIB,52,39,100,515.00,"51,500.00"
2019-07-31,2019073101005103,NIB,29,39,100,515.00,"51,500.00"
2019-07-31,2019073101005226,NICA,33,50,500,468.00,"234,000.00"
2019-07-31,2019073101005225,NICA,33,6,56,468.00,"26,208.00"
2019-07-31,2019073101004814,NICA,50,3,100,467.00,"46,700.00"
2019-07-31,2019073101004813,NICA,50,42,20,467.00,"9,340.00"
2019-07-31,2019073101004812,NICA,50,56,81,467.00,"37,827.00"
2019-07-31,2019073101004811,NICA,50,22,50,467.00,"23,350.00"
2019-07-31,2019073101004974,NICGF,52,54,150,10.00,"1,500.00"
2019-07-31,2019073101005275,NLBBL,5,39,100,555.00,"55,500.00"
2019-07-31,2019073101005231,NLBBL,48,39,50,555.00,"27,750.00"
2019-07-31,2019073101005214,NLBBL,25,39,11,555.00,"6,105.00"
2019-07-31,2019073101005167,NLBBL,39,57,62,550.00,"34,100.00"
2019-07-31,2019073101004972,NLBBL,58,53,50,550.00,"27,500.00"
2019-07-31,2019073101004971,NLBBL,58,34,70,550.00,"38,500.00"
2019-07-31,2019073101004933,NLBBL,58,34,50,540.00,"27,000.00"
2019-07-31,2019073101004932,NLBBL,58,22,300,540.00,"162,000.00"
2019-07-31,2019073101004931,NLBBL,58,58,836,540.00,"451,440.00"
2019-07-31,2019073101004930,NLBBL,58,58,73,539.00,"39,347.00"
2019-07-31,2019073101004825,NLBBL,33,34,178,539.00,"95,942.00"
2019-07-31,2019073101004939,NLBBL,58,58,100,543.00,"54,300.00"
2019-07-31,2019073101004938,NLBBL,58,4,200,542.00,"108,400.00"
2019-07-31,2019073101004937,NLBBL,58,4,500,542.00,"271,000.00"
2019-07-31,2019073101004936,NLBBL,58,1,170,542.00,"92,140.00"
2019-07-31,2019073101004935,NLBBL,58,6,200,541.00,"108,200.00"
2019-07-31,2019073101004934,NLBBL,58,39,100,540.00,"54,000.00"
2019-07-31,2019073101004970,NLBBL,58,21,510,549.00,"279,990.00"
2019-07-31,2019073101004969,NLBBL,58,29,100,548.00,"54,800.00"
2019-07-31,2019073101004968,NLBBL,58,17,200,546.00,"109,200.00"
2019-07-31,2019073101004967,NLBBL,58,11,200,546.00,"109,200.00"
2019-07-31,2019073101004966,NLBBL,58,47,100,545.00,"54,500.00"
2019-07-31,2019073101004965,NLBBL,58,22,50,545.00,"27,250.00"
2019-07-31,2019073101005014,NLIC,46,43,69,880.00,"60,720.00"
2019-07-31,2019073101005085,NMBMF,44,1,50,"1,075.00","53,750.00"
2019-07-31,2019073101005084,NMBMF,52,1,10,"1,076.00","10,760.00"
2019-07-31,2019073101005054,NMBMF,59,33,72,"1,095.00","78,840.00"
2019-07-31,2019073101004923,NMBMF,45,17,95,"1,090.00","103,550.00"
2019-07-31,2019073101004922,NMBMF,45,41,55,"1,090.00","59,950.00"
2019-07-31,2019073101005150,NMFBS,48,38,15,"1,550.00","23,250.00"
2019-07-31,2019073101005149,NMFBS,48,28,50,"1,550.00","77,500.00"
2019-07-31,2019073101005128,NNLB,57,28,10,473.00,"4,730.00"
2019-07-31,2019073101005079,NNLB,57,28,90,473.00,"42,570.00"
2019-07-31,2019073101005078,NNLB,57,34,100,472.00,"47,200.00"
2019-07-31,2019073101005077,NNLB,57,41,50,471.00,"23,550.00"
2019-07-31,2019073101005076,NNLB,57,43,20,471.00,"9,420.00"
2019-07-31,2019073101005075,NNLB,57,42,40,470.00,"18,800.00"
2019-07-31,2019073101005032,NNLB,55,42,10,470.00,"4,700.00"
2019-07-31,2019073101004904,NNLB,57,58,15,465.00,"6,975.00"
2019-07-31,2019073101004903,NNLB,55,58,15,466.00,"6,990.00"
2019-07-31,2019073101005147,NSEWA,34,26,10,450.00,"4,500.00"
2019-07-31,2019073101004994,NUBL,52,35,180,895.00,"161,100.00"
2019-07-31,2019073101005074,PIC,54,28,100,473.00,"47,300.00"
2019-07-31,2019073101004843,PIC,42,45,11,470.00,"5,170.00"
2019-07-31,2019073101004984,PICL,4,17,50,538.00,"26,900.00"
2019-07-31,2019073101004942,PICL,4,17,50,538.00,"26,900.00"
2019-07-31,2019073101005289,PMHPL,56,55,10,104.00,"1,040.00"
2019-07-31,2019073101005265,PMHPL,56,26,10,104.00,"1,040.00"
2019-07-31,2019073101005168,PMHPL,56,26,10,104.00,"1,040.00"
2019-07-31,2019073101005142,PMHPL,56,26,10,104.00,"1,040.00"
2019-07-31,2019073101005083,PMHPL,56,39,10,104.00,"1,040.00"
2019-07-31,2019073101005278,PPCL,29,36,10,135.00,"1,350.00"
2019-07-31,2019073101005269,PPCL,34,29,10,134.00,"1,340.00"
2019-07-31,2019073101005004,PPCL,34,45,20,132.00,"2,640.00"
2019-07-31,2019073101004940,PPCL,34,45,20,132.00,"2,640.00"
2019-07-31,2019073101005270,RADHI,3,26,11,148.00,"1,628.00"
2019-07-31,2019073101005148,RADHI,3,26,11,148.00,"1,628.00"
2019-07-31,2019073101005247,RLFL,48,1,400,123.00,"49,200.00"
2019-07-31,2019073101005246,RLFL,48,43,100,123.00,"12,300.00"
2019-07-31,2019073101004913,RLFL,48,1,10,123.00,"1,230.00"
2019-07-31,2019073101005285,RMDC,41,49,50,677.00,"33,850.00"
2019-07-31,2019073101005179,RMDC,34,6,100,680.00,"68,000.00"
2019-07-31,2019073101005002,RMDC,34,6,90,680.00,"61,200.00"
2019-07-31,2019073101005001,RMDC,34,53,10,680.00,"6,800.00"
2019-07-31,2019073101004915,RMDC,54,50,66,679.00,"44,814.00"
2019-07-31,2019073101004886,RMDC,37,50,100,679.00,"67,900.00"
2019-07-31,2019073101005166,RRHP,47,26,10,104.00,"1,040.00"
2019-07-31,2019073101004954,RRHP,47,17,10,104.00,"1,040.00"
2019-07-31,2019073101005287,RSDC,32,22,100,376.00,"37,600.00"
2019-07-31,2019073101005254,RSDC,32,22,50,376.00,"18,800.00"
2019-07-31,2019073101005216,RSDC,6,22,10,376.00,"3,760.00"
2019-07-31,2019073101005171,RSDC,10,57,37,375.00,"13,875.00"
2019-07-31,2019073101005170,RSDC,10,1,66,375.00,"24,750.00"
2019-07-31,2019073101005050,RSDC,39,40,100,376.00,"37,600.00"
2019-07-31,2019073101005035,RSDC,39,19,30,375.00,"11,250.00"
2019-07-31,2019073101004949,RSDC,6,28,77,377.00,"29,029.00"
2019-07-31,2019073101004925,RSDC,6,56,23,377.00,"8,671.00"
2019-07-31,2019073101004844,RSDC,14,56,23,377.00,"8,671.00"
2019-07-31,2019073101004815,RSDC,14,25,21,377.00,"7,917.00"
2019-07-31,2019073101005217,SANIMA,36,57,16,357.00,"5,712.00"
2019-07-31,2019073101004837,SCB,11,56,20,669.00,"13,380.00"
2019-07-31,2019073101004916,SCB,33,56,20,670.00,"13,400.00"
2019-07-31,2019073101004890,SCB,33,26,70,670.00,"46,900.00"
2019-07-31,2019073101004889,SCB,33,42,10,670.00,"6,700.00"
2019-07-31,2019073101004888,SCB,33,44,52,670.00,"34,840.00"
2019-07-31,2019073101005173,SCB,11,26,80,672.00,"53,760.00"
2019-07-31,2019073101005244,SCB,11,1,116,673.00,"78,068.00"
2019-07-31,2019073101005243,SCB,11,45,150,673.00,"100,950.00"
2019-07-31,2019073101005174,SDESI,34,43,13,657.00,"8,541.00"
2019-07-31,2019073101005082,SDESI,28,35,100,646.00,"64,600.00"
2019-07-31,2019073101005081,SDESI,28,32,20,645.00,"12,900.00"
2019-07-31,2019073101005080,SDESI,38,38,200,644.00,"128,800.00"
2019-07-31,2019073101005062,SDESI,36,38,247,644.00,"159,068.00"
2019-07-31,2019073101005059,SDESI,48,38,100,644.00,"64,400.00"
2019-07-31,2019073101004803,SDESI,48,49,60,635.00,"38,100.00"
2019-07-31,2019073101005028,SDESI,48,38,77,644.00,"49,588.00"
2019-07-31,2019073101005027,SDESI,48,43,23,640.00,"14,720.00"
2019-07-31,2019073101004989,SDESI,57,49,"2,203",635.00,"1,398,905.00"
2019-07-31,2019073101004887,SDESI,1,49,100,635.00,"63,500.00"
2019-07-31,2019073101004878,SDESI,1,49,50,635.00,"31,750.00"
2019-07-31,2019073101004877,SDESI,1,6,50,634.00,"31,700.00"
2019-07-31,2019073101005191,SEF,48,3,"2,500",10.20,"25,500.00"
2019-07-31,2019073101005037,SHINE,48,19,200,253.00,"50,600.00"
2019-07-31,2019073101005220,SHIVM,19,16,265,604.00,"160,060.00"
2019-07-31,2019073101005219,SHIVM,32,16,35,604.00,"21,140.00"
2019-07-31,2019073101005184,SHIVM,32,57,50,604.00,"30,200.00"
2019-07-31,2019073101004988,SHIVM,32,34,15,604.00,"9,060.00"
2019-07-31,2019073101004829,SHIVM,32,42,100,605.00,"60,500.00"
2019-07-31,2019073101004824,SHIVM,26,48,50,603.00,"30,150.00"
2019-07-31,2019073101005036,SHPC,22,42,11,249.00,"2,739.00"
2019-07-31,2019073101005262,SIFC,14,47,33,156.00,"5,148.00"
2019-07-31,2019073101004870,SIFC,17,48,10,159.00,"1,590.00"
2019-07-31,2019073101005248,SIL,6,35,10,468.00,"4,680.00"
2019-07-31,2019073101005212,SINDU,43,4,30,134.00,"4,020.00"
2019-07-31,2019073101005211,SINDU,56,4,100,135.00,"13,500.00"
2019-07-31,2019073101004976,SKBBL,18,33,500,995.00,"497,500.00"
2019-07-31,2019073101004975,SKBBL,18,21,25,994.00,"24,850.00"
2019-07-31,2019073101004948,SKBBL,49,6,50,990.00,"49,500.00"
2019-07-31,2019073101004905,SKBBL,29,50,22,989.00,"21,758.00"
2019-07-31,2019073101005263,SLBBL,6,58,10,520.00,"5,200.00"
2019-07-31,2019073101004918,SLBBL,59,26,105,500.00,"52,500.00"
2019-07-31,2019073101004911,SLBBL,26,26,50,500.00,"25,000.00"
2019-07-31,2019073101005025,SLBBL,21,52,200,503.00,"100,600.00"
2019-07-31,2019073101005024,SLBBL,21,41,102,501.00,"51,102.00"
2019-07-31,2019073101005023,SLBBL,21,29,70,501.00,"35,070.00"
2019-07-31,2019073101005126,SLBBL,6,25,90,510.00,"45,900.00"
2019-07-31,2019073101005125,SLBBL,57,25,10,515.00,"5,150.00"
2019-07-31,2019073101005061,SLBBL,57,25,73,505.00,"36,865.00"
2019-07-31,2019073101005060,SLBBL,57,25,32,504.00,"16,128.00"
2019-07-31,2019073101005172,SLBSL,42,55,10,685.00,"6,850.00"
2019-07-31,2019073101005146,SLBSL,18,17,10,675.00,"6,750.00"
2019-07-31,2019073101005066,SLBSL,18,17,10,675.00,"6,750.00"
2019-07-31,2019073101005065,SLBSL,18,17,10,675.00,"6,750.00"
2019-07-31,2019073101005281,SMB,3,26,10,476.00,"4,760.00"
2019-07-31,2019073101004951,SMB,3,45,20,476.00,"9,520.00"
2019-07-31,2019073101004941,SMB,3,26,10,476.00,"4,760.00"
2019-07-31,2019073101004901,SMB,3,38,10,476.00,"4,760.00"
2019-07-31,2019073101004900,SMB,3,32,50,476.00,"23,800.00"
2019-07-31,2019073101004957,SMFBS,34,43,10,656.00,"6,560.00"
2019-07-31,2019073101004956,SMFBS,34,26,10,655.00,"6,550.00"
2019-07-31,2019073101004842,SMFBS,33,48,50,656.00,"32,800.00"
2019-07-31,2019073101005286,SMFDB,49,45,90,558.00,"50,220.00"
2019-07-31,2019073101005274,SMFDB,49,45,100,558.00,"55,800.00"
2019-07-31,2019073101005273,SMFDB,6,45,10,558.00,"5,580.00"
2019-07-31,2019073101005288,SPARS,6,50,10,580.00,"5,800.00"
2019-07-31,2019073101005271,SPARS,14,17,10,571.00,"5,710.00"
2019-07-31,2019073101004955,SPARS,14,38,20,571.00,"11,420.00"
2019-07-31,2019073101004950,SPARS,14,34,10,571.00,"5,710.00"
2019-07-31,2019073101004927,SPARS,14,8,10,581.00,"5,810.00"
2019-07-31,2019073101004926,SPARS,14,21,10,580.00,"5,800.00"
2019-07-31,2019073101004876,SPARS,28,8,100,581.00,"58,100.00"
2019-07-31,2019073101004875,SPARS,28,38,100,580.00,"58,000.00"
2019-07-31,2019073101004820,SPARS,21,1,95,580.00,"55,100.00"
2019-07-31,2019073101004819,SPARS,21,33,20,580.00,"11,600.00"
2019-07-31,2019073101004818,SPARS,21,28,10,580.00,"5,800.00"
2019-07-31,2019073101005279,SRBL,29,58,19,252.00,"4,788.00"
2019-07-31,2019073101005011,SRBL,54,43,500,253.00,"126,500.00"
2019-07-31,2019073101005007,SWBBL,35,45,10,923.00,"9,230.00"
2019-07-31,2019073101005069,TRH,44,52,322,314.00,"101,108.00"
2019-07-31,2019073101005020,TRH,44,57,"1,430",314.00,"449,020.00"
2019-07-31,2019073101005264,UFL,39,22,64,181.00,"11,584.00"
2019-07-31,2019073101005228,UFL,4,28,10,184.00,"1,840.00"
2019-07-31,2019073101005234,UIC,21,22,20,359.00,"7,180.00"
2019-07-31,2019073101005223,UIC,40,22,65,359.00,"23,335.00"
2019-07-31,2019073101005222,UIC,40,25,35,359.00,"12,565.00"
2019-07-31,2019073101005213,UIC,49,25,50,359.00,"17,950.00"
2019-07-31,2019073101005180,UIC,25,25,50,359.00,"17,950.00"
2019-07-31,2019073101005169,UIC,44,25,100,359.00,"35,900.00"
2019-07-31,2019073101004802,UIC,51,35,150,358.00,"53,700.00"
2019-07-31,2019073101004801,UIC,47,35,200,358.00,"71,600.00"
2019-07-31,2019073101005122,UIC,47,25,65,359.00,"23,335.00"
2019-07-31,2019073101005121,UIC,38,25,100,359.00,"35,900.00"
2019-07-31,2019073101005115,UIC,22,11,3,360.00,"1,080.00"
2019-07-31,2019073101005114,UIC,22,26,32,360.00,"11,520.00"
2019-07-31,2019073101005013,UIC,35,26,100,360.00,"36,000.00"
2019-07-31,2019073101004863,UIC,34,17,15,359.00,"5,385.00"
2019-07-31,2019073101005026,UNHPL,47,17,80,69.00,"5,520.00"
2019-07-31,2019073101004993,UPCL,55,42,50,88.00,"4,400.00"
2019-07-31,2019073101004992,UPCL,55,51,120,88.00,"10,560.00"
2019-07-31,2019073101004991,UPCL,55,41,100,88.00,"8,800.00"
2019-07-31,2019073101004990,UPCL,55,1,300,88.00,"26,400.00"
2019-07-31,2019073101004964,UPCL,59,45,100,87.00,"8,700.00"
2019-07-31,2019073101004919,UPCL,59,45,100,87.00,"8,700.00"
2019-07-31,2019073101005255,UPPER,26,21,40,272.00,"10,880.00"
2019-07-31,2019073101005241,UPPER,26,21,18,272.00,"4,896.00"
2019-07-31,2019073101005240,UPPER,14,21,22,272.00,"5,984.00"
2019-07-31,2019073101005239,UPPER,14,52,50,272.00,"13,600.00"
2019-07-31,2019073101004840,UPPER,7,56,50,272.00,"13,600.00"
2019-07-31,2019073101004832,UPPER,7,21,50,272.00,"13,600.00"
2019-07-31,2019073101004823,UPPER,7,21,40,272.00,"10,880.00"
2019-07-31,2019073101004805,UPPER,7,21,40,272.00,"10,880.00"
2019-07-31,2019073101004982,UPPER,11,45,44,272.00,"11,968.00"
2019-07-31,2019073101004928,UPPER,11,56,40,272.00,"10,880.00"
2019-07-31,2019073101004895,UPPER,11,1,476,272.00,"129,472.00"
2019-07-31,2019073101004894,UPPER,7,1,24,272.00,"6,528.00"
2019-07-31,2019073101004983,UPPER,14,45,28,272.00,"7,616.00"
2019-07-31,2019073101004777,ADBL,51,26,194,431.00,"83,614.00"
2019-07-31,2019073101004416,ADBL,34,29,900,431.00,"387,900.00"
2019-07-31,2019073101004415,ADBL,34,42,20,431.00,"8,620.00"
2019-07-31,2019073101004414,ADBL,34,40,200,431.00,"86,200.00"
2019-07-31,2019073101004347,AKJCL,7,21,470,70.00,"32,900.00"
2019-07-31,2019073101004689,ALBSL,45,33,10,474.00,"4,740.00"
2019-07-31,2019073101004579,ALBSL,50,41,10,473.00,"4,730.00"
2019-07-31,2019073101004578,ALBSL,50,35,10,470.00,"4,700.00"
2019-07-31,2019073101004543,ALBSL,50,45,10,465.00,"4,650.00"
2019-07-31,2019073101004542,ALBSL,50,11,10,465.00,"4,650.00"
2019-07-31,2019073101004541,ALBSL,50,29,150,465.00,"69,750.00"
2019-07-31,2019073101004365,ALBSL,43,38,10,459.00,"4,590.00"
2019-07-31,2019073101004535,ALBSL,45,32,10,462.00,"4,620.00"
2019-07-31,2019073101004528,ALBSL,45,29,300,465.00,"139,500.00"
2019-07-31,2019073101004438,ALBSL,8,21,10,460.00,"4,600.00"
2019-07-31,2019073101004437,ALBSL,8,42,230,460.00,"105,800.00"
2019-07-31,2019073101004436,ALBSL,8,43,10,460.00,"4,600.00"
2019-07-31,2019073101004435,ALBSL,8,16,80,460.00,"36,800.00"
2019-07-31,2019073101004748,ALICL,26,17,700,370.00,"259,000.00"
2019-07-31,2019073101004742,ALICL,26,26,300,370.00,"111,000.00"
2019-07-31,2019073101004727,ALICL,26,26,700,370.00,"259,000.00"
2019-07-31,2019073101004776,API,51,56,201,138.00,"27,738.00"
2019-07-31,2019073101004595,API,51,56,299,137.00,"40,963.00"
2019-07-31,2019073101004594,API,14,56,50,137.00,"6,850.00"
2019-07-31,2019073101004475,API,25,22,12,136.00,"1,632.00"
2019-07-31,2019073101004340,API,32,56,191,137.00,"26,167.00"
2019-07-31,2019073101004339,API,14,56,50,138.00,"6,900.00"
2019-07-31,2019073101004338,API,41,56,500,138.00,"69,000.00"
2019-07-31,2019073101004337,API,34,56,110,138.00,"15,180.00"
2019-07-31,2019073101004383,API,1,56,200,136.00,"27,200.00"
2019-07-31,2019073101004382,API,57,56,"2,000",136.00,"272,000.00"
2019-07-31,2019073101004381,API,21,56,50,136.00,"6,800.00"
2019-07-31,2019073101004343,API,42,56,200,137.00,"27,400.00"
2019-07-31,2019073101004342,API,22,56,500,137.00,"68,500.00"
2019-07-31,2019073101004341,API,38,56,100,137.00,"13,700.00"
2019-07-31,2019073101004387,API,25,56,50,136.00,"6,800.00"
2019-07-31,2019073101004386,API,38,56,100,136.00,"13,600.00"
2019-07-31,2019073101004385,API,38,56,100,136.00,"13,600.00"
2019-07-31,2019073101004384,API,43,56,500,136.00,"68,000.00"
2019-07-31,2019073101004781,BARUN,47,49,10,90.00,900.00
2019-07-31,2019073101004599,BARUN,47,49,10,90.00,900.00
2019-07-31,2019073101004755,BFC,56,42,50,100.00,"5,000.00"
2019-07-31,2019073101004754,BFC,6,42,500,100.00,"50,000.00"
2019-07-31,2019073101004753,BFC,10,42,363,100.00,"36,300.00"
2019-07-31,2019073101004361,BFC,5,5,60,101.00,"6,060.00"
2019-07-31,2019073101004729,BOKL,16,45,900,269.00,"242,100.00"
2019-07-31,2019073101004728,BOKL,16,57,100,269.00,"26,900.00"
2019-07-31,2019073101004530,BOKL,17,25,24,268.00,"6,432.00"
2019-07-31,2019073101004529,BOKL,17,25,60,268.00,"16,080.00"
2019-07-31,2019073101004468,BOKL,17,25,140,268.00,"37,520.00"
2019-07-31,2019073101004422,BOKL,17,25,200,268.00,"53,600.00"
2019-07-31,2019073101004331,BOKL,17,25,200,268.00,"53,600.00"
2019-07-31,2019073101004446,BPCL,7,39,22,405.00,"8,910.00"
2019-07-31,2019073101004508,CBBL,32,1,100,991.00,"99,100.00"
2019-07-31,2019073101004507,CBBL,5,1,50,991.00,"49,550.00"
2019-07-31,2019073101004506,CBBL,35,1,287,991.00,"284,417.00"
2019-07-31,2019073101004336,CBBL,35,4,25,991.00,"24,775.00"
2019-07-31,2019073101004307,CBL,33,13,"2,000",155.00,"310,000.00"
2019-07-31,2019073101004306,CBL,33,45,200,155.00,"31,000.00"
2019-07-31,2019073101004305,CBL,33,5,57,155.00,"8,835.00"
2019-07-31,2019073101004304,CBL,33,44,"1,444",155.00,"223,820.00"
2019-07-31,2019073101004449,CCBL,29,52,101,172.00,"17,372.00"
2019-07-31,2019073101004401,CCBL,29,29,10,172.00,"1,720.00"
2019-07-31,2019073101004396,CCBL,29,29,9,172.00,"1,548.00"
2019-07-31,2019073101004391,CCBL,29,29,9,172.00,"1,548.00"
2019-07-31,2019073101004377,CCBL,29,29,9,172.00,"1,548.00"
2019-07-31,2019073101004366,CCBL,29,29,9,172.00,"1,548.00"
2019-07-31,2019073101004363,CCBL,29,38,83,172.00,"14,276.00"
2019-07-31,2019073101004362,CCBL,13,38,14,172.00,"2,408.00"
2019-07-31,2019073101004359,CCBL,13,29,10,172.00,"1,720.00"
2019-07-31,2019073101004354,CCBL,13,29,54,172.00,"9,288.00"
2019-07-31,2019073101004351,CCBL,13,29,67,172.00,"11,524.00"
2019-07-31,2019073101004349,CCBL,13,29,55,172.00,"9,460.00"
2019-07-31,2019073101004621,CFCL,43,41,"2,000",121.00,"242,000.00"
2019-07-31,2019073101004399,CHCL,1,50,300,510.00,"153,000.00"
2019-07-31,2019073101004398,CHCL,28,50,101,510.00,"51,510.00"
2019-07-31,2019073101004775,CIT,37,38,28,"2,450.00","68,600.00"
2019-07-31,2019073101004603,CIT,51,38,10,"2,450.00","24,500.00"
2019-07-31,2019073101004783,CLBSL,21,54,50,520.00,"26,000.00"
2019-07-31,2019073101004782,CLBSL,21,58,15,511.00,"7,665.00"
2019-07-31,2019073101004740,CZBIL,45,43,88,226.00,"19,888.00"
2019-07-31,2019073101004739,CZBIL,52,43,12,226.00,"2,712.00"
2019-07-31,2019073101004532,CZBIL,44,44,1,225.00,225.00
2019-07-31,2019073101004615,DDBL,58,25,110,760.00,"83,600.00"
2019-07-31,2019073101004614,DDBL,58,25,300,758.00,"227,400.00"
2019-07-31,2019073101004613,DDBL,58,14,34,757.00,"25,738.00"
2019-07-31,2019073101004612,DDBL,58,16,100,757.00,"75,700.00"
2019-07-31,2019073101004413,DDBL,34,4,50,754.00,"37,700.00"
2019-07-31,2019073101004763,EBL,32,47,100,668.00,"66,800.00"
2019-07-31,2019073101004724,FMDBL,39,34,53,397.00,"21,041.00"
2019-07-31,2019073101004723,FMDBL,39,49,947,397.00,"375,959.00"
2019-07-31,2019073101004704,FMDBL,39,49,53,397.00,"21,041.00"
2019-07-31,2019073101004703,FMDBL,39,38,200,396.00,"79,200.00"
2019-07-31,2019073101004702,FMDBL,39,42,20,396.00,"7,920.00"
2019-07-31,2019073101004701,FMDBL,39,55,649,396.00,"257,004.00"
2019-07-31,2019073101004700,FMDBL,39,35,78,396.00,"30,888.00"
2019-07-31,2019073101004695,FMDBL,34,35,122,396.00,"48,312.00"
2019-07-31,2019073101004694,FMDBL,34,17,28,396.00,"11,088.00"
2019-07-31,2019073101004574,FMDBL,44,34,100,395.00,"39,500.00"
2019-07-31,2019073101004567,FOWAD,56,25,15,"1,412.00","21,180.00"
2019-07-31,2019073101004562,FOWAD,7,55,19,"1,400.00","26,600.00"
2019-07-31,2019073101004400,GBBL,39,32,542,224.00,"121,408.00"
2019-07-31,2019073101004767,GBLBS,1,38,100,367.00,"36,700.00"
2019-07-31,2019073101004766,GBLBS,1,34,50,367.00,"18,350.00"
2019-07-31,2019073101004765,GBLBS,1,19,45,366.00,"16,470.00"
2019-07-31,2019073101004709,GBLBS,22,19,155,366.00,"56,730.00"
2019-07-31,2019073101004708,GBLBS,22,33,700,366.00,"256,200.00"
2019-07-31,2019073101004707,GBLBS,22,51,100,366.00,"36,600.00"
2019-07-31,2019073101004643,GBLBS,43,57,200,360.00,"72,000.00"
2019-07-31,2019073101004642,GBLBS,43,48,220,360.00,"79,200.00"
2019-07-31,2019073101004641,GBLBS,43,39,500,359.00,"179,500.00"
2019-07-31,2019073101004573,GBLBS,58,42,90,358.00,"32,220.00"
2019-07-31,2019073101004546,GBLBS,47,42,10,358.00,"3,580.00"
2019-07-31,2019073101004706,GBLBS,22,39,10,365.00,"3,650.00"
2019-07-31,2019073101004705,GBLBS,22,11,35,365.00,"12,775.00"
2019-07-31,2019073101004680,GBLBS,17,11,65,365.00,"23,725.00"
2019-07-31,2019073101004679,GBLBS,17,57,210,365.00,"76,650.00"
2019-07-31,2019073101004678,GBLBS,17,14,25,363.00,"9,075.00"
2019-07-31,2019073101004644,GBLBS,43,10,295,360.00,"106,200.00"
2019-07-31,2019073101004722,GDBL,45,49,148,212.00,"31,376.00"
2019-07-31,2019073101004721,GDBL,51,49,45,212.00,"9,540.00"
2019-07-31,2019073101004718,GILB,13,25,22,737.00,"16,214.00"
2019-07-31,2019073101004717,GILB,13,22,21,735.00,"15,435.00"
2019-07-31,2019073101004716,GILB,13,40,22,735.00,"16,170.00"
2019-07-31,2019073101004715,GILB,13,40,22,734.00,"16,148.00"
2019-07-31,2019073101004714,GILB,13,48,28,730.00,"20,440.00"
