Date,Transact. No.,Symbol,Buyer,Seller,Quantity,Rate,Amount
2019-03-06,2019030601004300,ADBL,49,25,100,292.00,"29,200.00"
2019-03-06,2019030601004246,ADBL,1,25,200,292.00,"58,400.00"
2019-03-06,2019030601003996,ADBL,54,33,10,291.00,"2,910.00"
2019-03-06,2019030601003823,AHPC,45,50,55,99.00,"5,445.00"
2019-03-06,2019030601004291,ALICL,17,57,100,388.00,"38,800.00"
2019-03-06,2019030601003957,ALICL,17,57,100,388.00,"38,800.00"
2019-03-06,2019030601003956,ALICL,17,1,50,388.00,"19,400.00"
2019-03-06,2019030601003955,ALICL,17,19,100,388.00,"38,800.00"
2019-03-06,2019030601003954,ALICL,17,55,50,388.00,"19,400.00"
2019-03-06,2019030601003953,ALICL,17,5,156,388.00,"60,528.00"
2019-03-06,2019030601003952,ALICL,17,34,87,388.00,"33,756.00"
2019-03-06,2019030601003845,ALICL,33,45,46,386.00,"17,756.00"
2019-03-06,2019030601003806,ALICL,52,34,105,388.00,"40,740.00"
2019-03-06,2019030601003805,ALICL,52,22,60,387.00,"23,220.00"
2019-03-06,2019030601003804,ALICL,52,50,35,387.00,"13,545.00"
2019-03-06,2019030601003905,API,25,34,55,125.00,"6,875.00"
2019-03-06,2019030601004266,BOKL,1,45,100,238.00,"23,800.00"
2019-03-06,2019030601004247,BOKL,8,45,10,238.00,"2,380.00"
2019-03-06,2019030601004237,BOKL,8,6,165,236.00,"38,940.00"
2019-03-06,2019030601004156,BOKL,32,6,200,236.00,"47,200.00"
2019-03-06,2019030601004155,BOKL,41,6,"1,700",236.00,"401,200.00"
2019-03-06,2019030601004154,BOKL,50,6,200,236.00,"47,200.00"
2019-03-06,2019030601003899,BOKL,17,53,229,239.00,"54,731.00"
2019-03-06,2019030601003898,BOKL,17,57,80,239.00,"19,120.00"
2019-03-06,2019030601003897,BOKL,17,16,15,239.00,"3,585.00"
2019-03-06,2019030601003884,BOKL,29,6,490,238.00,"116,620.00"
2019-03-06,2019030601003883,BOKL,26,6,10,238.00,"2,380.00"
2019-03-06,2019030601004141,BOKL,46,6,250,237.00,"59,250.00"
2019-03-06,2019030601004140,BOKL,57,6,40,237.00,"9,480.00"
2019-03-06,2019030601004139,BOKL,26,6,100,237.00,"23,700.00"
2019-03-06,2019030601004138,BOKL,57,6,81,237.00,"19,197.00"
2019-03-06,2019030601004068,BOKL,29,45,10,238.00,"2,380.00"
2019-03-06,2019030601003900,BOKL,17,6,141,239.00,"33,699.00"
2019-03-06,2019030601004147,BOKL,56,6,200,236.00,"47,200.00"
2019-03-06,2019030601004146,BOKL,8,6,449,236.00,"105,964.00"
2019-03-06,2019030601004145,BOKL,42,6,30,237.00,"7,110.00"
2019-03-06,2019030601004144,BOKL,40,6,100,237.00,"23,700.00"
2019-03-06,2019030601004143,BOKL,48,6,500,237.00,"118,500.00"
2019-03-06,2019030601004142,BOKL,26,6,"1,500",237.00,"355,500.00"
2019-03-06,2019030601004153,BOKL,50,6,200,236.00,"47,200.00"
2019-03-06,2019030601004152,BOKL,14,6,444,236.00,"104,784.00"
2019-03-06,2019030601004151,BOKL,42,6,100,236.00,"23,600.00"
2019-03-06,2019030601004150,BOKL,52,6,100,236.00,"23,600.00"
2019-03-06,2019030601004149,BOKL,22,6,300,236.00,"70,800.00"
2019-03-06,2019030601004148,BOKL,41,6,200,236.00,"47,200.00"
2019-03-06,2019030601004125,BPCL,45,40,190,342.00,"64,980.00"
2019-03-06,2019030601004124,BPCL,45,45,20,341.00,"6,820.00"
2019-03-06,2019030601004123,BPCL,45,22,10,341.00,"3,410.00"
2019-03-06,2019030601004257,CBBL,45,42,25,874.00,"21,850.00"
2019-03-06,2019030601004256,CBBL,14,42,25,874.00,"21,850.00"
2019-03-06,2019030601004010,CBBL,45,46,100,876.00,"87,600.00"
2019-03-06,2019030601004009,CBBL,45,13,100,875.00,"87,500.00"
2019-03-06,2019030601004008,CBBL,45,6,450,875.00,"393,750.00"
2019-03-06,2019030601003971,CBBL,38,6,50,875.00,"43,750.00"
2019-03-06,2019030601004252,CBL,26,33,50,149.00,"7,450.00"
2019-03-06,2019030601004270,CCBL,26,37,18,160.00,"2,880.00"
2019-03-06,2019030601004269,CCBL,26,28,32,160.00,"5,120.00"
2019-03-06,2019030601004302,CFCL,58,41,10,112.00,"1,120.00"
2019-03-06,2019030601004185,CFCL,58,14,"1,162",110.00,"127,820.00"
2019-03-06,2019030601004184,CFCL,41,14,"1,000",110.00,"110,000.00"
2019-03-06,2019030601004183,CFCL,25,14,50,110.00,"5,500.00"
2019-03-06,2019030601004182,CFCL,58,14,"1,000",110.00,"110,000.00"
2019-03-06,2019030601004181,CFCL,45,14,49,110.00,"5,390.00"
2019-03-06,2019030601003948,CFCL,59,41,714,111.00,"79,254.00"
2019-03-06,2019030601003939,CFCL,59,41,286,111.00,"31,746.00"
2019-03-06,2019030601003938,CFCL,56,41,100,111.00,"11,100.00"
2019-03-06,2019030601004245,CHCL,50,4,10,503.00,"5,030.00"
2019-03-06,2019030601004180,CHCL,50,4,30,503.00,"15,090.00"
2019-03-06,2019030601004296,CHLBS,48,38,10,556.00,"5,560.00"
2019-03-06,2019030601004276,CHLBS,48,38,50,556.00,"27,800.00"
2019-03-06,2019030601004189,CHLBS,48,41,50,556.00,"27,800.00"
2019-03-06,2019030601004188,CHLBS,38,41,100,557.00,"55,700.00"
2019-03-06,2019030601004135,CHLBS,16,45,10,562.00,"5,620.00"
2019-03-06,2019030601004134,CHLBS,16,50,10,562.00,"5,620.00"
2019-03-06,2019030601003822,CHLBS,38,36,10,557.00,"5,570.00"
2019-03-06,2019030601003816,CHLBS,38,36,10,557.00,"5,570.00"
2019-03-06,2019030601003803,CHLBS,38,36,10,557.00,"5,570.00"
2019-03-06,2019030601004127,CHLBS,16,49,10,560.00,"5,600.00"
2019-03-06,2019030601003940,CHLBS,38,36,10,557.00,"5,570.00"
2019-03-06,2019030601003925,CHLBS,38,36,10,557.00,"5,570.00"
2019-03-06,2019030601003917,CHLBS,38,36,10,557.00,"5,570.00"
2019-03-06,2019030601003894,CHLBS,38,36,10,557.00,"5,570.00"
2019-03-06,2019030601003859,CHLBS,38,45,10,557.00,"5,570.00"
2019-03-06,2019030601004133,CHLBS,16,38,10,560.00,"5,600.00"
2019-03-06,2019030601004132,CHLBS,16,38,10,560.00,"5,600.00"
2019-03-06,2019030601004131,CHLBS,16,58,10,560.00,"5,600.00"
2019-03-06,2019030601004130,CHLBS,16,38,10,560.00,"5,600.00"
2019-03-06,2019030601004129,CHLBS,16,38,10,560.00,"5,600.00"
2019-03-06,2019030601004128,CHLBS,16,38,20,560.00,"11,200.00"
2019-03-06,2019030601004171,CIT,40,17,25,"2,540.00","63,500.00"
2019-03-06,2019030601004121,CIT,26,22,10,"2,539.00","25,390.00"
2019-03-06,2019030601004106,CIT,40,22,67,"2,544.00","170,448.00"
2019-03-06,2019030601004096,CIT,5,22,30,"2,544.00","76,320.00"
2019-03-06,2019030601004095,CIT,5,41,20,"2,544.00","50,880.00"
2019-03-06,2019030601004036,CLBSL,44,56,10,606.00,"6,060.00"
2019-03-06,2019030601004025,CZBIL,29,17,290,204.00,"59,160.00"
2019-03-06,2019030601004024,CZBIL,29,41,300,204.00,"61,200.00"
2019-03-06,2019030601004023,CZBIL,29,39,99,204.00,"20,196.00"
2019-03-06,2019030601003958,CZBIL,49,39,50,204.00,"10,200.00"
2019-03-06,2019030601003856,CZBIL,40,39,150,204.00,"30,600.00"
2019-03-06,2019030601003855,CZBIL,40,1,300,204.00,"61,200.00"
2019-03-06,2019030601003854,CZBIL,40,44,50,204.00,"10,200.00"
2019-03-06,2019030601004100,DBBL,51,41,157,122.00,"19,154.00"
2019-03-06,2019030601003812,DBBL,42,7,500,123.00,"61,500.00"
2019-03-06,2019030601004084,DDBL,1,59,30,595.00,"17,850.00"
2019-03-06,2019030601004065,DDBL,1,25,50,594.00,"29,700.00"
2019-03-06,2019030601004064,DDBL,1,59,100,593.00,"59,300.00"
2019-03-06,2019030601004063,DDBL,1,19,20,591.00,"11,820.00"
2019-03-06,2019030601004062,DDBL,1,49,95,590.00,"56,050.00"
2019-03-06,2019030601004061,DDBL,1,51,103,589.00,"60,667.00"
2019-03-06,2019030601004060,DDBL,1,16,56,589.00,"32,984.00"
2019-03-06,2019030601003848,DDBL,26,19,100,588.00,"58,800.00"
2019-03-06,2019030601003847,DDBL,26,59,100,588.00,"58,800.00"
2019-03-06,2019030601003846,DDBL,26,57,60,587.00,"35,220.00"
2019-03-06,2019030601004288,EBL,57,55,10,514.00,"5,140.00"
2019-03-06,2019030601004287,EBL,57,22,500,513.00,"256,500.00"
2019-03-06,2019030601004286,EBL,57,34,73,513.00,"37,449.00"
2019-03-06,2019030601003916,EBL,53,42,100,513.00,"51,300.00"
2019-03-06,2019030601003988,EBL,57,34,30,513.00,"15,390.00"
2019-03-06,2019030601003970,EBL,11,34,555,513.00,"284,715.00"
2019-03-06,2019030601003969,EBL,11,42,676,513.00,"346,788.00"
2019-03-06,2019030601004021,EDBL,33,38,10,285.00,"2,850.00"
2019-03-06,2019030601004082,EIC,32,1,200,813.00,"162,600.00"
2019-03-06,2019030601004081,EIC,32,40,50,813.00,"40,650.00"
2019-03-06,2019030601004080,EIC,32,40,126,812.00,"102,312.00"
2019-03-06,2019030601004248,FMDBL,49,36,200,362.00,"72,400.00"
2019-03-06,2019030601003992,FOWAD,6,6,39,"1,530.00","59,670.00"
2019-03-06,2019030601004163,GBBL,4,35,12,185.00,"2,220.00"
2019-03-06,2019030601004094,GBBL,32,35,123,184.00,"22,632.00"
2019-03-06,2019030601004083,GBIME,40,41,100,261.00,"26,100.00"
2019-03-06,2019030601004273,GBLBS,44,37,10,441.00,"4,410.00"
2019-03-06,2019030601004254,GBLBS,44,37,10,441.00,"4,410.00"
2019-03-06,2019030601004209,GBLBS,44,37,10,441.00,"4,410.00"
2019-03-06,2019030601004196,GBLBS,44,37,10,441.00,"4,410.00"
2019-03-06,2019030601003923,GBLBS,44,21,10,441.00,"4,410.00"
2019-03-06,2019030601004027,GDBL,32,19,200,179.00,"35,800.00"
2019-03-06,2019030601003833,GDBL,33,48,100,180.00,"18,000.00"
2019-03-06,2019030601003993,GFCL,35,32,50,116.00,"5,800.00"
2019-03-06,2019030601003927,GFCL,50,5,100,114.00,"11,400.00"
2019-03-06,2019030601004120,GILB,44,32,10,"1,081.00","10,810.00"
2019-03-06,2019030601004093,GILB,44,32,10,"1,060.00","10,600.00"
2019-03-06,2019030601004076,GILB,44,6,19,"1,045.00","19,855.00"
2019-03-06,2019030601004109,GLICL,46,50,10,693.00,"6,930.00"
2019-03-06,2019030601004167,GUFL,59,43,200,108.00,"21,600.00"
2019-03-06,2019030601004271,HATH,45,50,500,117.00,"58,500.00"
2019-03-06,2019030601004206,HATH,45,49,50,115.00,"5,750.00"
2019-03-06,2019030601004078,HBL,58,34,250,427.00,"106,750.00"
2019-03-06,2019030601003967,HGI,17,5,200,376.00,"75,200.00"
2019-03-06,2019030601003866,HGI,28,34,50,375.00,"18,750.00"
2019-03-06,2019030601003926,HIDCL,6,6,275,130.00,"35,750.00"
2019-03-06,2019030601003820,HIDCL,54,25,150,130.00,"19,500.00"
2019-03-06,2019030601003819,HIDCL,1,25,515,130.00,"66,950.00"
2019-03-06,2019030601004104,HPPL,14,55,10,172.00,"1,720.00"
2019-03-06,2019030601004253,IGI,19,37,80,411.00,"32,880.00"
2019-03-06,2019030601003810,IGI,34,38,20,399.00,"7,980.00"
2019-03-06,2019030601003975,IGI,19,38,500,400.00,"200,000.00"
2019-03-06,2019030601003974,IGI,19,17,100,400.00,"40,000.00"
2019-03-06,2019030601003973,IGI,19,38,165,399.00,"65,835.00"
2019-03-06,2019030601003977,IGI,19,59,100,403.00,"40,300.00"
2019-03-06,2019030601003976,IGI,19,45,70,402.00,"28,140.00"
2019-03-06,2019030601004194,JBBL,6,29,20,135.00,"2,700.00"
2019-03-06,2019030601003943,JBNL,56,46,49,167.00,"8,183.00"
2019-03-06,2019030601003920,JEFL,4,28,"1,000",136.00,"136,000.00"
2019-03-06,2019030601003919,JEFL,4,1,200,136.00,"27,200.00"
2019-03-06,2019030601004019,JSLBB,10,29,31,"2,400.00","74,400.00"
2019-03-06,2019030601003987,JSLBB,39,58,100,"2,425.00","242,500.00"
2019-03-06,2019030601003986,JSLBB,39,38,50,"2,424.00","121,200.00"
2019-03-06,2019030601003985,JSLBB,39,44,14,"2,400.00","33,600.00"
2019-03-06,2019030601004267,KBL,41,6,65,231.00,"15,015.00"
2019-03-06,2019030601004255,KBL,26,47,200,232.00,"46,400.00"
2019-03-06,2019030601004186,KBL,41,6,800,231.00,"184,800.00"
2019-03-06,2019030601004085,KBL,26,6,500,231.00,"115,500.00"
2019-03-06,2019030601003972,KBL,38,6,100,231.00,"23,100.00"
2019-03-06,2019030601003950,KBL,59,41,44,230.00,"10,120.00"
2019-03-06,2019030601003918,KBL,38,6,100,231.00,"23,100.00"
2019-03-06,2019030601003896,KBL,38,6,100,231.00,"23,100.00"
2019-03-06,2019030601003860,KBL,38,6,100,231.00,"23,100.00"
2019-03-06,2019030601003825,KBL,38,6,100,231.00,"23,100.00"
2019-03-06,2019030601003808,KBL,38,6,100,231.00,"23,100.00"
2019-03-06,2019030601004026,KKHC,46,46,164,72.00,"11,808.00"
2019-03-06,2019030601004089,KMCDB,36,48,50,820.00,"41,000.00"
2019-03-06,2019030601004136,KMFL,44,19,10,877.00,"8,770.00"
2019-03-06,2019030601004047,KNBL,56,50,10,120.00,"1,200.00"
2019-03-06,2019030601003815,KPCL,45,37,10,94.00,940.00
2019-03-06,2019030601003814,KPCL,45,25,10,94.00,940.00
2019-03-06,2019030601003827,KSBBL,36,42,717,134.00,"96,078.00"
2019-03-06,2019030601004028,LBBL,45,25,150,171.00,"25,650.00"
2019-03-06,2019030601003979,LBBL,19,32,"2,774",170.00,"471,580.00"
2019-03-06,2019030601003978,LBBL,48,32,55,170.00,"9,350.00"
2019-03-06,2019030601003947,LBBL,49,25,300,171.00,"51,300.00"
2019-03-06,2019030601004170,LBL,32,42,112,187.00,"20,944.00"
2019-03-06,2019030601004169,LBL,39,42,100,187.00,"18,700.00"
2019-03-06,2019030601004001,LBL,6,13,140,188.00,"26,320.00"
2019-03-06,2019030601004197,LGIL,45,38,"1,000",505.00,"505,000.00"
2019-03-06,2019030601004020,LGIL,28,38,10,504.00,"5,040.00"
2019-03-06,2019030601003949,LGIL,21,55,100,506.00,"50,600.00"
2019-03-06,2019030601003932,LGIL,28,55,340,506.00,"172,040.00"
2019-03-06,2019030601003931,LGIL,28,17,100,505.00,"50,500.00"
2019-03-06,2019030601003880,LGIL,10,33,75,505.00,"37,875.00"
2019-03-06,2019030601004251,LICN,50,17,100,"1,430.00","143,000.00"
2019-03-06,2019030601004092,LICN,14,17,390,"1,430.00","557,700.00"
2019-03-06,2019030601003818,LICN,28,17,300,"1,425.00","427,500.00"
2019-03-06,2019030601004079,MEGA,14,16,250,157.00,"39,250.00"
2019-03-06,2019030601004059,MEGA,19,16,150,157.00,"23,550.00"
2019-03-06,2019030601003928,MEGA,56,57,28,158.00,"4,424.00"
2019-03-06,2019030601003915,MEGA,42,45,18,157.00,"2,826.00"
2019-03-06,2019030601003843,MEGA,22,57,130,158.00,"20,540.00"
2019-03-06,2019030601003842,MEGA,22,16,20,158.00,"3,160.00"
2019-03-06,2019030601003809,MEGA,26,16,50,158.00,"7,900.00"
2019-03-06,2019030601004294,MERO,42,42,20,580.00,"11,600.00"
2019-03-06,2019030601004293,MERO,14,42,50,580.00,"29,000.00"
2019-03-06,2019030601004292,MERO,44,42,25,585.00,"14,625.00"
2019-03-06,2019030601004102,MERO,44,40,25,585.00,"14,625.00"
2019-03-06,2019030601004072,MERO,34,40,70,585.00,"40,950.00"
2019-03-06,2019030601004071,MERO,40,40,50,585.00,"29,250.00"
2019-03-06,2019030601004070,MERO,42,40,20,585.00,"11,700.00"
2019-03-06,2019030601004069,MERO,50,40,50,586.00,"29,300.00"
2019-03-06,2019030601004101,MIDBL,34,57,500,148.00,"74,000.00"
2019-03-06,2019030601004195,MNBBL,26,38,35,337.00,"11,795.00"
2019-03-06,2019030601004299,MSMBS,58,29,11,537.00,"5,907.00"
2019-03-06,2019030601004298,MSMBS,58,55,44,535.00,"23,540.00"
2019-03-06,2019030601004297,MSMBS,58,56,18,535.00,"9,630.00"
2019-03-06,2019030601004232,NABIL,35,44,700,686.00,"480,200.00"
2019-03-06,2019030601004077,NABIL,34,55,180,685.00,"123,300.00"
2019-03-06,2019030601004006,NABIL,46,38,50,686.00,"34,300.00"
2019-03-06,2019030601004005,NABIL,50,38,20,686.00,"13,720.00"
2019-03-06,2019030601004004,NABIL,39,38,12,686.00,"8,232.00"
2019-03-06,2019030601004272,NABILP,44,28,300,642.00,"192,600.00"
2019-03-06,2019030601004242,NABILP,59,28,200,642.00,"128,400.00"
2019-03-06,2019030601004261,NADEP,49,43,10,696.00,"6,960.00"
2019-03-06,2019030601004088,NADEP,29,40,10,683.00,"6,830.00"
2019-03-06,2019030601004087,NADEP,29,34,10,682.00,"6,820.00"
2019-03-06,2019030601004086,NADEP,29,34,10,682.00,"6,820.00"
2019-03-06,2019030601004207,NBB,49,43,100,185.00,"18,500.00"
2019-03-06,2019030601003981,NBB,41,36,50,183.00,"9,150.00"
2019-03-06,2019030601003980,NBB,56,36,"1,613",183.00,"295,179.00"
2019-03-06,2019030601004168,NBB,29,36,600,183.00,"109,800.00"
2019-03-06,2019030601004103,NBB,56,36,200,184.00,"36,800.00"
2019-03-06,2019030601004002,NBB,6,36,200,184.00,"36,800.00"
2019-03-06,2019030601003983,NBB,11,36,30,183.00,"5,490.00"
2019-03-06,2019030601003982,NBB,53,36,500,183.00,"91,500.00"
2019-03-06,2019030601004279,NBBL,39,39,366,645.00,"236,070.00"
2019-03-06,2019030601004278,NBBL,39,56,50,642.00,"32,100.00"
2019-03-06,2019030601004277,NBBL,39,42,19,642.00,"12,198.00"
2019-03-06,2019030601004250,NBBL,33,42,50,642.00,"32,100.00"
2019-03-06,2019030601003997,NBBL,34,34,31,641.00,"19,871.00"
2019-03-06,2019030601003965,NBBL,34,34,1,641.00,641.00
2019-03-06,2019030601003930,NBBL,34,35,50,641.00,"32,050.00"
2019-03-06,2019030601003929,NBBL,34,57,19,640.00,"12,160.00"
2019-03-06,2019030601003861,NBBL,39,51,450,638.00,"287,100.00"
2019-03-06,2019030601004249,NBL,47,41,200,284.00,"56,800.00"
2019-03-06,2019030601004193,NBL,5,41,300,284.00,"85,200.00"
2019-03-06,2019030601004179,NBL,35,32,100,284.00,"28,400.00"
2019-03-06,2019030601004178,NBL,35,17,200,284.00,"56,800.00"
2019-03-06,2019030601004126,NBL,50,17,469,283.00,"132,727.00"
2019-03-06,2019030601004111,NBL,34,17,300,283.00,"84,900.00"
2019-03-06,2019030601004091,NBL,52,17,500,283.00,"141,500.00"
2019-03-06,2019030601003849,NBL,35,36,390,283.00,"110,370.00"
2019-03-06,2019030601004268,NCCB,58,32,10,212.00,"2,120.00"
2019-03-06,2019030601004264,NCCB,33,58,10,214.00,"2,140.00"
2019-03-06,2019030601004260,NCCB,25,58,10,214.00,"2,140.00"
2019-03-06,2019030601004217,NCCB,43,33,"1,000",210.00,"210,000.00"
2019-03-06,2019030601004216,NCCB,43,7,"1,000",210.00,"210,000.00"
2019-03-06,2019030601004215,NCCB,43,6,200,208.00,"41,600.00"
2019-03-06,2019030601003839,NCCB,10,32,15,204.00,"3,060.00"
2019-03-06,2019030601003874,NCCB,4,34,985,204.00,"200,940.00"
2019-03-06,2019030601003873,NCCB,4,32,715,204.00,"145,860.00"
2019-03-06,2019030601003853,NCCB,22,32,150,204.00,"30,600.00"
2019-03-06,2019030601003844,NCCB,45,32,"1,000",204.00,"204,000.00"
2019-03-06,2019030601003841,NCCB,10,32,135,204.00,"27,540.00"
2019-03-06,2019030601003840,NCCB,10,40,150,204.00,"30,600.00"
2019-03-06,2019030601004052,NCCB,10,42,100,206.00,"20,600.00"
2019-03-06,2019030601004040,NCCB,50,1,100,205.00,"20,500.00"
2019-03-06,2019030601004039,NCCB,50,40,200,205.00,"41,000.00"
2019-03-06,2019030601004038,NCCB,50,28,33,205.00,"6,765.00"
2019-03-06,2019030601004037,NCCB,50,11,370,205.00,"75,850.00"
2019-03-06,2019030601003875,NCCB,10,34,15,204.00,"3,060.00"
2019-03-06,2019030601004214,NCCB,43,33,"5,000",208.00,"1,040,000.00"
2019-03-06,2019030601004213,NCCB,43,51,589,207.00,"121,923.00"
2019-03-06,2019030601004212,NCCB,43,6,300,207.00,"62,100.00"
2019-03-06,2019030601004211,NCCB,43,37,404,206.00,"83,224.00"
2019-03-06,2019030601004210,NCCB,43,42,500,206.00,"103,000.00"
2019-03-06,2019030601004055,NCCB,11,42,400,206.00,"82,400.00"
2019-03-06,2019030601003994,NEF,25,16,"1,979",7.80,"15,436.20"
2019-03-06,2019030601004041,NGPL,33,17,11,115.00,"1,265.00"
2019-03-06,2019030601004022,NGPL,33,17,61,115.00,"7,015.00"
2019-03-06,2019030601004301,NIB,1,47,12,508.00,"6,096.00"
2019-03-06,2019030601004265,NIB,1,47,100,508.00,"50,800.00"
2019-03-06,2019030601003824,NIB,26,47,50,508.00,"25,400.00"
2019-03-06,2019030601004105,NIBPO,16,8,100,468.00,"46,800.00"
2019-03-06,2019030601004075,NICA,45,25,100,385.00,"38,500.00"
2019-03-06,2019030601003922,NICA,53,34,150,386.00,"57,900.00"
2019-03-06,2019030601003834,NICA,26,34,100,386.00,"38,600.00"
2019-03-06,2019030601004192,NICL,36,44,391,371.00,"145,061.00"
2019-03-06,2019030601004191,NICL,36,22,100,370.00,"37,000.00"
2019-03-06,2019030601004190,NICL,36,19,300,370.00,"111,000.00"
2019-03-06,2019030601004161,NIL,45,44,654,517.00,"338,118.00"
2019-03-06,2019030601004160,NIL,45,28,346,515.00,"178,190.00"
2019-03-06,2019030601004159,NIL,45,7,500,514.00,"257,000.00"
2019-03-06,2019030601003851,NLBBL,16,19,110,455.00,"50,050.00"
2019-03-06,2019030601004222,NLG,45,51,30,815.00,"24,450.00"
2019-03-06,2019030601004221,NLG,45,19,100,814.00,"81,400.00"
2019-03-06,2019030601004220,NLG,45,40,370,812.00,"300,440.00"
2019-03-06,2019030601003921,NLG,58,51,10,815.00,"8,150.00"
2019-03-06,2019030601003889,NLG,58,19,10,810.00,"8,100.00"
2019-03-06,2019030601003888,NLG,58,19,90,806.00,"72,540.00"
2019-03-06,2019030601004285,NLIC,44,28,400,"1,078.00","431,200.00"
2019-03-06,2019030601004284,NLIC,11,28,70,"1,078.00","75,460.00"
2019-03-06,2019030601004177,NLIC,19,44,25,"1,080.00","27,000.00"
2019-03-06,2019030601004176,NLIC,19,28,475,"1,080.00","513,000.00"
2019-03-06,2019030601004053,NLIC,11,34,30,"1,078.00","32,340.00"
2019-03-06,2019030601004043,NLIC,44,34,40,"1,079.00","43,160.00"
2019-03-06,2019030601003817,NLIC,39,39,1,"1,060.00","1,060.00"
2019-03-06,2019030601003807,NLIC,39,16,3,"1,060.00","3,180.00"
2019-03-06,2019030601003914,NLIC,56,14,50,"1,079.00","53,950.00"
2019-03-06,2019030601003906,NLIC,39,39,3,"1,060.00","3,180.00"
2019-03-06,2019030601003887,NLIC,34,14,50,"1,079.00","53,950.00"
2019-03-06,2019030601003886,NLIC,22,14,150,"1,079.00","161,850.00"
2019-03-06,2019030601003885,NLIC,6,14,33,"1,079.00","35,607.00"
2019-03-06,2019030601003821,NLIC,39,39,1,"1,060.00","1,060.00"
2019-03-06,2019030601004033,NLIC,44,38,10,"1,079.00","10,790.00"
2019-03-06,2019030601003968,NLIC,43,19,200,"1,078.00","215,600.00"
2019-03-06,2019030601003966,NLIC,55,28,25,"1,080.00","27,000.00"
2019-03-06,2019030601003951,NLIC,49,14,17,"1,079.00","18,343.00"
2019-03-06,2019030601003941,NLIC,39,39,3,"1,060.00","3,180.00"
2019-03-06,2019030601003933,NLIC,39,39,3,"1,060.00","3,180.00"
2019-03-06,2019030601004275,NLICL,48,53,500,630.00,"315,000.00"
2019-03-06,2019030601004187,NLICL,48,53,61,630.00,"38,430.00"
2019-03-06,2019030601004166,NLICL,13,53,439,630.00,"276,570.00"
2019-03-06,2019030601004165,NLICL,13,40,11,630.00,"6,930.00"
2019-03-06,2019030601004164,NLICL,13,56,100,630.00,"63,000.00"
2019-03-06,2019030601004098,NLICL,35,47,400,629.00,"251,600.00"
2019-03-06,2019030601004097,NLICL,35,53,500,628.00,"314,000.00"
2019-03-06,2019030601003984,NLICL,22,32,305,627.00,"191,235.00"
2019-03-06,2019030601004283,NMB,57,29,377,306.00,"115,362.00"
2019-03-06,2019030601004282,NMB,49,29,50,306.00,"15,300.00"
2019-03-06,2019030601004281,NMB,17,29,500,307.00,"153,500.00"
2019-03-06,2019030601004280,NMB,55,29,73,307.00,"22,411.00"
2019-03-06,2019030601004203,NMB,55,25,212,307.00,"65,084.00"
2019-03-06,2019030601004202,NMB,21,25,50,307.00,"15,350.00"
2019-03-06,2019030601003937,NMB,21,29,950,307.00,"291,650.00"
2019-03-06,2019030601003903,NMB,55,45,15,306.00,"4,590.00"
2019-03-06,2019030601003902,NMB,19,45,50,306.00,"15,300.00"
2019-03-06,2019030601003901,NMB,18,45,50,306.00,"15,300.00"
2019-03-06,2019030601004238,NMBMF,29,41,50,"1,050.00","52,500.00"
2019-03-06,2019030601004050,NMBMF,18,43,20,"1,064.00","21,280.00"
2019-03-06,2019030601004003,NMBMF,29,58,80,"1,050.00","84,000.00"
2019-03-06,2019030601003862,NMFBS,33,41,12,"1,634.00","19,608.00"
2019-03-06,2019030601003869,NNLB,5,34,100,468.00,"46,800.00"
2019-03-06,2019030601004244,NTC,53,34,100,680.00,"68,000.00"
2019-03-06,2019030601004243,NTC,53,36,369,680.00,"250,920.00"
2019-03-06,2019030601004174,NTC,40,10,40,678.00,"27,120.00"
2019-03-06,2019030601004173,NTC,14,10,10,678.00,"6,780.00"
2019-03-06,2019030601004172,NTC,13,10,50,678.00,"33,900.00"
2019-03-06,2019030601003836,NTC,56,36,40,680.00,"27,200.00"
2019-03-06,2019030601003991,NTC,14,36,10,680.00,"6,800.00"
2019-03-06,2019030601004042,NUBL,45,22,550,724.00,"398,200.00"
2019-03-06,2019030601004007,OHL,50,55,20,421.00,"8,420.00"
2019-03-06,2019030601004032,PCBL,40,38,500,308.00,"154,000.00"
2019-03-06,2019030601004031,PCBL,19,38,19,308.00,"5,852.00"
2019-03-06,2019030601003964,PCBL,52,38,73,309.00,"22,557.00"
2019-03-06,2019030601003963,PCBL,52,59,127,309.00,"39,243.00"
2019-03-06,2019030601003868,PCBL,38,38,100,309.00,"30,900.00"
2019-03-06,2019030601003865,PCBL,19,45,15,308.00,"4,620.00"
2019-03-06,2019030601003837,PCBL,38,45,100,309.00,"30,900.00"
2019-03-06,2019030601004263,PFL,58,58,39,129.00,"5,031.00"
2019-03-06,2019030601004262,PFL,58,58,39,129.00,"5,031.00"
2019-03-06,2019030601004241,PFL,32,58,39,128.00,"4,992.00"
2019-03-06,2019030601004175,PFL,14,32,22,127.00,"2,794.00"
2019-03-06,2019030601004034,PFL,45,32,22,129.00,"2,838.00"
2019-03-06,2019030601004014,PFL,45,32,22,129.00,"2,838.00"
2019-03-06,2019030601003893,PIC,6,41,30,"1,018.00","30,540.00"
2019-03-06,2019030601003892,PIC,6,33,200,"1,018.00","203,600.00"
2019-03-06,2019030601003891,PIC,6,55,11,"1,018.00","11,198.00"
2019-03-06,2019030601003890,PIC,6,6,50,"1,017.00","50,850.00"
2019-03-06,2019030601004110,PLIC,1,55,89,437.00,"38,893.00"
2019-03-06,2019030601003835,PLIC,34,29,100,440.00,"44,000.00"
2019-03-06,2019030601004058,PMHPL,58,25,10,110.00,"1,100.00"
2019-03-06,2019030601004057,PMHPL,58,58,10,109.00,"1,090.00"
2019-03-06,2019030601004056,PMHPL,58,58,10,109.00,"1,090.00"
2019-03-06,2019030601004048,PMHPL,56,58,10,108.00,"1,080.00"
2019-03-06,2019030601004205,PRIN,4,19,200,410.00,"82,000.00"
2019-03-06,2019030601003830,PRIN,34,19,40,410.00,"16,400.00"
2019-03-06,2019030601003829,PRIN,34,28,50,410.00,"20,500.00"
2019-03-06,2019030601003828,PRIN,34,38,10,410.00,"4,100.00"
2019-03-06,2019030601004137,PRVU,6,17,20,216.00,"4,320.00"
2019-03-06,2019030601003879,PRVU,36,7,400,215.00,"86,000.00"
2019-03-06,2019030601003872,PRVU,34,47,80,214.00,"17,120.00"
2019-03-06,2019030601003871,PRVU,40,47,20,215.00,"4,300.00"
2019-03-06,2019030601004046,PURBL,14,34,500,171.00,"85,500.00"
2019-03-06,2019030601004045,PURBL,14,16,43,171.00,"7,353.00"
2019-03-06,2019030601004044,PURBL,14,42,91,170.00,"15,470.00"
2019-03-06,2019030601004035,PURBL,14,25,200,168.00,"33,600.00"
2019-03-06,2019030601004219,RADHI,13,32,11,157.00,"1,727.00"
2019-03-06,2019030601004054,RADHI,13,32,11,157.00,"1,727.00"
2019-03-06,2019030601004115,RMDC,58,53,10,539.00,"5,390.00"
2019-03-06,2019030601004114,RMDC,58,46,50,538.00,"26,900.00"
2019-03-06,2019030601004113,RMDC,58,55,40,534.00,"21,360.00"
2019-03-06,2019030601003858,RMDC,41,22,225,530.00,"119,250.00"
2019-03-06,2019030601003857,RMDC,41,53,10,530.00,"5,300.00"
2019-03-06,2019030601003870,RRHP,56,56,10,94.00,940.00
2019-03-06,2019030601003864,RRHP,56,56,90,94.00,"8,460.00"
2019-03-06,2019030601003863,RSDC,16,38,200,380.00,"76,000.00"
2019-03-06,2019030601004000,SADBL,36,5,500,137.00,"68,500.00"
2019-03-06,2019030601004231,SANIMA,44,6,50,293.00,"14,650.00"
2019-03-06,2019030601004230,SANIMA,39,6,"1,000",293.00,"293,000.00"
2019-03-06,2019030601004229,SANIMA,35,6,74,293.00,"21,682.00"
2019-03-06,2019030601004228,SANIMA,6,6,10,294.00,"2,940.00"
2019-03-06,2019030601003895,SANIMA,34,6,"2,000",294.00,"588,000.00"
2019-03-06,2019030601003882,SANIMA,35,55,26,293.00,"7,618.00"
2019-03-06,2019030601003881,SANIMA,52,55,181,293.00,"53,033.00"
2019-03-06,2019030601003826,SANIMA,52,57,32,293.00,"9,376.00"
2019-03-06,2019030601003946,SBI,16,3,70,373.00,"26,110.00"
2019-03-06,2019030601003945,SBI,16,51,50,372.00,"18,600.00"
2019-03-06,2019030601003944,SBI,16,28,30,372.00,"11,160.00"
2019-03-06,2019030601003813,SBI,17,28,100,372.00,"37,200.00"
2019-03-06,2019030601004240,SBL,53,35,87,279.00,"24,273.00"
2019-03-06,2019030601004239,SBL,53,28,372,279.00,"103,788.00"
2019-03-06,2019030601004090,SBL,50,45,30,278.00,"8,340.00"
2019-03-06,2019030601004259,SCB,35,1,49,532.00,"26,068.00"
2019-03-06,2019030601004258,SCB,35,13,21,532.00,"11,172.00"
2019-03-06,2019030601004108,SCB,36,37,20,531.00,"10,620.00"
2019-03-06,2019030601004107,SCB,36,7,65,531.00,"34,515.00"
2019-03-06,2019030601004016,SCB,56,42,100,530.00,"53,000.00"
2019-03-06,2019030601004015,SCB,35,42,80,530.00,"42,400.00"
2019-03-06,2019030601003999,SCB,52,7,10,531.00,"5,310.00"
2019-03-06,2019030601004226,SDESI,33,42,23,585.00,"13,455.00"
2019-03-06,2019030601004225,SDESI,33,42,12,585.00,"7,020.00"
2019-03-06,2019030601004224,SDESI,33,21,27,585.00,"15,795.00"
2019-03-06,2019030601004223,SDESI,33,5,27,584.00,"15,768.00"
2019-03-06,2019030601004099,SHINE,28,58,20,240.00,"4,800.00"
2019-03-06,2019030601003934,SHINE,41,42,100,238.00,"23,800.00"
2019-03-06,2019030601003936,SHINE,1,42,100,238.00,"23,800.00"
2019-03-06,2019030601003935,SHINE,41,42,100,238.00,"23,800.00"
2019-03-06,2019030601004198,SHL,33,34,284,205.00,"58,220.00"
2019-03-06,2019030601004118,SHPC,28,41,200,222.00,"44,400.00"
2019-03-06,2019030601004117,SHPC,28,45,20,222.00,"4,440.00"
2019-03-06,2019030601004116,SHPC,28,46,100,222.00,"22,200.00"
2019-03-06,2019030601004011,SHPC,33,50,22,221.00,"4,862.00"
2019-03-06,2019030601003989,SHPC,33,50,22,221.00,"4,862.00"
2019-03-06,2019030601003877,SIC,11,54,10,"1,285.00","12,850.00"
2019-03-06,2019030601003852,SIC,11,54,40,"1,285.00","51,400.00"
2019-03-06,2019030601003876,SICL,35,26,35,873.00,"30,555.00"
2019-03-06,2019030601004030,SICL,1,35,50,875.00,"43,750.00"
2019-03-06,2019030601004029,SICL,1,43,100,875.00,"87,500.00"
2019-03-06,2019030601003909,SICL,34,34,300,874.00,"262,200.00"
2019-03-06,2019030601003908,SICL,34,26,65,873.00,"56,745.00"
2019-03-06,2019030601004204,SIL,56,44,200,597.00,"119,400.00"
2019-03-06,2019030601004158,SIL,17,44,200,597.00,"119,400.00"
2019-03-06,2019030601003850,SIL,33,44,100,597.00,"59,700.00"
2019-03-06,2019030601003832,SIL,45,32,91,597.00,"54,327.00"
2019-03-06,2019030601003831,SIL,57,32,82,597.00,"48,954.00"
2019-03-06,2019030601004295,SKBBL,45,41,92,835.00,"76,820.00"
2019-03-06,2019030601003962,SKBBL,45,47,50,835.00,"41,750.00"
2019-03-06,2019030601003961,SKBBL,45,50,140,835.00,"116,900.00"
2019-03-06,2019030601003960,SKBBL,45,25,100,835.00,"83,500.00"
2019-03-06,2019030601003959,SKBBL,45,44,500,834.00,"417,000.00"
2019-03-06,2019030601004218,SLBBL,22,6,30,499.00,"14,970.00"
2019-03-06,2019030601003924,SLBBL,26,38,20,490.00,"9,800.00"
2019-03-06,2019030601004112,SLBSL,6,52,10,768.00,"7,680.00"
2019-03-06,2019030601004067,SLBSL,34,21,290,761.00,"220,690.00"
2019-03-06,2019030601004066,SLBSL,59,21,30,763.00,"22,890.00"
2019-03-06,2019030601004049,SLBSL,6,34,605,765.00,"462,825.00"
2019-03-06,2019030601004290,SLICL,44,4,200,523.00,"104,600.00"
2019-03-06,2019030601004289,SLICL,44,55,219,522.00,"114,318.00"
2019-03-06,2019030601004233,SLICL,5,25,70,521.00,"36,470.00"
2019-03-06,2019030601004018,SLICL,44,59,400,520.00,"208,000.00"
2019-03-06,2019030601004017,SLICL,44,4,50,519.00,"25,950.00"
2019-03-06,2019030601003995,SLICL,53,4,50,519.00,"25,950.00"
2019-03-06,2019030601003907,SLICL,44,4,100,519.00,"51,900.00"
2019-03-06,2019030601003990,SMB,58,55,10,610.00,"6,100.00"
2019-03-06,2019030601004227,SMFDB,6,50,10,666.00,"6,660.00"
2019-03-06,2019030601004274,SRBL,1,25,100,209.00,"20,900.00"
2019-03-06,2019030601003867,SRBL,36,34,243,208.00,"50,544.00"
2019-03-06,2019030601004074,SWBBL,22,14,25,800.00,"20,000.00"
2019-03-06,2019030601004073,SWBBL,22,22,10,800.00,"8,000.00"
2019-03-06,2019030601004051,SWBBL,22,45,20,799.00,"15,980.00"
2019-03-06,2019030601003904,SWBBL,35,6,30,790.00,"23,700.00"
2019-03-06,2019030601004201,UMHL,41,16,14,107.00,"1,498.00"
2019-03-06,2019030601004200,UMHL,41,16,14,107.00,"1,498.00"
2019-03-06,2019030601004199,UMHL,41,16,14,107.00,"1,498.00"
2019-03-06,2019030601004236,UPPER,41,14,20,226.00,"4,520.00"
2019-03-06,2019030601004235,UPPER,41,22,50,226.00,"11,300.00"
2019-03-06,2019030601004234,UPPER,41,22,40,226.00,"9,040.00"
2019-03-06,2019030601004208,UPPER,19,38,40,225.00,"9,000.00"
2019-03-06,2019030601003912,UPPER,22,39,97,225.00,"21,825.00"
2019-03-06,2019030601003911,UPPER,22,21,100,225.00,"22,500.00"
2019-03-06,2019030601003910,UPPER,22,5,80,225.00,"18,000.00"
2019-03-06,2019030601003811,UPPER,46,44,50,224.00,"11,200.00"
2019-03-06,2019030601003942,UPPER,22,57,40,225.00,"9,000.00"
2019-03-06,2019030601003913,UPPER,22,25,300,225.00,"67,500.00"
2019-03-06,2019030601004119,UPPER,19,57,150,225.00,"33,750.00"
2019-03-06,2019030601004013,UPPER,19,39,16,225.00,"3,600.00"
2019-03-06,2019030601004012,UPPER,22,39,90,225.00,"20,250.00"
2019-03-06,2019030601003998,UPPER,22,39,293,225.00,"65,925.00"
2019-03-06,2019030601004157,VLBS,49,42,10,677.00,"6,770.00"
2019-03-06,2019030601003878,VLBS,8,8,1,654.00,654.00
2019-03-06,2019030601004162,WOMI,33,38,10,"1,119.00","11,190.00"
2019-03-06,2019030601004122,WOMI,33,55,33,"1,100.00","36,300.00"
2019-03-06,2019030601003790,ADBL,39,25,30,292.00,"8,760.00"
2019-03-06,2019030601003773,ADBL,26,25,10,292.00,"2,920.00"
2019-03-06,2019030601003491,ADBL,7,7,113,291.00,"32,883.00"
2019-03-06,2019030601003312,ADBL,49,25,10,292.00,"2,920.00"
2019-03-06,2019030601003542,AHPC,16,16,6,98.00,588.00
2019-03-06,2019030601003755,AKJCL,58,21,10,80.00,800.00
2019-03-06,2019030601003747,AKPL,22,13,13,158.00,"2,054.00"
2019-03-06,2019030601003473,ALICL,17,50,50,387.00,"19,350.00"
2019-03-06,2019030601003353,ALICL,33,52,40,386.00,"15,440.00"
2019-03-06,2019030601003321,ALICL,33,59,14,386.00,"5,404.00"
2019-03-06,2019030601003679,API,42,56,10,124.00,"1,240.00"
2019-03-06,2019030601003665,API,42,48,101,124.00,"12,524.00"
2019-03-06,2019030601003656,API,42,5,111,124.00,"13,764.00"
2019-03-06,2019030601003655,API,56,5,150,124.00,"18,600.00"
2019-03-06,2019030601003654,API,45,5,139,124.00,"17,236.00"
2019-03-06,2019030601003565,API,29,34,25,125.00,"3,125.00"
2019-03-06,2019030601003639,BOKL,17,6,500,238.00,"119,000.00"
2019-03-06,2019030601003378,BOKL,33,6,"1,542",238.00,"366,996.00"
2019-03-06,2019030601003307,BOKL,57,45,368,237.00,"87,216.00"
2019-03-06,2019030601003398,CBBL,14,32,100,874.00,"87,400.00"
2019-03-06,2019030601003782,CCBL,16,16,74,159.00,"11,766.00"
2019-03-06,2019030601003779,CCBL,32,44,16,158.00,"2,528.00"
2019-03-06,2019030601003778,CCBL,47,44,10,158.00,"1,580.00"
2019-03-06,2019030601003727,CCBL,5,53,800,159.00,"127,200.00"
2019-03-06,2019030601003664,CCBL,48,53,100,159.00,"15,900.00"
2019-03-06,2019030601003663,CCBL,26,53,200,159.00,"31,800.00"
2019-03-06,2019030601003577,CCBL,6,59,750,159.00,"119,250.00"
2019-03-06,2019030601003499,CCBL,29,59,50,159.00,"7,950.00"
2019-03-06,2019030601003689,CFCL,28,14,900,111.00,"99,900.00"
2019-03-06,2019030601003386,CFCL,59,14,"1,000",111.00,"111,000.00"
2019-03-06,2019030601003385,CFCL,22,14,55,111.00,"6,105.00"
2019-03-06,2019030601003384,CFCL,14,14,250,111.00,"27,750.00"
2019-03-06,2019030601003383,CFCL,42,14,250,111.00,"27,750.00"
2019-03-06,2019030601003704,CHCL,34,33,477,501.00,"238,977.00"
2019-03-06,2019030601003589,CHCL,39,33,100,502.00,"50,200.00"
2019-03-06,2019030601003552,CHCL,36,33,100,502.00,"50,200.00"
2019-03-06,2019030601003625,CHL,13,29,10,102.00,"1,020.00"
2019-03-06,2019030601003701,CHLBS,38,36,10,557.00,"5,570.00"
2019-03-06,2019030601003680,CHLBS,38,39,10,557.00,"5,570.00"
2019-03-06,2019030601003616,CHLBS,48,42,10,556.00,"5,560.00"
2019-03-06,2019030601003613,CHLBS,48,47,10,556.00,"5,560.00"
2019-03-06,2019030601003606,CHLBS,42,47,10,556.00,"5,560.00"
2019-03-06,2019030601003604,CHLBS,42,44,30,556.00,"16,680.00"
2019-03-06,2019030601003373,CHLBS,26,22,10,557.00,"5,570.00"
2019-03-06,2019030601003360,CHLBS,26,39,10,557.00,"5,570.00"
2019-03-06,2019030601003356,CHLBS,26,39,10,557.00,"5,570.00"
2019-03-06,2019030601003350,CHLBS,26,39,10,557.00,"5,570.00"
2019-03-06,2019030601003426,CHLBS,42,39,10,556.00,"5,560.00"
2019-03-06,2019030601003407,CHLBS,26,39,10,557.00,"5,570.00"
2019-03-06,2019030601003402,CHLBS,26,39,10,557.00,"5,570.00"
2019-03-06,2019030601003395,CHLBS,26,39,10,557.00,"5,570.00"
2019-03-06,2019030601003394,CHLBS,26,39,10,557.00,"5,570.00"
2019-03-06,2019030601003379,CHLBS,26,39,10,557.00,"5,570.00"
2019-03-06,2019030601003572,CHLBS,42,39,10,556.00,"5,560.00"
2019-03-06,2019030601003529,CHLBS,42,39,10,556.00,"5,560.00"
2019-03-06,2019030601003498,CHLBS,16,39,10,557.00,"5,570.00"
2019-03-06,2019030601003477,CHLBS,42,39,10,556.00,"5,560.00"
2019-03-06,2019030601003455,CHLBS,42,39,10,556.00,"5,560.00"
2019-03-06,2019030601003443,CHLBS,42,39,10,556.00,"5,560.00"
2019-03-06,2019030601003739,CIT,49,49,265,"2,535.00","671,775.00"
2019-03-06,2019030601003467,CIT,16,49,10,"2,545.00","25,450.00"
2019-03-06,2019030601003449,CLBSL,45,56,10,595.00,"5,950.00"
2019-03-06,2019030601003408,CLBSL,16,16,10,585.00,"5,850.00"
2019-03-06,2019030601003692,CMF1,47,49,500,8.66,"4,330.00"
2019-03-06,2019030601003593,CMF1,47,49,500,8.66,"4,330.00"
2019-03-06,2019030601003575,CZBIL,55,42,132,203.00,"26,796.00"
2019-03-06,2019030601003574,CZBIL,56,42,129,203.00,"26,187.00"
2019-03-06,2019030601003389,CZBIL,13,44,50,204.00,"10,200.00"
2019-03-06,2019030601003605,DDBL,45,49,30,583.00,"17,490.00"
2019-03-06,2019030601003758,EBL,26,42,10,513.00,"5,130.00"
2019-03-06,2019030601003410,EBL,11,46,200,512.00,"102,400.00"
2019-03-06,2019030601003409,EBL,11,45,69,511.00,"35,259.00"
2019-03-06,2019030601003648,EBL,14,39,100,512.00,"51,200.00"
2019-03-06,2019030601003611,EBL,41,5,200,512.00,"102,400.00"
2019-03-06,2019030601003647,FMDBL,5,56,100,362.00,"36,200.00"
2019-03-06,2019030601003452,FMDBL,45,45,"4,833",360.00,"1,739,880.00"
2019-03-06,2019030601003451,FMDBL,6,45,100,360.00,"36,000.00"
2019-03-06,2019030601003626,GBBL,32,44,29,182.00,"5,278.00"
2019-03-06,2019030601003509,GBBL,32,44,29,182.00,"5,278.00"
2019-03-06,2019030601003797,GBIME,19,55,50,260.00,"13,000.00"
2019-03-06,2019030601003796,GBIME,17,55,20,260.00,"5,200.00"
2019-03-06,2019030601003382,GBIME,17,49,460,260.00,"119,600.00"
2019-03-06,2019030601003381,GBIME,57,49,40,261.00,"10,440.00"
2019-03-06,2019030601003579,GBLBS,1,58,10,444.00,"4,440.00"
2019-03-06,2019030601003571,GBLBS,1,42,10,442.00,"4,420.00"
2019-03-06,2019030601003560,GBLBS,1,47,10,443.00,"4,430.00"
2019-03-06,2019030601003559,GBLBS,1,47,10,443.00,"4,430.00"
2019-03-06,2019030601003558,GBLBS,1,47,10,443.00,"4,430.00"
2019-03-06,2019030601003557,GBLBS,1,47,10,443.00,"4,430.00"
2019-03-06,2019030601003522,GBLBS,1,47,10,443.00,"4,430.00"
2019-03-06,2019030601003521,GBLBS,1,47,10,443.00,"4,430.00"
2019-03-06,2019030601003520,GBLBS,1,47,10,443.00,"4,430.00"
2019-03-06,2019030601003519,GBLBS,1,47,10,443.00,"4,430.00"
2019-03-06,2019030601003518,GBLBS,1,47,10,443.00,"4,430.00"
2019-03-06,2019030601003471,GBLBS,37,37,10,442.00,"4,420.00"
2019-03-06,2019030601003556,GBLBS,1,47,10,443.00,"4,430.00"
2019-03-06,2019030601003527,GBLBS,1,47,10,443.00,"4,430.00"
2019-03-06,2019030601003526,GBLBS,1,47,10,443.00,"4,430.00"
2019-03-06,2019030601003525,GBLBS,1,47,10,443.00,"4,430.00"
2019-03-06,2019030601003524,GBLBS,1,47,10,443.00,"4,430.00"
2019-03-06,2019030601003523,GBLBS,1,47,10,443.00,"4,430.00"
2019-03-06,2019030601003618,GDBL,36,44,227,178.00,"40,406.00"
2019-03-06,2019030601003500,GDBL,36,44,37,178.00,"6,586.00"
2019-03-06,2019030601003441,GDBL,36,44,202,178.00,"35,956.00"
2019-03-06,2019030601003440,GDBL,56,44,25,179.00,"4,475.00"
2019-03-06,2019030601003768,GLICL,58,58,65,695.00,"45,175.00"
2019-03-06,2019030601003767,GLICL,10,58,78,695.00,"54,210.00"
2019-03-06,2019030601003743,GLICL,32,58,150,697.00,"104,550.00"
2019-03-06,2019030601003741,GLICL,32,58,100,697.00,"69,700.00"
2019-03-06,2019030601003736,GLICL,32,11,50,697.00,"34,850.00"
2019-03-06,2019030601003666,GLICL,10,16,11,695.00,"7,645.00"
2019-03-06,2019030601003657,GLICL,10,16,11,695.00,"7,645.00"
2019-03-06,2019030601003590,GLICL,46,16,11,693.00,"7,623.00"
2019-03-06,2019030601003496,GLICL,35,44,32,700.00,"22,400.00"
2019-03-06,2019030601003447,GLICL,35,34,10,695.00,"6,950.00"
2019-03-06,2019030601003446,GLICL,22,34,40,696.00,"27,840.00"
2019-03-06,2019030601003351,GLICL,35,5,54,695.00,"37,530.00"
2019-03-06,2019030601003432,GRDBL,16,11,500,102.00,"51,000.00"
2019-03-06,2019030601003461,GUFL,58,34,15,107.00,"1,605.00"
2019-03-06,2019030601003460,GUFL,4,34,44,107.00,"4,708.00"
2019-03-06,2019030601003470,HGI,19,38,200,373.00,"74,600.00"
2019-03-06,2019030601003764,HIDCL,1,46,56,130.00,"7,280.00"
2019-03-06,2019030601003687,HIDCL,46,42,10,131.00,"1,310.00"
2019-03-06,2019030601003686,HIDCL,46,41,13,131.00,"1,703.00"
2019-03-06,2019030601003685,HIDCL,46,41,14,131.00,"1,834.00"
2019-03-06,2019030601003684,HIDCL,46,41,13,131.00,"1,703.00"
2019-03-06,2019030601003674,HIDCL,1,56,29,130.00,"3,770.00"
2019-03-06,2019030601003425,HIDCL,1,45,400,130.00,"52,000.00"
2019-03-06,2019030601003683,HPPL,14,56,10,172.00,"1,720.00"
2019-03-06,2019030601003539,HPPL,14,39,10,172.00,"1,720.00"
2019-03-06,2019030601003495,HPPL,37,37,10,173.00,"1,730.00"
2019-03-06,2019030601003643,IGI,32,38,15,399.00,"5,985.00"
2019-03-06,2019030601003785,JBBL,7,44,54,134.00,"7,236.00"
2019-03-06,2019030601003735,JBBL,7,44,54,134.00,"7,236.00"
2019-03-06,2019030601003544,JBBL,26,25,99,135.00,"13,365.00"
2019-03-06,2019030601003543,JBBL,26,28,100,135.00,"13,500.00"
2019-03-06,2019030601003444,JBBL,7,44,54,134.00,"7,236.00"
2019-03-06,2019030601003610,JBNL,34,56,415,166.00,"68,890.00"
2019-03-06,2019030601003609,JBNL,10,56,85,166.00,"14,110.00"
2019-03-06,2019030601003576,JBNL,26,46,100,167.00,"16,700.00"
2019-03-06,2019030601003555,JBNL,10,56,78,166.00,"12,948.00"
2019-03-06,2019030601003554,JBNL,33,56,322,166.00,"53,452.00"
2019-03-06,2019030601003513,JBNL,29,46,50,167.00,"8,350.00"
2019-03-06,2019030601003362,JSLBB,16,16,14,"2,395.00","33,530.00"
2019-03-06,2019030601003765,KBL,38,6,100,231.00,"23,100.00"
2019-03-06,2019030601003650,KBL,56,38,"1,000",230.00,"230,000.00"
2019-03-06,2019030601003436,KBL,16,16,42,230.00,"9,660.00"
2019-03-06,2019030601003411,KBL,56,49,83,230.00,"19,090.00"
2019-03-06,2019030601003794,KMCDB,36,44,10,820.00,"8,200.00"
2019-03-06,2019030601003738,KMCDB,36,44,10,820.00,"8,200.00"
2019-03-06,2019030601003541,KMCDB,36,44,10,820.00,"8,200.00"
2019-03-06,2019030601003328,KPCL,45,39,10,93.00,930.00
2019-03-06,2019030601003359,KPCL,37,25,10,94.00,940.00
2019-03-06,2019030601003380,KPCL,45,39,10,93.00,930.00
2019-03-06,2019030601003372,KPCL,45,39,10,93.00,930.00
2019-03-06,2019030601003434,KPCL,45,57,10,93.00,930.00
2019-03-06,2019030601003454,KPCL,45,34,10,93.00,930.00
2019-03-06,2019030601003762,KRBL,22,59,50,96.00,"4,800.00"
2019-03-06,2019030601003607,KRBL,22,57,36,95.00,"3,420.00"
2019-03-06,2019030601003531,KRBL,40,57,50,94.00,"4,700.00"
2019-03-06,2019030601003587,KSBBL,6,42,100,134.00,"13,400.00"
2019-03-06,2019030601003586,KSBBL,17,42,53,134.00,"7,102.00"
2019-03-06,2019030601003662,LBBL,48,57,80,170.00,"13,600.00"
2019-03-06,2019030601003532,LBBL,32,25,54,172.00,"9,288.00"
2019-03-06,2019030601003401,LBBL,48,14,65,170.00,"11,050.00"
2019-03-06,2019030601003400,LBBL,49,14,55,170.00,"9,350.00"
2019-03-06,2019030601003631,LBL,19,42,25,187.00,"4,675.00"
2019-03-06,2019030601003630,LBL,14,42,105,187.00,"19,635.00"
2019-03-06,2019030601003352,LEMF,13,34,500,7.06,"3,530.00"
2019-03-06,2019030601003628,LGIL,36,32,150,504.00,"75,600.00"
2019-03-06,2019030601003627,LGIL,36,11,125,503.00,"62,875.00"
2019-03-06,2019030601003330,LGIL,50,5,57,500.00,"28,500.00"
2019-03-06,2019030601003329,LGIL,36,5,10,500.00,"5,000.00"
2019-03-06,2019030601003726,LICN,32,59,50,"1,422.00","71,100.00"
2019-03-06,2019030601003715,MBL,32,34,500,210.00,"105,000.00"
2019-03-06,2019030601003669,MBL,51,57,68,209.00,"14,212.00"
2019-03-06,2019030601003566,MBL,51,54,150,209.00,"31,350.00"
2019-03-06,2019030601003472,MBL,52,47,100,208.00,"20,800.00"
2019-03-06,2019030601003338,MBL,52,37,58,208.00,"12,064.00"
2019-03-06,2019030601003642,MEGA,55,42,340,157.00,"53,380.00"
2019-03-06,2019030601003623,MEGA,55,42,500,157.00,"78,500.00"
2019-03-06,2019030601003608,MEGA,6,34,253,157.00,"39,721.00"
2019-03-06,2019030601003546,MEGA,48,39,44,156.00,"6,864.00"
2019-03-06,2019030601003445,MEGA,14,34,21,157.00,"3,297.00"
2019-03-06,2019030601003439,MEGA,36,34,101,157.00,"15,857.00"
2019-03-06,2019030601003438,MEGA,36,22,299,157.00,"46,943.00"
2019-03-06,2019030601003464,MERO,17,54,14,590.00,"8,260.00"
2019-03-06,2019030601003450,MNBBL,37,37,1,338.00,338.00
2019-03-06,2019030601003742,MSMBS,4,34,10,537.00,"5,370.00"
2019-03-06,2019030601003363,MSMBS,8,8,2,517.00,"1,034.00"
2019-03-06,2019030601003749,NABIL,39,45,20,686.00,"13,720.00"
2019-03-06,2019030601003668,NABIL,39,35,300,686.00,"205,800.00"
2019-03-06,2019030601003658,NABIL,39,35,500,686.00,"343,000.00"
2019-03-06,2019030601003645,NABIL,39,39,168,686.00,"115,248.00"
2019-03-06,2019030601003644,NABIL,28,39,32,686.00,"21,952.00"
2019-03-06,2019030601003582,NABIL,41,44,200,687.00,"137,400.00"
2019-03-06,2019030601003427,NABIL,5,44,70,687.00,"48,090.00"
2019-03-06,2019030601003403,NABIL,40,44,200,687.00,"137,400.00"
2019-03-06,2019030601003325,NABIL,14,44,150,687.00,"103,050.00"
2019-03-06,2019030601003581,NABIL,5,44,100,687.00,"68,700.00"
2019-03-06,2019030601003538,NABIL,22,3,40,688.00,"27,520.00"
2019-03-06,2019030601003537,NABIL,22,28,10,688.00,"6,880.00"
2019-03-06,2019030601003468,NABIL,45,28,200,688.00,"137,600.00"
2019-03-06,2019030601003442,NABIL,42,28,10,688.00,"6,880.00"
2019-03-06,2019030601003428,NABIL,5,28,49,688.00,"33,712.00"
2019-03-06,2019030601003719,NABILP,1,59,10,641.00,"6,410.00"
2019-03-06,2019030601003713,NABILP,8,59,"1,000",641.00,"641,000.00"
2019-03-06,2019030601003712,NABILP,17,59,100,641.00,"64,100.00"
2019-03-06,2019030601003711,NABILP,49,59,100,641.00,"64,100.00"
2019-03-06,2019030601003710,NABILP,37,59,100,641.00,"64,100.00"
2019-03-06,2019030601003709,NABILP,34,59,10,642.00,"6,420.00"
2019-03-06,2019030601003708,NABILP,14,59,20,642.00,"12,840.00"
2019-03-06,2019030601003707,NABILP,5,59,160,642.00,"102,720.00"
2019-03-06,2019030601003649,NADEP,34,34,300,670.00,"201,000.00"
2019-03-06,2019030601003615,NADEP,17,49,10,669.00,"6,690.00"
2019-03-06,2019030601003536,NADEP,39,10,10,665.00,"6,650.00"
2019-03-06,2019030601003634,NBB,56,5,387,183.00,"70,821.00"
2019-03-06,2019030601003633,NBB,55,5,500,184.00,"92,000.00"
2019-03-06,2019030601003632,NBB,38,5,113,184.00,"20,792.00"
2019-03-06,2019030601003568,NBB,38,40,87,184.00,"16,008.00"
2019-03-06,2019030601003567,NBB,45,40,25,184.00,"4,600.00"
2019-03-06,2019030601003772,NBBL,19,34,50,634.00,"31,700.00"
2019-03-06,2019030601003584,NBBL,56,51,100,638.00,"63,800.00"
2019-03-06,2019030601003801,NBL,56,57,117,282.00,"32,994.00"
2019-03-06,2019030601003800,NBL,49,36,200,283.00,"56,600.00"
2019-03-06,2019030601003776,NBL,26,36,10,283.00,"2,830.00"
2019-03-06,2019030601003766,NBL,46,36,"1,000",283.00,"283,000.00"
2019-03-06,2019030601003682,NBL,57,36,100,283.00,"28,300.00"
2019-03-06,2019030601003681,NBL,34,36,"2,500",283.00,"707,500.00"
2019-03-06,2019030601003306,NBL,34,44,500,283.00,"141,500.00"
2019-03-06,2019030601003789,NCCB,26,32,10,204.00,"2,040.00"
2019-03-06,2019030601003757,NCCB,51,48,"2,421",203.00,"491,463.00"
2019-03-06,2019030601003753,NCCB,51,44,28,203.00,"5,684.00"
2019-03-06,2019030601003722,NCCB,49,38,"9,082",203.00,"1,843,646.00"
2019-03-06,2019030601003673,NCCB,7,32,100,204.00,"20,400.00"
2019-03-06,2019030601003617,NCCB,49,32,40,204.00,"8,160.00"
2019-03-06,2019030601003578,NCCB,10,32,200,204.00,"40,800.00"
2019-03-06,2019030601003545,NCCB,51,44,28,203.00,"5,684.00"
2019-03-06,2019030601003376,NCCB,51,49,480,203.00,"97,440.00"
2019-03-06,2019030601003375,NCCB,34,49,20,203.00,"4,060.00"
2019-03-06,2019030601003354,NCCB,50,32,200,204.00,"40,800.00"
2019-03-06,2019030601003624,NCDB,57,20,182,114.00,"20,748.00"
2019-03-06,2019030601003580,NCDB,47,20,200,116.00,"23,200.00"
2019-03-06,2019030601003756,NEF,34,54,"10,000",7.65,"76,500.00"
2019-03-06,2019030601003369,NEF,49,34,966,7.55,"7,293.30"
2019-03-06,2019030601003733,NGPL,33,5,"1,000",117.00,"117,000.00"
2019-03-06,2019030601003723,NGPL,34,55,11,116.00,"1,276.00"
2019-03-06,2019030601003670,NGPL,33,42,11,115.00,"1,265.00"
2019-03-06,2019030601003429,NHPC,47,59,200,62.00,"12,400.00"
2019-03-06,2019030601003405,NHPC,47,25,700,62.00,"43,400.00"
2019-03-06,2019030601003763,NIB,26,47,10,508.00,"5,080.00"
2019-03-06,2019030601003635,NIB,41,56,72,507.00,"36,504.00"
2019-03-06,2019030601003602,NIB,34,47,63,508.00,"32,004.00"
2019-03-06,2019030601003548,NIB,22,47,50,508.00,"25,400.00"
2019-03-06,2019030601003535,NIB,41,6,119,507.00,"60,333.00"
2019-03-06,2019030601003534,NIB,58,6,60,507.00,"30,420.00"
2019-03-06,2019030601003533,NIB,46,6,121,507.00,"61,347.00"
2019-03-06,2019030601003377,NIB,46,52,29,507.00,"14,703.00"
2019-03-06,2019030601003476,NIBSF1,45,8,"5,000",8.85,"44,250.00"
2019-03-06,2019030601003475,NIBSF1,50,8,"1,487",8.90,"13,234.30"
2019-03-06,2019030601003474,NIBSF1,41,8,"5,000",8.95,"44,750.00"
2019-03-06,2019030601003792,NICA,45,35,100,385.00,"38,500.00"
2019-03-06,2019030601003746,NICA,59,32,20,386.00,"7,720.00"
2019-03-06,2019030601003725,NICA,45,54,114,385.00,"43,890.00"
2019-03-06,2019030601003706,NICA,45,55,20,385.00,"7,700.00"
2019-03-06,2019030601003705,NICA,45,56,100,385.00,"38,500.00"
2019-03-06,2019030601003646,NICA,46,43,"1,000",385.00,"385,000.00"
2019-03-06,2019030601003324,NICA,45,43,500,385.00,"192,500.00"
2019-03-06,2019030601003323,NICA,45,43,76,385.00,"29,260.00"
2019-03-06,2019030601003309,NICA,6,43,924,385.00,"355,740.00"
2019-03-06,2019030601003308,NICA,6,43,76,385.00,"29,260.00"
2019-03-06,2019030601003517,NICA,35,35,"3,000",385.00,"1,155,000.00"
2019-03-06,2019030601003516,NICA,35,43,542,385.00,"208,670.00"
2019-03-06,2019030601003457,NICA,37,37,4,385.00,"1,540.00"
2019-03-06,2019030601003456,NICA,22,43,171,385.00,"65,835.00"
2019-03-06,2019030601003344,NICA,45,43,287,385.00,"110,495.00"
2019-03-06,2019030601003343,NICA,45,59,137,385.00,"52,745.00"
2019-03-06,2019030601003721,NICL,36,28,500,369.00,"184,500.00"
2019-03-06,2019030601003720,NICL,36,17,50,369.00,"18,450.00"
2019-03-06,2019030601003714,NIL,37,6,380,513.00,"194,940.00"
2019-03-06,2019030601003695,NIL,42,6,20,513.00,"10,260.00"
2019-03-06,2019030601003653,NIL,7,34,30,512.00,"15,360.00"
2019-03-06,2019030601003629,NIL,43,34,50,512.00,"25,600.00"
2019-03-06,2019030601003562,NIL,6,6,200,511.00,"102,200.00"
2019-03-06,2019030601003515,NIL,44,40,200,511.00,"102,200.00"
2019-03-06,2019030601003621,NLG,58,19,10,806.00,"8,060.00"
2019-03-06,2019030601003620,NLG,58,38,83,805.00,"66,815.00"
2019-03-06,2019030601003530,NLG,52,38,17,805.00,"13,685.00"
2019-03-06,2019030601003799,NLIC,39,16,3,"1,060.00","3,180.00"
2019-03-06,2019030601003791,NLIC,39,16,3,"1,060.00","3,180.00"
2019-03-06,2019030601003651,NLIC,6,56,17,"1,079.00","18,343.00"
2019-03-06,2019030601003594,NLIC,43,47,100,"1,081.00","108,100.00"
2019-03-06,2019030601003592,NLIC,26,39,24,"1,077.00","25,848.00"
2019-03-06,2019030601003591,NLIC,57,39,10,"1,077.00","10,770.00"
2019-03-06,2019030601003583,NLIC,39,28,500,"1,080.00","540,000.00"
2019-03-06,2019030601003479,NLIC,39,47,17,"1,079.00","18,343.00"
2019-03-06,2019030601003437,NLIC,39,55,17,"1,078.00","18,326.00"
2019-03-06,2019030601003396,NLIC,37,37,17,"1,076.00","18,292.00"
2019-03-06,2019030601003303,NLIC,39,42,100,"1,079.00","107,900.00"
2019-03-06,2019030601003774,NLICL,26,53,500,625.00,"312,500.00"
2019-03-06,2019030601003357,NLICL,36,43,200,624.00,"124,800.00"
2019-03-06,2019030601003311,NLICL,28,38,463,622.00,"287,986.00"
2019-03-06,2019030601003786,NMB,59,29,50,307.00,"15,350.00"
2019-03-06,2019030601003406,NMB,39,39,1,307.00,307.00
2019-03-06,2019030601003404,NMB,8,8,3,300.00,900.00
2019-03-06,2019030601003368,NMB,18,49,150,306.00,"45,900.00"
2019-03-06,2019030601003367,NMB,38,49,400,306.00,"122,400.00"
2019-03-06,2019030601003366,NMB,46,49,250,307.00,"76,750.00"
2019-03-06,2019030601003365,NMB,47,49,100,307.00,"30,700.00"
2019-03-06,2019030601003364,NMB,33,49,100,307.00,"30,700.00"
2019-03-06,2019030601003361,NMB,39,39,1,307.00,307.00
2019-03-06,2019030601003342,NMB,14,34,400,308.00,"123,200.00"
2019-03-06,2019030601003337,NMB,39,39,1,307.00,307.00
2019-03-06,2019030601003317,NMB,33,45,100,307.00,"30,700.00"
2019-03-06,2019030601003387,NMBHF1,34,34,"1,664",8.75,"14,560.00"
2019-03-06,2019030601003435,NTC,59,36,50,680.00,"34,000.00"
2019-03-06,2019030601003691,NUBL,50,41,61,714.00,"43,554.00"
2019-03-06,2019030601003784,PCBL,38,45,100,309.00,"30,900.00"
2019-03-06,2019030601003754,PCBL,19,22,266,308.00,"81,928.00"
2019-03-06,2019030601003732,PCBL,50,22,200,308.00,"61,600.00"
2019-03-06,2019030601003731,PCBL,5,22,100,308.00,"30,800.00"
2019-03-06,2019030601003730,PCBL,13,22,25,308.00,"7,700.00"
2019-03-06,2019030601003703,PIC,50,57,50,"1,015.00","50,750.00"
2019-03-06,2019030601003702,PIC,50,38,19,"1,015.00","19,285.00"
2019-03-06,2019030601003700,PIC,50,38,37,"1,015.00","37,555.00"
2019-03-06,2019030601003699,PIC,50,53,630,"1,015.00","639,450.00"
2019-03-06,2019030601003698,PIC,50,26,11,"1,014.00","11,154.00"
2019-03-06,2019030601003697,PIC,50,58,11,"1,014.00","11,154.00"
2019-03-06,2019030601003696,PIC,50,58,11,"1,014.00","11,154.00"
2019-03-06,2019030601003688,PIC,50,50,11,"1,011.00","11,121.00"
2019-03-06,2019030601003619,PIC,13,53,10,"1,015.00","10,150.00"
2019-03-06,2019030601003603,PIC,21,53,60,"1,015.00","60,900.00"
2019-03-06,2019030601003561,PICL,58,53,10,688.00,"6,880.00"
2019-03-06,2019030601003637,PLIC,35,29,15,440.00,"6,600.00"
2019-03-06,2019030601003636,PLIC,35,58,135,439.00,"59,265.00"
2019-03-06,2019030601003788,PMHPL,56,36,10,108.00,"1,080.00"
2019-03-06,2019030601003458,PMHPL,56,57,10,108.00,"1,080.00"
2019-03-06,2019030601003563,PRIN,49,39,147,407.00,"59,829.00"
2019-03-06,2019030601003304,PRIN,13,28,450,408.00,"183,600.00"
2019-03-06,2019030601003459,PRVU,16,16,2,215.00,430.00
2019-03-06,2019030601003358,PRVU,34,45,300,214.00,"64,200.00"
2019-03-06,2019030601003339,PRVU,50,7,200,215.00,"43,000.00"
2019-03-06,2019030601003798,PURBL,58,42,100,169.00,"16,900.00"
2019-03-06,2019030601003333,PURBL,44,38,200,170.00,"34,000.00"
2019-03-06,2019030601003332,PURBL,44,22,41,170.00,"6,970.00"
2019-03-06,2019030601003331,PURBL,44,34,100,169.00,"16,900.00"
2019-03-06,2019030601003335,PURBL,44,34,100,171.00,"17,100.00"
2019-03-06,2019030601003334,PURBL,44,35,225,171.00,"38,475.00"
2019-03-06,2019030601003640,RADHI,26,49,11,158.00,"1,738.00"
2019-03-06,2019030601003511,RADHI,26,55,11,158.00,"1,738.00"
2019-03-06,2019030601003370,RADHI,26,39,11,158.00,"1,738.00"
2019-03-06,2019030601003316,RADHI,26,26,11,158.00,"1,738.00"
2019-03-06,2019030601003310,RADHI,26,26,11,158.00,"1,738.00"
2019-03-06,2019030601003305,RADHI,26,26,11,158.00,"1,738.00"
2019-03-06,2019030601003795,RHPC,39,50,18,87.00,"1,566.00"
2019-03-06,2019030601003787,RHPC,8,8,3,86.00,258.00
2019-03-06,2019030601003775,RHPC,39,50,18,87.00,"1,566.00"
2019-03-06,2019030601003760,RHPC,39,50,18,87.00,"1,566.00"
2019-03-06,2019030601003802,RMDC,44,44,46,522.00,"24,012.00"
2019-03-06,2019030601003759,RMDC,48,44,10,523.00,"5,230.00"
2019-03-06,2019030601003660,RMDC,26,44,46,525.00,"24,150.00"
2019-03-06,2019030601003478,RMDC,22,44,10,520.00,"5,200.00"
2019-03-06,2019030601003424,RMDC,58,53,10,530.00,"5,300.00"
2019-03-06,2019030601003393,RMDC,45,5,46,520.00,"23,920.00"
2019-03-06,2019030601003392,RMDC,34,5,671,520.00,"348,920.00"
2019-03-06,2019030601003391,RMDC,53,5,50,521.00,"26,050.00"
2019-03-06,2019030601003390,RMDC,41,5,145,521.00,"75,545.00"
2019-03-06,2019030601003315,RMDC,41,5,55,521.00,"28,655.00"
2019-03-06,2019030601003314,RMDC,53,5,50,521.00,"26,050.00"
2019-03-06,2019030601003313,RMDC,35,5,20,522.00,"10,440.00"
2019-03-06,2019030601003336,RRHP,19,43,10,95.00,950.00
2019-03-06,2019030601003327,RRHP,19,43,10,94.00,940.00
2019-03-06,2019030601003489,RSDC,34,34,1,380.00,380.00
2019-03-06,2019030601003355,RSDC,29,29,1,376.00,376.00
2019-03-06,2019030601003770,SADBL,19,59,50,136.00,"6,800.00"
2019-03-06,2019030601003769,SADBL,32,59,800,136.00,"108,800.00"
2019-03-06,2019030601003750,SADBL,49,5,80,137.00,"10,960.00"
2019-03-06,2019030601003397,SADBL,56,41,150,135.00,"20,250.00"
2019-03-06,2019030601003490,SAEF,47,25,500,8.55,"4,275.00"
2019-03-06,2019030601003777,SANIMA,52,47,130,293.00,"38,090.00"
2019-03-06,2019030601003694,SANIMA,52,36,157,293.00,"46,001.00"
2019-03-06,2019030601003693,SANIMA,19,36,343,293.00,"100,499.00"
2019-03-06,2019030601003638,SANIMA,19,39,175,293.00,"51,275.00"
2019-03-06,2019030601003497,SANIMA,34,6,"2,000",294.00,"588,000.00"
2019-03-06,2019030601003388,SANIMA,19,45,116,293.00,"33,988.00"
2019-03-06,2019030601003780,SBI,26,28,10,372.00,"3,720.00"
2019-03-06,2019030601003507,SBL,50,40,200,278.00,"55,600.00"
2019-03-06,2019030601003506,SBL,50,14,13,278.00,"3,614.00"
2019-03-06,2019030601003505,SBL,50,32,144,278.00,"40,032.00"
2019-03-06,2019030601003504,SBL,50,44,100,278.00,"27,800.00"
2019-03-06,2019030601003322,SBL,53,28,194,277.00,"53,738.00"
2019-03-06,2019030601003667,SCB,57,7,150,531.00,"79,650.00"
2019-03-06,2019030601003659,SCB,35,56,20,530.00,"10,600.00"
2019-03-06,2019030601003612,SCB,22,7,100,531.00,"53,100.00"
2019-03-06,2019030601003550,SCB,22,7,50,531.00,"26,550.00"
2019-03-06,2019030601003510,SCB,37,7,20,531.00,"10,620.00"
2019-03-06,2019030601003492,SCB,56,42,100,530.00,"53,000.00"
2019-03-06,2019030601003466,SCB,41,7,200,531.00,"106,200.00"
2019-03-06,2019030601003751,SDESI,21,42,10,585.00,"5,850.00"
2019-03-06,2019030601003690,SDESI,8,42,19,585.00,"11,115.00"
2019-03-06,2019030601003564,SDESI,25,25,7,580.00,"4,060.00"
2019-03-06,2019030601003412,SDESI,39,39,1,583.00,583.00
2019-03-06,2019030601003512,SEF,13,25,"1,000",9.30,"9,300.00"
2019-03-06,2019030601003716,SFFIL,46,39,30,215.00,"6,450.00"
2019-03-06,2019030601003783,SHINE,22,42,100,239.00,"23,900.00"
2019-03-06,2019030601003320,SHINE,41,59,99,238.00,"23,562.00"
2019-03-06,2019030601003319,SHINE,32,59,17,238.00,"4,046.00"
2019-03-06,2019030601003503,SHPC,7,52,675,220.00,"148,500.00"
2019-03-06,2019030601003502,SHPC,7,52,500,220.00,"110,000.00"
2019-03-06,2019030601003501,SHPC,37,52,50,220.00,"11,000.00"
2019-03-06,2019030601003588,SICL,34,43,200,872.00,"174,400.00"
2019-03-06,2019030601003341,SICL,14,10,10,870.00,"8,700.00"
2019-03-06,2019030601003729,SINDU,41,49,33,116.00,"3,828.00"
2019-03-06,2019030601003728,SINDU,34,49,67,116.00,"7,772.00"
2019-03-06,2019030601003641,SINDU,34,7,100,116.00,"11,600.00"
2019-03-06,2019030601003374,SKBBL,45,41,30,831.00,"24,930.00"
2019-03-06,2019030601003326,SKBBL,45,45,402,831.00,"334,062.00"
2019-03-06,2019030601003614,SLBBL,13,58,100,491.00,"49,100.00"
2019-03-06,2019030601003748,SLICL,35,35,993,516.00,"512,388.00"
2019-03-06,2019030601003745,SLICL,48,35,20,516.00,"10,320.00"
2019-03-06,2019030601003718,SLICL,10,16,29,515.00,"14,935.00"
2019-03-06,2019030601003717,SLICL,28,16,50,515.00,"25,750.00"
2019-03-06,2019030601003528,SLICL,39,59,100,520.00,"52,000.00"
2019-03-06,2019030601003485,SLICL,28,4,150,515.00,"77,250.00"
2019-03-06,2019030601003484,SLICL,5,4,100,515.00,"51,500.00"
2019-03-06,2019030601003483,SLICL,45,4,50,515.00,"25,750.00"
2019-03-06,2019030601003781,SMATA,5,41,20,"1,318.00","26,360.00"
2019-03-06,2019030601003431,SMB,11,45,10,622.00,"6,220.00"
2019-03-06,2019030601003430,SMB,11,42,10,615.00,"6,150.00"
2019-03-06,2019030601003318,SMFDB,28,50,10,656.00,"6,560.00"
2019-03-06,2019030601003737,SPDL,14,45,10,90.00,900.00
2019-03-06,2019030601003676,SPDL,45,54,66,92.00,"6,072.00"
2019-03-06,2019030601003675,SPDL,45,56,15,92.00,"1,380.00"
2019-03-06,2019030601003549,SPDL,45,8,100,91.00,"9,100.00"
2019-03-06,2019030601003469,SPDL,14,34,50,90.00,"4,500.00"
2019-03-06,2019030601003793,SRBL,28,32,131,208.00,"27,248.00"
2019-03-06,2019030601003740,SRBL,6,32,35,208.00,"7,280.00"
2019-03-06,2019030601003752,SWBBL,51,6,70,790.00,"55,300.00"
2019-03-06,2019030601003671,UFL,21,50,100,144.00,"14,400.00"
2019-03-06,2019030601003677,UIC,32,13,300,770.00,"231,000.00"
2019-03-06,2019030601003585,UIC,16,55,20,770.00,"15,400.00"
2019-03-06,2019030601003734,UMHL,58,26,14,105.00,"1,470.00"
2019-03-06,2019030601003771,UPPER,46,45,40,224.00,"8,960.00"
2019-03-06,2019030601003761,UPPER,46,57,67,224.00,"15,008.00"
2019-03-06,2019030601003744,UPPER,45,5,40,225.00,"9,000.00"
2019-03-06,2019030601003678,UPPER,46,39,50,224.00,"11,200.00"
2019-03-06,2019030601003672,UPPER,46,39,50,224.00,"11,200.00"
2019-03-06,2019030601003661,UPPER,46,39,50,224.00,"11,200.00"
2019-03-06,2019030601003345,UPPER,43,25,40,225.00,"9,000.00"
2019-03-06,2019030601003340,UPPER,51,39,72,224.00,"16,128.00"
2019-03-06,2019030601003371,UPPER,51,57,50,224.00,"11,200.00"
2019-03-06,2019030601003349,UPPER,43,38,20,225.00,"4,500.00"
2019-03-06,2019030601003348,UPPER,43,25,50,225.00,"11,250.00"
2019-03-06,2019030601003347,UPPER,43,25,40,225.00,"9,000.00"
2019-03-06,2019030601003346,UPPER,43,25,50,225.00,"11,250.00"
2019-03-06,2019030601003415,UPPER,1,38,50,225.00,"11,250.00"
2019-03-06,2019030601003414,UPPER,1,38,50,225.00,"11,250.00"
2019-03-06,2019030601003413,UPPER,1,38,30,225.00,"6,750.00"
2019-03-06,2019030601003399,UPPER,51,39,40,224.00,"8,960.00"
2019-03-06,2019030601003421,UPPER,1,59,50,225.00,"11,250.00"
2019-03-06,2019030601003420,UPPER,1,38,50,225.00,"11,250.00"
2019-03-06,2019030601003419,UPPER,1,38,50,225.00,"11,250.00"
2019-03-06,2019030601003418,UPPER,1,38,50,225.00,"11,250.00"
2019-03-06,2019030601003417,UPPER,1,38,50,225.00,"11,250.00"
2019-03-06,2019030601003416,UPPER,1,38,50,225.00,"11,250.00"
2019-03-06,2019030601003453,UPPER,51,10,40,224.00,"8,960.00"
2019-03-06,2019030601003448,UPPER,51,39,50,224.00,"11,200.00"
2019-03-06,2019030601003433,UPPER,51,39,72,224.00,"16,128.00"
2019-03-06,2019030601003423,UPPER,1,49,20,225.00,"4,500.00"
2019-03-06,2019030601003422,UPPER,1,41,50,225.00,"11,250.00"
2019-03-06,2019030601003481,UPPER,19,57,50,224.00,"11,200.00"
2019-03-06,2019030601003480,UPPER,19,39,40,224.00,"8,960.00"
2019-03-06,2019030601003465,UPPER,19,39,40,224.00,"8,960.00"
2019-03-06,2019030601003463,UPPER,19,10,38,224.00,"8,512.00"
2019-03-06,2019030601003462,UPPER,51,10,12,224.00,"2,688.00"
2019-03-06,2019030601003508,UPPER,46,39,40,224.00,"8,960.00"
2019-03-06,2019030601003494,UPPER,13,39,8,224.00,"1,792.00"
2019-03-06,2019030601003493,UPPER,19,39,32,224.00,"7,168.00"
2019-03-06,2019030601003488,UPPER,19,44,50,224.00,"11,200.00"
2019-03-06,2019030601003487,UPPER,19,39,18,224.00,"4,032.00"
2019-03-06,2019030601003486,UPPER,19,39,32,224.00,"7,168.00"
2019-03-06,2019030601003569,UPPER,46,39,50,224.00,"11,200.00"
2019-03-06,2019030601003553,UPPER,46,44,50,224.00,"11,200.00"
2019-03-06,2019030601003551,UPPER,46,39,40,224.00,"8,960.00"
2019-03-06,2019030601003547,UPPER,46,39,40,224.00,"8,960.00"
2019-03-06,2019030601003540,UPPER,46,39,40,224.00,"8,960.00"
2019-03-06,2019030601003514,UPPER,46,39,40,224.00,"8,960.00"
2019-03-06,2019030601003599,UPPER,17,44,50,225.00,"11,250.00"
2019-03-06,2019030601003598,UPPER,17,37,40,225.00,"9,000.00"
2019-03-06,2019030601003597,UPPER,17,37,40,225.00,"9,000.00"
2019-03-06,2019030601003596,UPPER,17,49,25,225.00,"5,625.00"
2019-03-06,2019030601003573,UPPER,29,49,25,225.00,"5,625.00"
2019-03-06,2019030601003570,UPPER,22,49,100,225.00,"22,500.00"
2019-03-06,2019030601003652,UPPER,46,39,40,224.00,"8,960.00"
2019-03-06,2019030601003622,UPPER,26,5,60,225.00,"13,500.00"
2019-03-06,2019030601003601,UPPER,17,5,320,225.00,"72,000.00"
2019-03-06,2019030601003600,UPPER,17,33,25,225.00,"5,625.00"
2019-03-06,2019030601003595,VLBS,49,55,12,667.00,"8,004.00"
2019-03-06,2019030601003295,ADBL,11,40,30,291.00,"8,730.00"
2019-03-06,2019030601003294,ADBL,21,40,50,291.00,"14,550.00"
2019-03-06,2019030601003293,ADBL,41,40,10,291.00,"2,910.00"
2019-03-06,2019030601003292,ADBL,48,40,20,291.00,"5,820.00"
2019-03-06,2019030601003247,AHPC,45,39,912,99.00,"90,288.00"
2019-03-06,2019030601003246,AHPC,47,39,100,99.00,"9,900.00"
2019-03-06,2019030601003222,AKJCL,58,21,10,80.00,800.00
2019-03-06,2019030601003019,AKJCL,58,49,10,80.00,800.00
2019-03-06,2019030601002942,AKJCL,58,21,20,80.00,"1,600.00"
2019-03-06,2019030601002893,AKJCL,58,21,10,80.00,800.00
2019-03-06,2019030601002892,AKJCL,1,21,10,81.00,810.00
2019-03-06,2019030601003194,AKPL,39,21,13,155.00,"2,015.00"
2019-03-06,2019030601003186,AKPL,39,21,13,155.00,"2,015.00"
2019-03-06,2019030601003143,AKPL,39,21,13,155.00,"2,015.00"
2019-03-06,2019030601003115,ALICL,33,50,300,386.00,"115,800.00"
2019-03-06,2019030601003110,ALICL,21,34,100,388.00,"38,800.00"
2019-03-06,2019030601003105,ALICL,41,45,200,388.00,"77,600.00"
2019-03-06,2019030601003104,ALICL,41,44,70,388.00,"27,160.00"
2019-03-06,2019030601003022,ALICL,45,44,400,388.00,"155,200.00"
2019-03-06,2019030601002978,ALICL,26,26,1,381.00,381.00
2019-03-06,2019030601003252,AMFI,43,21,10,655.00,"6,550.00"
2019-03-06,2019030601003079,AMFI,43,57,10,660.00,"6,600.00"
2019-03-06,2019030601003078,AMFI,41,57,50,661.00,"33,050.00"
2019-03-06,2019030601003077,AMFI,48,57,20,662.00,"13,240.00"
2019-03-06,2019030601003175,API,45,34,200,125.00,"25,000.00"
2019-03-06,2019030601003122,API,45,42,100,125.00,"12,500.00"
2019-03-06,2019030601003041,API,45,49,11,124.00,"1,364.00"
2019-03-06,2019030601002884,BARUN,45,16,10,93.00,930.00
2019-03-06,2019030601002850,BARUN,58,16,10,93.00,930.00
2019-03-06,2019030601003242,BOKL,59,6,458,238.00,"109,004.00"
2019-03-06,2019030601003203,BOKL,59,16,15,238.00,"3,570.00"
2019-03-06,2019030601003152,BOKL,17,16,25,239.00,"5,975.00"
2019-03-06,2019030601003148,BOKL,59,45,27,238.00,"6,426.00"
2019-03-06,2019030601003034,BOKL,49,59,200,238.00,"47,600.00"
2019-03-06,2019030601003256,BPCL,33,21,10,340.00,"3,400.00"
2019-03-06,2019030601003236,BPCL,33,22,20,340.00,"6,800.00"
2019-03-06,2019030601003243,CBL,49,39,"1,900",148.00,"281,200.00"
2019-03-06,2019030601003045,CBL,22,10,72,148.00,"10,656.00"
2019-03-06,2019030601003029,CBL,26,10,428,148.00,"63,344.00"
2019-03-06,2019030601002929,CBL,26,26,72,148.00,"10,656.00"
2019-03-06,2019030601002928,CBL,13,26,109,148.00,"16,132.00"
2019-03-06,2019030601002842,CBL,13,20,110,148.00,"16,280.00"
2019-03-06,2019030601002989,CCBL,41,20,186,158.00,"29,388.00"
2019-03-06,2019030601002981,CCBL,56,59,200,159.00,"31,800.00"
2019-03-06,2019030601002839,CCBL,6,6,879,159.00,"139,761.00"
2019-03-06,2019030601003171,CFCL,48,41,"1,000",112.00,"112,000.00"
2019-03-06,2019030601003145,CFCL,38,41,100,112.00,"11,200.00"
2019-03-06,2019030601003227,CHLBS,26,21,10,557.00,"5,570.00"
2019-03-06,2019030601003150,CHLBS,42,21,10,556.00,"5,560.00"
2019-03-06,2019030601003149,CHLBS,42,21,10,556.00,"5,560.00"
2019-03-06,2019030601003141,CHLBS,43,6,10,555.00,"5,550.00"
2019-03-06,2019030601003103,CHLBS,19,49,10,555.00,"5,550.00"
2019-03-06,2019030601003096,CHLBS,58,49,10,555.00,"5,550.00"
2019-03-06,2019030601002824,CHLBS,26,21,10,557.00,"5,570.00"
2019-03-06,2019030601002821,CHLBS,7,21,10,556.00,"5,560.00"
2019-03-06,2019030601002819,CHLBS,7,21,10,556.00,"5,560.00"
2019-03-06,2019030601002811,CHLBS,7,21,10,556.00,"5,560.00"
2019-03-06,2019030601002807,CHLBS,7,21,10,556.00,"5,560.00"
2019-03-06,2019030601002805,CHLBS,7,57,10,556.00,"5,560.00"
2019-03-06,2019030601002847,CHLBS,7,21,10,556.00,"5,560.00"
2019-03-06,2019030601002844,CHLBS,7,21,10,556.00,"5,560.00"
2019-03-06,2019030601002843,CHLBS,26,44,10,557.00,"5,570.00"
2019-03-06,2019030601002834,CHLBS,26,44,10,557.00,"5,570.00"
2019-03-06,2019030601002828,CHLBS,26,21,10,557.00,"5,570.00"
2019-03-06,2019030601002826,CHLBS,26,21,10,557.00,"5,570.00"
2019-03-06,2019030601002907,CHLBS,32,21,10,556.00,"5,560.00"
2019-03-06,2019030601002898,CHLBS,32,21,10,556.00,"5,560.00"
2019-03-06,2019030601002888,CHLBS,32,21,10,556.00,"5,560.00"
2019-03-06,2019030601002874,CHLBS,32,44,10,556.00,"5,560.00"
2019-03-06,2019030601002870,CHLBS,7,21,10,556.00,"5,560.00"
2019-03-06,2019030601002868,CHLBS,7,44,10,556.00,"5,560.00"
2019-03-06,2019030601002984,CHLBS,57,47,10,560.00,"5,600.00"
2019-03-06,2019030601002983,CHLBS,57,47,10,560.00,"5,600.00"
2019-03-06,2019030601002947,CHLBS,58,21,10,555.00,"5,550.00"
2019-03-06,2019030601002926,CHLBS,32,21,10,556.00,"5,560.00"
2019-03-06,2019030601002914,CHLBS,32,21,10,556.00,"5,560.00"
2019-03-06,2019030601002909,CHLBS,32,44,10,556.00,"5,560.00"
2019-03-06,2019030601003006,CHLBS,42,21,10,557.00,"5,570.00"
2019-03-06,2019030601003000,CHLBS,42,21,10,557.00,"5,570.00"
2019-03-06,2019030601002988,CHLBS,57,47,10,560.00,"5,600.00"
2019-03-06,2019030601002987,CHLBS,57,47,10,560.00,"5,600.00"
2019-03-06,2019030601002986,CHLBS,57,25,10,560.00,"5,600.00"
2019-03-06,2019030601002985,CHLBS,57,47,10,560.00,"5,600.00"
2019-03-06,2019030601003084,CHLBS,58,49,10,555.00,"5,550.00"
2019-03-06,2019030601003082,CHLBS,58,41,10,555.00,"5,550.00"
2019-03-06,2019030601003064,CHLBS,32,21,10,556.00,"5,560.00"
2019-03-06,2019030601003062,CHLBS,32,49,10,556.00,"5,560.00"
2019-03-06,2019030601003020,CHLBS,19,21,10,556.00,"5,560.00"
2019-03-06,2019030601003010,CHLBS,19,21,10,556.00,"5,560.00"
2019-03-06,2019030601002951,CIT,5,22,69,"2,544.00","175,536.00"
2019-03-06,2019030601002945,CIT,5,41,91,"2,540.00","231,140.00"
2019-03-06,2019030601003195,CLBSL,57,16,10,584.00,"5,840.00"
2019-03-06,2019030601003183,CLBSL,57,16,10,584.00,"5,840.00"
2019-03-06,2019030601003168,CLBSL,57,16,10,584.00,"5,840.00"
2019-03-06,2019030601002976,CZBIL,56,20,221,203.00,"44,863.00"
2019-03-06,2019030601003248,DBBL,45,7,50,124.00,"6,200.00"
2019-03-06,2019030601003158,DBBL,8,8,2,121.00,242.00
2019-03-06,2019030601002921,DBBL,45,32,200,123.00,"24,600.00"
2019-03-06,2019030601003106,DDBL,34,49,20,583.00,"11,660.00"
2019-03-06,2019030601003002,DDBL,34,21,30,583.00,"17,490.00"
2019-03-06,2019030601003001,DDBL,19,21,20,585.00,"11,700.00"
2019-03-06,2019030601003286,EBL,14,45,500,510.00,"255,000.00"
2019-03-06,2019030601003285,EBL,48,45,50,510.00,"25,500.00"
2019-03-06,2019030601003284,EBL,25,45,100,511.00,"51,100.00"
2019-03-06,2019030601003283,EBL,26,45,342,511.00,"174,762.00"
2019-03-06,2019030601003239,EBL,26,39,160,511.00,"81,760.00"
2019-03-06,2019030601002962,EBL,26,46,398,511.00,"203,378.00"
2019-03-06,2019030601002967,EDBL,51,20,18,280.00,"5,040.00"
2019-03-06,2019030601002966,EDBL,48,20,50,285.00,"14,250.00"
2019-03-06,2019030601002961,EIC,32,45,100,811.00,"81,100.00"
2019-03-06,2019030601002960,EIC,32,51,50,810.00,"40,500.00"
2019-03-06,2019030601002959,EIC,32,5,30,810.00,"24,300.00"
2019-03-06,2019030601002964,FOWAD,53,56,15,"1,535.00","23,025.00"
2019-03-06,2019030601002975,GBBL,4,35,15,185.00,"2,775.00"
2019-03-06,2019030601002932,GBBL,57,49,"20,717",184.00,"3,811,928.00"
2019-03-06,2019030601002840,GBBL,4,39,950,183.00,"173,850.00"
2019-03-06,2019030601003176,GBIME,13,43,713,261.00,"186,093.00"
2019-03-06,2019030601003072,GBIME,13,55,287,261.00,"74,907.00"
2019-03-06,2019030601002995,GBIME,28,43,"1,000",261.00,"261,000.00"
2019-03-06,2019030601003258,GBLBS,49,21,10,440.00,"4,400.00"
2019-03-06,2019030601003169,GBLBS,8,8,1,432.00,432.00
2019-03-06,2019030601003059,GBLBS,49,42,74,440.00,"32,560.00"
2019-03-06,2019030601003058,GBLBS,1,42,26,441.00,"11,466.00"
2019-03-06,2019030601003003,GBLBS,44,44,10,442.00,"4,420.00"
2019-03-06,2019030601002992,GBLBS,44,44,10,442.00,"4,420.00"
2019-03-06,2019030601002900,GBLBS,44,16,10,441.00,"4,410.00"
2019-03-06,2019030601002836,GBLBS,1,14,74,441.00,"32,634.00"
2019-03-06,2019030601002829,GBLBS,49,44,10,440.00,"4,400.00"
2019-03-06,2019030601002818,GBLBS,5,14,30,441.00,"13,230.00"
2019-03-06,2019030601003087,GDBL,56,33,75,179.00,"13,425.00"
2019-03-06,2019030601002845,GDBL,36,41,37,178.00,"6,586.00"
2019-03-06,2019030601002937,GFCL,21,32,10,116.00,"1,160.00"
2019-03-06,2019030601003234,GILB,57,21,18,"1,025.00","18,450.00"
2019-03-06,2019030601003184,GILB,8,8,1,"1,020.00","1,020.00"
2019-03-06,2019030601003281,GLICL,35,5,54,695.00,"37,530.00"
2019-03-06,2019030601003216,GLICL,35,58,97,695.00,"67,415.00"
2019-03-06,2019030601003091,GLICL,17,53,20,701.00,"14,020.00"
2019-03-06,2019030601003070,GLICL,35,44,100,700.00,"70,000.00"
2019-03-06,2019030601002997,GLICL,39,58,420,698.00,"293,160.00"
2019-03-06,2019030601002993,GLICL,39,39,80,698.00,"55,840.00"
2019-03-06,2019030601003198,HATH,19,34,"1,000",114.00,"114,000.00"
2019-03-06,2019030601002957,HGI,19,41,100,373.00,"37,300.00"
2019-03-06,2019030601003238,HIDCL,42,45,300,130.00,"39,000.00"
2019-03-06,2019030601003163,IGI,38,38,279,399.00,"111,321.00"
2019-03-06,2019030601003138,JBBL,7,42,147,134.00,"19,698.00"
2019-03-06,2019030601003137,JBBL,37,42,13,134.00,"1,742.00"
2019-03-06,2019030601003288,JBNL,33,21,178,166.00,"29,548.00"
2019-03-06,2019030601003240,JBNL,57,46,50,167.00,"8,350.00"
2019-03-06,2019030601003128,JBNL,28,21,212,166.00,"35,192.00"
2019-03-06,2019030601003109,JBNL,28,18,677,166.00,"112,382.00"
2019-03-06,2019030601003057,JBNL,28,54,111,166.00,"18,426.00"
2019-03-06,2019030601002883,JBNL,28,43,350,166.00,"58,100.00"
2019-03-06,2019030601003154,JSLBB,21,21,2,"2,380.00","4,760.00"
2019-03-06,2019030601003298,KBL,51,49,117,230.00,"26,910.00"
2019-03-06,2019030601002916,KBL,51,48,883,230.00,"203,090.00"
2019-03-06,2019030601002903,KBL,36,48,"1,400",230.00,"322,000.00"
2019-03-06,2019030601002902,KBL,36,10,600,230.00,"138,000.00"
2019-03-06,2019030601002891,KBL,56,21,300,229.00,"68,700.00"
2019-03-06,2019030601002881,KBL,1,21,200,229.00,"45,800.00"
2019-03-06,2019030601003160,KKHC,37,21,10,71.00,710.00
2019-03-06,2019030601003164,KMCDB,21,21,7,835.00,"5,845.00"
2019-03-06,2019030601003147,KMCDB,7,16,10,835.00,"8,350.00"
2019-03-06,2019030601002897,KMFL,55,42,11,860.00,"9,460.00"
2019-03-06,2019030601003028,KNBL,56,41,133,118.00,"15,694.00"
2019-03-06,2019030601002940,KNBL,56,41,265,118.00,"31,270.00"
2019-03-06,2019030601002939,KNBL,54,41,35,118.00,"4,130.00"
2019-03-06,2019030601002938,KNBL,47,41,200,118.00,"23,600.00"
2019-03-06,2019030601003233,KPCL,45,29,10,93.00,930.00
2019-03-06,2019030601002880,KPCL,45,21,10,93.00,930.00
2019-03-06,2019030601002919,KPCL,39,25,10,94.00,940.00
2019-03-06,2019030601002917,KPCL,44,25,10,94.00,940.00
2019-03-06,2019030601002913,KPCL,45,39,10,93.00,930.00
2019-03-06,2019030601002906,KPCL,45,21,10,93.00,930.00
2019-03-06,2019030601002890,KPCL,45,44,10,93.00,930.00
2019-03-06,2019030601002998,KPCL,45,49,10,93.00,930.00
2019-03-06,2019030601002994,KPCL,45,49,10,93.00,930.00
2019-03-06,2019030601002948,KPCL,45,21,10,93.00,930.00
2019-03-06,2019030601002920,KPCL,39,25,10,94.00,940.00
2019-03-06,2019030601003032,KPCL,45,49,10,93.00,930.00
2019-03-06,2019030601003005,KPCL,45,49,10,93.00,930.00
2019-03-06,2019030601003211,KPCL,45,57,10,93.00,930.00
2019-03-06,2019030601003206,KPCL,45,21,10,93.00,930.00
2019-03-06,2019030601002930,KSBBL,17,25,37,134.00,"4,958.00"
2019-03-06,2019030601003173,LBBL,45,33,59,171.00,"10,089.00"
2019-03-06,2019030601003073,LBBL,47,33,29,171.00,"4,959.00"
2019-03-06,2019030601002934,LBBL,47,26,71,171.00,"12,141.00"
2019-03-06,2019030601003287,LBL,36,13,"1,301",187.00,"243,287.00"
2019-03-06,2019030601002822,LBL,6,45,60,186.00,"11,160.00"
2019-03-06,2019030601003069,LGIL,36,19,290,500.00,"145,000.00"
2019-03-06,2019030601003068,LGIL,46,19,200,500.00,"100,000.00"
2019-03-06,2019030601003067,LGIL,45,19,10,500.00,"5,000.00"
2019-03-06,2019030601003066,LGIL,21,19,200,501.00,"100,200.00"
2019-03-06,2019030601003065,LGIL,45,19,30,501.00,"15,030.00"
2019-03-06,2019030601003054,LGIL,16,55,50,506.00,"25,300.00"
2019-03-06,2019030601003035,LGIL,50,55,50,506.00,"25,300.00"
2019-03-06,2019030601002974,LGIL,16,35,150,505.00,"75,750.00"
2019-03-06,2019030601002973,LGIL,16,28,200,505.00,"101,000.00"
2019-03-06,2019030601003095,LICN,32,16,200,"1,422.00","284,400.00"
2019-03-06,2019030601003094,LICN,1,16,70,"1,423.00","99,610.00"
2019-03-06,2019030601003004,LICN,1,45,30,"1,423.00","42,690.00"
2019-03-06,2019030601002832,LLBS,38,47,30,770.00,"23,100.00"
2019-03-06,2019030601002831,LLBS,38,37,90,769.00,"69,210.00"
2019-03-06,2019030601002990,MBL,52,59,200,208.00,"41,600.00"
2019-03-06,2019030601002841,MBL,34,38,390,209.00,"81,510.00"
2019-03-06,2019030601002944,MDB,52,51,185,224.00,"41,440.00"
2019-03-06,2019030601002806,MDB,42,51,15,224.00,"3,360.00"
2019-03-06,2019030601003157,MEGA,35,22,30,157.00,"4,710.00"
2019-03-06,2019030601003156,MEGA,51,22,176,157.00,"27,632.00"
2019-03-06,2019030601003081,MEGA,45,16,30,158.00,"4,740.00"
2019-03-06,2019030601002823,MEGA,29,16,100,158.00,"15,800.00"
2019-03-06,2019030601003207,MERO,8,8,1,576.00,576.00
2019-03-06,2019030601003014,MERO,17,33,16,587.00,"9,392.00"
2019-03-06,2019030601002952,MFIL,49,16,"2,000",112.00,"224,000.00"
2019-03-06,2019030601002846,MFIL,49,21,998,112.00,"111,776.00"
2019-03-06,2019030601003023,MLBBL,57,48,10,599.00,"5,990.00"
2019-03-06,2019030601003244,MNBBL,42,58,200,338.00,"67,600.00"
2019-03-06,2019030601003170,MNBBL,45,58,100,339.00,"33,900.00"
2019-03-06,2019030601003267,MSLB,21,21,5,"1,270.00","6,350.00"
2019-03-06,2019030601003274,NABIL,1,44,580,687.00,"398,460.00"
2019-03-06,2019030601003116,NABIL,45,28,100,688.00,"68,800.00"
2019-03-06,2019030601002810,NABIL,57,3,30,687.00,"20,610.00"
2019-03-06,2019030601003277,NABILP,37,44,200,643.00,"128,600.00"
2019-03-06,2019030601003177,NABILP,19,44,100,643.00,"64,300.00"
2019-03-06,2019030601003043,NABILP,11,44,200,643.00,"128,600.00"
2019-03-06,2019030601002848,NADEP,44,44,10,668.00,"6,680.00"
2019-03-06,2019030601003269,NBB,45,5,125,184.00,"23,000.00"
2019-03-06,2019030601003268,NBB,55,5,42,184.00,"7,728.00"
2019-03-06,2019030601003221,NBB,55,25,458,184.00,"84,272.00"
2019-03-06,2019030601003220,NBB,56,25,400,184.00,"73,600.00"
2019-03-06,2019030601003219,NBB,33,25,100,184.00,"18,400.00"
2019-03-06,2019030601003218,NBB,14,25,42,184.00,"7,728.00"
2019-03-06,2019030601003144,NBL,45,36,"2,000",283.00,"566,000.00"
2019-03-06,2019030601003048,NBL,21,36,500,283.00,"141,500.00"
2019-03-06,2019030601003047,NBL,52,36,500,283.00,"141,500.00"
2019-03-06,2019030601002931,NBL,34,36,250,283.00,"70,750.00"
2019-03-06,2019030601002875,NBL,34,36,650,283.00,"183,950.00"
2019-03-06,2019030601002873,NBL,44,36,500,283.00,"141,500.00"
2019-03-06,2019030601002849,NBL,52,36,500,283.00,"141,500.00"
2019-03-06,2019030601002838,NBL,44,36,"1,100",283.00,"311,300.00"
2019-03-06,2019030601002837,NBL,44,6,900,283.00,"254,700.00"
2019-03-06,2019030601003255,NCCB,10,32,80,204.00,"16,320.00"
2019-03-06,2019030601003250,NCCB,10,32,80,204.00,"16,320.00"
2019-03-06,2019030601003153,NCCB,34,32,500,204.00,"102,000.00"
2019-03-06,2019030601003123,NCCB,32,32,"1,000",204.00,"204,000.00"
2019-03-06,2019030601003089,NCCB,51,38,"1,000",204.00,"204,000.00"
2019-03-06,2019030601003088,NCCB,43,38,500,204.00,"102,000.00"
2019-03-06,2019030601002833,NCCB,44,48,970,204.00,"197,880.00"
2019-03-06,2019030601003026,NCCB,55,48,870,204.00,"177,480.00"
2019-03-06,2019030601003018,NCCB,22,48,"1,130",204.00,"230,520.00"
2019-03-06,2019030601003009,NCCB,22,48,870,204.00,"177,480.00"
2019-03-06,2019030601002949,NCCB,34,20,159,203.00,"32,277.00"
2019-03-06,2019030601002852,NCCB,57,48,100,204.00,"20,400.00"
2019-03-06,2019030601002851,NCCB,44,48,"1,030",204.00,"210,120.00"
2019-03-06,2019030601003038,NGPL,33,22,65,115.00,"7,475.00"
2019-03-06,2019030601002872,NHPC,33,35,600,62.00,"37,200.00"
2019-03-06,2019030601003280,NIB,21,21,2,507.00,"1,014.00"
2019-03-06,2019030601003185,NIB,45,22,150,507.00,"76,050.00"
2019-03-06,2019030601003142,NIB,45,22,250,507.00,"126,750.00"
2019-03-06,2019030601003136,NIB,45,22,100,507.00,"50,700.00"
2019-03-06,2019030601003135,NIB,48,22,100,507.00,"50,700.00"
2019-03-06,2019030601003134,NIB,29,22,500,507.00,"253,500.00"
2019-03-06,2019030601003080,NIB,22,5,168,507.00,"85,176.00"
2019-03-06,2019030601002814,NIB,22,7,32,507.00,"16,224.00"
2019-03-06,2019030601002813,NIB,34,7,50,507.00,"25,350.00"
2019-03-06,2019030601002812,NIB,45,7,18,507.00,"9,126.00"
2019-03-06,2019030601003273,NICA,6,43,424,385.00,"163,240.00"
2019-03-06,2019030601003254,NICA,6,43,"1,000",385.00,"385,000.00"
2019-03-06,2019030601003230,NICA,6,21,50,385.00,"19,250.00"
2019-03-06,2019030601003229,NICA,6,43,500,385.00,"192,500.00"
2019-03-06,2019030601003193,NICA,6,22,300,385.00,"115,500.00"
2019-03-06,2019030601003192,NICA,6,44,200,385.00,"77,000.00"
2019-03-06,2019030601003093,NICA,45,49,51,384.00,"19,584.00"
2019-03-06,2019030601003092,NICA,35,49,49,384.00,"18,816.00"
2019-03-06,2019030601002924,NICA,35,43,451,384.00,"173,184.00"
2019-03-06,2019030601002923,NICA,11,43,30,384.00,"11,520.00"
2019-03-06,2019030601002922,NICA,54,43,19,384.00,"7,296.00"
2019-03-06,2019030601003191,NICA,6,34,"1,006",385.00,"387,310.00"
2019-03-06,2019030601003190,NICA,6,47,100,385.00,"38,500.00"
2019-03-06,2019030601003189,NICA,6,8,920,385.00,"354,200.00"
2019-03-06,2019030601003188,NICA,6,43,500,384.00,"192,000.00"
2019-03-06,2019030601003179,NICA,45,4,26,384.00,"9,984.00"
2019-03-06,2019030601003101,NICA,45,43,249,384.00,"95,616.00"
2019-03-06,2019030601003036,NICL,43,17,50,369.00,"18,450.00"
2019-03-06,2019030601003040,NIL,45,5,100,511.00,"51,100.00"
2019-03-06,2019030601003021,NIL,45,34,30,512.00,"15,360.00"
2019-03-06,2019030601002915,NIL,21,34,100,512.00,"51,200.00"
2019-03-06,2019030601002889,NIL,35,34,200,512.00,"102,400.00"
2019-03-06,2019030601002869,NIL,44,34,500,512.00,"256,000.00"
2019-03-06,2019030601003302,NLIC,39,28,290,"1,079.00","312,910.00"
2019-03-06,2019030601003301,NLIC,39,33,44,"1,078.00","47,432.00"
2019-03-06,2019030601003300,NLIC,39,44,16,"1,076.00","17,216.00"
2019-03-06,2019030601003279,NLIC,45,25,50,"1,075.00","53,750.00"
2019-03-06,2019030601003278,NLIC,45,53,50,"1,075.00","53,750.00"
2019-03-06,2019030601003271,NLIC,42,21,17,"1,073.00","18,241.00"
2019-03-06,2019030601002999,NLIC,41,28,10,"1,079.00","10,790.00"
2019-03-06,2019030601002941,NLIC,32,26,17,"1,076.00","18,292.00"
2019-03-06,2019030601002925,NLIC,1,28,200,"1,077.00","215,400.00"
2019-03-06,2019030601002911,NLIC,41,42,142,"1,079.00","153,218.00"
2019-03-06,2019030601002894,NLIC,38,6,20,"1,079.00","21,580.00"
2019-03-06,2019030601003213,NLIC,21,21,3,"1,075.00","3,225.00"
2019-03-06,2019030601003151,NLIC,41,28,44,"1,075.00","47,300.00"
2019-03-06,2019030601003112,NLIC,17,41,17,"1,071.00","18,207.00"
2019-03-06,2019030601003056,NLIC,38,28,160,"1,075.00","172,000.00"
2019-03-06,2019030601003055,NLIC,56,28,10,"1,075.00","10,750.00"
2019-03-06,2019030601003052,NLIC,32,44,33,"1,076.00","35,508.00"
2019-03-06,2019030601003290,NLICL,49,53,500,619.00,"309,500.00"
2019-03-06,2019030601003275,NLICL,22,35,100,620.00,"62,000.00"
2019-03-06,2019030601003165,NLICL,50,53,500,620.00,"310,000.00"
2019-03-06,2019030601003132,NLICL,36,35,200,621.00,"124,200.00"
2019-03-06,2019030601003107,NLICL,22,35,100,625.00,"62,500.00"
2019-03-06,2019030601003167,NMB,34,34,500,307.00,"153,500.00"
2019-03-06,2019030601003166,NMB,36,34,"1,000",307.00,"307,000.00"
2019-03-06,2019030601003119,NMB,25,34,965,307.00,"296,255.00"
2019-03-06,2019030601003114,NMB,49,34,35,307.00,"10,745.00"
2019-03-06,2019030601003113,NMB,49,33,115,307.00,"35,305.00"
2019-03-06,2019030601003039,NMB,25,7,178,307.00,"54,646.00"
2019-03-06,2019030601002969,NMB,14,7,200,307.00,"61,400.00"
2019-03-06,2019030601002956,NMB,57,7,200,307.00,"61,400.00"
2019-03-06,2019030601002955,NMB,57,44,150,307.00,"46,050.00"
2019-03-06,2019030601002950,NMB,25,44,200,307.00,"61,400.00"
2019-03-06,2019030601002901,NMB,43,44,100,307.00,"30,700.00"
2019-03-06,2019030601002899,NMB,36,44,"1,000",307.00,"307,000.00"
2019-03-06,2019030601002809,NMBHF1,5,8,"3,265",8.69,"28,372.85"
2019-03-06,2019030601002808,NMBHF1,22,8,"6,839",8.70,"59,499.30"
2019-03-06,2019030601003297,NMBMF,29,48,50,"1,045.00","52,250.00"
2019-03-06,2019030601003296,NMBMF,29,38,10,"1,045.00","10,450.00"
2019-03-06,2019030601003272,NSEWA,22,17,10,555.00,"5,550.00"
2019-03-06,2019030601003264,NSEWA,22,47,10,545.00,"5,450.00"
2019-03-06,2019030601003259,NSEWA,22,17,10,538.00,"5,380.00"
2019-03-06,2019030601003117,NSEWA,22,21,10,528.00,"5,280.00"
2019-03-06,2019030601002943,NSEWA,44,44,10,535.00,"5,350.00"
2019-03-06,2019030601003262,NTC,57,36,31,680.00,"21,080.00"
2019-03-06,2019030601003261,NTC,57,59,19,680.00,"12,920.00"
2019-03-06,2019030601003008,NTC,34,59,100,680.00,"68,000.00"
2019-03-06,2019030601003007,NTC,34,44,500,679.00,"339,500.00"
2019-03-06,2019030601003289,NUBL,50,22,50,714.00,"35,700.00"
2019-03-06,2019030601003086,NUBL,5,49,50,712.00,"35,600.00"
2019-03-06,2019030601002803,NUBL,7,41,100,715.00,"71,500.00"
2019-03-06,2019030601003061,OHL,49,20,119,413.00,"49,147.00"
2019-03-06,2019030601003060,OHL,45,20,30,415.00,"12,450.00"
2019-03-06,2019030601002827,OHL,50,45,110,419.00,"46,090.00"
2019-03-06,2019030601002996,OHL,34,20,149,410.00,"61,090.00"
2019-03-06,2019030601002980,OHL,45,20,60,412.00,"24,720.00"
2019-03-06,2019030601002979,OHL,35,20,89,413.00,"36,757.00"
2019-03-06,2019030601002971,OHL,35,20,119,413.00,"49,147.00"
2019-03-06,2019030601002970,OHL,45,20,30,413.00,"12,390.00"
2019-03-06,2019030601002825,PCBL,45,45,30,307.00,"9,210.00"
2019-03-06,2019030601003263,PIC,45,35,20,"1,015.00","20,300.00"
2019-03-06,2019030601003260,PIC,45,17,11,"1,015.00","11,165.00"
2019-03-06,2019030601003225,PIC,41,16,11,"1,015.00","11,165.00"
2019-03-06,2019030601003210,PIC,41,41,11,"1,015.00","11,165.00"
2019-03-06,2019030601003209,PIC,41,51,11,"1,015.00","11,165.00"
2019-03-06,2019030601003208,PIC,41,51,11,"1,015.00","11,165.00"
2019-03-06,2019030601003111,PIC,32,21,11,"1,011.00","11,121.00"
2019-03-06,2019030601003172,PIC,32,32,6,991.00,"5,946.00"
2019-03-06,2019030601003133,PIC,32,13,11,"1,011.00","11,121.00"
2019-03-06,2019030601003131,PIC,32,13,11,"1,011.00","11,121.00"
2019-03-06,2019030601002972,PICL,41,53,20,678.00,"13,560.00"
2019-03-06,2019030601003099,PLIC,42,49,20,435.00,"8,700.00"
2019-03-06,2019030601003098,PLIC,42,49,50,435.00,"21,750.00"
2019-03-06,2019030601002977,PLIC,59,38,200,436.00,"87,200.00"
2019-03-06,2019030601002896,PLIC,59,46,569,436.00,"248,084.00"
2019-03-06,2019030601002895,PLIC,28,46,200,436.00,"87,200.00"
2019-03-06,2019030601003237,PMHPL,56,29,10,108.00,"1,080.00"
2019-03-06,2019030601003102,PMHPL,56,21,10,108.00,"1,080.00"
2019-03-06,2019030601003085,PMHPL,56,41,10,108.00,"1,080.00"
2019-03-06,2019030601003075,PMHPL,56,41,10,108.00,"1,080.00"
2019-03-06,2019030601003037,PMHPL,56,41,10,108.00,"1,080.00"
2019-03-06,2019030601003012,PMHPL,25,49,10,108.00,"1,080.00"
2019-03-06,2019030601002908,PMHPL,25,21,10,108.00,"1,080.00"
2019-03-06,2019030601002885,PMHPL,25,21,10,108.00,"1,080.00"
2019-03-06,2019030601003224,PRIN,13,38,150,409.00,"61,350.00"
2019-03-06,2019030601003223,PRIN,13,58,400,409.00,"163,600.00"
2019-03-06,2019030601003130,PRIN,45,58,100,409.00,"40,900.00"
2019-03-06,2019030601003015,PRIN,22,32,50,408.00,"20,400.00"
2019-03-06,2019030601003118,PRVU,45,28,100,215.00,"21,500.00"
2019-03-06,2019030601003063,PRVU,43,59,450,214.00,"96,300.00"
2019-03-06,2019030601003053,PRVU,19,59,50,214.00,"10,700.00"
2019-03-06,2019030601002853,PRVU,43,59,200,215.00,"43,000.00"
2019-03-06,2019030601002835,PRVU,55,25,200,214.00,"42,800.00"
2019-03-06,2019030601002859,PRVU,43,26,"1,000",215.00,"215,000.00"
2019-03-06,2019030601002858,PRVU,43,40,400,215.00,"86,000.00"
2019-03-06,2019030601002857,PRVU,43,28,42,215.00,"9,030.00"
2019-03-06,2019030601002856,PRVU,43,22,100,215.00,"21,500.00"
2019-03-06,2019030601002855,PRVU,43,14,100,215.00,"21,500.00"
2019-03-06,2019030601002854,PRVU,43,6,20,215.00,"4,300.00"
2019-03-06,2019030601002865,PRVU,43,21,"1,000",215.00,"215,000.00"
2019-03-06,2019030601002864,PRVU,43,38,100,215.00,"21,500.00"
2019-03-06,2019030601002863,PRVU,43,53,"1,000",215.00,"215,000.00"
2019-03-06,2019030601002862,PRVU,43,19,25,215.00,"5,375.00"
2019-03-06,2019030601002861,PRVU,43,55,13,215.00,"2,795.00"
2019-03-06,2019030601002860,PRVU,43,7,11,215.00,"2,365.00"
2019-03-06,2019030601003011,PRVU,34,59,500,214.00,"107,000.00"
2019-03-06,2019030601003265,PURBL,14,33,100,168.00,"16,800.00"
2019-03-06,2019030601003030,PURBL,14,42,40,168.00,"6,720.00"
2019-03-06,2019030601003253,RADHI,26,57,11,158.00,"1,738.00"
2019-03-06,2019030601003232,RADHI,26,49,11,158.00,"1,738.00"
2019-03-06,2019030601003231,RADHI,26,21,11,158.00,"1,738.00"
2019-03-06,2019030601003215,RADHI,50,57,11,157.00,"1,727.00"
2019-03-06,2019030601002910,RADHI,50,16,11,157.00,"1,727.00"
2019-03-06,2019030601003017,RRHP,44,44,10,93.00,930.00
2019-03-06,2019030601002963,RRHP,22,37,120,94.00,"11,280.00"
2019-03-06,2019030601002954,RRHP,42,37,40,94.00,"3,760.00"
2019-03-06,2019030601002953,RRHP,42,44,10,93.00,930.00
2019-03-06,2019030601002905,RRHP,39,37,40,94.00,"3,760.00"
2019-03-06,2019030601002904,RRHP,39,43,10,94.00,940.00
2019-03-06,2019030601003241,RSDC,35,45,19,383.00,"7,277.00"
2019-03-06,2019030601003042,RSDC,44,44,1,380.00,380.00
2019-03-06,2019030601002982,RSDC,26,26,4,376.00,"1,504.00"
2019-03-06,2019030601002882,RSDC,16,13,100,383.00,"38,300.00"
2019-03-06,2019030601003161,SADBL,56,40,214,135.00,"28,890.00"
2019-03-06,2019030601003120,SADBL,35,59,500,136.00,"68,000.00"
2019-03-06,2019030601002933,SADBL,56,20,103,135.00,"13,905.00"
2019-03-06,2019030601003197,SANIMA,34,43,"1,000",294.00,"294,000.00"
2019-03-06,2019030601003196,SANIMA,34,43,78,294.00,"22,932.00"
2019-03-06,2019030601003033,SANIMA,34,26,130,294.00,"38,220.00"
2019-03-06,2019030601002871,SANIMA,34,20,115,294.00,"33,810.00"
2019-03-06,2019030601003228,SBI,5,28,60,372.00,"22,320.00"
2019-03-06,2019030601003266,SBL,41,28,60,277.00,"16,620.00"
2019-03-06,2019030601003226,SBL,41,21,40,277.00,"11,080.00"
2019-03-06,2019030601003182,SBL,56,59,290,277.00,"80,330.00"
2019-03-06,2019030601003016,SBL,34,59,10,277.00,"2,770.00"
2019-03-06,2019030601003291,SCB,52,21,10,529.00,"5,290.00"
2019-03-06,2019030601003214,SCB,52,21,20,529.00,"10,580.00"
2019-03-06,2019030601003181,SCB,6,43,60,530.00,"31,800.00"
2019-03-06,2019030601003140,SCB,6,41,50,530.00,"26,500.00"
2019-03-06,2019030601003139,SCB,38,41,60,530.00,"31,800.00"
2019-03-06,2019030601003129,SCB,38,16,20,530.00,"10,600.00"
2019-03-06,2019030601003031,SCB,52,33,20,529.00,"10,580.00"
2019-03-06,2019030601002804,SCB,42,43,30,530.00,"15,900.00"
2019-03-06,2019030601002958,SHPC,41,28,330,221.00,"72,930.00"
2019-03-06,2019030601002936,SHPC,40,33,50,220.00,"11,000.00"
2019-03-06,2019030601002935,SHPC,57,33,500,220.00,"110,000.00"
2019-03-06,2019030601003100,SIC,42,58,20,"1,283.00","25,660.00"
2019-03-06,2019030601003090,SIC,42,55,20,"1,275.00","25,500.00"
2019-03-06,2019030601003282,SICL,14,33,50,870.00,"43,500.00"
2019-03-06,2019030601003044,SICL,19,33,50,868.00,"43,400.00"
2019-03-06,2019030601003270,SIL,57,35,18,597.00,"10,746.00"
2019-03-06,2019030601002879,SIL,55,19,60,599.00,"35,940.00"
2019-03-06,2019030601002878,SIL,55,34,100,599.00,"59,900.00"
2019-03-06,2019030601002830,SINDU,34,20,333,116.00,"38,628.00"
2019-03-06,2019030601003245,SLBSL,55,21,10,760.00,"7,600.00"
2019-03-06,2019030601002867,SLBSL,7,47,10,764.00,"7,640.00"
2019-03-06,2019030601002866,SLBSL,7,38,10,764.00,"7,640.00"
2019-03-06,2019030601003205,SLICL,45,4,250,515.00,"128,750.00"
2019-03-06,2019030601003204,SLICL,42,4,50,515.00,"25,750.00"
2019-03-06,2019030601003174,SMATA,22,21,18,"1,303.00","23,454.00"
2019-03-06,2019030601003083,SMB,58,47,10,610.00,"6,100.00"
2019-03-06,2019030601003076,SMB,44,44,10,609.00,"6,090.00"
2019-03-06,2019030601003071,SPDL,45,54,190,91.00,"17,290.00"
2019-03-06,2019030601003046,SPDL,14,54,10,90.00,900.00
2019-03-06,2019030601002946,SPDL,45,26,15,89.00,"1,335.00"
2019-03-06,2019030601003202,UIC,32,44,100,760.00,"76,000.00"
2019-03-06,2019030601003201,UIC,1,44,10,762.00,"7,620.00"
2019-03-06,2019030601003200,UIC,1,44,10,762.00,"7,620.00"
2019-03-06,2019030601002927,UIC,21,16,100,762.00,"76,200.00"
2019-03-06,2019030601002912,UIC,58,16,50,762.00,"38,100.00"
2019-03-06,2019030601002887,UIC,7,37,500,760.00,"380,000.00"
2019-03-06,2019030601002886,UIC,7,54,216,760.00,"164,160.00"
2019-03-06,2019030601003299,UPPER,51,21,40,224.00,"8,960.00"
2019-03-06,2019030601003276,UPPER,51,40,40,224.00,"8,960.00"
2019-03-06,2019030601003249,UPPER,51,21,50,224.00,"11,200.00"
2019-03-06,2019030601003235,UPPER,51,57,50,224.00,"11,200.00"
2019-03-06,2019030601003217,UPPER,51,21,50,224.00,"11,200.00"
2019-03-06,2019030601002815,UPPER,57,38,40,225.00,"9,000.00"
2019-03-06,2019030601002877,UPPER,59,38,20,225.00,"4,500.00"
2019-03-06,2019030601002876,UPPER,59,38,30,225.00,"6,750.00"
2019-03-06,2019030601002820,UPPER,51,57,50,224.00,"11,200.00"
2019-03-06,2019030601002817,UPPER,57,38,10,225.00,"2,250.00"
2019-03-06,2019030601002816,UPPER,57,38,50,225.00,"11,250.00"
2019-03-06,2019030601002918,UPPER,51,16,50,224.00,"11,200.00"
2019-03-06,2019030601002991,UPPER,51,36,40,224.00,"8,960.00"
2019-03-06,2019030601002965,UPPER,51,26,50,224.00,"11,200.00"
2019-03-06,2019030601003027,UPPER,51,32,40,224.00,"8,960.00"
2019-03-06,2019030601003025,UPPER,51,32,50,224.00,"11,200.00"
2019-03-06,2019030601003024,UPPER,51,49,40,224.00,"8,960.00"
2019-03-06,2019030601003013,UPPER,51,21,40,224.00,"8,960.00"
2019-03-06,2019030601003108,UPPER,51,21,50,224.00,"11,200.00"
2019-03-06,2019030601003097,UPPER,51,21,50,224.00,"11,200.00"
2019-03-06,2019030601003074,UPPER,51,21,40,224.00,"8,960.00"
2019-03-06,2019030601003051,UPPER,26,25,40,225.00,"9,000.00"
2019-03-06,2019030601003050,UPPER,26,38,40,225.00,"9,000.00"
2019-03-06,2019030601003049,UPPER,26,38,20,225.00,"4,500.00"
2019-03-06,2019030601003162,UPPER,51,38,50,224.00,"11,200.00"
2019-03-06,2019030601003159,UPPER,51,38,40,224.00,"8,960.00"
2019-03-06,2019030601003155,UPPER,51,38,50,224.00,"11,200.00"
2019-03-06,2019030601003146,UPPER,51,34,50,224.00,"11,200.00"
2019-03-06,2019030601003121,UPPER,51,21,40,224.00,"8,960.00"
2019-03-06,2019030601003212,UPPER,51,29,50,224.00,"11,200.00"
2019-03-06,2019030601003199,UPPER,51,21,40,224.00,"8,960.00"
2019-03-06,2019030601003187,UPPER,51,21,50,224.00,"11,200.00"
2019-03-06,2019030601003180,UPPER,51,21,50,224.00,"11,200.00"
2019-03-06,2019030601003257,WOMI,59,41,25,"1,090.00","27,250.00"
2019-03-06,2019030601003251,WOMI,59,41,25,"1,090.00","27,250.00"
2019-03-06,2019030601002727,ADBL,59,25,50,292.00,"14,600.00"
2019-03-06,2019030601002534,ADBL,14,37,54,292.00,"15,768.00"
2019-03-06,2019030601002533,ADBL,49,37,25,293.00,"7,325.00"
2019-03-06,2019030601002767,AHPC,22,25,10,100.00,"1,000.00"
2019-03-06,2019030601002519,AHPC,58,25,100,100.00,"10,000.00"
2019-03-06,2019030601002391,AHPC,41,25,100,100.00,"10,000.00"
2019-03-06,2019030601002325,AKPL,45,45,13,155.00,"2,015.00"
2019-03-06,2019030601002788,ALICL,57,44,30,388.00,"11,640.00"
2019-03-06,2019030601002596,ALICL,42,38,150,387.00,"58,050.00"
2019-03-06,2019030601002584,ALICL,28,53,58,386.00,"22,388.00"
2019-03-06,2019030601002583,ALICL,28,48,68,386.00,"26,248.00"
2019-03-06,2019030601002556,AMFI,26,47,10,665.00,"6,650.00"
2019-03-06,2019030601002393,AMFI,26,53,10,665.00,"6,650.00"
2019-03-06,2019030601002385,AMFI,53,34,10,670.00,"6,700.00"
2019-03-06,2019030601002398,API,25,42,50,125.00,"6,250.00"
2019-03-06,2019030601002754,BARUN,58,16,10,93.00,930.00
2019-03-06,2019030601002554,BARUN,58,16,10,93.00,930.00
2019-03-06,2019030601002374,BARUN,6,6,10,94.00,940.00
2019-03-06,2019030601002512,BFC,14,25,200,96.00,"19,200.00"
2019-03-06,2019030601002790,BHBL,48,8,200,148.00,"29,600.00"
2019-03-06,2019030601002661,BHBL,4,51,220,147.00,"32,340.00"
2019-03-06,2019030601002324,BHBL,48,42,20,146.00,"2,920.00"
2019-03-06,2019030601002785,BOKL,57,49,50,237.00,"11,850.00"
2019-03-06,2019030601002523,BOKL,57,16,501,237.00,"118,737.00"
2019-03-06,2019030601002522,BOKL,50,16,150,237.00,"35,550.00"
2019-03-06,2019030601002321,BOKL,21,6,70,238.00,"16,660.00"
2019-03-06,2019030601002535,BPCL,50,35,"1,000",341.00,"341,000.00"
2019-03-06,2019030601002372,BPCL,33,34,780,340.00,"265,200.00"
2019-03-06,2019030601002371,BPCL,33,25,100,340.00,"34,000.00"
2019-03-06,2019030601002776,CBBL,28,41,83,871.00,"72,293.00"
2019-03-06,2019030601002775,CBBL,42,41,30,875.00,"26,250.00"
2019-03-06,2019030601002670,CBBL,42,17,70,875.00,"61,250.00"
2019-03-06,2019030601002615,CBBL,39,17,30,875.00,"26,250.00"
2019-03-06,2019030601002404,CBBL,50,21,517,875.00,"452,375.00"
2019-03-06,2019030601002403,CBBL,50,29,50,875.00,"43,750.00"
2019-03-06,2019030601002402,CBBL,50,54,20,875.00,"17,500.00"
2019-03-06,2019030601002401,CBBL,50,8,"1,000",874.00,"874,000.00"
2019-03-06,2019030601002484,CBL,13,37,81,148.00,"11,988.00"
2019-03-06,2019030601002483,CBL,50,37,67,148.00,"9,916.00"
2019-03-06,2019030601002482,CBL,55,37,"1,000",148.00,"148,000.00"
2019-03-06,2019030601002481,CBL,14,37,100,148.00,"14,800.00"
2019-03-06,2019030601002480,CBL,21,37,148,148.00,"21,904.00"
2019-03-06,2019030601002695,CCBL,41,26,807,158.00,"127,506.00"
2019-03-06,2019030601002694,CCBL,40,26,100,158.00,"15,800.00"
2019-03-06,2019030601002693,CCBL,51,26,50,158.00,"7,900.00"
2019-03-06,2019030601002692,CCBL,36,26,543,159.00,"86,337.00"
2019-03-06,2019030601002491,CCBL,36,37,457,159.00,"72,663.00"
2019-03-06,2019030601002490,CCBL,36,37,35,159.00,"5,565.00"
2019-03-06,2019030601002411,CEFL,4,56,200,94.00,"18,800.00"
2019-03-06,2019030601002722,CFCL,14,41,200,111.00,"22,200.00"
2019-03-06,2019030601002308,CFCL,45,58,121,110.00,"13,310.00"
2019-03-06,2019030601002303,CFCL,45,58,30,110.00,"3,300.00"
2019-03-06,2019030601002721,CHCL,6,6,"1,200",502.00,"602,400.00"
2019-03-06,2019030601002698,CHCL,6,6,"1,600",502.00,"803,200.00"
2019-03-06,2019030601002338,CHCL,21,10,100,503.00,"50,300.00"
2019-03-06,2019030601002337,CHCL,21,25,104,503.00,"52,312.00"
2019-03-06,2019030601002461,CHL,6,6,34,103.00,"3,502.00"
2019-03-06,2019030601002781,CHLBS,7,21,10,556.00,"5,560.00"
2019-03-06,2019030601002769,CHLBS,47,21,10,556.00,"5,560.00"
2019-03-06,2019030601002748,CHLBS,47,21,10,556.00,"5,560.00"
2019-03-06,2019030601002747,CHLBS,46,47,10,560.00,"5,600.00"
2019-03-06,2019030601002746,CHLBS,46,55,10,560.00,"5,600.00"
2019-03-06,2019030601002745,CHLBS,46,37,10,560.00,"5,600.00"
2019-03-06,2019030601002360,CHLBS,29,29,10,559.00,"5,590.00"
2019-03-06,2019030601002357,CHLBS,45,39,10,557.00,"5,570.00"
2019-03-06,2019030601002369,CHLBS,51,54,10,557.00,"5,570.00"
2019-03-06,2019030601002365,CHLBS,29,29,10,559.00,"5,590.00"
2019-03-06,2019030601002364,CHLBS,29,29,10,559.00,"5,590.00"
2019-03-06,2019030601002363,CHLBS,29,29,10,559.00,"5,590.00"
2019-03-06,2019030601002362,CHLBS,29,29,10,559.00,"5,590.00"
2019-03-06,2019030601002361,CHLBS,29,29,10,559.00,"5,590.00"
2019-03-06,2019030601002455,CHLBS,5,54,10,557.00,"5,570.00"
2019-03-06,2019030601002446,CHLBS,5,54,10,557.00,"5,570.00"
2019-03-06,2019030601002442,CHLBS,5,54,10,557.00,"5,570.00"
2019-03-06,2019030601002428,CHLBS,5,54,10,557.00,"5,570.00"
2019-03-06,2019030601002425,CHLBS,51,54,10,557.00,"5,570.00"
2019-03-06,2019030601002390,CHLBS,51,54,10,557.00,"5,570.00"
2019-03-06,2019030601002741,CHLBS,16,21,10,556.00,"5,560.00"
2019-03-06,2019030601002740,CHLBS,16,21,10,556.00,"5,560.00"
2019-03-06,2019030601002716,CHLBS,36,21,10,556.00,"5,560.00"
2019-03-06,2019030601002668,CHLBS,36,39,10,556.00,"5,560.00"
2019-03-06,2019030601002585,CHLBS,36,36,10,556.00,"5,560.00"
2019-03-06,2019030601002550,CHLBS,5,25,10,557.00,"5,570.00"
2019-03-06,2019030601002753,CIT,16,16,1,"2,490.00","2,490.00"
2019-03-06,2019030601002421,CIT,52,17,10,"2,540.00","25,400.00"
2019-03-06,2019030601002479,CLBSL,6,6,15,590.00,"8,850.00"
2019-03-06,2019030601002384,CLBSL,44,37,210,591.00,"124,110.00"
2019-03-06,2019030601002383,CLBSL,44,16,10,590.00,"5,900.00"
2019-03-06,2019030601002711,CZBIL,56,25,10,203.00,"2,030.00"
2019-03-06,2019030601002517,CZBIL,36,39,10,202.00,"2,020.00"
2019-03-06,2019030601002513,DBBL,6,6,354,123.00,"43,542.00"
2019-03-06,2019030601002328,DBBL,8,8,2,121.00,242.00
2019-03-06,2019030601002326,DBBL,51,42,20,122.00,"2,440.00"
2019-03-06,2019030601002378,DDBL,21,54,147,585.00,"85,995.00"
2019-03-06,2019030601002342,DDBL,34,11,500,583.00,"291,500.00"
2019-03-06,2019030601002341,DDBL,34,59,50,582.00,"29,100.00"
2019-03-06,2019030601002336,DDBL,34,59,50,582.00,"29,100.00"
2019-03-06,2019030601002309,DDBL,13,59,100,582.00,"58,200.00"
2019-03-06,2019030601002707,EBL,14,43,40,512.00,"20,480.00"
2019-03-06,2019030601002706,EBL,35,43,100,512.00,"51,200.00"
2019-03-06,2019030601002705,EBL,14,43,63,512.00,"32,256.00"
2019-03-06,2019030601002388,EBL,47,16,60,512.00,"30,720.00"
2019-03-06,2019030601002387,EBL,7,16,30,512.00,"15,360.00"
2019-03-06,2019030601002656,EBL,14,6,200,512.00,"102,400.00"
2019-03-06,2019030601002504,EBL,14,25,437,512.00,"223,744.00"
2019-03-06,2019030601002503,EBL,40,25,50,512.00,"25,600.00"
2019-03-06,2019030601002502,EBL,17,25,13,512.00,"6,656.00"
2019-03-06,2019030601002389,EBL,17,16,87,512.00,"44,544.00"
2019-03-06,2019030601002757,FMDBL,59,14,50,365.00,"18,250.00"
2019-03-06,2019030601002683,FMDBL,28,59,50,365.00,"18,250.00"
2019-03-06,2019030601002733,GBBL,45,39,50,183.00,"9,150.00"
2019-03-06,2019030601002689,GBBL,4,35,10,185.00,"1,850.00"
2019-03-06,2019030601002688,GBBL,4,11,20,184.00,"3,680.00"
2019-03-06,2019030601002330,GBIME,17,42,20,260.00,"5,200.00"
2019-03-06,2019030601002697,GBLBS,5,16,10,441.00,"4,410.00"
2019-03-06,2019030601002658,GBLBS,5,29,10,441.00,"4,410.00"
2019-03-06,2019030601002600,GBLBS,49,39,500,440.00,"220,000.00"
2019-03-06,2019030601002518,GBLBS,49,26,10,440.00,"4,400.00"
2019-03-06,2019030601002472,GBLBS,49,29,10,440.00,"4,400.00"
2019-03-06,2019030601002422,GBLBS,8,8,1,435.00,435.00
2019-03-06,2019030601002546,GDBL,33,8,98,178.00,"17,444.00"
2019-03-06,2019030601002545,GDBL,42,8,95,178.00,"16,910.00"
2019-03-06,2019030601002755,GFCL,21,32,100,114.00,"11,400.00"
2019-03-06,2019030601002487,GILB,8,8,1,"1,020.00","1,020.00"
2019-03-06,2019030601002687,GLICL,58,58,885,685.00,"606,225.00"
2019-03-06,2019030601002618,GLICL,35,58,200,696.00,"139,200.00"
2019-03-06,2019030601002566,GLICL,14,53,50,706.00,"35,300.00"
2019-03-06,2019030601002565,GLICL,14,21,100,705.00,"70,500.00"
2019-03-06,2019030601002564,GLICL,14,17,69,700.00,"48,300.00"
2019-03-06,2019030601002563,GLICL,14,50,100,700.00,"70,000.00"
2019-03-06,2019030601002562,GLICL,14,6,50,700.00,"35,000.00"
2019-03-06,2019030601002561,GLICL,14,26,200,696.00,"139,200.00"
2019-03-06,2019030601002506,GLICL,35,17,50,695.00,"34,750.00"
2019-03-06,2019030601002603,GUFL,4,22,56,107.00,"5,992.00"
2019-03-06,2019030601002710,HDL,46,32,10,"1,337.00","13,370.00"
2019-03-06,2019030601002784,HPPL,25,55,10,174.00,"1,740.00"
2019-03-06,2019030601002526,HPPL,22,26,20,171.00,"3,420.00"
2019-03-06,2019030601002327,HPPL,45,45,10,173.00,"1,730.00"
