Date,Transact. No.,Symbol,Buyer,Seller,Quantity,Rate,Amount
2019-02-13,2019021301004738,ADBL,55,42,173,329.00,"56,917.00"
2019-02-13,2019021301004737,ADBL,14,42,67,329.00,"22,043.00"
2019-02-13,2019021301004684,ADBL,14,14,144,329.00,"47,376.00"
2019-02-13,2019021301004482,ADBL,14,6,289,329.00,"95,081.00"
2019-02-13,2019021301004481,ADBL,1,6,100,329.00,"32,900.00"
2019-02-13,2019021301004767,AKPL,56,47,13,169.00,"2,197.00"
2019-02-13,2019021301004795,AMFI,16,58,200,700.00,"140,000.00"
2019-02-13,2019021301004794,AMFI,1,58,25,701.00,"17,525.00"
2019-02-13,2019021301004793,AMFI,17,58,50,702.00,"35,100.00"
2019-02-13,2019021301004819,API,26,58,500,132.00,"66,000.00"
2019-02-13,2019021301004681,BARUN,25,10,50,95.00,"4,750.00"
2019-02-13,2019021301004624,BARUN,39,10,"1,000",95.00,"95,000.00"
2019-02-13,2019021301004623,BARUN,49,10,200,95.00,"19,000.00"
2019-02-13,2019021301004622,BARUN,19,10,100,95.00,"9,500.00"
2019-02-13,2019021301004621,BARUN,20,10,10,96.00,960.00
2019-02-13,2019021301004690,BHBL,46,4,100,140.00,"14,000.00"
2019-02-13,2019021301004689,BHBL,1,4,20,140.00,"2,800.00"
2019-02-13,2019021301004860,BOKL,7,52,50,236.00,"11,800.00"
2019-02-13,2019021301004813,BOKL,57,45,38,234.00,"8,892.00"
2019-02-13,2019021301004812,BOKL,45,45,462,234.00,"108,108.00"
2019-02-13,2019021301004708,BOKL,45,51,100,234.00,"23,400.00"
2019-02-13,2019021301004579,BOKL,26,1,215,235.00,"50,525.00"
2019-02-13,2019021301004473,BOKL,6,1,250,235.00,"58,750.00"
2019-02-13,2019021301004878,BPCL,6,34,30,349.00,"10,470.00"
2019-02-13,2019021301004877,BPCL,57,34,100,349.00,"34,900.00"
2019-02-13,2019021301004837,BPCL,16,28,500,350.00,"175,000.00"
2019-02-13,2019021301004836,BPCL,29,28,50,350.00,"17,500.00"
2019-02-13,2019021301004835,BPCL,39,28,430,350.00,"150,500.00"
2019-02-13,2019021301004626,BPCL,39,48,10,350.00,"3,500.00"
2019-02-13,2019021301004625,BPCL,11,48,10,351.00,"3,510.00"
2019-02-13,2019021301004494,CBBL,47,43,20,874.00,"17,480.00"
2019-02-13,2019021301004713,CBBL,45,21,20,871.00,"17,420.00"
2019-02-13,2019021301004498,CBBL,47,37,470,878.00,"412,660.00"
2019-02-13,2019021301004497,CBBL,47,34,50,878.00,"43,900.00"
2019-02-13,2019021301004496,CBBL,47,26,110,877.00,"96,470.00"
2019-02-13,2019021301004495,CBBL,47,32,100,875.00,"87,500.00"
2019-02-13,2019021301004719,CBBL,55,21,19,868.00,"16,492.00"
2019-02-13,2019021301004718,CBBL,16,21,100,869.00,"86,900.00"
2019-02-13,2019021301004717,CBBL,39,21,81,869.00,"70,389.00"
2019-02-13,2019021301004716,CBBL,26,21,10,870.00,"8,700.00"
2019-02-13,2019021301004715,CBBL,53,21,20,870.00,"17,400.00"
2019-02-13,2019021301004714,CBBL,33,21,50,870.00,"43,500.00"
2019-02-13,2019021301004898,CBL,59,48,67,152.00,"10,184.00"
2019-02-13,2019021301004897,CBL,41,48,100,152.00,"15,200.00"
2019-02-13,2019021301004896,CBL,17,48,300,152.00,"45,600.00"
2019-02-13,2019021301004895,CBL,8,48,100,152.00,"15,200.00"
2019-02-13,2019021301004894,CBL,26,48,500,152.00,"76,000.00"
2019-02-13,2019021301004893,CBL,51,48,200,152.00,"30,400.00"
2019-02-13,2019021301004769,CBL,38,42,40,152.00,"6,080.00"
2019-02-13,2019021301004768,CBL,19,42,100,152.00,"15,200.00"
2019-02-13,2019021301004629,CBL,19,48,200,153.00,"30,600.00"
2019-02-13,2019021301004627,CBL,51,48,200,153.00,"30,600.00"
2019-02-13,2019021301004892,CBL,48,48,576,152.00,"87,552.00"
2019-02-13,2019021301004891,CBL,40,48,860,152.00,"130,720.00"
2019-02-13,2019021301004868,CBL,40,52,140,152.00,"21,280.00"
2019-02-13,2019021301004867,CBL,13,52,500,152.00,"76,000.00"
2019-02-13,2019021301004866,CBL,47,52,200,152.00,"30,400.00"
2019-02-13,2019021301004865,CBL,38,52,160,152.00,"24,320.00"
2019-02-13,2019021301004905,CCBL,25,58,21,160.00,"3,360.00"
2019-02-13,2019021301004904,CCBL,21,58,50,160.00,"8,000.00"
2019-02-13,2019021301004903,CCBL,41,58,200,160.00,"32,000.00"
2019-02-13,2019021301004902,CCBL,21,58,150,160.00,"24,000.00"
2019-02-13,2019021301004901,CCBL,48,58,100,160.00,"16,000.00"
2019-02-13,2019021301004900,CCBL,4,58,479,160.00,"76,640.00"
2019-02-13,2019021301004433,CCBL,54,45,50,160.00,"8,000.00"
2019-02-13,2019021301004432,CCBL,57,45,411,160.00,"65,760.00"
2019-02-13,2019021301004443,CCBL,17,58,"1,000",161.00,"161,000.00"
2019-02-13,2019021301004434,CCBL,39,45,82,160.00,"13,120.00"
2019-02-13,2019021301004732,CCBL,8,25,"1,000",160.00,"160,000.00"
2019-02-13,2019021301004731,CCBL,14,25,500,160.00,"80,000.00"
2019-02-13,2019021301004730,CCBL,39,25,18,160.00,"2,880.00"
2019-02-13,2019021301004751,CCBL,4,57,521,160.00,"83,360.00"
2019-02-13,2019021301004750,CCBL,22,57,200,160.00,"32,000.00"
2019-02-13,2019021301004749,CCBL,37,57,268,160.00,"42,880.00"
2019-02-13,2019021301004735,CCBL,37,25,232,160.00,"37,120.00"
2019-02-13,2019021301004734,CCBL,48,25,200,160.00,"32,000.00"
2019-02-13,2019021301004733,CCBL,16,25,50,160.00,"8,000.00"
2019-02-13,2019021301004675,CHCL,49,57,"3,837",505.00,"1,937,685.00"
2019-02-13,2019021301004541,CHCL,28,3,80,506.00,"40,480.00"
2019-02-13,2019021301004540,CHCL,46,3,20,506.00,"10,120.00"
2019-02-13,2019021301004608,CHL,3,3,10,101.00,"1,010.00"
2019-02-13,2019021301004924,CIT,4,46,10,"2,610.00","26,100.00"
2019-02-13,2019021301004876,CIT,4,46,23,"2,610.00","60,030.00"
2019-02-13,2019021301004875,CIT,4,43,60,"2,600.00","156,000.00"
2019-02-13,2019021301004874,CIT,4,17,37,"2,600.00","96,200.00"
2019-02-13,2019021301004707,CIT,45,43,20,"2,600.00","52,000.00"
2019-02-13,2019021301004602,CIT,4,8,254,"2,590.00","657,860.00"
2019-02-13,2019021301004520,CIT,4,55,30,"2,590.00","77,700.00"
2019-02-13,2019021301004588,CLBSL,42,51,60,680.00,"40,800.00"
2019-02-13,2019021301004557,CLBSL,42,16,26,680.00,"17,680.00"
2019-02-13,2019021301004556,CLBSL,43,16,40,681.00,"27,240.00"
2019-02-13,2019021301004829,CZBIL,26,1,80,203.00,"16,240.00"
2019-02-13,2019021301004828,CZBIL,26,13,20,203.00,"4,060.00"
2019-02-13,2019021301004798,CZBIL,26,13,200,203.00,"40,600.00"
2019-02-13,2019021301004763,CZBIL,35,49,417,201.00,"83,817.00"
2019-02-13,2019021301004755,CZBIL,35,16,10,201.00,"2,010.00"
2019-02-13,2019021301004502,CZBIL,42,58,300,201.00,"60,300.00"
2019-02-13,2019021301004501,CZBIL,28,58,313,201.00,"62,913.00"
2019-02-13,2019021301004500,CZBIL,29,58,500,202.00,"101,000.00"
2019-02-13,2019021301004499,CZBIL,35,58,70,202.00,"14,140.00"
2019-02-13,2019021301004643,CZBIL,13,40,347,200.00,"69,400.00"
2019-02-13,2019021301004601,CZBIL,13,48,116,200.00,"23,200.00"
2019-02-13,2019021301004505,CZBIL,13,58,317,200.00,"63,400.00"
2019-02-13,2019021301004504,CZBIL,8,58,500,200.00,"100,000.00"
2019-02-13,2019021301004503,CZBIL,46,58,500,201.00,"100,500.00"
2019-02-13,2019021301004720,DBBL,49,42,50,123.00,"6,150.00"
2019-02-13,2019021301004673,DBBL,52,42,38,123.00,"4,674.00"
2019-02-13,2019021301004672,DBBL,52,6,62,123.00,"7,626.00"
2019-02-13,2019021301004649,DBBL,3,6,35,123.00,"4,305.00"
2019-02-13,2019021301004638,DBBL,45,3,35,122.00,"4,270.00"
2019-02-13,2019021301004609,DBBL,21,6,27,123.00,"3,321.00"
2019-02-13,2019021301004920,DDBL,44,57,10,578.00,"5,780.00"
2019-02-13,2019021301004736,EBL,48,43,100,510.00,"51,000.00"
2019-02-13,2019021301004680,EBL,48,43,25,510.00,"12,750.00"
2019-02-13,2019021301004589,EBL,46,45,150,508.00,"76,200.00"
2019-02-13,2019021301004529,EBL,29,43,100,510.00,"51,000.00"
2019-02-13,2019021301004528,EBL,56,43,26,510.00,"13,260.00"
2019-02-13,2019021301004527,EBL,54,43,50,511.00,"25,550.00"
2019-02-13,2019021301004526,EBL,43,43,146,511.00,"74,606.00"
2019-02-13,2019021301004472,EBL,43,45,100,511.00,"51,100.00"
2019-02-13,2019021301004535,EBL,6,43,"1,000",510.00,"510,000.00"
2019-02-13,2019021301004534,EBL,56,43,500,510.00,"255,000.00"
2019-02-13,2019021301004533,EBL,54,43,100,510.00,"51,000.00"
2019-02-13,2019021301004532,EBL,1,43,300,510.00,"153,000.00"
2019-02-13,2019021301004531,EBL,19,43,50,510.00,"25,500.00"
2019-02-13,2019021301004530,EBL,21,43,100,510.00,"51,000.00"
2019-02-13,2019021301004552,EBL,41,45,200,508.00,"101,600.00"
2019-02-13,2019021301004551,EBL,29,45,300,508.00,"152,400.00"
2019-02-13,2019021301004550,EBL,6,45,200,508.00,"101,600.00"
2019-02-13,2019021301004549,EBL,32,45,490,508.00,"248,920.00"
2019-02-13,2019021301004537,EBL,34,43,"2,000",509.00,"1,018,000.00"
2019-02-13,2019021301004536,EBL,21,43,100,510.00,"51,000.00"
2019-02-13,2019021301004899,FOWAD,46,17,10,"1,549.00","15,490.00"
2019-02-13,2019021301004698,FOWAD,41,16,15,"1,519.00","22,785.00"
2019-02-13,2019021301004642,FOWAD,47,28,15,"1,550.00","23,250.00"
2019-02-13,2019021301004610,FOWAD,47,37,100,"1,550.00","155,000.00"
2019-02-13,2019021301004514,FOWAD,47,37,102,"1,550.00","158,100.00"
2019-02-13,2019021301004513,FOWAD,47,3,80,"1,549.00","123,920.00"
2019-02-13,2019021301004885,GBIME,54,58,20,262.00,"5,240.00"
2019-02-13,2019021301004538,GBIME,8,51,200,261.00,"52,200.00"
2019-02-13,2019021301004831,GBLBS,32,42,20,432.00,"8,640.00"
2019-02-13,2019021301004802,GBLBS,32,13,10,433.00,"4,330.00"
2019-02-13,2019021301004790,GBLBS,25,48,80,425.00,"34,000.00"
2019-02-13,2019021301004789,GBLBS,33,48,90,426.00,"38,340.00"
2019-02-13,2019021301004788,GBLBS,28,48,30,427.00,"12,810.00"
2019-02-13,2019021301004436,GBLBS,28,7,10,427.00,"4,270.00"
2019-02-13,2019021301004811,GDBL,29,13,250,180.00,"45,000.00"
2019-02-13,2019021301004787,GDBL,29,6,805,179.00,"144,095.00"
2019-02-13,2019021301004704,GDBL,29,32,179,179.00,"32,041.00"
2019-02-13,2019021301004703,GDBL,34,32,40,179.00,"7,160.00"
2019-02-13,2019021301004702,GDBL,35,32,50,179.00,"8,950.00"
2019-02-13,2019021301004701,GDBL,1,32,246,179.00,"44,034.00"
2019-02-13,2019021301004578,GILB,14,48,14,"1,111.00","15,554.00"
2019-02-13,2019021301004577,GILB,33,48,10,"1,123.00","11,230.00"
2019-02-13,2019021301004820,GLICL,51,21,50,655.00,"32,750.00"
2019-02-13,2019021301004604,GLICL,53,58,10,654.00,"6,540.00"
2019-02-13,2019021301004491,GLICL,52,58,100,667.00,"66,700.00"
2019-02-13,2019021301004490,GLICL,3,58,20,670.00,"13,400.00"
2019-02-13,2019021301004489,GLICL,33,58,200,670.00,"134,000.00"
2019-02-13,2019021301004488,GLICL,13,58,500,671.00,"335,500.00"
2019-02-13,2019021301004487,GLICL,35,58,30,671.00,"20,130.00"
2019-02-13,2019021301004486,GLICL,17,58,50,671.00,"33,550.00"
2019-02-13,2019021301004485,GLICL,32,58,190,672.00,"127,680.00"
2019-02-13,2019021301004484,GLICL,45,58,75,673.00,"50,475.00"
2019-02-13,2019021301004743,HBL,34,42,10,423.00,"4,230.00"
2019-02-13,2019021301004742,HBL,34,42,50,423.00,"21,150.00"
2019-02-13,2019021301004741,HBL,34,42,40,423.00,"16,920.00"
2019-02-13,2019021301004740,HBL,40,42,50,423.00,"21,150.00"
2019-02-13,2019021301004739,HBL,13,42,50,423.00,"21,150.00"
2019-02-13,2019021301004756,HPPL,42,45,10,177.00,"1,770.00"
2019-02-13,2019021301004729,HPPL,42,56,10,176.00,"1,760.00"
2019-02-13,2019021301004728,HPPL,42,17,10,176.00,"1,760.00"
2019-02-13,2019021301004677,HPPL,17,22,77,174.00,"13,398.00"
2019-02-13,2019021301004676,HPPL,22,22,623,174.00,"108,402.00"
2019-02-13,2019021301004685,JBBL,47,32,865,136.00,"117,640.00"
2019-02-13,2019021301004597,JBNL,46,17,50,165.00,"8,250.00"
2019-02-13,2019021301004525,JBNL,26,17,50,165.00,"8,250.00"
2019-02-13,2019021301004524,JBNL,29,17,200,165.00,"33,000.00"
2019-02-13,2019021301004523,JBNL,42,17,50,165.00,"8,250.00"
2019-02-13,2019021301004448,JBNL,47,4,"1,000",166.00,"166,000.00"
2019-02-13,2019021301004456,JEFL,4,53,100,133.00,"13,300.00"
2019-02-13,2019021301004855,JFL,4,56,150,163.00,"24,450.00"
2019-02-13,2019021301004854,JFL,14,56,50,164.00,"8,200.00"
2019-02-13,2019021301004555,JFL,14,26,50,164.00,"8,200.00"
2019-02-13,2019021301004727,JSLBB,42,48,40,"2,402.00","96,080.00"
2019-02-13,2019021301004726,JSLBB,10,48,100,"2,410.00","241,000.00"
2019-02-13,2019021301004725,JSLBB,26,48,10,"2,411.00","24,110.00"
2019-02-13,2019021301004921,KBL,13,33,926,237.00,"219,462.00"
2019-02-13,2019021301004711,KBL,13,5,620,236.00,"146,320.00"
2019-02-13,2019021301004674,KBL,13,40,380,236.00,"89,680.00"
2019-02-13,2019021301004599,KBL,6,33,100,237.00,"23,700.00"
2019-02-13,2019021301004700,KKHC,3,3,10,82.00,820.00
2019-02-13,2019021301004671,KNBL,43,21,50,122.00,"6,100.00"
2019-02-13,2019021301004445,KNBL,43,19,100,120.00,"12,000.00"
2019-02-13,2019021301004761,KPCL,39,48,10,93.00,930.00
2019-02-13,2019021301004797,KSBBL,59,57,500,133.00,"66,500.00"
2019-02-13,2019021301004647,LBBL,56,58,"1,200",172.00,"206,400.00"
2019-02-13,2019021301004575,LBBL,56,32,500,172.00,"86,000.00"
2019-02-13,2019021301004509,LBBL,56,32,300,172.00,"51,600.00"
2019-02-13,2019021301004508,LBBL,36,32,200,172.00,"34,400.00"
2019-02-13,2019021301004796,LBL,1,33,520,194.00,"100,880.00"
2019-02-13,2019021301004753,LBL,22,5,91,195.00,"17,745.00"
2019-02-13,2019021301004752,LBL,22,45,144,195.00,"28,080.00"
2019-02-13,2019021301004645,LBL,6,45,50,195.00,"9,750.00"
2019-02-13,2019021301004603,LBL,1,5,220,194.00,"42,680.00"
2019-02-13,2019021301004567,LBL,33,5,96,194.00,"18,624.00"
2019-02-13,2019021301004889,LGIL,39,34,10,509.00,"5,090.00"
2019-02-13,2019021301004806,LGIL,28,45,11,503.00,"5,533.00"
2019-02-13,2019021301004712,LGIL,52,45,50,503.00,"25,150.00"
2019-02-13,2019021301004476,LGIL,19,16,94,501.00,"47,094.00"
2019-02-13,2019021301004475,LGIL,58,16,100,501.00,"50,100.00"
2019-02-13,2019021301004474,LGIL,43,16,56,501.00,"28,056.00"
2019-02-13,2019021301004442,LGIL,43,19,44,501.00,"22,044.00"
2019-02-13,2019021301004441,LGIL,22,19,20,502.00,"10,040.00"
2019-02-13,2019021301004440,LGIL,35,19,36,502.00,"18,072.00"
2019-02-13,2019021301004826,LICN,50,4,100,"1,605.00","160,500.00"
2019-02-13,2019021301004825,LICN,28,4,200,"1,607.00","321,400.00"
2019-02-13,2019021301004824,LICN,43,4,50,"1,607.00","80,350.00"
2019-02-13,2019021301004823,LICN,59,4,50,"1,609.00","80,450.00"
2019-02-13,2019021301004822,LICN,25,4,100,"1,610.00","161,000.00"
2019-02-13,2019021301004821,LICN,28,4,200,"1,611.00","322,200.00"
2019-02-13,2019021301004644,LICN,16,1,100,"1,612.00","161,200.00"
2019-02-13,2019021301004692,LVF1,42,21,"1,000",9.45,"9,450.00"
2019-02-13,2019021301004691,LVF1,50,21,"1,000",9.45,"9,450.00"
2019-02-13,2019021301004640,MBL,38,33,401,207.00,"83,007.00"
2019-02-13,2019021301004639,MBL,34,33,"1,446",207.00,"299,322.00"
2019-02-13,2019021301004507,MBL,34,48,28,207.00,"5,796.00"
2019-02-13,2019021301004606,MDB,1,42,30,271.00,"8,130.00"
2019-02-13,2019021301004801,MEGA,7,17,500,161.00,"80,500.00"
2019-02-13,2019021301004631,MEGA,57,17,"1,000",161.00,"161,000.00"
2019-02-13,2019021301004630,MEGA,7,17,809,161.00,"130,249.00"
2019-02-13,2019021301004584,MEGA,7,17,191,161.00,"30,751.00"
2019-02-13,2019021301004583,MEGA,56,17,100,161.00,"16,100.00"
2019-02-13,2019021301004582,MEGA,21,17,50,161.00,"8,050.00"
2019-02-13,2019021301004581,MEGA,54,17,100,161.00,"16,100.00"
2019-02-13,2019021301004580,MEGA,59,17,565,161.00,"90,965.00"
2019-02-13,2019021301004871,MMFDB,46,17,140,990.00,"138,600.00"
2019-02-13,2019021301004477,MMFDB,26,48,16,985.00,"15,760.00"
2019-02-13,2019021301004792,NABIL,32,51,22,822.00,"18,084.00"
2019-02-13,2019021301004757,NABIL,47,33,50,823.00,"41,150.00"
2019-02-13,2019021301004574,NABIL,36,3,30,826.00,"24,780.00"
2019-02-13,2019021301004480,NABIL,32,32,8,822.00,"6,576.00"
2019-02-13,2019021301004808,NABILP,6,32,73,728.00,"53,144.00"
2019-02-13,2019021301004659,NABILP,17,33,120,725.00,"87,000.00"
2019-02-13,2019021301004658,NABILP,42,33,100,725.00,"72,500.00"
2019-02-13,2019021301004628,NADEP,6,17,10,763.00,"7,630.00"
2019-02-13,2019021301004617,NADEP,6,17,10,763.00,"7,630.00"
2019-02-13,2019021301004446,NADEP,53,45,10,763.00,"7,630.00"
2019-02-13,2019021301004444,NADEP,53,25,10,763.00,"7,630.00"
2019-02-13,2019021301004464,NADEP,53,25,10,763.00,"7,630.00"
2019-02-13,2019021301004786,NBL,6,16,50,285.00,"14,250.00"
2019-02-13,2019021301004764,NBL,6,38,200,285.00,"57,000.00"
2019-02-13,2019021301004709,NBL,6,36,150,285.00,"42,750.00"
2019-02-13,2019021301004455,NBL,6,8,"2,057",285.00,"586,245.00"
2019-02-13,2019021301004454,NBL,59,8,50,285.00,"14,250.00"
2019-02-13,2019021301004453,NBL,29,8,200,285.00,"57,000.00"
2019-02-13,2019021301004452,NBL,47,8,193,285.00,"55,005.00"
2019-02-13,2019021301004438,NBL,47,50,807,285.00,"229,995.00"
2019-02-13,2019021301004437,NBL,8,50,193,285.00,"55,005.00"
2019-02-13,2019021301004919,NCCB,58,58,"1,200",206.00,"247,200.00"
2019-02-13,2019021301004918,NCCB,58,58,595,206.00,"122,570.00"
2019-02-13,2019021301004890,NCCB,58,58,"1,000",206.00,"206,000.00"
2019-02-13,2019021301004834,NCCB,58,45,500,206.00,"103,000.00"
2019-02-13,2019021301004810,NCCB,5,58,500,207.00,"103,500.00"
2019-02-13,2019021301004785,NCCB,58,17,905,206.00,"186,430.00"
2019-02-13,2019021301004546,NCCB,54,58,200,207.00,"41,400.00"
2019-02-13,2019021301004545,NCCB,58,58,198,207.00,"40,986.00"
2019-02-13,2019021301004519,NCCB,58,45,"1,991",207.00,"412,137.00"
2019-02-13,2019021301004518,NCCB,58,6,150,207.00,"31,050.00"
2019-02-13,2019021301004517,NCCB,58,36,161,207.00,"33,327.00"
2019-02-13,2019021301004778,NCCB,48,17,500,206.00,"103,000.00"
2019-02-13,2019021301004777,NCCB,42,17,"1,000",206.00,"206,000.00"
2019-02-13,2019021301004776,NCCB,39,17,"1,000",206.00,"206,000.00"
2019-02-13,2019021301004775,NCCB,16,17,200,206.00,"41,200.00"
2019-02-13,2019021301004774,NCCB,58,17,922,206.00,"189,932.00"
2019-02-13,2019021301004754,NCCB,21,58,50,207.00,"10,350.00"
2019-02-13,2019021301004784,NCCB,19,17,500,206.00,"103,000.00"
2019-02-13,2019021301004783,NCCB,54,17,50,206.00,"10,300.00"
2019-02-13,2019021301004782,NCCB,46,17,50,206.00,"10,300.00"
2019-02-13,2019021301004781,NCCB,52,17,100,206.00,"20,600.00"
2019-02-13,2019021301004780,NCCB,13,17,100,206.00,"20,600.00"
2019-02-13,2019021301004779,NCCB,53,17,"1,130",206.00,"232,780.00"
2019-02-13,2019021301004916,NIB,56,14,100,515.00,"51,500.00"
2019-02-13,2019021301004915,NIB,42,14,100,515.00,"51,500.00"
2019-02-13,2019021301004914,NIB,42,14,200,515.00,"103,000.00"
2019-02-13,2019021301004913,NIB,22,14,20,515.00,"10,300.00"
2019-02-13,2019021301004912,NIB,56,14,20,515.00,"10,300.00"
2019-02-13,2019021301004911,NIB,54,14,100,515.00,"51,500.00"
2019-02-13,2019021301004721,NIB,44,33,47,516.00,"24,252.00"
2019-02-13,2019021301004439,NIB,44,48,13,515.00,"6,695.00"
2019-02-13,2019021301004910,NIB,17,14,400,515.00,"206,000.00"
2019-02-13,2019021301004909,NIB,49,14,100,515.00,"51,500.00"
2019-02-13,2019021301004908,NIB,56,14,500,515.00,"257,500.00"
2019-02-13,2019021301004907,NIB,43,14,20,515.00,"10,300.00"
2019-02-13,2019021301004906,NIB,47,14,50,515.00,"25,750.00"
2019-02-13,2019021301004861,NIB,26,33,50,516.00,"25,800.00"
2019-02-13,2019021301004511,NIBLPF,16,38,"1,818",7.55,"13,725.90"
2019-02-13,2019021301004651,NIBPO,42,22,85,476.00,"40,460.00"
2019-02-13,2019021301004650,NIBPO,55,22,300,476.00,"142,800.00"
2019-02-13,2019021301004435,NIBPO,55,22,200,476.00,"95,200.00"
2019-02-13,2019021301004927,NICA,7,58,70,384.00,"26,880.00"
2019-02-13,2019021301004926,NICA,10,58,500,384.00,"192,000.00"
2019-02-13,2019021301004925,NICA,35,58,30,384.00,"11,520.00"
2019-02-13,2019021301004873,NICA,18,58,11,386.00,"4,246.00"
2019-02-13,2019021301004849,NICA,18,58,100,385.00,"38,500.00"
2019-02-13,2019021301004848,NICA,18,58,200,385.00,"77,000.00"
2019-02-13,2019021301004705,NICA,57,58,50,386.00,"19,300.00"
2019-02-13,2019021301004461,NICA,47,58,340,387.00,"131,580.00"
2019-02-13,2019021301004460,NICA,47,47,50,387.00,"19,350.00"
2019-02-13,2019021301004459,NICA,47,33,310,386.00,"119,660.00"
2019-02-13,2019021301004853,NICL,13,37,35,363.00,"12,705.00"
2019-02-13,2019021301004852,NICL,22,37,50,364.00,"18,200.00"
2019-02-13,2019021301004851,NICL,56,37,30,368.00,"11,040.00"
2019-02-13,2019021301004773,NICL,56,42,30,368.00,"11,040.00"
2019-02-13,2019021301004772,NICL,6,42,20,368.00,"7,360.00"
2019-02-13,2019021301004771,NICL,57,42,150,368.00,"55,200.00"
2019-02-13,2019021301004543,NICL,59,1,100,369.00,"36,900.00"
2019-02-13,2019021301004553,NLBBL,42,35,100,458.00,"45,800.00"
2019-02-13,2019021301004506,NLG,51,19,100,795.00,"79,500.00"
2019-02-13,2019021301004710,NLIC,20,58,15,"1,019.00","15,285.00"
2019-02-13,2019021301004653,NLIC,8,1,64,"1,018.00","65,152.00"
2019-02-13,2019021301004652,NLIC,16,1,36,"1,022.00","36,792.00"
2019-02-13,2019021301004559,NLIC,16,1,284,"1,022.00","290,248.00"
2019-02-13,2019021301004558,NLIC,16,43,180,"1,020.00","183,600.00"
2019-02-13,2019021301004887,NLICL,4,39,691,633.00,"437,403.00"
2019-02-13,2019021301004859,NLICL,4,58,653,633.00,"413,349.00"
2019-02-13,2019021301004858,NLICL,35,58,50,633.00,"31,650.00"
2019-02-13,2019021301004857,NLICL,16,58,"1,000",634.00,"634,000.00"
2019-02-13,2019021301004856,NLICL,55,58,85,635.00,"53,975.00"
2019-02-13,2019021301004636,NLICL,55,58,215,635.00,"136,525.00"
2019-02-13,2019021301004635,NLICL,41,58,300,635.00,"190,500.00"
2019-02-13,2019021301004634,NLICL,59,58,100,635.00,"63,500.00"
2019-02-13,2019021301004633,NLICL,19,58,100,635.00,"63,500.00"
2019-02-13,2019021301004632,NLICL,28,58,245,636.00,"155,820.00"
2019-02-13,2019021301004614,NLICL,28,58,95,636.00,"60,420.00"
2019-02-13,2019021301004598,NLICL,26,32,35,637.00,"22,295.00"
2019-02-13,2019021301004863,NMB,51,39,50,311.00,"15,550.00"
2019-02-13,2019021301004807,NMB,43,39,100,311.00,"31,100.00"
2019-02-13,2019021301004799,NMB,44,16,11,309.00,"3,399.00"
2019-02-13,2019021301004620,NMB,13,52,500,310.00,"155,000.00"
2019-02-13,2019021301004762,NMBMF,3,3,15,"1,067.00","16,005.00"
2019-02-13,2019021301004479,NMBSF1,25,40,"10,000",10.21,"102,100.00"
2019-02-13,2019021301004656,NMFBS,45,51,20,"1,670.00","33,400.00"
2019-02-13,2019021301004722,NSEWA,39,45,10,605.00,"6,050.00"
2019-02-13,2019021301004922,NTC,42,52,200,698.00,"139,600.00"
2019-02-13,2019021301004724,NTC,42,45,50,698.00,"34,900.00"
2019-02-13,2019021301004723,NTC,55,45,50,698.00,"34,900.00"
2019-02-13,2019021301004765,NUBL,47,6,40,735.00,"29,400.00"
2019-02-13,2019021301004805,PCBL,28,40,267,314.00,"83,838.00"
2019-02-13,2019021301004804,PCBL,35,40,30,314.00,"9,420.00"
2019-02-13,2019021301004770,PCBL,28,32,36,314.00,"11,304.00"
2019-02-13,2019021301004539,PFL,32,44,12,129.00,"1,548.00"
2019-02-13,2019021301004791,PIC,33,45,11,"1,002.00","11,022.00"
2019-02-13,2019021301004596,PIC,36,26,15,"1,010.00","15,150.00"
2019-02-13,2019021301004465,PIC,39,32,50,"1,001.00","50,050.00"
2019-02-13,2019021301004748,PLIC,28,58,261,438.00,"114,318.00"
2019-02-13,2019021301004747,PLIC,28,58,100,438.00,"43,800.00"
2019-02-13,2019021301004746,PLIC,35,58,100,439.00,"43,900.00"
2019-02-13,2019021301004745,PLIC,35,58,100,440.00,"44,000.00"
2019-02-13,2019021301004744,PLIC,1,58,120,440.00,"52,800.00"
2019-02-13,2019021301004668,PLIC,1,16,80,440.00,"35,200.00"
2019-02-13,2019021301004667,PLIC,52,16,100,440.00,"44,000.00"
2019-02-13,2019021301004666,PLIC,46,16,30,440.00,"13,200.00"
2019-02-13,2019021301004665,PLIC,50,16,40,440.00,"17,600.00"
2019-02-13,2019021301004616,PMHPL,10,44,10,108.00,"1,080.00"
2019-02-13,2019021301004611,PMHPL,10,44,10,108.00,"1,080.00"
2019-02-13,2019021301004607,PMHPL,10,44,10,108.00,"1,080.00"
2019-02-13,2019021301004562,PMHPL,10,44,10,108.00,"1,080.00"
2019-02-13,2019021301004554,PMHPL,10,44,10,108.00,"1,080.00"
2019-02-13,2019021301004547,PMHPL,10,44,10,108.00,"1,080.00"
2019-02-13,2019021301004447,PMHPL,10,44,10,108.00,"1,080.00"
2019-02-13,2019021301004493,PMHPL,10,44,10,108.00,"1,080.00"
2019-02-13,2019021301004483,PMHPL,10,44,10,108.00,"1,080.00"
2019-02-13,2019021301004478,PMHPL,10,44,10,108.00,"1,080.00"
2019-02-13,2019021301004466,PMHPL,10,44,10,108.00,"1,080.00"
2019-02-13,2019021301004457,PMHPL,10,44,10,108.00,"1,080.00"
2019-02-13,2019021301004449,PMHPL,10,44,10,108.00,"1,080.00"
2019-02-13,2019021301004803,PRIN,32,10,200,410.00,"82,000.00"
2019-02-13,2019021301004431,PRIN,1,16,100,408.00,"40,800.00"
2019-02-13,2019021301004430,PRIN,35,16,100,408.00,"40,800.00"
2019-02-13,2019021301004429,PRIN,22,16,50,409.00,"20,450.00"
2019-02-13,2019021301004883,PRVU,52,28,300,232.00,"69,600.00"
2019-02-13,2019021301004882,PRVU,56,28,100,232.00,"23,200.00"
2019-02-13,2019021301004881,PRVU,28,28,30,232.00,"6,960.00"
2019-02-13,2019021301004880,PRVU,17,28,100,232.00,"23,200.00"
2019-02-13,2019021301004879,PRVU,45,28,518,232.00,"120,176.00"
2019-02-13,2019021301004869,PRVU,45,38,300,232.00,"69,600.00"
2019-02-13,2019021301004566,PRVU,28,45,14,232.00,"3,248.00"
2019-02-13,2019021301004565,PRVU,51,45,250,232.00,"58,000.00"
2019-02-13,2019021301004564,PRVU,35,45,100,232.00,"23,200.00"
2019-02-13,2019021301004563,PRVU,38,45,36,232.00,"8,352.00"
2019-02-13,2019021301004688,PRVU,49,19,30,233.00,"6,990.00"
2019-02-13,2019021301004687,PRVU,49,19,83,233.00,"19,339.00"
2019-02-13,2019021301004686,PRVU,49,17,947,233.00,"220,651.00"
2019-02-13,2019021301004637,PRVU,45,44,68,232.00,"15,776.00"
2019-02-13,2019021301004570,PRVU,45,13,814,232.00,"188,848.00"
2019-02-13,2019021301004569,PRVU,28,13,186,232.00,"43,152.00"
2019-02-13,2019021301004655,PURBL,14,58,72,151.00,"10,872.00"
2019-02-13,2019021301004600,PURBL,14,59,607,151.00,"91,657.00"
2019-02-13,2019021301004568,PURBL,14,59,50,151.00,"7,550.00"
2019-02-13,2019021301004451,PURBL,14,5,200,151.00,"30,200.00"
2019-02-13,2019021301004548,RADHI,54,25,123,155.00,"19,065.00"
2019-02-13,2019021301004693,RLFL,44,17,"1,396",116.00,"161,936.00"
2019-02-13,2019021301004657,RRHP,33,58,10,100.00,"1,000.00"
2019-02-13,2019021301004641,RRHP,38,19,10,101.00,"1,010.00"
2019-02-13,2019021301004884,SAEF,1,36,"1,600",9.00,"14,400.00"
2019-02-13,2019021301004760,SANIMA,13,40,247,294.00,"72,618.00"
2019-02-13,2019021301004759,SANIMA,34,40,54,294.00,"15,876.00"
2019-02-13,2019021301004587,SBBLJ,4,45,"1,000",202.00,"202,000.00"
2019-02-13,2019021301004586,SBBLJ,29,45,242,202.00,"48,884.00"
2019-02-13,2019021301004809,SBI,28,1,52,378.00,"19,656.00"
2019-02-13,2019021301004864,SBL,21,33,217,278.00,"60,326.00"
2019-02-13,2019021301004818,SBL,54,33,50,278.00,"13,900.00"
2019-02-13,2019021301004817,SBL,33,33,200,278.00,"55,600.00"
2019-02-13,2019021301004816,SBL,45,33,500,278.00,"139,000.00"
2019-02-13,2019021301004815,SBL,42,33,200,278.00,"55,600.00"
2019-02-13,2019021301004814,SBL,21,33,233,278.00,"64,774.00"
2019-02-13,2019021301004516,SBL,21,45,200,278.00,"55,600.00"
2019-02-13,2019021301004515,SBL,46,45,35,278.00,"9,730.00"
2019-02-13,2019021301004800,SCB,3,3,20,542.00,"10,840.00"
2019-02-13,2019021301004595,SCB,21,45,100,541.00,"54,100.00"
2019-02-13,2019021301004594,SCB,1,45,300,541.00,"162,300.00"
2019-02-13,2019021301004593,SCB,55,45,200,541.00,"108,200.00"
2019-02-13,2019021301004592,SCB,48,45,25,542.00,"13,550.00"
2019-02-13,2019021301004591,SCB,48,45,24,543.00,"13,032.00"
2019-02-13,2019021301004576,SCB,48,42,26,543.00,"14,118.00"
2019-02-13,2019021301004458,SCB,3,3,20,543.00,"10,860.00"
2019-02-13,2019021301004830,SDESI,57,26,91,605.00,"55,055.00"
2019-02-13,2019021301004923,SHPC,45,37,200,218.00,"43,600.00"
2019-02-13,2019021301004888,SHPC,45,3,200,218.00,"43,600.00"
2019-02-13,2019021301004758,SHPC,45,6,60,218.00,"13,080.00"
2019-02-13,2019021301004463,SHPC,45,57,486,218.00,"105,948.00"
2019-02-13,2019021301004462,SHPC,45,57,50,218.00,"10,900.00"
2019-02-13,2019021301004886,SIC,42,34,10,"1,279.00","12,790.00"
2019-02-13,2019021301004766,SICL,42,45,10,864.00,"8,640.00"
2019-02-13,2019021301004697,SICL,42,26,138,864.00,"119,232.00"
2019-02-13,2019021301004696,SICL,38,26,20,864.00,"17,280.00"
2019-02-13,2019021301004695,SICL,54,26,22,865.00,"19,030.00"
2019-02-13,2019021301004694,SICL,29,26,20,866.00,"17,320.00"
2019-02-13,2019021301004928,SIL,47,22,10,614.00,"6,140.00"
2019-02-13,2019021301004850,SIL,22,22,10,614.00,"6,140.00"
2019-02-13,2019021301004917,SKBBL,47,19,50,855.00,"42,750.00"
2019-02-13,2019021301004870,SKBBL,47,41,50,855.00,"42,750.00"
2019-02-13,2019021301004827,SKBBL,47,25,101,855.00,"86,355.00"
2019-02-13,2019021301004847,SLBSL,57,51,10,800.00,"8,000.00"
2019-02-13,2019021301004846,SLBSL,57,13,10,800.00,"8,000.00"
2019-02-13,2019021301004845,SLBSL,57,56,10,800.00,"8,000.00"
2019-02-13,2019021301004844,SLBSL,57,46,10,800.00,"8,000.00"
2019-02-13,2019021301004843,SLBSL,57,26,10,800.00,"8,000.00"
2019-02-13,2019021301004842,SLBSL,57,19,10,800.00,"8,000.00"
2019-02-13,2019021301004615,SLBSL,38,46,10,798.00,"7,980.00"
2019-02-13,2019021301004612,SLBSL,52,39,10,796.00,"7,960.00"
2019-02-13,2019021301004841,SLBSL,57,19,10,800.00,"8,000.00"
2019-02-13,2019021301004840,SLBSL,57,19,10,800.00,"8,000.00"
2019-02-13,2019021301004839,SLBSL,57,19,10,800.00,"8,000.00"
2019-02-13,2019021301004660,SLBSL,5,17,10,795.00,"7,950.00"
2019-02-13,2019021301004619,SLBSL,38,55,10,798.00,"7,980.00"
2019-02-13,2019021301004664,SLICL,4,48,17,510.00,"8,670.00"
2019-02-13,2019021301004663,SLICL,52,48,50,511.00,"25,550.00"
2019-02-13,2019021301004662,SLICL,6,48,50,512.00,"25,600.00"
2019-02-13,2019021301004648,SLICL,16,4,500,514.00,"257,000.00"
2019-02-13,2019021301004544,SLICL,39,4,500,514.00,"257,000.00"
2019-02-13,2019021301004661,SMATA,28,44,18,"1,306.00","23,508.00"
2019-02-13,2019021301004654,SMATA,28,44,18,"1,306.00","23,508.00"
2019-02-13,2019021301004542,SMATA,28,58,50,"1,306.00","65,300.00"
2019-02-13,2019021301004618,SMFDB,19,5,100,704.00,"70,400.00"
2019-02-13,2019021301004670,SRBL,1,33,796,206.00,"163,976.00"
2019-02-13,2019021301004669,SRBL,46,33,200,206.00,"41,200.00"
2019-02-13,2019021301004571,SRBL,46,58,"2,800",206.00,"576,800.00"
2019-02-13,2019021301004522,SRBL,59,58,150,206.00,"30,900.00"
2019-02-13,2019021301004521,SRBL,10,58,50,206.00,"10,300.00"
2019-02-13,2019021301004679,SWBBL,37,40,165,800.00,"132,000.00"
2019-02-13,2019021301004678,SWBBL,53,40,40,800.00,"32,000.00"
2019-02-13,2019021301004471,SWBBL,55,40,50,801.00,"40,050.00"
2019-02-13,2019021301004470,SWBBL,16,40,100,801.00,"80,100.00"
2019-02-13,2019021301004469,SWBBL,35,40,10,801.00,"8,010.00"
2019-02-13,2019021301004468,SWBBL,42,40,43,802.00,"34,486.00"
2019-02-13,2019021301004467,SWBBL,48,40,10,803.00,"8,030.00"
2019-02-13,2019021301004683,UIC,45,25,10,771.00,"7,710.00"
2019-02-13,2019021301004682,UIC,55,25,20,771.00,"15,420.00"
2019-02-13,2019021301004862,UPPER,6,14,50,230.00,"11,500.00"
2019-02-13,2019021301004833,UPPER,43,36,20,229.00,"4,580.00"
2019-02-13,2019021301004832,UPPER,28,36,30,229.00,"6,870.00"
2019-02-13,2019021301004706,UPPER,28,48,50,229.00,"11,450.00"
2019-02-13,2019021301004646,UPPER,28,45,300,229.00,"68,700.00"
2019-02-13,2019021301004560,UPPER,38,26,90,229.00,"20,610.00"
2019-02-13,2019021301004510,UPPER,38,16,10,229.00,"2,290.00"
2019-02-13,2019021301004492,UPPER,45,16,40,229.00,"9,160.00"
2019-02-13,2019021301004450,UPPER,45,25,40,229.00,"9,160.00"
2019-02-13,2019021301004605,UPPER,28,26,50,229.00,"11,450.00"
2019-02-13,2019021301004590,UPPER,28,20,10,229.00,"2,290.00"
2019-02-13,2019021301004585,UPPER,28,26,50,229.00,"11,450.00"
2019-02-13,2019021301004573,UPPER,57,17,40,230.00,"9,200.00"
2019-02-13,2019021301004572,UPPER,57,6,50,230.00,"11,500.00"
2019-02-13,2019021301004561,UPPER,28,26,10,229.00,"2,290.00"
2019-02-13,2019021301004838,VLBS,17,17,29,688.00,"19,952.00"
2019-02-13,2019021301004699,WOMI,17,5,27,"1,124.00","30,348.00"
2019-02-13,2019021301004412,ADBL,17,5,17,330.00,"5,610.00"
2019-02-13,2019021301004350,ADBL,47,6,460,330.00,"151,800.00"
2019-02-13,2019021301004346,ADBL,47,51,40,330.00,"13,200.00"
2019-02-13,2019021301004335,ADBL,28,51,50,330.00,"16,500.00"
2019-02-13,2019021301004324,ADBL,42,51,10,330.00,"3,300.00"
2019-02-13,2019021301004275,ADBL,45,6,230,331.00,"76,130.00"
2019-02-13,2019021301003991,ADBL,42,6,290,330.00,"95,700.00"
2019-02-13,2019021301003990,ADBL,14,6,510,330.00,"168,300.00"
2019-02-13,2019021301004074,AHPC,45,50,225,98.00,"22,050.00"
2019-02-13,2019021301004073,AHPC,57,50,100,98.00,"9,800.00"
2019-02-13,2019021301004072,AHPC,34,50,200,98.00,"19,600.00"
2019-02-13,2019021301004071,AHPC,47,50,500,98.00,"49,000.00"
2019-02-13,2019021301004070,AHPC,20,50,10,98.00,980.00
2019-02-13,2019021301004069,AHPC,45,50,"1,000",98.00,"98,000.00"
2019-02-13,2019021301004068,AHPC,37,50,500,99.00,"49,500.00"
2019-02-13,2019021301004067,AHPC,39,50,11,99.00,"1,089.00"
2019-02-13,2019021301004066,AHPC,19,50,22,99.00,"2,178.00"
2019-02-13,2019021301004399,AKJCL,39,39,20,82.00,"1,640.00"
2019-02-13,2019021301004195,AKJCL,29,43,10,81.00,810.00
2019-02-13,2019021301004094,AKPL,56,25,13,168.00,"2,184.00"
2019-02-13,2019021301003989,ALICL,47,19,28,581.00,"16,268.00"
2019-02-13,2019021301003988,ALICL,57,19,50,582.00,"29,100.00"
2019-02-13,2019021301003954,ALICL,6,13,10,583.00,"5,830.00"
2019-02-13,2019021301003953,ALICL,25,13,50,583.00,"29,150.00"
2019-02-13,2019021301003952,ALICL,51,13,230,583.00,"134,090.00"
2019-02-13,2019021301004415,AMFI,43,45,10,701.00,"7,010.00"
2019-02-13,2019021301004393,API,43,55,173,131.00,"22,663.00"
2019-02-13,2019021301004392,API,57,55,67,132.00,"8,844.00"
2019-02-13,2019021301004140,API,54,58,200,131.00,"26,200.00"
2019-02-13,2019021301004139,API,37,58,351,131.00,"45,981.00"
2019-02-13,2019021301004146,API,46,58,449,130.00,"58,370.00"
2019-02-13,2019021301004145,API,35,58,100,130.00,"13,000.00"
2019-02-13,2019021301004144,API,10,58,150,130.00,"19,500.00"
2019-02-13,2019021301004143,API,43,58,500,130.00,"65,000.00"
2019-02-13,2019021301004142,API,11,58,50,130.00,"6,500.00"
2019-02-13,2019021301004141,API,54,58,200,131.00,"26,200.00"
2019-02-13,2019021301004410,BNT,14,5,10,"6,555.00","65,550.00"
2019-02-13,2019021301004409,BNT,42,5,10,"6,560.00","65,600.00"
2019-02-13,2019021301003942,BOKL,17,40,50,235.00,"11,750.00"
2019-02-13,2019021301004271,BPCL,11,20,20,351.00,"7,020.00"
2019-02-13,2019021301004254,BPCL,11,20,20,351.00,"7,020.00"
2019-02-13,2019021301004307,CBBL,39,48,119,869.00,"103,411.00"
2019-02-13,2019021301004227,CBBL,39,42,100,870.00,"87,000.00"
2019-02-13,2019021301004119,CBBL,29,42,20,870.00,"17,400.00"
2019-02-13,2019021301004371,CBL,48,48,364,153.00,"55,692.00"
2019-02-13,2019021301004382,CCBL,57,44,89,160.00,"14,240.00"
2019-02-13,2019021301004381,CCBL,10,44,64,160.00,"10,240.00"
2019-02-13,2019021301004045,CCBL,58,57,200,161.00,"32,200.00"
2019-02-13,2019021301004044,CCBL,47,57,100,161.00,"16,100.00"
2019-02-13,2019021301004197,CHCL,45,59,20,507.00,"10,140.00"
2019-02-13,2019021301004414,CIT,4,52,100,"2,590.00","259,000.00"
2019-02-13,2019021301004334,CIT,4,14,70,"2,590.00","181,300.00"
2019-02-13,2019021301004312,CIT,4,28,46,"2,590.00","119,140.00"
2019-02-13,2019021301004311,CIT,14,28,50,"2,591.00","129,550.00"
2019-02-13,2019021301004310,CIT,45,28,15,"2,592.00","38,880.00"
2019-02-13,2019021301004248,CIT,20,5,91,"2,585.00","235,235.00"
2019-02-13,2019021301004247,CIT,39,5,50,"2,585.00","129,250.00"
2019-02-13,2019021301004246,CIT,1,5,14,"2,586.00","36,204.00"
2019-02-13,2019021301004245,CIT,50,5,10,"2,586.00","25,860.00"
2019-02-13,2019021301004244,CIT,42,5,10,"2,590.00","25,900.00"
2019-02-13,2019021301004243,CIT,55,5,10,"2,591.00","25,910.00"
2019-02-13,2019021301004242,CIT,56,5,15,"2,595.00","38,925.00"
2019-02-13,2019021301004174,CLBSL,1,1,14,682.00,"9,548.00"
2019-02-13,2019021301004359,CZBIL,35,40,30,202.00,"6,060.00"
2019-02-13,2019021301004403,DBBL,3,6,35,124.00,"4,340.00"
2019-02-13,2019021301004394,DBBL,21,3,35,123.00,"4,305.00"
2019-02-13,2019021301004340,DBBL,21,58,38,123.00,"4,674.00"
2019-02-13,2019021301004339,DBBL,35,58,50,123.00,"6,150.00"
2019-02-13,2019021301004338,DBBL,46,58,"1,000",123.00,"123,000.00"
2019-02-13,2019021301004337,DBBL,1,58,912,123.00,"112,176.00"
2019-02-13,2019021301004236,DDBL,42,41,50,574.00,"28,700.00"
2019-02-13,2019021301004171,DDBL,34,6,150,574.00,"86,100.00"
2019-02-13,2019021301004170,DDBL,42,6,150,575.00,"86,250.00"
2019-02-13,2019021301004425,EBL,28,45,50,512.00,"25,600.00"
2019-02-13,2019021301004375,EBL,45,45,20,512.00,"10,240.00"
2019-02-13,2019021301004327,EBL,43,48,20,511.00,"10,220.00"
2019-02-13,2019021301004326,EBL,38,48,30,511.00,"15,330.00"
2019-02-13,2019021301004325,EBL,16,48,200,511.00,"102,200.00"
2019-02-13,2019021301004306,EBL,17,48,50,512.00,"25,600.00"
2019-02-13,2019021301003980,EBL,38,52,49,512.00,"25,088.00"
2019-02-13,2019021301003979,EBL,28,52,20,512.00,"10,240.00"
2019-02-13,2019021301003978,EBL,26,52,31,512.00,"15,872.00"
2019-02-13,2019021301004229,EDBL,44,37,355,280.00,"99,400.00"
2019-02-13,2019021301004228,EDBL,44,43,400,280.00,"112,000.00"
2019-02-13,2019021301004134,EIC,28,5,44,811.00,"35,684.00"
2019-02-13,2019021301004133,EIC,51,5,100,812.00,"81,200.00"
2019-02-13,2019021301004132,EIC,32,5,26,812.00,"21,112.00"
2019-02-13,2019021301004131,EIC,28,5,30,813.00,"24,390.00"
2019-02-13,2019021301004076,EIC,28,56,70,813.00,"56,910.00"
2019-02-13,2019021301004075,EIC,25,56,30,815.00,"24,450.00"
2019-02-13,2019021301003939,EIC,14,32,10,818.00,"8,180.00"
2019-02-13,2019021301004240,FMDBL,42,41,86,360.00,"30,960.00"
2019-02-13,2019021301004239,FMDBL,17,41,14,360.00,"5,040.00"
2019-02-13,2019021301004238,FMDBL,14,41,200,362.00,"72,400.00"
2019-02-13,2019021301004349,FOWAD,46,37,10,"1,550.00","15,500.00"
2019-02-13,2019021301004413,GBIME,48,58,100,262.00,"26,200.00"
2019-02-13,2019021301004398,GBIME,8,54,150,261.00,"39,150.00"
2019-02-13,2019021301004376,GBIME,48,58,100,262.00,"26,200.00"
2019-02-13,2019021301004373,GBIME,17,58,34,262.00,"8,908.00"
2019-02-13,2019021301004013,GBIME,8,58,374,261.00,"97,614.00"
2019-02-13,2019021301004354,GLICL,32,59,35,672.00,"23,520.00"
2019-02-13,2019021301004281,GLICL,32,58,275,672.00,"184,800.00"
2019-02-13,2019021301004280,GLICL,45,58,25,673.00,"16,825.00"
2019-02-13,2019021301004016,GLICL,51,58,200,674.00,"134,800.00"
2019-02-13,2019021301004015,GLICL,13,58,300,675.00,"202,500.00"
2019-02-13,2019021301003997,GUFL,49,44,18,102.00,"1,836.00"
2019-02-13,2019021301004205,HBL,55,58,200,425.00,"85,000.00"
2019-02-13,2019021301004204,HBL,22,58,100,425.00,"42,500.00"
2019-02-13,2019021301004203,HBL,56,58,20,425.00,"8,500.00"
2019-02-13,2019021301004017,HBL,6,6,25,430.00,"10,750.00"
2019-02-13,2019021301004291,HIDCL,45,16,100,136.00,"13,600.00"
2019-02-13,2019021301004082,HPPL,22,25,10,174.00,"1,740.00"
2019-02-13,2019021301004065,HPPL,22,53,387,174.00,"67,338.00"
2019-02-13,2019021301003940,HPPL,22,52,10,174.00,"1,740.00"
2019-02-13,2019021301004400,IGI,45,14,50,415.00,"20,750.00"
2019-02-13,2019021301004427,JBBL,47,13,135,136.00,"18,360.00"
2019-02-13,2019021301004304,JBBL,44,32,452,135.00,"61,020.00"
2019-02-13,2019021301004303,JBBL,52,32,103,135.00,"13,905.00"
2019-02-13,2019021301004286,JBBL,52,48,197,135.00,"26,595.00"
2019-02-13,2019021301004285,JBBL,39,48,100,135.00,"13,500.00"
2019-02-13,2019021301004284,JBBL,1,48,73,135.00,"9,855.00"
2019-02-13,2019021301004063,JBNL,42,17,300,164.00,"49,200.00"
2019-02-13,2019021301004062,JBNL,42,17,40,164.00,"6,560.00"
2019-02-13,2019021301004061,JBNL,38,17,100,164.00,"16,400.00"
2019-02-13,2019021301004060,JBNL,26,17,50,164.00,"8,200.00"
2019-02-13,2019021301004059,JBNL,33,17,"5,000",164.00,"820,000.00"
2019-02-13,2019021301004058,JBNL,26,17,500,164.00,"82,000.00"
2019-02-13,2019021301004057,JBNL,21,17,400,164.00,"65,600.00"
2019-02-13,2019021301004056,JBNL,16,17,500,164.00,"82,000.00"
2019-02-13,2019021301004055,JBNL,34,17,150,164.00,"24,600.00"
2019-02-13,2019021301004054,JBNL,42,17,18,164.00,"2,952.00"
2019-02-13,2019021301004021,JBNL,43,17,"1,000",165.00,"165,000.00"
2019-02-13,2019021301004020,JBNL,26,17,247,165.00,"40,755.00"
2019-02-13,2019021301004156,JEFL,4,1,100,135.00,"13,500.00"
2019-02-13,2019021301004036,JEFL,4,1,100,135.00,"13,500.00"
2019-02-13,2019021301004159,JSLBB,22,48,20,"2,402.00","48,040.00"
2019-02-13,2019021301004158,JSLBB,42,48,60,"2,411.00","144,660.00"
2019-02-13,2019021301004115,JSLBB,42,48,140,"2,411.00","337,540.00"
2019-02-13,2019021301004114,JSLBB,33,48,48,"2,411.00","115,728.00"
2019-02-13,2019021301004107,JSLBB,22,48,10,"2,430.00","24,300.00"
2019-02-13,2019021301004106,JSLBB,10,48,12,"2,430.00","29,160.00"
2019-02-13,2019021301004105,JSLBB,34,48,50,"2,460.00","123,000.00"
2019-02-13,2019021301004113,JSLBB,38,48,20,"2,412.00","48,240.00"
2019-02-13,2019021301004112,JSLBB,48,48,10,"2,412.00","24,120.00"
2019-02-13,2019021301004111,JSLBB,19,48,60,"2,414.00","144,840.00"
2019-02-13,2019021301004110,JSLBB,29,48,30,"2,424.00","72,720.00"
2019-02-13,2019021301004109,JSLBB,42,48,100,"2,425.00","242,500.00"
2019-02-13,2019021301004108,JSLBB,14,48,20,"2,426.00","48,520.00"
2019-02-13,2019021301004283,KBBL,57,36,501,208.00,"104,208.00"
2019-02-13,2019021301004282,KBBL,22,36,500,208.00,"104,000.00"
2019-02-13,2019021301004031,KBBL,50,13,200,210.00,"42,000.00"
2019-02-13,2019021301004030,KBBL,52,13,200,210.00,"42,000.00"
2019-02-13,2019021301004029,KBBL,11,13,100,210.00,"21,000.00"
2019-02-13,2019021301004028,KBBL,13,13,107,211.00,"22,577.00"
2019-02-13,2019021301004424,KKHC,3,3,10,82.00,820.00
2019-02-13,2019021301003971,KKHC,3,3,10,82.00,820.00
2019-02-13,2019021301004123,KMFL,45,40,20,960.00,"19,200.00"
2019-02-13,2019021301004428,KPCL,39,20,10,93.00,930.00
2019-02-13,2019021301004420,KPCL,39,16,10,93.00,930.00
2019-02-13,2019021301004408,KPCL,39,16,10,93.00,930.00
2019-02-13,2019021301004019,KPCL,39,20,10,93.00,930.00
2019-02-13,2019021301003998,KPCL,39,4,10,93.00,930.00
2019-02-13,2019021301003966,KPCL,39,20,10,93.00,930.00
2019-02-13,2019021301004053,KPCL,39,20,10,93.00,930.00
2019-02-13,2019021301004150,KPCL,39,16,10,93.00,930.00
2019-02-13,2019021301004148,KPCL,39,20,10,93.00,930.00
2019-02-13,2019021301004196,KPCL,39,16,10,93.00,930.00
2019-02-13,2019021301004177,KPCL,39,16,10,93.00,930.00
2019-02-13,2019021301004176,KPCL,39,20,10,93.00,930.00
2019-02-13,2019021301004220,KPCL,5,16,10,94.00,940.00
2019-02-13,2019021301004269,KPCL,39,16,10,93.00,930.00
2019-02-13,2019021301004241,KPCL,39,16,10,93.00,930.00
2019-02-13,2019021301004234,KPCL,39,43,10,93.00,930.00
2019-02-13,2019021301004336,KPCL,39,16,10,93.00,930.00
2019-02-13,2019021301004313,KPCL,39,16,10,93.00,930.00
2019-02-13,2019021301004299,KPCL,39,16,10,93.00,930.00
2019-02-13,2019021301004287,KPCL,39,16,10,93.00,930.00
2019-02-13,2019021301004379,KPCL,39,16,10,93.00,930.00
2019-02-13,2019021301004169,LBBL,42,32,50,173.00,"8,650.00"
2019-02-13,2019021301004366,LBL,33,49,174,194.00,"33,756.00"
2019-02-13,2019021301004365,LBL,57,49,100,194.00,"19,400.00"
2019-02-13,2019021301004364,LBL,29,49,126,194.00,"24,444.00"
2019-02-13,2019021301004423,LGIL,35,39,64,502.00,"32,128.00"
2019-02-13,2019021301004422,LGIL,46,39,200,502.00,"100,400.00"
2019-02-13,2019021301004421,LGIL,47,39,70,502.00,"35,140.00"
2019-02-13,2019021301004344,LGIL,47,48,30,502.00,"15,060.00"
2019-02-13,2019021301004343,LGIL,28,48,500,503.00,"251,500.00"
2019-02-13,2019021301004342,LGIL,11,48,50,503.00,"25,150.00"
2019-02-13,2019021301004341,LGIL,39,48,100,503.00,"50,300.00"
2019-02-13,2019021301004295,LGIL,21,48,150,504.00,"75,600.00"
2019-02-13,2019021301004294,LGIL,45,48,400,504.00,"201,600.00"
2019-02-13,2019021301004293,LGIL,42,48,500,505.00,"252,500.00"
2019-02-13,2019021301004292,LGIL,35,48,100,505.00,"50,500.00"
2019-02-13,2019021301004378,LLBS,17,40,40,766.00,"30,640.00"
2019-02-13,2019021301004377,LLBS,57,40,20,766.00,"15,320.00"
2019-02-13,2019021301003941,LLBS,18,18,6,778.00,"4,668.00"
2019-02-13,2019021301004388,MBL,1,58,500,208.00,"104,000.00"
2019-02-13,2019021301004168,MBL,34,22,53,207.00,"10,971.00"
2019-02-13,2019021301004037,MBL,34,14,200,207.00,"41,400.00"
2019-02-13,2019021301003943,MBL,34,4,273,207.00,"56,511.00"
2019-02-13,2019021301003936,MBL,5,14,43,208.00,"8,944.00"
2019-02-13,2019021301004210,MEGA,50,17,200,162.00,"32,400.00"
2019-02-13,2019021301003938,MEGA,59,58,435,161.00,"70,035.00"
2019-02-13,2019021301003937,MEGA,1,58,65,161.00,"10,465.00"
2019-02-13,2019021301004253,MERO,8,36,50,591.00,"29,550.00"
2019-02-13,2019021301004252,MERO,17,36,50,595.00,"29,750.00"
2019-02-13,2019021301004290,MLBBL,58,41,30,605.00,"18,150.00"
2019-02-13,2019021301004289,MLBBL,43,41,10,606.00,"6,060.00"
2019-02-13,2019021301004093,MLBL,32,58,100,163.00,"16,300.00"
2019-02-13,2019021301004012,MLBL,32,4,803,163.00,"130,889.00"
2019-02-13,2019021301004011,MLBL,28,4,57,164.00,"9,348.00"
2019-02-13,2019021301004194,MMFDB,28,21,83,980.00,"81,340.00"
2019-02-13,2019021301003983,MNBBL,49,32,145,337.00,"48,865.00"
2019-02-13,2019021301003982,MNBBL,28,32,55,337.00,"18,535.00"
2019-02-13,2019021301004189,MSMBS,42,58,42,534.00,"22,428.00"
2019-02-13,2019021301004040,MSMBS,58,34,93,535.00,"49,755.00"
2019-02-13,2019021301004039,MSMBS,21,34,39,536.00,"20,904.00"
2019-02-13,2019021301004402,NABIL,56,3,15,826.00,"12,390.00"
2019-02-13,2019021301004401,NABIL,56,46,15,826.00,"12,390.00"
2019-02-13,2019021301004358,NABIL,45,46,20,826.00,"16,520.00"
2019-02-13,2019021301004001,NABIL,22,32,30,823.00,"24,690.00"
2019-02-13,2019021301004000,NABIL,38,32,62,823.00,"51,026.00"
2019-02-13,2019021301004261,NABILP,35,58,150,727.00,"109,050.00"
2019-02-13,2019021301004172,NABILP,35,14,50,727.00,"36,350.00"
2019-02-13,2019021301004267,NABILP,43,58,600,725.00,"435,000.00"
2019-02-13,2019021301004266,NABILP,5,58,16,725.00,"11,600.00"
2019-02-13,2019021301004265,NABILP,52,58,20,726.00,"14,520.00"
2019-02-13,2019021301004264,NABILP,17,58,500,726.00,"363,000.00"
2019-02-13,2019021301004263,NABILP,14,58,10,726.00,"7,260.00"
2019-02-13,2019021301004262,NABILP,29,58,20,727.00,"14,540.00"
2019-02-13,2019021301004405,NADEP,16,17,30,765.00,"22,950.00"
2019-02-13,2019021301004305,NADEP,16,56,10,765.00,"7,650.00"
2019-02-13,2019021301004268,NADEP,16,41,10,765.00,"7,650.00"
2019-02-13,2019021301004033,NADEP,45,38,10,765.00,"7,650.00"
2019-02-13,2019021301004024,NADEP,45,38,10,765.00,"7,650.00"
2019-02-13,2019021301004010,NADEP,45,4,10,765.00,"7,650.00"
2019-02-13,2019021301004083,NADEP,53,20,10,763.00,"7,630.00"
2019-02-13,2019021301004052,NADEP,53,38,10,763.00,"7,630.00"
2019-02-13,2019021301004046,NADEP,45,38,10,765.00,"7,650.00"
2019-02-13,2019021301004187,NBB,51,38,50,182.00,"9,100.00"
2019-02-13,2019021301004362,NBBL,7,45,20,685.00,"13,700.00"
2019-02-13,2019021301004277,NBBL,42,48,85,683.00,"58,055.00"
2019-02-13,2019021301004345,NBL,8,40,60,285.00,"17,100.00"
2019-02-13,2019021301004332,NBL,8,58,"2,747",285.00,"782,895.00"
2019-02-13,2019021301004331,NBL,8,58,"1,430",285.00,"407,550.00"
2019-02-13,2019021301004308,NBL,29,6,200,286.00,"57,200.00"
2019-02-13,2019021301004164,NBL,8,58,570,285.00,"162,450.00"
2019-02-13,2019021301004163,NBL,53,58,"1,430",285.00,"407,550.00"
2019-02-13,2019021301004135,NBL,53,38,250,285.00,"71,250.00"
2019-02-13,2019021301004130,NBL,53,35,100,285.00,"28,500.00"
2019-02-13,2019021301004126,NBL,53,50,220,285.00,"62,700.00"
2019-02-13,2019021301004125,NBL,42,50,780,285.00,"222,300.00"
2019-02-13,2019021301004279,NCCB,19,36,31,207.00,"6,417.00"
2019-02-13,2019021301004186,NCCB,35,36,108,207.00,"22,356.00"
2019-02-13,2019021301004185,NCCB,35,40,"1,092",207.00,"226,044.00"
2019-02-13,2019021301004224,NIB,16,43,50,517.00,"25,850.00"
2019-02-13,2019021301004223,NIB,16,14,450,517.00,"232,650.00"
2019-02-13,2019021301004136,NIB,45,14,50,517.00,"25,850.00"
2019-02-13,2019021301003996,NIB,56,21,49,515.00,"25,235.00"
2019-02-13,2019021301003995,NIB,46,21,200,516.00,"103,200.00"
2019-02-13,2019021301003994,NIB,42,21,25,516.00,"12,900.00"
2019-02-13,2019021301003993,NIB,28,21,26,516.00,"13,416.00"
2019-02-13,2019021301003999,NIBLPF,16,6,"1,515",7.55,"11,438.25"
2019-02-13,2019021301004372,NICA,46,33,10,387.00,"3,870.00"
2019-02-13,2019021301004079,NICA,18,49,89,384.00,"34,176.00"
2019-02-13,2019021301004078,NICA,47,49,100,384.00,"38,400.00"
2019-02-13,2019021301004077,NICA,38,49,300,384.00,"115,200.00"
2019-02-13,2019021301004034,NICA,38,32,200,384.00,"76,800.00"
2019-02-13,2019021301004173,NICGF,26,21,500,8.85,"4,425.00"
2019-02-13,2019021301004064,NICL,44,58,"1,000",369.00,"369,000.00"
2019-02-13,2019021301004051,NICL,25,50,100,370.00,"37,000.00"
2019-02-13,2019021301004050,NICL,45,50,"1,000",370.00,"370,000.00"
2019-02-13,2019021301003985,NICL,21,37,50,372.00,"18,600.00"
2019-02-13,2019021301003984,NICL,13,37,215,372.00,"79,980.00"
2019-02-13,2019021301003976,NICL,13,1,150,372.00,"55,800.00"
2019-02-13,2019021301003965,NICL,13,1,135,372.00,"50,220.00"
2019-02-13,2019021301004049,NICL,44,50,200,370.00,"74,000.00"
2019-02-13,2019021301004048,NICL,57,50,700,371.00,"259,700.00"
2019-02-13,2019021301004023,NICL,57,45,500,371.00,"185,500.00"
2019-02-13,2019021301004022,NICL,41,45,500,371.00,"185,500.00"
2019-02-13,2019021301003987,NICL,52,37,500,372.00,"186,000.00"
2019-02-13,2019021301003986,NICL,22,37,20,372.00,"7,440.00"
2019-02-13,2019021301004419,NIL,43,19,100,510.00,"51,000.00"
2019-02-13,2019021301004387,NIL,43,36,122,510.00,"62,220.00"
2019-02-13,2019021301004386,NIL,22,36,20,511.00,"10,220.00"
2019-02-13,2019021301004385,NIL,48,36,100,511.00,"51,100.00"
2019-02-13,2019021301004384,NIL,46,36,50,512.00,"25,600.00"
2019-02-13,2019021301004383,NIL,51,36,208,512.00,"106,496.00"
2019-02-13,2019021301004357,NIL,51,28,97,512.00,"49,664.00"
2019-02-13,2019021301004348,NIL,51,59,173,512.00,"88,576.00"
2019-02-13,2019021301004347,NIL,48,59,21,513.00,"10,773.00"
2019-02-13,2019021301004124,NIL,48,42,79,513.00,"40,527.00"
2019-02-13,2019021301004237,NLBBL,19,34,100,460.00,"46,000.00"
2019-02-13,2019021301003963,NLBBL,32,28,300,460.00,"138,000.00"
2019-02-13,2019021301004356,NLG,55,38,200,800.00,"160,000.00"
2019-02-13,2019021301004355,NLG,33,38,47,800.00,"37,600.00"
2019-02-13,2019021301004333,NLIC,45,43,20,"1,022.00","20,440.00"
2019-02-13,2019021301004160,NLIC,6,50,158,"1,020.00","161,160.00"
2019-02-13,2019021301004118,NLIC,6,32,14,"1,017.00","14,238.00"
2019-02-13,2019021301004117,NLIC,35,32,20,"1,018.00","20,360.00"
2019-02-13,2019021301004116,NLIC,34,32,116,"1,018.00","118,088.00"
2019-02-13,2019021301004258,NLICL,28,41,60,636.00,"38,160.00"
2019-02-13,2019021301004200,NLICL,14,32,15,637.00,"9,555.00"
2019-02-13,2019021301004122,NLICL,42,32,150,637.00,"95,550.00"
2019-02-13,2019021301004121,NLICL,42,34,50,637.00,"31,850.00"
2019-02-13,2019021301004352,NMB,21,41,34,310.00,"10,540.00"
2019-02-13,2019021301004257,NMB,7,36,448,310.00,"138,880.00"
2019-02-13,2019021301004250,NMB,7,41,34,310.00,"10,540.00"
2019-02-13,2019021301004206,NMB,7,41,34,310.00,"10,540.00"
2019-02-13,2019021301004199,NMB,7,41,34,310.00,"10,540.00"
2019-02-13,2019021301004165,NMFBS,43,14,100,"1,658.00","165,800.00"
2019-02-13,2019021301004154,NSEWA,11,1,10,612.00,"6,120.00"
2019-02-13,2019021301004153,NSEWA,11,1,10,612.00,"6,120.00"
2019-02-13,2019021301004152,NSEWA,11,39,10,612.00,"6,120.00"
2019-02-13,2019021301004151,NSEWA,11,39,10,612.00,"6,120.00"
2019-02-13,2019021301004129,NTC,42,59,100,699.00,"69,900.00"
2019-02-13,2019021301004323,NUBL,45,22,50,738.00,"36,900.00"
2019-02-13,2019021301004256,NUBL,22,37,66,733.00,"48,378.00"
2019-02-13,2019021301004404,PCBL,8,17,200,313.00,"62,600.00"
2019-02-13,2019021301004274,PCBL,8,17,200,313.00,"62,600.00"
2019-02-13,2019021301004273,PCBL,28,17,350,313.00,"109,550.00"
2019-02-13,2019021301004272,PCBL,47,17,300,313.00,"93,900.00"
2019-02-13,2019021301004127,PCBL,55,32,64,314.00,"20,096.00"
2019-02-13,2019021301004086,PCBL,55,4,436,314.00,"136,904.00"
2019-02-13,2019021301004085,PCBL,8,4,"1,364",314.00,"428,296.00"
2019-02-13,2019021301004219,PIC,42,48,226,999.00,"225,774.00"
2019-02-13,2019021301004218,PIC,25,48,10,"1,000.00","10,000.00"
2019-02-13,2019021301004217,PIC,41,48,100,"1,000.00","100,000.00"
2019-02-13,2019021301004216,PIC,36,48,100,"1,001.00","100,100.00"
2019-02-13,2019021301004215,PIC,37,48,100,"1,001.00","100,100.00"
2019-02-13,2019021301004214,PIC,40,48,19,"1,002.00","19,038.00"
2019-02-13,2019021301004008,PIC,45,14,89,"1,012.00","90,068.00"
2019-02-13,2019021301004007,PIC,35,14,100,"1,013.00","101,300.00"
2019-02-13,2019021301004006,PIC,57,14,49,"1,013.00","49,637.00"
2019-02-13,2019021301004005,PIC,45,14,50,"1,015.00","50,750.00"
2019-02-13,2019021301004089,PIC,42,5,232,"1,010.00","234,320.00"
2019-02-13,2019021301004088,PIC,46,5,18,"1,011.00","18,198.00"
2019-02-13,2019021301004087,PIC,46,5,50,"1,012.00","50,600.00"
2019-02-13,2019021301004047,PIC,46,14,82,"1,012.00","82,984.00"
2019-02-13,2019021301004014,PIC,56,14,30,"1,012.00","30,360.00"
2019-02-13,2019021301004009,PIC,35,14,100,"1,012.00","101,200.00"
2019-02-13,2019021301004213,PIC,50,48,101,"1,002.00","101,202.00"
2019-02-13,2019021301004212,PIC,57,48,20,"1,010.00","20,200.00"
2019-02-13,2019021301004211,PIC,28,48,368,"1,010.00","371,680.00"
2019-02-13,2019021301004162,PIC,28,32,32,"1,010.00","32,320.00"
2019-02-13,2019021301004161,PIC,42,32,68,"1,010.00","68,680.00"
2019-02-13,2019021301004128,PIC,42,26,200,"1,010.00","202,000.00"
2019-02-13,2019021301004149,PLIC,43,22,100,445.00,"44,500.00"
2019-02-13,2019021301003962,PLIC,50,36,160,440.00,"70,400.00"
2019-02-13,2019021301003961,PLIC,6,36,60,441.00,"26,460.00"
2019-02-13,2019021301003960,PLIC,45,36,200,441.00,"88,200.00"
2019-02-13,2019021301003959,PLIC,53,36,500,441.00,"220,500.00"
2019-02-13,2019021301003958,PLIC,57,36,50,441.00,"22,050.00"
2019-02-13,2019021301003957,PLIC,28,36,320,441.00,"141,120.00"
2019-02-13,2019021301003956,PLIC,19,36,87,442.00,"38,454.00"
2019-02-13,2019021301004201,PMHPL,10,43,10,108.00,"1,080.00"
2019-02-13,2019021301004097,PMHPL,10,25,80,109.00,"8,720.00"
2019-02-13,2019021301004096,PMHPL,10,47,10,109.00,"1,090.00"
2019-02-13,2019021301004095,PMHPL,10,52,10,109.00,"1,090.00"
2019-02-13,2019021301004032,PMHPL,10,20,10,107.00,"1,070.00"
2019-02-13,2019021301003981,PMHPL,10,39,10,107.00,"1,070.00"
2019-02-13,2019021301003977,PMHPL,10,20,10,107.00,"1,070.00"
2019-02-13,2019021301004391,PRIN,21,10,50,410.00,"20,500.00"
2019-02-13,2019021301004390,PRIN,21,57,100,409.00,"40,900.00"
2019-02-13,2019021301004370,PRIN,54,57,200,409.00,"81,800.00"
2019-02-13,2019021301004367,PRIN,52,40,100,409.00,"40,900.00"
2019-02-13,2019021301004302,PRIN,10,10,100,410.00,"41,000.00"
2019-02-13,2019021301004301,PRIN,45,10,68,410.00,"27,880.00"
2019-02-13,2019021301003949,PRIN,16,28,200,410.00,"82,000.00"
2019-02-13,2019021301003948,PRIN,25,28,100,410.00,"41,000.00"
2019-02-13,2019021301003947,PRIN,25,28,50,410.00,"20,500.00"
2019-02-13,2019021301003946,PRIN,50,28,300,410.00,"123,000.00"
2019-02-13,2019021301003945,PRIN,42,28,50,410.00,"20,500.00"
2019-02-13,2019021301003944,PRIN,53,28,408,410.00,"167,280.00"
2019-02-13,2019021301004300,PRIN,36,10,420,411.00,"172,620.00"
2019-02-13,2019021301004298,PRIN,36,17,80,411.00,"32,880.00"
2019-02-13,2019021301004155,PRIN,45,4,100,410.00,"41,000.00"
2019-02-13,2019021301004092,PRIN,45,50,60,410.00,"24,600.00"
2019-02-13,2019021301003951,PRIN,45,28,272,410.00,"111,520.00"
2019-02-13,2019021301003950,PRIN,41,28,20,410.00,"8,200.00"
2019-02-13,2019021301004397,PRVU,38,57,164,232.00,"38,048.00"
2019-02-13,2019021301004396,PRVU,38,57,25,232.00,"5,800.00"
2019-02-13,2019021301004395,PRVU,32,57,11,232.00,"2,552.00"
2019-02-13,2019021301004120,RHPC,52,28,209,95.00,"19,855.00"
2019-02-13,2019021301004084,RHPC,59,45,10,96.00,960.00
2019-02-13,2019021301004222,RRHP,33,43,10,100.00,"1,000.00"
2019-02-13,2019021301004208,RRHP,33,50,10,100.00,"1,000.00"
2019-02-13,2019021301004207,RRHP,33,19,10,100.00,"1,000.00"
2019-02-13,2019021301004389,SANIMA,29,19,75,295.00,"22,125.00"
2019-02-13,2019021301004183,SANIMA,34,32,16,294.00,"4,704.00"
2019-02-13,2019021301004182,SANIMA,42,32,100,294.00,"29,400.00"
2019-02-13,2019021301004181,SANIMA,43,32,74,294.00,"21,756.00"
2019-02-13,2019021301004180,SANIMA,34,32,40,294.00,"11,760.00"
2019-02-13,2019021301004179,SANIMA,39,32,30,294.00,"8,820.00"
2019-02-13,2019021301004178,SANIMA,6,32,40,294.00,"11,760.00"
2019-02-13,2019021301004104,SANIMA,34,38,500,295.00,"147,500.00"
2019-02-13,2019021301004103,SANIMA,34,48,"1,000",295.00,"295,000.00"
2019-02-13,2019021301004102,SANIMA,34,55,51,295.00,"15,045.00"
2019-02-13,2019021301004101,SANIMA,34,49,591,295.00,"174,345.00"
2019-02-13,2019021301003955,SBL,46,21,65,278.00,"18,070.00"
2019-02-13,2019021301004278,SCB,19,48,100,541.00,"54,100.00"
2019-02-13,2019021301004260,SCB,28,48,100,542.00,"54,200.00"
2019-02-13,2019021301004259,SCB,34,48,100,542.00,"54,200.00"
2019-02-13,2019021301003964,SCB,41,45,100,545.00,"54,500.00"
2019-02-13,2019021301004175,SCB,13,3,20,543.00,"10,860.00"
2019-02-13,2019021301004157,SCB,45,48,20,544.00,"10,880.00"
2019-02-13,2019021301004100,SCB,19,17,500,544.00,"272,000.00"
2019-02-13,2019021301004232,SCB,7,48,30,543.00,"16,290.00"
2019-02-13,2019021301004231,SCB,55,48,130,543.00,"70,590.00"
2019-02-13,2019021301004193,SCB,3,48,20,544.00,"10,880.00"
2019-02-13,2019021301004192,SCB,55,32,70,543.00,"38,010.00"
2019-02-13,2019021301004191,SCB,36,32,200,543.00,"108,600.00"
2019-02-13,2019021301004190,SCB,13,32,30,543.00,"16,290.00"
2019-02-13,2019021301004309,SHL,45,17,100,206.00,"20,600.00"
2019-02-13,2019021301004411,SHPC,45,57,100,218.00,"21,800.00"
2019-02-13,2019021301003967,SHPC,47,21,93,218.00,"20,274.00"
2019-02-13,2019021301004276,SIC,42,50,195,"1,255.00","244,725.00"
2019-02-13,2019021301004043,SIC,42,49,80,"1,255.00","100,400.00"
2019-02-13,2019021301004042,SIC,21,49,100,"1,255.00","125,500.00"
2019-02-13,2019021301004041,SIC,54,49,20,"1,260.00","25,200.00"
2019-02-13,2019021301004255,SICL,44,44,3,850.00,"2,550.00"
2019-02-13,2019021301003929,SICL,33,29,22,870.00,"19,140.00"
2019-02-13,2019021301003935,SICL,46,29,50,865.00,"43,250.00"
2019-02-13,2019021301003934,SICL,38,29,677,866.00,"586,282.00"
2019-02-13,2019021301003933,SICL,39,29,26,867.00,"22,542.00"
2019-02-13,2019021301003932,SICL,42,29,100,870.00,"87,000.00"
2019-02-13,2019021301003931,SICL,46,29,50,870.00,"43,500.00"
2019-02-13,2019021301003930,SICL,7,29,30,870.00,"26,100.00"
2019-02-13,2019021301004322,SIL,55,10,153,602.00,"92,106.00"
2019-02-13,2019021301004321,SIL,44,10,200,602.00,"120,400.00"
2019-02-13,2019021301004320,SIL,44,10,50,602.00,"30,100.00"
2019-02-13,2019021301004319,SIL,4,10,100,602.00,"60,200.00"
2019-02-13,2019021301004318,SIL,10,10,200,603.00,"120,600.00"
2019-02-13,2019021301004317,SIL,58,10,10,603.00,"6,030.00"
2019-02-13,2019021301004316,SIL,57,10,137,603.00,"82,611.00"
2019-02-13,2019021301004315,SIL,59,10,50,604.00,"30,200.00"
2019-02-13,2019021301004314,SIL,47,10,100,604.00,"60,400.00"
2019-02-13,2019021301004297,SIL,42,32,100,605.00,"60,500.00"
2019-02-13,2019021301004296,SIL,42,32,100,606.00,"60,600.00"
2019-02-13,2019021301004035,SIL,1,21,18,605.00,"10,890.00"
2019-02-13,2019021301004081,SLBBL,40,20,55,500.00,"27,500.00"
2019-02-13,2019021301004080,SLBBL,5,20,65,501.00,"32,565.00"
2019-02-13,2019021301004184,SLBS,45,17,18,999.00,"17,982.00"
2019-02-13,2019021301004330,SLBSL,5,48,20,795.00,"15,900.00"
2019-02-13,2019021301004329,SLBSL,49,48,10,795.00,"7,950.00"
2019-02-13,2019021301004328,SLBSL,1,48,20,795.00,"15,900.00"
2019-02-13,2019021301004270,SLBSL,17,4,10,795.00,"7,950.00"
2019-02-13,2019021301004025,SLBSL,17,55,40,796.00,"31,840.00"
2019-02-13,2019021301004004,SLBSL,41,49,50,797.00,"39,850.00"
2019-02-13,2019021301004003,SLBSL,55,49,50,797.00,"39,850.00"
2019-02-13,2019021301004002,SLBSL,42,49,200,797.00,"159,400.00"
2019-02-13,2019021301004099,SLBSL,33,55,10,796.00,"7,960.00"
2019-02-13,2019021301004098,SLBSL,33,55,50,796.00,"39,800.00"
2019-02-13,2019021301004027,SLBSL,5,55,20,796.00,"15,920.00"
2019-02-13,2019021301004026,SLBSL,38,55,50,796.00,"39,800.00"
2019-02-13,2019021301003975,SLICL,52,26,50,511.00,"25,550.00"
2019-02-13,2019021301003974,SLICL,51,26,100,511.00,"51,100.00"
2019-02-13,2019021301003973,SLICL,42,26,50,512.00,"25,600.00"
2019-02-13,2019021301003972,SLICL,38,26,70,513.00,"35,910.00"
2019-02-13,2019021301004288,SMATA,57,7,18,"1,306.00","23,508.00"
2019-02-13,2019021301004235,SMATA,28,58,100,"1,307.00","130,700.00"
2019-02-13,2019021301004418,TRH,14,22,430,240.00,"103,200.00"
2019-02-13,2019021301004417,TRH,35,22,20,241.00,"4,820.00"
2019-02-13,2019021301004416,TRH,47,22,50,242.00,"12,100.00"
2019-02-13,2019021301004209,TRH,54,17,100,243.00,"24,300.00"
2019-02-13,2019021301004426,UPPER,45,25,40,229.00,"9,160.00"
2019-02-13,2019021301004380,UPPER,45,17,40,229.00,"9,160.00"
2019-02-13,2019021301004018,UPPER,21,4,50,229.00,"11,450.00"
2019-02-13,2019021301003992,UPPER,21,20,40,229.00,"9,160.00"
2019-02-13,2019021301004091,UPPER,25,20,20,229.00,"4,580.00"
2019-02-13,2019021301004090,UPPER,21,20,20,229.00,"4,580.00"
2019-02-13,2019021301004038,UPPER,21,20,40,229.00,"9,160.00"
2019-02-13,2019021301004166,UPPER,21,20,50,230.00,"11,500.00"
2019-02-13,2019021301004147,UPPER,21,14,50,230.00,"11,500.00"
2019-02-13,2019021301004138,UPPER,21,39,40,230.00,"9,200.00"
2019-02-13,2019021301004137,UPPER,21,38,239,230.00,"54,970.00"
2019-02-13,2019021301004198,UPPER,21,48,40,230.00,"9,200.00"
2019-02-13,2019021301004188,UPPER,21,20,40,230.00,"9,200.00"
2019-02-13,2019021301004167,UPPER,21,56,50,230.00,"11,500.00"
2019-02-13,2019021301004230,UPPER,5,21,40,230.00,"9,200.00"
2019-02-13,2019021301004226,UPPER,49,21,18,230.00,"4,140.00"
2019-02-13,2019021301004225,UPPER,21,21,91,230.00,"20,930.00"
2019-02-13,2019021301004221,UPPER,21,48,50,230.00,"11,500.00"
2019-02-13,2019021301004202,UPPER,21,20,50,230.00,"11,500.00"
2019-02-13,2019021301004251,UPPER,45,17,50,229.00,"11,450.00"
2019-02-13,2019021301004249,UPPER,25,34,40,229.00,"9,160.00"
2019-02-13,2019021301004233,UPPER,25,17,40,229.00,"9,160.00"
2019-02-13,2019021301004353,UPPER,45,17,50,229.00,"11,450.00"
2019-02-13,2019021301004351,UPPER,45,57,40,229.00,"9,160.00"
2019-02-13,2019021301004369,UPPER,32,51,9,230.00,"2,070.00"
2019-02-13,2019021301004368,UPPER,32,20,50,230.00,"11,500.00"
2019-02-13,2019021301004363,UPPER,32,45,10,230.00,"2,300.00"
2019-02-13,2019021301004361,UPPER,32,21,51,230.00,"11,730.00"
2019-02-13,2019021301004360,UPPER,32,21,200,230.00,"46,000.00"
2019-02-13,2019021301004407,VLBS,45,22,30,688.00,"20,640.00"
2019-02-13,2019021301004406,VLBS,46,22,76,688.00,"52,288.00"
2019-02-13,2019021301003926,ADBL,14,52,490,330.00,"161,700.00"
2019-02-13,2019021301003925,ADBL,47,52,10,330.00,"3,300.00"
2019-02-13,2019021301003892,AKPL,19,41,11,169.00,"1,859.00"
2019-02-13,2019021301003712,AKPL,43,25,13,170.00,"2,210.00"
2019-02-13,2019021301003549,AKPL,19,45,13,169.00,"2,197.00"
2019-02-13,2019021301003465,AKPL,19,25,13,169.00,"2,197.00"
2019-02-13,2019021301003838,ALICL,22,25,30,584.00,"17,520.00"
2019-02-13,2019021301003837,ALICL,11,25,100,584.00,"58,400.00"
2019-02-13,2019021301003753,API,3,3,1,132.00,132.00
2019-02-13,2019021301003684,API,37,58,149,131.00,"19,519.00"
2019-02-13,2019021301003683,API,54,58,50,131.00,"6,550.00"
2019-02-13,2019021301003682,API,37,58,100,131.00,"13,100.00"
2019-02-13,2019021301003681,API,37,58,100,131.00,"13,100.00"
2019-02-13,2019021301003680,API,49,58,710,131.00,"93,010.00"
2019-02-13,2019021301003534,API,57,32,520,133.00,"69,160.00"
2019-02-13,2019021301003552,BARUN,20,45,10,96.00,960.00
2019-02-13,2019021301003554,BOKL,45,59,10,234.00,"2,340.00"
2019-02-13,2019021301003431,BOKL,1,1,500,235.00,"117,500.00"
2019-02-13,2019021301003430,BOKL,6,1,35,235.00,"8,225.00"
2019-02-13,2019021301003766,BPCL,39,20,10,350.00,"3,500.00"
2019-02-13,2019021301003592,BPCL,39,58,550,350.00,"192,500.00"
2019-02-13,2019021301003591,BPCL,29,58,50,350.00,"17,500.00"
2019-02-13,2019021301003590,BPCL,45,58,70,350.00,"24,500.00"
2019-02-13,2019021301003589,BPCL,16,58,330,351.00,"115,830.00"
2019-02-13,2019021301003865,CBBL,35,58,"1,000",870.00,"870,000.00"
2019-02-13,2019021301003855,CBBL,1,58,94,870.00,"81,780.00"
2019-02-13,2019021301003854,CBBL,57,58,500,872.00,"436,000.00"
2019-02-13,2019021301003853,CBBL,8,58,40,872.00,"34,880.00"
2019-02-13,2019021301003852,CBBL,29,58,50,872.00,"43,600.00"
2019-02-13,2019021301003851,CBBL,52,58,50,873.00,"43,650.00"
2019-02-13,2019021301003850,CBBL,54,58,100,873.00,"87,300.00"
2019-02-13,2019021301003849,CBBL,44,58,100,875.00,"87,500.00"
2019-02-13,2019021301003848,CBBL,11,58,20,875.00,"17,500.00"
2019-02-13,2019021301003847,CBBL,28,58,46,875.00,"40,250.00"
2019-02-13,2019021301003842,CBBL,28,1,260,875.00,"227,500.00"
2019-02-13,2019021301003841,CBBL,26,1,40,876.00,"35,040.00"
2019-02-13,2019021301003642,CBL,48,43,16,153.00,"2,448.00"
2019-02-13,2019021301003452,CBL,7,1,100,154.00,"15,400.00"
2019-02-13,2019021301003719,CCBL,56,57,80,161.00,"12,880.00"
2019-02-13,2019021301003718,CCBL,7,57,32,161.00,"5,152.00"
2019-02-13,2019021301003641,CCBL,7,44,39,161.00,"6,279.00"
2019-02-13,2019021301003625,CCBL,7,44,29,161.00,"4,669.00"
2019-02-13,2019021301003624,CCBL,36,44,10,161.00,"1,610.00"
2019-02-13,2019021301003600,CCBL,36,44,39,161.00,"6,279.00"
2019-02-13,2019021301003556,CCBL,36,45,21,161.00,"3,381.00"
2019-02-13,2019021301003715,CIT,18,37,10,"2,600.00","26,000.00"
2019-02-13,2019021301003673,CIT,38,37,26,"2,600.00","67,600.00"
2019-02-13,2019021301003672,CIT,33,37,78,"2,600.00","202,800.00"
2019-02-13,2019021301003662,CIT,33,58,22,"2,600.00","57,200.00"
2019-02-13,2019021301003661,CIT,21,58,10,"2,600.00","26,000.00"
2019-02-13,2019021301003660,CIT,38,58,50,"2,600.00","130,000.00"
2019-02-13,2019021301003648,CIT,1,34,40,"2,609.00","104,360.00"
2019-02-13,2019021301003502,CIT,35,1,71,"2,610.00","185,310.00"
2019-02-13,2019021301003446,CIT,18,1,40,"2,610.00","104,400.00"
2019-02-13,2019021301003659,CIT,25,58,50,"2,600.00","130,000.00"
2019-02-13,2019021301003658,CIT,4,58,360,"2,606.00","938,160.00"
2019-02-13,2019021301003652,CIT,4,34,140,"2,606.00","364,840.00"
2019-02-13,2019021301003651,CIT,1,34,20,"2,607.00","52,140.00"
2019-02-13,2019021301003650,CIT,58,34,10,"2,607.00","26,070.00"
2019-02-13,2019021301003649,CIT,40,34,10,"2,607.00","26,070.00"
2019-02-13,2019021301003895,CZBIL,10,40,30,203.00,"6,090.00"
2019-02-13,2019021301003894,CZBIL,10,58,20,202.00,"4,040.00"
2019-02-13,2019021301003878,CZBIL,28,32,20,201.00,"4,020.00"
2019-02-13,2019021301003877,CZBIL,50,32,180,201.00,"36,180.00"
2019-02-13,2019021301003816,CZBIL,50,58,820,201.00,"164,820.00"
2019-02-13,2019021301003815,CZBIL,29,58,300,201.00,"60,300.00"
2019-02-13,2019021301003808,CZBIL,36,58,500,202.00,"101,000.00"
2019-02-13,2019021301003807,CZBIL,17,58,200,202.00,"40,400.00"
2019-02-13,2019021301003814,CZBIL,29,58,"1,000",201.00,"201,000.00"
2019-02-13,2019021301003813,CZBIL,55,58,300,201.00,"60,300.00"
2019-02-13,2019021301003812,CZBIL,58,58,20,201.00,"4,020.00"
2019-02-13,2019021301003811,CZBIL,28,58,200,201.00,"40,200.00"
2019-02-13,2019021301003810,CZBIL,4,58,50,201.00,"10,050.00"
2019-02-13,2019021301003809,CZBIL,32,58,110,201.00,"22,110.00"
2019-02-13,2019021301003799,DBBL,3,6,35,124.00,"4,340.00"
2019-02-13,2019021301003791,DBBL,1,3,35,123.00,"4,305.00"
2019-02-13,2019021301003529,DBBL,19,6,40,124.00,"4,960.00"
2019-02-13,2019021301003550,DDBL,13,35,100,576.00,"57,600.00"
2019-02-13,2019021301003900,EBL,5,32,17,514.00,"8,738.00"
2019-02-13,2019021301003801,EIC,5,6,28,820.00,"22,960.00"
2019-02-13,2019021301003800,EIC,5,19,12,819.00,"9,828.00"
2019-02-13,2019021301003710,FOWAD,42,37,30,"1,524.00","45,720.00"
2019-02-13,2019021301003691,FOWAD,26,37,50,"1,530.00","76,500.00"
2019-02-13,2019021301003690,FOWAD,51,37,51,"1,530.00","78,030.00"
2019-02-13,2019021301003689,FOWAD,36,37,57,"1,535.00","87,495.00"
2019-02-13,2019021301003790,GBBL,58,11,80,182.00,"14,560.00"
2019-02-13,2019021301003567,GBBL,13,17,164,181.00,"29,684.00"
2019-02-13,2019021301003521,GBBL,54,17,461,181.00,"83,441.00"
2019-02-13,2019021301003917,GBIME,8,58,"1,000",261.00,"261,000.00"
2019-02-13,2019021301003769,GBLBS,41,42,40,427.00,"17,080.00"
2019-02-13,2019021301003563,GBLBS,32,35,100,427.00,"42,700.00"
2019-02-13,2019021301003819,GDBL,1,45,54,179.00,"9,666.00"
2019-02-13,2019021301003818,GDBL,28,45,31,179.00,"5,549.00"
2019-02-13,2019021301003696,GDBL,28,58,169,179.00,"30,251.00"
2019-02-13,2019021301003695,GDBL,46,58,540,179.00,"96,660.00"
2019-02-13,2019021301003880,GFCL,21,11,400,116.00,"46,400.00"
2019-02-13,2019021301003752,GFCL,44,56,362,117.00,"42,354.00"
2019-02-13,2019021301003749,GFCL,44,50,165,117.00,"19,305.00"
2019-02-13,2019021301003503,GFCL,44,16,456,117.00,"53,352.00"
2019-02-13,2019021301003789,GLICL,32,39,93,676.00,"62,868.00"
2019-02-13,2019021301003778,GLICL,32,38,237,676.00,"160,212.00"
2019-02-13,2019021301003827,GRDBL,3,3,10,104.00,"1,040.00"
2019-02-13,2019021301003572,GRDBL,3,3,10,104.00,"1,040.00"
2019-02-13,2019021301003915,HGI,33,29,175,374.00,"65,450.00"
2019-02-13,2019021301003914,HGI,39,29,20,374.00,"7,480.00"
2019-02-13,2019021301003913,HGI,37,29,300,376.00,"112,800.00"
2019-02-13,2019021301003912,HGI,38,29,200,376.00,"75,200.00"
2019-02-13,2019021301003911,HGI,48,29,200,377.00,"75,400.00"
2019-02-13,2019021301003910,HGI,41,29,350,378.00,"132,300.00"
2019-02-13,2019021301003903,HGI,4,29,"2,000",381.00,"762,000.00"
2019-02-13,2019021301003488,HGI,14,39,300,381.00,"114,300.00"
2019-02-13,2019021301003469,HGI,42,39,200,382.00,"76,400.00"
2019-02-13,2019021301003909,HGI,53,29,50,379.00,"18,950.00"
2019-02-13,2019021301003908,HGI,21,29,50,380.00,"19,000.00"
2019-02-13,2019021301003907,HGI,47,29,100,380.00,"38,000.00"
2019-02-13,2019021301003906,HGI,29,29,40,380.00,"15,200.00"
2019-02-13,2019021301003905,HGI,35,29,100,380.00,"38,000.00"
2019-02-13,2019021301003904,HGI,25,29,20,380.00,"7,600.00"
2019-02-13,2019021301003564,HIDCL,40,45,56,134.00,"7,504.00"
2019-02-13,2019021301003487,HIDCL,3,3,52,135.00,"7,020.00"
2019-02-13,2019021301003726,HPPL,22,25,10,174.00,"1,740.00"
2019-02-13,2019021301003480,HPPL,22,1,10,174.00,"1,740.00"
2019-02-13,2019021301003479,HPPL,22,25,10,174.00,"1,740.00"
2019-02-13,2019021301003472,HPPL,22,1,10,174.00,"1,740.00"
2019-02-13,2019021301003470,HPPL,22,25,10,174.00,"1,740.00"
2019-02-13,2019021301003466,HPPL,22,1,10,174.00,"1,740.00"
2019-02-13,2019021301003515,JBBL,18,18,1,135.00,135.00
2019-02-13,2019021301003891,JBNL,26,4,"1,753",165.00,"289,245.00"
2019-02-13,2019021301003890,JBNL,19,4,500,165.00,"82,500.00"
2019-02-13,2019021301003889,JBNL,1,4,747,165.00,"123,255.00"
2019-02-13,2019021301003862,JBNL,38,17,300,166.00,"49,800.00"
2019-02-13,2019021301003823,JBNL,1,45,253,165.00,"41,745.00"
2019-02-13,2019021301003551,JBNL,13,17,100,166.00,"16,600.00"
2019-02-13,2019021301003716,JEFL,4,25,30,137.00,"4,110.00"
2019-02-13,2019021301003676,KBL,44,44,5,235.00,"1,175.00"
2019-02-13,2019021301003628,KBL,13,25,"1,000",238.00,"238,000.00"
2019-02-13,2019021301003627,KBL,13,43,615,238.00,"146,370.00"
2019-02-13,2019021301003485,KBL,13,17,157,236.00,"37,052.00"
2019-02-13,2019021301003484,KBL,13,50,143,236.00,"33,748.00"
2019-02-13,2019021301003593,KKHC,3,3,10,83.00,830.00
2019-02-13,2019021301003535,KKHC,3,3,10,84.00,840.00
2019-02-13,2019021301003573,KMCDB,38,50,50,820.00,"41,000.00"
2019-02-13,2019021301003477,KPCL,16,38,10,94.00,940.00
2019-02-13,2019021301003530,KPCL,16,16,10,94.00,940.00
2019-02-13,2019021301003561,KPCL,16,16,10,94.00,940.00
2019-02-13,2019021301003548,KPCL,16,16,10,94.00,940.00
2019-02-13,2019021301003537,KPCL,16,16,10,94.00,940.00
2019-02-13,2019021301003657,KPCL,39,16,10,93.00,930.00
2019-02-13,2019021301003644,KPCL,39,16,10,93.00,930.00
2019-02-13,2019021301003677,KPCL,39,20,10,93.00,930.00
2019-02-13,2019021301003674,KPCL,39,16,10,93.00,930.00
2019-02-13,2019021301003729,KPCL,39,20,10,93.00,930.00
2019-02-13,2019021301003777,KPCL,39,20,10,93.00,930.00
2019-02-13,2019021301003817,KPCL,39,20,10,93.00,930.00
2019-02-13,2019021301003869,KPCL,39,20,10,93.00,930.00
2019-02-13,2019021301003861,KSBBL,39,19,50,134.00,"6,700.00"
2019-02-13,2019021301003826,KSBBL,59,45,15,133.00,"1,995.00"
2019-02-13,2019021301003899,LBL,11,45,50,195.00,"9,750.00"
2019-02-13,2019021301003870,LBL,49,49,"10,000",193.00,"1,930,000.00"
2019-02-13,2019021301003728,LBL,29,58,20,194.00,"3,880.00"
2019-02-13,2019021301003517,LBL,29,43,54,194.00,"10,476.00"
2019-02-13,2019021301003612,LGIL,39,39,744,504.00,"374,976.00"
2019-02-13,2019021301003611,LGIL,4,39,39,504.00,"19,656.00"
2019-02-13,2019021301003610,LGIL,39,39,273,505.00,"137,865.00"
2019-02-13,2019021301003609,LGIL,35,39,20,508.00,"10,160.00"
2019-02-13,2019021301003608,LGIL,33,39,30,508.00,"15,240.00"
2019-02-13,2019021301003860,LLBS,57,18,25,767.00,"19,175.00"
2019-02-13,2019021301003859,LLBS,22,18,30,767.00,"23,010.00"
2019-02-13,2019021301003858,LLBS,42,18,20,767.00,"15,340.00"
2019-02-13,2019021301003857,LLBS,49,18,101,768.00,"77,568.00"
2019-02-13,2019021301003843,LLBS,49,45,99,768.00,"76,032.00"
2019-02-13,2019021301003872,MBL,5,58,957,208.00,"199,056.00"
2019-02-13,2019021301003871,MBL,1,58,33,208.00,"6,864.00"
2019-02-13,2019021301003821,MBL,1,21,467,208.00,"97,136.00"
2019-02-13,2019021301003820,MBL,8,21,133,208.00,"27,664.00"
2019-02-13,2019021301003565,MBL,8,59,23,208.00,"4,784.00"
2019-02-13,2019021301003918,MEGA,10,17,50,162.00,"8,100.00"
2019-02-13,2019021301003876,MEGA,1,52,85,161.00,"13,685.00"
2019-02-13,2019021301003875,MEGA,42,52,200,161.00,"32,200.00"
2019-02-13,2019021301003874,MEGA,37,52,115,161.00,"18,515.00"
2019-02-13,2019021301003562,MEGA,13,17,100,162.00,"16,200.00"
2019-02-13,2019021301003443,MEGA,7,17,100,162.00,"16,200.00"
2019-02-13,2019021301003678,MERO,37,25,50,600.00,"30,000.00"
2019-02-13,2019021301003671,MERO,39,25,33,600.00,"19,800.00"
2019-02-13,2019021301003655,MERO,3,3,16,601.00,"9,616.00"
2019-02-13,2019021301003667,MIDBL,45,57,200,148.00,"29,600.00"
2019-02-13,2019021301003643,MIDBL,45,21,200,147.00,"29,400.00"
2019-02-13,2019021301003788,MNBBL,28,58,145,337.00,"48,865.00"
2019-02-13,2019021301003787,MNBBL,26,58,500,337.00,"168,500.00"
2019-02-13,2019021301003786,MNBBL,35,58,30,337.00,"10,110.00"
2019-02-13,2019021301003785,MNBBL,47,58,100,337.00,"33,700.00"
2019-02-13,2019021301003784,MNBBL,7,58,100,337.00,"33,700.00"
2019-02-13,2019021301003783,MNBBL,46,58,46,337.00,"15,502.00"
2019-02-13,2019021301003782,MNBBL,14,58,99,338.00,"33,462.00"
2019-02-13,2019021301003781,MNBBL,42,58,18,338.00,"6,084.00"
2019-02-13,2019021301003780,MNBBL,11,58,50,338.00,"16,900.00"
2019-02-13,2019021301003779,MNBBL,13,58,100,338.00,"33,800.00"
2019-02-13,2019021301003774,MSMBS,21,52,11,536.00,"5,896.00"
2019-02-13,2019021301003825,NADEP,45,20,10,765.00,"7,650.00"
2019-02-13,2019021301003732,NADEP,45,20,10,765.00,"7,650.00"
2019-02-13,2019021301003509,NBB,19,40,100,183.00,"18,300.00"
2019-02-13,2019021301003720,NBBL,5,17,43,690.00,"29,670.00"
2019-02-13,2019021301003453,NBBL,42,45,15,683.00,"10,245.00"
2019-02-13,2019021301003868,NBL,42,58,20,285.00,"5,700.00"
2019-02-13,2019021301003798,NBL,42,58,150,285.00,"42,750.00"
2019-02-13,2019021301003765,NBL,58,6,40,286.00,"11,440.00"
2019-02-13,2019021301003698,NBL,42,49,400,285.00,"114,000.00"
2019-02-13,2019021301003526,NBL,17,6,100,286.00,"28,600.00"
2019-02-13,2019021301003846,NCCB,58,45,116,206.00,"23,896.00"
2019-02-13,2019021301003722,NCCB,13,40,90,207.00,"18,630.00"
2019-02-13,2019021301003685,NCCB,13,58,10,207.00,"2,070.00"
2019-02-13,2019021301003458,NCCB,58,18,162,206.00,"33,372.00"
2019-02-13,2019021301003444,NEF,5,42,483,8.00,"3,864.00"
2019-02-13,2019021301003756,NIB,28,47,60,516.00,"30,960.00"
2019-02-13,2019021301003584,NIB,28,45,14,516.00,"7,224.00"
2019-02-13,2019021301003583,NIB,7,45,13,516.00,"6,708.00"
2019-02-13,2019021301003582,NIB,38,45,10,516.00,"5,160.00"
2019-02-13,2019021301003525,NIB,38,38,20,516.00,"10,320.00"
2019-02-13,2019021301003482,NIB,6,14,100,517.00,"51,700.00"
2019-02-13,2019021301003460,NIB,7,45,37,516.00,"19,092.00"
2019-02-13,2019021301003464,NIBLPF,16,42,505,7.55,"3,812.75"
2019-02-13,2019021301003835,NICA,18,58,500,385.00,"192,500.00"
2019-02-13,2019021301003834,NICA,18,58,500,385.00,"192,500.00"
2019-02-13,2019021301003664,NICA,25,36,50,385.00,"19,250.00"
2019-02-13,2019021301003663,NICA,55,36,261,385.00,"100,485.00"
2019-02-13,2019021301003514,NICA,1,33,50,387.00,"19,350.00"
2019-02-13,2019021301003822,NLIC,45,21,50,"1,020.00","51,000.00"
2019-02-13,2019021301003738,NLIC,34,58,184,"1,018.00","187,312.00"
2019-02-13,2019021301003737,NLIC,16,58,50,"1,018.00","50,900.00"
2019-02-13,2019021301003736,NLIC,42,58,200,"1,019.00","203,800.00"
2019-02-13,2019021301003735,NLIC,32,58,50,"1,019.00","50,950.00"
2019-02-13,2019021301003675,NLIC,4,4,"2,000","1,020.00","2,040,000.00"
2019-02-13,2019021301003532,NLIC,19,38,7,"1,021.00","7,147.00"
2019-02-13,2019021301003531,NLIC,19,56,79,"1,021.00","80,659.00"
2019-02-13,2019021301003500,NLIC,19,8,14,"1,021.00","14,294.00"
2019-02-13,2019021301003499,NLIC,6,8,100,"1,021.00","102,100.00"
2019-02-13,2019021301003498,NLIC,17,8,286,"1,021.00","292,006.00"
2019-02-13,2019021301003636,NLIC,58,8,50,"1,020.00","51,000.00"
2019-02-13,2019021301003635,NLIC,46,8,20,"1,020.00","20,400.00"
2019-02-13,2019021301003634,NLIC,21,8,40,"1,020.00","40,800.00"
2019-02-13,2019021301003633,NLIC,57,8,100,"1,020.00","102,000.00"
2019-02-13,2019021301003632,NLIC,25,8,30,"1,021.00","30,630.00"
2019-02-13,2019021301003587,NLIC,59,45,17,"1,020.00","17,340.00"
2019-02-13,2019021301003920,NLICL,14,34,50,637.00,"31,850.00"
2019-02-13,2019021301003898,NMB,7,36,450,310.00,"139,500.00"
2019-02-13,2019021301003897,NMB,10,36,50,310.00,"15,500.00"
2019-02-13,2019021301003727,NMB,21,21,1,310.00,310.00
2019-02-13,2019021301003724,NMB,21,21,1,310.00,310.00
2019-02-13,2019021301003623,NMB,46,36,200,310.00,"62,000.00"
2019-02-13,2019021301003622,NMB,8,36,326,310.00,"101,060.00"
2019-02-13,2019021301003434,NMB,21,21,1,312.00,312.00
2019-02-13,2019021301003490,NMB,21,29,100,310.00,"31,000.00"
2019-02-13,2019021301003489,NMB,37,29,239,310.00,"74,090.00"
2019-02-13,2019021301003473,NMB,37,42,23,310.00,"7,130.00"
2019-02-13,2019021301003462,NMB,21,21,1,312.00,312.00
2019-02-13,2019021301003455,NMB,21,21,1,312.00,312.00
2019-02-13,2019021301003447,NMB,21,21,3,312.00,936.00
2019-02-13,2019021301003496,NMB,32,29,151,310.00,"46,810.00"
2019-02-13,2019021301003495,NMB,25,29,50,310.00,"15,500.00"
2019-02-13,2019021301003494,NMB,40,29,300,310.00,"93,000.00"
2019-02-13,2019021301003493,NMB,16,29,10,310.00,"3,100.00"
2019-02-13,2019021301003492,NMB,11,29,300,310.00,"93,000.00"
2019-02-13,2019021301003491,NMB,11,29,300,310.00,"93,000.00"
2019-02-13,2019021301003580,NMB,8,38,"1,674",310.00,"518,940.00"
2019-02-13,2019021301003579,NMB,34,38,75,310.00,"23,250.00"
2019-02-13,2019021301003578,NMB,47,38,100,310.00,"31,000.00"
2019-02-13,2019021301003577,NMB,49,38,300,310.00,"93,000.00"
2019-02-13,2019021301003576,NMB,47,38,200,310.00,"62,000.00"
2019-02-13,2019021301003575,NMB,32,38,49,310.00,"15,190.00"
2019-02-13,2019021301003508,NMBHF1,26,42,"2,161",8.92,"19,276.12"
2019-02-13,2019021301003507,NMBHF1,14,42,"2,000",8.92,"17,840.00"
2019-02-13,2019021301003793,PCBL,38,8,32,315.00,"10,080.00"
2019-02-13,2019021301003792,PCBL,8,38,32,314.00,"10,048.00"
2019-02-13,2019021301003560,PCBL,8,17,604,314.00,"189,656.00"
2019-02-13,2019021301003559,PCBL,56,17,20,314.00,"6,280.00"
2019-02-13,2019021301003558,PCBL,32,17,100,314.00,"31,400.00"
2019-02-13,2019021301003557,PCBL,49,17,276,314.00,"86,664.00"
2019-02-13,2019021301003539,PCBL,49,17,24,314.00,"7,536.00"
2019-02-13,2019021301003538,PCBL,8,17,176,314.00,"55,264.00"
2019-02-13,2019021301003520,PFL,32,42,26,129.00,"3,354.00"
2019-02-13,2019021301003796,PIC,57,37,54,"1,013.00","54,702.00"
2019-02-13,2019021301003640,PIC,57,45,11,"1,013.00","11,143.00"
2019-02-13,2019021301003555,PIC,35,37,200,"1,014.00","202,800.00"
2019-02-13,2019021301003901,PMHPL,10,39,10,107.00,"1,070.00"
2019-02-13,2019021301003893,PMHPL,10,20,10,107.00,"1,070.00"
2019-02-13,2019021301003845,PMHPL,10,39,10,107.00,"1,070.00"
2019-02-13,2019021301003751,PMHPL,10,20,10,107.00,"1,070.00"
2019-02-13,2019021301003686,PMHPL,10,20,10,107.00,"1,070.00"
2019-02-13,2019021301003553,PMHPL,10,44,10,107.00,"1,070.00"
2019-02-13,2019021301003544,PMHPL,10,44,10,107.00,"1,070.00"
2019-02-13,2019021301003536,PMHPL,10,44,10,107.00,"1,070.00"
2019-02-13,2019021301003533,PMHPL,10,44,10,107.00,"1,070.00"
2019-02-13,2019021301003528,PMHPL,10,44,10,107.00,"1,070.00"
2019-02-13,2019021301003527,PMHPL,10,42,10,107.00,"1,070.00"
2019-02-13,2019021301003429,PMHPL,10,25,10,107.00,"1,070.00"
2019-02-13,2019021301003840,PRIN,53,28,92,410.00,"37,720.00"
2019-02-13,2019021301003839,PRIN,56,28,200,411.00,"82,200.00"
2019-02-13,2019021301003768,PRIN,13,39,100,411.00,"41,100.00"
2019-02-13,2019021301003767,PRIN,22,39,100,411.00,"41,100.00"
2019-02-13,2019021301003668,PRIN,51,38,30,412.00,"12,360.00"
2019-02-13,2019021301003630,PRIN,51,57,250,412.00,"103,000.00"
2019-02-13,2019021301003547,PRIN,51,44,216,412.00,"88,992.00"
2019-02-13,2019021301003546,PRIN,32,44,99,412.00,"40,788.00"
2019-02-13,2019021301003545,PRIN,42,44,85,412.00,"35,020.00"
2019-02-13,2019021301003457,PRIN,42,35,15,412.00,"6,180.00"
2019-02-13,2019021301003456,PRIN,55,35,85,412.00,"35,020.00"
2019-02-13,2019021301003866,PRVU,32,45,208,232.00,"48,256.00"
2019-02-13,2019021301003776,PRVU,32,45,281,232.00,"65,192.00"
2019-02-13,2019021301003762,PRVU,1,38,400,231.00,"92,400.00"
2019-02-13,2019021301003761,PRVU,57,38,100,231.00,"23,100.00"
2019-02-13,2019021301003451,PRVU,54,1,20,233.00,"4,660.00"
2019-02-13,2019021301003450,PRVU,21,1,500,233.00,"116,500.00"
2019-02-13,2019021301003449,PRVU,29,1,217,233.00,"50,561.00"
2019-02-13,2019021301003448,PRVU,35,1,851,233.00,"198,283.00"
2019-02-13,2019021301003679,PRVU,48,17,249,233.00,"58,017.00"
2019-02-13,2019021301003638,PRVU,11,17,38,233.00,"8,854.00"
2019-02-13,2019021301003637,PRVU,11,1,412,233.00,"95,996.00"
2019-02-13,2019021301003705,PRVU,58,28,15,232.00,"3,480.00"
2019-02-13,2019021301003704,PRVU,47,28,"2,000",232.00,"464,000.00"
2019-02-13,2019021301003703,PRVU,19,28,800,232.00,"185,600.00"
2019-02-13,2019021301003702,PRVU,51,28,"1,000",232.00,"232,000.00"
2019-02-13,2019021301003701,PRVU,46,28,500,232.00,"116,000.00"
2019-02-13,2019021301003700,PRVU,17,28,400,232.00,"92,800.00"
2019-02-13,2019021301003760,PRVU,22,38,300,231.00,"69,300.00"
2019-02-13,2019021301003759,PRVU,44,38,100,231.00,"23,100.00"
2019-02-13,2019021301003709,PRVU,55,28,500,232.00,"116,000.00"
2019-02-13,2019021301003708,PRVU,37,28,500,232.00,"116,000.00"
2019-02-13,2019021301003707,PRVU,16,28,"1,000",232.00,"232,000.00"
2019-02-13,2019021301003706,PRVU,26,28,500,232.00,"116,000.00"
2019-02-13,2019021301003471,PURBL,26,58,300,153.00,"45,900.00"
2019-02-13,2019021301003919,RADHI,54,39,11,155.00,"1,705.00"
2019-02-13,2019021301003733,RADHI,21,21,1,155.00,155.00
2019-02-13,2019021301003730,RADHI,21,21,1,155.00,155.00
2019-02-13,2019021301003463,RADHI,54,45,11,155.00,"1,705.00"
2019-02-13,2019021301003646,RBCL,25,45,10,"9,282.00","92,820.00"
2019-02-13,2019021301003645,RBCL,25,35,50,"9,250.00","462,500.00"
2019-02-13,2019021301003647,RHPC,52,45,18,95.00,"1,710.00"
2019-02-13,2019021301003478,RHPC,52,45,18,95.00,"1,710.00"
2019-02-13,2019021301003844,RLFL,44,17,"1,604",115.00,"184,460.00"
2019-02-13,2019021301003688,RLFL,44,45,132,115.00,"15,180.00"
2019-02-13,2019021301003483,RLFL,44,45,132,115.00,"15,180.00"
2019-02-13,2019021301003694,RRHP,45,45,10,99.00,990.00
2019-02-13,2019021301003693,RRHP,45,20,10,99.00,990.00
2019-02-13,2019021301003614,RRHP,45,21,10,99.00,990.00
2019-02-13,2019021301003599,RRHP,45,21,10,99.00,990.00
2019-02-13,2019021301003586,RRHP,45,21,10,99.00,990.00
2019-02-13,2019021301003750,RSDC,44,44,7,370.00,"2,590.00"
2019-02-13,2019021301003501,RSDC,10,45,12,374.00,"4,488.00"
2019-02-13,2019021301003540,SAEF,57,42,"1,000",8.89,"8,890.00"
2019-02-13,2019021301003797,SANIMA,6,58,20,294.00,"5,880.00"
2019-02-13,2019021301003510,SBL,7,17,867,279.00,"241,893.00"
2019-02-13,2019021301003896,SCB,41,17,100,547.00,"54,700.00"
2019-02-13,2019021301003711,SCB,19,45,20,544.00,"10,880.00"
2019-02-13,2019021301003598,SCB,19,17,474,544.00,"257,856.00"
2019-02-13,2019021301003597,SCB,33,17,16,545.00,"8,720.00"
2019-02-13,2019021301003596,SCB,48,17,10,545.00,"5,450.00"
2019-02-13,2019021301003566,SCB,48,42,20,545.00,"10,900.00"
2019-02-13,2019021301003506,SCB,48,45,20,545.00,"10,900.00"
2019-02-13,2019021301003669,SDESI,57,57,1,605.00,605.00
2019-02-13,2019021301003442,SHL,45,17,400,203.00,"81,200.00"
2019-02-13,2019021301003441,SHL,14,17,200,203.00,"40,600.00"
2019-02-13,2019021301003440,SHL,19,17,100,203.00,"20,300.00"
2019-02-13,2019021301003439,SHL,56,17,100,203.00,"20,300.00"
2019-02-13,2019021301003438,SHL,11,17,100,203.00,"20,300.00"
2019-02-13,2019021301003437,SHL,26,17,100,204.00,"20,400.00"
2019-02-13,2019021301003436,SHL,47,17,100,205.00,"20,500.00"
2019-02-13,2019021301003884,SIC,54,43,30,"1,260.00","37,800.00"
2019-02-13,2019021301003883,SIC,52,43,100,"1,261.00","126,100.00"
2019-02-13,2019021301003882,SIC,55,43,10,"1,262.00","12,620.00"
2019-02-13,2019021301003881,SIC,10,43,10,"1,265.00","12,650.00"
2019-02-13,2019021301003928,SICL,6,29,20,871.00,"17,420.00"
2019-02-13,2019021301003927,SICL,34,29,20,871.00,"17,420.00"
2019-02-13,2019021301003519,SLBS,42,17,32,980.00,"31,360.00"
2019-02-13,2019021301003435,SLBSL,33,1,10,798.00,"7,980.00"
2019-02-13,2019021301003620,SLICL,46,4,100,512.00,"51,200.00"
2019-02-13,2019021301003619,SLICL,39,4,100,512.00,"51,200.00"
2019-02-13,2019021301003618,SLICL,39,4,100,512.00,"51,200.00"
2019-02-13,2019021301003617,SLICL,20,4,200,512.00,"102,400.00"
2019-02-13,2019021301003616,SLICL,22,4,400,513.00,"205,200.00"
2019-02-13,2019021301003615,SLICL,1,4,100,513.00,"51,300.00"
2019-02-13,2019021301003574,SLICL,1,17,20,515.00,"10,300.00"
2019-02-13,2019021301003543,SLICL,25,17,200,515.00,"103,000.00"
2019-02-13,2019021301003542,SLICL,25,17,50,515.00,"25,750.00"
2019-02-13,2019021301003541,SLICL,35,17,60,515.00,"30,900.00"
2019-02-13,2019021301003523,SLICL,35,16,40,515.00,"20,600.00"
2019-02-13,2019021301003522,SLICL,50,16,50,516.00,"25,800.00"
2019-02-13,2019021301003607,SMFDB,58,17,25,692.00,"17,300.00"
2019-02-13,2019021301003606,SMFDB,20,17,100,693.00,"69,300.00"
2019-02-13,2019021301003721,SPDL,45,45,10,88.00,880.00
2019-02-13,2019021301003594,SPDL,45,42,10,88.00,880.00
2019-02-13,2019021301003518,SPDL,45,45,10,88.00,880.00
2019-02-13,2019021301003924,SRBL,32,51,312,205.00,"63,960.00"
2019-02-13,2019021301003923,SRBL,37,51,300,205.00,"61,500.00"
2019-02-13,2019021301003922,SRBL,45,51,774,205.00,"158,670.00"
2019-02-13,2019021301003921,SRBL,46,51,58,206.00,"11,948.00"
2019-02-13,2019021301003803,SRBL,38,38,2,206.00,412.00
2019-02-13,2019021301003795,SRBL,46,58,942,206.00,"194,052.00"
2019-02-13,2019021301003794,SRBL,4,58,558,206.00,"114,948.00"
2019-02-13,2019021301003581,SRBL,4,59,38,206.00,"7,828.00"
2019-02-13,2019021301003513,SRBL,4,58,404,206.00,"83,224.00"
2019-02-13,2019021301003512,SRBL,34,58,75,206.00,"15,450.00"
2019-02-13,2019021301003511,SRBL,29,58,170,206.00,"35,020.00"
2019-02-13,2019021301003654,SWBBL,42,17,57,802.00,"45,714.00"
2019-02-13,2019021301003653,SWBBL,41,17,348,803.00,"279,444.00"
2019-02-13,2019021301003832,UIC,43,17,200,762.00,"152,400.00"
2019-02-13,2019021301003831,UIC,16,17,111,763.00,"84,693.00"
2019-02-13,2019021301003830,UIC,28,17,100,764.00,"76,400.00"
2019-02-13,2019021301003829,UIC,34,17,80,764.00,"61,120.00"
2019-02-13,2019021301003806,UIC,17,17,500,766.00,"383,000.00"
2019-02-13,2019021301003805,UIC,43,17,100,766.00,"76,600.00"
2019-02-13,2019021301003656,UIC,1,25,100,782.00,"78,200.00"
2019-02-13,2019021301003804,UIC,36,17,500,770.00,"385,000.00"
2019-02-13,2019021301003773,UIC,52,21,50,776.00,"38,800.00"
2019-02-13,2019021301003772,UIC,40,21,100,776.00,"77,600.00"
2019-02-13,2019021301003771,UIC,45,21,25,778.00,"19,450.00"
2019-02-13,2019021301003770,UIC,55,21,20,781.00,"15,620.00"
2019-02-13,2019021301003725,UIC,17,37,30,783.00,"23,490.00"
2019-02-13,2019021301003902,UMHL,59,52,50,113.00,"5,650.00"
2019-02-13,2019021301003916,UPPER,21,20,50,229.00,"11,450.00"
2019-02-13,2019021301003888,UPPER,49,38,500,230.00,"115,000.00"
2019-02-13,2019021301003887,UPPER,40,38,500,230.00,"115,000.00"
2019-02-13,2019021301003886,UPPER,19,38,50,230.00,"11,500.00"
2019-02-13,2019021301003885,UPPER,35,38,711,230.00,"163,530.00"
2019-02-13,2019021301003879,UPPER,35,39,50,230.00,"11,500.00"
2019-02-13,2019021301003432,UPPER,48,38,30,231.00,"6,930.00"
2019-02-13,2019021301003467,UPPER,40,38,50,230.00,"11,500.00"
2019-02-13,2019021301003461,UPPER,40,38,50,230.00,"11,500.00"
2019-02-13,2019021301003459,UPPER,40,38,50,230.00,"11,500.00"
2019-02-13,2019021301003454,UPPER,58,38,44,230.00,"10,120.00"
2019-02-13,2019021301003445,UPPER,58,38,50,230.00,"11,500.00"
2019-02-13,2019021301003433,UPPER,41,41,211,231.00,"48,741.00"
2019-02-13,2019021301003481,UPPER,55,38,50,230.00,"11,500.00"
2019-02-13,2019021301003476,UPPER,55,38,50,230.00,"11,500.00"
2019-02-13,2019021301003475,UPPER,55,18,270,230.00,"62,100.00"
2019-02-13,2019021301003474,UPPER,40,18,100,230.00,"23,000.00"
2019-02-13,2019021301003468,UPPER,40,38,50,230.00,"11,500.00"
2019-02-13,2019021301003516,UPPER,45,38,50,230.00,"11,500.00"
2019-02-13,2019021301003505,UPPER,45,38,20,230.00,"4,600.00"
2019-02-13,2019021301003504,UPPER,55,38,30,230.00,"6,900.00"
2019-02-13,2019021301003497,UPPER,55,38,50,230.00,"11,500.00"
2019-02-13,2019021301003486,UPPER,55,38,50,230.00,"11,500.00"
2019-02-13,2019021301003570,UPPER,19,39,97,231.00,"22,407.00"
2019-02-13,2019021301003569,UPPER,19,14,146,231.00,"33,726.00"
2019-02-13,2019021301003568,UPPER,19,38,20,231.00,"4,620.00"
2019-02-13,2019021301003602,UPPER,50,38,30,230.00,"6,900.00"
2019-02-13,2019021301003601,UPPER,45,38,10,230.00,"2,300.00"
2019-02-13,2019021301003595,UPPER,45,38,40,230.00,"9,200.00"
2019-02-13,2019021301003588,UPPER,45,38,40,230.00,"9,200.00"
2019-02-13,2019021301003585,UPPER,45,38,40,230.00,"9,200.00"
2019-02-13,2019021301003571,UPPER,19,39,137,231.00,"31,647.00"
2019-02-13,2019021301003626,UPPER,40,38,40,230.00,"9,200.00"
2019-02-13,2019021301003621,UPPER,40,38,40,230.00,"9,200.00"
2019-02-13,2019021301003613,UPPER,40,38,40,230.00,"9,200.00"
2019-02-13,2019021301003605,UPPER,40,38,40,230.00,"9,200.00"
2019-02-13,2019021301003604,UPPER,40,42,20,230.00,"4,600.00"
2019-02-13,2019021301003603,UPPER,50,42,30,230.00,"6,900.00"
2019-02-13,2019021301003670,UPPER,40,35,50,230.00,"11,500.00"
2019-02-13,2019021301003639,UPPER,40,38,40,230.00,"9,200.00"
2019-02-13,2019021301003631,UPPER,49,39,50,231.00,"11,550.00"
2019-02-13,2019021301003629,UPPER,40,38,40,230.00,"9,200.00"
2019-02-13,2019021301003699,UPPER,40,45,50,230.00,"11,500.00"
2019-02-13,2019021301003697,UPPER,40,21,40,230.00,"9,200.00"
2019-02-13,2019021301003692,UPPER,40,3,40,230.00,"9,200.00"
2019-02-13,2019021301003687,UPPER,40,46,50,230.00,"11,500.00"
2019-02-13,2019021301003731,UPPER,40,47,53,230.00,"12,190.00"
2019-02-13,2019021301003723,UPPER,40,45,50,230.00,"11,500.00"
2019-02-13,2019021301003717,UPPER,40,47,53,230.00,"12,190.00"
2019-02-13,2019021301003714,UPPER,40,20,50,230.00,"11,500.00"
2019-02-13,2019021301003713,UPPER,40,21,300,230.00,"69,000.00"
2019-02-13,2019021301003743,UPPER,41,58,"1,000",230.00,"230,000.00"
2019-02-13,2019021301003742,UPPER,41,58,350,230.00,"80,500.00"
2019-02-13,2019021301003741,UPPER,55,58,195,230.00,"44,850.00"
2019-02-13,2019021301003740,UPPER,17,58,100,230.00,"23,000.00"
2019-02-13,2019021301003739,UPPER,40,58,211,230.00,"48,530.00"
2019-02-13,2019021301003734,UPPER,40,45,293,230.00,"67,390.00"
2019-02-13,2019021301003754,UPPER,22,13,66,230.00,"15,180.00"
2019-02-13,2019021301003748,UPPER,22,58,34,230.00,"7,820.00"
2019-02-13,2019021301003747,UPPER,11,58,50,230.00,"11,500.00"
2019-02-13,2019021301003746,UPPER,6,58,10,230.00,"2,300.00"
2019-02-13,2019021301003745,UPPER,43,58,500,230.00,"115,000.00"
2019-02-13,2019021301003744,UPPER,17,58,100,230.00,"23,000.00"
2019-02-13,2019021301003775,UPPER,35,26,40,230.00,"9,200.00"
2019-02-13,2019021301003764,UPPER,35,58,485,230.00,"111,550.00"
2019-02-13,2019021301003763,UPPER,37,58,515,230.00,"118,450.00"
2019-02-13,2019021301003758,UPPER,35,20,50,230.00,"11,500.00"
2019-02-13,2019021301003755,UPPER,35,13,234,230.00,"53,820.00"
2019-02-13,2019021301003836,UPPER,35,45,40,230.00,"9,200.00"
2019-02-13,2019021301003833,UPPER,35,39,40,230.00,"9,200.00"
2019-02-13,2019021301003828,UPPER,35,20,40,230.00,"9,200.00"
2019-02-13,2019021301003824,UPPER,35,39,40,230.00,"9,200.00"
2019-02-13,2019021301003802,UPPER,35,20,50,230.00,"11,500.00"
2019-02-13,2019021301003873,UPPER,35,45,40,230.00,"9,200.00"
2019-02-13,2019021301003867,UPPER,35,45,40,230.00,"9,200.00"
2019-02-13,2019021301003864,UPPER,35,39,50,230.00,"11,500.00"
2019-02-13,2019021301003863,UPPER,35,6,40,230.00,"9,200.00"
2019-02-13,2019021301003856,UPPER,35,45,50,230.00,"11,500.00"
2019-02-13,2019021301003757,VLBS,42,52,12,690.00,"8,280.00"
2019-02-13,2019021301003666,WOMI,13,21,20,"1,125.00","22,500.00"
2019-02-13,2019021301003665,WOMI,13,40,40,"1,120.00","44,800.00"
2019-02-13,2019021301003524,WOMI,43,40,20,"1,120.00","22,400.00"
2019-02-13,2019021301003362,ADBL,26,6,200,331.00,"66,200.00"
2019-02-13,2019021301003361,ADBL,39,6,71,331.00,"23,501.00"
2019-02-13,2019021301003075,ADBL,39,58,"2,500",331.00,"827,500.00"
2019-02-13,2019021301003367,AHPC,19,38,78,99.00,"7,722.00"
2019-02-13,2019021301003366,AHPC,37,38,100,99.00,"9,900.00"
2019-02-13,2019021301003365,AHPC,37,38,100,99.00,"9,900.00"
2019-02-13,2019021301003364,AHPC,21,38,222,99.00,"21,978.00"
2019-02-13,2019021301003256,AHPC,21,39,161,99.00,"15,939.00"
2019-02-13,2019021301003373,AKJCL,29,42,20,80.00,"1,600.00"
2019-02-13,2019021301003370,AKPL,19,45,13,169.00,"2,197.00"
2019-02-13,2019021301003155,AKPL,19,45,13,168.00,"2,184.00"
2019-02-13,2019021301003069,AKPL,44,44,3,166.00,498.00
2019-02-13,2019021301003360,ALICL,50,13,31,584.00,"18,104.00"
2019-02-13,2019021301003359,ALICL,50,13,200,584.00,"116,800.00"
2019-02-13,2019021301003283,ALICL,58,25,88,585.00,"51,480.00"
2019-02-13,2019021301003180,ALICL,45,45,19,586.00,"11,134.00"
2019-02-13,2019021301003357,API,49,58,290,131.00,"37,990.00"
2019-02-13,2019021301003356,API,59,58,300,131.00,"39,300.00"
2019-02-13,2019021301003355,API,59,58,100,131.00,"13,100.00"
2019-02-13,2019021301003354,API,44,58,150,131.00,"19,650.00"
2019-02-13,2019021301003353,API,48,58,50,131.00,"6,550.00"
2019-02-13,2019021301003352,API,35,58,76,131.00,"9,956.00"
2019-02-13,2019021301003229,API,19,32,50,133.00,"6,650.00"
2019-02-13,2019021301003351,API,38,58,200,131.00,"26,200.00"
2019-02-13,2019021301003350,API,14,58,70,131.00,"9,170.00"
2019-02-13,2019021301003349,API,33,58,212,131.00,"27,772.00"
2019-02-13,2019021301003348,API,45,58,53,132.00,"6,996.00"
2019-02-13,2019021301003347,API,45,3,18,132.00,"2,376.00"
2019-02-13,2019021301003372,BARUN,56,45,10,97.00,970.00
2019-02-13,2019021301003225,BARUN,56,45,10,97.00,970.00
2019-02-13,2019021301003033,BARUN,58,19,10,98.00,980.00
2019-02-13,2019021301002984,BHBL,1,4,980,140.00,"137,200.00"
2019-02-13,2019021301002983,BHBL,1,4,20,140.00,"2,800.00"
2019-02-13,2019021301003220,BOKL,6,43,65,235.00,"15,275.00"
2019-02-13,2019021301003397,BPCL,16,42,10,351.00,"3,510.00"
2019-02-13,2019021301003153,CBBL,55,34,100,878.00,"87,800.00"
2019-02-13,2019021301003106,CBBL,1,34,100,878.00,"87,800.00"
2019-02-13,2019021301003102,CBL,48,44,220,153.00,"33,660.00"
2019-02-13,2019021301003101,CBL,29,44,80,153.00,"12,240.00"
2019-02-13,2019021301003417,CCBL,36,57,900,161.00,"144,900.00"
2019-02-13,2019021301003227,CCBL,36,45,30,161.00,"4,830.00"
2019-02-13,2019021301003130,CCBL,10,1,898,160.00,"143,680.00"
2019-02-13,2019021301003270,CHL,58,19,10,101.00,"1,010.00"
2019-02-13,2019021301003424,CIT,28,1,50,"2,610.00","130,500.00"
2019-02-13,2019021301003423,CIT,25,1,20,"2,610.00","52,200.00"
2019-02-13,2019021301003264,CIT,57,17,100,"2,611.00","261,100.00"
2019-02-13,2019021301003263,CIT,32,17,40,"2,612.00","104,480.00"
2019-02-13,2019021301003251,CIT,32,17,10,"2,612.00","26,120.00"
2019-02-13,2019021301003250,CIT,50,17,20,"2,613.00","52,260.00"
2019-02-13,2019021301003249,CIT,32,17,10,"2,613.00","26,130.00"
2019-02-13,2019021301003248,CIT,1,17,20,"2,614.00","52,280.00"
2019-02-13,2019021301003247,CIT,50,17,10,"2,614.00","26,140.00"
2019-02-13,2019021301003246,CIT,58,17,20,"2,615.00","52,300.00"
2019-02-13,2019021301003245,CIT,7,17,10,"2,616.00","26,160.00"
2019-02-13,2019021301003209,CORBL,25,48,10,97.00,970.00
2019-02-13,2019021301003059,CORBL,25,11,10,96.00,960.00
2019-02-13,2019021301003400,DBBL,3,6,17,124.00,"2,108.00"
2019-02-13,2019021301003399,DBBL,3,40,18,124.00,"2,232.00"
2019-02-13,2019021301003392,DBBL,1,3,35,123.00,"4,305.00"
2019-02-13,2019021301003230,DBBL,1,45,18,123.00,"2,214.00"
2019-02-13,2019021301003261,EBL,26,43,119,512.00,"60,928.00"
2019-02-13,2019021301003050,EBL,16,43,150,512.00,"76,800.00"
2019-02-13,2019021301003428,FOWAD,36,17,15,"1,535.00","23,025.00"
2019-02-13,2019021301003418,GBIME,8,36,500,261.00,"130,500.00"
2019-02-13,2019021301003393,GBIME,43,58,50,262.00,"13,100.00"
2019-02-13,2019021301003333,GBIME,35,11,100,262.00,"26,200.00"
2019-02-13,2019021301003332,GBIME,35,17,300,262.00,"78,600.00"
2019-02-13,2019021301003330,GBIME,44,44,9,261.00,"2,349.00"
2019-02-13,2019021301003137,GBIME,49,17,100,262.00,"26,200.00"
2019-02-13,2019021301003111,GBIME,8,45,12,261.00,"3,132.00"
2019-02-13,2019021301002998,GBIME,8,14,49,261.00,"12,789.00"
2019-02-13,2019021301003398,GBLBS,32,45,10,427.00,"4,270.00"
2019-02-13,2019021301003185,GILB,45,42,19,"1,124.00","21,356.00"
2019-02-13,2019021301002982,GLICL,32,21,170,676.00,"114,920.00"
2019-02-13,2019021301002981,GLICL,1,21,20,676.00,"13,520.00"
2019-02-13,2019021301003202,GMFIL,43,45,19,128.00,"2,432.00"
2019-02-13,2019021301003201,GMFIL,43,38,11,127.00,"1,397.00"
2019-02-13,2019021301003421,GRDBL,3,3,10,104.00,"1,040.00"
2019-02-13,2019021301003057,GRDBL,43,19,10,103.00,"1,030.00"
2019-02-13,2019021301003109,GUFL,28,28,"16,206",103.00,"1,669,218.00"
2019-02-13,2019021301002952,GUFL,34,25,99,103.00,"10,197.00"
2019-02-13,2019021301003363,HBL,28,6,26,430.00,"11,180.00"
2019-02-13,2019021301003411,HIDCL,40,45,37,134.00,"4,958.00"
2019-02-13,2019021301003407,HIDCL,40,45,56,134.00,"7,504.00"
2019-02-13,2019021301003237,HIDCL,40,45,50,135.00,"6,750.00"
2019-02-13,2019021301003236,HIDCL,41,45,188,135.00,"25,380.00"
2019-02-13,2019021301003419,HPPL,22,42,20,174.00,"3,480.00"
2019-02-13,2019021301003342,JBNL,34,4,708,165.00,"116,820.00"
2019-02-13,2019021301003290,JBNL,13,4,292,165.00,"48,180.00"
2019-02-13,2019021301003289,JBNL,13,4,308,165.00,"50,820.00"
2019-02-13,2019021301003070,JBNL,33,4,350,165.00,"57,750.00"
2019-02-13,2019021301003029,JBNL,14,4,200,165.00,"33,000.00"
2019-02-13,2019021301002949,JBNL,1,4,42,165.00,"6,930.00"
2019-02-13,2019021301003019,JEFL,4,17,20,139.00,"2,780.00"
2019-02-13,2019021301003301,JSLBB,38,58,50,"2,452.00","122,600.00"
2019-02-13,2019021301003300,JSLBB,49,58,10,"2,452.00","24,520.00"
2019-02-13,2019021301003053,KBL,32,50,100,236.00,"23,600.00"
2019-02-13,2019021301003052,KBL,11,50,290,236.00,"68,440.00"
2019-02-13,2019021301003426,KPCL,39,42,10,93.00,930.00
2019-02-13,2019021301003055,KPCL,39,33,10,93.00,930.00
2019-02-13,2019021301003093,LBL,29,22,300,194.00,"58,200.00"
2019-02-13,2019021301003032,LLBS,22,42,24,768.00,"18,432.00"
2019-02-13,2019021301002940,MBL,8,39,"1,844",208.00,"383,552.00"
2019-02-13,2019021301002939,MBL,47,39,156,208.00,"32,448.00"
2019-02-13,2019021301003215,MEGA,26,17,500,162.00,"81,000.00"
2019-02-13,2019021301003072,MEGA,37,14,85,161.00,"13,685.00"
2019-02-13,2019021301002992,MEGA,49,14,"1,317",161.00,"212,037.00"
2019-02-13,2019021301002988,MEGA,49,49,683,161.00,"109,963.00"
2019-02-13,2019021301002950,MEGA,39,42,56,160.00,"8,960.00"
2019-02-13,2019021301003160,MERO,39,1,67,600.00,"40,200.00"
2019-02-13,2019021301003159,MERO,37,1,35,600.00,"21,000.00"
2019-02-13,2019021301003158,MERO,58,1,168,600.00,"100,800.00"
2019-02-13,2019021301003157,MERO,6,1,30,601.00,"18,030.00"
2019-02-13,2019021301003023,MLBL,32,4,40,165.00,"6,600.00"
2019-02-13,2019021301003368,MNBBL,14,25,101,338.00,"34,138.00"
2019-02-13,2019021301003336,NABIL,38,1,100,823.00,"82,300.00"
2019-02-13,2019021301003274,NABIL,38,5,100,823.00,"82,300.00"
2019-02-13,2019021301003128,NABIL,38,25,338,823.00,"278,174.00"
2019-02-13,2019021301003048,NABIL,32,32,68,822.00,"55,896.00"
2019-02-13,2019021301002976,NABIL,28,32,50,822.00,"41,100.00"
2019-02-13,2019021301002947,NABIL,14,32,20,820.00,"16,400.00"
2019-02-13,2019021301002946,NABIL,36,32,100,820.00,"82,000.00"
2019-02-13,2019021301002945,NABIL,58,32,24,820.00,"19,680.00"
2019-02-13,2019021301003296,NADEP,53,20,10,763.00,"7,630.00"
2019-02-13,2019021301003268,NADEP,53,20,10,763.00,"7,630.00"
2019-02-13,2019021301003183,NADEP,53,1,10,763.00,"7,630.00"
2019-02-13,2019021301003179,NADEP,53,1,10,763.00,"7,630.00"
2019-02-13,2019021301002973,NADEP,53,42,10,763.00,"7,630.00"
2019-02-13,2019021301003346,NBB,26,37,500,183.00,"91,500.00"
2019-02-13,2019021301003345,NBB,43,37,500,183.00,"91,500.00"
2019-02-13,2019021301003206,NBL,10,6,334,286.00,"95,524.00"
2019-02-13,2019021301003143,NBL,10,21,216,286.00,"61,776.00"
2019-02-13,2019021301003142,NBL,47,21,784,286.00,"224,224.00"
