Date,Transact. No.,Symbol,Buyer,Seller,Quantity,Rate,Amount
2019-09-18,2019091801007839,ADBL,4,45,100,423.00,"42,300.00"
2019-09-18,2019091801007805,ADBL,4,45,100,423.00,"42,300.00"
2019-09-18,2019091801007772,ADBL,51,45,300,423.00,"126,900.00"
2019-09-18,2019091801007747,ADBL,4,45,100,423.00,"42,300.00"
2019-09-18,2019091801007719,ADBL,4,45,100,423.00,"42,300.00"
2019-09-18,2019091801007683,ADBL,4,45,100,423.00,"42,300.00"
2019-09-18,2019091801007662,ADBL,4,45,100,423.00,"42,300.00"
2019-09-18,2019091801007641,ADBL,4,45,100,423.00,"42,300.00"
2019-09-18,2019091801007627,ADBL,4,45,100,423.00,"42,300.00"
2019-09-18,2019091801007607,ADBL,4,45,100,423.00,"42,300.00"
2019-09-18,2019091801007568,ADBL,11,45,700,423.00,"296,100.00"
2019-09-18,2019091801007820,AHPC,51,26,100,102.00,"10,200.00"
2019-09-18,2019091801007734,AHPC,51,22,500,101.00,"50,500.00"
2019-09-18,2019091801007733,AHPC,51,38,50,101.00,"5,050.00"
2019-09-18,2019091801007732,AHPC,51,7,413,101.00,"41,713.00"
2019-09-18,2019091801007690,AHPC,51,43,785,100.00,"78,500.00"
2019-09-18,2019091801007740,AKBSL,51,48,10,430.00,"4,300.00"
2019-09-18,2019091801007393,AKBSL,51,38,10,430.00,"4,300.00"
2019-09-18,2019091801007439,AKPL,26,57,100,141.00,"14,100.00"
2019-09-18,2019091801007750,ALBSL,55,38,10,435.00,"4,350.00"
2019-09-18,2019091801007633,ALBSL,55,41,10,435.00,"4,350.00"
2019-09-18,2019091801007606,ALBSL,1,38,10,432.00,"4,320.00"
2019-09-18,2019091801007419,ALBSL,37,38,10,435.00,"4,350.00"
2019-09-18,2019091801007681,ALICL,33,47,10,334.00,"3,340.00"
2019-09-18,2019091801007680,ALICL,33,36,50,333.00,"16,650.00"
2019-09-18,2019091801007592,ALICL,19,55,65,328.00,"21,320.00"
2019-09-18,2019091801007555,ALICL,39,55,135,328.00,"44,280.00"
2019-09-18,2019091801007554,ALICL,39,41,65,328.00,"21,320.00"
2019-09-18,2019091801007411,ALICL,58,41,20,330.00,"6,600.00"
2019-09-18,2019091801007527,API,25,53,100,121.00,"12,100.00"
2019-09-18,2019091801007524,API,25,53,67,121.00,"8,107.00"
2019-09-18,2019091801007523,API,25,14,100,121.00,"12,100.00"
2019-09-18,2019091801007522,API,25,52,100,121.00,"12,100.00"
2019-09-18,2019091801007496,API,21,56,"2,000",119.00,"238,000.00"
2019-09-18,2019091801007444,API,20,41,200,120.00,"24,000.00"
2019-09-18,2019091801007443,API,20,39,100,120.00,"12,000.00"
2019-09-18,2019091801007442,API,20,25,200,120.00,"24,000.00"
2019-09-18,2019091801007655,BOKL,58,17,500,258.00,"129,000.00"
2019-09-18,2019091801007654,BOKL,58,46,100,258.00,"25,800.00"
2019-09-18,2019091801007653,BOKL,58,41,435,258.00,"112,230.00"
2019-09-18,2019091801007594,BOKL,45,41,565,258.00,"145,770.00"
2019-09-18,2019091801007593,BOKL,45,5,135,258.00,"34,830.00"
2019-09-18,2019091801007579,BOKL,7,5,53,258.00,"13,674.00"
2019-09-18,2019091801007578,BOKL,7,5,147,258.00,"37,926.00"
2019-09-18,2019091801007784,BPCL,43,43,20,375.00,"7,500.00"
2019-09-18,2019091801007639,BPCL,22,42,320,373.00,"119,360.00"
2019-09-18,2019091801007418,BPCL,7,42,10,373.00,"3,730.00"
2019-09-18,2019091801007774,CBL,59,14,409,148.00,"60,532.00"
2019-09-18,2019091801007773,CBL,59,56,582,148.00,"86,136.00"
2019-09-18,2019091801007649,CBL,44,52,500,147.00,"73,500.00"
2019-09-18,2019091801007588,CBL,59,56,418,148.00,"61,864.00"
2019-09-18,2019091801007587,CBL,59,49,82,148.00,"12,136.00"
2019-09-18,2019091801007577,CBL,58,49,"1,000",148.00,"148,000.00"
2019-09-18,2019091801007525,CBL,18,49,500,148.00,"74,000.00"
2019-09-18,2019091801007877,CCBL,25,40,10,160.00,"1,600.00"
2019-09-18,2019091801007664,CCBL,33,52,500,159.00,"79,500.00"
2019-09-18,2019091801007663,CCBL,33,44,630,159.00,"100,170.00"
2019-09-18,2019091801007796,CFCL,55,25,10,114.00,"1,140.00"
2019-09-18,2019091801007745,CFCL,55,59,15,113.00,"1,695.00"
2019-09-18,2019091801007806,CIT,52,52,10,"1,894.00","18,940.00"
2019-09-18,2019091801007657,CIT,26,49,90,"1,890.00","170,100.00"
2019-09-18,2019091801007628,CIT,26,40,90,"1,890.00","170,100.00"
2019-09-18,2019091801007604,CIT,26,16,100,"1,890.00","189,000.00"
2019-09-18,2019091801007603,CIT,26,21,100,"1,889.00","188,900.00"
2019-09-18,2019091801007602,CIT,26,11,20,"1,885.00","37,700.00"
2019-09-18,2019091801007389,CIT,21,40,10,"1,894.00","18,940.00"
2019-09-18,2019091801007550,CLBSL,58,7,100,518.00,"51,800.00"
2019-09-18,2019091801007549,CLBSL,58,11,50,518.00,"25,900.00"
2019-09-18,2019091801007548,CLBSL,58,6,100,510.00,"51,000.00"
2019-09-18,2019091801007612,CZBIL,55,1,500,202.00,"101,000.00"
2019-09-18,2019091801007552,CZBIL,14,18,380,201.00,"76,380.00"
2019-09-18,2019091801007720,DBBL,25,10,"1,000",131.00,"131,000.00"
2019-09-18,2019091801007630,DBBL,7,38,873,130.00,"113,490.00"
2019-09-18,2019091801007539,DBBL,58,38,100,130.00,"13,000.00"
2019-09-18,2019091801007413,DBBL,32,38,27,130.00,"3,510.00"
2019-09-18,2019091801007412,DBBL,32,49,73,130.00,"9,490.00"
2019-09-18,2019091801007736,DHPL,57,34,20,57.00,"1,140.00"
2019-09-18,2019091801007671,EBL,54,48,10,587.00,"5,870.00"
2019-09-18,2019091801007670,EBL,54,57,40,587.00,"23,480.00"
2019-09-18,2019091801007586,EBL,20,57,340,587.00,"199,580.00"
2019-09-18,2019091801007585,EBL,20,18,160,586.00,"93,760.00"
2019-09-18,2019091801007445,EBL,6,57,20,587.00,"11,740.00"
2019-09-18,2019091801007647,EIC,17,17,"1,000",269.00,"269,000.00"
2019-09-18,2019091801007533,EIC,38,39,200,270.00,"54,000.00"
2019-09-18,2019091801007848,FMDBL,49,36,10,386.00,"3,860.00"
2019-09-18,2019091801007824,FMDBL,34,49,50,384.00,"19,200.00"
2019-09-18,2019091801007823,FMDBL,58,49,100,384.00,"38,400.00"
2019-09-18,2019091801007807,FMDBL,51,36,500,386.00,"193,000.00"
2019-09-18,2019091801007764,FMDBL,51,36,433,386.00,"167,138.00"
2019-09-18,2019091801007763,FMDBL,51,6,67,385.00,"25,795.00"
2019-09-18,2019091801007391,FMDBL,53,36,200,386.00,"77,200.00"
2019-09-18,2019091801007770,GBBL,22,19,100,215.00,"21,500.00"
2019-09-18,2019091801007818,GBLBS,51,42,100,336.00,"33,600.00"
2019-09-18,2019091801007685,GBLBS,34,58,10,340.00,"3,400.00"
2019-09-18,2019091801007684,GBLBS,34,5,500,337.00,"168,500.00"
2019-09-18,2019091801007642,GBLBS,34,5,500,337.00,"168,500.00"
2019-09-18,2019091801007636,GBLBS,32,51,270,341.00,"92,070.00"
2019-09-18,2019091801007635,GBLBS,32,40,230,341.00,"78,430.00"
2019-09-18,2019091801007631,GBLBS,34,59,500,337.00,"168,500.00"
2019-09-18,2019091801007560,GBLBS,4,49,975,339.00,"330,525.00"
2019-09-18,2019091801007501,GBLBS,4,6,15,339.00,"5,085.00"
2019-09-18,2019091801007494,GBLBS,7,53,77,340.00,"26,180.00"
2019-09-18,2019091801007493,GBLBS,7,1,49,340.00,"16,660.00"
2019-09-18,2019091801007430,GBLBS,7,53,23,340.00,"7,820.00"
2019-09-18,2019091801007667,GFCL,8,28,200,137.00,"27,400.00"
2019-09-18,2019091801007601,GFCL,45,28,47,137.00,"6,439.00"
2019-09-18,2019091801007618,GLBSL,34,32,10,496.00,"4,960.00"
2019-09-18,2019091801007489,GLBSL,34,41,100,487.00,"48,700.00"
2019-09-18,2019091801007488,GLBSL,34,58,20,487.00,"9,740.00"
2019-09-18,2019091801007487,GLBSL,34,34,10,486.00,"4,860.00"
2019-09-18,2019091801007486,GLBSL,34,32,10,485.00,"4,850.00"
2019-09-18,2019091801007485,GLBSL,34,38,10,485.00,"4,850.00"
2019-09-18,2019091801007658,GLICL,16,26,150,384.00,"57,600.00"
2019-09-18,2019091801007515,GMFIL,14,33,16,117.00,"1,872.00"
2019-09-18,2019091801007718,HGI,49,10,50,287.00,"14,350.00"
2019-09-18,2019091801007425,HGI,39,29,735,291.00,"213,885.00"
2019-09-18,2019091801007424,HGI,39,51,100,291.00,"29,100.00"
2019-09-18,2019091801007423,HGI,39,6,100,290.00,"29,000.00"
2019-09-18,2019091801007422,HGI,39,21,15,290.00,"4,350.00"
2019-09-18,2019091801007421,HGI,39,37,50,290.00,"14,500.00"
2019-09-18,2019091801007540,HPPL,52,6,10,136.00,"1,360.00"
2019-09-18,2019091801007749,ILBS,11,37,10,456.00,"4,560.00"
2019-09-18,2019091801007748,ILBS,11,37,10,456.00,"4,560.00"
2019-09-18,2019091801007563,ILBS,6,37,10,456.00,"4,560.00"
2019-09-18,2019091801007468,ILBS,38,22,10,456.00,"4,560.00"
2019-09-18,2019091801007800,JBBL,49,58,10,160.00,"1,600.00"
2019-09-18,2019091801007783,JBBL,42,46,"1,490",158.00,"235,420.00"
2019-09-18,2019091801007479,JBBL,26,44,"1,554",159.00,"247,086.00"
2019-09-18,2019091801007543,JFL,20,32,10,197.00,"1,970.00"
2019-09-18,2019091801007428,JOSHI,41,41,20,62.00,"1,240.00"
2019-09-18,2019091801007875,KBL,48,51,50,185.00,"9,250.00"
2019-09-18,2019091801007874,KBL,48,38,"1,000",184.00,"184,000.00"
2019-09-18,2019091801007753,KBL,59,38,"1,000",184.00,"184,000.00"
2019-09-18,2019091801007713,KBL,16,29,500,183.00,"91,500.00"
2019-09-18,2019091801007429,KBL,26,38,500,184.00,"92,000.00"
2019-09-18,2019091801007769,KPCL,22,38,10,79.00,790.00
2019-09-18,2019091801007502,KPCL,22,38,10,79.00,790.00
2019-09-18,2019091801007427,KPCL,22,38,10,79.00,790.00
2019-09-18,2019091801007620,KPCL,22,38,10,79.00,790.00
2019-09-18,2019091801007583,KPCL,22,38,10,79.00,790.00
2019-09-18,2019091801007837,KRBL,37,7,234,105.00,"24,570.00"
2019-09-18,2019091801007576,KRBL,57,6,180,103.00,"18,540.00"
2019-09-18,2019091801007575,KRBL,57,6,100,104.00,"10,400.00"
2019-09-18,2019091801007819,KSBBL,32,13,10,145.00,"1,450.00"
2019-09-18,2019091801007634,KSBBL,34,52,200,144.00,"28,800.00"
2019-09-18,2019091801007562,KSBBL,50,32,316,143.00,"45,188.00"
2019-09-18,2019091801007561,KSBBL,50,44,"1,060",143.00,"151,580.00"
2019-09-18,2019091801007768,LBBL,33,34,10,176.00,"1,760.00"
2019-09-18,2019091801007738,LBBL,48,35,100,175.00,"17,500.00"
2019-09-18,2019091801007379,LBBL,48,47,100,175.00,"17,500.00"
2019-09-18,2019091801007855,LBL,34,38,10,219.00,"2,190.00"
2019-09-18,2019091801007808,LBL,46,38,554,219.00,"121,326.00"
2019-09-18,2019091801007590,LBL,29,38,100,219.00,"21,900.00"
2019-09-18,2019091801007559,LBL,34,38,200,219.00,"43,800.00"
2019-09-18,2019091801007404,LBL,22,38,98,219.00,"21,462.00"
2019-09-18,2019091801007403,LBL,22,34,200,219.00,"43,800.00"
2019-09-18,2019091801007402,LBL,22,32,702,219.00,"153,738.00"
2019-09-18,2019091801007737,LLBS,18,44,10,690.00,"6,900.00"
2019-09-18,2019091801007860,MBL,54,6,235,252.00,"59,220.00"
2019-09-18,2019091801007689,MBL,56,6,100,253.00,"25,300.00"
2019-09-18,2019091801007656,MBL,49,6,180,253.00,"45,540.00"
2019-09-18,2019091801007804,MEGA,43,46,10,201.00,"2,010.00"
2019-09-18,2019091801007688,MEGA,13,36,100,200.00,"20,000.00"
2019-09-18,2019091801007682,MEGA,13,45,200,200.00,"40,000.00"
2019-09-18,2019091801007865,MERO,39,49,100,562.00,"56,200.00"
2019-09-18,2019091801007669,MERO,46,6,200,565.00,"113,000.00"
2019-09-18,2019091801007611,MHNL,59,40,110,87.00,"9,570.00"
2019-09-18,2019091801007610,MHNL,59,39,10,87.00,870.00
2019-09-18,2019091801007581,MHNL,36,59,100,86.00,"8,600.00"
2019-09-18,2019091801007580,MHNL,59,59,100,86.00,"8,600.00"
2019-09-18,2019091801007766,MLBL,28,25,250,213.00,"53,250.00"
2019-09-18,2019091801007765,MLBL,59,25,250,213.00,"53,250.00"
2019-09-18,2019091801007729,MLBL,33,25,10,214.00,"2,140.00"
2019-09-18,2019091801007712,MLBL,36,25,100,214.00,"21,400.00"
2019-09-18,2019091801007591,MLBL,59,33,250,213.00,"53,250.00"
2019-09-18,2019091801007858,MNBBL,44,34,50,312.00,"15,600.00"
2019-09-18,2019091801007831,MSLB,39,51,10,941.00,"9,410.00"
2019-09-18,2019091801007730,MSLB,39,25,24,939.00,"22,536.00"
2019-09-18,2019091801007695,MSLB,39,47,24,933.00,"22,392.00"
2019-09-18,2019091801007378,MSLB,14,17,10,930.00,"9,300.00"
2019-09-18,2019091801007589,MSMBS,32,45,10,489.00,"4,890.00"
2019-09-18,2019091801007859,NABIL,19,46,351,775.00,"272,025.00"
2019-09-18,2019091801007782,NABIL,36,46,31,775.00,"24,025.00"
2019-09-18,2019091801007553,NABIL,5,13,120,774.00,"92,880.00"
2019-09-18,2019091801007516,NABIL,22,46,10,775.00,"7,750.00"
2019-09-18,2019091801007440,NABIL,22,46,50,775.00,"38,750.00"
2019-09-18,2019091801007801,NAGRO,34,57,10,769.00,"7,690.00"
2019-09-18,2019091801007871,NBL,33,38,20,324.00,"6,480.00"
2019-09-18,2019091801007703,NBL,44,38,20,324.00,"6,480.00"
2019-09-18,2019091801007666,NBL,6,38,300,324.00,"97,200.00"
2019-09-18,2019091801007449,NBL,6,33,200,323.00,"64,600.00"
2019-09-18,2019091801007708,NCCB,39,55,300,202.00,"60,600.00"
2019-09-18,2019091801007707,NCCB,39,41,200,202.00,"40,400.00"
2019-09-18,2019091801007706,NCCB,39,36,100,202.00,"20,200.00"
2019-09-18,2019091801007705,NCCB,39,46,200,202.00,"40,400.00"
2019-09-18,2019091801007704,NCCB,39,37,200,202.00,"40,400.00"
2019-09-18,2019091801007787,NIB,6,11,30,449.00,"13,470.00"
2019-09-18,2019091801007786,NIB,6,38,40,449.00,"17,960.00"
2019-09-18,2019091801007481,NIB,28,33,18,447.00,"8,046.00"
2019-09-18,2019091801007480,NIB,28,33,18,447.00,"8,046.00"
2019-09-18,2019091801007544,NIBPO,6,11,680,420.00,"285,600.00"
2019-09-18,2019091801007872,NICA,44,28,19,395.00,"7,505.00"
2019-09-18,2019091801007757,NICA,44,13,700,394.00,"275,800.00"
2019-09-18,2019091801007756,NICA,44,38,200,394.00,"78,800.00"
2019-09-18,2019091801007755,NICA,44,49,37,394.00,"14,578.00"
2019-09-18,2019091801007754,NICA,44,44,220,393.00,"86,460.00"
2019-09-18,2019091801007725,NICA,8,44,80,393.00,"31,440.00"
2019-09-18,2019091801007675,NICA,42,44,50,393.00,"19,650.00"
2019-09-18,2019091801007608,NICA,8,8,10,391.00,"3,910.00"
2019-09-18,2019091801007584,NICA,8,8,10,391.00,"3,910.00"
2019-09-18,2019091801007432,NICA,11,49,50,394.00,"19,700.00"
2019-09-18,2019091801007821,NICL,56,52,10,291.00,"2,910.00"
2019-09-18,2019091801007781,NICL,49,56,10,290.00,"2,900.00"
2019-09-18,2019091801007724,NICL,29,56,350,285.00,"99,750.00"
2019-09-18,2019091801007692,NICL,39,56,50,286.00,"14,300.00"
2019-09-18,2019091801007691,NICL,34,56,100,287.00,"28,700.00"
2019-09-18,2019091801007454,NICL,43,52,10,291.00,"2,910.00"
2019-09-18,2019091801007382,NICL,34,36,400,287.00,"114,800.00"
2019-09-18,2019091801007381,NICL,45,36,300,288.00,"86,400.00"
2019-09-18,2019091801007844,NIL,17,29,"1,000",379.00,"379,000.00"
2019-09-18,2019091801007843,NIL,47,29,100,381.00,"38,100.00"
2019-09-18,2019091801007842,NIL,14,29,100,385.00,"38,500.00"
2019-09-18,2019091801007709,NIL,14,41,100,385.00,"38,500.00"
2019-09-18,2019091801007565,NLBBL,44,18,10,519.00,"5,190.00"
2019-09-18,2019091801007711,NLG,49,45,80,596.00,"47,680.00"
2019-09-18,2019091801007710,NLG,49,52,50,596.00,"29,800.00"
2019-09-18,2019091801007833,NLIC,45,49,441,775.00,"341,775.00"
2019-09-18,2019091801007832,NLIC,45,49,400,776.00,"310,400.00"
2019-09-18,2019091801007762,NLIC,45,38,100,776.00,"77,600.00"
2019-09-18,2019091801007475,NLIC,7,4,96,780.00,"74,880.00"
2019-09-18,2019091801007474,NLIC,54,4,13,780.00,"10,140.00"
2019-09-18,2019091801007473,NLIC,22,4,63,780.00,"49,140.00"
2019-09-18,2019091801007472,NLIC,45,4,150,781.00,"117,150.00"
2019-09-18,2019091801007471,NLIC,45,4,100,782.00,"78,200.00"
2019-09-18,2019091801007470,NLIC,41,4,78,783.00,"61,074.00"
2019-09-18,2019091801007392,NLIC,41,37,22,783.00,"17,226.00"
2019-09-18,2019091801007835,NLICL,26,50,140,496.00,"69,440.00"
2019-09-18,2019091801007678,NLICL,26,59,100,496.00,"49,600.00"
2019-09-18,2019091801007677,NLICL,35,59,400,497.00,"198,800.00"
2019-09-18,2019091801007394,NLICL,43,50,10,506.00,"5,060.00"
2019-09-18,2019091801007461,NMBMF,57,39,10,"1,055.00","10,550.00"
2019-09-18,2019091801007619,NMFBS,58,55,30,"1,650.00","49,500.00"
2019-09-18,2019091801007453,NMFBS,33,49,10,"1,628.00","16,280.00"
2019-09-18,2019091801007452,NMFBS,33,34,25,"1,627.00","40,675.00"
2019-09-18,2019091801007451,NMFBS,33,44,50,"1,600.00","80,000.00"
2019-09-18,2019091801007398,NMFBS,33,39,29,"1,597.00","46,313.00"
2019-09-18,2019091801007397,NMFBS,33,48,55,"1,597.00","87,835.00"
2019-09-18,2019091801007441,NNLB,6,18,10,448.00,"4,480.00"
2019-09-18,2019091801007791,NTC,38,7,100,633.00,"63,300.00"
2019-09-18,2019091801007746,NTC,43,7,10,633.00,"6,330.00"
2019-09-18,2019091801007717,NTC,42,7,80,633.00,"50,640.00"
2019-09-18,2019091801007716,NTC,42,34,40,631.00,"25,240.00"
2019-09-18,2019091801007715,NTC,42,37,180,630.00,"113,400.00"
2019-09-18,2019091801007624,NTC,59,6,100,629.00,"62,900.00"
2019-09-18,2019091801007798,NUBL,42,37,50,870.00,"43,500.00"
2019-09-18,2019091801007797,NUBL,42,22,50,865.00,"43,250.00"
2019-09-18,2019091801007547,PCBL,38,33,550,269.00,"147,950.00"
2019-09-18,2019091801007390,PCBL,42,33,25,269.00,"6,725.00"
2019-09-18,2019091801007790,PIC,8,35,10,404.00,"4,040.00"
2019-09-18,2019091801007495,PIC,32,21,10,400.00,"4,000.00"
2019-09-18,2019091801007431,PIC,51,37,11,400.00,"4,400.00"
2019-09-18,2019091801007866,PLIC,52,55,10,348.00,"3,480.00"
2019-09-18,2019091801007506,PLIC,45,34,50,345.00,"17,250.00"
2019-09-18,2019091801007505,PLIC,59,34,50,346.00,"17,300.00"
2019-09-18,2019091801007788,PMHPL,14,38,10,94.00,940.00
2019-09-18,2019091801007629,PMHPL,14,38,10,94.00,940.00
2019-09-18,2019091801007462,PMHPL,14,38,10,94.00,940.00
2019-09-18,2019091801007438,PMHPL,14,38,10,94.00,940.00
2019-09-18,2019091801007520,PPCL,40,6,170,95.00,"16,150.00"
2019-09-18,2019091801007504,PPCL,22,6,490,96.00,"47,040.00"
2019-09-18,2019091801007510,PRIN,1,38,100,320.00,"32,000.00"
2019-09-18,2019091801007509,PRIN,1,7,300,319.00,"95,700.00"
2019-09-18,2019091801007508,PRIN,1,28,100,319.00,"31,900.00"
2019-09-18,2019091801007850,PRVU,25,28,303,269.00,"81,507.00"
2019-09-18,2019091801007849,PRVU,25,35,147,269.00,"39,543.00"
2019-09-18,2019091801007687,PRVU,28,35,853,269.00,"229,457.00"
2019-09-18,2019091801007686,PRVU,28,21,147,269.00,"39,543.00"
2019-09-18,2019091801007652,PRVU,25,57,50,268.00,"13,400.00"
2019-09-18,2019091801007651,PRVU,6,57,500,268.00,"134,000.00"
2019-09-18,2019091801007640,PRVU,49,21,100,269.00,"26,900.00"
2019-09-18,2019091801007638,PRVU,37,21,100,269.00,"26,900.00"
2019-09-18,2019091801007600,PRVU,37,21,43,269.00,"11,567.00"
2019-09-18,2019091801007599,PRVU,37,44,57,269.00,"15,333.00"
2019-09-18,2019091801007464,PRVU,36,44,33,269.00,"8,877.00"
2019-09-18,2019091801007401,PRVU,6,57,500,268.00,"134,000.00"
2019-09-18,2019091801007876,RHPL,45,40,20,169.00,"3,380.00"
2019-09-18,2019091801007857,RHPL,58,40,10,169.00,"1,690.00"
2019-09-18,2019091801007830,RHPL,7,4,300,166.00,"49,800.00"
2019-09-18,2019091801007802,RHPL,7,38,40,166.00,"6,640.00"
2019-09-18,2019091801007761,RHPL,37,22,30,167.00,"5,010.00"
2019-09-18,2019091801007760,RHPL,37,38,40,167.00,"6,680.00"
2019-09-18,2019091801007416,RHPL,4,41,10,169.00,"1,690.00"
2019-09-18,2019091801007395,RHPL,4,22,30,169.00,"5,070.00"
2019-09-18,2019091801007512,RHPL,4,38,40,169.00,"6,760.00"
2019-09-18,2019091801007511,RHPL,38,42,"1,000",170.00,"170,000.00"
2019-09-18,2019091801007482,RHPL,4,37,40,169.00,"6,760.00"
2019-09-18,2019091801007469,RHPL,4,38,40,169.00,"6,760.00"
2019-09-18,2019091801007448,RHPL,4,38,40,169.00,"6,760.00"
2019-09-18,2019091801007433,RHPL,4,22,30,169.00,"5,070.00"
2019-09-18,2019091801007572,RHPL,58,4,210,168.00,"35,280.00"
2019-09-18,2019091801007571,RHPL,59,4,100,169.00,"16,900.00"
2019-09-18,2019091801007570,RHPL,29,4,"1,000",169.00,"169,000.00"
2019-09-18,2019091801007569,RHPL,4,4,190,169.00,"32,110.00"
2019-09-18,2019091801007546,RHPL,4,22,20,169.00,"3,380.00"
2019-09-18,2019091801007519,RHPL,4,22,30,169.00,"5,070.00"
2019-09-18,2019091801007759,RHPL,37,38,40,167.00,"6,680.00"
2019-09-18,2019091801007626,RHPL,58,42,20,170.00,"3,400.00"
2019-09-18,2019091801007598,RHPL,52,34,50,168.00,"8,400.00"
2019-09-18,2019091801007597,RHPL,52,34,50,168.00,"8,400.00"
2019-09-18,2019091801007596,RHPL,35,34,"1,000",168.00,"168,000.00"
2019-09-18,2019091801007595,RHPL,58,34,"1,500",168.00,"252,000.00"
2019-09-18,2019091801007793,RSDC,49,41,100,339.00,"33,900.00"
2019-09-18,2019091801007574,RSDC,44,41,20,339.00,"6,780.00"
2019-09-18,2019091801007521,SABSL,57,38,10,473.00,"4,730.00"
2019-09-18,2019091801007558,SADBL,28,46,950,140.00,"133,000.00"
2019-09-18,2019091801007557,SADBL,7,46,"1,000",140.00,"140,000.00"
2019-09-18,2019091801007556,SADBL,38,46,50,141.00,"7,050.00"
2019-09-18,2019091801007856,SANIMA,34,48,10,354.00,"3,540.00"
2019-09-18,2019091801007420,SANIMA,14,8,500,353.00,"176,500.00"
2019-09-18,2019091801007406,SANIMA,1,48,200,354.00,"70,800.00"
2019-09-18,2019091801007399,SANIMA,14,42,500,353.00,"176,500.00"
2019-09-18,2019091801007864,SBL,4,56,750,331.00,"248,250.00"
2019-09-18,2019091801007863,SBL,50,56,100,331.00,"33,100.00"
2019-09-18,2019091801007862,SBL,36,56,50,331.00,"16,550.00"
2019-09-18,2019091801007861,SBL,52,56,100,331.00,"33,100.00"
2019-09-18,2019091801007846,SBL,3,44,200,332.00,"66,400.00"
2019-09-18,2019091801007845,SBL,6,44,"1,000",332.00,"332,000.00"
2019-09-18,2019091801007436,SBL,42,13,180,332.00,"59,760.00"
2019-09-18,2019091801007435,SBL,42,58,179,332.00,"59,428.00"
2019-09-18,2019091801007434,SBL,42,54,121,332.00,"40,172.00"
2019-09-18,2019091801007380,SBL,33,54,200,332.00,"66,400.00"
2019-09-18,2019091801007838,SBL,6,6,"1,000",332.00,"332,000.00"
2019-09-18,2019091801007744,SBL,58,10,30,333.00,"9,990.00"
2019-09-18,2019091801007743,SBL,58,11,50,333.00,"16,650.00"
2019-09-18,2019091801007742,SBL,58,44,30,333.00,"9,990.00"
2019-09-18,2019091801007741,SBL,58,1,10,333.00,"3,330.00"
2019-09-18,2019091801007437,SBL,42,6,200,332.00,"66,400.00"
2019-09-18,2019091801007785,SCB,36,41,12,572.00,"6,864.00"
2019-09-18,2019091801007780,SCB,54,41,100,572.00,"57,200.00"
2019-09-18,2019091801007779,SCB,51,41,80,573.00,"45,840.00"
2019-09-18,2019091801007778,SCB,38,41,140,573.00,"80,220.00"
2019-09-18,2019091801007777,SCB,52,41,300,574.00,"172,200.00"
2019-09-18,2019091801007776,SCB,42,22,100,580.00,"58,000.00"
2019-09-18,2019091801007775,SCB,42,19,100,579.00,"57,900.00"
2019-09-18,2019091801007467,SCB,38,56,60,573.00,"34,380.00"
2019-09-18,2019091801007466,SCB,21,56,40,575.00,"23,000.00"
2019-09-18,2019091801007409,SCB,21,56,50,575.00,"28,750.00"
2019-09-18,2019091801007408,SCB,6,56,50,578.00,"28,900.00"
2019-09-18,2019091801007714,SDESI,45,35,90,628.00,"56,520.00"
2019-09-18,2019091801007702,SEF,3,8,"4,500",9.12,"41,040.00"
2019-09-18,2019091801007701,SEF,3,49,"5,500",9.12,"50,160.00"
2019-09-18,2019091801007700,SEF,3,57,"2,500",9.10,"22,750.00"
2019-09-18,2019091801007699,SEF,3,57,"2,500",9.10,"22,750.00"
2019-09-18,2019091801007698,SEF,3,57,"2,500",9.10,"22,750.00"
2019-09-18,2019091801007697,SEF,3,57,"2,500",9.10,"22,750.00"
2019-09-18,2019091801007551,SFFIL,55,22,453,249.00,"112,797.00"
2019-09-18,2019091801007851,SHINE,16,26,100,253.00,"25,300.00"
2019-09-18,2019091801007799,SHINE,51,26,100,253.00,"25,300.00"
2019-09-18,2019091801007735,SHINE,16,26,200,253.00,"50,600.00"
2019-09-18,2019091801007672,SHINE,16,26,100,253.00,"25,300.00"
2019-09-18,2019091801007870,SHIVM,42,50,"1,060",589.00,"624,340.00"
2019-09-18,2019091801007869,SHIVM,58,50,600,590.00,"354,000.00"
2019-09-18,2019091801007868,SHIVM,39,50,100,590.00,"59,000.00"
2019-09-18,2019091801007867,SHIVM,21,50,240,590.00,"141,600.00"
2019-09-18,2019091801007847,SHIVM,45,16,150,591.00,"88,650.00"
2019-09-18,2019091801007829,SHIVM,21,58,760,590.00,"448,400.00"
2019-09-18,2019091801007388,SHIVM,7,17,100,593.00,"59,300.00"
2019-09-18,2019091801007387,SHIVM,7,58,580,593.00,"343,940.00"
2019-09-18,2019091801007386,SHIVM,7,58,50,592.00,"29,600.00"
2019-09-18,2019091801007385,SHIVM,7,35,900,592.00,"532,800.00"
2019-09-18,2019091801007384,SHIVM,7,33,100,591.00,"59,100.00"
2019-09-18,2019091801007383,SHIVM,7,57,20,591.00,"11,820.00"
2019-09-18,2019091801007500,SHIVM,42,20,100,593.00,"59,300.00"
2019-09-18,2019091801007499,SHIVM,42,43,50,593.00,"29,650.00"
2019-09-18,2019091801007498,SHIVM,42,25,400,593.00,"237,200.00"
2019-09-18,2019091801007497,SHIVM,42,19,100,592.00,"59,200.00"
2019-09-18,2019091801007426,SHIVM,7,40,200,593.00,"118,600.00"
2019-09-18,2019091801007410,SHIVM,7,56,50,593.00,"29,650.00"
2019-09-18,2019091801007616,SHIVM,42,32,500,593.00,"296,500.00"
2019-09-18,2019091801007615,SHIVM,42,58,"1,000",593.00,"593,000.00"
2019-09-18,2019091801007614,SHIVM,42,35,50,593.00,"29,650.00"
2019-09-18,2019091801007613,SHIVM,42,50,100,592.00,"59,200.00"
2019-09-18,2019091801007605,SHIVM,39,19,100,592.00,"59,200.00"
2019-09-18,2019091801007517,SHIVM,42,35,50,593.00,"29,650.00"
2019-09-18,2019091801007767,SHIVM,40,45,50,591.00,"29,550.00"
2019-09-18,2019091801007727,SHIVM,49,17,20,592.00,"11,840.00"
2019-09-18,2019091801007726,SHIVM,49,34,50,592.00,"29,600.00"
2019-09-18,2019091801007637,SHIVM,42,50,50,593.00,"29,650.00"
2019-09-18,2019091801007625,SHIVM,42,32,200,593.00,"118,600.00"
2019-09-18,2019091801007617,SHIVM,42,38,100,593.00,"59,300.00"
2019-09-18,2019091801007828,SHIVM,14,58,390,590.00,"230,100.00"
2019-09-18,2019091801007827,SHIVM,48,58,300,591.00,"177,300.00"
2019-09-18,2019091801007826,SHIVM,40,58,450,591.00,"265,950.00"
2019-09-18,2019091801007825,SHIVM,58,58,100,592.00,"59,200.00"
2019-09-18,2019091801007795,SHIVM,28,19,100,592.00,"59,200.00"
2019-09-18,2019091801007794,SHIVM,28,42,50,592.00,"29,600.00"
2019-09-18,2019091801007789,SHL,49,6,100,222.00,"22,200.00"
2019-09-18,2019091801007648,SHPC,34,16,20,205.00,"4,100.00"
2019-09-18,2019091801007834,SIC,7,43,100,503.00,"50,300.00"
2019-09-18,2019091801007400,SIC,7,49,870,503.00,"437,610.00"
2019-09-18,2019091801007623,SIL,25,56,10,397.00,"3,970.00"
2019-09-18,2019091801007582,SIL,17,22,99,391.00,"38,709.00"
2019-09-18,2019091801007541,SIL,17,22,380,391.00,"148,580.00"
2019-09-18,2019091801007841,SJCL,10,33,10,182.00,"1,820.00"
2019-09-18,2019091801007840,SJCL,41,33,10,182.00,"1,820.00"
2019-09-18,2019091801007822,SJCL,44,38,10,179.00,"1,790.00"
2019-09-18,2019091801007817,SJCL,44,59,724,179.00,"129,596.00"
2019-09-18,2019091801007816,SJCL,44,59,26,182.00,"4,732.00"
2019-09-18,2019091801007815,SJCL,44,19,10,182.00,"1,820.00"
2019-09-18,2019091801007463,SJCL,44,38,20,180.00,"3,600.00"
2019-09-18,2019091801007450,SJCL,44,22,20,180.00,"3,600.00"
2019-09-18,2019091801007407,SJCL,44,22,20,180.00,"3,600.00"
2019-09-18,2019091801007538,SJCL,44,38,20,179.00,"3,580.00"
2019-09-18,2019091801007526,SJCL,44,37,20,179.00,"3,580.00"
2019-09-18,2019091801007492,SJCL,29,35,"1,000",180.00,"180,000.00"
2019-09-18,2019091801007491,SJCL,44,35,336,180.00,"60,480.00"
2019-09-18,2019091801007490,SJCL,44,38,20,180.00,"3,600.00"
2019-09-18,2019091801007484,SJCL,44,25,830,180.00,"149,400.00"
2019-09-18,2019091801007758,SJCL,44,22,20,179.00,"3,580.00"
2019-09-18,2019091801007722,SJCL,44,38,20,179.00,"3,580.00"
2019-09-18,2019091801007665,SJCL,44,38,20,179.00,"3,580.00"
2019-09-18,2019091801007814,SJCL,44,6,20,181.00,"3,620.00"
2019-09-18,2019091801007813,SJCL,44,22,20,181.00,"3,620.00"
2019-09-18,2019091801007812,SJCL,44,35,70,181.00,"12,670.00"
2019-09-18,2019091801007811,SJCL,44,51,970,180.00,"174,600.00"
2019-09-18,2019091801007810,SJCL,44,43,20,180.00,"3,600.00"
2019-09-18,2019091801007809,SJCL,44,35,164,180.00,"29,520.00"
2019-09-18,2019091801007728,SKBBL,5,55,10,954.00,"9,540.00"
2019-09-18,2019091801007622,SKBBL,5,6,74,953.00,"70,522.00"
2019-09-18,2019091801007542,SKBBL,35,6,20,953.00,"19,060.00"
2019-09-18,2019091801007465,SKBBL,56,6,36,953.00,"34,308.00"
2019-09-18,2019091801007417,SKBBL,35,6,50,953.00,"47,650.00"
2019-09-18,2019091801007771,SLBSL,38,38,10,702.00,"7,020.00"
2019-09-18,2019091801007676,SLBSL,26,38,10,700.00,"7,000.00"
2019-09-18,2019091801007632,SLBSL,33,58,10,704.00,"7,040.00"
2019-09-18,2019091801007518,SLBSL,33,42,20,700.00,"14,000.00"
2019-09-18,2019091801007854,SLICL,17,19,500,295.00,"147,500.00"
2019-09-18,2019091801007853,SLICL,17,29,500,295.00,"147,500.00"
2019-09-18,2019091801007852,SLICL,17,16,50,295.00,"14,750.00"
2019-09-18,2019091801007674,SLICL,17,41,500,292.00,"146,000.00"
2019-09-18,2019091801007673,SLICL,17,44,500,291.00,"145,500.00"
2019-09-18,2019091801007646,SLICL,17,26,219,290.00,"63,510.00"
2019-09-18,2019091801007645,SLICL,17,48,30,289.00,"8,670.00"
2019-09-18,2019091801007644,SLICL,17,41,14,288.00,"4,032.00"
2019-09-18,2019091801007643,SLICL,17,41,14,288.00,"4,032.00"
2019-09-18,2019091801007621,SLICL,39,49,100,285.00,"28,500.00"
2019-09-18,2019091801007513,SLICL,39,19,88,285.00,"25,080.00"
2019-09-18,2019091801007694,SMB,6,7,60,417.00,"25,020.00"
2019-09-18,2019091801007693,SMB,29,7,50,418.00,"20,900.00"
2019-09-18,2019091801007792,SMFBS,28,51,40,821.00,"32,840.00"
2019-09-18,2019091801007723,SMFBS,28,48,10,821.00,"8,210.00"
2019-09-18,2019091801007609,SMFBS,28,21,10,821.00,"8,210.00"
2019-09-18,2019091801007537,SMFBS,21,38,30,821.00,"24,630.00"
2019-09-18,2019091801007536,SMFBS,21,39,10,820.00,"8,200.00"
2019-09-18,2019091801007535,SMFBS,21,58,10,820.00,"8,200.00"
2019-09-18,2019091801007534,SMFBS,21,34,70,818.00,"57,260.00"
2019-09-18,2019091801007731,SPARS,34,14,10,602.00,"6,020.00"
2019-09-18,2019091801007696,SPARS,34,22,10,592.00,"5,920.00"
2019-09-18,2019091801007573,SPARS,38,38,10,581.00,"5,810.00"
2019-09-18,2019091801007483,SPARS,38,38,10,592.00,"5,920.00"
2019-09-18,2019091801007507,SPDL,13,36,150,70.00,"10,500.00"
2019-09-18,2019091801007836,SRBL,35,25,81,244.00,"19,764.00"
2019-09-18,2019091801007803,SRBL,34,49,10,245.00,"2,450.00"
2019-09-18,2019091801007752,SRBL,35,56,219,244.00,"53,436.00"
2019-09-18,2019091801007751,SRBL,1,56,81,244.00,"19,764.00"
2019-09-18,2019091801007564,SRBL,1,42,119,244.00,"29,036.00"
2019-09-18,2019091801007532,SRBL,5,42,381,244.00,"92,964.00"
2019-09-18,2019091801007477,SRBL,35,25,100,243.00,"24,300.00"
2019-09-18,2019091801007476,SRBL,35,42,390,243.00,"94,770.00"
2019-09-18,2019091801007396,SRBL,5,42,"1,000",243.00,"243,000.00"
2019-09-18,2019091801007531,SRBL,5,46,120,244.00,"29,280.00"
2019-09-18,2019091801007530,SRBL,5,21,199,244.00,"48,556.00"
2019-09-18,2019091801007529,SRBL,5,57,50,244.00,"12,200.00"
2019-09-18,2019091801007528,SRBL,5,59,250,244.00,"61,000.00"
2019-09-18,2019091801007503,SRBL,28,59,50,244.00,"12,200.00"
2019-09-18,2019091801007478,SRBL,35,59,"1,000",243.00,"243,000.00"
2019-09-18,2019091801007679,SWBBL,28,32,10,944.00,"9,440.00"
2019-09-18,2019091801007650,SWBBL,28,55,750,930.00,"697,500.00"
2019-09-18,2019091801007405,SWBBL,11,55,50,930.00,"46,500.00"
2019-09-18,2019091801007668,TRH,49,46,10,300.00,"3,000.00"
2019-09-18,2019091801007447,TRH,39,29,"1,000",295.00,"295,000.00"
2019-09-18,2019091801007446,TRH,49,29,20,295.00,"5,900.00"
2019-09-18,2019091801007545,UIC,36,34,100,285.00,"28,500.00"
2019-09-18,2019091801007460,UIC,17,48,100,284.00,"28,400.00"
2019-09-18,2019091801007459,UIC,17,52,120,284.00,"34,080.00"
2019-09-18,2019091801007458,UIC,17,14,50,284.00,"14,200.00"
2019-09-18,2019091801007457,UIC,17,46,200,284.00,"56,800.00"
2019-09-18,2019091801007456,UIC,17,51,130,284.00,"36,920.00"
2019-09-18,2019091801007455,UIC,17,13,200,283.00,"56,600.00"
2019-09-18,2019091801007415,UPCL,58,6,40,79.00,"3,160.00"
2019-09-18,2019091801007414,UPCL,58,8,50,79.00,"3,950.00"
2019-09-18,2019091801007873,UPPER,4,4,500,245.00,"122,500.00"
2019-09-18,2019091801007739,UPPER,45,4,20,247.00,"4,940.00"
2019-09-18,2019091801007721,UPPER,33,4,10,247.00,"2,470.00"
2019-09-18,2019091801007661,UPPER,4,4,"9,470",245.00,"2,320,150.00"
2019-09-18,2019091801007660,UPPER,13,4,100,245.00,"24,500.00"
2019-09-18,2019091801007659,UPPER,14,4,430,245.00,"105,350.00"
2019-09-18,2019091801007567,UPPER,14,37,20,245.00,"4,900.00"
2019-09-18,2019091801007566,UPPER,34,37,20,246.00,"4,920.00"
2019-09-18,2019091801007514,UPPER,57,4,100,247.00,"24,700.00"
2019-09-18,2019091801007234,ADBL,44,4,100,422.00,"42,200.00"
2019-09-18,2019091801007121,ADBL,36,50,100,422.00,"42,200.00"
2019-09-18,2019091801007120,ADBL,36,51,30,422.00,"12,660.00"
2019-09-18,2019091801007291,AKBSL,33,38,10,429.00,"4,290.00"
2019-09-18,2019091801007159,AKBSL,7,33,20,430.00,"8,600.00"
2019-09-18,2019091801007150,AKBSL,22,51,50,434.00,"21,700.00"
2019-09-18,2019091801007041,AKBSL,7,38,10,430.00,"4,300.00"
2019-09-18,2019091801007184,AKPL,16,39,20,142.00,"2,840.00"
2019-09-18,2019091801007302,ALBSL,37,39,10,441.00,"4,410.00"
2019-09-18,2019091801007049,ALBSL,37,38,10,435.00,"4,350.00"
2019-09-18,2019091801007059,ALICL,10,6,100,330.00,"33,000.00"
2019-09-18,2019091801007368,API,25,51,200,120.00,"24,000.00"
2019-09-18,2019091801007367,API,25,44,800,119.00,"95,200.00"
2019-09-18,2019091801007353,API,25,44,100,119.00,"11,900.00"
2019-09-18,2019091801007319,API,51,44,100,119.00,"11,900.00"
2019-09-18,2019091801007318,API,51,38,450,119.00,"53,550.00"
2019-09-18,2019091801007317,API,51,29,50,119.00,"5,950.00"
2019-09-18,2019091801007170,API,41,6,80,118.00,"9,440.00"
2019-09-18,2019091801007169,API,41,25,400,118.00,"47,200.00"
2019-09-18,2019091801007168,API,41,38,270,118.00,"31,860.00"
2019-09-18,2019091801007167,API,39,38,50,118.00,"5,900.00"
2019-09-18,2019091801007124,API,39,38,100,118.00,"11,800.00"
2019-09-18,2019091801007281,API,25,29,50,119.00,"5,950.00"
2019-09-18,2019091801007280,API,25,26,450,119.00,"53,550.00"
2019-09-18,2019091801007231,API,25,26,134,119.00,"15,946.00"
2019-09-18,2019091801007172,API,41,26,150,119.00,"17,850.00"
2019-09-18,2019091801007171,API,41,43,100,119.00,"11,900.00"
2019-09-18,2019091801006936,BARUN,56,56,10,89.00,890.00
2019-09-18,2019091801006943,BOKL,35,17,100,257.00,"25,700.00"
2019-09-18,2019091801006942,BOKL,49,17,500,257.00,"128,500.00"
2019-09-18,2019091801006934,BOKL,7,5,200,258.00,"51,600.00"
2019-09-18,2019091801007324,BPCL,43,42,20,373.00,"7,460.00"
2019-09-18,2019091801007267,BPCL,22,38,11,371.00,"4,081.00"
2019-09-18,2019091801007200,BPCL,4,38,11,370.00,"4,070.00"
2019-09-18,2019091801007122,BPCL,4,38,11,370.00,"4,070.00"
2019-09-18,2019091801007079,BPCL,4,38,11,370.00,"4,070.00"
2019-09-18,2019091801007375,CBBL,38,45,200,975.00,"195,000.00"
2019-09-18,2019091801006898,CBBL,51,45,100,975.00,"97,500.00"
2019-09-18,2019091801007361,CBL,44,22,30,147.00,"4,410.00"
2019-09-18,2019091801007360,CBL,44,35,100,147.00,"14,700.00"
2019-09-18,2019091801007359,CBL,44,51,50,147.00,"7,350.00"
2019-09-18,2019091801007358,CBL,44,56,"1,100",147.00,"161,700.00"
2019-09-18,2019091801007357,CBL,44,46,370,147.00,"54,390.00"
2019-09-18,2019091801007190,CBL,8,44,529,146.00,"77,234.00"
2019-09-18,2019091801006894,CBL,25,1,205,146.00,"29,930.00"
2019-09-18,2019091801006880,CBL,58,1,"1,000",145.00,"145,000.00"
2019-09-18,2019091801007189,CBL,34,44,"1,471",146.00,"214,766.00"
2019-09-18,2019091801007003,CBL,58,46,100,147.00,"14,700.00"
2019-09-18,2019091801006925,CBL,58,46,33,147.00,"4,851.00"
2019-09-18,2019091801006901,CBL,34,58,29,146.00,"4,234.00"
2019-09-18,2019091801006900,CBL,25,58,500,146.00,"73,000.00"
2019-09-18,2019091801006895,CBL,25,58,795,146.00,"116,070.00"
2019-09-18,2019091801007224,CCBL,34,44,"1,370",159.00,"217,830.00"
2019-09-18,2019091801007205,CCBL,25,40,294,160.00,"47,040.00"
2019-09-18,2019091801007204,CCBL,25,13,206,160.00,"32,960.00"
2019-09-18,2019091801007002,CCBL,34,6,40,159.00,"6,360.00"
2019-09-18,2019091801007001,CCBL,34,44,590,159.00,"93,810.00"
2019-09-18,2019091801006968,CCBL,40,44,"1,000",159.00,"159,000.00"
2019-09-18,2019091801007136,CORBL,41,48,100,109.00,"10,900.00"
2019-09-18,2019091801007135,CORBL,25,48,150,109.00,"16,350.00"
2019-09-18,2019091801006998,CORBL,25,48,150,109.00,"16,350.00"
2019-09-18,2019091801007193,CZBIL,55,35,200,201.00,"40,200.00"
2019-09-18,2019091801007192,CZBIL,55,48,246,201.00,"49,446.00"
2019-09-18,2019091801007191,CZBIL,55,25,700,201.00,"140,700.00"
2019-09-18,2019091801007354,DBBL,51,49,500,128.00,"64,000.00"
2019-09-18,2019091801007288,DBBL,48,49,500,129.00,"64,500.00"
2019-09-18,2019091801006941,DBBL,10,49,17,130.00,"2,210.00"
2019-09-18,2019091801006915,DBBL,32,49,500,130.00,"65,000.00"
2019-09-18,2019091801006914,DBBL,32,42,28,128.00,"3,584.00"
2019-09-18,2019091801007038,DHPL,57,34,20,56.00,"1,120.00"
2019-09-18,2019091801007313,EBL,11,57,50,587.00,"29,350.00"
2019-09-18,2019091801007039,EDBL,56,49,10,263.00,"2,630.00"
2019-09-18,2019091801007007,EIC,17,17,500,270.00,"135,000.00"
2019-09-18,2019091801007328,FMDBL,58,47,100,384.00,"38,400.00"
2019-09-18,2019091801007157,FMDBL,49,42,200,390.00,"78,000.00"
2019-09-18,2019091801007156,FMDBL,49,14,200,390.00,"78,000.00"
2019-09-18,2019091801007155,FMDBL,49,37,30,389.00,"11,670.00"
2019-09-18,2019091801007069,FMDBL,58,37,120,389.00,"46,680.00"
2019-09-18,2019091801007068,FMDBL,58,43,50,389.00,"19,450.00"
2019-09-18,2019091801007067,FMDBL,58,14,50,388.00,"19,400.00"
2019-09-18,2019091801007066,FMDBL,58,39,180,387.00,"69,660.00"
2019-09-18,2019091801007065,FMDBL,58,17,100,387.00,"38,700.00"
2019-09-18,2019091801007064,FMDBL,58,37,200,387.00,"77,400.00"
2019-09-18,2019091801007349,GBLBS,7,29,200,340.00,"68,000.00"
2019-09-18,2019091801007277,GBLBS,7,6,77,340.00,"26,180.00"
2019-09-18,2019091801007223,GBLBS,18,6,15,340.00,"5,100.00"
2019-09-18,2019091801007222,GBLBS,18,17,"1,000",340.00,"340,000.00"
2019-09-18,2019091801006916,GBLBS,4,42,10,339.00,"3,390.00"
2019-09-18,2019091801006982,GILB,6,11,10,748.00,"7,480.00"
2019-09-18,2019091801006995,GLBSL,6,32,10,478.00,"4,780.00"
2019-09-18,2019091801007037,GLICL,39,38,370,383.00,"141,710.00"
2019-09-18,2019091801007036,GLICL,39,34,80,382.00,"30,560.00"
2019-09-18,2019091801007276,GMFBS,56,10,10,502.00,"5,020.00"
2019-09-18,2019091801007275,GMFBS,56,22,10,500.00,"5,000.00"
2019-09-18,2019091801007040,GMFBS,56,10,10,495.00,"4,950.00"
2019-09-18,2019091801006966,GMFBS,56,51,110,495.00,"54,450.00"
2019-09-18,2019091801006965,GMFBS,56,10,10,491.00,"4,910.00"
2019-09-18,2019091801006940,GMFBS,56,10,10,486.00,"4,860.00"
2019-09-18,2019091801006939,GMFBS,56,6,10,480.00,"4,800.00"
2019-09-18,2019091801007242,HDL,5,55,10,"1,536.00","15,360.00"
2019-09-18,2019091801007241,HDL,5,34,40,"1,535.00","61,400.00"
2019-09-18,2019091801007208,HDL,42,50,270,"1,534.00","414,180.00"
2019-09-18,2019091801007258,HGI,49,21,10,290.00,"2,900.00"
2019-09-18,2019091801007119,HIDCL,5,6,500,139.00,"69,500.00"
2019-09-18,2019091801007118,HIDCL,5,11,200,139.00,"27,800.00"
2019-09-18,2019091801007051,HIDCL,5,6,200,138.00,"27,600.00"
2019-09-18,2019091801007050,HIDCL,5,42,100,138.00,"13,800.00"
2019-09-18,2019091801007052,HPPL,5,6,10,138.00,"1,380.00"
2019-09-18,2019091801007332,IGI,55,34,10,312.00,"3,120.00"
2019-09-18,2019091801007325,IGI,21,45,10,312.00,"3,120.00"
2019-09-18,2019091801007342,ILBS,7,22,10,448.00,"4,480.00"
2019-09-18,2019091801007300,ILBS,7,38,10,448.00,"4,480.00"
2019-09-18,2019091801007295,ILBS,37,37,10,450.00,"4,500.00"
2019-09-18,2019091801007220,ILBS,39,52,10,459.00,"4,590.00"
2019-09-18,2019091801007178,ILBS,7,1,100,455.00,"45,500.00"
2019-09-18,2019091801007145,ILBS,7,1,100,455.00,"45,500.00"
2019-09-18,2019091801007090,ILBS,7,38,10,448.00,"4,480.00"
2019-09-18,2019091801007089,ILBS,7,38,10,446.00,"4,460.00"
2019-09-18,2019091801007088,ILBS,7,38,10,446.00,"4,460.00"
2019-09-18,2019091801007087,ILBS,7,38,10,446.00,"4,460.00"
2019-09-18,2019091801007016,ILBS,11,22,10,440.00,"4,400.00"
2019-09-18,2019091801006938,ILBS,11,38,10,440.00,"4,400.00"
2019-09-18,2019091801007144,ILBS,7,1,50,453.00,"22,650.00"
2019-09-18,2019091801007143,ILBS,7,47,10,452.00,"4,520.00"
2019-09-18,2019091801007142,ILBS,7,22,180,452.00,"81,360.00"
2019-09-18,2019091801007141,ILBS,7,52,10,452.00,"4,520.00"
2019-09-18,2019091801007140,ILBS,7,52,150,451.00,"67,650.00"
2019-09-18,2019091801007116,ILBS,7,38,10,448.00,"4,480.00"
2019-09-18,2019091801006947,JBBL,57,44,150,159.00,"23,850.00"
2019-09-18,2019091801007238,JFL,25,47,267,195.00,"52,065.00"
2019-09-18,2019091801007237,JFL,37,47,50,195.00,"9,750.00"
2019-09-18,2019091801007236,JFL,8,47,83,195.00,"16,185.00"
2019-09-18,2019091801007235,JFL,13,47,100,196.00,"19,600.00"
2019-09-18,2019091801007279,KADBL,42,38,630,183.00,"115,290.00"
2019-09-18,2019091801007278,KADBL,42,38,100,183.00,"18,300.00"
2019-09-18,2019091801007333,KBL,16,41,14,183.00,"2,562.00"
2019-09-18,2019091801007219,KBL,57,43,25,184.00,"4,600.00"
2019-09-18,2019091801007218,KBL,50,43,488,184.00,"89,792.00"
2019-09-18,2019091801007352,KPCL,22,38,10,79.00,790.00
2019-09-18,2019091801007284,KPCL,22,38,10,79.00,790.00
2019-09-18,2019091801006973,KPCL,22,38,10,79.00,790.00
2019-09-18,2019091801006948,KPCL,22,38,10,79.00,790.00
2019-09-18,2019091801007033,KPCL,22,38,10,79.00,790.00
2019-09-18,2019091801006992,KPCL,22,38,10,79.00,790.00
2019-09-18,2019091801007146,KPCL,22,38,10,79.00,790.00
2019-09-18,2019091801007299,LBBL,48,35,100,175.00,"17,500.00"
2019-09-18,2019091801007085,LBBL,26,20,685,175.00,"119,875.00"
2019-09-18,2019091801006913,LBBL,35,20,300,175.00,"52,500.00"
2019-09-18,2019091801006912,LBBL,26,20,15,175.00,"2,625.00"
2019-09-18,2019091801006904,LBBL,29,34,100,176.00,"17,600.00"
2019-09-18,2019091801007316,LBL,45,32,98,219.00,"21,462.00"
2019-09-18,2019091801007283,LBL,26,55,282,218.00,"61,476.00"
2019-09-18,2019091801007257,LBL,26,39,500,218.00,"109,000.00"
2019-09-18,2019091801006964,LBL,34,32,200,219.00,"43,800.00"
2019-09-18,2019091801007138,LGIL,19,44,32,375.00,"12,000.00"
2019-09-18,2019091801007137,LGIL,19,6,68,374.00,"25,432.00"
2019-09-18,2019091801007047,LGIL,19,44,160,375.00,"60,000.00"
2019-09-18,2019091801007046,LGIL,19,6,140,375.00,"52,500.00"
2019-09-18,2019091801006950,LGIL,43,17,100,375.00,"37,500.00"
2019-09-18,2019091801007253,LLBS,18,21,24,688.00,"16,512.00"
2019-09-18,2019091801007310,MBL,49,41,20,253.00,"5,060.00"
2019-09-18,2019091801007287,MBL,22,41,500,253.00,"126,500.00"
2019-09-18,2019091801007266,MBL,54,54,500,252.00,"126,000.00"
2019-09-18,2019091801007196,MBL,49,41,300,253.00,"75,900.00"
2019-09-18,2019091801006935,MBL,54,39,200,252.00,"50,400.00"
2019-09-18,2019091801007176,MDB,43,5,300,252.00,"75,600.00"
2019-09-18,2019091801007175,MDB,43,16,100,251.00,"25,100.00"
2019-09-18,2019091801007174,MDB,43,56,225,250.00,"56,250.00"
2019-09-18,2019091801007173,MDB,43,43,63,250.00,"15,750.00"
2019-09-18,2019091801007363,MERO,43,50,100,565.00,"56,500.00"
2019-09-18,2019091801007362,MERO,43,6,100,564.00,"56,400.00"
2019-09-18,2019091801007254,MERO,41,6,200,563.00,"112,600.00"
2019-09-18,2019091801007202,MERO,34,6,150,563.00,"84,450.00"
2019-09-18,2019091801007152,MERO,43,50,200,562.00,"112,400.00"
2019-09-18,2019091801007151,MERO,43,16,90,562.00,"50,580.00"
2019-09-18,2019091801007057,MERO,32,16,35,562.00,"19,670.00"
2019-09-18,2019091801006953,MERO,32,47,65,561.00,"36,465.00"
2019-09-18,2019091801007217,MHNL,59,21,40,85.00,"3,400.00"
2019-09-18,2019091801007216,MHNL,59,21,30,85.00,"2,550.00"
2019-09-18,2019091801007215,MHNL,59,21,30,85.00,"2,550.00"
2019-09-18,2019091801007214,MHNL,59,4,30,85.00,"2,550.00"
2019-09-18,2019091801007213,MHNL,59,4,30,85.00,"2,550.00"
2019-09-18,2019091801007212,MHNL,59,4,40,85.00,"3,400.00"
2019-09-18,2019091801007211,MHNL,59,43,20,85.00,"1,700.00"
2019-09-18,2019091801007084,MLBL,43,11,278,213.00,"59,214.00"
2019-09-18,2019091801006945,MLBL,49,47,519,212.00,"110,028.00"
2019-09-18,2019091801007044,MNBBL,19,44,"1,000",313.00,"313,000.00"
2019-09-18,2019091801007373,NABIL,11,46,50,775.00,"38,750.00"
2019-09-18,2019091801007326,NABIL,14,39,190,773.00,"146,870.00"
2019-09-18,2019091801007372,NADEP,45,29,355,422.00,"149,810.00"
2019-09-18,2019091801007320,NADEP,34,37,20,414.00,"8,280.00"
2019-09-18,2019091801007307,NADEP,34,38,20,414.00,"8,280.00"
2019-09-18,2019091801007207,NADEP,45,38,20,413.00,"8,260.00"
2019-09-18,2019091801007092,NADEP,25,38,200,420.00,"84,000.00"
2019-09-18,2019091801007091,NADEP,25,41,100,420.00,"42,000.00"
2019-09-18,2019091801007286,NAGRO,42,41,10,754.00,"7,540.00"
2019-09-18,2019091801007345,NBB,47,58,482,213.00,"102,666.00"
2019-09-18,2019091801007274,NBB,47,39,225,213.00,"47,925.00"
2019-09-18,2019091801007273,NBB,59,39,100,213.00,"21,300.00"
2019-09-18,2019091801007243,NBB,22,58,218,214.00,"46,652.00"
2019-09-18,2019091801006993,NBB,22,8,34,214.00,"7,276.00"
2019-09-18,2019091801007341,NBL,38,56,250,322.00,"80,500.00"
2019-09-18,2019091801007340,NBL,29,56,300,322.00,"96,600.00"
2019-09-18,2019091801007339,NBL,48,56,200,322.00,"64,400.00"
2019-09-18,2019091801007245,NBL,34,43,200,323.00,"64,600.00"
2019-09-18,2019091801007244,NBL,34,58,80,323.00,"25,840.00"
2019-09-18,2019091801007225,NBL,3,58,100,323.00,"32,300.00"
2019-09-18,2019091801007056,NBL,7,58,200,323.00,"64,600.00"
2019-09-18,2019091801006972,NBL,45,58,620,323.00,"200,260.00"
2019-09-18,2019091801006891,NBL,36,38,100,324.00,"32,400.00"
2019-09-18,2019091801007107,NCCB,55,45,"2,566",201.00,"515,766.00"
2019-09-18,2019091801007081,NCCB,44,45,"3,000",201.00,"603,000.00"
2019-09-18,2019091801007076,NCCB,55,45,"1,435",201.00,"288,435.00"
2019-09-18,2019091801007075,NCCB,55,52,565,201.00,"113,565.00"
2019-09-18,2019091801007054,NCCB,55,52,135,201.00,"27,135.00"
2019-09-18,2019091801007053,NCCB,55,32,865,201.00,"173,865.00"
2019-09-18,2019091801006908,NCCB,13,32,10,201.00,"2,010.00"
2019-09-18,2019091801006889,NCCB,14,42,40,200.00,"8,000.00"
2019-09-18,2019091801007106,NEF,38,10,"15,000",7.63,"114,450.00"
2019-09-18,2019091801007021,NEF,38,58,"2,178",7.63,"16,618.14"
2019-09-18,2019091801007020,NEF,52,58,236,7.63,"1,800.68"
2019-09-18,2019091801007078,NICA,36,49,15,394.00,"5,910.00"
2019-09-18,2019091801007077,NICA,36,39,80,393.00,"31,440.00"
2019-09-18,2019091801007026,NICA,53,39,120,393.00,"47,160.00"
2019-09-18,2019091801007025,NICA,53,39,80,393.00,"31,440.00"
2019-09-18,2019091801006996,NICA,59,39,10,393.00,"3,930.00"
2019-09-18,2019091801006920,NICGF,51,58,"5,000",8.60,"43,000.00"
2019-09-18,2019091801007327,NICL,45,36,285,288.00,"82,080.00"
2019-09-18,2019091801007314,NICL,39,36,715,288.00,"205,920.00"
2019-09-18,2019091801007292,NICL,39,35,285,292.00,"83,220.00"
2019-09-18,2019091801007270,NICL,43,35,10,292.00,"2,920.00"
2019-09-18,2019091801007105,NICL,43,43,10,293.00,"2,930.00"
2019-09-18,2019091801006971,NICL,19,37,50,292.00,"14,600.00"
2019-09-18,2019091801006970,NICL,19,32,200,292.00,"58,400.00"
2019-09-18,2019091801006969,NICL,19,26,50,292.00,"14,600.00"
2019-09-18,2019091801007329,NIL,55,42,171,386.00,"66,006.00"
2019-09-18,2019091801007305,NIL,55,41,200,385.00,"77,000.00"
2019-09-18,2019091801006980,NIL,17,43,410,382.00,"156,620.00"
2019-09-18,2019091801006979,NIL,17,41,120,382.00,"45,840.00"
2019-09-18,2019091801006978,NIL,17,21,200,382.00,"76,400.00"
2019-09-18,2019091801006949,NIL,25,37,450,381.00,"171,450.00"
2019-09-18,2019091801007269,NLBBL,58,33,25,522.00,"13,050.00"
2019-09-18,2019091801007187,NLG,53,6,56,585.00,"32,760.00"
2019-09-18,2019091801007074,NLG,6,38,13,590.00,"7,670.00"
2019-09-18,2019091801007073,NLG,6,25,10,589.00,"5,890.00"
2019-09-18,2019091801007072,NLG,6,36,57,588.00,"33,516.00"
2019-09-18,2019091801007024,NLG,49,35,200,588.00,"117,600.00"
2019-09-18,2019091801007376,NLIC,57,25,12,785.00,"9,420.00"
2019-09-18,2019091801007102,NLIC,35,25,10,785.00,"7,850.00"
2019-09-18,2019091801006981,NLIC,35,56,40,785.00,"31,400.00"
2019-09-18,2019091801007331,NLICL,26,57,50,500.00,"25,000.00"
2019-09-18,2019091801007149,NLICL,5,35,43,508.00,"21,844.00"
2019-09-18,2019091801007148,NLICL,5,47,30,504.00,"15,120.00"
2019-09-18,2019091801007147,NLICL,5,34,27,503.00,"13,581.00"
2019-09-18,2019091801007014,NLICL,43,43,500,500.00,"250,000.00"
2019-09-18,2019091801007013,NLICL,43,38,100,500.00,"50,000.00"
2019-09-18,2019091801007012,NLICL,43,28,400,499.00,"199,600.00"
2019-09-18,2019091801007370,NSEWA,32,45,10,412.00,"4,120.00"
2019-09-18,2019091801007256,NTC,17,34,100,631.00,"63,100.00"
2019-09-18,2019091801007018,NTC,59,34,10,631.00,"6,310.00"
2019-09-18,2019091801006958,NTC,19,11,10,626.00,"6,260.00"
2019-09-18,2019091801006957,NTC,13,11,10,627.00,"6,270.00"
2019-09-18,2019091801007301,NUBL,11,22,50,865.00,"43,250.00"
2019-09-18,2019091801007338,OHL,50,29,20,566.00,"11,320.00"
2019-09-18,2019091801007337,OHL,50,33,80,566.00,"45,280.00"
2019-09-18,2019091801007336,OHL,50,7,54,565.00,"30,510.00"
2019-09-18,2019091801007335,OHL,50,33,30,564.00,"16,920.00"
2019-09-18,2019091801007334,OHL,50,38,33,560.00,"18,480.00"
2019-09-18,2019091801007080,PCBL,46,8,65,268.00,"17,420.00"
2019-09-18,2019091801007293,PFL,52,6,43,133.00,"5,719.00"
2019-09-18,2019091801007123,PFL,38,6,37,133.00,"4,921.00"
2019-09-18,2019091801007086,PIC,50,32,150,404.00,"60,600.00"
2019-09-18,2019091801007071,PIC,50,42,48,403.00,"19,344.00"
2019-09-18,2019091801007070,PIC,50,6,20,403.00,"8,060.00"
2019-09-18,2019091801007042,PIC,28,26,100,402.00,"40,200.00"
2019-09-18,2019091801007029,PIC,33,38,300,401.00,"120,300.00"
2019-09-18,2019091801006997,PIC,11,58,11,400.00,"4,400.00"
2019-09-18,2019091801007240,PICL,58,42,10,447.00,"4,470.00"
2019-09-18,2019091801006884,PICL,6,45,60,440.00,"26,400.00"
2019-09-18,2019091801006878,PICL,7,6,200,435.00,"87,000.00"
2019-09-18,2019091801007377,PLIC,51,49,"1,000",351.00,"351,000.00"
2019-09-18,2019091801007010,PLIC,52,17,30,348.00,"10,440.00"
2019-09-18,2019091801007009,PLIC,14,17,50,348.00,"17,400.00"
2019-09-18,2019091801007311,PMHPL,14,38,10,94.00,940.00
2019-09-18,2019091801007177,PMHPL,14,38,10,94.00,940.00
2019-09-18,2019091801007004,PMHPL,14,38,10,94.00,940.00
2019-09-18,2019091801006999,PMHPL,14,38,10,94.00,940.00
2019-09-18,2019091801007160,PPCL,22,6,10,96.00,960.00
2019-09-18,2019091801007158,PRIN,17,29,"1,000",318.00,"318,000.00"
2019-09-18,2019091801007272,PRVU,43,3,20,268.00,"5,360.00"
2019-09-18,2019091801007034,PRVU,1,57,100,268.00,"26,800.00"
2019-09-18,2019091801006960,PRVU,58,57,723,268.00,"193,764.00"
2019-09-18,2019091801006959,PRVU,58,28,377,268.00,"101,036.00"
2019-09-18,2019091801006932,PRVU,25,28,623,268.00,"166,964.00"
2019-09-18,2019091801006931,PRVU,25,43,500,268.00,"134,000.00"
2019-09-18,2019091801006930,PRVU,25,52,377,268.00,"101,036.00"
2019-09-18,2019091801007271,PRVU,43,17,626,268.00,"167,768.00"
2019-09-18,2019091801007251,PRVU,43,17,13,268.00,"3,484.00"
2019-09-18,2019091801007250,PRVU,43,49,10,268.00,"2,680.00"
2019-09-18,2019091801007249,PRVU,43,57,977,268.00,"261,836.00"
2019-09-18,2019091801007199,PRVU,59,57,200,268.00,"53,600.00"
2019-09-18,2019091801007186,PRVU,43,56,400,267.00,"106,800.00"
2019-09-18,2019091801007355,RADHI,54,35,11,142.00,"1,562.00"
2019-09-18,2019091801007154,RADHI,54,42,11,142.00,"1,562.00"
2019-09-18,2019091801006955,RBCL,11,41,10,"9,020.00","90,200.00"
2019-09-18,2019091801006954,RBCL,11,6,10,"9,020.00","90,200.00"
2019-09-18,2019091801006902,RBCL,21,35,28,"9,000.00","252,000.00"
2019-09-18,2019091801007031,RBCLPO,59,56,10,"7,850.00","78,500.00"
2019-09-18,2019091801007061,RHPC,8,49,10,89.00,890.00
2019-09-18,2019091801006883,RHPC,8,4,10,88.00,880.00
2019-09-18,2019091801007364,RHPL,4,38,40,169.00,"6,760.00"
2019-09-18,2019091801007356,RHPL,4,22,30,169.00,"5,070.00"
2019-09-18,2019091801007351,RHPL,36,6,40,170.00,"6,800.00"
2019-09-18,2019091801007350,RHPL,36,38,10,170.00,"1,700.00"
2019-09-18,2019091801007323,RHPL,36,38,10,170.00,"1,700.00"
2019-09-18,2019091801007321,RHPL,36,38,40,170.00,"6,800.00"
2019-09-18,2019091801007006,RHPL,4,38,40,169.00,"6,760.00"
2019-09-18,2019091801007000,RHPL,4,22,30,169.00,"5,070.00"
2019-09-18,2019091801006956,RHPL,4,38,40,169.00,"6,760.00"
2019-09-18,2019091801006946,RHPL,4,22,30,169.00,"5,070.00"
2019-09-18,2019091801006896,RHPL,4,22,30,169.00,"5,070.00"
2019-09-18,2019091801007099,RHPL,29,1,30,171.00,"5,130.00"
2019-09-18,2019091801007098,RHPL,29,1,30,171.00,"5,130.00"
2019-09-18,2019091801007048,RHPL,36,38,40,170.00,"6,800.00"
2019-09-18,2019091801007043,RHPL,36,22,30,170.00,"5,100.00"
2019-09-18,2019091801007022,RHPL,36,19,50,170.00,"8,500.00"
2019-09-18,2019091801007008,RHPL,4,38,40,169.00,"6,760.00"
2019-09-18,2019091801007128,RHPL,58,1,30,171.00,"5,130.00"
2019-09-18,2019091801007127,RHPL,58,1,30,171.00,"5,130.00"
2019-09-18,2019091801007126,RHPL,58,1,30,171.00,"5,130.00"
2019-09-18,2019091801007113,RHPL,36,22,30,170.00,"5,100.00"
2019-09-18,2019091801007101,RHPL,29,38,20,171.00,"3,420.00"
2019-09-18,2019091801007100,RHPL,29,1,20,171.00,"3,420.00"
2019-09-18,2019091801007188,RHPL,36,42,10,170.00,"1,700.00"
2019-09-18,2019091801007133,RHPL,58,58,30,172.00,"5,160.00"
2019-09-18,2019091801007132,RHPL,58,54,40,171.00,"6,840.00"
2019-09-18,2019091801007131,RHPL,58,38,980,171.00,"167,580.00"
2019-09-18,2019091801007130,RHPL,58,1,30,171.00,"5,130.00"
2019-09-18,2019091801007129,RHPL,58,1,30,171.00,"5,130.00"
2019-09-18,2019091801007309,RHPL,36,36,40,170.00,"6,800.00"
2019-09-18,2019091801007306,RHPL,36,26,100,170.00,"17,000.00"
2019-09-18,2019091801007255,RHPL,36,22,30,170.00,"5,100.00"
2019-09-18,2019091801007227,RHPL,36,57,50,170.00,"8,500.00"
2019-09-18,2019091801007203,RHPL,36,38,40,170.00,"6,800.00"
2019-09-18,2019091801007198,RHPL,36,22,30,170.00,"5,100.00"
2019-09-18,2019091801007194,RSDC,58,41,20,339.00,"6,780.00"
2019-09-18,2019091801007315,SABSL,57,41,10,473.00,"4,730.00"
2019-09-18,2019091801007185,SABSL,57,38,10,473.00,"4,730.00"
2019-09-18,2019091801007082,SABSL,57,28,10,473.00,"4,730.00"
2019-09-18,2019091801007063,SABSL,57,38,10,473.00,"4,730.00"
2019-09-18,2019091801007055,SABSL,57,28,10,473.00,"4,730.00"
2019-09-18,2019091801007030,SABSL,57,28,10,473.00,"4,730.00"
2019-09-18,2019091801007011,SABSL,57,28,10,473.00,"4,730.00"
2019-09-18,2019091801006974,SABSL,57,28,10,473.00,"4,730.00"
2019-09-18,2019091801006929,SABSL,57,28,10,473.00,"4,730.00"
2019-09-18,2019091801007346,SADBL,59,47,100,142.00,"14,200.00"
2019-09-18,2019091801007228,SADBL,16,47,10,142.00,"1,420.00"
2019-09-18,2019091801007268,SANIMA,22,6,20,354.00,"7,080.00"
2019-09-18,2019091801007197,SANIMA,22,6,50,354.00,"17,700.00"
2019-09-18,2019091801007153,SANIMA,25,6,10,354.00,"3,540.00"
2019-09-18,2019091801006921,SANIMA,52,8,500,353.00,"176,500.00"
2019-09-18,2019091801007261,SBI,40,58,203,428.00,"86,884.00"
2019-09-18,2019091801007260,SBI,40,58,500,428.00,"214,000.00"
2019-09-18,2019091801007259,SBI,40,43,103,428.00,"44,084.00"
2019-09-18,2019091801006952,SBI,45,43,10,428.00,"4,280.00"
2019-09-18,2019091801006928,SBI,45,40,128,418.00,"53,504.00"
2019-09-18,2019091801006917,SBI,3,40,50,418.00,"20,900.00"
2019-09-18,2019091801006909,SBI,34,40,200,418.00,"83,600.00"
2019-09-18,2019091801006905,SBI,45,40,250,418.00,"104,500.00"
2019-09-18,2019091801006885,SBI,22,40,200,418.00,"83,600.00"
2019-09-18,2019091801007369,SBL,33,54,30,332.00,"9,960.00"
2019-09-18,2019091801007343,SBL,51,54,50,332.00,"16,600.00"
2019-09-18,2019091801007285,SBL,22,54,20,332.00,"6,640.00"
2019-09-18,2019091801007226,SBL,22,54,50,332.00,"16,600.00"
2019-09-18,2019091801007045,SBL,59,54,300,332.00,"99,600.00"
2019-09-18,2019091801006927,SBL,32,11,"1,337",332.00,"443,884.00"
2019-09-18,2019091801006926,SBL,32,44,280,332.00,"92,960.00"
2019-09-18,2019091801007294,SCB,17,41,100,581.00,"58,100.00"
2019-09-18,2019091801006994,SCB,43,41,500,581.00,"290,500.00"
2019-09-18,2019091801006918,SCB,49,41,50,580.00,"29,000.00"
2019-09-18,2019091801007229,SDESI,45,6,16,620.00,"9,920.00"
2019-09-18,2019091801007117,SFFIL,6,22,300,249.00,"74,700.00"
2019-09-18,2019091801007348,SHIVM,14,37,50,590.00,"29,500.00"
2019-09-18,2019091801007347,SHIVM,14,32,50,590.00,"29,500.00"
2019-09-18,2019091801007304,SHIVM,7,57,480,591.00,"283,680.00"
2019-09-18,2019091801007303,SHIVM,7,38,20,591.00,"11,820.00"
2019-09-18,2019091801007298,SHIVM,14,6,10,590.00,"5,900.00"
2019-09-18,2019091801006903,SHIVM,43,50,100,592.00,"59,200.00"
2019-09-18,2019091801006888,SHIVM,38,32,800,592.00,"473,600.00"
2019-09-18,2019091801006887,SHIVM,38,48,300,591.00,"177,300.00"
2019-09-18,2019091801006886,SHIVM,38,34,50,591.00,"29,550.00"
2019-09-18,2019091801006879,SHIVM,53,40,100,590.00,"59,000.00"
2019-09-18,2019091801006975,SHIVM,53,8,100,593.00,"59,300.00"
2019-09-18,2019091801006924,SHIVM,52,6,50,591.00,"29,550.00"
2019-09-18,2019091801006923,SHIVM,58,4,543,592.00,"321,456.00"
2019-09-18,2019091801006911,SHIVM,18,4,30,592.00,"17,760.00"
2019-09-18,2019091801006910,SHIVM,43,4,75,592.00,"44,400.00"
2019-09-18,2019091801006906,SHIVM,43,56,25,592.00,"14,800.00"
2019-09-18,2019091801007097,SHIVM,49,58,420,593.00,"249,060.00"
2019-09-18,2019091801007096,SHIVM,49,50,200,593.00,"118,600.00"
2019-09-18,2019091801007095,SHIVM,49,7,200,593.00,"118,600.00"
2019-09-18,2019091801007094,SHIVM,49,25,50,593.00,"29,650.00"
2019-09-18,2019091801007093,SHIVM,49,44,130,593.00,"77,090.00"
2019-09-18,2019091801006976,SHIVM,53,44,70,593.00,"41,510.00"
2019-09-18,2019091801007210,SHIVM,50,35,100,592.00,"59,200.00"
2019-09-18,2019091801007183,SHIVM,21,4,100,591.00,"59,100.00"
2019-09-18,2019091801007134,SHIVM,43,4,500,589.00,"294,500.00"
2019-09-18,2019091801007104,SHIVM,48,56,250,590.00,"147,500.00"
2019-09-18,2019091801007103,SHIVM,42,56,150,591.00,"88,650.00"
2019-09-18,2019091801007115,SHL,58,48,275,223.00,"61,325.00"
2019-09-18,2019091801007083,SHL,58,16,225,222.00,"49,950.00"
2019-09-18,2019091801007032,SHL,49,28,300,221.00,"66,300.00"
2019-09-18,2019091801007017,SHL,53,28,500,221.00,"110,500.00"
2019-09-18,2019091801006977,SHL,39,28,100,221.00,"22,100.00"
2019-09-18,2019091801006962,SHL,39,28,100,221.00,"22,100.00"
2019-09-18,2019091801007282,SHPC,16,6,22,203.00,"4,466.00"
2019-09-18,2019091801007195,SHPC,51,28,50,206.00,"10,300.00"
2019-09-18,2019091801006967,SHPC,57,49,100,205.00,"20,500.00"
2019-09-18,2019091801006907,SHPC,22,21,200,204.00,"40,800.00"
2019-09-18,2019091801006892,SHPC,11,21,400,204.00,"81,600.00"
2019-09-18,2019091801007028,SICL,35,10,10,750.00,"7,500.00"
2019-09-18,2019091801006951,SICL,38,28,100,746.00,"74,600.00"
2019-09-18,2019091801007027,SIL,59,36,40,390.00,"15,600.00"
2019-09-18,2019091801007374,SJCL,44,22,20,180.00,"3,600.00"
2019-09-18,2019091801007371,SJCL,44,38,20,180.00,"3,600.00"
2019-09-18,2019091801007366,SJCL,44,42,"1,574",180.00,"283,320.00"
2019-09-18,2019091801007365,SJCL,44,41,10,180.00,"1,800.00"
2019-09-18,2019091801007330,SJCL,44,38,20,180.00,"3,600.00"
2019-09-18,2019091801007265,SJCL,5,35,30,181.00,"5,430.00"
2019-09-18,2019091801006899,SJCL,44,22,10,179.00,"1,790.00"
2019-09-18,2019091801007058,SJCL,44,22,20,180.00,"3,600.00"
2019-09-18,2019091801007019,SJCL,44,38,20,180.00,"3,600.00"
2019-09-18,2019091801007015,SJCL,44,38,20,180.00,"3,600.00"
2019-09-18,2019091801007005,SJCL,38,22,10,180.00,"1,800.00"
2019-09-18,2019091801006963,SJCL,38,38,20,180.00,"3,600.00"
2019-09-18,2019091801006961,SJCL,38,22,20,180.00,"3,600.00"
2019-09-18,2019091801007139,SJCL,29,32,100,181.00,"18,100.00"
2019-09-18,2019091801007125,SJCL,44,22,20,180.00,"3,600.00"
2019-09-18,2019091801007114,SJCL,44,57,20,180.00,"3,600.00"
2019-09-18,2019091801007112,SJCL,36,32,30,181.00,"5,430.00"
2019-09-18,2019091801007111,SJCL,36,59,20,181.00,"3,620.00"
2019-09-18,2019091801007060,SJCL,44,38,10,180.00,"1,800.00"
2019-09-18,2019091801007248,SJCL,58,19,10,182.00,"1,820.00"
2019-09-18,2019091801007247,SJCL,58,54,20,182.00,"3,640.00"
2019-09-18,2019091801007246,SJCL,58,17,20,182.00,"3,640.00"
2019-09-18,2019091801007221,SJCL,5,38,20,181.00,"3,620.00"
2019-09-18,2019091801007209,SJCL,5,22,20,181.00,"3,620.00"
2019-09-18,2019091801007206,SJCL,5,42,10,181.00,"1,810.00"
2019-09-18,2019091801007239,SKBBL,38,1,100,950.00,"95,000.00"
2019-09-18,2019091801007035,SLBBL,20,19,100,550.00,"55,000.00"
2019-09-18,2019091801007252,SLBSL,33,38,10,695.00,"6,950.00"
2019-09-18,2019091801006944,SLICL,49,26,20,290.00,"5,800.00"
2019-09-18,2019091801006922,SLICL,49,59,30,290.00,"8,700.00"
2019-09-18,2019091801007312,SMFBS,34,38,10,805.00,"8,050.00"
2019-09-18,2019091801007182,SMFBS,34,40,10,813.00,"8,130.00"
2019-09-18,2019091801007181,SMFBS,34,6,10,810.00,"8,100.00"
2019-09-18,2019091801007180,SMFBS,34,22,10,810.00,"8,100.00"
2019-09-18,2019091801007179,SMFBS,34,13,10,809.00,"8,090.00"
2019-09-18,2019091801006937,SMFDB,6,21,15,545.00,"8,175.00"
2019-09-18,2019091801006933,SPARS,34,26,10,604.00,"6,040.00"
2019-09-18,2019091801006893,SPARS,34,34,30,593.00,"17,790.00"
2019-09-18,2019091801006882,SPARS,34,34,50,583.00,"29,150.00"
2019-09-18,2019091801006881,SPARS,34,26,10,583.00,"5,830.00"
2019-09-18,2019091801007344,SPDL,56,36,10,70.00,700.00
2019-09-18,2019091801007297,SRBL,4,58,935,242.00,"226,270.00"
2019-09-18,2019091801007296,SRBL,53,58,65,242.00,"15,730.00"
2019-09-18,2019091801007264,SRBL,40,42,610,243.00,"148,230.00"
2019-09-18,2019091801007263,SRBL,40,46,110,243.00,"26,730.00"
2019-09-18,2019091801007262,SRBL,40,1,280,243.00,"68,040.00"
2019-09-18,2019091801007233,SRBL,48,1,220,243.00,"53,460.00"
2019-09-18,2019091801007232,SRBL,48,54,100,243.00,"24,300.00"
2019-09-18,2019091801007201,SRBL,57,54,100,243.00,"24,300.00"
2019-09-18,2019091801006897,SRBL,48,42,31,242.00,"7,502.00"
2019-09-18,2019091801006890,SRBL,48,51,200,242.00,"48,400.00"
2019-09-18,2019091801006919,UFL,40,35,100,182.00,"18,200.00"
2019-09-18,2019091801007023,UIC,17,51,40,280.00,"11,200.00"
2019-09-18,2019091801007322,UPPER,14,6,50,245.00,"12,250.00"
2019-09-18,2019091801007308,UPPER,25,4,"1,000",246.00,"246,000.00"
2019-09-18,2019091801006988,UPPER,52,4,100,244.00,"24,400.00"
2019-09-18,2019091801006987,UPPER,33,4,665,244.00,"162,260.00"
2019-09-18,2019091801006986,UPPER,19,4,500,245.00,"122,500.00"
2019-09-18,2019091801006985,UPPER,38,4,200,245.00,"49,000.00"
2019-09-18,2019091801006984,UPPER,43,4,200,245.00,"49,000.00"
2019-09-18,2019091801006983,UPPER,35,4,50,245.00,"12,250.00"
2019-09-18,2019091801006991,UPPER,47,4,985,244.00,"240,340.00"
2019-09-18,2019091801006990,UPPER,29,4,"1,000",244.00,"244,000.00"
2019-09-18,2019091801006989,UPPER,36,4,100,244.00,"24,400.00"
2019-09-18,2019091801007161,UPPER,33,56,55,249.00,"13,695.00"
2019-09-18,2019091801007110,UPPER,33,48,100,248.00,"24,800.00"
2019-09-18,2019091801007109,UPPER,33,4,"2,000",247.00,"494,000.00"
2019-09-18,2019091801007108,UPPER,33,28,40,247.00,"9,880.00"
2019-09-18,2019091801007062,UPPER,44,4,"2,000",246.00,"492,000.00"
2019-09-18,2019091801007230,UPPER,44,4,"1,000",246.00,"246,000.00"
2019-09-18,2019091801007166,UPPER,33,56,255,249.00,"63,495.00"
2019-09-18,2019091801007165,UPPER,33,36,200,249.00,"49,800.00"
2019-09-18,2019091801007164,UPPER,33,56,500,249.00,"124,500.00"
2019-09-18,2019091801007163,UPPER,33,32,800,249.00,"199,200.00"
2019-09-18,2019091801007162,UPPER,33,26,50,249.00,"12,450.00"
2019-09-18,2019091801007290,VLBS,33,22,39,560.00,"21,840.00"
2019-09-18,2019091801007289,VLBS,33,50,10,560.00,"5,600.00"
2019-09-18,2019091801006712,ADBL,59,45,100,423.00,"42,300.00"
2019-09-18,2019091801006669,ADBL,38,45,32,423.00,"13,536.00"
2019-09-18,2019091801006668,ADBL,38,22,18,423.00,"7,614.00"
2019-09-18,2019091801006630,ADBL,38,35,254,422.00,"107,188.00"
2019-09-18,2019091801006629,ADBL,38,35,"1,000",422.00,"422,000.00"
2019-09-18,2019091801006628,ADBL,48,35,100,422.00,"42,200.00"
2019-09-18,2019091801006627,ADBL,38,35,646,422.00,"272,612.00"
2019-09-18,2019091801006613,ADBL,38,7,14,422.00,"5,908.00"
2019-09-18,2019091801006452,ADBL,38,39,125,422.00,"52,750.00"
2019-09-18,2019091801006451,ADBL,38,39,100,422.00,"42,200.00"
2019-09-18,2019091801006450,ADBL,38,41,40,422.00,"16,880.00"
2019-09-18,2019091801006449,ADBL,38,57,75,422.00,"31,650.00"
2019-09-18,2019091801006797,AHPC,34,43,115,100.00,"11,500.00"
2019-09-18,2019091801006685,AHPC,26,6,27,100.00,"2,700.00"
2019-09-18,2019091801006684,AHPC,26,46,200,100.00,"20,000.00"
2019-09-18,2019091801006864,AKBSL,1,38,10,430.00,"4,300.00"
2019-09-18,2019091801006704,AKBSL,1,33,90,435.00,"39,150.00"
2019-09-18,2019091801006683,AKBSL,57,38,10,429.00,"4,290.00"
2019-09-18,2019091801006681,AKBSL,57,38,10,429.00,"4,290.00"
2019-09-18,2019091801006453,AKBSL,51,33,100,430.00,"43,000.00"
2019-09-18,2019091801006404,AKBSL,52,21,10,430.00,"4,300.00"
2019-09-18,2019091801006380,ALBSL,38,38,10,433.00,"4,330.00"
2019-09-18,2019091801006877,ALICL,25,58,400,329.00,"131,600.00"
2019-09-18,2019091801006862,ALICL,26,58,20,329.00,"6,580.00"
2019-09-18,2019091801006834,ALICL,49,58,50,329.00,"16,450.00"
2019-09-18,2019091801006806,ALICL,19,58,50,329.00,"16,450.00"
2019-09-18,2019091801006545,ALICL,49,36,30,335.00,"10,050.00"
2019-09-18,2019091801006486,ALICL,49,54,362,329.00,"119,098.00"
2019-09-18,2019091801006385,ALICL,49,36,100,325.00,"32,500.00"
2019-09-18,2019091801006384,ALICL,49,53,80,325.00,"26,000.00"
2019-09-18,2019091801006383,ALICL,49,28,500,324.00,"162,000.00"
2019-09-18,2019091801006382,ALICL,49,48,27,324.00,"8,748.00"
2019-09-18,2019091801006381,ALICL,49,59,266,323.00,"85,918.00"
2019-09-18,2019091801006485,ALICL,49,54,250,329.00,"82,250.00"
2019-09-18,2019091801006484,ALICL,49,37,450,329.00,"148,050.00"
2019-09-18,2019091801006483,ALICL,49,25,300,328.00,"98,400.00"
2019-09-18,2019091801006482,ALICL,49,8,200,327.00,"65,400.00"
2019-09-18,2019091801006481,ALICL,49,32,300,326.00,"97,800.00"
2019-09-18,2019091801006480,ALICL,49,35,50,326.00,"16,300.00"
2019-09-18,2019091801006830,API,25,38,30,118.00,"3,540.00"
2019-09-18,2019091801006829,API,25,20,100,117.00,"11,700.00"
2019-09-18,2019091801006439,API,16,38,800,117.00,"93,600.00"
2019-09-18,2019091801006755,BBC,48,29,20,"1,407.00","28,140.00"
2019-09-18,2019091801006640,CBBL,29,45,10,975.00,"9,750.00"
2019-09-18,2019091801006395,CBBL,29,41,180,973.00,"175,140.00"
2019-09-18,2019091801006394,CBBL,29,38,100,972.00,"97,200.00"
2019-09-18,2019091801006393,CBBL,29,43,10,972.00,"9,720.00"
2019-09-18,2019091801006873,CBL,34,1,"2,295",146.00,"335,070.00"
2019-09-18,2019091801006872,CBL,34,44,"2,705",146.00,"394,930.00"
2019-09-18,2019091801006762,CBL,58,44,"2,067",145.00,"299,715.00"
2019-09-18,2019091801006700,CBL,34,44,100,145.00,"14,500.00"
2019-09-18,2019091801006579,CBL,28,44,200,145.00,"29,000.00"
2019-09-18,2019091801006578,CBL,44,44,200,145.00,"29,000.00"
2019-09-18,2019091801006577,CBL,34,44,300,145.00,"43,500.00"
2019-09-18,2019091801006576,CBL,26,44,133,145.00,"19,285.00"
2019-09-18,2019091801006804,CEFL,4,42,"1,000",99.00,"99,000.00"
2019-09-18,2019091801006437,CHCL,41,43,20,431.00,"8,620.00"
2019-09-18,2019091801006839,CLBSL,57,8,11,508.00,"5,588.00"
2019-09-18,2019091801006838,CLBSL,57,6,10,508.00,"5,080.00"
2019-09-18,2019091801006665,CZBIL,36,25,200,201.00,"40,200.00"
2019-09-18,2019091801006530,CZBIL,52,47,10,200.00,"2,000.00"
2019-09-18,2019091801006848,DBBL,46,49,70,128.00,"8,960.00"
2019-09-18,2019091801006847,DBBL,17,49,300,128.00,"38,400.00"
2019-09-18,2019091801006846,DBBL,21,49,500,128.00,"64,000.00"
2019-09-18,2019091801006845,DBBL,32,49,"1,500",128.00,"192,000.00"
2019-09-18,2019091801006844,DBBL,59,49,100,128.00,"12,800.00"
2019-09-18,2019091801006843,DBBL,34,49,800,128.00,"102,400.00"
2019-09-18,2019091801006592,DBBL,32,49,"1,000",129.00,"129,000.00"
2019-09-18,2019091801006535,DBBL,38,49,"2,500",129.00,"322,500.00"
2019-09-18,2019091801006842,DBBL,51,49,100,128.00,"12,800.00"
2019-09-18,2019091801006841,DBBL,1,49,500,128.00,"64,000.00"
2019-09-18,2019091801006840,DBBL,51,49,20,128.00,"2,560.00"
2019-09-18,2019091801006643,DBBL,56,32,212,129.00,"27,348.00"
2019-09-18,2019091801006642,DBBL,56,49,852,129.00,"109,908.00"
2019-09-18,2019091801006614,DBBL,59,49,500,129.00,"64,500.00"
2019-09-18,2019091801006766,DDBL,48,42,74,740.00,"54,760.00"
2019-09-18,2019091801006765,DDBL,48,7,26,740.00,"19,240.00"
2019-09-18,2019091801006758,DDBL,48,19,100,739.00,"73,900.00"
2019-09-18,2019091801006851,EBL,49,57,50,587.00,"29,350.00"
2019-09-18,2019091801006795,EBL,48,28,100,586.00,"58,600.00"
2019-09-18,2019091801006747,EBL,34,44,100,585.00,"58,500.00"
2019-09-18,2019091801006746,EBL,34,38,100,585.00,"58,500.00"
2019-09-18,2019091801006745,EBL,34,11,190,585.00,"111,150.00"
2019-09-18,2019091801006667,EBL,17,6,187,583.00,"109,021.00"
2019-09-18,2019091801006523,EBL,17,6,13,583.00,"7,579.00"
2019-09-18,2019091801006522,EBL,17,18,37,583.00,"21,571.00"
2019-09-18,2019091801006515,EBL,5,18,50,583.00,"29,150.00"
2019-09-18,2019091801006677,FMDBL,58,49,500,386.00,"193,000.00"
2019-09-18,2019091801006676,FMDBL,58,59,150,385.00,"57,750.00"
2019-09-18,2019091801006837,FOWAD,50,34,26,"1,285.00","33,410.00"
2019-09-18,2019091801006549,FOWAD,56,34,26,"1,285.00","33,410.00"
2019-09-18,2019091801006798,GBBL,56,1,100,214.00,"21,400.00"
2019-09-18,2019091801006660,GBLBS,55,40,70,341.00,"23,870.00"
2019-09-18,2019091801006659,GBLBS,55,6,30,340.00,"10,200.00"
2019-09-18,2019091801006584,GDBL,26,26,333,210.00,"69,930.00"
2019-09-18,2019091801006805,GLBSL,42,38,60,469.00,"28,140.00"
2019-09-18,2019091801006773,GLBSL,42,43,10,463.00,"4,630.00"
2019-09-18,2019091801006772,GLBSL,42,6,10,462.00,"4,620.00"
2019-09-18,2019091801006771,GLBSL,42,51,10,462.00,"4,620.00"
2019-09-18,2019091801006803,GLICL,49,38,10,383.00,"3,830.00"
2019-09-18,2019091801006757,GLICL,56,34,10,377.00,"3,770.00"
2019-09-18,2019091801006756,GLICL,49,34,10,377.00,"3,770.00"
2019-09-18,2019091801006648,GLICL,57,13,22,370.00,"8,140.00"
2019-09-18,2019091801006697,GMFBS,45,38,10,477.00,"4,770.00"
2019-09-18,2019091801006528,HBL,41,6,221,515.00,"113,815.00"
2019-09-18,2019091801006809,HDL,42,56,30,"1,534.00","46,020.00"
2019-09-18,2019091801006727,HDL,42,58,200,"1,534.00","306,800.00"
2019-09-18,2019091801006546,HGI,17,45,190,286.00,"54,340.00"
2019-09-18,2019091801006520,HGI,49,45,10,286.00,"2,860.00"
2019-09-18,2019091801006633,HIDCL,5,8,105,138.00,"14,490.00"
2019-09-18,2019091801006861,ILBS,19,22,10,438.00,"4,380.00"
2019-09-18,2019091801006703,ILBS,19,38,10,438.00,"4,380.00"
2019-09-18,2019091801006646,ILBS,19,22,10,438.00,"4,380.00"
2019-09-18,2019091801006605,ILBS,22,38,10,445.00,"4,450.00"
2019-09-18,2019091801006551,JFL,36,32,500,197.00,"98,500.00"
2019-09-18,2019091801006519,JFL,8,40,54,195.00,"10,530.00"
2019-09-18,2019091801006787,KBL,52,51,100,185.00,"18,500.00"
2019-09-18,2019091801006387,KBL,58,51,500,185.00,"92,500.00"
2019-09-18,2019091801006800,KPCL,22,38,10,79.00,790.00
2019-09-18,2019091801006751,KPCL,22,38,10,79.00,790.00
2019-09-18,2019091801006735,KPCL,22,38,10,79.00,790.00
2019-09-18,2019091801006693,KPCL,22,38,10,79.00,790.00
2019-09-18,2019091801006390,KPCL,22,38,10,79.00,790.00
2019-09-18,2019091801006645,KPCL,22,38,10,79.00,790.00
2019-09-18,2019091801006796,KRBL,38,46,100,103.00,"10,300.00"
2019-09-18,2019091801006447,KRBL,38,6,20,105.00,"2,100.00"
2019-09-18,2019091801006653,LBL,26,53,"1,000",219.00,"219,000.00"
2019-09-18,2019091801006534,LBL,42,25,100,220.00,"22,000.00"
2019-09-18,2019091801006389,LGIL,36,44,200,374.00,"74,800.00"
2019-09-18,2019091801006644,LLBS,18,41,20,687.00,"13,740.00"
2019-09-18,2019091801006875,MEGA,13,46,10,201.00,"2,010.00"
2019-09-18,2019091801006524,MEGA,58,48,50,200.00,"10,000.00"
2019-09-18,2019091801006487,MEGA,36,8,200,201.00,"40,200.00"
2019-09-18,2019091801006744,MEGA,19,46,14,201.00,"2,814.00"
2019-09-18,2019091801006743,MEGA,19,37,136,201.00,"27,336.00"
2019-09-18,2019091801006742,MEGA,19,47,100,201.00,"20,100.00"
2019-09-18,2019091801006689,MERO,43,33,256,560.00,"143,360.00"
2019-09-18,2019091801006849,MFIL,32,42,33,124.00,"4,092.00"
2019-09-18,2019091801006831,MHNL,52,43,20,85.00,"1,700.00"
2019-09-18,2019091801006790,MLBL,4,47,100,212.00,"21,200.00"
2019-09-18,2019091801006789,MLBL,4,47,200,212.00,"42,400.00"
2019-09-18,2019091801006788,MLBL,14,47,181,212.00,"38,372.00"
2019-09-18,2019091801006719,MLBL,21,38,150,213.00,"31,950.00"
2019-09-18,2019091801006718,MLBL,21,40,"1,000",213.00,"213,000.00"
2019-09-18,2019091801006717,MLBL,21,57,144,213.00,"30,672.00"
2019-09-18,2019091801006641,MLBL,14,7,21,212.00,"4,452.00"
2019-09-18,2019091801006802,MNBBL,45,44,10,313.00,"3,130.00"
2019-09-18,2019091801006870,NABIL,34,46,367,773.00,"283,691.00"
2019-09-18,2019091801006715,NABIL,40,6,50,775.00,"38,750.00"
2019-09-18,2019091801006714,NABIL,40,52,50,775.00,"38,750.00"
2019-09-18,2019091801006707,NAGRO,34,34,10,769.00,"7,690.00"
2019-09-18,2019091801006507,NAGRO,48,43,10,760.00,"7,600.00"
2019-09-18,2019091801006506,NAGRO,48,59,10,760.00,"7,600.00"
2019-09-18,2019091801006505,NAGRO,48,34,20,759.00,"15,180.00"
2019-09-18,2019091801006504,NAGRO,48,48,10,758.00,"7,580.00"
2019-09-18,2019091801006850,NBB,6,49,"1,000",215.00,"215,000.00"
2019-09-18,2019091801006733,NBB,22,41,500,214.00,"107,000.00"
2019-09-18,2019091801006732,NBB,22,38,58,214.00,"12,412.00"
2019-09-18,2019091801006731,NBB,22,51,690,214.00,"147,660.00"
2019-09-18,2019091801006690,NBB,4,51,"1,000",214.00,"214,000.00"
2019-09-18,2019091801006826,NBL,45,28,980,323.00,"316,540.00"
2019-09-18,2019091801006825,NBL,45,19,"1,500",323.00,"484,500.00"
2019-09-18,2019091801006824,NBL,45,32,500,323.00,"161,500.00"
2019-09-18,2019091801006823,NBL,45,14,200,323.00,"64,600.00"
2019-09-18,2019091801006822,NBL,45,25,500,323.00,"161,500.00"
2019-09-18,2019091801006821,NBL,45,25,400,323.00,"129,200.00"
2019-09-18,2019091801006512,NBL,38,6,500,320.00,"160,000.00"
2019-09-18,2019091801006392,NBL,6,6,457,320.00,"146,240.00"
2019-09-18,2019091801006391,NBL,6,48,543,320.00,"173,760.00"
2019-09-18,2019091801006388,NBL,45,48,50,320.00,"16,000.00"
2019-09-18,2019091801006688,NBL,49,58,700,321.00,"224,700.00"
2019-09-18,2019091801006687,NBL,49,7,200,321.00,"64,200.00"
2019-09-18,2019091801006686,NBL,49,44,400,321.00,"128,400.00"
2019-09-18,2019091801006521,NBL,36,44,100,321.00,"32,100.00"
2019-09-18,2019091801006518,NBL,46,25,500,320.00,"160,000.00"
2019-09-18,2019091801006517,NBL,46,6,43,320.00,"13,760.00"
2019-09-18,2019091801006814,NBL,45,25,100,322.00,"32,200.00"
2019-09-18,2019091801006813,NBL,45,51,200,322.00,"64,400.00"
2019-09-18,2019091801006812,NBL,45,25,500,322.00,"161,000.00"
2019-09-18,2019091801006811,NBL,45,32,700,322.00,"225,400.00"
2019-09-18,2019091801006696,NBL,49,35,"1,000",321.00,"321,000.00"
2019-09-18,2019091801006695,NBL,49,58,300,321.00,"96,300.00"
2019-09-18,2019091801006820,NBL,45,28,"1,000",322.00,"322,000.00"
2019-09-18,2019091801006819,NBL,45,45,100,322.00,"32,200.00"
2019-09-18,2019091801006818,NBL,45,34,"1,000",322.00,"322,000.00"
2019-09-18,2019091801006817,NBL,45,18,200,322.00,"64,400.00"
2019-09-18,2019091801006816,NBL,45,28,"1,000",322.00,"322,000.00"
2019-09-18,2019091801006815,NBL,45,51,500,322.00,"161,000.00"
2019-09-18,2019091801006741,NCCB,22,32,125,201.00,"25,125.00"
2019-09-18,2019091801006740,NCCB,22,34,375,201.00,"75,375.00"
2019-09-18,2019091801006680,NHPC,14,56,30,57.00,"1,710.00"
2019-09-18,2019091801006679,NHPC,14,56,10,56.00,560.00
2019-09-18,2019091801006548,NHPC,52,56,490,56.00,"27,440.00"
2019-09-18,2019091801006833,NIB,49,11,35,449.00,"15,715.00"
2019-09-18,2019091801006702,NIB,58,11,100,449.00,"44,900.00"
2019-09-18,2019091801006692,NIB,41,11,65,449.00,"29,185.00"
2019-09-18,2019091801006808,NIBPO,49,11,20,424.00,"8,480.00"
2019-09-18,2019091801006626,NIBPO,49,17,80,424.00,"33,920.00"
2019-09-18,2019091801006525,NIBPO,28,17,20,424.00,"8,480.00"
2019-09-18,2019091801006438,NIBPO,4,28,15,417.00,"6,255.00"
2019-09-18,2019091801006705,NICA,59,39,100,393.00,"39,300.00"
2019-09-18,2019091801006655,NICA,28,39,10,393.00,"3,930.00"
2019-09-18,2019091801006654,NICA,28,38,90,393.00,"35,370.00"
2019-09-18,2019091801006434,NICA,33,38,100,393.00,"39,300.00"
2019-09-18,2019091801006867,NICL,19,37,100,290.00,"29,000.00"
2019-09-18,2019091801006866,NICL,19,28,100,289.00,"28,900.00"
2019-09-18,2019091801006634,NICL,33,49,50,289.00,"14,450.00"
2019-09-18,2019091801006581,NICL,19,1,120,287.00,"34,440.00"
2019-09-18,2019091801006547,NICL,29,44,50,285.00,"14,250.00"
2019-09-18,2019091801006414,NICL,38,25,30,284.00,"8,520.00"
2019-09-18,2019091801006413,NICL,38,56,100,284.00,"28,400.00"
2019-09-18,2019091801006513,NICL,49,56,100,285.00,"28,500.00"
2019-09-18,2019091801006502,NICL,49,21,92,285.00,"26,220.00"
2019-09-18,2019091801006498,NICL,45,21,200,285.00,"57,000.00"
2019-09-18,2019091801006446,NICL,53,21,200,285.00,"57,000.00"
2019-09-18,2019091801006445,NICL,53,34,300,285.00,"85,500.00"
2019-09-18,2019091801006415,NICL,38,26,98,284.00,"27,832.00"
2019-09-18,2019091801006752,NIL,39,37,50,381.00,"19,050.00"
2019-09-18,2019091801006602,NIL,49,21,10,380.00,"3,800.00"
2019-09-18,2019091801006855,NLBBL,58,51,150,522.00,"78,300.00"
2019-09-18,2019091801006854,NLBBL,58,6,25,522.00,"13,050.00"
2019-09-18,2019091801006874,NLIC,13,56,10,786.00,"7,860.00"
2019-09-18,2019091801006865,NLIC,42,57,10,788.00,"7,880.00"
2019-09-18,2019091801006827,NLIC,13,56,50,785.00,"39,250.00"
2019-09-18,2019091801006713,NLIC,25,4,100,786.00,"78,600.00"
2019-09-18,2019091801006691,NLIC,22,4,100,786.00,"78,600.00"
2019-09-18,2019091801006604,NLIC,45,4,200,785.00,"157,000.00"
2019-09-18,2019091801006421,NLIC,51,10,50,782.00,"39,100.00"
2019-09-18,2019091801006420,NLIC,51,42,20,781.00,"15,620.00"
2019-09-18,2019091801006417,NLIC,55,34,69,780.00,"53,820.00"
2019-09-18,2019091801006396,NLIC,17,28,100,779.00,"77,900.00"
2019-09-18,2019091801006442,NLIC,22,41,237,780.00,"184,860.00"
2019-09-18,2019091801006441,NLIC,51,41,63,785.00,"49,455.00"
2019-09-18,2019091801006425,NLIC,51,45,50,785.00,"39,250.00"
2019-09-18,2019091801006424,NLIC,51,13,200,785.00,"157,000.00"
2019-09-18,2019091801006423,NLIC,51,35,17,785.00,"13,345.00"
2019-09-18,2019091801006422,NLIC,51,56,100,784.00,"78,400.00"
2019-09-18,2019091801006738,NLICL,28,28,100,499.00,"49,900.00"
2019-09-18,2019091801006682,NLICL,55,25,59,495.00,"29,205.00"
2019-09-18,2019091801006869,NMBMF,57,32,25,"1,055.00","26,375.00"
2019-09-18,2019091801006868,NMBMF,45,32,10,"1,055.00","10,550.00"
2019-09-18,2019091801006433,NTC,37,34,50,631.00,"31,550.00"
2019-09-18,2019091801006786,NUBL,51,49,95,860.00,"81,700.00"
2019-09-18,2019091801006785,NUBL,51,45,50,860.00,"43,000.00"
2019-09-18,2019091801006769,PCBL,49,47,440,268.00,"117,920.00"
2019-09-18,2019091801006729,PCBL,1,47,60,268.00,"16,080.00"
2019-09-18,2019091801006728,PCBL,1,22,40,268.00,"10,720.00"
2019-09-18,2019091801006671,PCBL,29,33,100,268.00,"26,800.00"
2019-09-18,2019091801006511,PIC,17,38,100,399.00,"39,900.00"
2019-09-18,2019091801006510,PIC,17,39,981,399.00,"391,419.00"
2019-09-18,2019091801006497,PIC,17,39,170,399.00,"67,830.00"
2019-09-18,2019091801006496,PIC,17,21,390,399.00,"155,610.00"
2019-09-18,2019091801006495,PIC,17,41,160,398.00,"63,680.00"
2019-09-18,2019091801006494,PIC,17,8,100,398.00,"39,800.00"
2019-09-18,2019091801006493,PIC,17,32,11,397.00,"4,367.00"
2019-09-18,2019091801006492,PIC,17,8,100,397.00,"39,700.00"
2019-09-18,2019091801006491,PIC,17,32,19,397.00,"7,543.00"
2019-09-18,2019091801006490,PIC,17,48,50,395.00,"19,750.00"
2019-09-18,2019091801006863,PICL,34,6,100,435.00,"43,500.00"
2019-09-18,2019091801006859,PLIC,49,42,10,355.00,"3,550.00"
2019-09-18,2019091801006858,PLIC,49,42,40,352.00,"14,080.00"
2019-09-18,2019091801006721,PLIC,52,42,10,352.00,"3,520.00"
2019-09-18,2019091801006647,PLIC,52,41,270,346.00,"93,420.00"
2019-09-18,2019091801006632,PLIC,52,41,30,346.00,"10,380.00"
2019-09-18,2019091801006603,PLIC,52,57,12,350.00,"4,200.00"
2019-09-18,2019091801006542,PLIC,52,53,100,345.00,"34,500.00"
2019-09-18,2019091801006541,PLIC,52,29,500,344.00,"172,000.00"
2019-09-18,2019091801006540,PLIC,52,46,20,344.00,"6,880.00"
2019-09-18,2019091801006539,PLIC,52,47,150,344.00,"51,600.00"
2019-09-18,2019091801006538,PLIC,52,42,100,342.00,"34,200.00"
2019-09-18,2019091801006598,PLIC,25,57,33,350.00,"11,550.00"
2019-09-18,2019091801006597,PLIC,25,38,60,350.00,"21,000.00"
2019-09-18,2019091801006596,PLIC,25,58,100,349.00,"34,900.00"
2019-09-18,2019091801006595,PLIC,25,42,50,349.00,"17,450.00"
2019-09-18,2019091801006594,PLIC,25,50,100,349.00,"34,900.00"
2019-09-18,2019091801006593,PLIC,25,47,57,346.00,"19,722.00"
2019-09-18,2019091801006807,PMHPL,14,38,10,94.00,940.00
2019-09-18,2019091801006739,PMHPL,14,38,10,94.00,940.00
2019-09-18,2019091801006698,PMHPL,14,38,10,94.00,940.00
2019-09-18,2019091801006652,PMHPL,14,38,10,94.00,940.00
2019-09-18,2019091801006419,PRIN,5,28,200,319.00,"63,800.00"
2019-09-18,2019091801006410,PRIN,49,32,200,317.00,"63,400.00"
2019-09-18,2019091801006386,PRIN,49,57,250,316.00,"79,000.00"
2019-09-18,2019091801006489,PRVU,4,52,123,268.00,"32,964.00"
2019-09-18,2019091801006488,PRVU,4,49,877,268.00,"235,036.00"
2019-09-18,2019091801006409,PRVU,43,6,191,267.00,"50,997.00"
2019-09-18,2019091801006573,RBCL,21,26,14,"9,000.00","126,000.00"
2019-09-18,2019091801006544,RBCL,22,55,10,"8,990.00","89,900.00"
2019-09-18,2019091801006412,RBCL,22,22,20,"8,990.00","179,800.00"
2019-09-18,2019091801006612,RBCLPO,33,56,20,"7,840.00","156,800.00"
2019-09-18,2019091801006852,RHPC,8,49,10,87.00,870.00
2019-09-18,2019091801006764,RHPC,39,49,275,86.00,"23,650.00"
2019-09-18,2019091801006587,RHPC,8,34,312,85.00,"26,520.00"
2019-09-18,2019091801006586,RHPC,8,33,165,84.00,"13,860.00"
2019-09-18,2019091801006585,RHPC,8,21,19,84.00,"1,596.00"
2019-09-18,2019091801006734,RHPC,8,7,200,86.00,"17,200.00"
2019-09-18,2019091801006651,RHPC,8,7,100,85.00,"8,500.00"
2019-09-18,2019091801006591,RHPC,8,7,500,86.00,"43,000.00"
2019-09-18,2019091801006590,RHPC,8,10,18,85.00,"1,530.00"
2019-09-18,2019091801006589,RHPC,8,34,100,85.00,"8,500.00"
2019-09-18,2019091801006588,RHPC,8,25,500,85.00,"42,500.00"
2019-09-18,2019091801006860,RHPL,59,25,200,170.00,"34,000.00"
2019-09-18,2019091801006828,RHPL,18,38,40,170.00,"6,800.00"
2019-09-18,2019091801006810,RHPL,18,25,40,170.00,"6,800.00"
2019-09-18,2019091801006770,RHPL,37,59,850,170.00,"144,500.00"
2019-09-18,2019091801006761,RHPL,4,38,40,169.00,"6,760.00"
2019-09-18,2019091801006759,RHPL,4,22,30,169.00,"5,070.00"
2019-09-18,2019091801006458,RHPL,58,59,40,169.00,"6,760.00"
2019-09-18,2019091801006457,RHPL,58,35,30,169.00,"5,070.00"
2019-09-18,2019091801006440,RHPL,58,22,30,168.00,"5,040.00"
2019-09-18,2019091801006403,RHPL,58,22,30,168.00,"5,040.00"
2019-09-18,2019091801006397,RHPL,58,38,40,168.00,"6,720.00"
2019-09-18,2019091801006464,RHPL,58,53,40,170.00,"6,800.00"
2019-09-18,2019091801006463,RHPL,58,53,40,170.00,"6,800.00"
2019-09-18,2019091801006462,RHPL,58,42,500,170.00,"85,000.00"
2019-09-18,2019091801006461,RHPL,58,33,500,170.00,"85,000.00"
2019-09-18,2019091801006460,RHPL,58,25,40,170.00,"6,800.00"
2019-09-18,2019091801006459,RHPL,58,47,20,169.00,"3,380.00"
2019-09-18,2019091801006470,RHPL,58,53,40,170.00,"6,800.00"
2019-09-18,2019091801006469,RHPL,58,53,50,170.00,"8,500.00"
2019-09-18,2019091801006468,RHPL,58,53,50,170.00,"8,500.00"
2019-09-18,2019091801006467,RHPL,58,53,40,170.00,"6,800.00"
2019-09-18,2019091801006466,RHPL,58,53,40,170.00,"6,800.00"
2019-09-18,2019091801006465,RHPL,58,53,50,170.00,"8,500.00"
2019-09-18,2019091801006476,RHPL,58,53,40,170.00,"6,800.00"
2019-09-18,2019091801006475,RHPL,58,53,40,170.00,"6,800.00"
2019-09-18,2019091801006474,RHPL,58,53,50,170.00,"8,500.00"
2019-09-18,2019091801006473,RHPL,58,53,50,170.00,"8,500.00"
2019-09-18,2019091801006472,RHPL,58,53,40,170.00,"6,800.00"
2019-09-18,2019091801006471,RHPL,58,53,50,170.00,"8,500.00"
2019-09-18,2019091801006600,RHPL,14,48,20,169.00,"3,380.00"
2019-09-18,2019091801006550,RHPL,14,22,30,169.00,"5,070.00"
2019-09-18,2019091801006509,RHPL,14,45,10,170.00,"1,700.00"
2019-09-18,2019091801006479,RHPL,58,45,470,170.00,"79,900.00"
2019-09-18,2019091801006478,RHPL,58,53,40,170.00,"6,800.00"
2019-09-18,2019091801006477,RHPL,58,53,40,170.00,"6,800.00"
2019-09-18,2019091801006610,RHPL,58,43,100,171.00,"17,100.00"
2019-09-18,2019091801006609,RHPL,58,35,40,171.00,"6,840.00"
2019-09-18,2019091801006608,RHPL,58,57,70,171.00,"11,970.00"
2019-09-18,2019091801006607,RHPL,58,11,20,170.00,"3,400.00"
2019-09-18,2019091801006606,RHPL,58,45,20,170.00,"3,400.00"
2019-09-18,2019091801006601,RHPL,4,22,30,169.00,"5,070.00"
2019-09-18,2019091801006748,RHPL,4,38,40,169.00,"6,760.00"
2019-09-18,2019091801006720,RHPL,37,59,150,170.00,"25,500.00"
2019-09-18,2019091801006701,RHPL,4,38,40,169.00,"6,760.00"
2019-09-18,2019091801006678,RHPL,4,38,40,169.00,"6,760.00"
2019-09-18,2019091801006661,RHPL,4,22,30,169.00,"5,070.00"
2019-09-18,2019091801006611,RHPL,58,47,10,171.00,"1,710.00"
2019-09-18,2019091801006730,SABSL,1,3,10,472.00,"4,720.00"
2019-09-18,2019091801006706,SABSL,1,38,10,472.00,"4,720.00"
2019-09-18,2019091801006657,SABSL,57,18,10,473.00,"4,730.00"
2019-09-18,2019091801006575,SABSL,38,38,10,476.00,"4,760.00"
2019-09-18,2019091801006574,SABSL,38,38,10,476.00,"4,760.00"
2019-09-18,2019091801006537,SABSL,6,50,23,478.00,"10,994.00"
2019-09-18,2019091801006536,SABSL,6,50,24,478.00,"11,472.00"
2019-09-18,2019091801006435,SABSL,38,38,10,476.00,"4,760.00"
2019-09-18,2019091801006784,SANIMA,49,6,256,354.00,"90,624.00"
2019-09-18,2019091801006783,SANIMA,49,38,527,354.00,"186,558.00"
2019-09-18,2019091801006782,SANIMA,49,4,350,354.00,"123,900.00"
2019-09-18,2019091801006781,SANIMA,49,38,500,354.00,"177,000.00"
2019-09-18,2019091801006780,SANIMA,49,57,25,354.00,"8,850.00"
2019-09-18,2019091801006779,SANIMA,49,11,"1,398",353.00,"493,494.00"
2019-09-18,2019091801006778,SANIMA,49,13,116,353.00,"40,948.00"
2019-09-18,2019091801006777,SANIMA,49,58,58,353.00,"20,474.00"
2019-09-18,2019091801006776,SANIMA,49,19,470,353.00,"165,910.00"
2019-09-18,2019091801006775,SANIMA,49,8,"1,000",353.00,"353,000.00"
2019-09-18,2019091801006774,SANIMA,49,3,300,352.00,"105,600.00"
2019-09-18,2019091801006673,SANIMA,49,8,100,351.00,"35,100.00"
2019-09-18,2019091801006857,SBI,45,40,10,418.00,"4,180.00"
2019-09-18,2019091801006432,SBI,39,55,26,407.00,"10,582.00"
2019-09-18,2019091801006431,SBI,39,55,50,407.00,"20,350.00"
2019-09-18,2019091801006430,SBI,45,55,100,408.00,"40,800.00"
2019-09-18,2019091801006429,SBI,17,55,10,410.00,"4,100.00"
2019-09-18,2019091801006428,SBI,50,55,48,410.00,"19,680.00"
2019-09-18,2019091801006427,SBI,45,55,42,410.00,"17,220.00"
2019-09-18,2019091801006402,SBI,45,55,458,410.00,"187,780.00"
2019-09-18,2019091801006401,SBI,50,55,100,410.00,"41,000.00"
2019-09-18,2019091801006400,SBI,25,55,100,411.00,"41,100.00"
2019-09-18,2019091801006399,SBI,25,55,200,411.00,"82,200.00"
2019-09-18,2019091801006398,SBI,42,55,50,411.00,"20,550.00"
2019-09-18,2019091801006876,SBL,22,44,20,332.00,"6,640.00"
2019-09-18,2019091801006793,SBL,43,32,170,331.00,"56,270.00"
2019-09-18,2019091801006763,SBL,45,44,100,331.00,"33,100.00"
2019-09-18,2019091801006711,SBL,43,44,500,331.00,"165,500.00"
2019-09-18,2019091801006664,SBL,3,44,300,331.00,"99,300.00"
2019-09-18,2019091801006663,SBL,47,44,300,331.00,"99,300.00"
2019-09-18,2019091801006662,SBL,43,44,800,331.00,"264,800.00"
2019-09-18,2019091801006658,SBL,58,44,100,332.00,"33,200.00"
2019-09-18,2019091801006631,SBL,43,10,200,331.00,"66,200.00"
2019-09-18,2019091801006516,SBL,39,44,200,332.00,"66,400.00"
2019-09-18,2019091801006418,SBL,54,44,300,332.00,"99,600.00"
2019-09-18,2019091801006411,SBL,43,44,"1,000",332.00,"332,000.00"
2019-09-18,2019091801006768,SCB,41,38,100,580.00,"58,000.00"
2019-09-18,2019091801006675,SCB,6,51,40,578.00,"23,120.00"
2019-09-18,2019091801006674,SCB,6,52,120,578.00,"69,360.00"
2019-09-18,2019091801006500,SCB,5,52,30,578.00,"17,340.00"
2019-09-18,2019091801006499,SCB,5,21,20,577.00,"11,540.00"
2019-09-18,2019091801006856,SHIVM,53,56,50,590.00,"29,500.00"
2019-09-18,2019091801006799,SHIVM,53,32,180,590.00,"106,200.00"
2019-09-18,2019091801006792,SHIVM,20,32,50,590.00,"29,500.00"
2019-09-18,2019091801006791,SHIVM,39,32,270,590.00,"159,300.00"
2019-09-18,2019091801006760,SHIVM,45,32,200,592.00,"118,400.00"
2019-09-18,2019091801006753,SHIVM,42,45,50,592.00,"29,600.00"
2019-09-18,2019091801006501,SHIVM,42,4,110,588.00,"64,680.00"
2019-09-18,2019091801006456,SHIVM,42,4,200,588.00,"117,600.00"
2019-09-18,2019091801006455,SHIVM,42,35,100,588.00,"58,800.00"
2019-09-18,2019091801006454,SHIVM,42,44,90,588.00,"52,920.00"
2019-09-18,2019091801006444,SHIVM,11,44,10,588.00,"5,880.00"
2019-09-18,2019091801006405,SHIVM,26,50,33,587.00,"19,371.00"
2019-09-18,2019091801006555,SHIVM,45,34,50,590.00,"29,500.00"
2019-09-18,2019091801006554,SHIVM,45,39,50,589.00,"29,450.00"
2019-09-18,2019091801006553,SHIVM,45,16,200,588.00,"117,600.00"
2019-09-18,2019091801006552,SHIVM,45,4,40,588.00,"23,520.00"
2019-09-18,2019091801006529,SHIVM,13,37,100,586.00,"58,600.00"
2019-09-18,2019091801006508,SHIVM,45,4,50,588.00,"29,400.00"
2019-09-18,2019091801006561,SHIVM,45,50,200,590.00,"118,000.00"
2019-09-18,2019091801006560,SHIVM,45,25,100,590.00,"59,000.00"
2019-09-18,2019091801006559,SHIVM,45,14,80,590.00,"47,200.00"
2019-09-18,2019091801006558,SHIVM,45,32,200,590.00,"118,000.00"
2019-09-18,2019091801006557,SHIVM,45,22,200,590.00,"118,000.00"
2019-09-18,2019091801006556,SHIVM,45,50,"1,000",590.00,"590,000.00"
2019-09-18,2019091801006567,SHIVM,45,25,100,590.00,"59,000.00"
2019-09-18,2019091801006566,SHIVM,45,13,200,590.00,"118,000.00"
2019-09-18,2019091801006565,SHIVM,45,29,400,590.00,"236,000.00"
2019-09-18,2019091801006564,SHIVM,45,44,100,590.00,"59,000.00"
2019-09-18,2019091801006563,SHIVM,45,58,90,590.00,"53,100.00"
2019-09-18,2019091801006562,SHIVM,45,34,150,590.00,"88,500.00"
2019-09-18,2019091801006636,SHIVM,43,13,50,591.00,"29,550.00"
2019-09-18,2019091801006635,SHIVM,43,40,200,590.00,"118,000.00"
2019-09-18,2019091801006622,SHIVM,51,13,50,591.00,"29,550.00"
2019-09-18,2019091801006583,SHIVM,45,4,652,590.00,"384,680.00"
2019-09-18,2019091801006569,SHIVM,45,29,100,590.00,"59,000.00"
2019-09-18,2019091801006568,SHIVM,45,17,88,590.00,"51,920.00"
2019-09-18,2019091801006722,SHIVM,18,45,100,592.00,"59,200.00"
2019-09-18,2019091801006694,SHIVM,37,45,50,592.00,"29,600.00"
2019-09-18,2019091801006672,SHIVM,29,45,200,592.00,"118,400.00"
2019-09-18,2019091801006639,SHIVM,43,33,100,592.00,"59,200.00"
2019-09-18,2019091801006638,SHIVM,43,41,85,592.00,"50,320.00"
2019-09-18,2019091801006637,SHIVM,43,41,60,592.00,"35,520.00"
2019-09-18,2019091801006726,SICL,35,1,27,745.00,"20,115.00"
2019-09-18,2019091801006725,SICL,35,10,200,738.00,"147,600.00"
2019-09-18,2019091801006724,SICL,35,38,40,737.00,"29,480.00"
2019-09-18,2019091801006723,SICL,35,6,143,735.00,"105,105.00"
2019-09-18,2019091801006649,SIL,45,56,14,397.00,"5,558.00"
2019-09-18,2019091801006514,SIL,45,55,486,385.00,"187,110.00"
2019-09-18,2019091801006835,SJCL,18,59,40,181.00,"7,240.00"
2019-09-18,2019091801006832,SJCL,44,38,20,179.00,"3,580.00"
2019-09-18,2019091801006794,SJCL,44,38,20,179.00,"3,580.00"
2019-09-18,2019091801006767,SJCL,44,22,20,179.00,"3,580.00"
2019-09-18,2019091801006754,SJCL,44,38,20,179.00,"3,580.00"
2019-09-18,2019091801006406,SJCL,35,29,10,179.00,"1,790.00"
2019-09-18,2019091801006379,SJCL,54,29,10,179.00,"1,790.00"
2019-09-18,2019091801006378,SJCL,54,29,10,179.00,"1,790.00"
2019-09-18,2019091801006448,SJCL,25,22,20,178.00,"3,560.00"
2019-09-18,2019091801006443,SJCL,25,38,20,178.00,"3,560.00"
2019-09-18,2019091801006436,SJCL,35,32,890,179.00,"159,310.00"
2019-09-18,2019091801006416,SJCL,35,22,20,179.00,"3,580.00"
2019-09-18,2019091801006408,SJCL,35,11,10,179.00,"1,790.00"
2019-09-18,2019091801006407,SJCL,35,53,10,179.00,"1,790.00"
2019-09-18,2019091801006533,SJCL,44,21,200,178.00,"35,600.00"
2019-09-18,2019091801006532,SJCL,44,21,300,178.00,"53,400.00"
2019-09-18,2019091801006531,SJCL,25,21,20,178.00,"3,560.00"
2019-09-18,2019091801006503,SJCL,58,42,100,180.00,"18,000.00"
2019-09-18,2019091801006618,SJCL,44,42,20,180.00,"3,600.00"
2019-09-18,2019091801006617,SJCL,44,7,20,180.00,"3,600.00"
2019-09-18,2019091801006616,SJCL,44,49,520,180.00,"93,600.00"
2019-09-18,2019091801006615,SJCL,44,42,60,180.00,"10,800.00"
2019-09-18,2019091801006599,SJCL,39,42,50,180.00,"9,000.00"
2019-09-18,2019091801006580,SJCL,44,22,20,177.00,"3,540.00"
2019-09-18,2019091801006625,SJCL,10,48,20,177.00,"3,540.00"
2019-09-18,2019091801006624,SJCL,10,22,10,177.00,"1,770.00"
2019-09-18,2019091801006623,SJCL,44,22,10,177.00,"1,770.00"
2019-09-18,2019091801006621,SJCL,44,47,10,180.00,"1,800.00"
2019-09-18,2019091801006620,SJCL,44,47,10,180.00,"1,800.00"
2019-09-18,2019091801006619,SJCL,44,42,20,180.00,"3,600.00"
2019-09-18,2019091801006716,SJCL,44,38,20,179.00,"3,580.00"
2019-09-18,2019091801006670,SJCL,4,22,20,178.00,"3,560.00"
2019-09-18,2019091801006650,SJCL,44,57,600,180.00,"108,000.00"
2019-09-18,2019091801006710,SKBBL,55,6,20,953.00,"19,060.00"
2019-09-18,2019091801006709,SKBBL,55,56,19,953.00,"18,107.00"
2019-09-18,2019091801006708,SKBBL,55,6,11,953.00,"10,483.00"
2019-09-18,2019091801006571,SKBBL,53,55,131,935.00,"122,485.00"
2019-09-18,2019091801006570,SKBBL,35,55,10,935.00,"9,350.00"
2019-09-18,2019091801006871,SLBBL,52,6,110,549.00,"60,390.00"
2019-09-18,2019091801006656,SLBBL,47,19,100,550.00,"55,000.00"
2019-09-18,2019091801006801,SLBSL,54,38,10,691.00,"6,910.00"
2019-09-18,2019091801006750,SLICL,50,26,200,290.00,"58,000.00"
2019-09-18,2019091801006749,SLICL,50,16,50,290.00,"14,500.00"
2019-09-18,2019091801006736,SLICL,50,44,500,289.00,"144,500.00"
2019-09-18,2019091801006426,SLICL,36,16,100,285.00,"28,500.00"
2019-09-18,2019091801006836,SMFBS,42,38,10,804.00,"8,040.00"
2019-09-18,2019091801006737,SMFDB,6,58,10,537.00,"5,370.00"
2019-09-18,2019091801006853,SPARS,18,26,10,583.00,"5,830.00"
2019-09-18,2019091801006527,SRBL,45,43,300,242.00,"72,600.00"
2019-09-18,2019091801006526,SRBL,7,43,"2,000",242.00,"484,000.00"
2019-09-18,2019091801006699,UPPER,41,4,"1,650",246.00,"405,900.00"
2019-09-18,2019091801006666,UPPER,1,4,100,246.00,"24,600.00"
2019-09-18,2019091801006582,UPPER,48,4,100,246.00,"24,600.00"
2019-09-18,2019091801006572,UPPER,39,4,50,246.00,"12,300.00"
2019-09-18,2019091801006543,UPPER,37,6,70,245.00,"17,150.00"
2019-09-18,2019091801006350,ADBL,1,57,25,422.00,"10,550.00"
2019-09-18,2019091801006323,ADBL,51,57,100,422.00,"42,200.00"
2019-09-18,2019091801006322,ADBL,51,46,100,422.00,"42,200.00"
2019-09-18,2019091801006321,ADBL,36,46,500,422.00,"211,000.00"
2019-09-18,2019091801006318,ADBL,4,46,200,422.00,"84,400.00"
2019-09-18,2019091801006164,ADBL,11,46,100,422.00,"42,200.00"
2019-09-18,2019091801006068,ADBL,4,44,"2,000",421.00,"842,000.00"
2019-09-18,2019091801005972,ADBL,4,55,251,420.00,"105,420.00"
2019-09-18,2019091801006342,AKBSL,52,33,10,435.00,"4,350.00"
2019-09-18,2019091801006262,ALBSL,39,57,10,440.00,"4,400.00"
2019-09-18,2019091801006261,ALBSL,39,43,10,437.00,"4,370.00"
2019-09-18,2019091801006260,ALBSL,39,36,10,436.00,"4,360.00"
2019-09-18,2019091801006232,ALBSL,1,34,170,432.00,"73,440.00"
2019-09-18,2019091801006230,ALBSL,39,34,440,432.00,"190,080.00"
2019-09-18,2019091801006134,ALBSL,25,41,10,431.00,"4,310.00"
2019-09-18,2019091801006133,ALBSL,25,18,10,431.00,"4,310.00"
2019-09-18,2019091801006132,ALBSL,25,22,10,430.00,"4,300.00"
2019-09-18,2019091801006077,ALBSL,45,42,10,427.00,"4,270.00"
2019-09-18,2019091801006040,ALBSL,45,38,10,427.00,"4,270.00"
2019-09-18,2019091801006243,ALICL,5,59,34,323.00,"10,982.00"
2019-09-18,2019091801006242,ALICL,5,56,26,323.00,"8,398.00"
2019-09-18,2019091801006241,ALICL,5,28,120,322.00,"38,640.00"
2019-09-18,2019091801006240,ALICL,5,36,20,321.00,"6,420.00"
2019-09-18,2019091801006265,API,25,38,200,117.00,"23,400.00"
2019-09-18,2019091801006238,API,7,8,50,116.00,"5,800.00"
2019-09-18,2019091801006234,API,25,59,100,117.00,"11,700.00"
2019-09-18,2019091801006052,API,38,59,100,117.00,"11,700.00"
2019-09-18,2019091801006175,BPCL,34,56,91,373.00,"33,943.00"
2019-09-18,2019091801006174,BPCL,34,36,22,372.00,"8,184.00"
2019-09-18,2019091801006362,CBBL,38,43,20,972.00,"19,440.00"
2019-09-18,2019091801006009,CBBL,18,41,20,973.00,"19,460.00"
2019-09-18,2019091801005904,CBBL,44,14,239,971.00,"232,069.00"
2019-09-18,2019091801006291,CBL,26,47,17,145.00,"2,465.00"
2019-09-18,2019091801006270,CBL,39,40,90,145.00,"13,050.00"
2019-09-18,2019091801006269,CBL,39,58,100,145.00,"14,500.00"
2019-09-18,2019091801006268,CBL,39,44,746,145.00,"108,170.00"
2019-09-18,2019091801006229,CBL,34,44,"1,000",145.00,"145,000.00"
2019-09-18,2019091801006069,CBL,43,44,"1,000",145.00,"145,000.00"
2019-09-18,2019091801006159,CCBL,28,32,"1,500",158.00,"237,000.00"
2019-09-18,2019091801006122,CCBL,49,44,410,159.00,"65,190.00"
2019-09-18,2019091801006075,CCBL,49,26,100,159.00,"15,900.00"
2019-09-18,2019091801006074,CCBL,49,44,"1,200",159.00,"190,800.00"
2019-09-18,2019091801006073,CCBL,49,13,356,159.00,"56,604.00"
2019-09-18,2019091801006072,CCBL,49,13,416,159.00,"66,144.00"
2019-09-18,2019091801006071,CCBL,49,40,28,159.00,"4,452.00"
2019-09-18,2019091801005990,CHCL,34,55,614,429.00,"263,406.00"
2019-09-18,2019091801005989,CHCL,8,55,100,430.00,"43,000.00"
2019-09-18,2019091801005974,CHCL,7,34,10,433.00,"4,330.00"
2019-09-18,2019091801006176,CIT,52,14,10,"1,897.00","18,970.00"
2019-09-18,2019091801006118,CIT,43,56,70,"1,866.00","130,620.00"
2019-09-18,2019091801006106,CIT,43,25,60,"1,863.00","111,780.00"
2019-09-18,2019091801006070,CIT,52,25,10,"1,863.00","18,630.00"
2019-09-18,2019091801005983,CIT,13,39,20,"1,860.00","37,200.00"
2019-09-18,2019091801005965,CIT,44,11,10,"1,850.00","18,500.00"
2019-09-18,2019091801005964,CIT,44,7,40,"1,850.00","74,000.00"
2019-09-18,2019091801005908,CIT,44,7,60,"1,850.00","111,000.00"
2019-09-18,2019091801005907,CIT,44,21,100,"1,845.00","184,500.00"
2019-09-18,2019091801005906,CIT,44,41,50,"1,845.00","92,250.00"
2019-09-18,2019091801005905,CIT,44,49,90,"1,844.00","165,960.00"
2019-09-18,2019091801006203,CZBIL,1,25,100,201.00,"20,100.00"
2019-09-18,2019091801006193,CZBIL,55,22,300,200.00,"60,000.00"
2019-09-18,2019091801006004,CZBIL,13,55,16,199.00,"3,184.00"
2019-09-18,2019091801006363,DBBL,51,49,46,129.00,"5,934.00"
2019-09-18,2019091801006372,EBL,41,18,80,583.00,"46,640.00"
2019-09-18,2019091801006332,EBL,58,18,33,583.00,"19,239.00"
2019-09-18,2019091801006331,EBL,58,44,40,583.00,"23,320.00"
2019-09-18,2019091801006328,EBL,49,44,50,583.00,"29,150.00"
2019-09-18,2019091801006186,EBL,58,13,41,581.00,"23,821.00"
2019-09-18,2019091801006154,EBL,58,19,10,581.00,"5,810.00"
2019-09-18,2019091801006153,EBL,58,44,100,581.00,"58,100.00"
2019-09-18,2019091801006152,EBL,58,33,76,581.00,"44,156.00"
2019-09-18,2019091801006338,EIC,33,46,200,270.00,"54,000.00"
2019-09-18,2019091801006337,EIC,33,17,400,270.00,"108,000.00"
2019-09-18,2019091801006320,EIC,36,17,50,270.00,"13,500.00"
2019-09-18,2019091801006263,EIC,34,17,50,270.00,"13,500.00"
2019-09-18,2019091801006151,EIC,42,6,460,269.00,"123,740.00"
2019-09-18,2019091801005954,EIC,45,6,40,269.00,"10,760.00"
2019-09-18,2019091801006163,FMDBL,52,57,100,385.00,"38,500.00"
2019-09-18,2019091801006162,FMDBL,52,28,150,385.00,"57,750.00"
2019-09-18,2019091801006161,FMDBL,52,53,600,384.00,"230,400.00"
2019-09-18,2019091801006160,FMDBL,52,36,345,383.00,"132,135.00"
2019-09-18,2019091801006098,FMDBL,49,7,74,382.00,"28,268.00"
2019-09-18,2019091801006027,FMDBL,53,7,50,382.00,"19,100.00"
2019-09-18,2019091801006078,FOWAD,56,47,20,"1,280.00","25,600.00"
2019-09-18,2019091801006058,FOWAD,56,47,30,"1,280.00","38,400.00"
2019-09-18,2019091801006130,GBLBS,34,37,15,341.00,"5,115.00"
2019-09-18,2019091801006085,GBLBS,18,6,200,342.00,"68,400.00"
2019-09-18,2019091801006051,GBLBS,34,51,"1,330",341.00,"453,530.00"
2019-09-18,2019091801006050,GBLBS,34,36,149,340.00,"50,660.00"
2019-09-18,2019091801006012,GBLBS,53,51,50,341.00,"17,050.00"
2019-09-18,2019091801006010,GBLBS,21,51,150,341.00,"51,150.00"
2019-09-18,2019091801005886,GBLBS,49,37,15,335.00,"5,025.00"
2019-09-18,2019091801005885,GBLBS,51,28,"1,000",338.00,"338,000.00"
2019-09-18,2019091801005995,GBLBS,21,19,50,340.00,"17,000.00"
2019-09-18,2019091801005973,GBLBS,45,21,100,340.00,"34,000.00"
2019-09-18,2019091801005919,GBLBS,17,38,300,339.00,"101,700.00"
2019-09-18,2019091801005918,GBLBS,17,44,"1,000",339.00,"339,000.00"
2019-09-18,2019091801005917,GBLBS,17,58,319,339.00,"108,141.00"
2019-09-18,2019091801005903,GBLBS,51,32,355,338.00,"119,990.00"
2019-09-18,2019091801005947,GFCL,59,58,500,136.00,"68,000.00"
2019-09-18,2019091801005946,GFCL,59,11,65,136.00,"8,840.00"
2019-09-18,2019091801006326,GILB,44,32,50,734.00,"36,700.00"
2019-09-18,2019091801006325,GILB,44,58,50,734.00,"36,700.00"
2019-09-18,2019091801006324,GILB,44,36,15,734.00,"11,010.00"
2019-09-18,2019091801005916,GILB,6,6,11,720.00,"7,920.00"
2019-09-18,2019091801006239,GLBSL,41,6,10,455.00,"4,550.00"
2019-09-18,2019091801006194,GLBSL,33,37,10,454.00,"4,540.00"
2019-09-18,2019091801005952,GLICL,35,49,300,376.00,"112,800.00"
2019-09-18,2019091801005933,GLICL,17,38,500,375.00,"187,500.00"
2019-09-18,2019091801005932,GLICL,17,25,30,375.00,"11,250.00"
2019-09-18,2019091801006373,GMFBS,45,22,10,477.00,"4,770.00"
2019-09-18,2019091801006120,GMFBS,45,38,10,477.00,"4,770.00"
2019-09-18,2019091801006225,GUFL,52,14,330,115.00,"37,950.00"
2019-09-18,2019091801006032,HBL,21,55,13,512.00,"6,656.00"
2019-09-18,2019091801006031,HBL,11,55,50,515.00,"25,750.00"
2019-09-18,2019091801006141,HGI,17,6,100,281.00,"28,100.00"
2019-09-18,2019091801006140,HGI,17,39,50,280.00,"14,000.00"
2019-09-18,2019091801006139,HGI,17,37,100,279.00,"27,900.00"
2019-09-18,2019091801006135,HGI,35,51,100,278.00,"27,800.00"
2019-09-18,2019091801006119,HGI,17,33,500,277.00,"138,500.00"
2019-09-18,2019091801006112,HGI,35,22,231,276.00,"63,756.00"
2019-09-18,2019091801006111,HGI,35,49,10,276.00,"2,760.00"
2019-09-18,2019091801006121,HIDCL,26,13,149,137.00,"20,413.00"
2019-09-18,2019091801005980,HIDCL,49,43,498,135.00,"67,230.00"
2019-09-18,2019091801005944,HIDCL,6,6,11,134.00,"1,474.00"
2019-09-18,2019091801006251,HPPL,37,37,20,138.00,"2,760.00"
2019-09-18,2019091801005924,HPPL,37,37,20,138.00,"2,760.00"
2019-09-18,2019091801006048,HURJA,52,6,20,112.00,"2,240.00"
2019-09-18,2019091801006016,IGI,45,21,10,306.00,"3,060.00"
2019-09-18,2019091801006366,ILBS,11,22,10,437.00,"4,370.00"
