Date,Transact. No.,Symbol,Buyer,Seller,Quantity,Rate,Amount
2019-05-29,2019052901010352,ADBL,42,22,20,424.00,"8,480.00"
2019-05-29,2019052901010301,ADBL,43,49,36,420.00,"15,120.00"
2019-05-29,2019052901010300,ADBL,25,49,24,420.00,"10,080.00"
2019-05-29,2019052901010215,ADBL,33,58,591,421.00,"248,811.00"
2019-05-29,2019052901010159,ADBL,35,58,"2,515",421.00,"1,058,815.00"
2019-05-29,2019052901010158,ADBL,49,58,894,422.00,"377,268.00"
2019-05-29,2019052901010040,ADBL,49,45,106,422.00,"44,732.00"
2019-05-29,2019052901009944,ADBL,35,58,"2,485",421.00,"1,046,185.00"
2019-05-29,2019052901009942,ADBL,25,58,976,420.00,"409,920.00"
2019-05-29,2019052901009941,ADBL,51,58,300,420.00,"126,000.00"
2019-05-29,2019052901009940,ADBL,49,58,224,420.00,"94,080.00"
2019-05-29,2019052901009917,ADBL,49,42,12,420.00,"5,040.00"
2019-05-29,2019052901010256,AHPC,46,58,200,114.00,"22,800.00"
2019-05-29,2019052901010091,AHPC,46,58,200,114.00,"22,800.00"
2019-05-29,2019052901010077,AHPC,46,20,55,114.00,"6,270.00"
2019-05-29,2019052901010414,AKPL,55,22,49,192.00,"9,408.00"
2019-05-29,2019052901010357,ALICL,14,34,100,420.00,"42,000.00"
2019-05-29,2019052901010356,ALICL,14,34,480,420.00,"201,600.00"
2019-05-29,2019052901010219,ALICL,38,34,150,420.00,"63,000.00"
2019-05-29,2019052901010162,ALICL,59,34,150,420.00,"63,000.00"
2019-05-29,2019052901010033,ALICL,41,34,105,420.00,"44,100.00"
2019-05-29,2019052901010032,ALICL,41,41,95,419.00,"39,805.00"
2019-05-29,2019052901010029,ALICL,4,41,405,419.00,"169,695.00"
2019-05-29,2019052901009984,ALICL,38,34,100,420.00,"42,000.00"
2019-05-29,2019052901010083,AMFI,41,1,20,550.00,"11,000.00"
2019-05-29,2019052901010337,API,25,48,15,158.00,"2,370.00"
2019-05-29,2019052901010260,API,40,40,647,156.00,"100,932.00"
2019-05-29,2019052901010259,API,1,40,50,156.00,"7,800.00"
2019-05-29,2019052901010258,API,7,40,100,156.00,"15,600.00"
2019-05-29,2019052901010257,API,37,40,203,156.00,"31,668.00"
2019-05-29,2019052901010230,API,20,48,10,158.00,"1,580.00"
2019-05-29,2019052901010309,BARUN,25,7,10,98.00,980.00
2019-05-29,2019052901010063,BARUN,25,41,10,98.00,980.00
2019-05-29,2019052901009926,BFC,42,57,10,108.00,"1,080.00"
2019-05-29,2019052901010364,BOKL,57,5,500,274.00,"137,000.00"
2019-05-29,2019052901010225,BOKL,38,5,200,274.00,"54,800.00"
2019-05-29,2019052901010161,BOKL,57,21,96,274.00,"26,304.00"
2019-05-29,2019052901010160,BOKL,57,34,204,274.00,"55,896.00"
2019-05-29,2019052901010411,BPCL,46,46,27,429.00,"11,583.00"
2019-05-29,2019052901010288,BPCL,34,21,500,428.00,"214,000.00"
2019-05-29,2019052901010049,BPCL,6,38,30,427.00,"12,810.00"
2019-05-29,2019052901009958,BPCL,6,49,72,426.00,"30,672.00"
2019-05-29,2019052901010347,CBBL,36,33,70,956.00,"66,920.00"
2019-05-29,2019052901009967,CBBL,35,16,50,960.00,"48,000.00"
2019-05-29,2019052901010164,CBL,8,56,123,149.00,"18,327.00"
2019-05-29,2019052901010338,CCBL,52,48,760,169.00,"128,440.00"
2019-05-29,2019052901010060,CCBL,52,52,990,169.00,"167,310.00"
2019-05-29,2019052901010059,CCBL,52,21,126,169.00,"21,294.00"
2019-05-29,2019052901010058,CCBL,52,25,500,169.00,"84,500.00"
2019-05-29,2019052901010403,CIT,45,35,15,"2,600.00","39,000.00"
2019-05-29,2019052901010370,CIT,34,42,10,"2,630.00","26,300.00"
2019-05-29,2019052901010287,CIT,34,1,50,"2,610.00","130,500.00"
2019-05-29,2019052901010286,CIT,34,25,50,"2,610.00","130,500.00"
2019-05-29,2019052901010285,CIT,34,25,30,"2,610.00","78,300.00"
2019-05-29,2019052901010284,CIT,34,41,68,"2,609.00","177,412.00"
2019-05-29,2019052901010011,CIT,13,52,200,"2,605.00","521,000.00"
2019-05-29,2019052901010010,CIT,13,28,25,"2,605.00","65,125.00"
2019-05-29,2019052901010009,CIT,13,33,100,"2,602.00","260,200.00"
2019-05-29,2019052901009966,CIT,51,52,130,"2,601.00","338,130.00"
2019-05-29,2019052901009932,CIT,51,52,130,"2,601.00","338,130.00"
2019-05-29,2019052901010245,CIT,45,41,14,"2,609.00","36,526.00"
2019-05-29,2019052901010244,CIT,45,46,36,"2,607.00","93,852.00"
2019-05-29,2019052901010119,CIT,14,46,50,"2,607.00","130,350.00"
2019-05-29,2019052901010090,CIT,51,46,14,"2,607.00","36,498.00"
2019-05-29,2019052901010047,CIT,13,46,50,"2,607.00","130,350.00"
2019-05-29,2019052901010046,CIT,13,48,10,"2,607.00","26,070.00"
2019-05-29,2019052901010174,CZBIL,14,45,136,228.00,"31,008.00"
2019-05-29,2019052901009959,DBBL,38,35,30,151.00,"4,530.00"
2019-05-29,2019052901010317,EBL,35,13,100,674.00,"67,400.00"
2019-05-29,2019052901010082,EBL,45,49,300,674.00,"202,200.00"
2019-05-29,2019052901010081,EBL,45,42,200,674.00,"134,800.00"
2019-05-29,2019052901010080,EBL,45,39,49,674.00,"33,026.00"
2019-05-29,2019052901010079,EBL,45,39,619,674.00,"417,206.00"
2019-05-29,2019052901010078,EBL,45,14,580,673.00,"390,340.00"
2019-05-29,2019052901010019,EBL,35,49,90,670.00,"60,300.00"
2019-05-29,2019052901009931,EBL,5,14,20,673.00,"13,460.00"
2019-05-29,2019052901010173,EIC,19,3,30,416.00,"12,480.00"
2019-05-29,2019052901010172,EIC,39,3,40,416.00,"16,640.00"
2019-05-29,2019052901010171,EIC,16,3,30,416.00,"12,480.00"
2019-05-29,2019052901010120,GBBL,45,41,500,226.00,"113,000.00"
2019-05-29,2019052901010401,GBIME,16,25,134,306.00,"41,004.00"
2019-05-29,2019052901010376,GBIME,34,42,50,307.00,"15,350.00"
2019-05-29,2019052901010303,GBIME,54,42,500,307.00,"153,500.00"
2019-05-29,2019052901010157,GBIME,34,42,200,307.00,"61,400.00"
2019-05-29,2019052901010109,GBIME,57,42,500,307.00,"153,500.00"
2019-05-29,2019052901010104,GBIME,57,42,459,307.00,"140,913.00"
2019-05-29,2019052901010039,GBIME,57,25,41,307.00,"12,587.00"
2019-05-29,2019052901009921,GBIME,16,20,17,306.00,"5,202.00"
2019-05-29,2019052901010190,GBLBS,57,40,80,380.00,"30,400.00"
2019-05-29,2019052901010189,GBLBS,56,40,170,380.00,"64,600.00"
2019-05-29,2019052901010188,GBLBS,35,40,150,381.00,"57,150.00"
2019-05-29,2019052901010018,GBLBS,44,42,20,383.00,"7,660.00"
2019-05-29,2019052901010233,GDBL,32,35,100,216.00,"21,600.00"
2019-05-29,2019052901010232,GDBL,38,35,100,217.00,"21,700.00"
2019-05-29,2019052901009930,GFCL,1,49,192,126.00,"24,192.00"
2019-05-29,2019052901009929,GFCL,26,49,78,126.00,"9,828.00"
2019-05-29,2019052901010402,GILB,19,21,10,"1,355.00","13,550.00"
2019-05-29,2019052901010070,GRDBL,46,26,50,117.00,"5,850.00"
2019-05-29,2019052901009919,GRDBL,17,33,30,115.00,"3,450.00"
2019-05-29,2019052901010196,GUFL,19,34,710,118.00,"83,780.00"
2019-05-29,2019052901010195,GUFL,38,34,290,118.00,"34,220.00"
2019-05-29,2019052901010056,GUFL,38,43,10,118.00,"1,180.00"
2019-05-29,2019052901010267,HIDCL,22,56,10,169.00,"1,690.00"
2019-05-29,2019052901010261,HIDCL,42,56,100,169.00,"16,900.00"
2019-05-29,2019052901010224,HIDCL,5,56,100,169.00,"16,900.00"
2019-05-29,2019052901010028,HIDCL,5,41,25,168.00,"4,200.00"
2019-05-29,2019052901009943,HIDCL,25,41,56,166.00,"9,296.00"
2019-05-29,2019052901010330,HURJA,6,29,130,146.00,"18,980.00"
2019-05-29,2019052901010329,HURJA,41,29,100,146.00,"14,600.00"
2019-05-29,2019052901010328,HURJA,6,29,70,146.00,"10,220.00"
2019-05-29,2019052901010327,HURJA,6,29,200,146.00,"29,200.00"
2019-05-29,2019052901010326,HURJA,3,29,100,146.00,"14,600.00"
2019-05-29,2019052901010325,HURJA,19,29,100,146.00,"14,600.00"
2019-05-29,2019052901010087,HURJA,58,42,20,146.00,"2,920.00"
2019-05-29,2019052901010084,HURJA,58,16,20,146.00,"2,920.00"
2019-05-29,2019052901010324,HURJA,58,29,50,146.00,"7,300.00"
2019-05-29,2019052901010323,HURJA,34,29,500,146.00,"73,000.00"
2019-05-29,2019052901010322,HURJA,6,29,500,146.00,"73,000.00"
2019-05-29,2019052901010321,HURJA,38,29,500,146.00,"73,000.00"
2019-05-29,2019052901010320,HURJA,58,29,"1,250",146.00,"182,500.00"
2019-05-29,2019052901010124,ICFC,11,38,50,167.00,"8,350.00"
2019-05-29,2019052901009922,ICFC,26,47,140,165.00,"23,100.00"
2019-05-29,2019052901009998,IGI,32,52,50,400.00,"20,000.00"
2019-05-29,2019052901010147,JBNL,18,16,500,210.00,"105,000.00"
2019-05-29,2019052901010146,JBNL,34,16,111,210.00,"23,310.00"
2019-05-29,2019052901010134,JBNL,34,35,150,210.00,"31,500.00"
2019-05-29,2019052901010089,JBNL,34,11,100,210.00,"21,000.00"
2019-05-29,2019052901010085,JBNL,34,57,257,210.00,"53,970.00"
2019-05-29,2019052901009980,JBNL,34,34,500,210.00,"105,000.00"
2019-05-29,2019052901009938,JBNL,34,41,512,210.00,"107,520.00"
2019-05-29,2019052901010101,JFL,1,59,127,178.00,"22,606.00"
2019-05-29,2019052901010151,KNBL,56,34,43,170.00,"7,310.00"
2019-05-29,2019052901010038,KNBL,56,32,110,170.00,"18,700.00"
2019-05-29,2019052901010023,KNBL,56,25,100,170.00,"17,000.00"
2019-05-29,2019052901010031,KPCL,52,20,10,96.00,960.00
2019-05-29,2019052901010246,KRBL,51,40,10,118.00,"1,180.00"
2019-05-29,2019052901009951,KRBL,17,33,105,116.00,"12,180.00"
2019-05-29,2019052901010410,KSBBL,58,4,"1,843",165.00,"304,095.00"
2019-05-29,2019052901010108,KSBBL,58,46,100,167.00,"16,700.00"
2019-05-29,2019052901010107,KSBBL,58,59,200,166.00,"33,200.00"
2019-05-29,2019052901010062,KSBBL,58,46,25,167.00,"4,175.00"
2019-05-29,2019052901010061,KSBBL,58,45,25,167.00,"4,175.00"
2019-05-29,2019052901010048,KSBBL,58,16,102,165.00,"16,830.00"
2019-05-29,2019052901010044,KSBBL,58,32,"1,008",166.00,"167,328.00"
2019-05-29,2019052901010043,KSBBL,58,44,"1,000",166.00,"166,000.00"
2019-05-29,2019052901010042,KSBBL,58,26,800,166.00,"132,800.00"
2019-05-29,2019052901009990,KSBBL,58,1,200,165.00,"33,000.00"
2019-05-29,2019052901010298,LBBL,33,52,419,201.00,"84,219.00"
2019-05-29,2019052901010235,LBBL,59,52,500,202.00,"101,000.00"
2019-05-29,2019052901010234,LBBL,42,52,31,202.00,"6,262.00"
2019-05-29,2019052901010377,LICN,28,42,100,"1,823.00","182,300.00"
2019-05-29,2019052901010339,LICN,44,43,100,"1,822.00","182,200.00"
2019-05-29,2019052901010206,LICN,14,42,100,"1,823.00","182,300.00"
2019-05-29,2019052901010205,LICN,28,42,30,"1,824.00","54,720.00"
2019-05-29,2019052901010202,LICN,28,43,70,"1,824.00","127,680.00"
2019-05-29,2019052901010201,LICN,35,43,20,"1,825.00","36,500.00"
2019-05-29,2019052901009987,LICN,35,59,75,"1,827.00","137,025.00"
2019-05-29,2019052901009986,LICN,44,59,20,"1,827.00","36,540.00"
2019-05-29,2019052901009985,LICN,45,59,20,"1,830.00","36,600.00"
2019-05-29,2019052901010200,LICN,41,43,10,"1,825.00","18,250.00"
2019-05-29,2019052901010199,LICN,35,43,50,"1,825.00","91,250.00"
2019-05-29,2019052901010198,LICN,41,43,20,"1,826.00","36,520.00"
2019-05-29,2019052901010138,LICN,41,43,180,"1,826.00","328,680.00"
2019-05-29,2019052901010137,LICN,52,43,20,"1,826.00","36,520.00"
2019-05-29,2019052901009988,LICN,52,59,80,"1,826.00","146,080.00"
2019-05-29,2019052901010332,LVF1,7,44,"2,500",10.41,"26,025.00"
2019-05-29,2019052901010217,MBL,26,11,500,273.00,"136,500.00"
2019-05-29,2019052901010216,MBL,26,57,500,273.00,"136,500.00"
2019-05-29,2019052901010375,MEGA,40,57,500,202.00,"101,000.00"
2019-05-29,2019052901010358,MEGA,44,57,63,202.00,"12,726.00"
2019-05-29,2019052901010334,MEGA,57,25,177,201.00,"35,577.00"
2019-05-29,2019052901010333,MEGA,21,25,10,201.00,"2,010.00"
2019-05-29,2019052901010316,MEGA,45,57,500,202.00,"101,000.00"
2019-05-29,2019052901010315,MEGA,51,57,200,202.00,"40,400.00"
2019-05-29,2019052901010204,MEGA,58,47,26,202.00,"5,252.00"
2019-05-29,2019052901010170,MEGA,51,39,500,201.00,"100,500.00"
2019-05-29,2019052901010022,MEGA,46,47,224,202.00,"45,248.00"
2019-05-29,2019052901010021,MEGA,46,46,200,202.00,"40,400.00"
2019-05-29,2019052901010020,MEGA,46,8,76,202.00,"15,352.00"
2019-05-29,2019052901009991,MEGA,51,8,100,202.00,"20,200.00"
2019-05-29,2019052901010313,MEGA,51,57,800,202.00,"161,600.00"
2019-05-29,2019052901010312,MEGA,26,57,486,202.00,"98,172.00"
2019-05-29,2019052901010311,MEGA,26,7,202,202.00,"40,804.00"
2019-05-29,2019052901010310,MEGA,26,56,12,202.00,"2,424.00"
2019-05-29,2019052901010269,MEGA,51,56,100,202.00,"20,200.00"
2019-05-29,2019052901010264,MEGA,51,52,500,201.00,"100,500.00"
2019-05-29,2019052901010249,MFIL,33,6,"1,100",128.00,"140,800.00"
2019-05-29,2019052901010331,MPFL,6,21,20,218.00,"4,360.00"
2019-05-29,2019052901010037,MSLB,11,48,23,"1,035.00","23,805.00"
2019-05-29,2019052901010351,NBB,58,22,100,226.00,"22,600.00"
2019-05-29,2019052901010350,NBB,58,22,100,226.00,"22,600.00"
2019-05-29,2019052901010349,NBB,58,19,62,226.00,"14,012.00"
2019-05-29,2019052901010348,NBB,58,50,42,226.00,"9,492.00"
2019-05-29,2019052901010248,NBB,34,50,458,226.00,"103,508.00"
2019-05-29,2019052901010247,NBB,34,57,42,226.00,"9,492.00"
2019-05-29,2019052901010408,NBL,33,57,100,336.00,"33,600.00"
2019-05-29,2019052901010355,NBL,36,33,"1,000",335.00,"335,000.00"
2019-05-29,2019052901010354,NBL,36,55,20,335.00,"6,700.00"
2019-05-29,2019052901010340,NBL,42,55,100,335.00,"33,500.00"
2019-05-29,2019052901010268,NBL,44,55,100,335.00,"33,500.00"
2019-05-29,2019052901010223,NBL,47,55,100,335.00,"33,500.00"
2019-05-29,2019052901010002,NBL,28,56,500,335.00,"167,500.00"
2019-05-29,2019052901010001,NBL,56,56,300,335.00,"100,500.00"
2019-05-29,2019052901010000,NBL,34,56,500,335.00,"167,500.00"
2019-05-29,2019052901009999,NBL,39,56,"1,880",335.00,"629,800.00"
2019-05-29,2019052901009952,NBL,39,56,900,335.00,"301,500.00"
2019-05-29,2019052901010105,NBL,10,28,500,335.00,"167,500.00"
2019-05-29,2019052901010092,NBL,6,43,300,336.00,"100,800.00"
2019-05-29,2019052901010066,NBL,10,17,500,335.00,"167,500.00"
2019-05-29,2019052901010005,NBL,10,56,520,335.00,"174,200.00"
2019-05-29,2019052901010004,NBL,37,56,"1,000",335.00,"335,000.00"
2019-05-29,2019052901010003,NBL,10,56,300,335.00,"100,500.00"
2019-05-29,2019052901010222,NBL,41,55,500,335.00,"167,500.00"
2019-05-29,2019052901010221,NBL,37,55,"1,000",335.00,"335,000.00"
2019-05-29,2019052901010220,NBL,10,55,180,335.00,"60,300.00"
2019-05-29,2019052901010176,NBL,6,57,180,336.00,"60,480.00"
2019-05-29,2019052901010175,NBL,6,43,250,336.00,"84,000.00"
2019-05-29,2019052901010141,NBL,10,55,300,335.00,"100,500.00"
2019-05-29,2019052901010346,NCCB,52,40,250,262.00,"65,500.00"
2019-05-29,2019052901010279,NCCB,44,40,500,262.00,"131,000.00"
2019-05-29,2019052901010276,NCCB,17,26,215,261.00,"56,115.00"
2019-05-29,2019052901010275,NCCB,48,26,100,261.00,"26,100.00"
2019-05-29,2019052901010274,NCCB,35,26,50,261.00,"13,050.00"
2019-05-29,2019052901010273,NCCB,32,26,135,261.00,"35,235.00"
2019-05-29,2019052901010168,NCCB,26,40,"1,000",262.00,"262,000.00"
2019-05-29,2019052901009923,NCCB,32,42,100,261.00,"26,100.00"
2019-05-29,2019052901009989,NIB,45,32,200,538.00,"107,600.00"
2019-05-29,2019052901010210,NIBPO,47,48,200,520.00,"104,000.00"
2019-05-29,2019052901010169,NIBPO,47,25,400,519.00,"207,600.00"
2019-05-29,2019052901010155,NIBPO,47,25,100,519.00,"51,900.00"
2019-05-29,2019052901010154,NIBPO,47,19,200,519.00,"103,800.00"
2019-05-29,2019052901009956,NICA,25,35,176,480.00,"84,480.00"
2019-05-29,2019052901009955,NICA,11,35,20,480.00,"9,600.00"
2019-05-29,2019052901009954,NICA,35,35,200,480.00,"96,000.00"
2019-05-29,2019052901009953,NICA,37,35,100,480.00,"48,000.00"
2019-05-29,2019052901010307,NICL,34,14,100,386.00,"38,600.00"
2019-05-29,2019052901010231,NICL,43,14,10,389.00,"3,890.00"
2019-05-29,2019052901009997,NIL,58,48,182,514.00,"93,548.00"
2019-05-29,2019052901009996,NIL,43,48,70,514.00,"35,980.00"
2019-05-29,2019052901009995,NIL,43,48,50,514.00,"25,700.00"
2019-05-29,2019052901009994,NIL,46,48,478,514.00,"245,692.00"
2019-05-29,2019052901009993,NIL,49,48,20,515.00,"10,300.00"
2019-05-29,2019052901010166,NTC,43,50,10,728.00,"7,280.00"
2019-05-29,2019052901010290,NUBL,34,34,"5,000",856.00,"4,280,000.00"
2019-05-29,2019052901010163,OHL,5,49,10,663.00,"6,630.00"
2019-05-29,2019052901010336,OHL,25,17,10,669.00,"6,690.00"
2019-05-29,2019052901010228,OHL,45,45,500,663.00,"331,500.00"
2019-05-29,2019052901010345,OHL,45,57,500,670.00,"335,000.00"
2019-05-29,2019052901010344,OHL,45,52,140,670.00,"93,800.00"
2019-05-29,2019052901010343,OHL,45,17,490,669.00,"327,810.00"
2019-05-29,2019052901010314,PCBL,49,40,950,309.00,"293,550.00"
2019-05-29,2019052901010265,PCBL,32,40,51,309.00,"15,759.00"
2019-05-29,2019052901010121,PCBL,49,41,900,308.00,"277,200.00"
2019-05-29,2019052901009939,PCBL,26,41,100,308.00,"30,800.00"
2019-05-29,2019052901009924,PCBL,41,8,228,308.00,"70,224.00"
2019-05-29,2019052901010229,PIC,58,3,11,"1,189.00","13,079.00"
2019-05-29,2019052901010140,PIC,58,33,81,"1,189.00","96,309.00"
2019-05-29,2019052901010139,PIC,50,33,19,"1,189.00","22,591.00"
2019-05-29,2019052901010096,PIC,6,33,100,"1,195.00","119,500.00"
2019-05-29,2019052901010095,PIC,6,28,11,"1,195.00","13,145.00"
2019-05-29,2019052901010094,PIC,6,19,11,"1,194.00","13,134.00"
2019-05-29,2019052901010093,PIC,6,32,501,"1,193.00","597,693.00"
2019-05-29,2019052901010271,PICL,58,47,200,700.00,"140,000.00"
2019-05-29,2019052901010270,PICL,58,56,147,699.00,"102,753.00"
2019-05-29,2019052901010106,PRIN,32,47,100,408.00,"40,800.00"
2019-05-29,2019052901010400,PRVU,19,34,120,277.00,"33,240.00"
2019-05-29,2019052901010399,PRVU,43,34,100,277.00,"27,700.00"
2019-05-29,2019052901010398,PRVU,28,34,"1,000",277.00,"277,000.00"
2019-05-29,2019052901010397,PRVU,26,34,500,277.00,"138,500.00"
2019-05-29,2019052901010396,PRVU,35,34,500,277.00,"138,500.00"
2019-05-29,2019052901010395,PRVU,47,34,11,277.00,"3,047.00"
2019-05-29,2019052901010110,PRVU,7,44,500,279.00,"139,500.00"
2019-05-29,2019052901010006,PRVU,38,34,"5,229",278.00,"1,453,662.00"
2019-05-29,2019052901009962,PRVU,41,34,100,278.00,"27,800.00"
2019-05-29,2019052901009960,PRVU,16,34,250,278.00,"69,500.00"
2019-05-29,2019052901009950,PRVU,49,34,100,278.00,"27,800.00"
2019-05-29,2019052901009920,PRVU,21,34,20,278.00,"5,560.00"
2019-05-29,2019052901010153,PRVU,52,44,100,279.00,"27,900.00"
2019-05-29,2019052901010114,PRVU,7,44,565,279.00,"157,635.00"
2019-05-29,2019052901010113,PRVU,7,25,200,279.00,"55,800.00"
2019-05-29,2019052901010112,PRVU,7,25,200,279.00,"55,800.00"
2019-05-29,2019052901010111,PRVU,7,1,35,279.00,"9,765.00"
2019-05-29,2019052901010342,PRVU,36,44,335,279.00,"93,465.00"
2019-05-29,2019052901010278,PRVU,46,45,100,278.00,"27,800.00"
2019-05-29,2019052901010382,PRVU,35,34,500,278.00,"139,000.00"
2019-05-29,2019052901010381,PRVU,43,34,150,278.00,"41,700.00"
2019-05-29,2019052901010380,PRVU,46,34,900,278.00,"250,200.00"
2019-05-29,2019052901010388,PRVU,45,34,500,277.00,"138,500.00"
2019-05-29,2019052901010387,PRVU,44,34,500,277.00,"138,500.00"
2019-05-29,2019052901010386,PRVU,51,34,"1,000",277.00,"277,000.00"
2019-05-29,2019052901010385,PRVU,44,34,700,277.00,"193,900.00"
2019-05-29,2019052901010384,PRVU,16,34,200,277.00,"55,400.00"
2019-05-29,2019052901010383,PRVU,38,34,"1,420",277.00,"393,340.00"
2019-05-29,2019052901010394,PRVU,19,34,70,277.00,"19,390.00"
2019-05-29,2019052901010393,PRVU,36,34,"1,000",277.00,"277,000.00"
2019-05-29,2019052901010392,PRVU,21,34,579,277.00,"160,383.00"
2019-05-29,2019052901010391,PRVU,44,34,100,277.00,"27,700.00"
2019-05-29,2019052901010390,PRVU,35,34,50,277.00,"13,850.00"
2019-05-29,2019052901010389,PRVU,44,34,100,277.00,"27,700.00"
2019-05-29,2019052901010299,RADHI,49,50,42,173.00,"7,266.00"
2019-05-29,2019052901010243,RADHI,49,52,33,170.00,"5,610.00"
2019-05-29,2019052901010242,RADHI,49,34,11,170.00,"1,870.00"
2019-05-29,2019052901010241,RADHI,49,37,11,170.00,"1,870.00"
2019-05-29,2019052901010240,RADHI,49,21,11,170.00,"1,870.00"
2019-05-29,2019052901009937,RBCL,6,56,10,"10,757.00","107,570.00"
2019-05-29,2019052901009936,RBCL,1,56,10,"10,757.00","107,570.00"
2019-05-29,2019052901009935,RBCL,11,56,10,"10,757.00","107,570.00"
2019-05-29,2019052901009934,RBCL,58,56,20,"10,950.00","219,000.00"
2019-05-29,2019052901010045,RBCLPO,25,33,10,"10,060.00","100,600.00"
2019-05-29,2019052901010030,RBCLPO,25,7,10,"10,110.00","101,100.00"
2019-05-29,2019052901010227,RHPC,22,17,500,96.00,"48,000.00"
2019-05-29,2019052901010226,RHPC,22,48,10,96.00,960.00
2019-05-29,2019052901010167,RHPC,4,40,470,95.00,"44,650.00"
2019-05-29,2019052901010133,RHPC,20,40,200,94.00,"18,800.00"
2019-05-29,2019052901010132,RHPC,17,40,300,94.00,"28,200.00"
2019-05-29,2019052901010131,RHPC,17,40,500,94.00,"47,000.00"
2019-05-29,2019052901010130,RHPC,56,40,38,94.00,"3,572.00"
2019-05-29,2019052901010129,RHPC,39,40,14,94.00,"1,316.00"
2019-05-29,2019052901010050,RHPC,40,40,200,95.00,"19,000.00"
2019-05-29,2019052901010302,RLFL,54,34,50,134.00,"6,700.00"
2019-05-29,2019052901010203,RMDC,34,34,"14,577",660.00,"9,620,820.00"
2019-05-29,2019052901010125,RMDC,10,56,100,658.00,"65,800.00"
2019-05-29,2019052901010122,RMDC,47,56,20,658.00,"13,160.00"
2019-05-29,2019052901010027,RMDC,47,51,87,652.00,"56,724.00"
2019-05-29,2019052901010277,SANIMA,35,21,20,357.00,"7,140.00"
2019-05-29,2019052901009916,SANIMA,17,45,153,355.00,"54,315.00"
2019-05-29,2019052901010197,SBBLJ,25,6,10,202.00,"2,020.00"
2019-05-29,2019052901010266,SBI,45,49,300,480.00,"144,000.00"
2019-05-29,2019052901010194,SBI,52,49,100,482.00,"48,200.00"
2019-05-29,2019052901010136,SBI,45,34,200,481.00,"96,200.00"
2019-05-29,2019052901010041,SBI,47,16,125,480.00,"60,000.00"
2019-05-29,2019052901009992,SBI,11,16,200,480.00,"96,000.00"
2019-05-29,2019052901009983,SBI,47,16,250,480.00,"120,000.00"
2019-05-29,2019052901009957,SBI,47,16,200,480.00,"96,000.00"
2019-05-29,2019052901010255,SCB,22,34,220,678.00,"149,160.00"
2019-05-29,2019052901010254,SCB,42,34,50,678.00,"33,900.00"
2019-05-29,2019052901010253,SCB,45,34,100,679.00,"67,900.00"
2019-05-29,2019052901010252,SCB,54,34,120,679.00,"81,480.00"
2019-05-29,2019052901010251,SCB,40,34,110,679.00,"74,690.00"
2019-05-29,2019052901010034,SHINE,45,34,20,258.00,"5,160.00"
2019-05-29,2019052901010415,SHIVM,26,58,920,679.00,"624,680.00"
2019-05-29,2019052901010413,SHIVM,45,58,80,679.00,"54,320.00"
2019-05-29,2019052901010412,SHIVM,45,19,220,679.00,"149,380.00"
2019-05-29,2019052901010407,SHIVM,49,48,700,676.00,"473,200.00"
2019-05-29,2019052901010406,SHIVM,36,48,100,677.00,"67,700.00"
2019-05-29,2019052901010405,SHIVM,52,48,500,677.00,"338,500.00"
2019-05-29,2019052901009933,SHIVM,28,7,500,679.00,"339,500.00"
2019-05-29,2019052901009928,SHIVM,7,57,100,680.00,"68,000.00"
2019-05-29,2019052901009927,SHIVM,16,57,30,680.00,"20,400.00"
2019-05-29,2019052901009918,SHIVM,44,3,25,682.00,"17,050.00"
2019-05-29,2019052901009969,SHIVM,40,57,400,678.00,"271,200.00"
2019-05-29,2019052901009968,SHIVM,16,57,100,679.00,"67,900.00"
2019-05-29,2019052901009965,SHIVM,58,3,100,679.00,"67,900.00"
2019-05-29,2019052901009963,SHIVM,40,1,50,678.00,"33,900.00"
2019-05-29,2019052901009948,SHIVM,40,42,15,678.00,"10,170.00"
2019-05-29,2019052901009947,SHIVM,42,42,35,678.00,"23,730.00"
2019-05-29,2019052901009975,SHIVM,5,40,300,677.00,"203,100.00"
2019-05-29,2019052901009974,SHIVM,28,40,200,678.00,"135,600.00"
2019-05-29,2019052901009973,SHIVM,28,40,500,678.00,"339,000.00"
2019-05-29,2019052901009972,SHIVM,21,40,10,678.00,"6,780.00"
2019-05-29,2019052901009971,SHIVM,5,40,100,678.00,"67,800.00"
2019-05-29,2019052901009970,SHIVM,40,40,35,678.00,"23,730.00"
2019-05-29,2019052901010012,SHIVM,42,57,20,680.00,"13,600.00"
2019-05-29,2019052901010007,SHIVM,28,57,30,678.00,"20,340.00"
2019-05-29,2019052901009979,SHIVM,52,40,255,677.00,"172,635.00"
2019-05-29,2019052901009978,SHIVM,42,40,200,677.00,"135,400.00"
2019-05-29,2019052901009977,SHIVM,42,40,200,677.00,"135,400.00"
2019-05-29,2019052901009976,SHIVM,42,40,200,677.00,"135,400.00"
2019-05-29,2019052901010065,SHIVM,21,28,30,678.00,"20,340.00"
2019-05-29,2019052901010064,SHIVM,39,7,255,678.00,"172,890.00"
2019-05-29,2019052901010057,SHIVM,4,7,245,678.00,"166,110.00"
2019-05-29,2019052901010052,SHIVM,4,28,25,678.00,"16,950.00"
2019-05-29,2019052901010051,SHIVM,4,53,230,678.00,"155,940.00"
2019-05-29,2019052901010024,SHIVM,28,53,270,678.00,"183,060.00"
2019-05-29,2019052901010088,SHIVM,8,44,200,677.00,"135,400.00"
2019-05-29,2019052901010086,SHIVM,57,44,100,677.00,"67,700.00"
2019-05-29,2019052901010076,SHIVM,52,44,45,677.00,"30,465.00"
2019-05-29,2019052901010075,SHIVM,25,44,20,678.00,"13,560.00"
2019-05-29,2019052901010069,SHIVM,25,28,50,678.00,"33,900.00"
2019-05-29,2019052901010068,SHIVM,39,28,20,678.00,"13,560.00"
2019-05-29,2019052901010103,SHIVM,49,48,255,676.00,"172,380.00"
2019-05-29,2019052901010102,SHIVM,42,48,195,679.00,"132,405.00"
2019-05-29,2019052901010100,SHIVM,42,56,100,679.00,"67,900.00"
2019-05-29,2019052901010099,SHIVM,42,3,45,679.00,"30,555.00"
2019-05-29,2019052901010098,SHIVM,42,29,100,679.00,"67,900.00"
2019-05-29,2019052901010097,SHIVM,42,44,60,677.00,"40,620.00"
2019-05-29,2019052901010149,SHIVM,22,7,50,677.00,"33,850.00"
2019-05-29,2019052901010128,SHIVM,22,33,96,677.00,"64,992.00"
2019-05-29,2019052901010127,SHIVM,56,33,100,677.00,"67,700.00"
2019-05-29,2019052901010126,SHIVM,1,33,300,677.00,"203,100.00"
2019-05-29,2019052901010123,SHIVM,45,57,250,680.00,"170,000.00"
2019-05-29,2019052901010116,SHIVM,37,44,200,677.00,"135,400.00"
2019-05-29,2019052901010207,SHIVM,35,58,30,679.00,"20,370.00"
2019-05-29,2019052901010183,SHIVM,41,57,100,680.00,"68,000.00"
2019-05-29,2019052901010182,SHIVM,14,40,50,678.00,"33,900.00"
2019-05-29,2019052901010156,SHIVM,35,57,40,680.00,"27,200.00"
2019-05-29,2019052901010152,SHIVM,21,57,100,680.00,"68,000.00"
2019-05-29,2019052901010150,SHIVM,22,7,500,677.00,"338,500.00"
2019-05-29,2019052901010291,SHIVM,29,19,500,679.00,"339,500.00"
2019-05-29,2019052901010263,SHIVM,48,19,150,679.00,"101,850.00"
2019-05-29,2019052901010262,SHIVM,50,19,100,679.00,"67,900.00"
2019-05-29,2019052901010218,SHIVM,45,19,100,679.00,"67,900.00"
2019-05-29,2019052901010209,SHIVM,45,19,30,679.00,"20,370.00"
2019-05-29,2019052901010208,SHIVM,45,58,970,679.00,"658,630.00"
2019-05-29,2019052901010341,SHIVM,57,19,100,679.00,"67,900.00"
2019-05-29,2019052901010335,SHIVM,1,19,100,679.00,"67,900.00"
2019-05-29,2019052901010319,SHIVM,50,19,100,679.00,"67,900.00"
2019-05-29,2019052901010306,SHIVM,42,39,50,678.00,"33,900.00"
2019-05-29,2019052901010305,SHIVM,22,39,300,678.00,"203,400.00"
2019-05-29,2019052901010304,SHIVM,5,19,100,679.00,"67,900.00"
2019-05-29,2019052901010363,SHIVM,40,38,596,677.00,"403,492.00"
2019-05-29,2019052901010362,SHIVM,50,38,100,677.00,"67,700.00"
2019-05-29,2019052901010361,SHIVM,56,38,100,677.00,"67,700.00"
2019-05-29,2019052901010360,SHIVM,6,38,50,677.00,"33,850.00"
2019-05-29,2019052901010359,SHIVM,22,38,154,677.00,"104,258.00"
2019-05-29,2019052901010353,SHIVM,22,57,200,677.00,"135,400.00"
2019-05-29,2019052901010404,SHIVM,1,48,200,678.00,"135,600.00"
2019-05-29,2019052901010374,SHIVM,34,6,200,678.00,"135,600.00"
2019-05-29,2019052901010373,SHIVM,39,41,50,678.00,"33,900.00"
2019-05-29,2019052901010369,SHIVM,6,40,46,677.00,"31,142.00"
2019-05-29,2019052901010368,SHIVM,40,40,404,677.00,"273,508.00"
2019-05-29,2019052901010367,SHIVM,42,40,50,678.00,"33,900.00"
2019-05-29,2019052901010074,SHL,21,43,500,241.00,"120,500.00"
2019-05-29,2019052901010308,SHPC,43,25,20,275.00,"5,500.00"
2019-05-29,2019052901010135,SHPC,6,32,"3,000",271.00,"813,000.00"
2019-05-29,2019052901010378,SIC,20,6,34,"1,395.00","47,430.00"
2019-05-29,2019052901010239,SICL,41,14,38,851.00,"32,338.00"
2019-05-29,2019052901010238,SICL,11,14,100,852.00,"85,200.00"
2019-05-29,2019052901010237,SICL,35,14,32,852.00,"27,264.00"
2019-05-29,2019052901010236,SICL,41,14,130,853.00,"110,890.00"
2019-05-29,2019052901010115,SICL,41,22,50,853.00,"42,650.00"
2019-05-29,2019052901010187,SKBBL,45,58,641,"1,000.00","641,000.00"
2019-05-29,2019052901010186,SKBBL,45,38,21,999.00,"20,979.00"
2019-05-29,2019052901010185,SKBBL,45,32,100,998.00,"99,800.00"
2019-05-29,2019052901010184,SKBBL,45,17,29,997.00,"28,913.00"
2019-05-29,2019052901009949,SLBBL,20,52,38,481.00,"18,278.00"
2019-05-29,2019052901010283,SLICL,19,35,40,587.00,"23,480.00"
2019-05-29,2019052901010282,SLICL,49,35,50,590.00,"29,500.00"
2019-05-29,2019052901010281,SLICL,43,35,10,590.00,"5,900.00"
2019-05-29,2019052901010036,SRBL,25,4,56,258.00,"14,448.00"
2019-05-29,2019052901010035,SRBL,25,45,73,258.00,"18,834.00"
2019-05-29,2019052901010272,UIC,56,57,10,"1,040.00","10,400.00"
2019-05-29,2019052901010177,UIC,56,7,10,"1,040.00","10,400.00"
2019-05-29,2019052901010073,UIC,56,7,200,"1,030.00","206,000.00"
2019-05-29,2019052901010072,UIC,56,7,100,"1,031.00","103,100.00"
2019-05-29,2019052901010071,UIC,56,7,100,"1,033.00","103,300.00"
2019-05-29,2019052901009946,UIC,56,7,100,"1,034.00","103,400.00"
2019-05-29,2019052901009945,UIC,56,7,400,"1,034.00","413,600.00"
2019-05-29,2019052901010409,UPPER,13,14,40,294.00,"11,760.00"
2019-05-29,2019052901010379,UPPER,51,51,10,295.00,"2,950.00"
2019-05-29,2019052901010372,UPPER,13,44,100,294.00,"29,400.00"
2019-05-29,2019052901010371,UPPER,13,44,"1,000",294.00,"294,000.00"
2019-05-29,2019052901010366,UPPER,39,36,34,293.00,"9,962.00"
2019-05-29,2019052901010365,UPPER,13,36,259,293.00,"75,887.00"
2019-05-29,2019052901009982,UPPER,38,47,50,294.00,"14,700.00"
2019-05-29,2019052901009981,UPPER,38,49,50,294.00,"14,700.00"
2019-05-29,2019052901009964,UPPER,38,41,97,294.00,"28,518.00"
2019-05-29,2019052901009961,UPPER,38,21,50,294.00,"14,700.00"
2019-05-29,2019052901009925,UPPER,38,49,50,294.00,"14,700.00"
2019-05-29,2019052901010016,UPPER,38,55,50,295.00,"14,750.00"
2019-05-29,2019052901010015,UPPER,38,58,40,295.00,"11,800.00"
2019-05-29,2019052901010014,UPPER,38,43,200,295.00,"59,000.00"
2019-05-29,2019052901010013,UPPER,38,1,262,295.00,"77,290.00"
2019-05-29,2019052901010008,UPPER,38,21,40,294.00,"11,760.00"
2019-05-29,2019052901010055,UPPER,25,42,20,295.00,"5,900.00"
2019-05-29,2019052901010054,UPPER,25,28,40,295.00,"11,800.00"
2019-05-29,2019052901010053,UPPER,25,45,131,295.00,"38,645.00"
2019-05-29,2019052901010026,UPPER,38,49,40,294.00,"11,760.00"
2019-05-29,2019052901010017,UPPER,38,45,448,295.00,"132,160.00"
2019-05-29,2019052901010144,UPPER,42,28,50,295.00,"14,750.00"
2019-05-29,2019052901010143,UPPER,42,41,40,295.00,"11,800.00"
2019-05-29,2019052901010142,UPPER,42,42,10,295.00,"2,950.00"
2019-05-29,2019052901010118,UPPER,5,47,50,294.00,"14,700.00"
2019-05-29,2019052901010117,UPPER,5,38,177,294.00,"52,038.00"
2019-05-29,2019052901010067,UPPER,38,38,123,294.00,"36,162.00"
2019-05-29,2019052901010180,UPPER,7,35,50,295.00,"14,750.00"
2019-05-29,2019052901010179,UPPER,7,35,50,295.00,"14,750.00"
2019-05-29,2019052901010178,UPPER,7,48,100,295.00,"29,500.00"
2019-05-29,2019052901010165,UPPER,5,43,50,294.00,"14,700.00"
2019-05-29,2019052901010148,UPPER,5,25,40,294.00,"11,760.00"
2019-05-29,2019052901010145,UPPER,42,45,50,295.00,"14,750.00"
2019-05-29,2019052901010212,UPPER,7,33,200,295.00,"59,000.00"
2019-05-29,2019052901010211,UPPER,7,33,40,294.00,"11,760.00"
2019-05-29,2019052901010193,UPPER,13,19,357,293.00,"104,601.00"
2019-05-29,2019052901010192,UPPER,5,19,143,294.00,"42,042.00"
2019-05-29,2019052901010191,UPPER,5,36,40,294.00,"11,760.00"
2019-05-29,2019052901010181,UPPER,7,33,800,295.00,"236,000.00"
2019-05-29,2019052901010292,UPPER,42,49,40,294.00,"11,760.00"
2019-05-29,2019052901010289,UPPER,13,33,16,293.00,"4,688.00"
2019-05-29,2019052901010280,UPPER,13,11,198,293.00,"58,014.00"
2019-05-29,2019052901010250,UPPER,19,33,200,295.00,"59,000.00"
2019-05-29,2019052901010214,UPPER,7,33,260,295.00,"76,700.00"
2019-05-29,2019052901010213,UPPER,7,41,500,295.00,"147,500.00"
2019-05-29,2019052901010318,UPPER,13,39,50,293.00,"14,650.00"
2019-05-29,2019052901010297,UPPER,42,51,20,295.00,"5,900.00"
2019-05-29,2019052901010296,UPPER,42,43,800,295.00,"236,000.00"
2019-05-29,2019052901010295,UPPER,42,33,40,295.00,"11,800.00"
2019-05-29,2019052901010294,UPPER,42,8,50,294.00,"14,700.00"
2019-05-29,2019052901010293,UPPER,42,8,50,294.00,"14,700.00"
2019-05-29,2019052901009905,ADBL,34,58,15,421.00,"6,315.00"
2019-05-29,2019052901009853,ADBL,50,58,500,421.00,"210,500.00"
2019-05-29,2019052901009801,ADBL,42,22,70,424.00,"29,680.00"
2019-05-29,2019052901009800,ADBL,42,42,72,424.00,"30,528.00"
2019-05-29,2019052901009799,ADBL,42,52,60,424.00,"25,440.00"
2019-05-29,2019052901009798,ADBL,42,42,"1,620",424.00,"686,880.00"
2019-05-29,2019052901009663,ADBL,35,58,"5,000",421.00,"2,105,000.00"
2019-05-29,2019052901009521,ADBL,35,58,400,422.00,"168,800.00"
2019-05-29,2019052901009797,ADBL,42,59,78,423.00,"32,994.00"
2019-05-29,2019052901009796,ADBL,42,49,100,423.00,"42,300.00"
2019-05-29,2019052901009795,ADBL,42,4,"3,000",422.00,"1,266,000.00"
2019-05-29,2019052901009687,ADBL,49,58,"1,764",420.00,"740,880.00"
2019-05-29,2019052901009686,ADBL,49,58,236,420.00,"99,120.00"
2019-05-29,2019052901009664,ADBL,25,58,"1,000",421.00,"421,000.00"
2019-05-29,2019052901009888,AKPL,55,58,951,192.00,"182,592.00"
2019-05-29,2019052901009887,AKPL,44,58,200,192.00,"38,400.00"
2019-05-29,2019052901009886,AKPL,55,58,459,192.00,"88,128.00"
2019-05-29,2019052901009885,AKPL,26,58,890,193.00,"171,770.00"
2019-05-29,2019052901009862,ALBSL,42,40,290,442.00,"128,180.00"
2019-05-29,2019052901009806,ALICL,4,45,85,419.00,"35,615.00"
2019-05-29,2019052901009780,ALICL,35,45,100,419.00,"41,900.00"
2019-05-29,2019052901009773,ALICL,34,45,15,419.00,"6,285.00"
2019-05-29,2019052901009685,ALICL,32,41,54,418.00,"22,572.00"
2019-05-29,2019052901009501,ALICL,50,45,300,419.00,"125,700.00"
2019-05-29,2019052901009779,API,37,25,"1,797",156.00,"280,332.00"
2019-05-29,2019052901009778,API,38,25,150,156.00,"23,400.00"
2019-05-29,2019052901009777,API,34,25,10,156.00,"1,560.00"
2019-05-29,2019052901009776,API,46,25,43,156.00,"6,708.00"
2019-05-29,2019052901009689,API,46,41,28,156.00,"4,368.00"
2019-05-29,2019052901009708,BFC,57,33,100,107.00,"10,700.00"
2019-05-29,2019052901009598,BOKL,26,25,250,273.00,"68,250.00"
2019-05-29,2019052901009484,BOKL,57,34,987,273.00,"269,451.00"
2019-05-29,2019052901009452,BOKL,47,34,13,273.00,"3,549.00"
2019-05-29,2019052901009845,BPCL,6,1,22,426.00,"9,372.00"
2019-05-29,2019052901009728,BPCL,52,38,30,427.00,"12,810.00"
2019-05-29,2019052901009436,BPCL,21,38,100,427.00,"42,700.00"
2019-05-29,2019052901009844,CBBL,35,49,500,960.00,"480,000.00"
2019-05-29,2019052901009749,CBBL,4,50,50,961.00,"48,050.00"
2019-05-29,2019052901009631,CBBL,35,37,75,960.00,"72,000.00"
2019-05-29,2019052901009566,CBBL,35,48,20,960.00,"19,200.00"
2019-05-29,2019052901009565,CBBL,35,29,50,960.00,"48,000.00"
2019-05-29,2019052901009564,CBBL,35,58,539,960.00,"517,440.00"
2019-05-29,2019052901009563,CBBL,35,57,300,959.00,"287,700.00"
2019-05-29,2019052901009562,CBBL,35,33,50,958.00,"47,900.00"
2019-05-29,2019052901009561,CBBL,35,33,80,958.00,"76,640.00"
2019-05-29,2019052901009770,CBL,8,58,"1,000",148.00,"148,000.00"
2019-05-29,2019052901009762,CBL,8,46,290,148.00,"42,920.00"
2019-05-29,2019052901009733,CBL,8,13,87,148.00,"12,876.00"
2019-05-29,2019052901009732,CBL,58,13,200,148.00,"29,600.00"
2019-05-29,2019052901009670,CBL,22,32,100,149.00,"14,900.00"
2019-05-29,2019052901009785,CCBL,33,52,10,169.00,"1,690.00"
2019-05-29,2019052901009453,CCBL,37,50,318,169.00,"53,742.00"
2019-05-29,2019052901009705,CHCL,1,34,150,531.00,"79,650.00"
2019-05-29,2019052901009704,CHCL,22,34,200,532.00,"106,400.00"
2019-05-29,2019052901009703,CHCL,35,34,50,533.00,"26,650.00"
2019-05-29,2019052901009702,CHCL,36,34,100,533.00,"53,300.00"
2019-05-29,2019052901009657,CHCL,42,28,300,534.00,"160,200.00"
2019-05-29,2019052901009470,CHLBS,36,40,120,448.00,"53,760.00"
2019-05-29,2019052901009469,CHLBS,42,40,100,448.00,"44,800.00"
2019-05-29,2019052901009468,CHLBS,48,40,10,450.00,"4,500.00"
2019-05-29,2019052901009467,CHLBS,21,40,20,450.00,"9,000.00"
2019-05-29,2019052901009466,CHLBS,48,40,20,450.00,"9,000.00"
2019-05-29,2019052901009907,CIT,17,52,40,"2,601.00","104,040.00"
2019-05-29,2019052901009646,CIT,13,7,10,"2,600.00","26,000.00"
2019-05-29,2019052901009645,CIT,13,34,207,"2,600.00","538,200.00"
2019-05-29,2019052901009874,CLBSL,57,18,34,550.00,"18,700.00"
2019-05-29,2019052901009884,CZBIL,41,48,200,227.00,"45,400.00"
2019-05-29,2019052901009883,CZBIL,10,48,680,227.00,"154,360.00"
2019-05-29,2019052901009781,CZBIL,6,45,980,228.00,"223,440.00"
2019-05-29,2019052901009694,CZBIL,6,25,10,228.00,"2,280.00"
2019-05-29,2019052901009693,CZBIL,6,22,10,228.00,"2,280.00"
2019-05-29,2019052901009535,CZBIL,10,58,500,227.00,"113,500.00"
2019-05-29,2019052901009891,DBBL,40,58,"2,532",150.00,"379,800.00"
2019-05-29,2019052901009589,DBBL,37,58,468,150.00,"70,200.00"
2019-05-29,2019052901009588,DBBL,37,5,500,150.00,"75,000.00"
2019-05-29,2019052901009587,DBBL,37,58,32,150.00,"4,800.00"
2019-05-29,2019052901009578,DBBL,46,58,500,150.00,"75,000.00"
2019-05-29,2019052901009487,DBBL,42,58,468,150.00,"70,200.00"
2019-05-29,2019052901009486,DBBL,42,58,74,150.00,"11,100.00"
2019-05-29,2019052901009915,DDBL,32,36,40,724.00,"28,960.00"
2019-05-29,2019052901009892,DDBL,42,36,13,738.00,"9,594.00"
2019-05-29,2019052901009619,EBL,11,39,200,674.00,"134,800.00"
2019-05-29,2019052901009495,EBL,35,45,600,670.00,"402,000.00"
2019-05-29,2019052901009494,EBL,1,45,300,671.00,"201,300.00"
2019-05-29,2019052901009493,EBL,22,45,100,672.00,"67,200.00"
2019-05-29,2019052901009651,EIC,16,29,80,417.00,"33,360.00"
2019-05-29,2019052901009648,FMDBL,45,59,500,407.00,"203,500.00"
2019-05-29,2019052901009647,FMDBL,45,59,226,406.00,"91,756.00"
2019-05-29,2019052901009471,FOWAD,49,51,75,"1,502.00","112,650.00"
2019-05-29,2019052901009641,GBBL,6,29,200,227.00,"45,400.00"
2019-05-29,2019052901009808,GBIME,45,25,359,307.00,"110,213.00"
2019-05-29,2019052901009805,GBIME,45,46,16,307.00,"4,912.00"
2019-05-29,2019052901009529,GBIME,45,25,125,307.00,"38,375.00"
2019-05-29,2019052901009528,GBIME,40,25,75,307.00,"23,025.00"
2019-05-29,2019052901009574,GBLBS,35,26,50,381.00,"19,050.00"
2019-05-29,2019052901009426,GBLBS,35,57,300,381.00,"114,300.00"
2019-05-29,2019052901009464,GDBL,34,32,100,217.00,"21,700.00"
2019-05-29,2019052901009570,GILB,14,41,40,"1,330.00","53,200.00"
2019-05-29,2019052901009450,HIDCL,5,56,28,169.00,"4,732.00"
2019-05-29,2019052901009422,HIDCL,5,25,23,168.00,"3,864.00"
2019-05-29,2019052901009879,HPPL,41,1,10,190.00,"1,900.00"
2019-05-29,2019052901009682,HPPL,41,59,10,190.00,"1,900.00"
2019-05-29,2019052901009612,HPPL,41,38,10,190.00,"1,900.00"
2019-05-29,2019052901009789,HURJA,58,50,20,146.00,"2,920.00"
2019-05-29,2019052901009854,ICFC,26,47,100,165.00,"16,500.00"
2019-05-29,2019052901009772,ICFC,26,47,500,165.00,"82,500.00"
2019-05-29,2019052901009661,IGI,37,55,429,401.00,"172,029.00"
2019-05-29,2019052901009523,JBBL,35,58,200,158.00,"31,600.00"
2019-05-29,2019052901009480,JBBL,32,58,800,158.00,"126,400.00"
2019-05-29,2019052901009479,JBBL,32,17,200,158.00,"31,600.00"
2019-05-29,2019052901009893,JBNL,34,20,22,210.00,"4,620.00"
2019-05-29,2019052901009861,JBNL,34,39,55,210.00,"11,550.00"
2019-05-29,2019052901009838,JBNL,34,39,41,210.00,"8,610.00"
2019-05-29,2019052901009809,JBNL,34,39,32,210.00,"6,720.00"
2019-05-29,2019052901009610,JBNL,34,59,220,210.00,"46,200.00"
2019-05-29,2019052901009609,JBNL,34,59,780,210.00,"163,800.00"
2019-05-29,2019052901009576,JBNL,34,29,"1,500",210.00,"315,000.00"
2019-05-29,2019052901009546,JBNL,34,50,300,210.00,"63,000.00"
2019-05-29,2019052901009545,JBNL,34,17,200,210.00,"42,000.00"
2019-05-29,2019052901009544,JBNL,34,46,"2,200",210.00,"462,000.00"
2019-05-29,2019052901009695,KBBL,44,59,134,230.00,"30,820.00"
2019-05-29,2019052901009604,KBL,56,49,100,219.00,"21,900.00"
2019-05-29,2019052901009837,KNBL,56,59,50,170.00,"8,500.00"
2019-05-29,2019052901009836,KNBL,56,43,300,170.00,"51,000.00"
2019-05-29,2019052901009835,KNBL,56,29,275,169.00,"46,475.00"
2019-05-29,2019052901009834,KNBL,56,42,226,168.00,"37,968.00"
2019-05-29,2019052901009833,KNBL,56,22,500,168.00,"84,000.00"
2019-05-29,2019052901009832,KNBL,56,56,200,168.00,"33,600.00"
2019-05-29,2019052901009831,KNBL,56,25,196,168.00,"32,928.00"
2019-05-29,2019052901009605,KPCL,52,19,10,96.00,960.00
2019-05-29,2019052901009447,KRBL,29,42,277,115.00,"31,855.00"
2019-05-29,2019052901009446,KRBL,59,42,100,116.00,"11,600.00"
2019-05-29,2019052901009880,KSBBL,54,26,200,166.00,"33,200.00"
2019-05-29,2019052901009638,LBBL,42,22,169,202.00,"34,138.00"
2019-05-29,2019052901009725,LBL,35,22,49,224.00,"10,976.00"
2019-05-29,2019052901009724,LBL,35,44,751,224.00,"168,224.00"
2019-05-29,2019052901009677,LBL,56,17,99,223.00,"22,077.00"
2019-05-29,2019052901009618,LBL,33,44,49,224.00,"10,976.00"
2019-05-29,2019052901009617,LBL,56,49,100,223.00,"22,300.00"
2019-05-29,2019052901009437,LBL,19,44,500,224.00,"112,000.00"
2019-05-29,2019052901009669,LGIL,17,50,40,497.00,"19,880.00"
2019-05-29,2019052901009527,LGIL,17,56,220,499.00,"109,780.00"
2019-05-29,2019052901009653,LICN,10,7,20,"1,828.00","36,560.00"
2019-05-29,2019052901009630,LICN,56,7,80,"1,828.00","146,240.00"
2019-05-29,2019052901009629,LICN,58,7,37,"1,828.00","67,636.00"
2019-05-29,2019052901009628,LICN,34,7,50,"1,830.00","91,500.00"
2019-05-29,2019052901009627,LICN,25,7,10,"1,830.00","18,300.00"
2019-05-29,2019052901009626,LICN,28,7,100,"1,830.00","183,000.00"
2019-05-29,2019052901009625,LICN,39,7,50,"1,830.00","91,500.00"
2019-05-29,2019052901009624,LICN,38,7,27,"1,831.00","49,437.00"
2019-05-29,2019052901009623,LICN,16,7,50,"1,832.00","91,600.00"
2019-05-29,2019052901009622,LICN,58,7,50,"1,833.00","91,650.00"
2019-05-29,2019052901009621,LICN,29,7,21,"1,835.00","38,535.00"
2019-05-29,2019052901009906,LLBS,32,49,150,765.00,"114,750.00"
2019-05-29,2019052901009572,LLBS,36,57,10,778.00,"7,780.00"
2019-05-29,2019052901009909,MEGA,29,8,124,202.00,"25,048.00"
2019-05-29,2019052901009908,MEGA,29,32,136,202.00,"27,472.00"
2019-05-29,2019052901009870,MEGA,45,42,500,201.00,"100,500.00"
2019-05-29,2019052901009869,MEGA,56,42,500,201.00,"100,500.00"
2019-05-29,2019052901009868,MEGA,26,42,100,201.00,"20,100.00"
2019-05-29,2019052901009867,MEGA,34,42,500,201.00,"100,500.00"
2019-05-29,2019052901009425,MEGA,58,8,50,202.00,"10,100.00"
2019-05-29,2019052901009424,MEGA,58,55,350,201.00,"70,350.00"
2019-05-29,2019052901009421,MEGA,33,55,50,201.00,"10,050.00"
2019-05-29,2019052901009420,MEGA,33,17,200,201.00,"40,200.00"
2019-05-29,2019052901009419,MEGA,33,57,750,201.00,"150,750.00"
2019-05-29,2019052901009481,MEGA,58,8,14,202.00,"2,828.00"
2019-05-29,2019052901009474,MEGA,32,1,300,201.00,"60,300.00"
2019-05-29,2019052901009473,MEGA,57,1,200,201.00,"40,200.00"
2019-05-29,2019052901009454,MEGA,57,32,800,201.00,"160,800.00"
2019-05-29,2019052901009445,MEGA,32,32,200,201.00,"40,200.00"
2019-05-29,2019052901009435,MEGA,26,3,200,200.00,"40,000.00"
2019-05-29,2019052901009550,MEGA,58,8,30,202.00,"6,060.00"
2019-05-29,2019052901009549,MEGA,57,32,"2,000",201.00,"402,000.00"
2019-05-29,2019052901009526,MEGA,57,16,22,201.00,"4,422.00"
2019-05-29,2019052901009525,MEGA,32,16,28,201.00,"5,628.00"
2019-05-29,2019052901009488,MEGA,58,8,20,202.00,"4,040.00"
2019-05-29,2019052901009483,MEGA,32,25,72,201.00,"14,472.00"
2019-05-29,2019052901009608,MEGA,49,32,922,201.00,"185,322.00"
2019-05-29,2019052901009607,MEGA,56,32,78,201.00,"15,678.00"
2019-05-29,2019052901009597,MEGA,58,8,50,202.00,"10,100.00"
2019-05-29,2019052901009581,MEGA,56,36,22,201.00,"4,422.00"
2019-05-29,2019052901009580,MEGA,57,36,478,201.00,"96,078.00"
2019-05-29,2019052901009554,MEGA,39,8,100,202.00,"20,200.00"
2019-05-29,2019052901009667,MEGA,51,32,264,202.00,"53,328.00"
2019-05-29,2019052901009666,MEGA,51,8,236,202.00,"47,672.00"
2019-05-29,2019052901009656,MEGA,49,34,67,201.00,"13,467.00"
2019-05-29,2019052901009652,MEGA,26,8,500,202.00,"101,000.00"
2019-05-29,2019052901009640,MEGA,49,38,250,201.00,"50,250.00"
2019-05-29,2019052901009632,MEGA,49,22,465,201.00,"93,465.00"
2019-05-29,2019052901009866,MEGA,17,42,425,201.00,"85,425.00"
2019-05-29,2019052901009810,MEGA,17,46,50,201.00,"10,050.00"
2019-05-29,2019052901009759,MEGA,17,1,21,201.00,"4,221.00"
2019-05-29,2019052901009710,MEGA,22,32,100,202.00,"20,200.00"
2019-05-29,2019052901009681,MEGA,17,8,204,201.00,"41,004.00"
2019-05-29,2019052901009680,MEGA,49,8,"1,296",201.00,"260,496.00"
2019-05-29,2019052901009894,MERO,57,33,16,597.00,"9,552.00"
2019-05-29,2019052901009637,MERO,57,45,11,597.00,"6,567.00"
2019-05-29,2019052901009636,MERO,17,45,10,597.00,"5,970.00"
2019-05-29,2019052901009635,MERO,17,45,36,597.00,"21,492.00"
2019-05-29,2019052901009443,MERO,17,58,32,597.00,"19,104.00"
2019-05-29,2019052901009434,MERO,1,22,10,598.00,"5,980.00"
2019-05-29,2019052901009433,MERO,51,22,50,598.00,"29,900.00"
2019-05-29,2019052901009575,MFIL,1,5,500,129.00,"64,500.00"
2019-05-29,2019052901009914,MHNL,53,21,40,105.00,"4,200.00"
2019-05-29,2019052901009846,MHNL,59,21,30,104.00,"3,120.00"
2019-05-29,2019052901009817,MHNL,59,53,30,104.00,"3,120.00"
2019-05-29,2019052901009807,MHNL,59,21,30,104.00,"3,120.00"
2019-05-29,2019052901009774,MHNL,59,21,30,104.00,"3,120.00"
2019-05-29,2019052901009760,MHNL,59,53,30,104.00,"3,120.00"
2019-05-29,2019052901009423,MHNL,59,21,40,105.00,"4,200.00"
2019-05-29,2019052901009590,MHNL,59,21,30,105.00,"3,150.00"
2019-05-29,2019052901009573,MHNL,59,21,30,105.00,"3,150.00"
2019-05-29,2019052901009522,MHNL,59,21,40,105.00,"4,200.00"
2019-05-29,2019052901009475,MHNL,59,21,40,105.00,"4,200.00"
2019-05-29,2019052901009457,MHNL,59,21,40,105.00,"4,200.00"
2019-05-29,2019052901009438,MHNL,59,21,30,105.00,"3,150.00"
2019-05-29,2019052901009754,MHNL,59,21,20,104.00,"2,080.00"
2019-05-29,2019052901009753,MHNL,59,21,20,105.00,"2,100.00"
2019-05-29,2019052901009723,MHNL,59,21,30,105.00,"3,150.00"
2019-05-29,2019052901009684,MHNL,59,21,40,105.00,"4,200.00"
2019-05-29,2019052901009650,MHNL,59,21,30,105.00,"3,150.00"
2019-05-29,2019052901009611,MHNL,59,21,30,105.00,"3,150.00"
2019-05-29,2019052901009649,MSLB,17,5,23,"1,034.00","23,782.00"
2019-05-29,2019052901009784,NABIL,11,45,15,840.00,"12,600.00"
2019-05-29,2019052901009783,NABIL,11,22,60,839.00,"50,340.00"
2019-05-29,2019052901009782,NABIL,11,57,25,839.00,"20,975.00"
2019-05-29,2019052901009701,NABIL,54,22,50,837.00,"41,850.00"
2019-05-29,2019052901009428,NABILP,45,49,100,813.00,"81,300.00"
2019-05-29,2019052901009427,NABILP,45,49,90,813.00,"73,170.00"
2019-05-29,2019052901009847,NBL,38,43,100,336.00,"33,600.00"
2019-05-29,2019052901009804,NBL,39,43,350,336.00,"117,600.00"
2019-05-29,2019052901009727,NBL,22,28,"1,000",336.00,"336,000.00"
2019-05-29,2019052901009697,NBL,39,46,220,335.00,"73,700.00"
2019-05-29,2019052901009696,NBL,22,46,280,335.00,"93,800.00"
2019-05-29,2019052901009559,NBL,17,11,400,336.00,"134,400.00"
2019-05-29,2019052901009558,NBL,17,8,500,336.00,"168,000.00"
2019-05-29,2019052901009557,NBL,17,33,"1,500",336.00,"504,000.00"
2019-05-29,2019052901009556,NBL,17,43,"1,000",336.00,"336,000.00"
2019-05-29,2019052901009555,NBL,17,44,560,336.00,"188,160.00"
2019-05-29,2019052901009431,NBL,22,28,20,335.00,"6,700.00"
2019-05-29,2019052901009430,NBL,28,28,480,335.00,"160,800.00"
2019-05-29,2019052901009913,NCCB,32,1,15,261.00,"3,915.00"
2019-05-29,2019052901009758,NCCB,33,40,300,262.00,"78,600.00"
2019-05-29,2019052901009569,NCCB,7,40,450,262.00,"117,900.00"
2019-05-29,2019052901009568,NCCB,7,8,50,262.00,"13,100.00"
2019-05-29,2019052901009530,NCCB,32,16,20,261.00,"5,220.00"
2019-05-29,2019052901009499,NCCB,51,8,100,262.00,"26,200.00"
2019-05-29,2019052901009432,NCCB,49,8,350,262.00,"91,700.00"
2019-05-29,2019052901009794,NIB,45,32,200,538.00,"107,600.00"
2019-05-29,2019052901009793,NIB,45,55,72,538.00,"38,736.00"
2019-05-29,2019052901009730,NIB,11,55,100,538.00,"53,800.00"
2019-05-29,2019052901009639,NIB,34,32,36,537.00,"19,332.00"
2019-05-29,2019052901009560,NIB,34,16,14,537.00,"7,518.00"
2019-05-29,2019052901009531,NIB,7,55,50,538.00,"26,900.00"
2019-05-29,2019052901009418,NIB,33,55,278,538.00,"149,564.00"
2019-05-29,2019052901009417,NIB,33,4,75,538.00,"40,350.00"
2019-05-29,2019052901009416,NIB,33,43,75,538.00,"40,350.00"
2019-05-29,2019052901009843,NICA,57,35,100,482.00,"48,200.00"
2019-05-29,2019052901009842,NICA,39,35,500,482.00,"241,000.00"
2019-05-29,2019052901009841,NICA,16,35,500,482.00,"241,000.00"
2019-05-29,2019052901009840,NICA,16,35,149,482.00,"71,818.00"
2019-05-29,2019052901009763,NICA,50,37,500,483.00,"241,500.00"
2019-05-29,2019052901009465,NICA,7,21,100,483.00,"48,300.00"
2019-05-29,2019052901009472,NIL,49,40,280,515.00,"144,200.00"
2019-05-29,2019052901009736,NLG,19,56,315,816.00,"257,040.00"
2019-05-29,2019052901009690,NLG,19,56,125,816.00,"102,000.00"
2019-05-29,2019052901009596,NLG,19,32,60,816.00,"48,960.00"
2019-05-29,2019052901009595,NLG,29,32,25,816.00,"20,400.00"
2019-05-29,2019052901009594,NLG,45,32,305,818.00,"249,490.00"
2019-05-29,2019052901009593,NLG,6,32,300,819.00,"245,700.00"
2019-05-29,2019052901009592,NLG,6,32,400,819.00,"327,600.00"
2019-05-29,2019052901009591,NLG,38,32,20,820.00,"16,400.00"
2019-05-29,2019052901009830,NLIC,58,16,100,921.00,"92,100.00"
2019-05-29,2019052901009712,NLIC,19,16,50,921.00,"46,050.00"
2019-05-29,2019052901009683,NLIC,16,16,200,921.00,"184,200.00"
2019-05-29,2019052901009620,NLIC,51,16,50,922.00,"46,100.00"
2019-05-29,2019052901009571,NLIC,7,1,20,921.00,"18,420.00"
2019-05-29,2019052901009534,NLICL,45,22,40,660.00,"26,400.00"
2019-05-29,2019052901009533,NLICL,45,21,500,657.00,"328,500.00"
2019-05-29,2019052901009532,NLICL,45,57,460,655.00,"301,300.00"
2019-05-29,2019052901009455,NLICL,34,22,20,651.00,"13,020.00"
2019-05-29,2019052901009764,NMBSF1,25,28,"10,000",10.80,"108,000.00"
2019-05-29,2019052901009814,NTC,4,22,200,725.00,"145,000.00"
2019-05-29,2019052901009707,NTC,4,42,190,725.00,"137,750.00"
2019-05-29,2019052901009706,NTC,34,42,10,726.00,"7,260.00"
2019-05-29,2019052901009460,OHL,6,49,30,655.00,"19,650.00"
2019-05-29,2019052901009459,OHL,22,49,50,665.00,"33,250.00"
2019-05-29,2019052901009458,OHL,45,49,19,665.00,"12,635.00"
2019-05-29,2019052901009500,OHL,45,49,81,650.00,"52,650.00"
2019-05-29,2019052901009478,OHL,11,49,300,650.00,"195,000.00"
2019-05-29,2019052901009477,OHL,25,49,500,650.00,"325,000.00"
2019-05-29,2019052901009476,OHL,16,49,320,651.00,"208,320.00"
2019-05-29,2019052901009461,OHL,5,49,200,655.00,"131,000.00"
2019-05-29,2019052901009912,PCBL,43,40,80,309.00,"24,720.00"
2019-05-29,2019052901009547,PCBL,32,40,100,309.00,"30,900.00"
2019-05-29,2019052901009691,PFL,32,20,13,139.00,"1,807.00"
2019-05-29,2019052901009553,PFL,32,33,28,139.00,"3,892.00"
2019-05-29,2019052901009552,PFL,1,33,11,139.00,"1,529.00"
2019-05-29,2019052901009858,PICL,58,56,200,698.00,"139,600.00"
2019-05-29,2019052901009857,PICL,37,56,200,698.00,"139,600.00"
2019-05-29,2019052901009856,PICL,37,56,81,698.00,"56,538.00"
2019-05-29,2019052901009855,PICL,45,56,52,699.00,"36,348.00"
2019-05-29,2019052901009451,PICL,45,14,145,699.00,"101,355.00"
2019-05-29,2019052901009775,PLIC,20,6,40,478.00,"19,120.00"
2019-05-29,2019052901009839,PMHPL,17,50,10,109.00,"1,090.00"
2019-05-29,2019052901009709,PRIN,42,47,20,408.00,"8,160.00"
2019-05-29,2019052901009744,PROFL,18,45,501,106.00,"53,106.00"
2019-05-29,2019052901009910,PRVU,38,34,300,278.00,"83,400.00"
2019-05-29,2019052901009882,PRVU,21,34,10,278.00,"2,780.00"
2019-05-29,2019052901009863,PRVU,19,34,100,278.00,"27,800.00"
2019-05-29,2019052901009848,PRVU,44,34,91,278.00,"25,298.00"
2019-05-29,2019052901009692,PRVU,28,34,"1,000",278.00,"278,000.00"
2019-05-29,2019052901009674,PRVU,51,34,"2,000",278.00,"556,000.00"
2019-05-29,2019052901009485,RBCLPO,17,36,10,"10,120.00","101,200.00"
2019-05-29,2019052901009731,RBCLPO,25,56,10,"10,110.00","101,100.00"
2019-05-29,2019052901009662,RHPC,35,40,300,95.00,"28,500.00"
2019-05-29,2019052901009456,RHPC,43,40,30,95.00,"2,850.00"
2019-05-29,2019052901009756,RLFL,17,34,577,133.00,"76,741.00"
2019-05-29,2019052901009755,RLFL,17,17,200,132.00,"26,400.00"
2019-05-29,2019052901009745,RSDC,20,33,50,386.00,"19,300.00"
2019-05-29,2019052901009852,SADBL,6,56,400,158.00,"63,200.00"
2019-05-29,2019052901009851,SADBL,6,14,100,158.00,"15,800.00"
2019-05-29,2019052901009644,SADBL,45,14,600,157.00,"94,200.00"
2019-05-29,2019052901009643,SADBL,45,25,"1,000",157.00,"157,000.00"
2019-05-29,2019052901009642,SADBL,45,28,723,157.00,"113,511.00"
2019-05-29,2019052901009659,SAEF,46,26,"1,200",10.04,"12,048.00"
2019-05-29,2019052901009658,SAEF,46,29,800,10.00,"8,000.00"
2019-05-29,2019052901009890,SANIMA,17,58,110,355.00,"39,050.00"
2019-05-29,2019052901009889,SANIMA,14,58,110,355.00,"39,050.00"
2019-05-29,2019052901009878,SANIMA,35,35,"15,000",357.00,"5,355,000.00"
2019-05-29,2019052901009864,SANIMA,21,45,200,356.00,"71,200.00"
2019-05-29,2019052901009824,SANIMA,57,35,10,358.00,"3,580.00"
2019-05-29,2019052901009823,SANIMA,57,11,427,357.00,"152,439.00"
2019-05-29,2019052901009822,SANIMA,57,17,500,357.00,"178,500.00"
2019-05-29,2019052901009821,SANIMA,57,35,236,357.00,"84,252.00"
2019-05-29,2019052901009899,SBI,47,16,225,480.00,"108,000.00"
2019-05-29,2019052901009898,SBI,47,6,25,480.00,"12,000.00"
2019-05-29,2019052901009771,SBI,47,58,"1,130",475.00,"536,750.00"
2019-05-29,2019052901009751,SBI,47,58,500,475.00,"237,500.00"
2019-05-29,2019052901009729,SBI,47,58,500,475.00,"237,500.00"
2019-05-29,2019052901009711,SBI,47,58,500,475.00,"237,500.00"
2019-05-29,2019052901009462,SBI,45,58,500,475.00,"237,500.00"
2019-05-29,2019052901009586,SBL,47,57,11,339.00,"3,729.00"
2019-05-29,2019052901009819,SCB,11,22,60,683.00,"40,980.00"
2019-05-29,2019052901009818,SCB,11,51,40,683.00,"27,320.00"
2019-05-29,2019052901009498,SCB,40,32,90,679.00,"61,110.00"
2019-05-29,2019052901009497,SCB,17,32,40,679.00,"27,160.00"
2019-05-29,2019052901009496,SCB,47,32,20,680.00,"13,600.00"
2019-05-29,2019052901009790,SDESI,45,37,10,645.00,"6,450.00"
2019-05-29,2019052901009872,SEF,7,22,"6,000",9.93,"59,580.00"
2019-05-29,2019052901009463,SEOS,7,47,"5,000",10.71,"53,550.00"
2019-05-29,2019052901009904,SHIVM,16,40,170,680.00,"115,600.00"
2019-05-29,2019052901009895,SHIVM,42,40,30,680.00,"20,400.00"
2019-05-29,2019052901009881,SHIVM,6,42,50,680.00,"34,000.00"
2019-05-29,2019052901009877,SHIVM,28,3,30,682.00,"20,460.00"
2019-05-29,2019052901009876,SHIVM,28,49,20,682.00,"13,640.00"
2019-05-29,2019052901009875,SHIVM,28,19,50,680.00,"34,000.00"
2019-05-29,2019052901009482,SHIVM,48,19,20,691.00,"13,820.00"
2019-05-29,2019052901009448,SHIVM,44,58,200,694.00,"138,800.00"
2019-05-29,2019052901009442,SHIVM,48,28,160,691.00,"110,560.00"
2019-05-29,2019052901009441,SHIVM,29,28,200,691.00,"138,200.00"
2019-05-29,2019052901009440,SHIVM,43,28,90,691.00,"62,190.00"
2019-05-29,2019052901009439,SHIVM,14,28,50,692.00,"34,600.00"
2019-05-29,2019052901009505,SHIVM,14,58,200,690.00,"138,000.00"
2019-05-29,2019052901009504,SHIVM,16,58,195,690.00,"134,550.00"
2019-05-29,2019052901009492,SHIVM,16,19,105,690.00,"72,450.00"
2019-05-29,2019052901009491,SHIVM,58,19,500,690.00,"345,000.00"
2019-05-29,2019052901009490,SHIVM,50,19,225,691.00,"155,475.00"
2019-05-29,2019052901009489,SHIVM,48,19,120,691.00,"82,920.00"
2019-05-29,2019052901009511,SHIVM,6,58,100,690.00,"69,000.00"
2019-05-29,2019052901009510,SHIVM,4,58,453,690.00,"312,570.00"
2019-05-29,2019052901009509,SHIVM,4,58,"1,000",690.00,"690,000.00"
2019-05-29,2019052901009508,SHIVM,16,58,50,690.00,"34,500.00"
2019-05-29,2019052901009507,SHIVM,16,58,100,690.00,"69,000.00"
2019-05-29,2019052901009506,SHIVM,41,58,500,690.00,"345,000.00"
2019-05-29,2019052901009517,SHIVM,42,58,500,689.00,"344,500.00"
2019-05-29,2019052901009516,SHIVM,42,58,200,689.00,"137,800.00"
2019-05-29,2019052901009515,SHIVM,42,58,500,689.00,"344,500.00"
2019-05-29,2019052901009514,SHIVM,42,58,500,689.00,"344,500.00"
2019-05-29,2019052901009513,SHIVM,43,58,500,689.00,"344,500.00"
2019-05-29,2019052901009512,SHIVM,42,58,200,689.00,"137,800.00"
2019-05-29,2019052901009538,SHIVM,14,28,100,688.00,"68,800.00"
2019-05-29,2019052901009537,SHIVM,43,28,198,689.00,"136,422.00"
2019-05-29,2019052901009536,SHIVM,1,28,700,690.00,"483,000.00"
2019-05-29,2019052901009520,SHIVM,43,58,802,689.00,"552,578.00"
2019-05-29,2019052901009519,SHIVM,42,58,200,689.00,"137,800.00"
2019-05-29,2019052901009518,SHIVM,42,58,500,689.00,"344,500.00"
2019-05-29,2019052901009551,SHIVM,42,19,400,690.00,"276,000.00"
2019-05-29,2019052901009543,SHIVM,58,28,102,685.00,"69,870.00"
2019-05-29,2019052901009542,SHIVM,36,28,100,685.00,"68,500.00"
2019-05-29,2019052901009541,SHIVM,45,28,100,686.00,"68,600.00"
2019-05-29,2019052901009540,SHIVM,45,28,"1,000",686.00,"686,000.00"
2019-05-29,2019052901009539,SHIVM,35,28,200,687.00,"137,400.00"
2019-05-29,2019052901009633,SHIVM,28,36,121,684.00,"82,764.00"
2019-05-29,2019052901009616,SHIVM,28,58,292,684.00,"199,728.00"
2019-05-29,2019052901009615,SHIVM,36,58,300,684.00,"205,200.00"
2019-05-29,2019052901009614,SHIVM,34,58,10,685.00,"6,850.00"
2019-05-29,2019052901009613,SHIVM,58,58,198,685.00,"135,630.00"
2019-05-29,2019052901009567,SHIVM,42,42,100,690.00,"69,000.00"
2019-05-29,2019052901009673,SHIVM,28,49,50,685.00,"34,250.00"
2019-05-29,2019052901009672,SHIVM,28,44,363,684.00,"248,292.00"
2019-05-29,2019052901009668,SHIVM,53,44,50,684.00,"34,200.00"
2019-05-29,2019052901009665,SHIVM,28,44,87,684.00,"59,508.00"
2019-05-29,2019052901009655,SHIVM,28,49,200,685.00,"137,000.00"
2019-05-29,2019052901009654,SHIVM,28,59,100,685.00,"68,500.00"
2019-05-29,2019052901009752,SHIVM,1,40,250,684.00,"171,000.00"
2019-05-29,2019052901009750,SHIVM,10,40,500,684.00,"342,000.00"
2019-05-29,2019052901009743,SHIVM,42,19,50,681.00,"34,050.00"
2019-05-29,2019052901009735,SHIVM,42,38,50,681.00,"34,050.00"
2019-05-29,2019052901009734,SHIVM,40,38,50,681.00,"34,050.00"
2019-05-29,2019052901009688,SHIVM,28,49,50,685.00,"34,250.00"
2019-05-29,2019052901009787,SHIVM,1,49,100,680.00,"68,000.00"
2019-05-29,2019052901009769,SHIVM,42,42,200,680.00,"136,000.00"
2019-05-29,2019052901009768,SHIVM,51,42,200,680.00,"136,000.00"
2019-05-29,2019052901009767,SHIVM,14,42,100,680.00,"68,000.00"
2019-05-29,2019052901009766,SHIVM,42,42,100,681.00,"68,100.00"
2019-05-29,2019052901009765,SHIVM,42,42,100,681.00,"68,100.00"
2019-05-29,2019052901009813,SHIVM,25,55,100,680.00,"68,000.00"
2019-05-29,2019052901009812,SHIVM,14,55,100,680.00,"68,000.00"
2019-05-29,2019052901009811,SHIVM,16,55,100,681.00,"68,100.00"
2019-05-29,2019052901009792,SHIVM,14,58,400,680.00,"272,000.00"
2019-05-29,2019052901009791,SHIVM,1,58,100,680.00,"68,000.00"
2019-05-29,2019052901009788,SHIVM,1,49,100,680.00,"68,000.00"
2019-05-29,2019052901009873,SHIVM,56,49,100,680.00,"68,000.00"
2019-05-29,2019052901009871,SHIVM,50,49,50,680.00,"34,000.00"
2019-05-29,2019052901009850,SHIVM,50,19,50,680.00,"34,000.00"
2019-05-29,2019052901009849,SHIVM,58,19,100,680.00,"68,000.00"
2019-05-29,2019052901009825,SHIVM,40,49,180,682.00,"122,760.00"
2019-05-29,2019052901009816,SHIVM,40,6,20,681.00,"13,620.00"
2019-05-29,2019052901009676,SHL,48,11,500,240.00,"120,000.00"
2019-05-29,2019052901009675,SHL,48,11,"1,000",240.00,"240,000.00"
2019-05-29,2019052901009742,SHPC,48,32,418,269.00,"112,442.00"
2019-05-29,2019052901009741,SHPC,41,32,"1,000",269.00,"269,000.00"
2019-05-29,2019052901009740,SHPC,46,32,500,270.00,"135,000.00"
2019-05-29,2019052901009739,SHPC,42,32,200,270.00,"54,000.00"
2019-05-29,2019052901009713,SHPC,36,32,500,272.00,"136,000.00"
2019-05-29,2019052901009719,SHPC,53,32,700,271.00,"189,700.00"
2019-05-29,2019052901009718,SHPC,58,32,20,271.00,"5,420.00"
2019-05-29,2019052901009717,SHPC,34,32,500,271.00,"135,500.00"
2019-05-29,2019052901009716,SHPC,47,32,10,272.00,"2,720.00"
2019-05-29,2019052901009715,SHPC,1,32,"1,000",272.00,"272,000.00"
2019-05-29,2019052901009714,SHPC,48,32,240,272.00,"65,280.00"
2019-05-29,2019052901009738,SHPC,26,32,500,270.00,"135,000.00"
2019-05-29,2019052901009737,SHPC,19,32,12,270.00,"3,240.00"
2019-05-29,2019052901009722,SHPC,16,32,300,271.00,"81,300.00"
2019-05-29,2019052901009721,SHPC,34,32,"3,000",271.00,"813,000.00"
2019-05-29,2019052901009720,SHPC,17,32,100,271.00,"27,100.00"
2019-05-29,2019052901009634,SIC,20,53,37,"1,395.00","51,615.00"
2019-05-29,2019052901009577,SIL,6,58,41,589.00,"24,149.00"
2019-05-29,2019052901009548,SIL,57,58,89,589.00,"52,421.00"
2019-05-29,2019052901009603,SKBBL,43,48,44,990.00,"43,560.00"
2019-05-29,2019052901009444,SKBBL,46,17,24,997.00,"23,928.00"
2019-05-29,2019052901009902,SLICL,43,44,43,590.00,"25,370.00"
2019-05-29,2019052901009901,SLICL,43,48,11,589.00,"6,479.00"
2019-05-29,2019052901009900,SLICL,43,42,56,589.00,"32,984.00"
2019-05-29,2019052901009503,SMATA,56,28,15,"1,300.00","19,500.00"
2019-05-29,2019052901009502,SMATA,8,28,15,"1,305.00","19,575.00"
2019-05-29,2019052901009579,SMFDB,55,41,20,573.00,"11,460.00"
2019-05-29,2019052901009859,SRBL,25,43,254,257.00,"65,278.00"
2019-05-29,2019052901009815,SRBL,25,43,500,257.00,"128,500.00"
2019-05-29,2019052901009803,SRBL,1,43,82,257.00,"21,074.00"
2019-05-29,2019052901009802,SRBL,1,21,18,257.00,"4,626.00"
2019-05-29,2019052901009585,SRBL,58,22,63,256.00,"16,128.00"
2019-05-29,2019052901009429,SRBL,58,25,200,256.00,"51,200.00"
2019-05-29,2019052901009757,UIC,38,7,100,"1,040.00","104,000.00"
2019-05-29,2019052901009726,UIC,56,7,200,"1,041.00","208,200.00"
2019-05-29,2019052901009699,UIC,5,7,100,"1,042.00","104,200.00"
2019-05-29,2019052901009698,UIC,22,7,50,"1,042.00","52,100.00"
2019-05-29,2019052901009606,UIC,22,44,50,"1,042.00","52,100.00"
2019-05-29,2019052901009897,UMHL,29,36,226,119.00,"26,894.00"
2019-05-29,2019052901009896,UMHL,13,36,50,119.00,"5,950.00"
2019-05-29,2019052901009660,UNL,3,56,10,"19,630.00","196,300.00"
2019-05-29,2019052901009903,UPPER,43,44,200,294.00,"58,800.00"
2019-05-29,2019052901009865,UPPER,57,44,800,294.00,"235,200.00"
2019-05-29,2019052901009860,UPPER,57,49,50,294.00,"14,700.00"
2019-05-29,2019052901009829,UPPER,25,1,238,295.00,"70,210.00"
2019-05-29,2019052901009828,UPPER,25,25,500,295.00,"147,500.00"
2019-05-29,2019052901009827,UPPER,25,37,12,295.00,"3,540.00"
2019-05-29,2019052901009602,UPPER,54,54,50,294.00,"14,700.00"
2019-05-29,2019052901009601,UPPER,54,5,660,294.00,"194,040.00"
2019-05-29,2019052901009600,UPPER,54,5,500,294.00,"147,000.00"
2019-05-29,2019052901009599,UPPER,54,43,"2,398",294.00,"705,012.00"
2019-05-29,2019052901009449,UPPER,50,45,500,293.00,"146,500.00"
2019-05-29,2019052901009746,UPPER,50,45,80,293.00,"23,440.00"
2019-05-29,2019052901009700,UPPER,11,45,200,294.00,"58,800.00"
2019-05-29,2019052901009679,UPPER,39,56,50,294.00,"14,700.00"
2019-05-29,2019052901009678,UPPER,39,42,50,294.00,"14,700.00"
2019-05-29,2019052901009671,UPPER,50,13,100,293.00,"29,300.00"
2019-05-29,2019052901009826,UPPER,25,45,50,295.00,"14,750.00"
2019-05-29,2019052901009820,UPPER,57,49,50,294.00,"14,700.00"
2019-05-29,2019052901009786,UPPER,57,45,100,294.00,"29,400.00"
2019-05-29,2019052901009761,UPPER,36,45,200,294.00,"58,800.00"
2019-05-29,2019052901009748,UPPER,13,45,120,293.00,"35,160.00"
2019-05-29,2019052901009747,UPPER,16,45,300,293.00,"87,900.00"
2019-05-29,2019052901009307,ADBL,22,58,100,422.00,"42,200.00"
2019-05-29,2019052901009275,ADBL,45,47,93,421.00,"39,153.00"
2019-05-29,2019052901009139,ADBL,49,58,"4,764",420.00,"2,000,880.00"
2019-05-29,2019052901009138,ADBL,48,58,"2,000",420.00,"840,000.00"
2019-05-29,2019052901009137,ADBL,22,58,"2,000",420.00,"840,000.00"
2019-05-29,2019052901009136,ADBL,4,58,"1,000",420.00,"420,000.00"
2019-05-29,2019052901009135,ADBL,35,58,200,420.00,"84,000.00"
2019-05-29,2019052901009134,ADBL,33,58,36,420.00,"15,120.00"
2019-05-29,2019052901008988,ADBL,40,25,200,421.00,"84,200.00"
2019-05-29,2019052901009305,ALBSL,41,13,10,438.00,"4,380.00"
2019-05-29,2019052901009286,ALBSL,41,13,10,438.00,"4,380.00"
2019-05-29,2019052901009277,ALBSL,41,13,10,438.00,"4,380.00"
2019-05-29,2019052901009269,ALBSL,41,13,10,438.00,"4,380.00"
2019-05-29,2019052901009219,ALBSL,41,42,10,438.00,"4,380.00"
2019-05-29,2019052901009178,ALBSL,41,34,10,438.00,"4,380.00"
2019-05-29,2019052901009361,ALICL,41,34,100,420.00,"42,000.00"
2019-05-29,2019052901009347,ALICL,29,34,350,420.00,"147,000.00"
2019-05-29,2019052901009304,ALICL,47,34,15,420.00,"6,300.00"
2019-05-29,2019052901009299,ALICL,45,34,50,420.00,"21,000.00"
2019-05-29,2019052901009298,ALICL,59,34,300,420.00,"126,000.00"
2019-05-29,2019052901009297,ALICL,45,34,50,420.00,"21,000.00"
2019-05-29,2019052901009296,ALICL,38,34,150,421.00,"63,150.00"
2019-05-29,2019052901008968,AMFI,55,49,10,541.00,"5,410.00"
2019-05-29,2019052901009312,API,46,22,29,156.00,"4,524.00"
2019-05-29,2019052901009115,API,46,25,400,156.00,"62,400.00"
2019-05-29,2019052901009114,API,25,25,100,156.00,"15,600.00"
2019-05-29,2019052901008974,API,25,25,400,156.00,"62,400.00"
2019-05-29,2019052901008947,API,56,40,"1,000",155.00,"155,000.00"
2019-05-29,2019052901008976,BFC,39,34,500,107.00,"53,500.00"
2019-05-29,2019052901008975,BFC,39,33,535,106.00,"56,710.00"
2019-05-29,2019052901009376,BOKL,26,34,320,273.00,"87,360.00"
2019-05-29,2019052901009127,BOKL,26,34,200,273.00,"54,600.00"
2019-05-29,2019052901009066,BOKL,8,34,393,273.00,"107,289.00"
2019-05-29,2019052901008922,BOKL,44,34,250,273.00,"68,250.00"
2019-05-29,2019052901009409,CBBL,44,33,20,958.00,"19,160.00"
2019-05-29,2019052901009306,CBBL,36,55,200,956.00,"191,200.00"
2019-05-29,2019052901008923,CBBL,54,57,200,959.00,"191,800.00"
2019-05-29,2019052901009283,CCBL,33,50,10,169.00,"1,690.00"
2019-05-29,2019052901009228,CCBL,45,50,172,169.00,"29,068.00"
2019-05-29,2019052901009146,CCBL,45,6,128,169.00,"21,632.00"
2019-05-29,2019052901009145,CCBL,45,6,850,169.00,"143,650.00"
2019-05-29,2019052901009144,CIT,55,34,50,"2,600.00","130,000.00"
2019-05-29,2019052901009020,CIT,22,34,43,"2,600.00","111,800.00"
2019-05-29,2019052901009038,DBBL,57,58,50,150.00,"7,500.00"
2019-05-29,2019052901009399,DHPL,42,20,50,68.00,"3,400.00"
2019-05-29,2019052901009380,EBL,48,48,"2,000",673.00,"1,346,000.00"
2019-05-29,2019052901009379,EBL,48,22,10,673.00,"6,730.00"
2019-05-29,2019052901009070,EBL,35,14,50,670.00,"33,500.00"
2019-05-29,2019052901009050,EIC,52,29,20,417.00,"8,340.00"
2019-05-29,2019052901009049,EIC,52,57,80,417.00,"33,360.00"
2019-05-29,2019052901009276,FOWAD,49,51,115,"1,502.00","172,730.00"
2019-05-29,2019052901008916,GILB,39,39,1,"1,314.00","1,314.00"
2019-05-29,2019052901009414,GLICL,20,47,27,543.00,"14,661.00"
2019-05-29,2019052901009413,GLICL,16,47,100,545.00,"54,500.00"
2019-05-29,2019052901009412,GLICL,50,47,15,550.00,"8,250.00"
2019-05-29,2019052901009411,GLICL,6,47,100,551.00,"55,100.00"
2019-05-29,2019052901009356,GLICL,22,47,100,552.00,"55,200.00"
2019-05-29,2019052901009355,GLICL,34,47,100,553.00,"55,300.00"
2019-05-29,2019052901009354,GLICL,49,47,50,553.00,"27,650.00"
2019-05-29,2019052901009353,GLICL,50,47,42,553.00,"23,226.00"
2019-05-29,2019052901009352,GLICL,47,47,25,553.00,"13,825.00"
2019-05-29,2019052901009351,GLICL,6,47,300,554.00,"166,200.00"
2019-05-29,2019052901009350,GLICL,50,47,37,555.00,"20,535.00"
2019-05-29,2019052901009349,GLICL,58,47,104,555.00,"57,720.00"
2019-05-29,2019052901008987,GMFIL,6,52,200,128.00,"25,600.00"
2019-05-29,2019052901009111,GRDBL,17,52,130,115.00,"14,950.00"
2019-05-29,2019052901009110,GRDBL,46,52,20,115.00,"2,300.00"
2019-05-29,2019052901009109,GRDBL,17,52,50,116.00,"5,800.00"
2019-05-29,2019052901009018,GRDBL,53,8,"2,000",116.00,"232,000.00"
2019-05-29,2019052901009011,GRDBL,17,8,100,117.00,"11,700.00"
2019-05-29,2019052901009130,HDL,1,45,20,"1,755.00","35,100.00"
2019-05-29,2019052901009129,HDL,5,45,20,"1,755.00","35,100.00"
2019-05-29,2019052901009128,HDL,32,45,60,"1,755.00","105,300.00"
2019-05-29,2019052901009015,HDL,49,45,155,"1,755.00","272,025.00"
2019-05-29,2019052901008925,HDL,32,45,35,"1,755.00","61,425.00"
2019-05-29,2019052901008924,HDL,41,45,10,"1,755.00","17,550.00"
2019-05-29,2019052901009328,HIDCL,42,5,100,168.00,"16,800.00"
2019-05-29,2019052901009065,HIDCL,26,10,50,165.00,"8,250.00"
2019-05-29,2019052901009034,HIDCL,26,10,50,165.00,"8,250.00"
2019-05-29,2019052901009023,HIDCL,26,10,50,165.00,"8,250.00"
2019-05-29,2019052901009009,HIDCL,26,10,50,165.00,"8,250.00"
2019-05-29,2019052901008982,HIDCL,26,10,50,165.00,"8,250.00"
2019-05-29,2019052901008963,HIDCL,26,10,50,165.00,"8,250.00"
2019-05-29,2019052901008943,HIDCL,26,10,50,165.00,"8,250.00"
2019-05-29,2019052901008919,HIDCL,26,10,50,165.00,"8,250.00"
2019-05-29,2019052901009253,HURJA,58,42,20,146.00,"2,920.00"
2019-05-29,2019052901009165,HURJA,58,50,10,146.00,"1,460.00"
2019-05-29,2019052901009163,HURJA,58,43,10,146.00,"1,460.00"
2019-05-29,2019052901009036,HURJA,58,14,20,146.00,"2,920.00"
2019-05-29,2019052901009394,IGI,32,7,67,400.00,"26,800.00"
2019-05-29,2019052901009393,IGI,45,7,150,400.00,"60,000.00"
2019-05-29,2019052901009392,IGI,8,7,100,400.00,"40,000.00"
2019-05-29,2019052901009391,IGI,13,7,83,400.00,"33,200.00"
2019-05-29,2019052901009041,IGI,34,55,"1,000",401.00,"401,000.00"
2019-05-29,2019052901009040,IGI,29,55,400,402.00,"160,800.00"
2019-05-29,2019052901009039,IGI,10,55,50,402.00,"20,100.00"
2019-05-29,2019052901009326,JBBL,41,17,300,158.00,"47,400.00"
2019-05-29,2019052901008964,JBBL,21,17,50,158.00,"7,900.00"
2019-05-29,2019052901009278,JBNL,22,46,100,210.00,"21,000.00"
2019-05-29,2019052901009252,JBNL,34,6,20,209.00,"4,180.00"
2019-05-29,2019052901009267,JSLBB,43,47,50,"2,088.00","104,400.00"
2019-05-29,2019052901009274,KBBL,44,17,228,230.00,"52,440.00"
2019-05-29,2019052901009273,KBBL,44,42,100,230.00,"23,000.00"
2019-05-29,2019052901009272,KBBL,44,59,23,230.00,"5,290.00"
2019-05-29,2019052901009271,KBBL,44,49,13,229.00,"2,977.00"
2019-05-29,2019052901009142,KBL,36,16,700,219.00,"153,300.00"
2019-05-29,2019052901009141,KBL,36,8,"1,000",219.00,"219,000.00"
2019-05-29,2019052901009140,KBL,36,50,290,219.00,"63,510.00"
2019-05-29,2019052901009057,KBL,7,52,800,218.00,"174,400.00"
2019-05-29,2019052901009056,KBL,45,52,200,218.00,"43,600.00"
2019-05-29,2019052901009301,KSBBL,58,45,100,167.00,"16,700.00"
2019-05-29,2019052901009181,KSBBL,58,45,85,167.00,"14,195.00"
2019-05-29,2019052901009180,KSBBL,58,34,12,167.00,"2,004.00"
2019-05-29,2019052901009174,KSBBL,58,13,12,165.00,"1,980.00"
2019-05-29,2019052901009171,KSBBL,58,8,200,166.00,"33,200.00"
2019-05-29,2019052901009170,KSBBL,58,1,"3,517",166.00,"583,822.00"
2019-05-29,2019052901009169,KSBBL,58,28,"1,000",166.00,"166,000.00"
2019-05-29,2019052901009168,KSBBL,58,14,300,166.00,"49,800.00"
2019-05-29,2019052901009167,KSBBL,58,59,83,166.00,"13,778.00"
2019-05-29,2019052901009154,KSBBL,58,35,450,165.00,"74,250.00"
2019-05-29,2019052901008957,KSBBL,58,8,"1,000",165.00,"165,000.00"
2019-05-29,2019052901008944,KSBBL,58,59,217,166.00,"36,022.00"
2019-05-29,2019052901009216,LBBL,47,28,"1,000",202.00,"202,000.00"
2019-05-29,2019052901009331,LBL,35,44,500,224.00,"112,000.00"
2019-05-29,2019052901009161,LBL,55,44,200,224.00,"44,800.00"
2019-05-29,2019052901009407,LGIL,45,51,86,496.00,"42,656.00"
2019-05-29,2019052901009406,LGIL,35,51,100,496.00,"49,600.00"
2019-05-29,2019052901009405,LGIL,59,51,145,496.00,"71,920.00"
2019-05-29,2019052901009227,LGIL,59,16,18,496.00,"8,928.00"
2019-05-29,2019052901009295,LICN,38,6,23,"1,831.00","42,113.00"
2019-05-29,2019052901009294,LICN,8,6,100,"1,831.00","183,100.00"
2019-05-29,2019052901009293,LICN,14,6,60,"1,832.00","109,920.00"
2019-05-29,2019052901009259,LICN,14,42,40,"1,832.00","73,280.00"
2019-05-29,2019052901009258,LICN,45,42,50,"1,836.00","91,800.00"
2019-05-29,2019052901009257,LICN,38,42,10,"1,838.00","18,380.00"
2019-05-29,2019052901008991,LICN,44,43,30,"1,840.00","55,200.00"
2019-05-29,2019052901008929,LICN,44,43,168,"1,842.00","309,456.00"
2019-05-29,2019052901009234,MBL,44,13,25,272.00,"6,800.00"
2019-05-29,2019052901009390,MEGA,26,44,100,200.00,"20,000.00"
2019-05-29,2019052901009375,MEGA,26,57,100,201.00,"20,100.00"
2019-05-29,2019052901009374,MEGA,26,34,400,201.00,"80,400.00"
2019-05-29,2019052901009373,MEGA,13,57,150,201.00,"30,150.00"
2019-05-29,2019052901009372,MEGA,13,6,150,201.00,"30,150.00"
2019-05-29,2019052901009260,MEGA,33,6,"1,000",201.00,"201,000.00"
2019-05-29,2019052901008958,MEGA,58,32,"1,000",200.00,"200,000.00"
2019-05-29,2019052901008926,MEGA,58,58,100,199.00,"19,900.00"
2019-05-29,2019052901008990,MEGA,58,49,63,201.00,"12,663.00"
2019-05-29,2019052901008967,MEGA,58,49,97,201.00,"19,497.00"
2019-05-29,2019052901008966,MEGA,58,35,103,200.00,"20,600.00"
2019-05-29,2019052901008961,MEGA,58,35,97,200.00,"19,400.00"
2019-05-29,2019052901008960,MEGA,58,57,"1,000",200.00,"200,000.00"
2019-05-29,2019052901008959,MEGA,58,14,303,200.00,"60,600.00"
2019-05-29,2019052901009143,MEGA,58,14,60,201.00,"12,060.00"
2019-05-29,2019052901009126,MEGA,26,48,249,200.00,"49,800.00"
2019-05-29,2019052901009029,MEGA,58,49,40,201.00,"8,040.00"
2019-05-29,2019052901009025,MEGA,26,48,800,200.00,"160,000.00"
2019-05-29,2019052901009014,MEGA,3,48,200,200.00,"40,000.00"
2019-05-29,2019052901009013,MEGA,58,48,"2,000",200.00,"400,000.00"
2019-05-29,2019052901009215,MEGA,58,6,40,201.00,"8,040.00"
2019-05-29,2019052901009187,MEGA,26,43,100,200.00,"20,000.00"
2019-05-29,2019052901009158,MEGA,47,6,810,201.00,"162,810.00"
2019-05-29,2019052901009157,MEGA,47,32,150,201.00,"30,150.00"
2019-05-29,2019052901009156,MEGA,47,25,200,201.00,"40,200.00"
2019-05-29,2019052901009155,MEGA,47,14,40,201.00,"8,040.00"
2019-05-29,2019052901009410,MHNL,59,21,30,105.00,"3,150.00"
2019-05-29,2019052901009384,MHNL,59,21,30,105.00,"3,150.00"
2019-05-29,2019052901009360,MHNL,59,39,170,105.00,"17,850.00"
2019-05-29,2019052901009348,MHNL,59,21,40,105.00,"4,200.00"
2019-05-29,2019052901009342,MHNL,59,21,30,105.00,"3,150.00"
2019-05-29,2019052901009327,MHNL,59,46,40,105.00,"4,200.00"
2019-05-29,2019052901008936,MHNL,3,50,40,107.00,"4,280.00"
2019-05-29,2019052901008928,MHNL,3,21,20,107.00,"2,140.00"
2019-05-29,2019052901008927,MHNL,41,21,20,107.00,"2,140.00"
2019-05-29,2019052901009284,MHNL,59,21,40,105.00,"4,200.00"
2019-05-29,2019052901009256,MHNL,59,21,30,105.00,"3,150.00"
2019-05-29,2019052901009233,MHNL,59,21,40,105.00,"4,200.00"
2019-05-29,2019052901009148,MHNL,17,34,100,106.00,"10,600.00"
2019-05-29,2019052901009147,MHNL,59,34,"1,970",106.00,"208,820.00"
2019-05-29,2019052901008949,MHNL,3,21,40,107.00,"4,280.00"
2019-05-29,2019052901009322,MHNL,59,21,30,105.00,"3,150.00"
2019-05-29,2019052901009314,MHNL,59,21,40,105.00,"4,200.00"
2019-05-29,2019052901009313,MHNL,59,42,30,105.00,"3,150.00"
2019-05-29,2019052901009302,MHNL,59,21,40,105.00,"4,200.00"
2019-05-29,2019052901009300,MHNL,59,33,170,105.00,"17,850.00"
2019-05-29,2019052901009291,MHNL,59,21,40,105.00,"4,200.00"
2019-05-29,2019052901009362,MLBBL,41,57,10,488.00,"4,880.00"
2019-05-29,2019052901009016,MLBBL,58,42,60,479.00,"28,740.00"
2019-05-29,2019052901009213,MNBBL,28,32,56,375.00,"21,000.00"
2019-05-29,2019052901009212,MNBBL,43,32,100,375.00,"37,500.00"
2019-05-29,2019052901009211,MNBBL,43,32,32,375.00,"12,000.00"
2019-05-29,2019052901009210,MNBBL,59,32,10,376.00,"3,760.00"
2019-05-29,2019052901009383,MSLB,53,40,300,"1,031.00","309,300.00"
2019-05-29,2019052901009382,MSLB,48,40,100,"1,031.00","103,100.00"
2019-05-29,2019052901009381,MSLB,52,40,20,"1,032.00","20,640.00"
2019-05-29,2019052901008935,NABIL,54,46,20,837.00,"16,740.00"
2019-05-29,2019052901009319,NBB,20,48,103,225.00,"23,175.00"
2019-05-29,2019052901009318,NBB,48,48,200,225.00,"45,000.00"
2019-05-29,2019052901009317,NBB,42,48,500,225.00,"112,500.00"
2019-05-29,2019052901009316,NBB,45,48,197,225.00,"44,325.00"
2019-05-29,2019052901009177,NBB,51,57,70,226.00,"15,820.00"
2019-05-29,2019052901009176,NBB,51,28,90,226.00,"20,340.00"
2019-05-29,2019052901009133,NBB,45,7,201,225.00,"45,225.00"
2019-05-29,2019052901008956,NBB,45,22,38,225.00,"8,550.00"
2019-05-29,2019052901009398,NBL,28,53,520,335.00,"174,200.00"
2019-05-29,2019052901009397,NBL,32,53,200,335.00,"67,000.00"
2019-05-29,2019052901009396,NBL,5,53,280,335.00,"93,800.00"
2019-05-29,2019052901009343,NBL,35,44,440,336.00,"147,840.00"
2019-05-29,2019052901009311,NBL,35,28,"1,000",336.00,"336,000.00"
2019-05-29,2019052901009310,NBL,35,43,"1,000",336.00,"336,000.00"
2019-05-29,2019052901008930,NBL,39,44,300,336.00,"100,800.00"
2019-05-29,2019052901009075,NBL,26,42,100,335.00,"33,500.00"
2019-05-29,2019052901009074,NBL,1,42,200,335.00,"67,000.00"
2019-05-29,2019052901009073,NBL,52,42,100,335.00,"33,500.00"
2019-05-29,2019052901009072,NBL,43,42,200,335.00,"67,000.00"
2019-05-29,2019052901009071,NBL,42,42,952,335.00,"318,920.00"
2019-05-29,2019052901009004,NBL,47,44,150,336.00,"50,400.00"
2019-05-29,2019052901009081,NBL,35,42,300,335.00,"100,500.00"
2019-05-29,2019052901009080,NBL,1,42,500,335.00,"167,500.00"
2019-05-29,2019052901009079,NBL,49,42,300,335.00,"100,500.00"
2019-05-29,2019052901009078,NBL,5,42,100,335.00,"33,500.00"
2019-05-29,2019052901009077,NBL,58,42,100,335.00,"33,500.00"
2019-05-29,2019052901009076,NBL,57,42,200,335.00,"67,000.00"
2019-05-29,2019052901009087,NBL,42,42,"2,000",335.00,"670,000.00"
2019-05-29,2019052901009086,NBL,1,42,200,335.00,"67,000.00"
2019-05-29,2019052901009085,NBL,25,42,"1,000",335.00,"335,000.00"
2019-05-29,2019052901009084,NBL,4,42,200,335.00,"67,000.00"
2019-05-29,2019052901009083,NBL,6,42,"5,000",335.00,"1,675,000.00"
2019-05-29,2019052901009082,NBL,32,42,300,335.00,"100,500.00"
2019-05-29,2019052901009093,NBL,19,42,"1,500",335.00,"502,500.00"
2019-05-29,2019052901009092,NBL,6,42,"1,000",335.00,"335,000.00"
2019-05-29,2019052901009091,NBL,28,42,"10,000",335.00,"3,350,000.00"
2019-05-29,2019052901009090,NBL,38,42,45,335.00,"15,075.00"
2019-05-29,2019052901009089,NBL,40,42,200,335.00,"67,000.00"
2019-05-29,2019052901009088,NBL,4,42,50,335.00,"16,750.00"
2019-05-29,2019052901009248,NBL,40,28,470,335.00,"157,450.00"
2019-05-29,2019052901009247,NBL,35,28,30,335.00,"10,050.00"
2019-05-29,2019052901009246,NBL,19,28,500,335.00,"167,500.00"
2019-05-29,2019052901009096,NBL,38,42,500,335.00,"167,500.00"
2019-05-29,2019052901009095,NBL,45,42,"1,000",335.00,"335,000.00"
2019-05-29,2019052901009094,NBL,35,42,100,335.00,"33,500.00"
2019-05-29,2019052901009309,NBL,35,44,"2,000",336.00,"672,000.00"
2019-05-29,2019052901009308,NBL,35,6,560,336.00,"188,160.00"
2019-05-29,2019052901009290,NBL,5,44,120,335.00,"40,200.00"
2019-05-29,2019052901009289,NBL,35,44,50,335.00,"16,750.00"
2019-05-29,2019052901009288,NBL,40,44,30,335.00,"10,050.00"
2019-05-29,2019052901009261,NBL,35,44,150,336.00,"50,400.00"
2019-05-29,2019052901009415,NCCB,49,14,100,262.00,"26,200.00"
2019-05-29,2019052901009371,NCCB,49,47,50,262.00,"13,100.00"
2019-05-29,2019052901009250,NCCB,1,28,65,262.00,"17,030.00"
2019-05-29,2019052901009226,NCCB,49,28,200,262.00,"52,400.00"
2019-05-29,2019052901009214,NCCB,32,16,15,261.00,"3,915.00"
2019-05-29,2019052901009186,NCCB,39,39,9,263.00,"2,367.00"
2019-05-29,2019052901009024,NCCB,39,39,9,263.00,"2,367.00"
2019-05-29,2019052901009019,NCCB,17,10,300,262.00,"78,600.00"
2019-05-29,2019052901009005,NCCB,39,39,9,263.00,"2,367.00"
2019-05-29,2019052901008948,NCCB,39,39,9,263.00,"2,367.00"
2019-05-29,2019052901008917,NCCB,39,39,9,263.00,"2,367.00"
2019-05-29,2019052901009160,NCCB,48,28,100,262.00,"26,200.00"
2019-05-29,2019052901009159,NCCB,39,39,9,263.00,"2,367.00"
2019-05-29,2019052901009116,NCCB,39,39,9,263.00,"2,367.00"
2019-05-29,2019052901009101,NCCB,7,28,128,262.00,"33,536.00"
2019-05-29,2019052901009069,NCCB,7,10,72,262.00,"18,864.00"
2019-05-29,2019052901009068,NCCB,48,10,"1,000",262.00,"262,000.00"
2019-05-29,2019052901008978,NEF,7,22,"3,229",8.60,"27,769.40"
2019-05-29,2019052901009369,NGPL,22,49,68,125.00,"8,500.00"
2019-05-29,2019052901009368,NGPL,22,49,132,125.00,"16,500.00"
2019-05-29,2019052901009255,NIB,8,14,44,536.00,"23,584.00"
2019-05-29,2019052901009254,NIB,8,14,456,536.00,"244,416.00"
2019-05-29,2019052901009218,NIB,59,42,86,537.00,"46,182.00"
2019-05-29,2019052901009217,NIB,59,55,71,537.00,"38,127.00"
2019-05-29,2019052901009185,NIB,57,55,50,537.00,"26,850.00"
2019-05-29,2019052901009152,NIB,8,34,44,536.00,"23,584.00"
2019-05-29,2019052901009113,NIB,41,55,100,537.00,"53,700.00"
2019-05-29,2019052901008983,NIB,57,55,175,537.00,"93,975.00"
2019-05-29,2019052901009266,NIBPO,59,48,140,512.00,"71,680.00"
2019-05-29,2019052901009265,NIBPO,44,48,50,513.00,"25,650.00"
2019-05-29,2019052901009112,NICA,17,32,200,483.00,"96,600.00"
2019-05-29,2019052901009006,NICA,17,50,100,483.00,"48,300.00"
2019-05-29,2019052901009370,NICL,34,41,200,386.00,"77,200.00"
2019-05-29,2019052901009403,NIL,43,40,50,515.00,"25,750.00"
2019-05-29,2019052901009292,NIL,40,40,200,515.00,"103,000.00"
2019-05-29,2019052901009179,NIL,46,16,22,514.00,"11,308.00"
2019-05-29,2019052901009346,NLIC,51,11,29,920.00,"26,680.00"
2019-05-29,2019052901009345,NLIC,43,11,40,921.00,"36,840.00"
2019-05-29,2019052901009232,NLIC,34,34,35,920.00,"32,200.00"
2019-05-29,2019052901009206,NLIC,58,34,100,920.00,"92,000.00"
2019-05-29,2019052901009205,NLIC,25,34,10,920.00,"9,200.00"
2019-05-29,2019052901009204,NLIC,13,34,10,920.00,"9,200.00"
2019-05-29,2019052901009191,NLIC,6,34,16,922.00,"14,752.00"
2019-05-29,2019052901009190,NLIC,19,34,100,922.00,"92,200.00"
2019-05-29,2019052901009189,NLIC,58,34,20,925.00,"18,500.00"
2019-05-29,2019052901009197,NLIC,35,34,100,920.00,"92,000.00"
2019-05-29,2019052901009196,NLIC,41,34,110,921.00,"101,310.00"
2019-05-29,2019052901009195,NLIC,22,34,200,921.00,"184,200.00"
2019-05-29,2019052901009194,NLIC,25,34,50,921.00,"46,050.00"
2019-05-29,2019052901009193,NLIC,25,34,100,921.00,"92,100.00"
2019-05-29,2019052901009192,NLIC,6,34,934,921.00,"860,214.00"
2019-05-29,2019052901009203,NLIC,20,34,500,920.00,"460,000.00"
2019-05-29,2019052901009202,NLIC,35,34,20,920.00,"18,400.00"
2019-05-29,2019052901009201,NLIC,57,34,50,920.00,"46,000.00"
2019-05-29,2019052901009200,NLIC,38,34,30,920.00,"27,600.00"
2019-05-29,2019052901009199,NLIC,6,34,50,920.00,"46,000.00"
2019-05-29,2019052901009198,NLIC,42,34,300,920.00,"276,000.00"
2019-05-29,2019052901009207,NMBHF1,21,34,"3,000",9.65,"28,950.00"
2019-05-29,2019052901008993,NMBMF,1,40,100,"1,125.00","112,500.00"
2019-05-29,2019052901008992,NMBMF,47,40,26,"1,125.00","29,250.00"
2019-05-29,2019052901009162,NMFBS,45,45,10,"1,622.00","16,220.00"
2019-05-29,2019052901009220,NTC,17,6,80,727.00,"58,160.00"
2019-05-29,2019052901008973,NTC,36,6,750,727.00,"545,250.00"
2019-05-29,2019052901008972,NTC,36,25,700,726.00,"508,200.00"
2019-05-29,2019052901008971,NTC,36,33,550,726.00,"399,300.00"
2019-05-29,2019052901009264,OHL,45,46,"1,212",665.00,"805,980.00"
2019-05-29,2019052901009263,OHL,45,44,200,663.00,"132,600.00"
2019-05-29,2019052901009262,OHL,45,17,69,662.00,"45,678.00"
2019-05-29,2019052901009017,OHL,6,56,20,655.00,"13,100.00"
2019-05-29,2019052901009026,PCBL,41,52,272,308.00,"83,776.00"
2019-05-29,2019052901009010,PCBL,6,43,80,307.00,"24,560.00"
2019-05-29,2019052901008986,PCBL,6,14,200,307.00,"61,400.00"
2019-05-29,2019052901008955,PCBL,41,52,169,308.00,"52,052.00"
2019-05-29,2019052901008954,PCBL,41,29,100,308.00,"30,800.00"
2019-05-29,2019052901008953,PCBL,41,52,231,308.00,"71,148.00"
2019-05-29,2019052901009240,PMHPL,17,44,10,111.00,"1,110.00"
2019-05-29,2019052901009239,PMHPL,17,8,10,111.00,"1,110.00"
2019-05-29,2019052901009238,PMHPL,17,8,10,111.00,"1,110.00"
2019-05-29,2019052901009237,PMHPL,17,8,10,111.00,"1,110.00"
2019-05-29,2019052901009236,PMHPL,17,10,40,111.00,"4,440.00"
2019-05-29,2019052901009235,PMHPL,17,41,10,110.00,"1,100.00"
2019-05-29,2019052901009166,PMHPL,19,50,10,109.00,"1,090.00"
2019-05-29,2019052901008946,PRIN,10,28,300,408.00,"122,400.00"
2019-05-29,2019052901008945,PRIN,32,28,100,409.00,"40,900.00"
2019-05-29,2019052901008952,PROFL,25,45,500,104.00,"52,000.00"
2019-05-29,2019052901008951,PROFL,34,45,100,104.00,"10,400.00"
2019-05-29,2019052901008950,PROFL,14,45,41,104.00,"4,264.00"
2019-05-29,2019052901008934,PROFL,57,45,500,105.00,"52,500.00"
2019-05-29,2019052901008933,PROFL,5,45,500,105.00,"52,500.00"
2019-05-29,2019052901009408,PRVU,51,34,150,278.00,"41,700.00"
2019-05-29,2019052901009395,PRVU,41,34,50,278.00,"13,900.00"
2019-05-29,2019052901009188,PRVU,25,34,300,278.00,"83,400.00"
2019-05-29,2019052901009173,PRVU,57,34,90,278.00,"25,020.00"
2019-05-29,2019052901008938,PRVU,39,34,60,278.00,"16,680.00"
2019-05-29,2019052901008937,PRVU,36,34,150,278.00,"41,700.00"
2019-05-29,2019052901009022,RLFL,1,34,423,133.00,"56,259.00"
2019-05-29,2019052901009021,RLFL,6,34,25,133.00,"3,325.00"
2019-05-29,2019052901008921,RLFL,25,34,500,134.00,"67,000.00"
2019-05-29,2019052901008920,RLFL,21,34,20,134.00,"2,680.00"
2019-05-29,2019052901009230,RMDC,22,56,50,658.00,"32,900.00"
2019-05-29,2019052901009229,RMDC,29,56,20,658.00,"13,160.00"
2019-05-29,2019052901009131,RMDC,10,51,400,660.00,"264,000.00"
2019-05-29,2019052901009119,RMDC,48,51,13,660.00,"8,580.00"
2019-05-29,2019052901009367,RSDC,39,39,1,378.00,378.00
2019-05-29,2019052901008970,RSDC,40,3,14,385.00,"5,390.00"
2019-05-29,2019052901008969,RSDC,42,3,10,385.00,"3,850.00"
2019-05-29,2019052901008977,SADBL,5,29,500,155.00,"77,500.00"
2019-05-29,2019052901009054,SAEF,7,29,200,10.00,"2,000.00"
2019-05-29,2019052901009053,SAEF,7,29,"1,000",10.00,"10,000.00"
2019-05-29,2019052901009052,SAEF,7,29,"1,000",10.00,"10,000.00"
2019-05-29,2019052901009051,SAEF,7,29,"1,000",10.00,"10,000.00"
2019-05-29,2019052901009172,SANIMA,34,45,45,356.00,"16,020.00"
2019-05-29,2019052901009386,SBI,19,58,500,475.00,"237,500.00"
2019-05-29,2019052901009385,SBI,25,58,200,475.00,"95,000.00"
2019-05-29,2019052901009251,SBI,59,16,12,474.00,"5,688.00"
2019-05-29,2019052901009241,SBI,48,48,"4,000",479.00,"1,916,000.00"
2019-05-29,2019052901009245,SBL,36,43,200,339.00,"67,800.00"
2019-05-29,2019052901009244,SBL,36,47,233,338.00,"78,754.00"
2019-05-29,2019052901009378,SDESI,33,58,50,638.00,"31,900.00"
2019-05-29,2019052901009325,SDESI,33,6,10,626.00,"6,260.00"
2019-05-29,2019052901009324,SDESI,33,8,70,614.00,"42,980.00"
2019-05-29,2019052901009323,SDESI,33,48,100,613.00,"61,300.00"
2019-05-29,2019052901009033,SEOS,47,48,"7,075",10.56,"74,712.00"
2019-05-29,2019052901009032,SEOS,7,48,"6,000",10.67,"64,020.00"
2019-05-29,2019052901009031,SEOS,7,48,"6,925",10.69,"74,028.25"
2019-05-29,2019052901008965,SEOS,26,28,"6,295",10.72,"67,482.40"
2019-05-29,2019052901009404,SHIVM,43,34,50,691.00,"34,550.00"
2019-05-29,2019052901009402,SHIVM,43,32,100,691.00,"69,100.00"
2019-05-29,2019052901009401,SHIVM,43,34,200,691.00,"138,200.00"
2019-05-29,2019052901009387,SHIVM,43,34,60,691.00,"41,460.00"
2019-05-29,2019052901009366,SHIVM,42,34,200,692.00,"138,400.00"
2019-05-29,2019052901009365,SHIVM,58,34,100,692.00,"69,200.00"
2019-05-29,2019052901009008,SHIVM,25,41,50,697.00,"34,850.00"
2019-05-29,2019052901008981,SHIVM,25,45,30,697.00,"20,910.00"
2019-05-29,2019052901008980,SHIVM,25,19,200,697.00,"139,400.00"
2019-05-29,2019052901008979,SHIVM,25,44,"1,000",696.00,"696,000.00"
2019-05-29,2019052901009055,SHIVM,5,36,50,694.00,"34,700.00"
2019-05-29,2019052901009028,SHIVM,25,58,220,697.00,"153,340.00"
2019-05-29,2019052901009027,SHIVM,20,22,200,698.00,"139,600.00"
2019-05-29,2019052901009102,SHIVM,36,58,500,697.00,"348,500.00"
2019-05-29,2019052901009098,SHIVM,1,58,190,697.00,"132,430.00"
2019-05-29,2019052901009097,SHIVM,1,21,10,696.00,"6,960.00"
2019-05-29,2019052901009063,SHIVM,4,34,350,694.00,"242,900.00"
2019-05-29,2019052901009062,SHIVM,5,34,150,694.00,"104,100.00"
2019-05-29,2019052901009121,SHIVM,36,45,50,697.00,"34,850.00"
2019-05-29,2019052901009120,SHIVM,36,58,90,697.00,"62,730.00"
2019-05-29,2019052901009117,SHIVM,44,7,50,696.00,"34,800.00"
2019-05-29,2019052901009105,SHIVM,58,48,200,694.00,"138,800.00"
2019-05-29,2019052901009104,SHIVM,5,48,200,694.00,"138,800.00"
2019-05-29,2019052901009103,SHIVM,4,48,150,694.00,"104,100.00"
2019-05-29,2019052901009149,SHIVM,36,7,50,698.00,"34,900.00"
2019-05-29,2019052901009132,SHIVM,56,56,25,699.00,"17,475.00"
2019-05-29,2019052901009125,SHIVM,36,37,200,698.00,"139,600.00"
2019-05-29,2019052901009124,SHIVM,36,20,100,698.00,"69,800.00"
2019-05-29,2019052901009123,SHIVM,36,6,50,698.00,"34,900.00"
2019-05-29,2019052901009122,SHIVM,36,22,40,698.00,"27,920.00"
2019-05-29,2019052901009321,SHIVM,52,49,900,695.00,"625,500.00"
2019-05-29,2019052901009320,SHIVM,52,52,100,695.00,"69,500.00"
2019-05-29,2019052901009175,SHIVM,44,57,100,696.00,"69,600.00"
2019-05-29,2019052901009164,SHIVM,44,42,50,696.00,"34,800.00"
2019-05-29,2019052901009150,SHIVM,36,58,420,698.00,"293,160.00"
2019-05-29,2019052901009364,SHIVM,25,34,100,693.00,"69,300.00"
2019-05-29,2019052901009363,SHIVM,40,34,150,693.00,"103,950.00"
2019-05-29,2019052901009358,SHIVM,40,34,350,693.00,"242,550.00"
2019-05-29,2019052901009357,SHIVM,6,34,250,693.00,"173,250.00"
2019-05-29,2019052901009330,SHIVM,40,34,400,693.00,"277,200.00"
2019-05-29,2019052901009329,SHIVM,46,34,200,694.00,"138,800.00"
2019-05-29,2019052901009359,SHPC,45,43,404,276.00,"111,504.00"
2019-05-29,2019052901009209,SHPC,45,43,300,276.00,"82,800.00"
2019-05-29,2019052901009208,SHPC,45,40,76,276.00,"20,976.00"
2019-05-29,2019052901009184,SHPC,45,50,100,275.00,"27,500.00"
2019-05-29,2019052901009183,SHPC,45,48,670,275.00,"184,250.00"
2019-05-29,2019052901009182,SHPC,45,29,450,275.00,"123,750.00"
2019-05-29,2019052901009037,SHPC,43,29,50,275.00,"13,750.00"
2019-05-29,2019052901009100,SIC,20,5,185,"1,395.00","258,075.00"
2019-05-29,2019052901009099,SIC,34,5,15,"1,396.00","20,940.00"
2019-05-29,2019052901009268,SIFC,40,47,"5,000",155.00,"775,000.00"
2019-05-29,2019052901009243,SIFC,40,47,500,156.00,"78,000.00"
2019-05-29,2019052901009242,SIFC,59,47,637,156.00,"99,372.00"
2019-05-29,2019052901009067,SIFC,59,33,100,156.00,"15,600.00"
2019-05-29,2019052901009231,SIL,57,22,466,585.00,"272,610.00"
2019-05-29,2019052901009282,SPARS,21,34,10,553.00,"5,530.00"
2019-05-29,2019052901009400,SRBL,58,25,200,256.00,"51,200.00"
2019-05-29,2019052901009341,UIC,39,36,72,"1,050.00","75,600.00"
2019-05-29,2019052901009340,UIC,39,34,60,"1,050.00","63,000.00"
2019-05-29,2019052901009339,UIC,39,14,50,"1,050.00","52,500.00"
2019-05-29,2019052901009338,UIC,39,48,638,"1,050.00","669,900.00"
2019-05-29,2019052901009337,UIC,39,22,200,"1,050.00","210,000.00"
2019-05-29,2019052901009336,UIC,39,53,30,"1,050.00","31,500.00"
2019-05-29,2019052901008984,UIC,26,28,100,"1,045.00","104,500.00"
2019-05-29,2019052901008962,UIC,56,36,100,"1,040.00","104,000.00"
2019-05-29,2019052901008932,UIC,55,17,50,"1,040.00","52,000.00"
2019-05-29,2019052901008931,UIC,55,52,100,"1,040.00","104,000.00"
2019-05-29,2019052901009335,UIC,39,55,50,"1,050.00","52,500.00"
2019-05-29,2019052901009334,UIC,39,7,50,"1,049.00","52,450.00"
2019-05-29,2019052901009333,UIC,39,42,50,"1,049.00","52,450.00"
2019-05-29,2019052901009332,UIC,39,21,100,"1,049.00","104,900.00"
2019-05-29,2019052901009035,UIC,40,28,80,"1,045.00","83,600.00"
2019-05-29,2019052901008985,UIC,26,28,100,"1,045.00","104,500.00"
2019-05-29,2019052901009315,UPCL,17,54,500,96.00,"48,000.00"
2019-05-29,2019052901009285,UPCL,17,42,50,95.00,"4,750.00"
2019-05-29,2019052901009108,UPCL,59,1,50,96.00,"4,800.00"
2019-05-29,2019052901009107,UPCL,59,1,50,96.00,"4,800.00"
2019-05-29,2019052901009389,UPPER,50,22,300,293.00,"87,900.00"
2019-05-29,2019052901009388,UPPER,50,54,20,293.00,"5,860.00"
2019-05-29,2019052901008939,UPPER,21,37,110,292.00,"32,120.00"
2019-05-29,2019052901008918,UPPER,21,5,50,292.00,"14,600.00"
2019-05-29,2019052901008996,UPPER,45,45,40,294.00,"11,760.00"
2019-05-29,2019052901008995,UPPER,45,58,146,294.00,"42,924.00"
2019-05-29,2019052901008994,UPPER,45,39,175,294.00,"51,450.00"
2019-05-29,2019052901008989,UPPER,40,45,400,293.00,"117,200.00"
2019-05-29,2019052901008941,UPPER,29,37,93,292.00,"27,156.00"
2019-05-29,2019052901008940,UPPER,21,37,40,292.00,"11,680.00"
2019-05-29,2019052901009002,UPPER,45,38,500,294.00,"147,000.00"
2019-05-29,2019052901009001,UPPER,45,58,64,294.00,"18,816.00"
2019-05-29,2019052901009000,UPPER,45,55,40,294.00,"11,760.00"
2019-05-29,2019052901008999,UPPER,45,45,293,294.00,"86,142.00"
2019-05-29,2019052901008998,UPPER,45,34,100,294.00,"29,400.00"
2019-05-29,2019052901008997,UPPER,45,21,40,294.00,"11,760.00"
2019-05-29,2019052901009030,UPPER,40,25,50,293.00,"14,650.00"
2019-05-29,2019052901009012,UPPER,40,25,50,293.00,"14,650.00"
2019-05-29,2019052901009003,UPPER,45,43,"3,602",294.00,"1,058,988.00"
2019-05-29,2019052901009047,UPPER,55,10,800,292.00,"233,600.00"
2019-05-29,2019052901009046,UPPER,55,10,100,292.00,"29,200.00"
2019-05-29,2019052901009045,UPPER,3,10,150,292.00,"43,800.00"
2019-05-29,2019052901009044,UPPER,17,10,100,292.00,"29,200.00"
2019-05-29,2019052901009043,UPPER,29,10,207,292.00,"60,444.00"
2019-05-29,2019052901009042,UPPER,40,10,500,293.00,"146,500.00"
2019-05-29,2019052901009222,UPPER,8,49,40,293.00,"11,720.00"
2019-05-29,2019052901009221,UPPER,8,25,50,293.00,"14,650.00"
2019-05-29,2019052901009118,UPPER,51,25,50,293.00,"14,650.00"
2019-05-29,2019052901009106,UPPER,38,56,50,292.00,"14,600.00"
2019-05-29,2019052901009064,UPPER,38,59,40,292.00,"11,680.00"
2019-05-29,2019052901009048,UPPER,38,10,43,292.00,"12,556.00"
2019-05-29,2019052901009279,UPPER,38,34,167,292.00,"48,764.00"
2019-05-29,2019052901009270,UPPER,13,43,"1,000",293.00,"293,000.00"
2019-05-29,2019052901009249,UPPER,38,51,200,292.00,"58,400.00"
2019-05-29,2019052901009225,UPPER,8,57,500,293.00,"146,500.00"
2019-05-29,2019052901009224,UPPER,8,43,50,293.00,"14,650.00"
2019-05-29,2019052901009223,UPPER,8,21,300,293.00,"87,900.00"
2019-05-29,2019052901009377,UPPER,33,38,40,292.00,"11,680.00"
2019-05-29,2019052901009344,UPPER,40,42,10,292.00,"2,920.00"
2019-05-29,2019052901009303,UPPER,40,34,600,292.00,"175,200.00"
2019-05-29,2019052901009287,UPPER,40,58,50,292.00,"14,600.00"
2019-05-29,2019052901009281,UPPER,40,34,333,292.00,"97,236.00"
2019-05-29,2019052901009280,UPPER,50,34,"1,000",292.00,"292,000.00"
2019-05-29,2019052901009060,VLBS,34,11,20,563.00,"11,260.00"
2019-05-29,2019052901009059,VLBS,34,51,30,560.00,"16,800.00"
2019-05-29,2019052901009058,VLBS,34,47,32,560.00,"17,920.00"
2019-05-29,2019052901009061,VLBS,34,37,33,569.00,"18,777.00"
2019-05-29,2019052901009153,VLBS,40,16,13,558.00,"7,254.00"
2019-05-29,2019052901008767,ADBL,49,47,200,423.00,"84,600.00"
2019-05-29,2019052901008720,ADBL,33,48,14,420.00,"5,880.00"
2019-05-29,2019052901008719,ADBL,4,48,43,420.00,"18,060.00"
2019-05-29,2019052901008718,ADBL,47,48,200,422.00,"84,400.00"
2019-05-29,2019052901008639,AHPC,46,28,100,115.00,"11,500.00"
2019-05-29,2019052901008714,AKPL,39,5,60,194.00,"11,640.00"
2019-05-29,2019052901008673,AKPL,10,5,73,194.00,"14,162.00"
2019-05-29,2019052901008640,AKPL,10,5,142,194.00,"27,548.00"
2019-05-29,2019052901008867,ALBSL,58,40,30,440.00,"13,200.00"
2019-05-29,2019052901008866,ALBSL,7,40,180,442.00,"79,560.00"
2019-05-29,2019052901008550,ALBSL,7,41,10,442.00,"4,420.00"
2019-05-29,2019052901008507,ALBSL,7,11,10,442.00,"4,420.00"
2019-05-29,2019052901008747,ALICL,37,47,50,422.00,"21,100.00"
2019-05-29,2019052901008728,ALICL,14,47,100,422.00,"42,200.00"
2019-05-29,2019052901008908,API,37,40,500,156.00,"78,000.00"
2019-05-29,2019052901008907,API,42,40,14,156.00,"2,184.00"
2019-05-29,2019052901008688,API,7,25,100,156.00,"15,600.00"
2019-05-29,2019052901008687,API,38,25,414,156.00,"64,584.00"
2019-05-29,2019052901008425,API,38,25,586,156.00,"91,416.00"
2019-05-29,2019052901008424,API,56,25,890,156.00,"138,840.00"
2019-05-29,2019052901008827,API,34,44,15,159.00,"2,385.00"
2019-05-29,2019052901008826,API,34,55,29,157.00,"4,553.00"
2019-05-29,2019052901008825,API,34,55,29,157.00,"4,553.00"
2019-05-29,2019052901008824,API,34,36,217,157.00,"34,069.00"
2019-05-29,2019052901008689,API,42,25,986,156.00,"153,816.00"
2019-05-29,2019052901008863,BARUN,39,39,5,100.00,500.00
2019-05-29,2019052901008596,BARUN,42,7,50,99.00,"4,950.00"
2019-05-29,2019052901008822,BOKL,36,34,150,273.00,"40,950.00"
2019-05-29,2019052901008594,BOKL,32,5,260,273.00,"70,980.00"
2019-05-29,2019052901008836,BPCL,5,38,210,425.00,"89,250.00"
2019-05-29,2019052901008835,BPCL,34,38,40,425.00,"17,000.00"
2019-05-29,2019052901008786,BPCL,39,50,35,424.00,"14,840.00"
2019-05-29,2019052901008775,BPCL,21,34,127,422.00,"53,594.00"
2019-05-29,2019052901008774,BPCL,21,34,"1,000",422.00,"422,000.00"
2019-05-29,2019052901008449,BPCL,6,50,20,424.00,"8,480.00"
2019-05-29,2019052901008427,BPCL,46,46,20,423.00,"8,460.00"
2019-05-29,2019052901008773,BPCL,21,34,500,422.00,"211,000.00"
2019-05-29,2019052901008772,BPCL,1,34,31,422.00,"13,082.00"
2019-05-29,2019052901008771,BPCL,42,34,200,423.00,"84,600.00"
2019-05-29,2019052901008770,BPCL,46,34,142,423.00,"60,066.00"
2019-05-29,2019052901008458,CBBL,36,55,100,959.00,"95,900.00"
2019-05-29,2019052901008901,CCBL,45,59,"1,001",169.00,"169,169.00"
2019-05-29,2019052901008426,CEFL,49,44,50,105.00,"5,250.00"
2019-05-29,2019052901008776,CHCL,22,34,38,533.00,"20,254.00"
2019-05-29,2019052901008632,CHLBS,40,40,190,447.00,"84,930.00"
2019-05-29,2019052901008631,CHLBS,32,40,20,448.00,"8,960.00"
2019-05-29,2019052901008630,CHLBS,26,40,50,448.00,"22,400.00"
2019-05-29,2019052901008629,CHLBS,14,40,40,448.00,"17,920.00"
2019-05-29,2019052901008809,CIT,13,48,100,"2,599.00","259,900.00"
2019-05-29,2019052901008793,CLBSL,40,21,50,551.00,"27,550.00"
2019-05-29,2019052901008522,CZBIL,59,29,100,228.00,"22,800.00"
2019-05-29,2019052901008617,DDBL,48,32,45,740.00,"33,300.00"
2019-05-29,2019052901008616,DDBL,48,51,55,740.00,"40,700.00"
2019-05-29,2019052901008506,DDBL,42,8,50,738.00,"36,900.00"
2019-05-29,2019052901008505,DDBL,42,19,30,738.00,"22,140.00"
2019-05-29,2019052901008504,DDBL,42,21,18,735.00,"13,230.00"
2019-05-29,2019052901008503,DDBL,42,38,11,735.00,"8,085.00"
2019-05-29,2019052901008502,DDBL,42,32,28,730.00,"20,440.00"
2019-05-29,2019052901008902,DHPL,46,20,400,67.00,"26,800.00"
2019-05-29,2019052901008552,DHPL,42,28,11,66.00,726.00
2019-05-29,2019052901008551,DHPL,42,58,10,66.00,660.00
2019-05-29,2019052901008884,EBL,35,57,31,670.00,"20,770.00"
2019-05-29,2019052901008819,EBL,36,48,38,674.00,"25,612.00"
2019-05-29,2019052901008818,EBL,36,48,672,674.00,"452,928.00"
2019-05-29,2019052901008817,EBL,36,55,100,673.00,"67,300.00"
2019-05-29,2019052901008816,EBL,36,5,340,673.00,"228,820.00"
2019-05-29,2019052901008912,GBIME,40,10,25,307.00,"7,675.00"
2019-05-29,2019052901008911,GBIME,43,10,100,307.00,"30,700.00"
2019-05-29,2019052901008539,GBIME,1,33,30,308.00,"9,240.00"
2019-05-29,2019052901008534,GBLBS,56,25,100,380.00,"38,000.00"
2019-05-29,2019052901008492,GBLBS,22,55,500,383.00,"191,500.00"
2019-05-29,2019052901008491,GBLBS,22,32,50,383.00,"19,150.00"
2019-05-29,2019052901008490,GBLBS,22,52,60,382.00,"22,920.00"
2019-05-29,2019052901008798,GFCL,26,14,22,126.00,"2,772.00"
2019-05-29,2019052901008814,GLICL,58,16,37,555.00,"20,535.00"
2019-05-29,2019052901008865,GMFIL,41,35,63,126.00,"7,938.00"
2019-05-29,2019052901008757,GMFIL,41,52,300,127.00,"38,100.00"
2019-05-29,2019052901008473,GMFIL,42,52,700,125.00,"87,500.00"
2019-05-29,2019052901008538,GRDBL,46,38,15,119.00,"1,785.00"
2019-05-29,2019052901008537,GRDBL,46,55,50,118.00,"5,900.00"
2019-05-29,2019052901008536,GRDBL,46,45,100,118.00,"11,800.00"
2019-05-29,2019052901008535,GRDBL,46,56,130,118.00,"15,340.00"
2019-05-29,2019052901008841,GUFL,41,47,"1,000",119.00,"119,000.00"
2019-05-29,2019052901008474,GUFL,39,5,972,118.00,"114,696.00"
2019-05-29,2019052901008579,HBL,1,28,15,590.00,"8,850.00"
2019-05-29,2019052901008568,HBL,42,28,50,590.00,"29,500.00"
2019-05-29,2019052901008520,HBL,42,46,50,589.00,"29,450.00"
2019-05-29,2019052901008701,HDL,6,53,20,"1,755.00","35,100.00"
2019-05-29,2019052901008700,HDL,6,42,10,"1,755.00","17,550.00"
2019-05-29,2019052901008623,HDL,53,7,100,"1,755.00","175,500.00"
2019-05-29,2019052901008442,HDL,58,21,50,"1,755.00","87,750.00"
2019-05-29,2019052901008441,HDL,58,7,100,"1,755.00","175,500.00"
2019-05-29,2019052901008440,HDL,58,7,60,"1,755.00","105,300.00"
2019-05-29,2019052901008460,HGI,47,3,169,380.00,"64,220.00"
2019-05-29,2019052901008459,HGI,42,3,331,380.00,"125,780.00"
2019-05-29,2019052901008432,HGI,42,3,169,380.00,"64,220.00"
2019-05-29,2019052901008431,HGI,50,3,431,380.00,"163,780.00"
2019-05-29,2019052901008430,HGI,21,3,100,381.00,"38,100.00"
2019-05-29,2019052901008874,HIDCL,26,10,50,165.00,"8,250.00"
2019-05-29,2019052901008839,HIDCL,26,10,50,165.00,"8,250.00"
2019-05-29,2019052901008738,HIDCL,50,45,"1,846",165.00,"304,590.00"
2019-05-29,2019052901008712,HIDCL,26,45,154,165.00,"25,410.00"
2019-05-29,2019052901008711,HIDCL,26,42,146,165.00,"24,090.00"
2019-05-29,2019052901008451,HIDCL,28,42,100,165.00,"16,500.00"
2019-05-29,2019052901008783,HPPL,45,14,10,189.00,"1,890.00"
2019-05-29,2019052901008433,HPPL,45,38,10,190.00,"1,900.00"
2019-05-29,2019052901008428,HPPL,45,13,10,190.00,"1,900.00"
2019-05-29,2019052901008838,HURJA,58,6,10,146.00,"1,460.00"
2019-05-29,2019052901008785,HURJA,58,55,20,146.00,"2,920.00"
2019-05-29,2019052901008766,HURJA,58,34,20,146.00,"2,920.00"
2019-05-29,2019052901008421,HURJA,58,42,20,146.00,"2,920.00"
2019-05-29,2019052901008483,ICFC,44,47,51,164.00,"8,364.00"
2019-05-29,2019052901008482,ICFC,35,47,300,165.00,"49,500.00"
2019-05-29,2019052901008481,ICFC,5,47,900,165.00,"148,500.00"
2019-05-29,2019052901008480,ICFC,4,47,"1,000",166.00,"166,000.00"
2019-05-29,2019052901008829,JBBL,42,58,"4,000",157.00,"628,000.00"
