Date,Transact. No.,Symbol,Buyer,Seller,Quantity,Rate,Amount
2019-10-21,2019102101003422,ADBL,39,58,137,412.00,"56,444.00"
2019-10-21,2019102101003184,ADBL,45,59,500,411.00,"205,500.00"
2019-10-21,2019102101003183,ADBL,13,59,500,411.00,"205,500.00"
2019-10-21,2019102101003159,ADBL,56,58,200,412.00,"82,400.00"
2019-10-21,2019102101003158,ADBL,52,58,58,412.00,"23,896.00"
2019-10-21,2019102101003147,ADBL,28,58,150,413.00,"61,950.00"
2019-10-21,2019102101002926,ADBL,39,21,326,412.00,"134,312.00"
2019-10-21,2019102101003114,ADBL,52,58,42,412.00,"17,304.00"
2019-10-21,2019102101003113,ADBL,6,58,458,412.00,"188,696.00"
2019-10-21,2019102101003055,ADBL,39,58,50,413.00,"20,650.00"
2019-10-21,2019102101003027,ADBL,39,58,100,413.00,"41,300.00"
2019-10-21,2019102101003020,ADBL,39,58,100,413.00,"41,300.00"
2019-10-21,2019102101002927,ADBL,6,21,174,412.00,"71,688.00"
2019-10-21,2019102101003289,AHPC,28,28,500,94.00,"47,000.00"
2019-10-21,2019102101003380,AKBSL,14,32,10,415.00,"4,150.00"
2019-10-21,2019102101003379,AKBSL,14,57,50,415.00,"20,750.00"
2019-10-21,2019102101003378,AKBSL,14,42,10,415.00,"4,150.00"
2019-10-21,2019102101003377,AKBSL,14,32,10,415.00,"4,150.00"
2019-10-21,2019102101003376,AKBSL,14,28,10,415.00,"4,150.00"
2019-10-21,2019102101003375,AKBSL,14,46,10,415.00,"4,150.00"
2019-10-21,2019102101003374,AKBSL,14,41,20,412.00,"8,240.00"
2019-10-21,2019102101003423,AKJCL,49,59,10,54.00,540.00
2019-10-21,2019102101003209,API,25,41,30,111.00,"3,330.00"
2019-10-21,2019102101003165,API,25,51,50,110.00,"5,500.00"
2019-10-21,2019102101002986,API,55,7,18,108.00,"1,944.00"
2019-10-21,2019102101003249,BFC,34,52,39,90.00,"3,510.00"
2019-10-21,2019102101003248,BFC,14,52,600,90.00,"54,000.00"
2019-10-21,2019102101003247,BFC,42,52,100,90.00,"9,000.00"
2019-10-21,2019102101003246,BFC,8,52,50,90.00,"4,500.00"
2019-10-21,2019102101003096,BFC,57,52,100,91.00,"9,100.00"
2019-10-21,2019102101003425,BOKL,42,5,20,226.00,"4,520.00"
2019-10-21,2019102101003329,BOKL,44,5,251,222.00,"55,722.00"
2019-10-21,2019102101003328,BOKL,57,5,333,223.00,"74,259.00"
2019-10-21,2019102101003327,BOKL,35,5,100,223.00,"22,300.00"
2019-10-21,2019102101003326,BOKL,4,5,300,223.00,"66,900.00"
2019-10-21,2019102101003325,BOKL,6,5,100,223.00,"22,300.00"
2019-10-21,2019102101003300,BOKL,6,5,500,226.00,"113,000.00"
2019-10-21,2019102101003299,BOKL,11,5,200,226.00,"45,200.00"
2019-10-21,2019102101003298,BOKL,42,5,"1,423",226.00,"321,598.00"
2019-10-21,2019102101003132,BOKL,42,41,536,226.00,"121,136.00"
2019-10-21,2019102101003306,BOKL,7,5,30,225.00,"6,750.00"
2019-10-21,2019102101003305,BOKL,42,5,210,225.00,"47,250.00"
2019-10-21,2019102101003304,BOKL,55,5,500,225.00,"112,500.00"
2019-10-21,2019102101003303,BOKL,32,5,100,225.00,"22,500.00"
2019-10-21,2019102101003302,BOKL,49,5,107,226.00,"24,182.00"
2019-10-21,2019102101003301,BOKL,35,5,300,226.00,"67,800.00"
2019-10-21,2019102101003312,BOKL,36,5,25,225.00,"5,625.00"
2019-10-21,2019102101003311,BOKL,44,5,200,225.00,"45,000.00"
2019-10-21,2019102101003310,BOKL,46,5,50,225.00,"11,250.00"
2019-10-21,2019102101003309,BOKL,57,5,111,225.00,"24,975.00"
2019-10-21,2019102101003308,BOKL,21,5,100,225.00,"22,500.00"
2019-10-21,2019102101003307,BOKL,7,5,100,225.00,"22,500.00"
2019-10-21,2019102101003318,BOKL,57,5,500,224.00,"112,000.00"
2019-10-21,2019102101003317,BOKL,49,5,"2,000",224.00,"448,000.00"
2019-10-21,2019102101003316,BOKL,32,5,288,224.00,"64,512.00"
2019-10-21,2019102101003315,BOKL,42,5,100,224.00,"22,400.00"
2019-10-21,2019102101003314,BOKL,11,5,50,224.00,"11,200.00"
2019-10-21,2019102101003313,BOKL,6,5,"1,000",225.00,"225,000.00"
2019-10-21,2019102101003324,BOKL,44,5,400,223.00,"89,200.00"
2019-10-21,2019102101003323,BOKL,39,5,500,223.00,"111,500.00"
2019-10-21,2019102101003322,BOKL,11,5,500,223.00,"111,500.00"
2019-10-21,2019102101003321,BOKL,19,5,200,224.00,"44,800.00"
2019-10-21,2019102101003320,BOKL,57,5,222,224.00,"49,728.00"
2019-10-21,2019102101003319,BOKL,21,5,200,224.00,"44,800.00"
2019-10-21,2019102101003402,BPCL,39,48,33,358.00,"11,814.00"
2019-10-21,2019102101003354,BPCL,14,32,44,359.00,"15,796.00"
2019-10-21,2019102101003293,BPCL,39,21,100,358.00,"35,800.00"
2019-10-21,2019102101003108,BPCL,39,43,60,358.00,"21,480.00"
2019-10-21,2019102101003388,CBBL,28,17,130,964.00,"125,320.00"
2019-10-21,2019102101003042,CBBL,42,17,100,964.00,"96,400.00"
2019-10-21,2019102101003359,CBL,43,51,10,142.00,"1,420.00"
2019-10-21,2019102101003175,CBL,7,48,487,141.00,"68,667.00"
2019-10-21,2019102101003174,CBL,22,48,100,141.00,"14,100.00"
2019-10-21,2019102101003173,CBL,45,48,18,141.00,"2,538.00"
2019-10-21,2019102101003107,CBL,45,50,82,141.00,"11,562.00"
2019-10-21,2019102101003106,CBL,11,50,100,141.00,"14,100.00"
2019-10-21,2019102101003099,CBL,46,50,200,141.00,"28,200.00"
2019-10-21,2019102101003098,CBL,41,50,40,141.00,"5,640.00"
2019-10-21,2019102101003097,CBL,34,50,28,141.00,"3,948.00"
2019-10-21,2019102101003036,CBL,37,51,770,142.00,"109,340.00"
2019-10-21,2019102101003035,CBL,37,39,230,142.00,"32,660.00"
2019-10-21,2019102101002989,CBL,58,39,50,142.00,"7,100.00"
2019-10-21,2019102101003105,CBL,21,50,150,141.00,"21,150.00"
2019-10-21,2019102101003104,CBL,42,50,200,141.00,"28,200.00"
2019-10-21,2019102101003103,CBL,35,50,50,141.00,"7,050.00"
2019-10-21,2019102101003102,CBL,39,50,"1,000",141.00,"141,000.00"
2019-10-21,2019102101003101,CBL,58,50,150,141.00,"21,150.00"
2019-10-21,2019102101003100,CBL,38,50,500,141.00,"70,500.00"
2019-10-21,2019102101003115,CCBL,44,44,5,150.00,750.00
2019-10-21,2019102101003054,CCBL,44,14,51,153.00,"7,803.00"
2019-10-21,2019102101003053,CCBL,52,14,523,153.00,"80,019.00"
2019-10-21,2019102101002996,CCBL,52,7,69,153.00,"10,557.00"
2019-10-21,2019102101002960,CCBL,58,14,50,154.00,"7,700.00"
2019-10-21,2019102101002999,CHL,58,52,48,80.00,"3,840.00"
2019-10-21,2019102101002998,CHL,58,45,10,80.00,800.00
2019-10-21,2019102101002970,CHL,58,44,10,79.00,790.00
2019-10-21,2019102101003281,CZBIL,6,55,220,192.00,"42,240.00"
2019-10-21,2019102101003280,CZBIL,35,55,30,192.00,"5,760.00"
2019-10-21,2019102101003279,CZBIL,41,55,100,192.00,"19,200.00"
2019-10-21,2019102101003278,CZBIL,57,55,50,192.00,"9,600.00"
2019-10-21,2019102101003277,CZBIL,37,55,100,192.00,"19,200.00"
2019-10-21,2019102101003116,CZBIL,16,50,7,190.00,"1,330.00"
2019-10-21,2019102101003399,DBBL,29,7,970,125.00,"121,250.00"
2019-10-21,2019102101003290,DBBL,42,7,300,125.00,"37,500.00"
2019-10-21,2019102101003285,DBBL,25,7,150,125.00,"18,750.00"
2019-10-21,2019102101003223,DBBL,51,7,30,125.00,"3,750.00"
2019-10-21,2019102101003030,DBBL,33,7,"1,000",125.00,"125,000.00"
2019-10-21,2019102101003004,DBBL,44,17,359,124.00,"44,516.00"
2019-10-21,2019102101003003,DBBL,45,17,200,124.00,"24,800.00"
2019-10-21,2019102101003002,DBBL,21,17,50,124.00,"6,200.00"
2019-10-21,2019102101003001,DBBL,42,17,159,124.00,"19,716.00"
2019-10-21,2019102101003415,DDBL,39,22,50,722.00,"36,100.00"
2019-10-21,2019102101003412,EBL,35,44,200,545.00,"109,000.00"
2019-10-21,2019102101003411,EBL,45,44,100,545.00,"54,500.00"
2019-10-21,2019102101003410,EBL,39,44,300,545.00,"163,500.00"
2019-10-21,2019102101003409,EBL,44,44,50,545.00,"27,250.00"
2019-10-21,2019102101003408,EBL,11,44,60,545.00,"32,700.00"
2019-10-21,2019102101003407,EBL,53,44,500,545.00,"272,500.00"
2019-10-21,2019102101002929,EBL,28,44,475,546.00,"259,350.00"
2019-10-21,2019102101003274,EBL,32,44,790,546.00,"431,340.00"
2019-10-21,2019102101003252,EBL,22,44,100,546.00,"54,600.00"
2019-10-21,2019102101003222,EBL,29,44,60,546.00,"32,760.00"
2019-10-21,2019102101003221,EBL,52,44,50,546.00,"27,300.00"
2019-10-21,2019102101003056,EBL,52,32,50,546.00,"27,300.00"
2019-10-21,2019102101002973,EBL,7,32,250,546.00,"136,500.00"
2019-10-21,2019102101003406,EBL,45,44,20,545.00,"10,900.00"
2019-10-21,2019102101003405,EBL,1,44,64,545.00,"34,880.00"
2019-10-21,2019102101003404,EBL,22,44,50,545.00,"27,250.00"
2019-10-21,2019102101003403,EBL,56,44,97,545.00,"52,865.00"
2019-10-21,2019102101003341,EIC,58,14,17,221.00,"3,757.00"
2019-10-21,2019102101003155,EIC,59,14,150,217.00,"32,550.00"
2019-10-21,2019102101003146,EIC,42,50,40,218.00,"8,720.00"
2019-10-21,2019102101003145,EIC,3,50,40,218.00,"8,720.00"
2019-10-21,2019102101003144,EIC,57,50,20,218.00,"4,360.00"
2019-10-21,2019102101003143,EIC,35,50,300,218.00,"65,400.00"
2019-10-21,2019102101003142,EIC,58,50,43,219.00,"9,417.00"
2019-10-21,2019102101003141,EIC,13,50,20,220.00,"4,400.00"
2019-10-21,2019102101003148,FMDBL,41,41,"1,000",312.00,"312,000.00"
2019-10-21,2019102101003387,FOWAD,8,44,23,"1,271.00","29,233.00"
2019-10-21,2019102101003189,FOWAD,28,44,10,"1,280.00","12,800.00"
2019-10-21,2019102101003062,FOWAD,28,44,10,"1,280.00","12,800.00"
2019-10-21,2019102101003340,GBLBS,59,59,5,309.00,"1,545.00"
2019-10-21,2019102101003037,GLBSL,32,7,100,418.00,"41,800.00"
2019-10-21,2019102101003355,GLICL,17,26,200,357.00,"71,400.00"
2019-10-21,2019102101003196,GLICL,52,25,13,358.00,"4,654.00"
2019-10-21,2019102101002932,GLICL,25,39,10,356.00,"3,560.00"
2019-10-21,2019102101002928,GUFL,3,48,20,109.00,"2,180.00"
2019-10-21,2019102101003296,HBL,43,34,200,490.00,"98,000.00"
2019-10-21,2019102101003244,HBL,44,41,70,488.00,"34,160.00"
2019-10-21,2019102101003157,HBL,44,34,180,488.00,"87,840.00"
2019-10-21,2019102101003207,HDL,40,39,15,"1,402.00","21,030.00"
2019-10-21,2019102101003206,HDL,49,39,50,"1,402.00","70,100.00"
2019-10-21,2019102101003205,HDL,35,39,50,"1,403.00","70,150.00"
2019-10-21,2019102101003204,HDL,34,39,30,"1,403.00","42,090.00"
2019-10-21,2019102101003203,HDL,25,39,50,"1,407.00","70,350.00"
2019-10-21,2019102101003202,HDL,52,39,25,"1,410.00","35,250.00"
2019-10-21,2019102101003201,HDL,50,39,50,"1,410.00","70,500.00"
2019-10-21,2019102101003200,HDL,58,39,10,"1,415.00","14,150.00"
2019-10-21,2019102101003011,HIDCL,54,7,31,137.00,"4,247.00"
2019-10-21,2019102101002935,HIDCL,54,7,60,137.00,"8,220.00"
2019-10-21,2019102101003069,HPPL,45,42,110,139.00,"15,290.00"
2019-10-21,2019102101002966,HPPL,45,44,30,139.00,"4,170.00"
2019-10-21,2019102101003176,ICFC,28,33,120,158.00,"18,960.00"
2019-10-21,2019102101002976,IGI,13,28,130,290.00,"37,700.00"
2019-10-21,2019102101003416,ILBS,18,39,10,415.00,"4,150.00"
2019-10-21,2019102101003351,KBL,58,35,100,181.00,"18,100.00"
2019-10-21,2019102101003182,KBL,43,45,200,182.00,"36,400.00"
2019-10-21,2019102101003181,KBL,43,3,150,182.00,"27,300.00"
2019-10-21,2019102101003180,KBL,43,51,995,182.00,"181,090.00"
2019-10-21,2019102101003179,KBL,43,45,500,182.00,"91,000.00"
2019-10-21,2019102101003178,KBL,43,33,500,182.00,"91,000.00"
2019-10-21,2019102101003012,KBL,58,17,209,181.00,"37,829.00"
2019-10-21,2019102101002940,KBL,42,50,50,182.00,"9,100.00"
2019-10-21,2019102101002934,KBL,58,39,"1,000",181.00,"181,000.00"
2019-10-21,2019102101003177,KBL,43,44,60,182.00,"10,920.00"
2019-10-21,2019102101003171,KBL,58,34,300,181.00,"54,300.00"
2019-10-21,2019102101003127,KBL,58,44,28,181.00,"5,068.00"
2019-10-21,2019102101003109,KBL,58,38,400,181.00,"72,400.00"
2019-10-21,2019102101003016,KBL,58,50,449,181.00,"81,269.00"
2019-10-21,2019102101003015,KBL,58,50,501,181.00,"90,681.00"
2019-10-21,2019102101002937,KRBL,22,48,100,101.00,"10,100.00"
2019-10-21,2019102101002936,KRBL,22,48,100,102.00,"10,200.00"
2019-10-21,2019102101003224,LBL,45,49,100,214.00,"21,400.00"
2019-10-21,2019102101003092,LBL,45,22,29,214.00,"6,206.00"
2019-10-21,2019102101003091,LBL,38,22,378,214.00,"80,892.00"
2019-10-21,2019102101003090,LBL,19,22,93,214.00,"19,902.00"
2019-10-21,2019102101003342,LGIL,44,57,300,308.00,"92,400.00"
2019-10-21,2019102101003297,LGIL,49,57,50,308.00,"15,400.00"
2019-10-21,2019102101003076,LGIL,57,57,50,308.00,"15,400.00"
2019-10-21,2019102101003357,LICN,25,59,10,980.00,"9,800.00"
2019-10-21,2019102101003270,LICN,39,59,300,969.00,"290,700.00"
2019-10-21,2019102101003269,LICN,20,59,38,970.00,"36,860.00"
2019-10-21,2019102101003268,LICN,42,59,10,970.00,"9,700.00"
2019-10-21,2019102101003267,LICN,42,59,10,970.00,"9,700.00"
2019-10-21,2019102101003266,LICN,42,59,10,970.00,"9,700.00"
2019-10-21,2019102101003265,LICN,16,59,100,972.00,"97,200.00"
2019-10-21,2019102101003264,LICN,29,59,100,974.00,"97,400.00"
2019-10-21,2019102101003263,LICN,39,59,10,975.00,"9,750.00"
2019-10-21,2019102101003262,LICN,54,59,10,976.00,"9,760.00"
2019-10-21,2019102101002992,LLBS,18,17,400,655.00,"262,000.00"
2019-10-21,2019102101003344,MBL,6,25,200,224.00,"44,800.00"
2019-10-21,2019102101003343,MBL,6,5,319,224.00,"71,456.00"
2019-10-21,2019102101003272,MBL,57,5,321,224.00,"71,904.00"
2019-10-21,2019102101003419,MEGA,44,37,111,194.00,"21,534.00"
2019-10-21,2019102101003390,MEGA,6,6,5,193.00,965.00
2019-10-21,2019102101003383,MEGA,13,37,150,194.00,"29,100.00"
2019-10-21,2019102101003382,MEGA,43,37,282,194.00,"54,708.00"
2019-10-21,2019102101003352,MEGA,43,37,10,196.00,"1,960.00"
2019-10-21,2019102101003136,MEGA,14,33,"2,000",195.00,"390,000.00"
2019-10-21,2019102101003041,MEGA,52,33,"1,000",195.00,"195,000.00"
2019-10-21,2019102101003040,MEGA,52,33,"1,000",195.00,"195,000.00"
2019-10-21,2019102101003019,MEGA,32,7,68,194.00,"13,192.00"
2019-10-21,2019102101003350,MEGA,43,33,418,194.00,"81,092.00"
2019-10-21,2019102101003349,MEGA,52,33,150,194.00,"29,100.00"
2019-10-21,2019102101003348,MEGA,6,33,"2,000",194.00,"388,000.00"
2019-10-21,2019102101003347,MEGA,32,33,432,194.00,"83,808.00"
2019-10-21,2019102101003215,MEGA,41,50,"1,000",195.00,"195,000.00"
2019-10-21,2019102101003413,MERO,50,14,20,550.00,"11,000.00"
2019-10-21,2019102101003384,MERO,50,49,180,549.00,"98,820.00"
2019-10-21,2019102101003381,MHNL,29,59,35,78.00,"2,730.00"
2019-10-21,2019102101003284,MHNL,29,59,"1,000",78.00,"78,000.00"
2019-10-21,2019102101003283,MHNL,29,59,955,78.00,"74,490.00"
2019-10-21,2019102101003282,MHNL,37,59,10,79.00,790.00
2019-10-21,2019102101003371,MLBL,4,56,"1,550",214.00,"331,700.00"
2019-10-21,2019102101003250,MLBL,36,56,19,214.00,"4,066.00"
2019-10-21,2019102101002967,MLBL,17,47,200,213.00,"42,600.00"
2019-10-21,2019102101002958,MLBL,4,35,"7,881",213.00,"1,678,653.00"
2019-10-21,2019102101003021,MNBBL,33,44,507,306.00,"155,142.00"
2019-10-21,2019102101002959,MNBBL,42,44,50,306.00,"15,300.00"
2019-10-21,2019102101002949,MNBBL,40,44,150,306.00,"45,900.00"
2019-10-21,2019102101002948,MNBBL,34,44,10,306.00,"3,060.00"
2019-10-21,2019102101002947,MNBBL,44,44,36,306.00,"11,016.00"
2019-10-21,2019102101002931,MNBBL,40,39,50,306.00,"15,300.00"
2019-10-21,2019102101003119,MSLB,18,7,80,870.00,"69,600.00"
2019-10-21,2019102101003007,MSLB,39,10,100,862.00,"86,200.00"
2019-10-21,2019102101003237,MSMBS,44,44,11,479.00,"5,269.00"
2019-10-21,2019102101003258,NABIL,32,58,10,758.00,"7,580.00"
2019-10-21,2019102101003233,NABIL,58,58,50,756.00,"37,800.00"
2019-10-21,2019102101003153,NABIL,14,57,40,755.00,"30,200.00"
2019-10-21,2019102101003130,NABIL,38,52,200,759.00,"151,800.00"
2019-10-21,2019102101003129,NABIL,38,59,140,759.00,"106,260.00"
2019-10-21,2019102101003052,NABIL,14,58,20,755.00,"15,100.00"
2019-10-21,2019102101003051,NABIL,43,58,500,756.00,"378,000.00"
2019-10-21,2019102101003050,NABIL,56,58,160,756.00,"120,960.00"
2019-10-21,2019102101003049,NABIL,52,58,20,757.00,"15,140.00"
2019-10-21,2019102101003217,NBB,25,7,675,210.00,"141,750.00"
2019-10-21,2019102101003140,NBB,25,50,812,210.00,"170,520.00"
2019-10-21,2019102101003139,NBB,56,50,188,210.00,"39,480.00"
2019-10-21,2019102101003138,NBB,6,33,150,211.00,"31,650.00"
2019-10-21,2019102101003398,NBL,43,25,10,318.00,"3,180.00"
2019-10-21,2019102101003000,NBL,32,32,100,316.00,"31,600.00"
2019-10-21,2019102101003369,NCCB,33,48,50,199.00,"9,950.00"
2019-10-21,2019102101003291,NCCB,44,58,20,198.00,"3,960.00"
2019-10-21,2019102101002963,NCCB,56,48,30,199.00,"5,970.00"
2019-10-21,2019102101003081,NGPL,1,42,32,98.00,"3,136.00"
2019-10-21,2019102101003080,NGPL,39,42,68,98.00,"6,664.00"
2019-10-21,2019102101003358,NIB,6,6,6,440.00,"2,640.00"
2019-10-21,2019102101003226,NIB,56,7,321,443.00,"142,203.00"
2019-10-21,2019102101003225,NIB,56,49,179,443.00,"79,297.00"
2019-10-21,2019102101003212,NIB,52,37,59,442.00,"26,078.00"
2019-10-21,2019102101003125,NIB,52,7,17,442.00,"7,514.00"
2019-10-21,2019102101003022,NIB,5,7,44,443.00,"19,492.00"
2019-10-21,2019102101003346,NICA,45,44,427,384.00,"163,968.00"
2019-10-21,2019102101003345,NICA,45,22,73,384.00,"28,032.00"
2019-10-21,2019102101003295,NICA,53,22,427,384.00,"163,968.00"
2019-10-21,2019102101003294,NICA,53,25,73,384.00,"28,032.00"
2019-10-21,2019102101002945,NICA,45,21,303,383.00,"116,049.00"
2019-10-21,2019102101002944,NICA,11,21,197,383.00,"75,451.00"
2019-10-21,2019102101002943,NICA,56,21,500,384.00,"192,000.00"
2019-10-21,2019102101003339,NICL,11,56,84,257.00,"21,588.00"
2019-10-21,2019102101003338,NICL,28,56,100,257.00,"25,700.00"
2019-10-21,2019102101003337,NICL,44,56,500,258.00,"129,000.00"
2019-10-21,2019102101003336,NICL,42,56,40,258.00,"10,320.00"
2019-10-21,2019102101003335,NICL,37,56,100,258.00,"25,800.00"
2019-10-21,2019102101002941,NICL,29,56,26,260.00,"6,760.00"
2019-10-21,2019102101003334,NICL,39,56,50,258.00,"12,900.00"
2019-10-21,2019102101003333,NICL,14,56,20,259.00,"5,180.00"
2019-10-21,2019102101003332,NICL,53,56,10,259.00,"2,590.00"
2019-10-21,2019102101003238,NICL,44,56,26,260.00,"6,760.00"
2019-10-21,2019102101002942,NICL,44,56,10,260.00,"2,600.00"
2019-10-21,2019102101003418,NIL,41,55,15,354.00,"5,310.00"
2019-10-21,2019102101003417,NIL,56,55,60,354.00,"21,240.00"
2019-10-21,2019102101003386,NIL,56,55,200,354.00,"70,800.00"
2019-10-21,2019102101003385,NIL,14,55,100,355.00,"35,500.00"
2019-10-21,2019102101002962,NIL,6,44,800,355.00,"284,000.00"
2019-10-21,2019102101002961,NIL,6,55,200,355.00,"71,000.00"
2019-10-21,2019102101003273,NLIC,4,7,150,776.00,"116,400.00"
2019-10-21,2019102101003239,NLIC,21,55,70,777.00,"54,390.00"
2019-10-21,2019102101003229,NLIC,4,22,100,776.00,"77,600.00"
2019-10-21,2019102101003198,NLIC,49,55,50,777.00,"38,850.00"
2019-10-21,2019102101003122,NLIC,4,41,80,776.00,"62,080.00"
2019-10-21,2019102101003110,NLIC,34,49,100,778.00,"77,800.00"
2019-10-21,2019102101003066,NLIC,38,49,229,778.00,"178,162.00"
2019-10-21,2019102101003065,NLIC,38,6,200,777.00,"155,400.00"
2019-10-21,2019102101003064,NLIC,38,38,71,777.00,"55,167.00"
2019-10-21,2019102101003006,NLIC,4,49,200,776.00,"155,200.00"
2019-10-21,2019102101003353,NLICL,34,44,120,455.00,"54,600.00"
2019-10-21,2019102101003236,NLICL,34,49,80,451.00,"36,080.00"
2019-10-21,2019102101003235,NLICL,29,49,20,451.00,"9,020.00"
2019-10-21,2019102101003067,NLICL,39,59,300,451.00,"135,300.00"
2019-10-21,2019102101003074,NMBMF,46,39,10,"1,075.00","10,750.00"
2019-10-21,2019102101002954,NMBMF,50,1,95,"1,072.00","101,840.00"
2019-10-21,2019102101002953,NMBMF,21,1,20,"1,073.00","21,460.00"
2019-10-21,2019102101002952,NMBMF,7,1,10,"1,075.00","10,750.00"
2019-10-21,2019102101002951,NMBMF,34,1,50,"1,076.00","53,800.00"
2019-10-21,2019102101002950,NMBMF,32,1,25,"1,077.00","26,925.00"
2019-10-21,2019102101003169,NMFBS,34,37,60,"1,680.00","100,800.00"
2019-10-21,2019102101003168,NMFBS,21,37,20,"1,681.00","33,620.00"
2019-10-21,2019102101003120,NMFBS,28,37,20,"1,695.00","33,900.00"
2019-10-21,2019102101003093,NTC,17,19,100,620.00,"62,000.00"
2019-10-21,2019102101003034,NTC,54,42,315,618.00,"194,670.00"
2019-10-21,2019102101003033,NTC,42,42,50,619.00,"30,950.00"
2019-10-21,2019102101003005,NTC,56,19,80,620.00,"49,600.00"
2019-10-21,2019102101002993,NTC,56,46,300,620.00,"186,000.00"
2019-10-21,2019102101003086,NUBL,28,45,20,869.00,"17,380.00"
2019-10-21,2019102101003394,PCBL,53,34,118,265.00,"31,270.00"
2019-10-21,2019102101003393,PCBL,52,34,36,265.00,"9,540.00"
2019-10-21,2019102101003392,PCBL,43,34,746,265.00,"197,690.00"
2019-10-21,2019102101003024,PCBL,43,17,169,265.00,"44,785.00"
2019-10-21,2019102101003023,PCBL,21,17,60,267.00,"16,020.00"
2019-10-21,2019102101003356,PIC,6,29,89,365.00,"32,485.00"
2019-10-21,2019102101003286,PIC,43,7,100,364.00,"36,400.00"
2019-10-21,2019102101003243,PIC,43,29,400,364.00,"145,600.00"
2019-10-21,2019102101003163,PIC,43,6,400,364.00,"145,600.00"
2019-10-21,2019102101003234,PLIC,32,34,20,324.00,"6,480.00"
2019-10-21,2019102101003228,PLIC,32,1,30,321.00,"9,630.00"
2019-10-21,2019102101003292,PRIN,6,41,100,306.00,"30,600.00"
2019-10-21,2019102101003370,PRVU,35,6,220,263.00,"57,860.00"
2019-10-21,2019102101003363,PRVU,52,45,300,264.00,"79,200.00"
2019-10-21,2019102101003360,PRVU,14,45,300,264.00,"79,200.00"
2019-10-21,2019102101003275,PRVU,49,45,50,264.00,"13,200.00"
2019-10-21,2019102101003240,PRVU,39,45,100,264.00,"26,400.00"
2019-10-21,2019102101003232,PRVU,39,45,30,264.00,"7,920.00"
2019-10-21,2019102101002955,PRVU,39,45,150,264.00,"39,600.00"
2019-10-21,2019102101002987,PRVU,57,43,25,264.00,"6,600.00"
2019-10-21,2019102101002981,PRVU,39,43,50,264.00,"13,200.00"
2019-10-21,2019102101002978,PRVU,39,43,33,264.00,"8,712.00"
2019-10-21,2019102101002977,PRVU,39,45,17,264.00,"4,488.00"
2019-10-21,2019102101002971,PRVU,39,45,50,264.00,"13,200.00"
2019-10-21,2019102101002964,PRVU,39,45,100,264.00,"26,400.00"
2019-10-21,2019102101003170,PRVU,35,17,225,263.00,"59,175.00"
2019-10-21,2019102101003160,PRVU,39,43,100,264.00,"26,400.00"
2019-10-21,2019102101003128,PRVU,47,43,500,264.00,"132,000.00"
2019-10-21,2019102101003094,PRVU,17,43,145,264.00,"38,280.00"
2019-10-21,2019102101003008,PRVU,39,43,50,264.00,"13,200.00"
2019-10-21,2019102101002991,PRVU,39,43,50,264.00,"13,200.00"
2019-10-21,2019102101003230,PRVU,39,45,100,264.00,"26,400.00"
2019-10-21,2019102101003220,PRVU,39,45,100,264.00,"26,400.00"
2019-10-21,2019102101003211,PRVU,28,45,"1,000",264.00,"264,000.00"
2019-10-21,2019102101003210,PRVU,39,45,100,264.00,"26,400.00"
2019-10-21,2019102101003188,PRVU,39,45,103,264.00,"27,192.00"
2019-10-21,2019102101003187,PRVU,39,43,47,264.00,"12,408.00"
2019-10-21,2019102101003166,RADHI,52,44,10,136.00,"1,360.00"
2019-10-21,2019102101003362,RBCL,37,52,10,"8,560.00","85,600.00"
2019-10-21,2019102101003361,RBCL,37,40,10,"8,545.00","85,450.00"
2019-10-21,2019102101003186,RBCL,18,25,10,"8,500.00","85,000.00"
2019-10-21,2019102101003185,RBCL,18,49,10,"8,300.00","83,000.00"
2019-10-21,2019102101003227,RHPC,39,48,200,79.00,"15,800.00"
2019-10-21,2019102101003214,RHPC,39,16,19,78.00,"1,482.00"
2019-10-21,2019102101003213,RHPC,39,49,102,78.00,"7,956.00"
2019-10-21,2019102101003156,RHPL,16,44,40,165.00,"6,600.00"
2019-10-21,2019102101003152,RHPL,19,44,200,166.00,"33,200.00"
2019-10-21,2019102101003151,RHPL,19,43,40,166.00,"6,640.00"
2019-10-21,2019102101003150,RHPL,19,58,120,166.00,"19,920.00"
2019-10-21,2019102101003137,RHPL,19,58,40,166.00,"6,640.00"
2019-10-21,2019102101003131,RHPL,16,34,10,165.00,"1,650.00"
2019-10-21,2019102101002969,RHPL,16,42,40,165.00,"6,600.00"
2019-10-21,2019102101002957,RHPL,16,55,30,165.00,"4,950.00"
2019-10-21,2019102101002946,RHPL,16,17,10,165.00,"1,650.00"
2019-10-21,2019102101002939,RHPL,16,35,500,165.00,"82,500.00"
2019-10-21,2019102101002938,RHPL,16,41,20,165.00,"3,300.00"
2019-10-21,2019102101003018,RHPL,16,55,30,165.00,"4,950.00"
2019-10-21,2019102101002995,RHPL,16,55,30,165.00,"4,950.00"
2019-10-21,2019102101002994,RHPL,16,44,40,165.00,"6,600.00"
2019-10-21,2019102101002990,RHPL,16,17,10,165.00,"1,650.00"
2019-10-21,2019102101002979,RHPL,16,42,40,165.00,"6,600.00"
2019-10-21,2019102101002975,RHPL,16,55,20,165.00,"3,300.00"
2019-10-21,2019102101003126,RHPL,19,58,50,166.00,"8,300.00"
2019-10-21,2019102101003121,RHPL,16,32,40,165.00,"6,600.00"
2019-10-21,2019102101003087,RHPL,16,55,30,165.00,"4,950.00"
2019-10-21,2019102101003082,RHPL,16,48,10,165.00,"1,650.00"
2019-10-21,2019102101003068,RHPL,16,39,20,165.00,"3,300.00"
2019-10-21,2019102101003038,RHPL,16,55,20,165.00,"3,300.00"
2019-10-21,2019102101003118,SABSL,17,18,10,450.00,"4,500.00"
2019-10-21,2019102101003117,SABSL,17,47,10,449.00,"4,490.00"
2019-10-21,2019102101003242,SANIMA,54,6,140,305.00,"42,700.00"
2019-10-21,2019102101003241,SANIMA,52,6,50,305.00,"15,250.00"
2019-10-21,2019102101003195,SANIMA,49,44,100,306.00,"30,600.00"
2019-10-21,2019102101003070,SANIMA,6,44,150,306.00,"45,900.00"
2019-10-21,2019102101002930,SANIMA,40,49,286,306.00,"87,516.00"
2019-10-21,2019102101003032,SAPDBL,45,46,350,119.00,"41,650.00"
2019-10-21,2019102101003031,SAPDBL,52,46,100,120.00,"12,000.00"
2019-10-21,2019102101003391,SBI,6,3,40,403.00,"16,120.00"
2019-10-21,2019102101003259,SBI,6,3,30,403.00,"12,090.00"
2019-10-21,2019102101003219,SBI,6,3,50,403.00,"20,150.00"
2019-10-21,2019102101003095,SBI,6,3,30,403.00,"12,090.00"
2019-10-21,2019102101003276,SBL,6,41,600,291.00,"174,600.00"
2019-10-21,2019102101003260,SBL,6,6,150,291.00,"43,650.00"
2019-10-21,2019102101003164,SBL,6,13,500,293.00,"146,500.00"
2019-10-21,2019102101003111,SBL,38,56,200,292.00,"58,400.00"
2019-10-21,2019102101003397,SCB,35,57,80,550.00,"44,000.00"
2019-10-21,2019102101003396,SCB,35,29,150,547.00,"82,050.00"
2019-10-21,2019102101003395,SCB,35,58,166,545.00,"90,470.00"
2019-10-21,2019102101003367,SCB,34,35,10,541.00,"5,410.00"
2019-10-21,2019102101003366,SCB,36,35,50,542.00,"27,100.00"
2019-10-21,2019102101003365,SCB,26,35,20,542.00,"10,840.00"
2019-10-21,2019102101002983,SCB,19,7,40,546.00,"21,840.00"
2019-10-21,2019102101002982,SCB,22,7,100,547.00,"54,700.00"
2019-10-21,2019102101002965,SCB,52,17,20,548.00,"10,960.00"
2019-10-21,2019102101002956,SCB,19,34,150,546.00,"81,900.00"
2019-10-21,2019102101003026,SCB,35,42,100,549.00,"54,900.00"
2019-10-21,2019102101003025,SCB,35,57,10,549.00,"5,490.00"
2019-10-21,2019102101003017,SCB,35,57,100,549.00,"54,900.00"
2019-10-21,2019102101002997,SCB,35,17,80,548.00,"43,840.00"
2019-10-21,2019102101002985,SCB,51,7,10,546.00,"5,460.00"
2019-10-21,2019102101002984,SCB,17,7,100,546.00,"54,600.00"
2019-10-21,2019102101003048,SCB,34,22,74,542.00,"40,108.00"
2019-10-21,2019102101003047,SCB,40,22,20,542.00,"10,840.00"
2019-10-21,2019102101003046,SCB,34,22,200,543.00,"108,600.00"
2019-10-21,2019102101003045,SCB,41,22,30,545.00,"16,350.00"
2019-10-21,2019102101003044,SCB,44,22,86,545.00,"46,870.00"
2019-10-21,2019102101003043,SCB,51,22,90,546.00,"49,140.00"
2019-10-21,2019102101003149,SCB,34,32,20,545.00,"10,900.00"
2019-10-21,2019102101003135,SCB,42,22,200,546.00,"109,200.00"
2019-10-21,2019102101003134,SCB,5,22,50,547.00,"27,350.00"
2019-10-21,2019102101003084,SCB,35,57,10,550.00,"5,500.00"
2019-10-21,2019102101003083,SCB,35,22,126,547.00,"68,922.00"
2019-10-21,2019102101003075,SCB,35,57,10,550.00,"5,500.00"
2019-10-21,2019102101003194,SCB,34,16,50,542.00,"27,100.00"
2019-10-21,2019102101003193,SCB,34,16,26,542.00,"14,092.00"
2019-10-21,2019102101003192,SCB,42,16,10,543.00,"5,430.00"
2019-10-21,2019102101003191,SCB,22,16,10,545.00,"5,450.00"
2019-10-21,2019102101003190,SCB,34,16,10,545.00,"5,450.00"
2019-10-21,2019102101003172,SCB,34,44,20,545.00,"10,900.00"
2019-10-21,2019102101003255,SCB,41,35,20,541.00,"10,820.00"
2019-10-21,2019102101003254,SCB,26,35,10,542.00,"5,420.00"
2019-10-21,2019102101003253,SCB,6,35,10,542.00,"5,420.00"
2019-10-21,2019102101003218,SCB,6,29,50,547.00,"27,350.00"
2019-10-21,2019102101003208,SCB,6,16,94,542.00,"50,948.00"
2019-10-21,2019102101003199,SCB,1,42,20,541.00,"10,820.00"
2019-10-21,2019102101003364,SCB,34,35,40,542.00,"21,680.00"
2019-10-21,2019102101003288,SCB,34,35,10,542.00,"5,420.00"
2019-10-21,2019102101003287,SCB,19,35,50,542.00,"27,100.00"
2019-10-21,2019102101003271,SCB,28,29,100,547.00,"54,700.00"
2019-10-21,2019102101003257,SCB,34,35,25,541.00,"13,525.00"
2019-10-21,2019102101003256,SCB,52,35,20,541.00,"10,820.00"
2019-10-21,2019102101003424,SHIVM,48,47,10,485.00,"4,850.00"
2019-10-21,2019102101003368,SHIVM,28,6,"1,000",482.00,"482,000.00"
2019-10-21,2019102101003078,SHIVM,55,38,345,481.00,"165,945.00"
2019-10-21,2019102101003077,SHIVM,3,38,25,481.00,"12,025.00"
2019-10-21,2019102101003421,SHL,39,58,137,208.00,"28,496.00"
2019-10-21,2019102101003420,SHL,39,36,177,208.00,"36,816.00"
2019-10-21,2019102101003401,SHPC,16,1,10,196.00,"1,960.00"
2019-10-21,2019102101003167,SIC,6,6,50,491.00,"24,550.00"
2019-10-21,2019102101002933,SIC,55,39,25,484.00,"12,100.00"
2019-10-21,2019102101003372,SICL,46,56,43,721.00,"31,003.00"
2019-10-21,2019102101003079,SICL,58,56,500,720.00,"360,000.00"
2019-10-21,2019102101003261,SIL,25,33,10,374.00,"3,740.00"
2019-10-21,2019102101002972,SIL,56,44,327,369.00,"120,663.00"
2019-10-21,2019102101003373,SINDU,34,46,63,121.00,"7,623.00"
2019-10-21,2019102101003061,SINDU,57,46,20,121.00,"2,420.00"
2019-10-21,2019102101003060,SINDU,22,46,200,121.00,"24,200.00"
2019-10-21,2019102101003059,SINDU,56,46,17,121.00,"2,057.00"
2019-10-21,2019102101003058,SINDU,26,46,200,122.00,"24,400.00"
2019-10-21,2019102101003400,SJCL,16,29,250,167.00,"41,750.00"
2019-10-21,2019102101002968,SJCL,16,17,10,167.00,"1,670.00"
2019-10-21,2019102101003014,SJCL,16,44,20,167.00,"3,340.00"
2019-10-21,2019102101003013,SJCL,16,48,10,167.00,"1,670.00"
2019-10-21,2019102101003010,SJCL,16,17,10,167.00,"1,670.00"
2019-10-21,2019102101003009,SJCL,35,22,10,168.00,"1,680.00"
2019-10-21,2019102101002980,SJCL,16,42,20,167.00,"3,340.00"
2019-10-21,2019102101002974,SJCL,16,42,20,167.00,"3,340.00"
2019-10-21,2019102101003112,SJCL,35,22,10,168.00,"1,680.00"
2019-10-21,2019102101003057,SJCL,16,39,20,167.00,"3,340.00"
2019-10-21,2019102101003162,SJCL,16,44,20,167.00,"3,340.00"
2019-10-21,2019102101003251,SKBBL,5,5,240,925.00,"222,000.00"
2019-10-21,2019102101003123,SKBBL,28,4,11,920.00,"10,120.00"
2019-10-21,2019102101003063,SKBBL,42,22,62,917.00,"56,854.00"
2019-10-21,2019102101003028,SKBBL,53,57,57,914.00,"52,098.00"
2019-10-21,2019102101003414,SLBBL,1,58,20,538.00,"10,760.00"
2019-10-21,2019102101003124,SLBBL,28,58,20,543.00,"10,860.00"
2019-10-21,2019102101003245,SLICL,13,44,20,260.00,"5,200.00"
2019-10-21,2019102101003161,SLICL,35,41,28,259.00,"7,252.00"
2019-10-21,2019102101002988,SLICL,6,44,100,260.00,"26,000.00"
2019-10-21,2019102101003331,SMB,21,53,10,414.00,"4,140.00"
2019-10-21,2019102101003330,SMB,21,47,10,413.00,"4,130.00"
2019-10-21,2019102101003197,SMFBS,35,32,10,780.00,"7,800.00"
2019-10-21,2019102101003073,SPARS,39,7,110,518.00,"56,980.00"
2019-10-21,2019102101003072,SPARS,45,7,50,520.00,"26,000.00"
2019-10-21,2019102101003071,SPARS,38,7,40,521.00,"20,840.00"
2019-10-21,2019102101003389,UPPER,44,34,350,236.00,"82,600.00"
2019-10-21,2019102101003216,UPPER,41,32,40,235.00,"9,400.00"
2019-10-21,2019102101003133,UPPER,41,32,50,235.00,"11,750.00"
2019-10-21,2019102101003089,UPPER,41,50,500,236.00,"118,000.00"
2019-10-21,2019102101003088,UPPER,41,22,350,236.00,"82,600.00"
2019-10-21,2019102101003039,UPPER,41,39,50,235.00,"11,750.00"
2019-10-21,2019102101003029,UPPER,41,17,50,235.00,"11,750.00"
2019-10-21,2019102101003231,VLBS,37,37,13,547.00,"7,111.00"
2019-10-21,2019102101003154,VLBS,45,14,80,551.00,"44,080.00"
2019-10-21,2019102101003085,VLBS,37,41,12,547.00,"6,564.00"
2019-10-21,2019102101002885,ADBL,39,58,50,413.00,"20,650.00"
2019-10-21,2019102101002756,ADBL,39,41,14,412.00,"5,768.00"
2019-10-21,2019102101002608,ADBL,39,57,40,412.00,"16,480.00"
2019-10-21,2019102101002602,ADBL,39,58,620,412.00,"255,440.00"
2019-10-21,2019102101002601,ADBL,52,58,200,412.00,"82,400.00"
2019-10-21,2019102101002600,ADBL,39,58,30,412.00,"12,360.00"
2019-10-21,2019102101002587,ADBL,34,58,150,412.00,"61,800.00"
2019-10-21,2019102101002586,ADBL,25,58,50,412.00,"20,600.00"
2019-10-21,2019102101002559,ADBL,25,17,500,412.00,"206,000.00"
2019-10-21,2019102101002593,ADBL,39,58,50,412.00,"20,600.00"
2019-10-21,2019102101002592,ADBL,39,58,200,412.00,"82,400.00"
2019-10-21,2019102101002591,ADBL,39,58,50,412.00,"20,600.00"
2019-10-21,2019102101002590,ADBL,39,58,50,412.00,"20,600.00"
2019-10-21,2019102101002589,ADBL,39,58,100,412.00,"41,200.00"
2019-10-21,2019102101002588,ADBL,45,58,"1,000",412.00,"412,000.00"
2019-10-21,2019102101002599,ADBL,39,58,50,412.00,"20,600.00"
2019-10-21,2019102101002598,ADBL,39,58,100,412.00,"41,200.00"
2019-10-21,2019102101002597,ADBL,39,58,100,412.00,"41,200.00"
2019-10-21,2019102101002596,ADBL,39,58,100,412.00,"41,200.00"
2019-10-21,2019102101002595,ADBL,39,58,50,412.00,"20,600.00"
2019-10-21,2019102101002594,ADBL,39,58,100,412.00,"41,200.00"
2019-10-21,2019102101002443,AHPC,28,40,"1,000",94.00,"94,000.00"
2019-10-21,2019102101002757,AKBSL,42,22,10,408.00,"4,080.00"
2019-10-21,2019102101002683,AKBSL,43,54,10,409.00,"4,090.00"
2019-10-21,2019102101002565,AKBSL,43,39,10,411.00,"4,110.00"
2019-10-21,2019102101002660,AKJCL,56,44,20,53.00,"1,060.00"
2019-10-21,2019102101002654,AKPL,49,49,551,134.00,"73,834.00"
2019-10-21,2019102101002617,AKPL,42,26,13,133.00,"1,729.00"
2019-10-21,2019102101002519,ALBSL,42,29,60,395.00,"23,700.00"
2019-10-21,2019102101002707,ALICL,28,11,162,314.00,"50,868.00"
2019-10-21,2019102101002706,ALICL,43,11,35,314.00,"10,990.00"
2019-10-21,2019102101002705,ALICL,46,11,500,315.00,"157,500.00"
2019-10-21,2019102101002912,API,55,7,18,108.00,"1,944.00"
2019-10-21,2019102101002868,API,55,7,18,108.00,"1,944.00"
2019-10-21,2019102101002585,API,6,38,36,107.00,"3,852.00"
2019-10-21,2019102101002584,API,42,38,20,107.00,"2,140.00"
2019-10-21,2019102101002583,API,55,38,100,107.00,"10,700.00"
2019-10-21,2019102101002582,API,1,38,"1,500",107.00,"160,500.00"
2019-10-21,2019102101002448,API,22,56,200,108.00,"21,600.00"
2019-10-21,2019102101002542,API,1,56,400,108.00,"43,200.00"
2019-10-21,2019102101002536,API,39,56,200,108.00,"21,600.00"
2019-10-21,2019102101002508,API,51,56,100,108.00,"10,800.00"
2019-10-21,2019102101002492,API,22,56,100,108.00,"10,800.00"
2019-10-21,2019102101002482,API,6,56,100,108.00,"10,800.00"
2019-10-21,2019102101002481,API,25,56,100,108.00,"10,800.00"
2019-10-21,2019102101002575,API,22,38,320,108.00,"34,560.00"
2019-10-21,2019102101002571,API,22,38,180,108.00,"19,440.00"
2019-10-21,2019102101002570,API,22,38,20,108.00,"2,160.00"
2019-10-21,2019102101002569,API,52,38,100,108.00,"10,800.00"
2019-10-21,2019102101002568,API,1,38,100,108.00,"10,800.00"
2019-10-21,2019102101002543,API,1,38,500,108.00,"54,000.00"
2019-10-21,2019102101002581,API,55,38,100,107.00,"10,700.00"
2019-10-21,2019102101002580,API,34,38,100,107.00,"10,700.00"
2019-10-21,2019102101002579,API,25,38,300,107.00,"32,100.00"
2019-10-21,2019102101002578,API,21,38,500,107.00,"53,500.00"
2019-10-21,2019102101002577,API,55,38,"1,000",107.00,"107,000.00"
2019-10-21,2019102101002576,API,26,38,24,107.00,"2,568.00"
2019-10-21,2019102101002458,BARUN,39,42,20,89.00,"1,780.00"
2019-10-21,2019102101002457,BARUN,39,28,20,88.00,"1,760.00"
2019-10-21,2019102101002725,BFC,18,52,240,92.00,"22,080.00"
2019-10-21,2019102101002739,BOKL,42,21,20,226.00,"4,520.00"
2019-10-21,2019102101002625,BOKL,22,37,200,227.00,"45,400.00"
2019-10-21,2019102101002624,BOKL,44,37,458,227.00,"103,966.00"
2019-10-21,2019102101002866,BPCL,37,43,100,358.00,"35,800.00"
2019-10-21,2019102101002865,BPCL,51,43,200,358.00,"71,600.00"
2019-10-21,2019102101002864,BPCL,45,43,40,358.00,"14,320.00"
2019-10-21,2019102101002847,BPCL,45,44,33,358.00,"11,814.00"
2019-10-21,2019102101002752,CBBL,39,58,66,964.00,"63,624.00"
2019-10-21,2019102101002671,CBBL,28,58,20,964.00,"19,280.00"
2019-10-21,2019102101002686,CBL,34,34,50,141.00,"7,050.00"
2019-10-21,2019102101002535,CBL,1,39,400,142.00,"56,800.00"
2019-10-21,2019102101002916,CCBL,52,7,68,153.00,"10,404.00"
2019-10-21,2019102101002520,CCBL,52,35,222,153.00,"33,966.00"
2019-10-21,2019102101002664,CHL,58,44,10,79.00,790.00
2019-10-21,2019102101002726,CIT,34,47,15,"1,788.00","26,820.00"
2019-10-21,2019102101002488,CZBIL,57,22,50,192.00,"9,600.00"
2019-10-21,2019102101002850,DBBL,56,7,990,125.00,"123,750.00"
2019-10-21,2019102101002802,DBBL,42,7,10,125.00,"1,250.00"
2019-10-21,2019102101002738,DBBL,42,10,41,124.00,"5,084.00"
2019-10-21,2019102101002737,DBBL,26,10,200,124.00,"24,800.00"
2019-10-21,2019102101002690,DBBL,34,45,258,125.00,"32,250.00"
2019-10-21,2019102101002619,DBBL,56,7,550,125.00,"68,750.00"
2019-10-21,2019102101002563,DBBL,48,7,50,125.00,"6,250.00"
2019-10-21,2019102101002562,DBBL,26,7,55,125.00,"6,875.00"
2019-10-21,2019102101002658,DDBL,35,13,206,718.00,"147,908.00"
2019-10-21,2019102101002801,EBL,28,45,25,546.00,"13,650.00"
2019-10-21,2019102101002792,EBL,45,44,10,547.00,"5,470.00"
2019-10-21,2019102101002685,EBL,14,14,399,546.00,"217,854.00"
2019-10-21,2019102101002623,EBL,6,44,30,547.00,"16,410.00"
2019-10-21,2019102101002647,EIC,42,50,40,220.00,"8,800.00"
2019-10-21,2019102101002646,EIC,36,50,50,220.00,"11,000.00"
2019-10-21,2019102101002645,EIC,34,50,40,220.00,"8,800.00"
2019-10-21,2019102101002644,EIC,50,50,200,220.00,"44,000.00"
2019-10-21,2019102101002643,EIC,53,50,50,221.00,"11,050.00"
2019-10-21,2019102101002642,EIC,13,50,100,221.00,"22,100.00"
2019-10-21,2019102101002641,EIC,6,50,10,221.00,"2,210.00"
2019-10-21,2019102101002618,EIC,6,57,80,224.00,"17,920.00"
2019-10-21,2019102101002480,FOWAD,42,47,80,"1,281.00","102,480.00"
2019-10-21,2019102101002427,GBBL,39,39,442,213.00,"94,146.00"
2019-10-21,2019102101002426,GBBL,13,39,500,213.00,"106,500.00"
2019-10-21,2019102101002871,GBLBS,34,7,10,308.00,"3,080.00"
2019-10-21,2019102101002639,GBLBS,59,44,15,309.00,"4,635.00"
2019-10-21,2019102101002544,GBLBS,11,39,15,311.00,"4,665.00"
2019-10-21,2019102101002478,GLBSL,42,7,100,426.00,"42,600.00"
2019-10-21,2019102101002477,GLBSL,42,45,10,425.00,"4,250.00"
2019-10-21,2019102101002472,GLBSL,42,26,10,420.00,"4,200.00"
2019-10-21,2019102101002856,GLICL,25,25,100,356.00,"35,600.00"
2019-10-21,2019102101002855,GLICL,6,25,100,357.00,"35,700.00"
2019-10-21,2019102101002663,GLICL,43,52,10,360.00,"3,600.00"
2019-10-21,2019102101002616,GLICL,6,52,100,358.00,"35,800.00"
2019-10-21,2019102101002750,GMFBS,34,54,10,447.00,"4,470.00"
2019-10-21,2019102101002440,GMFBS,42,7,100,455.00,"45,500.00"
2019-10-21,2019102101002439,GMFBS,42,45,10,455.00,"4,550.00"
2019-10-21,2019102101002438,GMFBS,42,53,10,451.00,"4,510.00"
2019-10-21,2019102101002437,GMFBS,42,41,10,448.00,"4,480.00"
2019-10-21,2019102101002913,GRDBL,35,49,50,103.00,"5,150.00"
2019-10-21,2019102101002863,HBL,42,34,150,492.00,"73,800.00"
2019-10-21,2019102101002444,HDL,44,39,27,"1,430.00","38,610.00"
2019-10-21,2019102101002449,HGI,35,55,40,267.00,"10,680.00"
2019-10-21,2019102101002884,HIDCL,54,7,60,137.00,"8,220.00"
2019-10-21,2019102101002629,HIDCL,54,26,30,137.00,"4,110.00"
2019-10-21,2019102101002479,HIDCL,33,52,76,138.00,"10,488.00"
2019-10-21,2019102101002473,HIDCL,33,51,63,138.00,"8,694.00"
2019-10-21,2019102101002460,HIDCL,33,55,61,138.00,"8,418.00"
2019-10-21,2019102101002631,HPPL,45,26,10,139.00,"1,390.00"
2019-10-21,2019102101002603,HPPL,45,44,20,139.00,"2,780.00"
2019-10-21,2019102101002622,HURJA,37,55,20,103.00,"2,060.00"
2019-10-21,2019102101002735,ILBS,18,54,10,415.00,"4,150.00"
2019-10-21,2019102101002466,ILBS,42,39,60,423.00,"25,380.00"
2019-10-21,2019102101002465,ILBS,42,29,160,423.00,"67,680.00"
2019-10-21,2019102101002464,ILBS,42,32,10,423.00,"4,230.00"
2019-10-21,2019102101002463,ILBS,42,22,10,420.00,"4,200.00"
2019-10-21,2019102101002462,ILBS,42,44,10,418.00,"4,180.00"
2019-10-21,2019102101002857,JBBL,58,37,155,156.00,"24,180.00"
2019-10-21,2019102101002803,JBBL,58,37,"1,000",156.00,"156,000.00"
2019-10-21,2019102101002734,JBBL,37,37,"1,000",156.00,"156,000.00"
2019-10-21,2019102101002652,JBBL,37,14,99,155.00,"15,345.00"
2019-10-21,2019102101002607,JBBL,56,37,345,156.00,"53,820.00"
2019-10-21,2019102101002606,JBBL,56,21,55,156.00,"8,580.00"
2019-10-21,2019102101002497,KRBL,51,46,100,103.00,"10,300.00"
2019-10-21,2019102101002925,KSBBL,56,49,76,141.00,"10,716.00"
2019-10-21,2019102101002924,KSBBL,57,49,50,141.00,"7,050.00"
2019-10-21,2019102101002923,KSBBL,6,49,25,142.00,"3,550.00"
2019-10-21,2019102101002922,KSBBL,39,49,349,143.00,"49,907.00"
2019-10-21,2019102101002822,LBBL,44,4,51,172.00,"8,772.00"
2019-10-21,2019102101002718,LBBL,48,4,475,172.00,"81,700.00"
2019-10-21,2019102101002561,LBBL,48,7,25,172.00,"4,300.00"
2019-10-21,2019102101002560,LBBL,45,7,40,172.00,"6,880.00"
2019-10-21,2019102101002689,LGIL,44,50,40,307.00,"12,280.00"
2019-10-21,2019102101002553,LGIL,37,56,190,304.00,"57,760.00"
2019-10-21,2019102101002552,LGIL,34,56,100,305.00,"30,500.00"
2019-10-21,2019102101002551,LGIL,35,56,100,306.00,"30,600.00"
2019-10-21,2019102101002545,LICN,34,50,20,983.00,"19,660.00"
2019-10-21,2019102101002447,MBL,38,58,120,222.00,"26,640.00"
2019-10-21,2019102101002433,MBL,38,58,90,222.00,"19,980.00"
2019-10-21,2019102101002432,MBL,14,58,30,222.00,"6,660.00"
2019-10-21,2019102101002732,MDB,17,3,46,252.00,"11,592.00"
2019-10-21,2019102101002889,MEGA,50,53,260,195.00,"50,700.00"
2019-10-21,2019102101002854,MEGA,45,53,800,195.00,"156,000.00"
2019-10-21,2019102101002487,MEGA,32,53,60,194.00,"11,640.00"
2019-10-21,2019102101002486,MEGA,35,53,80,194.00,"15,520.00"
2019-10-21,2019102101002445,MEGA,10,10,110,194.00,"21,340.00"
2019-10-21,2019102101002610,MEGA,32,25,100,194.00,"19,400.00"
2019-10-21,2019102101002609,MEGA,1,25,200,194.00,"38,800.00"
2019-10-21,2019102101002529,MEGA,14,53,"1,500",194.00,"291,000.00"
2019-10-21,2019102101002755,MERO,28,49,20,549.00,"10,980.00"
2019-10-21,2019102101002881,MHNL,37,59,100,79.00,"7,900.00"
2019-10-21,2019102101002880,MHNL,37,41,30,79.00,"2,370.00"
2019-10-21,2019102101002879,MHNL,33,41,10,79.00,790.00
2019-10-21,2019102101002911,MLBL,11,56,150,214.00,"32,100.00"
2019-10-21,2019102101002723,MLBL,43,56,100,214.00,"21,400.00"
2019-10-21,2019102101002717,MLBL,45,56,10,214.00,"2,140.00"
2019-10-21,2019102101002556,MNBBL,44,53,50,306.00,"15,300.00"
2019-10-21,2019102101002471,MNBBL,44,36,40,306.00,"12,240.00"
2019-10-21,2019102101002904,MSLB,38,10,100,863.00,"86,300.00"
2019-10-21,2019102101002776,NABIL,52,58,100,755.00,"75,500.00"
2019-10-21,2019102101002775,NABIL,39,58,25,755.00,"18,875.00"
2019-10-21,2019102101002774,NABIL,8,58,100,755.00,"75,500.00"
2019-10-21,2019102101002773,NABIL,45,58,15,755.00,"11,325.00"
2019-10-21,2019102101002772,NABIL,35,58,20,755.00,"15,100.00"
2019-10-21,2019102101002771,NABIL,47,58,500,755.00,"377,500.00"
2019-10-21,2019102101002467,NABIL,54,59,80,757.00,"60,560.00"
2019-10-21,2019102101002702,NABIL,28,45,50,758.00,"37,900.00"
2019-10-21,2019102101002666,NABIL,43,45,50,758.00,"37,900.00"
2019-10-21,2019102101002554,NABIL,41,59,100,759.00,"75,900.00"
2019-10-21,2019102101002470,NABIL,43,59,500,757.00,"378,500.00"
2019-10-21,2019102101002469,NABIL,17,59,30,757.00,"22,710.00"
2019-10-21,2019102101002468,NABIL,54,59,100,757.00,"75,700.00"
2019-10-21,2019102101002764,NABIL,11,58,100,756.00,"75,600.00"
2019-10-21,2019102101002763,NABIL,11,58,100,756.00,"75,600.00"
2019-10-21,2019102101002762,NABIL,34,58,12,757.00,"9,084.00"
2019-10-21,2019102101002761,NABIL,42,58,88,757.00,"66,616.00"
2019-10-21,2019102101002754,NABIL,42,35,12,757.00,"9,084.00"
2019-10-21,2019102101002703,NABIL,28,59,50,759.00,"37,950.00"
2019-10-21,2019102101002770,NABIL,8,58,75,755.00,"56,625.00"
2019-10-21,2019102101002769,NABIL,22,58,20,756.00,"15,120.00"
2019-10-21,2019102101002768,NABIL,56,58,40,756.00,"30,240.00"
2019-10-21,2019102101002767,NABIL,52,58,50,756.00,"37,800.00"
2019-10-21,2019102101002766,NABIL,16,58,150,756.00,"113,400.00"
2019-10-21,2019102101002765,NABIL,52,58,100,756.00,"75,600.00"
2019-10-21,2019102101002649,NADEP,58,26,20,393.00,"7,860.00"
2019-10-21,2019102101002831,NBB,56,50,62,210.00,"13,020.00"
2019-10-21,2019102101002830,NBB,25,50,338,210.00,"70,980.00"
2019-10-21,2019102101002829,NBB,25,45,"1,221",210.00,"256,410.00"
2019-10-21,2019102101002828,NBB,25,45,500,210.00,"105,000.00"
2019-10-21,2019102101002827,NBB,48,45,295,210.00,"61,950.00"
2019-10-21,2019102101002791,NBB,48,21,205,210.00,"43,050.00"
2019-10-21,2019102101002790,NBB,13,21,295,210.00,"61,950.00"
2019-10-21,2019102101002840,NBL,41,4,50,317.00,"15,850.00"
2019-10-21,2019102101002839,NBL,41,4,50,317.00,"15,850.00"
2019-10-21,2019102101002838,NBL,41,4,50,317.00,"15,850.00"
2019-10-21,2019102101002837,NBL,41,4,100,317.00,"31,700.00"
2019-10-21,2019102101002836,NBL,41,4,100,317.00,"31,700.00"
2019-10-21,2019102101002835,NBL,41,4,50,317.00,"15,850.00"
2019-10-21,2019102101002746,NBL,34,21,"1,269",316.00,"401,004.00"
2019-10-21,2019102101002549,NBL,41,57,351,317.00,"111,267.00"
2019-10-21,2019102101002548,NBL,41,7,950,317.00,"301,150.00"
2019-10-21,2019102101002834,NBL,41,4,500,317.00,"158,500.00"
2019-10-21,2019102101002833,NBL,41,42,50,317.00,"15,850.00"
2019-10-21,2019102101002815,NBL,41,21,"1,500",316.00,"474,000.00"
2019-10-21,2019102101002749,NBL,39,21,100,316.00,"31,600.00"
2019-10-21,2019102101002748,NBL,46,21,50,316.00,"15,800.00"
2019-10-21,2019102101002747,NBL,43,21,30,316.00,"9,480.00"
2019-10-21,2019102101002888,NCCB,44,32,"1,845",198.00,"365,310.00"
2019-10-21,2019102101002877,NCCB,44,32,"1,800",198.00,"356,400.00"
2019-10-21,2019102101002823,NCCB,1,32,200,199.00,"39,800.00"
2019-10-21,2019102101002759,NCCB,44,21,347,198.00,"68,706.00"
2019-10-21,2019102101002722,NCCB,57,25,100,199.00,"19,900.00"
2019-10-21,2019102101002682,NCCB,58,25,100,199.00,"19,900.00"
2019-10-21,2019102101002558,NCCB,44,22,300,198.00,"59,400.00"
2019-10-21,2019102101002526,NCCB,5,49,200,199.00,"39,800.00"
2019-10-21,2019102101002661,NHPC,41,26,300,52.00,"15,600.00"
2019-10-21,2019102101002905,NIB,29,49,34,443.00,"15,062.00"
2019-10-21,2019102101002899,NIB,29,7,44,443.00,"19,492.00"
2019-10-21,2019102101002826,NIB,52,52,55,442.00,"24,310.00"
2019-10-21,2019102101002825,NIB,48,52,25,442.00,"11,050.00"
2019-10-21,2019102101002781,NIB,3,22,200,443.00,"88,600.00"
2019-10-21,2019102101002780,NIB,17,22,98,443.00,"43,414.00"
2019-10-21,2019102101002501,NIB,51,39,72,443.00,"31,896.00"
2019-10-21,2019102101002574,NIB,17,22,52,443.00,"23,036.00"
2019-10-21,2019102101002506,NIB,39,39,100,443.00,"44,300.00"
2019-10-21,2019102101002505,NIB,34,39,20,443.00,"8,860.00"
2019-10-21,2019102101002504,NIB,1,39,100,443.00,"44,300.00"
2019-10-21,2019102101002503,NIB,22,39,50,443.00,"22,150.00"
2019-10-21,2019102101002502,NIB,42,39,100,443.00,"44,300.00"
2019-10-21,2019102101002760,NIBPO,28,1,500,408.00,"204,000.00"
2019-10-21,2019102101002605,NIBSF1,22,22,"3,000",8.61,"25,830.00"
2019-10-21,2019102101002441,NICA,11,21,30,383.00,"11,490.00"
2019-10-21,2019102101002564,NICL,29,32,90,260.00,"23,400.00"
2019-10-21,2019102101002910,NIL,29,29,24,354.00,"8,496.00"
2019-10-21,2019102101002909,NIL,53,29,20,354.00,"7,080.00"
2019-10-21,2019102101002668,NIL,45,55,100,355.00,"35,500.00"
2019-10-21,2019102101002667,NIL,56,55,250,355.00,"88,750.00"
2019-10-21,2019102101002496,NIL,17,21,150,356.00,"53,400.00"
2019-10-21,2019102101002495,NIL,42,21,43,356.00,"15,308.00"
2019-10-21,2019102101002494,NIL,45,21,100,356.00,"35,600.00"
2019-10-21,2019102101002891,NLG,39,33,10,570.00,"5,700.00"
2019-10-21,2019102101002797,NLG,49,34,30,560.00,"16,800.00"
2019-10-21,2019102101002796,NLG,6,34,50,560.00,"28,000.00"
2019-10-21,2019102101002680,NLG,48,37,70,561.00,"39,270.00"
2019-10-21,2019102101002915,NLIC,41,38,50,777.00,"38,850.00"
2019-10-21,2019102101002902,NLIC,4,44,22,776.00,"17,072.00"
2019-10-21,2019102101002892,NLIC,41,38,100,777.00,"77,700.00"
2019-10-21,2019102101002875,NLIC,28,38,200,777.00,"155,400.00"
2019-10-21,2019102101002843,NLIC,14,38,79,777.00,"61,383.00"
2019-10-21,2019102101002842,NLIC,14,44,21,777.00,"16,317.00"
2019-10-21,2019102101002799,NLIC,4,49,550,776.00,"426,800.00"
2019-10-21,2019102101002778,NLIC,22,4,20,776.00,"15,520.00"
2019-10-21,2019102101002777,NLIC,4,4,461,776.00,"357,736.00"
2019-10-21,2019102101002744,NLIC,4,49,39,776.00,"30,264.00"
2019-10-21,2019102101002743,NLIC,4,49,66,776.00,"51,216.00"
2019-10-21,2019102101002620,NLIC,4,11,100,776.00,"77,600.00"
2019-10-21,2019102101002546,NLICL,39,59,10,460.00,"4,600.00"
2019-10-21,2019102101002498,NLICL,39,59,10,469.00,"4,690.00"
2019-10-21,2019102101002615,NMBMF,44,26,41,"1,080.00","44,280.00"
2019-10-21,2019102101002528,NMBMF,28,10,1,"1,078.00","1,078.00"
2019-10-21,2019102101002527,NMBMF,48,10,40,"1,078.00","43,120.00"
2019-10-21,2019102101002524,NMBMF,48,43,110,"1,077.00","118,470.00"
2019-10-21,2019102101002436,NMBMF,45,43,40,"1,077.00","43,080.00"
2019-10-21,2019102101002454,NSEWA,42,41,10,376.00,"3,760.00"
2019-10-21,2019102101002453,NSEWA,42,19,10,376.00,"3,760.00"
2019-10-21,2019102101002452,NSEWA,42,21,10,376.00,"3,760.00"
2019-10-21,2019102101002451,NSEWA,42,21,10,376.00,"3,760.00"
2019-10-21,2019102101002450,NSEWA,42,21,10,376.00,"3,760.00"
2019-10-21,2019102101002919,NTC,56,19,120,620.00,"74,400.00"
2019-10-21,2019102101002852,NTC,54,44,75,618.00,"46,350.00"
2019-10-21,2019102101002851,NTC,55,44,50,619.00,"30,950.00"
2019-10-21,2019102101002700,OHL,34,4,39,442.00,"17,238.00"
2019-10-21,2019102101002898,PCBL,21,47,40,267.00,"10,680.00"
2019-10-21,2019102101002566,PCBL,43,22,12,265.00,"3,180.00"
2019-10-21,2019102101002550,PCBL,43,36,73,265.00,"19,345.00"
2019-10-21,2019102101002848,PFL,13,29,690,134.00,"92,460.00"
2019-10-21,2019102101002657,PFL,20,4,200,133.00,"26,600.00"
2019-10-21,2019102101002656,PFL,1,4,200,133.00,"26,600.00"
2019-10-21,2019102101002655,PFL,35,4,100,133.00,"13,300.00"
2019-10-21,2019102101002604,PFL,10,29,310,134.00,"41,540.00"
2019-10-21,2019102101002832,PIC,37,29,69,365.00,"25,185.00"
2019-10-21,2019102101002812,PIC,37,6,31,365.00,"11,315.00"
2019-10-21,2019102101002753,PIC,42,6,50,365.00,"18,250.00"
2019-10-21,2019102101002731,PIC,6,6,19,365.00,"6,935.00"
2019-10-21,2019102101002730,PIC,6,44,11,365.00,"4,015.00"
2019-10-21,2019102101002429,PIC,43,6,380,364.00,"138,320.00"
2019-10-21,2019102101002428,PIC,58,6,120,364.00,"43,680.00"
2019-10-21,2019102101002721,PLIC,28,6,100,315.00,"31,500.00"
2019-10-21,2019102101002485,PPCL,22,55,20,93.00,"1,860.00"
2019-10-21,2019102101002918,PRVU,39,45,50,264.00,"13,200.00"
2019-10-21,2019102101002907,PRVU,39,45,50,264.00,"13,200.00"
2019-10-21,2019102101002900,PRVU,52,45,50,264.00,"13,200.00"
2019-10-21,2019102101002896,PRVU,39,45,100,264.00,"26,400.00"
2019-10-21,2019102101002895,PRVU,57,45,75,264.00,"19,800.00"
2019-10-21,2019102101002890,PRVU,11,45,160,264.00,"42,240.00"
2019-10-21,2019102101002523,PRVU,6,45,"1,000",264.00,"264,000.00"
2019-10-21,2019102101002522,PRVU,58,45,500,264.00,"132,000.00"
2019-10-21,2019102101002521,PRVU,5,45,500,264.00,"132,000.00"
2019-10-21,2019102101002714,PRVU,56,45,500,264.00,"132,000.00"
2019-10-21,2019102101002679,PRVU,52,45,"3,550",264.00,"937,200.00"
2019-10-21,2019102101002678,PRVU,52,43,450,264.00,"118,800.00"
2019-10-21,2019102101002651,PRVU,7,43,500,264.00,"132,000.00"
2019-10-21,2019102101002567,PRVU,22,43,50,264.00,"13,200.00"
2019-10-21,2019102101002874,PRVU,16,45,200,264.00,"52,800.00"
2019-10-21,2019102101002872,PRVU,39,45,200,264.00,"52,800.00"
2019-10-21,2019102101002861,PRVU,39,45,50,264.00,"13,200.00"
2019-10-21,2019102101002849,PRVU,39,45,50,264.00,"13,200.00"
2019-10-21,2019102101002844,PRVU,45,45,"1,000",264.00,"264,000.00"
2019-10-21,2019102101002794,PRVU,54,45,10,264.00,"2,640.00"
2019-10-21,2019102101002555,RADHI,52,36,11,134.00,"1,474.00"
2019-10-21,2019102101002684,RHPC,39,26,40,77.00,"3,080.00"
2019-10-21,2019102101002921,RHPL,34,55,30,164.00,"4,920.00"
2019-10-21,2019102101002908,RHPL,34,55,30,164.00,"4,920.00"
2019-10-21,2019102101002906,RHPL,34,34,10,164.00,"1,640.00"
2019-10-21,2019102101002897,RHPL,34,55,20,164.00,"3,280.00"
2019-10-21,2019102101002894,RHPL,34,41,10,164.00,"1,640.00"
2019-10-21,2019102101002893,RHPL,59,41,30,164.00,"4,920.00"
2019-10-21,2019102101002626,RHPL,19,44,510,164.00,"83,640.00"
2019-10-21,2019102101002572,RHPL,19,22,40,164.00,"6,560.00"
2019-10-21,2019102101002442,RHPL,16,44,20,165.00,"3,300.00"
2019-10-21,2019102101002665,RHPL,54,55,20,164.00,"3,280.00"
2019-10-21,2019102101002653,RHPL,54,26,40,164.00,"6,560.00"
2019-10-21,2019102101002638,RHPL,54,39,30,164.00,"4,920.00"
2019-10-21,2019102101002636,RHPL,54,55,30,164.00,"4,920.00"
2019-10-21,2019102101002628,RHPL,54,44,490,164.00,"80,360.00"
2019-10-21,2019102101002627,RHPL,45,44,"1,000",164.00,"164,000.00"
2019-10-21,2019102101002736,RHPL,54,55,30,164.00,"4,920.00"
2019-10-21,2019102101002719,RHPL,54,41,10,164.00,"1,640.00"
2019-10-21,2019102101002716,RHPL,54,55,30,164.00,"4,920.00"
2019-10-21,2019102101002710,RHPL,54,41,40,164.00,"6,560.00"
2019-10-21,2019102101002698,RHPL,54,32,220,164.00,"36,080.00"
2019-10-21,2019102101002681,RHPL,54,55,20,164.00,"3,280.00"
2019-10-21,2019102101002814,RHPL,59,17,10,164.00,"1,640.00"
2019-10-21,2019102101002798,RHPL,59,55,30,164.00,"4,920.00"
2019-10-21,2019102101002795,RHPL,59,17,10,164.00,"1,640.00"
2019-10-21,2019102101002751,RHPL,59,41,40,164.00,"6,560.00"
2019-10-21,2019102101002741,RHPL,59,35,220,164.00,"36,080.00"
2019-10-21,2019102101002740,RHPL,54,35,40,164.00,"6,560.00"
2019-10-21,2019102101002882,RHPL,59,44,40,164.00,"6,560.00"
2019-10-21,2019102101002878,RHPL,59,55,20,164.00,"3,280.00"
2019-10-21,2019102101002867,RHPL,59,55,30,164.00,"4,920.00"
2019-10-21,2019102101002862,RHPL,59,17,10,164.00,"1,640.00"
2019-10-21,2019102101002853,RHPL,59,55,30,164.00,"4,920.00"
2019-10-21,2019102101002816,RHPL,59,55,30,164.00,"4,920.00"
2019-10-21,2019102101002484,RLFL,43,46,250,113.00,"28,250.00"
2019-10-21,2019102101002483,RLFL,22,46,39,113.00,"4,407.00"
2019-10-21,2019102101002461,RMDC,37,37,13,606.00,"7,878.00"
2019-10-21,2019102101002446,RMDC,37,37,13,606.00,"7,878.00"
2019-10-21,2019102101002430,RMDC,37,37,13,606.00,"7,878.00"
2019-10-21,2019102101002870,RRHP,47,44,10,100.00,"1,000.00"
2019-10-21,2019102101002557,RRHP,47,36,10,100.00,"1,000.00"
2019-10-21,2019102101002800,SABSL,32,32,10,448.00,"4,480.00"
2019-10-21,2019102101002745,SABSL,32,17,10,448.00,"4,480.00"
2019-10-21,2019102101002727,SABSL,32,54,10,448.00,"4,480.00"
2019-10-21,2019102101002648,SABSL,32,47,10,448.00,"4,480.00"
2019-10-21,2019102101002499,SABSL,57,25,10,447.00,"4,470.00"
2019-10-21,2019102101002821,SANIMA,36,49,103,306.00,"31,518.00"
2019-10-21,2019102101002820,SANIMA,6,49,11,306.00,"3,366.00"
2019-10-21,2019102101002819,SANIMA,58,49,100,306.00,"30,600.00"
2019-10-21,2019102101002818,SANIMA,47,47,15,307.00,"4,605.00"
2019-10-21,2019102101002817,SANIMA,47,44,35,307.00,"10,745.00"
2019-10-21,2019102101002621,SANIMA,58,33,400,306.00,"122,400.00"
2019-10-21,2019102101002500,SANIMA,6,44,"3,000",306.00,"918,000.00"
2019-10-21,2019102101002456,SAPDBL,32,21,20,120.00,"2,400.00"
2019-10-21,2019102101002708,SBL,52,52,315,291.00,"91,665.00"
2019-10-21,2019102101002697,SBL,8,52,"1,300",291.00,"378,300.00"
2019-10-21,2019102101002696,SBL,53,52,500,291.00,"145,500.00"
2019-10-21,2019102101002695,SBL,6,52,150,291.00,"43,650.00"
2019-10-21,2019102101002694,SBL,42,52,35,291.00,"10,185.00"
2019-10-21,2019102101002693,SBL,16,52,"1,500",292.00,"438,000.00"
2019-10-21,2019102101002692,SBL,45,52,100,293.00,"29,300.00"
2019-10-21,2019102101002431,SBL,42,52,300,291.00,"87,300.00"
2019-10-21,2019102101002914,SCB,19,35,10,546.00,"5,460.00"
2019-10-21,2019102101002883,SCB,14,57,90,549.00,"49,410.00"
2019-10-21,2019102101002869,SCB,19,42,90,550.00,"49,500.00"
2019-10-21,2019102101002860,SCB,44,39,14,545.00,"7,630.00"
2019-10-21,2019102101002859,SCB,18,39,236,545.00,"128,620.00"
2019-10-21,2019102101002858,SCB,18,35,10,545.00,"5,450.00"
2019-10-21,2019102101002489,SCB,13,39,50,562.00,"28,100.00"
2019-10-21,2019102101002475,SCB,34,39,198,563.00,"111,474.00"
2019-10-21,2019102101002474,SCB,44,39,222,563.00,"124,986.00"
2019-10-21,2019102101002513,SCB,41,58,100,561.00,"56,100.00"
2019-10-21,2019102101002512,SCB,45,58,50,562.00,"28,100.00"
2019-10-21,2019102101002511,SCB,21,58,175,562.00,"98,350.00"
2019-10-21,2019102101002509,SCB,21,8,300,562.00,"168,600.00"
2019-10-21,2019102101002491,SCB,21,39,25,562.00,"14,050.00"
2019-10-21,2019102101002490,SCB,39,39,25,562.00,"14,050.00"
2019-10-21,2019102101002530,SCB,37,26,55,560.00,"30,800.00"
2019-10-21,2019102101002518,SCB,37,58,45,560.00,"25,200.00"
2019-10-21,2019102101002517,SCB,34,58,250,560.00,"140,000.00"
2019-10-21,2019102101002516,SCB,37,58,30,560.00,"16,800.00"
2019-10-21,2019102101002515,SCB,39,58,25,560.00,"14,000.00"
2019-10-21,2019102101002514,SCB,26,58,25,561.00,"14,025.00"
2019-10-21,2019102101002614,SCB,26,11,10,558.00,"5,580.00"
2019-10-21,2019102101002613,SCB,34,11,100,558.00,"55,800.00"
2019-10-21,2019102101002612,SCB,28,11,100,558.00,"55,800.00"
2019-10-21,2019102101002611,SCB,34,11,55,559.00,"30,745.00"
2019-10-21,2019102101002573,SCB,51,48,30,560.00,"16,800.00"
2019-10-21,2019102101002531,SCB,34,26,45,559.00,"25,155.00"
2019-10-21,2019102101002637,SCB,47,58,10,554.00,"5,540.00"
2019-10-21,2019102101002635,SCB,47,28,16,554.00,"8,864.00"
2019-10-21,2019102101002634,SCB,43,28,25,554.00,"13,850.00"
2019-10-21,2019102101002633,SCB,45,28,59,555.00,"32,745.00"
2019-10-21,2019102101002632,SCB,39,28,100,555.00,"55,500.00"
2019-10-21,2019102101002711,SCB,57,22,20,552.00,"11,040.00"
2019-10-21,2019102101002699,SCB,22,28,30,552.00,"16,560.00"
2019-10-21,2019102101002688,SCB,59,28,20,554.00,"11,080.00"
2019-10-21,2019102101002687,SCB,35,28,18,554.00,"9,972.00"
2019-10-21,2019102101002670,SCB,35,34,12,554.00,"6,648.00"
2019-10-21,2019102101002669,SCB,47,34,38,554.00,"21,052.00"
2019-10-21,2019102101002846,SCB,18,57,160,545.00,"87,200.00"
2019-10-21,2019102101002845,SCB,39,57,40,546.00,"21,840.00"
2019-10-21,2019102101002813,SCB,39,35,10,546.00,"5,460.00"
2019-10-21,2019102101002804,SCB,19,42,10,550.00,"5,500.00"
2019-10-21,2019102101002713,SCB,34,22,100,550.00,"55,000.00"
2019-10-21,2019102101002712,SCB,39,22,25,550.00,"13,750.00"
2019-10-21,2019102101002434,SEF,3,32,"2,000",8.90,"17,800.00"
2019-10-21,2019102101002758,SHINE,39,49,500,252.00,"126,000.00"
2019-10-21,2019102101002786,SHIVM,56,6,100,481.00,"48,100.00"
2019-10-21,2019102101002785,SHIVM,39,6,500,481.00,"240,500.00"
2019-10-21,2019102101002784,SHIVM,45,6,200,481.00,"96,200.00"
2019-10-21,2019102101002783,SHIVM,34,6,100,481.00,"48,100.00"
2019-10-21,2019102101002782,SHIVM,7,6,100,481.00,"48,100.00"
2019-10-21,2019102101002720,SHIVM,7,21,400,481.00,"192,400.00"
2019-10-21,2019102101002507,SHIVM,16,38,10,485.00,"4,850.00"
2019-10-21,2019102101002674,SHIVM,58,21,500,483.00,"241,500.00"
2019-10-21,2019102101002673,SHIVM,55,21,160,483.00,"77,280.00"
2019-10-21,2019102101002672,SHIVM,55,21,20,484.00,"9,680.00"
2019-10-21,2019102101002534,SHIVM,55,25,340,483.00,"164,220.00"
2019-10-21,2019102101002533,SHIVM,32,25,150,483.00,"72,450.00"
2019-10-21,2019102101002532,SHIVM,35,25,100,484.00,"48,400.00"
2019-10-21,2019102101002715,SHIVM,36,21,"1,000",482.00,"482,000.00"
2019-10-21,2019102101002704,SHIVM,36,21,"1,000",482.00,"482,000.00"
2019-10-21,2019102101002691,SHIVM,36,21,755,482.00,"363,910.00"
2019-10-21,2019102101002677,SHIVM,36,21,245,482.00,"118,090.00"
2019-10-21,2019102101002676,SHIVM,25,21,25,482.00,"12,050.00"
2019-10-21,2019102101002675,SHIVM,26,21,50,483.00,"24,150.00"
2019-10-21,2019102101002901,SIC,22,6,86,491.00,"42,226.00"
2019-10-21,2019102101002728,SIC,41,39,20,491.00,"9,820.00"
2019-10-21,2019102101002811,SICL,8,56,500,720.00,"360,000.00"
2019-10-21,2019102101002810,SICL,29,56,150,720.00,"108,000.00"
2019-10-21,2019102101002809,SICL,8,56,200,721.00,"144,200.00"
2019-10-21,2019102101002808,SICL,26,56,50,721.00,"36,050.00"
2019-10-21,2019102101002807,SICL,32,56,22,722.00,"15,884.00"
2019-10-21,2019102101002806,SICL,53,56,35,722.00,"25,270.00"
2019-10-21,2019102101002459,SICL,57,21,20,722.00,"14,440.00"
2019-10-21,2019102101002887,SIL,17,44,100,369.00,"36,900.00"
2019-10-21,2019102101002886,SIL,39,44,373,369.00,"137,637.00"
2019-10-21,2019102101002659,SIL,39,54,60,369.00,"22,140.00"
2019-10-21,2019102101002920,SJCL,16,44,20,167.00,"3,340.00"
2019-10-21,2019102101002873,SJCL,41,17,10,166.00,"1,660.00"
2019-10-21,2019102101002824,SJCL,41,17,10,166.00,"1,660.00"
2019-10-21,2019102101002805,SJCL,41,32,10,166.00,"1,660.00"
2019-10-21,2019102101002525,SJCL,29,22,60,168.00,"10,080.00"
2019-10-21,2019102101002455,SJCL,41,44,10,166.00,"1,660.00"
2019-10-21,2019102101002779,SJCL,41,17,10,166.00,"1,660.00"
2019-10-21,2019102101002709,SJCL,41,41,10,166.00,"1,660.00"
2019-10-21,2019102101002650,SJCL,41,39,10,166.00,"1,660.00"
2019-10-21,2019102101002903,SKBBL,14,57,50,914.00,"45,700.00"
2019-10-21,2019102101002729,SLBBL,58,58,10,545.00,"5,450.00"
2019-10-21,2019102101002662,SLBBL,34,52,18,537.00,"9,666.00"
2019-10-21,2019102101002917,SLICL,13,41,16,262.00,"4,192.00"
2019-10-21,2019102101002742,SLICL,29,22,10,267.00,"2,670.00"
2019-10-21,2019102101002476,SMATA,42,52,10,524.00,"5,240.00"
2019-10-21,2019102101002640,SMFBS,35,3,10,780.00,"7,800.00"
2019-10-21,2019102101002435,SPARS,34,34,700,525.00,"367,500.00"
2019-10-21,2019102101002876,SRBL,33,35,50,213.00,"10,650.00"
2019-10-21,2019102101002547,SRBL,35,8,200,212.00,"42,400.00"
2019-10-21,2019102101002789,SWBBL,37,45,50,913.00,"45,650.00"
2019-10-21,2019102101002788,SWBBL,17,45,100,914.00,"91,400.00"
2019-10-21,2019102101002787,SWBBL,28,45,20,915.00,"18,300.00"
2019-10-21,2019102101002493,TMDBL,40,21,56,149.00,"8,344.00"
2019-10-21,2019102101002733,TRH,46,44,100,281.00,"28,100.00"
2019-10-21,2019102101002793,UIC,45,17,10,260.00,"2,600.00"
2019-10-21,2019102101002510,UIC,42,58,15,259.00,"3,885.00"
2019-10-21,2019102101002538,UNHPL,35,44,50,57.00,"2,850.00"
2019-10-21,2019102101002537,UNHPL,35,45,20,57.00,"1,140.00"
2019-10-21,2019102101002539,UPCL,22,55,100,78.00,"7,800.00"
2019-10-21,2019102101002841,UPPER,49,22,650,236.00,"153,400.00"
2019-10-21,2019102101002724,UPPER,41,32,20,235.00,"4,700.00"
2019-10-21,2019102101002701,UPPER,41,41,50,235.00,"11,750.00"
2019-10-21,2019102101002630,UPPER,41,39,40,235.00,"9,400.00"
2019-10-21,2019102101002541,UPPER,41,29,232,235.00,"54,520.00"
2019-10-21,2019102101002540,UPPER,41,29,418,235.00,"98,230.00"
2019-10-21,2019102101002343,ADBL,25,21,20,412.00,"8,240.00"
2019-10-21,2019102101002181,ADBL,44,58,25,413.00,"10,325.00"
2019-10-21,2019102101002132,ADBL,25,21,30,412.00,"12,360.00"
2019-10-21,2019102101002131,ADBL,28,21,40,412.00,"16,480.00"
2019-10-21,2019102101002029,ADBL,41,58,130,413.00,"53,690.00"
2019-10-21,2019102101001945,ADBL,6,19,20,413.00,"8,260.00"
2019-10-21,2019102101001944,ADBL,6,44,848,413.00,"350,224.00"
2019-10-21,2019102101002414,AHPC,8,6,10,95.00,950.00
2019-10-21,2019102101002352,AKBSL,22,44,10,410.00,"4,100.00"
2019-10-21,2019102101002346,AKBSL,43,22,10,409.00,"4,090.00"
2019-10-21,2019102101002305,AKBSL,43,18,10,408.00,"4,080.00"
2019-10-21,2019102101002179,AKBSL,43,26,10,408.00,"4,080.00"
2019-10-21,2019102101002407,AKJCL,56,44,20,53.00,"1,060.00"
2019-10-21,2019102101002022,AKPL,42,8,84,133.00,"11,172.00"
2019-10-21,2019102101002014,AKPL,42,8,84,133.00,"11,172.00"
2019-10-21,2019102101002114,AKPL,42,44,13,133.00,"1,729.00"
2019-10-21,2019102101002422,ALBSL,42,7,100,389.00,"38,900.00"
2019-10-21,2019102101002421,ALBSL,42,58,10,388.00,"3,880.00"
2019-10-21,2019102101002420,ALBSL,42,57,50,388.00,"19,400.00"
2019-10-21,2019102101002419,ALBSL,42,21,10,388.00,"3,880.00"
2019-10-21,2019102101002418,ALBSL,42,21,10,388.00,"3,880.00"
2019-10-21,2019102101002417,ALBSL,42,21,10,388.00,"3,880.00"
2019-10-21,2019102101002058,ALBSL,38,53,10,376.00,"3,760.00"
2019-10-21,2019102101002416,ALBSL,42,21,10,388.00,"3,880.00"
2019-10-21,2019102101002415,ALBSL,42,21,10,388.00,"3,880.00"
2019-10-21,2019102101002412,ALBSL,42,39,100,387.00,"38,700.00"
2019-10-21,2019102101002411,ALBSL,42,45,10,384.00,"3,840.00"
2019-10-21,2019102101002408,ALBSL,42,51,10,380.00,"3,800.00"
2019-10-21,2019102101002350,ALICL,43,21,10,314.00,"3,140.00"
2019-10-21,2019102101002139,ALICL,43,21,25,314.00,"7,850.00"
2019-10-21,2019102101002424,API,21,56,500,108.00,"54,000.00"
2019-10-21,2019102101002402,API,55,56,900,108.00,"97,200.00"
2019-10-21,2019102101002401,API,55,56,100,108.00,"10,800.00"
2019-10-21,2019102101002300,API,26,22,208,107.00,"22,256.00"
2019-10-21,2019102101002295,API,1,56,"1,500",108.00,"162,000.00"
2019-10-21,2019102101002229,API,13,56,"1,000",108.00,"108,000.00"
2019-10-21,2019102101002002,API,45,32,100,108.00,"10,800.00"
2019-10-21,2019102101002001,API,14,32,50,108.00,"5,400.00"
2019-10-21,2019102101002000,API,41,32,600,108.00,"64,800.00"
2019-10-21,2019102101002008,API,41,32,"1,000",108.00,"108,000.00"
2019-10-21,2019102101002007,API,41,32,"2,000",108.00,"216,000.00"
2019-10-21,2019102101002006,API,8,32,500,108.00,"54,000.00"
2019-10-21,2019102101002005,API,25,32,200,108.00,"21,600.00"
2019-10-21,2019102101002004,API,45,32,500,108.00,"54,000.00"
2019-10-21,2019102101002003,API,42,32,100,108.00,"10,800.00"
2019-10-21,2019102101002077,API,17,29,100,108.00,"10,800.00"
2019-10-21,2019102101002013,API,33,32,700,108.00,"75,600.00"
2019-10-21,2019102101002012,API,58,32,50,108.00,"5,400.00"
2019-10-21,2019102101002011,API,34,32,500,108.00,"54,000.00"
2019-10-21,2019102101002010,API,14,32,200,108.00,"21,600.00"
2019-10-21,2019102101002009,API,14,32,100,108.00,"10,800.00"
2019-10-21,2019102101002102,API,41,44,18,107.00,"1,926.00"
2019-10-21,2019102101002096,API,41,32,900,107.00,"96,300.00"
2019-10-21,2019102101002095,API,41,32,100,107.00,"10,700.00"
2019-10-21,2019102101002094,API,8,32,500,107.00,"53,500.00"
2019-10-21,2019102101002093,API,38,32,"1,000",107.00,"107,000.00"
2019-10-21,2019102101002092,API,34,32,500,107.00,"53,500.00"
2019-10-21,2019102101002172,API,39,21,15,109.00,"1,635.00"
2019-10-21,2019102101002127,API,26,32,268,107.00,"28,676.00"
2019-10-21,2019102101002126,API,58,32,50,107.00,"5,350.00"
2019-10-21,2019102101002125,API,41,32,82,107.00,"8,774.00"
2019-10-21,2019102101002124,API,51,32,"2,000",108.00,"216,000.00"
2019-10-21,2019102101002108,API,51,29,400,108.00,"43,200.00"
2019-10-21,2019102101002161,BARUN,13,21,10,87.00,870.00
2019-10-21,2019102101002315,BOKL,44,37,42,227.00,"9,534.00"
2019-10-21,2019102101002311,BOKL,44,37,936,227.00,"212,472.00"
2019-10-21,2019102101002162,BOKL,44,25,64,227.00,"14,528.00"
2019-10-21,2019102101002347,BPCL,33,32,456,359.00,"163,704.00"
2019-10-21,2019102101002325,BPCL,33,44,22,359.00,"7,898.00"
2019-10-21,2019102101002270,BPCL,33,44,22,359.00,"7,898.00"
2019-10-21,2019102101002220,BPCL,45,29,127,358.00,"45,466.00"
2019-10-21,2019102101002066,BPCL,11,53,11,358.00,"3,938.00"
2019-10-21,2019102101002219,BPCL,11,29,73,358.00,"26,134.00"
2019-10-21,2019102101002211,BPCL,11,16,11,358.00,"3,938.00"
2019-10-21,2019102101002110,BPCL,11,16,11,358.00,"3,938.00"
2019-10-21,2019102101002079,BPCL,11,44,22,358.00,"7,876.00"
2019-10-21,2019102101002225,CBBL,44,58,50,964.00,"48,200.00"
2019-10-21,2019102101002116,CBBL,52,58,10,964.00,"9,640.00"
2019-10-21,2019102101001992,CBBL,32,58,25,964.00,"24,100.00"
2019-10-21,2019102101001991,CBBL,44,58,29,964.00,"27,956.00"
2019-10-21,2019102101001986,CBBL,44,50,12,964.00,"11,568.00"
2019-10-21,2019102101002097,CBL,34,14,223,141.00,"31,443.00"
2019-10-21,2019102101002081,CBL,11,39,100,142.00,"14,200.00"
2019-10-21,2019102101001972,CBL,26,39,10,142.00,"1,420.00"
2019-10-21,2019102101001960,CBL,26,39,10,142.00,"1,420.00"
2019-10-21,2019102101002357,CCBL,52,21,15,153.00,"2,295.00"
2019-10-21,2019102101002330,CCBL,52,45,90,153.00,"13,770.00"
2019-10-21,2019102101002328,CCBL,45,14,90,154.00,"13,860.00"
2019-10-21,2019102101002204,CCBL,52,35,13,153.00,"1,989.00"
2019-10-21,2019102101002203,CCBL,10,35,287,153.00,"43,911.00"
2019-10-21,2019102101002192,CCBL,10,22,190,153.00,"29,070.00"
2019-10-21,2019102101002170,CCBL,10,21,115,153.00,"17,595.00"
2019-10-21,2019102101002089,CCBL,10,1,185,153.00,"28,305.00"
2019-10-21,2019102101002080,CCBL,10,44,61,153.00,"9,333.00"
2019-10-21,2019102101001952,CCBL,10,44,99,153.00,"15,147.00"
2019-10-21,2019102101002360,CHCL,11,21,40,418.00,"16,720.00"
2019-10-21,2019102101002144,CHCL,11,37,203,418.00,"84,854.00"
2019-10-21,2019102101002109,CHCL,11,1,16,418.00,"6,688.00"
2019-10-21,2019102101002024,CHCL,11,35,107,418.00,"44,726.00"
2019-10-21,2019102101002018,CHCL,45,35,10,419.00,"4,190.00"
2019-10-21,2019102101002017,CHCL,37,35,105,419.00,"43,995.00"
2019-10-21,2019102101002321,CLBSL,45,45,10,467.00,"4,670.00"
2019-10-21,2019102101002367,CZBIL,42,21,20,192.00,"3,840.00"
2019-10-21,2019102101002289,CZBIL,42,25,21,192.00,"4,032.00"
2019-10-21,2019102101002083,CZBIL,55,44,10,192.00,"1,920.00"
2019-10-21,2019102101002082,CZBIL,55,57,33,192.00,"6,336.00"
2019-10-21,2019102101002303,DBBL,34,58,50,125.00,"6,250.00"
2019-10-21,2019102101002193,DBBL,32,32,"3,621",125.00,"452,625.00"
2019-10-21,2019102101001942,DBBL,39,32,500,125.00,"62,500.00"
2019-10-21,2019102101002399,EBL,49,44,50,547.00,"27,350.00"
2019-10-21,2019102101002372,EBL,56,34,200,545.00,"109,000.00"
2019-10-21,2019102101002366,EBL,56,35,10,545.00,"5,450.00"
2019-10-21,2019102101002365,EBL,44,35,54,546.00,"29,484.00"
2019-10-21,2019102101002313,EBL,44,44,446,546.00,"243,516.00"
2019-10-21,2019102101002236,EBL,43,44,100,546.00,"54,600.00"
2019-10-21,2019102101002235,EBL,26,44,84,546.00,"45,864.00"
2019-10-21,2019102101002228,EBL,26,35,21,546.00,"11,466.00"
2019-10-21,2019102101002062,EBL,50,57,110,547.00,"60,170.00"
2019-10-21,2019102101002039,EBL,51,57,50,547.00,"27,350.00"
2019-10-21,2019102101001990,EBL,37,57,10,547.00,"5,470.00"
2019-10-21,2019102101002262,EBL,56,29,50,545.00,"27,250.00"
2019-10-21,2019102101002240,EBL,52,44,50,546.00,"27,300.00"
2019-10-21,2019102101002239,EBL,32,44,20,546.00,"10,920.00"
2019-10-21,2019102101002238,EBL,52,44,100,546.00,"54,600.00"
2019-10-21,2019102101002237,EBL,26,44,200,546.00,"109,200.00"
2019-10-21,2019102101002101,EIC,22,38,30,222.00,"6,660.00"
2019-10-21,2019102101002100,EIC,7,38,80,222.00,"17,760.00"
2019-10-21,2019102101002099,EIC,38,38,80,223.00,"17,840.00"
2019-10-21,2019102101002122,FMDBL,57,57,172,311.00,"53,492.00"
2019-10-21,2019102101001968,FMDBL,53,51,50,310.00,"15,500.00"
2019-10-21,2019102101001967,FMDBL,35,51,32,310.00,"9,920.00"
2019-10-21,2019102101001966,FMDBL,46,51,100,310.00,"31,000.00"
2019-10-21,2019102101001965,FMDBL,26,51,50,310.00,"15,500.00"
2019-10-21,2019102101001964,FMDBL,41,51,127,310.00,"39,370.00"
2019-10-21,2019102101001963,FMDBL,34,51,30,310.00,"9,300.00"
2019-10-21,2019102101001962,FMDBL,53,51,100,311.00,"31,100.00"
2019-10-21,2019102101001961,FMDBL,51,51,50,311.00,"15,550.00"
2019-10-21,2019102101002268,FOWAD,19,54,10,"1,285.00","12,850.00"
2019-10-21,2019102101002425,GBBL,40,39,58,213.00,"12,354.00"
2019-10-21,2019102101002348,GBLBS,45,45,5,309.00,"1,545.00"
2019-10-21,2019102101002216,GBLBS,59,16,5,309.00,"1,545.00"
2019-10-21,2019102101002215,GBLBS,39,16,10,309.00,"3,090.00"
2019-10-21,2019102101002177,GBLBS,59,16,15,309.00,"4,635.00"
2019-10-21,2019102101002254,GFCL,1,17,20,133.00,"2,660.00"
2019-10-21,2019102101002242,GFCL,21,17,30,134.00,"4,020.00"
2019-10-21,2019102101002212,GLBSL,45,22,15,415.00,"6,225.00"
2019-10-21,2019102101002174,GLBSL,45,45,50,415.00,"20,750.00"
2019-10-21,2019102101002173,GLBSL,55,45,10,415.00,"4,150.00"
2019-10-21,2019102101002406,GRDBL,40,57,450,104.00,"46,800.00"
2019-10-21,2019102101002405,GRDBL,40,44,50,104.00,"5,200.00"
2019-10-21,2019102101002404,GRDBL,40,45,30,104.00,"3,120.00"
2019-10-21,2019102101002376,HBL,44,21,205,485.00,"99,425.00"
2019-10-21,2019102101002375,HBL,1,21,50,485.00,"24,250.00"
2019-10-21,2019102101002374,HBL,50,21,100,485.00,"48,500.00"
2019-10-21,2019102101002373,HBL,39,21,35,485.00,"16,975.00"
2019-10-21,2019102101002297,HDL,19,39,30,"1,435.00","43,050.00"
2019-10-21,2019102101002296,HDL,43,39,50,"1,435.00","71,750.00"
2019-10-21,2019102101002104,HIDCL,54,14,28,137.00,"3,836.00"
2019-10-21,2019102101001979,HIDCL,54,57,61,137.00,"8,357.00"
2019-10-21,2019102101002155,HPPL,45,44,10,139.00,"1,390.00"
2019-10-21,2019102101002141,HPPL,52,44,40,140.00,"5,600.00"
2019-10-21,2019102101002129,HPPL,52,47,10,140.00,"1,400.00"
2019-10-21,2019102101002070,HPPL,52,26,10,140.00,"1,400.00"
2019-10-21,2019102101001989,HPPL,52,51,10,140.00,"1,400.00"
2019-10-21,2019102101002046,HURJA,35,42,20,105.00,"2,100.00"
2019-10-21,2019102101002045,HURJA,35,58,50,105.00,"5,250.00"
2019-10-21,2019102101002016,HURJA,37,51,20,103.00,"2,060.00"
2019-10-21,2019102101001983,ICFC,28,33,500,160.00,"80,000.00"
2019-10-21,2019102101002341,ILBS,22,22,10,417.00,"4,170.00"
2019-10-21,2019102101002178,ILBS,18,22,10,415.00,"4,150.00"
2019-10-21,2019102101002171,ILBS,18,26,10,415.00,"4,150.00"
2019-10-21,2019102101002078,JBBL,35,32,"1,296",156.00,"202,176.00"
2019-10-21,2019102101002398,KBL,58,21,30,181.00,"5,430.00"
2019-10-21,2019102101002197,KBL,58,21,260,181.00,"47,060.00"
2019-10-21,2019102101002119,KKHC,25,44,16,59.00,944.00
2019-10-21,2019102101002209,KRBL,1,22,100,103.00,"10,300.00"
2019-10-21,2019102101002371,KSBBL,39,59,270,143.00,"38,610.00"
2019-10-21,2019102101002338,KSBBL,39,42,50,143.00,"7,150.00"
2019-10-21,2019102101002337,KSBBL,39,47,"1,000",143.00,"143,000.00"
2019-10-21,2019102101002336,KSBBL,39,59,331,143.00,"47,333.00"
2019-10-21,2019102101002368,LBBL,5,4,150,173.00,"25,950.00"
2019-10-21,2019102101002269,LBL,19,47,107,214.00,"22,898.00"
2019-10-21,2019102101002167,LBL,42,42,40,213.00,"8,520.00"
2019-10-21,2019102101002166,LBL,11,42,10,214.00,"2,140.00"
2019-10-21,2019102101002281,LICN,10,21,25,980.00,"24,500.00"
2019-10-21,2019102101001996,LICN,14,50,30,983.00,"29,490.00"
2019-10-21,2019102101002403,MBL,14,21,150,222.00,"33,300.00"
2019-10-21,2019102101002284,MBL,14,21,"1,000",222.00,"222,000.00"
2019-10-21,2019102101002086,MBL,57,5,18,224.00,"4,032.00"
2019-10-21,2019102101002234,MDB,54,3,34,249.00,"8,466.00"
2019-10-21,2019102101002409,MEGA,35,21,10,194.00,"1,940.00"
2019-10-21,2019102101002391,MEGA,35,33,10,194.00,"1,940.00"
2019-10-21,2019102101002390,MEGA,56,33,10,194.00,"1,940.00"
2019-10-21,2019102101002389,MEGA,35,33,50,194.00,"9,700.00"
2019-10-21,2019102101002388,MEGA,28,33,"1,000",194.00,"194,000.00"
2019-10-21,2019102101002387,MEGA,19,33,700,194.00,"135,800.00"
2019-10-21,2019102101002113,MEGA,32,14,93,194.00,"18,042.00"
2019-10-21,2019102101002088,MEGA,32,47,452,194.00,"87,688.00"
2019-10-21,2019102101002202,MEGA,53,22,405,194.00,"78,570.00"
2019-10-21,2019102101002201,MEGA,32,22,395,194.00,"76,630.00"
2019-10-21,2019102101002291,MEGA,53,21,65,194.00,"12,610.00"
2019-10-21,2019102101002386,MEGA,44,33,200,194.00,"38,800.00"
2019-10-21,2019102101002385,MEGA,8,33,500,194.00,"97,000.00"
2019-10-21,2019102101002384,MEGA,28,33,500,194.00,"97,000.00"
2019-10-21,2019102101002383,MEGA,14,33,500,194.00,"97,000.00"
2019-10-21,2019102101002382,MEGA,53,33,30,194.00,"5,820.00"
2019-10-21,2019102101002344,MERO,39,49,33,548.00,"18,084.00"
2019-10-21,2019102101002256,MERO,29,49,100,549.00,"54,900.00"
2019-10-21,2019102101002255,MLBBL,48,21,10,430.00,"4,300.00"
2019-10-21,2019102101002312,MLBL,4,56,81,214.00,"17,334.00"
2019-10-21,2019102101002048,MLBL,4,54,919,214.00,"196,666.00"
2019-10-21,2019102101002047,MLBL,4,54,81,214.00,"17,334.00"
2019-10-21,2019102101001985,MLBL,4,54,"1,919",214.00,"410,666.00"
2019-10-21,2019102101001984,MLBL,4,54,81,214.00,"17,334.00"
2019-10-21,2019102101002319,MNBBL,10,44,"1,500",308.00,"462,000.00"
2019-10-21,2019102101002279,MNBBL,10,44,500,308.00,"154,000.00"
2019-10-21,2019102101002278,MNBBL,28,44,500,308.00,"154,000.00"
2019-10-21,2019102101002277,MNBBL,49,44,100,308.00,"30,800.00"
2019-10-21,2019102101002276,MNBBL,10,44,620,308.00,"190,960.00"
2019-10-21,2019102101002413,NABIL,54,21,20,757.00,"15,140.00"
2019-10-21,2019102101002207,NABIL,43,6,200,759.00,"151,800.00"
2019-10-21,2019102101001941,NABIL,43,37,262,756.00,"198,072.00"
2019-10-21,2019102101001931,NABIL,43,49,50,756.00,"37,800.00"
2019-10-21,2019102101001929,NABIL,43,47,91,756.00,"68,796.00"
2019-10-21,2019102101001928,NABIL,42,47,10,757.00,"7,570.00"
2019-10-21,2019102101002249,NADEP,58,57,20,398.00,"7,960.00"
2019-10-21,2019102101002248,NADEP,58,19,20,397.00,"7,940.00"
2019-10-21,2019102101002247,NADEP,58,47,20,396.00,"7,920.00"
2019-10-21,2019102101002301,NBB,13,21,60,210.00,"12,600.00"
2019-10-21,2019102101002223,NBB,13,44,45,210.00,"9,450.00"
2019-10-21,2019102101002370,NBL,34,10,331,316.00,"104,596.00"
2019-10-21,2019102101002369,NBL,39,10,669,316.00,"211,404.00"
2019-10-21,2019102101002364,NBL,41,25,100,317.00,"31,700.00"
2019-10-21,2019102101002363,NBL,41,43,500,317.00,"158,500.00"
2019-10-21,2019102101002362,NBL,41,50,"1,320",317.00,"418,440.00"
2019-10-21,2019102101002359,NBL,41,50,"1,000",317.00,"317,000.00"
2019-10-21,2019102101002098,NBL,39,57,250,316.00,"79,000.00"
2019-10-21,2019102101002021,NBL,39,4,"1,000",316.00,"316,000.00"
2019-10-21,2019102101002358,NBL,41,19,"1,000",317.00,"317,000.00"
2019-10-21,2019102101002351,NBL,39,59,75,316.00,"23,700.00"
2019-10-21,2019102101002342,NBL,39,45,"1,000",316.00,"316,000.00"
2019-10-21,2019102101002299,NBL,39,44,216,316.00,"68,256.00"
2019-10-21,2019102101002298,NBL,39,44,284,316.00,"89,744.00"
2019-10-21,2019102101002154,NBL,39,41,315,316.00,"99,540.00"
2019-10-21,2019102101002340,NCCB,58,3,10,200.00,"2,000.00"
2019-10-21,2019102101002332,NCCB,5,55,200,199.00,"39,800.00"
2019-10-21,2019102101002331,NCCB,5,10,600,199.00,"119,400.00"
2019-10-21,2019102101002272,NCCB,58,26,10,199.00,"1,990.00"
2019-10-21,2019102101002221,NCCB,44,21,115,198.00,"22,770.00"
2019-10-21,2019102101002087,NCCB,58,21,517,198.00,"102,366.00"
2019-10-21,2019102101002036,NCCB,17,3,91,197.00,"17,927.00"
2019-10-21,2019102101002224,NGPL,39,21,10,98.00,980.00
2019-10-21,2019102101002121,NGPL,39,44,11,98.00,"1,078.00"
2019-10-21,2019102101002307,NHPC,41,44,10,52.00,520.00
2019-10-21,2019102101002306,NHPC,56,44,490,52.00,"25,480.00"
2019-10-21,2019102101002140,NHPC,56,47,10,52.00,520.00
2019-10-21,2019102101002400,NIB,56,32,22,445.00,"9,790.00"
2019-10-21,2019102101002232,NIB,16,32,22,445.00,"9,790.00"
2019-10-21,2019102101001950,NIB,51,57,28,443.00,"12,404.00"
2019-10-21,2019102101001926,NIB,34,49,50,443.00,"22,150.00"
2019-10-21,2019102101002194,NIBPO,14,49,500,409.00,"204,500.00"
2019-10-21,2019102101002073,NIBPO,14,52,500,409.00,"204,500.00"
2019-10-21,2019102101002072,NIBPO,14,49,"1,500",409.00,"613,500.00"
2019-10-21,2019102101002071,NIBPO,14,49,300,409.00,"122,700.00"
2019-10-21,2019102101002076,NICA,11,29,103,383.00,"39,449.00"
2019-10-21,2019102101002075,NICA,45,29,397,384.00,"152,448.00"
2019-10-21,2019102101002027,NICA,45,54,103,384.00,"39,552.00"
2019-10-21,2019102101002026,NICA,1,54,324,384.00,"124,416.00"
2019-10-21,2019102101001978,NICA,1,5,295,384.00,"113,280.00"
2019-10-21,2019102101001938,NICA,1,57,100,384.00,"38,400.00"
2019-10-21,2019102101001934,NICA,1,47,220,384.00,"84,480.00"
2019-10-21,2019102101002160,NICL,29,45,84,260.00,"21,840.00"
2019-10-21,2019102101002159,NICL,33,45,10,260.00,"2,600.00"
2019-10-21,2019102101002260,NIL,51,29,56,357.00,"19,992.00"
2019-10-21,2019102101002243,NLG,11,11,2,549.00,"1,098.00"
2019-10-21,2019102101002227,NLG,11,11,2,549.00,"1,098.00"
2019-10-21,2019102101002218,NLG,11,11,2,549.00,"1,098.00"
2019-10-21,2019102101002189,NLG,11,11,2,549.00,"1,098.00"
2019-10-21,2019102101002257,NLIC,4,21,90,776.00,"69,840.00"
2019-10-21,2019102101002246,NLIC,4,49,500,777.00,"388,500.00"
2019-10-21,2019102101002115,NLIC,4,47,22,776.00,"17,072.00"
2019-10-21,2019102101001954,NLIC,4,57,22,776.00,"17,072.00"
2019-10-21,2019102101001936,NLIC,4,49,70,776.00,"54,320.00"
2019-10-21,2019102101001935,NLIC,4,49,380,776.00,"294,880.00"
2019-10-21,2019102101002074,NMBMF,28,58,243,"1,076.00","261,468.00"
2019-10-21,2019102101002059,NMBMF,50,43,20,"1,077.00","21,540.00"
2019-10-21,2019102101002031,NMBMF,28,40,10,"1,078.00","10,780.00"
2019-10-21,2019102101002020,NMBMF,5,40,40,"1,078.00","43,120.00"
2019-10-21,2019102101002266,NTC,54,41,110,618.00,"67,980.00"
2019-10-21,2019102101001982,NTC,13,19,500,620.00,"310,000.00"
2019-10-21,2019102101001981,NTC,44,19,180,620.00,"111,600.00"
2019-10-21,2019102101001940,NTC,44,47,20,620.00,"12,400.00"
2019-10-21,2019102101001939,NTC,41,47,30,620.00,"18,600.00"
2019-10-21,2019102101002264,NUBL,34,21,400,859.00,"343,600.00"
2019-10-21,2019102101002263,NUBL,6,21,100,860.00,"86,000.00"
2019-10-21,2019102101002290,PCBL,57,35,36,265.00,"9,540.00"
2019-10-21,2019102101001943,PCBL,57,47,464,265.00,"122,960.00"
2019-10-21,2019102101002182,PIC,43,50,134,364.00,"48,776.00"
2019-10-21,2019102101002175,PIC,6,44,11,363.00,"3,993.00"
2019-10-21,2019102101001980,PIC,58,50,30,364.00,"10,920.00"
2019-10-21,2019102101001933,PLIC,35,21,20,313.00,"6,260.00"
2019-10-21,2019102101001932,PLIC,43,21,30,313.00,"9,390.00"
2019-10-21,2019102101002308,PPCL,21,22,20,93.00,"1,860.00"
2019-10-21,2019102101002271,PRIN,41,29,96,310.00,"29,760.00"
2019-10-21,2019102101002316,PROFL,56,32,10,97.00,970.00
2019-10-21,2019102101002339,PRVU,55,17,960,264.00,"253,440.00"
2019-10-21,2019102101002318,PRVU,35,29,29,263.00,"7,627.00"
2019-10-21,2019102101002317,PRVU,34,29,371,263.00,"97,573.00"
2019-10-21,2019102101002310,PRVU,49,17,40,264.00,"10,560.00"
2019-10-21,2019102101002309,PRVU,49,17,960,264.00,"253,440.00"
2019-10-21,2019102101002304,PRVU,34,21,10,263.00,"2,630.00"
2019-10-21,2019102101001951,PRVU,45,50,50,265.00,"13,250.00"
2019-10-21,2019102101001949,PRVU,38,47,432,264.00,"114,048.00"
2019-10-21,2019102101001948,PRVU,35,47,45,264.00,"11,880.00"
2019-10-21,2019102101001947,PRVU,46,47,63,264.00,"16,632.00"
2019-10-21,2019102101001937,PRVU,46,21,10,264.00,"2,640.00"
2019-10-21,2019102101002153,PRVU,25,17,500,264.00,"132,000.00"
2019-10-21,2019102101002152,PRVU,56,17,13,264.00,"3,432.00"
2019-10-21,2019102101002151,PRVU,38,17,"1,800",264.00,"475,200.00"
2019-10-21,2019102101002150,PRVU,22,17,50,264.00,"13,200.00"
2019-10-21,2019102101002149,PRVU,38,17,"1,368",264.00,"361,152.00"
2019-10-21,2019102101002107,PRVU,17,50,100,265.00,"26,500.00"
2019-10-21,2019102101002200,PRVU,44,17,"1,000",264.00,"264,000.00"
2019-10-21,2019102101002195,PRVU,34,17,"1,500",263.00,"394,500.00"
2019-10-21,2019102101002187,PRVU,34,17,119,263.00,"31,297.00"
2019-10-21,2019102101002186,PRVU,10,17,500,263.00,"131,500.00"
2019-10-21,2019102101002185,PRVU,32,17,250,263.00,"65,750.00"
2019-10-21,2019102101002184,PRVU,34,17,400,263.00,"105,200.00"
2019-10-21,2019102101002288,PRVU,33,17,40,264.00,"10,560.00"
2019-10-21,2019102101002287,PRVU,33,28,200,264.00,"52,800.00"
2019-10-21,2019102101002286,PRVU,33,17,260,264.00,"68,640.00"
2019-10-21,2019102101002253,PRVU,39,17,20,264.00,"5,280.00"
2019-10-21,2019102101002230,PRVU,45,17,200,264.00,"52,800.00"
2019-10-21,2019102101002208,PRVU,35,17,20,264.00,"5,280.00"
2019-10-21,2019102101002381,RADHI,19,47,12,134.00,"1,608.00"
2019-10-21,2019102101002380,RADHI,19,26,11,134.00,"1,474.00"
2019-10-21,2019102101002379,RADHI,19,26,12,134.00,"1,608.00"
2019-10-21,2019102101002378,RADHI,19,16,12,134.00,"1,608.00"
2019-10-21,2019102101002302,RADHI,22,10,11,132.00,"1,452.00"
2019-10-21,2019102101002250,RADHI,22,53,10,134.00,"1,340.00"
2019-10-21,2019102101002135,RHPC,47,44,14,76.00,"1,064.00"
2019-10-21,2019102101002085,RHPC,47,26,18,76.00,"1,368.00"
2019-10-21,2019102101002049,RHPC,47,37,19,76.00,"1,444.00"
2019-10-21,2019102101002040,RHPC,47,37,19,76.00,"1,444.00"
2019-10-21,2019102101002037,RHPC,47,37,19,76.00,"1,444.00"
2019-10-21,2019102101002033,RHPC,47,37,19,76.00,"1,444.00"
2019-10-21,2019102101002025,RHPC,47,37,19,76.00,"1,444.00"
2019-10-21,2019102101002015,RHPC,47,37,19,76.00,"1,444.00"
2019-10-21,2019102101001999,RHPC,47,37,19,76.00,"1,444.00"
2019-10-21,2019102101002353,RHPL,16,49,30,165.00,"4,950.00"
2019-10-21,2019102101002326,RHPL,22,22,40,165.00,"6,600.00"
2019-10-21,2019102101002275,RHPL,39,49,20,166.00,"3,320.00"
2019-10-21,2019102101002274,RHPL,39,42,10,166.00,"1,660.00"
2019-10-21,2019102101002273,RHPL,39,42,10,166.00,"1,660.00"
2019-10-21,2019102101002259,RHPL,19,44,40,164.00,"6,560.00"
2019-10-21,2019102101001953,RHPL,19,47,50,164.00,"8,200.00"
2019-10-21,2019102101002042,RHPL,39,45,40,165.00,"6,600.00"
2019-10-21,2019102101002041,RHPL,19,44,20,164.00,"3,280.00"
2019-10-21,2019102101002038,RHPL,19,28,40,164.00,"6,560.00"
2019-10-21,2019102101002034,RHPL,39,41,40,165.00,"6,600.00"
2019-10-21,2019102101002019,RHPL,19,39,40,164.00,"6,560.00"
2019-10-21,2019102101001993,RHPL,19,44,20,164.00,"3,280.00"
2019-10-21,2019102101002055,RHPL,40,28,40,165.00,"6,600.00"
2019-10-21,2019102101002054,RHPL,40,43,30,165.00,"4,950.00"
2019-10-21,2019102101002053,RHPL,40,8,50,165.00,"8,250.00"
2019-10-21,2019102101002052,RHPL,40,8,50,165.00,"8,250.00"
2019-10-21,2019102101002051,RHPL,40,32,40,165.00,"6,600.00"
2019-10-21,2019102101002044,RHPL,19,28,40,164.00,"6,560.00"
2019-10-21,2019102101002130,RHPL,19,44,30,164.00,"4,920.00"
2019-10-21,2019102101002128,RHPL,19,44,40,164.00,"6,560.00"
2019-10-21,2019102101002123,RHPL,19,39,40,164.00,"6,560.00"
2019-10-21,2019102101002111,RHPL,19,44,40,164.00,"6,560.00"
2019-10-21,2019102101002103,RHPL,19,29,10,164.00,"1,640.00"
2019-10-21,2019102101002061,RHPL,19,28,40,164.00,"6,560.00"
2019-10-21,2019102101002196,RHPL,19,44,40,164.00,"6,560.00"
2019-10-21,2019102101002183,RHPL,19,26,20,164.00,"3,280.00"
2019-10-21,2019102101002176,RHPL,19,16,10,164.00,"1,640.00"
2019-10-21,2019102101002156,RHPL,19,44,40,164.00,"6,560.00"
2019-10-21,2019102101002146,RHPL,39,28,40,165.00,"6,600.00"
2019-10-21,2019102101002142,RHPL,19,44,40,164.00,"6,560.00"
2019-10-21,2019102101002245,RHPL,34,39,40,165.00,"6,600.00"
2019-10-21,2019102101002244,RHPL,34,28,50,165.00,"8,250.00"
2019-10-21,2019102101002226,RHPL,19,16,10,164.00,"1,640.00"
2019-10-21,2019102101002222,RHPL,19,39,40,164.00,"6,560.00"
2019-10-21,2019102101002217,RHPL,39,28,40,165.00,"6,600.00"
2019-10-21,2019102101002205,RHPL,19,44,20,164.00,"3,280.00"
2019-10-21,2019102101002349,RMDC,37,37,50,606.00,"30,300.00"
2019-10-21,2019102101002345,RMDC,37,37,50,606.00,"30,300.00"
2019-10-21,2019102101002320,RMDC,37,37,50,606.00,"30,300.00"
2019-10-21,2019102101002294,RRHP,47,44,10,100.00,"1,000.00"
2019-10-21,2019102101002210,RRHP,39,39,10,101.00,"1,010.00"
2019-10-21,2019102101002090,RRHP,47,26,10,100.00,"1,000.00"
2019-10-21,2019102101002050,RRHP,39,7,10,101.00,"1,010.00"
2019-10-21,2019102101002023,RRHP,47,39,10,100.00,"1,000.00"
2019-10-21,2019102101002361,SABSL,57,58,10,447.00,"4,470.00"
2019-10-21,2019102101002180,SABSL,57,22,10,447.00,"4,470.00"
2019-10-21,2019102101002105,SABSL,57,37,10,447.00,"4,470.00"
2019-10-21,2019102101002084,SABSL,57,37,10,447.00,"4,470.00"
2019-10-21,2019102101002134,SADBL,17,14,10,136.00,"1,360.00"
2019-10-21,2019102101002133,SADBL,36,14,220,136.00,"29,920.00"
2019-10-21,2019102101002377,SANIMA,52,45,150,305.00,"45,750.00"
2019-10-21,2019102101002241,SANIMA,38,28,120,306.00,"36,720.00"
2019-10-21,2019102101002214,SANIMA,38,36,238,306.00,"72,828.00"
2019-10-21,2019102101002169,SANIMA,35,44,88,308.00,"27,104.00"
2019-10-21,2019102101002069,SANIMA,54,29,97,305.00,"29,585.00"
2019-10-21,2019102101002068,SANIMA,45,29,400,305.00,"122,000.00"
2019-10-21,2019102101002067,SANIMA,41,29,83,305.00,"25,315.00"
2019-10-21,2019102101002032,SANIMA,54,6,10,310.00,"3,100.00"
2019-10-21,2019102101001969,SANIMA,54,36,10,316.00,"3,160.00"
2019-10-21,2019102101002293,SAPDBL,32,49,353,120.00,"42,360.00"
2019-10-21,2019102101002292,SAPDBL,16,49,"1,327",120.00,"159,240.00"
2019-10-21,2019102101002143,SAPDBL,16,17,276,120.00,"33,120.00"
2019-10-21,2019102101002137,SAPDBL,16,17,77,120.00,"9,240.00"
2019-10-21,2019102101002136,SAPDBL,32,17,199,120.00,"23,880.00"
2019-10-21,2019102101002120,SAPDBL,32,17,276,120.00,"33,120.00"
2019-10-21,2019102101001946,SAPDBL,32,21,25,120.00,"3,000.00"
2019-10-21,2019102101002261,SBL,42,21,15,291.00,"4,365.00"
2019-10-21,2019102101002163,SBL,51,26,52,293.00,"15,236.00"
2019-10-21,2019102101002030,SBL,51,47,48,293.00,"14,064.00"
2019-10-21,2019102101001970,SBL,40,47,52,293.00,"15,236.00"
2019-10-21,2019102101002356,SCB,44,49,78,563.00,"43,914.00"
2019-10-21,2019102101002355,SCB,44,49,20,563.00,"11,260.00"
2019-10-21,2019102101002335,SCB,44,35,10,563.00,"5,630.00"
2019-10-21,2019102101002334,SCB,51,35,25,564.00,"14,100.00"
2019-10-21,2019102101002333,SCB,51,35,95,564.00,"53,580.00"
2019-10-21,2019102101002285,SCB,51,38,30,564.00,"16,920.00"
2019-10-21,2019102101002282,SCB,51,32,20,564.00,"11,280.00"
2019-10-21,2019102101002035,SCB,51,34,60,565.00,"33,900.00"
2019-10-21,2019102101002314,SHINE,39,26,"1,321",252.00,"332,892.00"
2019-10-21,2019102101002280,SHINE,22,26,56,252.00,"14,112.00"
2019-10-21,2019102101002283,SHIVM,32,44,50,483.00,"24,150.00"
2019-10-21,2019102101001998,SHIVM,25,45,50,482.00,"24,100.00"
2019-10-21,2019102101001927,SHIVM,58,43,150,483.00,"72,450.00"
2019-10-21,2019102101002164,SHL,6,42,150,207.00,"31,050.00"
2019-10-21,2019102101002112,SHL,6,32,300,207.00,"62,100.00"
2019-10-21,2019102101002065,SIC,35,38,10,500.00,"5,000.00"
2019-10-21,2019102101002064,SIC,35,7,23,499.00,"11,477.00"
2019-10-21,2019102101002063,SIC,35,41,20,495.00,"9,900.00"
2019-10-21,2019102101001957,SIC,37,21,94,491.00,"46,154.00"
2019-10-21,2019102101001956,SIC,39,21,50,491.00,"24,550.00"
2019-10-21,2019102101001955,SIC,39,21,30,501.00,"15,030.00"
2019-10-21,2019102101002354,SICL,53,21,25,722.00,"18,050.00"
2019-10-21,2019102101001971,SICL,4,57,28,722.00,"20,216.00"
2019-10-21,2019102101002410,SIL,39,48,110,369.00,"40,590.00"
2019-10-21,2019102101002145,SIL,39,44,100,369.00,"36,900.00"
2019-10-21,2019102101001995,SIL,39,38,133,369.00,"49,077.00"
2019-10-21,2019102101001994,SIL,34,38,29,370.00,"10,730.00"
2019-10-21,2019102101001988,SIL,34,38,71,370.00,"26,270.00"
2019-10-21,2019102101001987,SIL,40,38,10,371.00,"3,710.00"
2019-10-21,2019102101002028,SJCL,56,39,20,166.00,"3,320.00"
2019-10-21,2019102101001997,SJCL,56,44,10,166.00,"1,660.00"
2019-10-21,2019102101001977,SJCL,56,47,20,166.00,"3,320.00"
2019-10-21,2019102101002106,SJCL,39,29,10,167.00,"1,670.00"
2019-10-21,2019102101002057,SJCL,11,41,20,167.00,"3,340.00"
2019-10-21,2019102101002056,SJCL,11,26,180,167.00,"30,060.00"
2019-10-21,2019102101002043,SJCL,56,44,10,166.00,"1,660.00"
2019-10-21,2019102101002158,SJCL,38,44,20,166.00,"3,320.00"
2019-10-21,2019102101002148,SJCL,39,39,20,167.00,"3,340.00"
2019-10-21,2019102101002147,SJCL,38,44,10,166.00,"1,660.00"
2019-10-21,2019102101002138,SJCL,38,44,20,166.00,"3,320.00"
2019-10-21,2019102101002118,SJCL,38,44,10,166.00,"1,660.00"
2019-10-21,2019102101002117,SJCL,39,44,10,167.00,"1,670.00"
2019-10-21,2019102101002191,SJCL,41,26,10,166.00,"1,660.00"
2019-10-21,2019102101002190,SJCL,38,26,10,166.00,"1,660.00"
2019-10-21,2019102101002188,SJCL,38,44,20,166.00,"3,320.00"
2019-10-21,2019102101002168,SJCL,38,16,10,166.00,"1,660.00"
2019-10-21,2019102101002265,SJCL,41,44,20,166.00,"3,320.00"
2019-10-21,2019102101002258,SJCL,39,39,20,167.00,"3,340.00"
2019-10-21,2019102101002231,SJCL,41,16,10,166.00,"1,660.00"
2019-10-21,2019102101002213,SJCL,41,44,10,166.00,"1,660.00"
2019-10-21,2019102101002206,SJCL,39,39,20,167.00,"3,340.00"
2019-10-21,2019102101002329,SJCL,22,22,20,167.00,"3,340.00"
2019-10-21,2019102101001930,SMFBS,35,37,10,780.00,"7,800.00"
2019-10-21,2019102101002324,SPARS,45,45,10,524.00,"5,240.00"
2019-10-21,2019102101002423,SRBL,56,35,50,213.00,"10,650.00"
2019-10-21,2019102101002397,SRBL,51,4,328,209.00,"68,552.00"
2019-10-21,2019102101002396,SRBL,53,4,231,209.00,"48,279.00"
2019-10-21,2019102101002395,SRBL,48,4,100,209.00,"20,900.00"
2019-10-21,2019102101002394,SRBL,58,4,300,209.00,"62,700.00"
2019-10-21,2019102101002393,SRBL,28,4,500,210.00,"105,000.00"
2019-10-21,2019102101002392,SRBL,35,4,50,212.00,"10,600.00"
2019-10-21,2019102101002323,TRH,36,4,30,284.00,"8,520.00"
2019-10-21,2019102101002322,TRH,36,4,30,284.00,"8,520.00"
2019-10-21,2019102101001959,UPCL,39,41,30,77.00,"2,310.00"
2019-10-21,2019102101001958,UPCL,33,41,20,77.00,"1,540.00"
2019-10-21,2019102101002327,UPPER,41,39,50,235.00,"11,750.00"
2019-10-21,2019102101002267,UPPER,41,39,10,235.00,"2,350.00"
2019-10-21,2019102101002252,UPPER,39,39,30,236.00,"7,080.00"
2019-10-21,2019102101002251,UPPER,39,39,10,236.00,"2,360.00"
2019-10-21,2019102101002199,UPPER,39,39,30,236.00,"7,080.00"
2019-10-21,2019102101002198,UPPER,39,29,10,236.00,"2,360.00"
2019-10-21,2019102101002165,UPPER,41,39,40,235.00,"9,400.00"
2019-10-21,2019102101002157,UPPER,39,29,40,236.00,"9,440.00"
2019-10-21,2019102101002091,UPPER,41,39,40,235.00,"9,400.00"
2019-10-21,2019102101002060,UPPER,39,43,40,236.00,"9,440.00"
2019-10-21,2019102101001973,UPPER,41,57,50,235.00,"11,750.00"
2019-10-21,2019102101002233,VLBS,45,26,60,546.00,"32,760.00"
2019-10-21,2019102101001976,VLBS,50,57,200,551.00,"110,200.00"
2019-10-21,2019102101001975,VLBS,45,57,62,553.00,"34,286.00"
2019-10-21,2019102101001974,VLBS,45,57,113,554.00,"62,602.00"
2019-10-21,2019102101001902,ADBL,28,1,60,412.00,"24,720.00"
2019-10-21,2019102101001877,ADBL,3,44,25,413.00,"10,325.00"
2019-10-21,2019102101001876,ADBL,49,44,100,413.00,"41,300.00"
2019-10-21,2019102101001875,ADBL,21,44,"1,000",413.00,"413,000.00"
2019-10-21,2019102101001874,ADBL,6,44,108,413.00,"44,604.00"
2019-10-21,2019102101001760,ADBL,6,21,70,413.00,"28,910.00"
2019-10-21,2019102101001683,ADBL,6,56,316,413.00,"130,508.00"
2019-10-21,2019102101001627,ADBL,6,6,86,413.00,"35,518.00"
2019-10-21,2019102101001625,ADBL,6,4,393,413.00,"162,309.00"
2019-10-21,2019102101001524,ADBL,6,19,11,413.00,"4,543.00"
2019-10-21,2019102101001676,AHPC,37,36,"1,010",94.00,"94,940.00"
2019-10-21,2019102101001635,AHPC,8,36,90,94.00,"8,460.00"
2019-10-21,2019102101001845,AKBSL,43,47,10,410.00,"4,100.00"
2019-10-21,2019102101001572,AKBSL,43,58,10,408.00,"4,080.00"
2019-10-21,2019102101001457,AKJCL,56,53,20,53.00,"1,060.00"
2019-10-21,2019102101001452,AKJCL,56,53,10,53.00,530.00
2019-10-21,2019102101001450,AKJCL,56,53,10,53.00,530.00
2019-10-21,2019102101001437,AKPL,29,44,20,134.00,"2,680.00"
2019-10-21,2019102101001794,ALBSL,35,19,20,383.00,"7,660.00"
2019-10-21,2019102101001789,ALBSL,42,21,10,381.00,"3,810.00"
2019-10-21,2019102101001786,ALBSL,42,21,10,381.00,"3,810.00"
2019-10-21,2019102101001784,ALBSL,42,21,10,381.00,"3,810.00"
2019-10-21,2019102101001764,ALICL,43,21,30,314.00,"9,420.00"
2019-10-21,2019102101001790,API,34,38,500,109.00,"54,500.00"
2019-10-21,2019102101001768,API,42,21,15,109.00,"1,635.00"
2019-10-21,2019102101001713,API,22,34,10,110.00,"1,100.00"
2019-10-21,2019102101001598,API,41,47,400,108.00,"43,200.00"
2019-10-21,2019102101001597,API,36,47,500,108.00,"54,000.00"
2019-10-21,2019102101001596,API,38,47,250,108.00,"27,000.00"
2019-10-21,2019102101001467,API,35,40,11,108.00,"1,188.00"
2019-10-21,2019102101001449,API,35,38,240,108.00,"25,920.00"
2019-10-21,2019102101001433,API,51,49,901,108.00,"97,308.00"
2019-10-21,2019102101001428,API,51,49,"1,099",108.00,"118,692.00"
2019-10-21,2019102101001427,API,58,49,100,109.00,"10,900.00"
2019-10-21,2019102101001595,API,41,47,100,109.00,"10,900.00"
2019-10-21,2019102101001594,API,26,47,50,109.00,"5,450.00"
2019-10-21,2019102101001593,API,36,47,200,109.00,"21,800.00"
2019-10-21,2019102101001496,API,38,38,"2,000",108.00,"216,000.00"
2019-10-21,2019102101001470,API,38,49,"1,750",108.00,"189,000.00"
2019-10-21,2019102101001469,API,35,49,349,108.00,"37,692.00"
2019-10-21,2019102101001920,BOKL,42,47,21,226.00,"4,746.00"
2019-10-21,2019102101001919,BOKL,44,47,200,226.00,"45,200.00"
2019-10-21,2019102101001918,BOKL,28,47,183,226.00,"41,358.00"
2019-10-21,2019102101001755,BOKL,39,50,100,227.00,"22,700.00"
2019-10-21,2019102101001610,BOKL,28,51,119,226.00,"26,894.00"
2019-10-21,2019102101001468,BOKL,28,4,198,226.00,"44,748.00"
2019-10-21,2019102101001685,BPCL,11,26,50,358.00,"17,900.00"
2019-10-21,2019102101001843,CBL,41,39,200,142.00,"28,400.00"
2019-10-21,2019102101001772,CBL,34,21,199,141.00,"28,059.00"
2019-10-21,2019102101001771,CBL,28,21,300,141.00,"42,300.00"
2019-10-21,2019102101001770,CBL,14,21,471,141.00,"66,411.00"
2019-10-21,2019102101001640,CBL,14,36,29,141.00,"4,089.00"
2019-10-21,2019102101001639,CBL,38,36,588,141.00,"82,908.00"
2019-10-21,2019102101001508,CBL,43,39,"3,000",142.00,"426,000.00"
2019-10-21,2019102101001499,CBL,43,39,200,142.00,"28,400.00"
2019-10-21,2019102101001460,CBL,43,39,800,142.00,"113,600.00"
2019-10-21,2019102101001438,CBL,43,47,200,142.00,"28,400.00"
2019-10-21,2019102101001872,CCBL,10,21,115,153.00,"17,595.00"
2019-10-21,2019102101001729,CCBL,10,26,486,153.00,"74,358.00"
2019-10-21,2019102101001633,CCBL,35,14,243,153.00,"37,179.00"
2019-10-21,2019102101001604,CCBL,58,14,63,153.00,"9,639.00"
2019-10-21,2019102101001560,CCBL,58,16,37,153.00,"5,661.00"
2019-10-21,2019102101001444,CCBL,5,44,25,153.00,"3,825.00"
2019-10-21,2019102101001883,CHCL,37,21,40,419.00,"16,760.00"
2019-10-21,2019102101001638,CHCL,37,4,155,419.00,"64,945.00"
2019-10-21,2019102101001637,CHCL,11,4,43,420.00,"18,060.00"
2019-10-21,2019102101001592,CLBSL,43,47,52,466.00,"24,232.00"
2019-10-21,2019102101001591,CLBSL,7,47,22,467.00,"10,274.00"
2019-10-21,2019102101001889,CZBIL,1,21,62,191.00,"11,842.00"
2019-10-21,2019102101001888,CZBIL,42,21,112,191.00,"21,392.00"
2019-10-21,2019102101001881,CZBIL,58,8,20,193.00,"3,860.00"
2019-10-21,2019102101001735,CZBIL,42,16,30,191.00,"5,730.00"
2019-10-21,2019102101001734,CZBIL,39,16,10,192.00,"1,920.00"
2019-10-21,2019102101001644,CZBIL,42,4,58,191.00,"11,078.00"
2019-10-21,2019102101001478,CZBIL,14,46,500,191.00,"95,500.00"
2019-10-21,2019102101001477,CZBIL,41,46,200,191.00,"38,200.00"
2019-10-21,2019102101001476,CZBIL,32,46,100,191.00,"19,100.00"
2019-10-21,2019102101001475,CZBIL,58,46,270,192.00,"51,840.00"
2019-10-21,2019102101001643,CZBIL,32,4,191,191.00,"36,481.00"
2019-10-21,2019102101001642,CZBIL,36,4,130,192.00,"24,960.00"
2019-10-21,2019102101001574,CZBIL,36,45,270,192.00,"51,840.00"
2019-10-21,2019102101001481,CZBIL,32,4,309,191.00,"59,019.00"
2019-10-21,2019102101001480,CZBIL,58,4,70,191.00,"13,370.00"
2019-10-21,2019102101001479,CZBIL,58,46,30,191.00,"5,730.00"
2019-10-21,2019102101001834,DBBL,25,32,200,125.00,"25,000.00"
2019-10-21,2019102101001820,DBBL,41,32,50,125.00,"6,250.00"
2019-10-21,2019102101001682,DBBL,29,32,"1,500",125.00,"187,500.00"
2019-10-21,2019102101001547,DBBL,4,32,500,125.00,"62,500.00"
2019-10-21,2019102101001530,DBBL,57,32,200,125.00,"25,000.00"
2019-10-21,2019102101001498,DBBL,21,32,300,125.00,"37,500.00"
2019-10-21,2019102101001801,EBL,45,57,30,547.00,"16,410.00"
2019-10-21,2019102101001783,EBL,45,1,70,547.00,"38,290.00"
2019-10-21,2019102101001719,EBL,6,1,100,547.00,"54,700.00"
2019-10-21,2019102101001756,EBLCP,58,58,10,645.00,"6,450.00"
2019-10-21,2019102101001662,FMDBL,34,14,20,310.00,"6,200.00"
2019-10-21,2019102101001661,FMDBL,44,14,50,310.00,"15,500.00"
2019-10-21,2019102101001660,FMDBL,14,14,30,311.00,"9,330.00"
2019-10-21,2019102101001540,FOWAD,37,37,19,"1,285.00","24,415.00"
2019-10-21,2019102101001518,FOWAD,37,37,19,"1,285.00","24,415.00"
2019-10-21,2019102101001539,GBBL,40,7,142,213.00,"30,246.00"
2019-10-21,2019102101001780,GBLBS,39,32,15,310.00,"4,650.00"
2019-10-21,2019102101001769,GBLBS,21,38,100,309.00,"30,900.00"
2019-10-21,2019102101001831,GLBSL,14,41,10,415.00,"4,150.00"
2019-10-21,2019102101001576,GLBSL,14,58,10,415.00,"4,150.00"
2019-10-21,2019102101001809,GMFBS,22,41,10,448.00,"4,480.00"
2019-10-21,2019102101001741,GMFBS,22,49,10,448.00,"4,480.00"
2019-10-21,2019102101001517,GMFBS,22,7,80,448.00,"35,840.00"
2019-10-21,2019102101001516,GMFBS,37,7,20,448.00,"8,960.00"
2019-10-21,2019102101001688,HBL,52,17,41,483.00,"19,803.00"
2019-10-21,2019102101001687,HBL,7,17,20,488.00,"9,760.00"
2019-10-21,2019102101001559,HBL,37,4,11,490.00,"5,390.00"
2019-10-21,2019102101001515,HBL,40,4,24,490.00,"11,760.00"
2019-10-21,2019102101001514,HBL,44,4,500,490.00,"245,000.00"
2019-10-21,2019102101001513,HBL,47,4,50,490.00,"24,500.00"
2019-10-21,2019102101001502,HBL,52,4,30,491.00,"14,730.00"
2019-10-21,2019102101001501,HBL,32,4,20,491.00,"9,820.00"
2019-10-21,2019102101001512,HBL,39,4,50,490.00,"24,500.00"
2019-10-21,2019102101001511,HBL,49,4,150,490.00,"73,500.00"
2019-10-21,2019102101001506,HBL,49,4,350,490.00,"171,500.00"
2019-10-21,2019102101001505,HBL,42,4,100,490.00,"49,000.00"
2019-10-21,2019102101001504,HBL,11,4,200,491.00,"98,200.00"
2019-10-21,2019102101001503,HBL,41,4,300,491.00,"147,300.00"
2019-10-21,2019102101001650,HGI,29,4,102,262.00,"26,724.00"
2019-10-21,2019102101001522,HGI,29,4,102,262.00,"26,724.00"
2019-10-21,2019102101001754,HIDCL,14,16,16,139.00,"2,224.00"
2019-10-21,2019102101001753,HIDCL,14,34,24,138.00,"3,312.00"
2019-10-21,2019102101001628,HIDCL,54,34,14,137.00,"1,918.00"
2019-10-21,2019102101001497,HIDCL,54,45,61,137.00,"8,357.00"
2019-10-21,2019102101001914,HPPL,52,22,10,140.00,"1,400.00"
2019-10-21,2019102101001726,HPPL,52,34,10,140.00,"1,400.00"
2019-10-21,2019102101001624,HPPL,52,34,10,140.00,"1,400.00"
2019-10-21,2019102101001841,HURJA,34,41,20,104.00,"2,080.00"
2019-10-21,2019102101001815,HURJA,34,41,20,104.00,"2,080.00"
2019-10-21,2019102101001844,ILBS,39,41,10,418.00,"4,180.00"
2019-10-21,2019102101001821,ILBS,39,58,10,418.00,"4,180.00"
