Date,Transact. No.,Symbol,Buyer,Seller,Quantity,Rate,Amount
2020-02-26,2020022601031771,ADBL,57,51,10,453.00,"4,530.00"
2020-02-26,2020022601031770,ADBL,57,49,100,450.00,"45,000.00"
2020-02-26,2020022601031769,ADBL,57,41,107,450.00,"48,150.00"
2020-02-26,2020022601032066,AHPC,47,58,10,104.00,"1,040.00"
2020-02-26,2020022601031969,AHPC,47,58,10,104.00,"1,040.00"
2020-02-26,2020022601031884,AHPC,47,32,98,106.00,"10,388.00"
2020-02-26,2020022601031781,AHPC,47,58,20,108.00,"2,160.00"
2020-02-26,2020022601031955,AKPL,26,36,20,144.00,"2,880.00"
2020-02-26,2020022601031959,ALBSL,52,59,65,880.00,"57,200.00"
2020-02-26,2020022601031958,ALBSL,49,59,20,884.00,"17,680.00"
2020-02-26,2020022601031957,ALBSL,6,59,15,885.00,"13,275.00"
2020-02-26,2020022601031902,ALBSL,6,13,10,885.00,"8,850.00"
2020-02-26,2020022601031856,ALBSL,57,41,10,891.00,"8,910.00"
2020-02-26,2020022601031830,ALBSL,57,57,45,890.00,"40,050.00"
2020-02-26,2020022601031698,ALBSL,54,59,100,886.00,"88,600.00"
2020-02-26,2020022601032028,ALICL,54,58,10,701.00,"7,010.00"
2020-02-26,2020022601031971,ALICL,38,38,57,700.00,"39,900.00"
2020-02-26,2020022601031833,ALICL,38,16,350,700.00,"245,000.00"
2020-02-26,2020022601031802,ALICL,35,38,74,698.00,"51,652.00"
2020-02-26,2020022601031801,ALICL,7,38,100,698.00,"69,800.00"
2020-02-26,2020022601031800,ALICL,45,38,361,698.00,"251,978.00"
2020-02-26,2020022601031734,ALICL,45,38,475,698.00,"331,550.00"
2020-02-26,2020022601031733,ALICL,49,38,25,699.00,"17,475.00"
2020-02-26,2020022601031655,ALICL,14,16,150,700.00,"105,000.00"
2020-02-26,2020022601032030,API,58,7,50,154.00,"7,700.00"
2020-02-26,2020022601031972,API,1,19,510,152.00,"77,520.00"
2020-02-26,2020022601031718,BBC,22,5,30,"2,030.00","60,900.00"
2020-02-26,2020022601031697,BNT,58,17,10,"8,600.00","86,000.00"
2020-02-26,2020022601031667,BNT,58,47,10,"8,481.00","84,810.00"
2020-02-26,2020022601032041,BOKL,29,58,100,274.00,"27,400.00"
2020-02-26,2020022601032015,BOKL,33,58,200,274.00,"54,800.00"
2020-02-26,2020022601031739,BOKL,13,58,500,274.00,"137,000.00"
2020-02-26,2020022601032152,BPCL,13,36,586,403.00,"236,158.00"
2020-02-26,2020022601032151,BPCL,8,36,14,403.00,"5,642.00"
2020-02-26,2020022601031996,CBL,29,5,47,157.00,"7,379.00"
2020-02-26,2020022601031995,CBL,29,5,200,157.00,"31,400.00"
2020-02-26,2020022601031994,CBL,21,5,808,157.00,"126,856.00"
2020-02-26,2020022601031929,CBL,21,45,"2,315",157.00,"363,455.00"
2020-02-26,2020022601031831,CBL,21,13,16,157.00,"2,512.00"
2020-02-26,2020022601031928,CCBL,25,26,103,199.00,"20,497.00"
2020-02-26,2020022601031855,CCBL,25,51,121,198.00,"23,958.00"
2020-02-26,2020022601031846,CHCL,54,50,10,472.00,"4,720.00"
2020-02-26,2020022601031820,CHL,49,41,100,101.00,"10,100.00"
2020-02-26,2020022601031940,CIT,57,52,21,"3,110.00","65,310.00"
2020-02-26,2020022601031889,CIT,57,56,100,"3,109.00","310,900.00"
2020-02-26,2020022601031888,CIT,57,45,29,"3,109.00","90,161.00"
2020-02-26,2020022601031887,CIT,57,41,50,"3,108.00","155,400.00"
2020-02-26,2020022601031852,CIT,26,40,50,"3,105.00","155,250.00"
2020-02-26,2020022601031795,CIT,26,5,50,"3,105.00","155,250.00"
2020-02-26,2020022601032044,CLBSL,43,33,10,"1,387.00","13,870.00"
2020-02-26,2020022601032033,CLBSL,19,38,10,"1,388.00","13,880.00"
2020-02-26,2020022601031978,CLBSL,19,46,11,"1,380.00","15,180.00"
2020-02-26,2020022601031977,CLBSL,19,45,50,"1,380.00","69,000.00"
2020-02-26,2020022601031882,CLBSL,5,5,48,"1,370.00","65,760.00"
2020-02-26,2020022601031881,CLBSL,17,5,23,"1,370.00","31,510.00"
2020-02-26,2020022601031880,CLBSL,35,5,29,"1,371.00","39,759.00"
2020-02-26,2020022601031719,CLBSL,35,57,21,"1,371.00","28,791.00"
2020-02-26,2020022601032129,CORBL,33,48,10,139.00,"1,390.00"
2020-02-26,2020022601031813,CZBIL,13,16,59,219.00,"12,921.00"
2020-02-26,2020022601031812,CZBIL,13,59,500,219.00,"109,500.00"
2020-02-26,2020022601031811,CZBIL,13,43,707,219.00,"154,833.00"
2020-02-26,2020022601031810,CZBIL,13,26,"1,000",219.00,"219,000.00"
2020-02-26,2020022601031809,CZBIL,13,35,100,219.00,"21,900.00"
2020-02-26,2020022601031808,CZBIL,13,52,343,219.00,"75,117.00"
2020-02-26,2020022601031807,CZBIL,13,33,522,219.00,"114,318.00"
2020-02-26,2020022601031806,CZBIL,13,7,65,219.00,"14,235.00"
2020-02-26,2020022601031805,CZBIL,13,11,10,219.00,"2,190.00"
2020-02-26,2020022601031804,CZBIL,13,45,154,219.00,"33,726.00"
2020-02-26,2020022601031803,CZBIL,13,7,47,219.00,"10,293.00"
2020-02-26,2020022601032060,DDBL,53,6,110,"1,040.00","114,400.00"
2020-02-26,2020022601032059,DDBL,40,6,90,"1,041.00","93,690.00"
2020-02-26,2020022601031979,DDBL,40,13,110,"1,041.00","114,510.00"
2020-02-26,2020022601031939,DDBL,35,51,50,"1,042.00","52,100.00"
2020-02-26,2020022601031776,EBL,50,58,100,800.00,"80,000.00"
2020-02-26,2020022601032025,EBLCP,58,58,10,671.00,"6,710.00"
2020-02-26,2020022601032108,EIC,17,41,71,483.00,"34,293.00"
2020-02-26,2020022601032107,EIC,41,41,300,483.00,"144,900.00"
2020-02-26,2020022601032106,EIC,39,41,200,483.00,"96,600.00"
2020-02-26,2020022601032105,EIC,46,41,99,483.00,"47,817.00"
2020-02-26,2020022601032104,EIC,22,41,20,484.00,"9,680.00"
2020-02-26,2020022601032103,EIC,52,41,200,484.00,"96,800.00"
2020-02-26,2020022601031897,EIC,25,58,100,486.00,"48,600.00"
2020-02-26,2020022601031720,EIC,53,57,100,489.00,"48,900.00"
2020-02-26,2020022601032020,EIC,25,41,50,485.00,"24,250.00"
2020-02-26,2020022601031911,EIC,41,41,200,485.00,"97,000.00"
2020-02-26,2020022601031910,EIC,33,41,300,485.00,"145,500.00"
2020-02-26,2020022601031909,EIC,45,41,150,485.00,"72,750.00"
2020-02-26,2020022601031908,EIC,57,41,500,485.00,"242,500.00"
2020-02-26,2020022601031907,EIC,34,41,910,485.00,"441,350.00"
2020-02-26,2020022601032128,GBBL,25,34,"1,022",273.00,"279,006.00"
2020-02-26,2020022601032127,GBBL,25,57,506,273.00,"138,138.00"
2020-02-26,2020022601031886,GBBL,45,1,100,272.00,"27,200.00"
2020-02-26,2020022601032091,GBIME,13,41,"1,000",296.00,"296,000.00"
2020-02-26,2020022601031845,GBIME,45,5,50,297.00,"14,850.00"
2020-02-26,2020022601031666,GBIME,47,41,200,297.00,"59,400.00"
2020-02-26,2020022601031665,GBIME,17,41,90,297.00,"26,730.00"
2020-02-26,2020022601032150,GBLBS,50,19,15,638.00,"9,570.00"
2020-02-26,2020022601032149,GBLBS,33,19,35,638.00,"22,330.00"
2020-02-26,2020022601031946,GBLBS,33,17,50,638.00,"31,900.00"
2020-02-26,2020022601031901,GBLBS,33,45,15,638.00,"9,570.00"
2020-02-26,2020022601031900,GBLBS,25,45,485,638.00,"309,430.00"
2020-02-26,2020022601031865,GBLBS,25,13,15,638.00,"9,570.00"
2020-02-26,2020022601031758,GBLBS,25,48,180,640.00,"115,200.00"
2020-02-26,2020022601031707,GILB,36,6,43,"1,645.00","70,735.00"
2020-02-26,2020022601031706,GILB,36,51,22,"1,645.00","36,190.00"
2020-02-26,2020022601031705,GILB,36,6,90,"1,643.00","147,870.00"
2020-02-26,2020022601032040,GLBSL,39,33,10,855.00,"8,550.00"
2020-02-26,2020022601031752,GLBSL,39,35,10,855.00,"8,550.00"
2020-02-26,2020022601032047,GLICL,38,33,100,"1,026.00","102,600.00"
2020-02-26,2020022601031870,GLICL,46,33,200,"1,026.00","205,200.00"
2020-02-26,2020022601031866,GLICL,36,40,200,"1,026.00","205,200.00"
2020-02-26,2020022601031708,GLICL,1,5,300,"1,027.00","308,100.00"
2020-02-26,2020022601031715,HBL,25,8,200,635.00,"127,000.00"
2020-02-26,2020022601031663,HBL,35,8,366,635.00,"232,410.00"
2020-02-26,2020022601031662,HBL,35,5,317,635.00,"201,295.00"
2020-02-26,2020022601031661,HBL,35,54,17,633.00,"10,761.00"
2020-02-26,2020022601032138,HDL,36,35,50,"1,880.00","94,000.00"
2020-02-26,2020022601032137,HDL,41,35,100,"1,880.00","188,000.00"
2020-02-26,2020022601032085,HDL,58,35,250,"1,880.00","470,000.00"
2020-02-26,2020022601032084,HDL,45,35,20,"1,880.00","37,600.00"
2020-02-26,2020022601032083,HDL,7,35,20,"1,880.00","37,600.00"
2020-02-26,2020022601032082,HDL,45,35,20,"1,881.00","37,620.00"
2020-02-26,2020022601031725,HDL,19,42,10,"1,878.00","18,780.00"
2020-02-26,2020022601031724,HDL,19,42,30,"1,879.00","56,370.00"
2020-02-26,2020022601031723,HDL,8,42,50,"1,880.00","94,000.00"
2020-02-26,2020022601031695,HDL,19,43,20,"1,879.00","37,580.00"
2020-02-26,2020022601031692,HDL,36,4,248,"1,882.00","466,736.00"
2020-02-26,2020022601031691,HDL,36,58,252,"1,880.00","473,760.00"
2020-02-26,2020022601031862,HDL,58,38,50,"1,881.00","94,050.00"
2020-02-26,2020022601031844,HDL,43,38,98,"1,881.00","184,338.00"
2020-02-26,2020022601031789,HDL,43,5,50,"1,885.00","94,250.00"
2020-02-26,2020022601031788,HDL,43,4,52,"1,882.00","97,864.00"
2020-02-26,2020022601031780,HDL,7,45,80,"1,880.00","150,400.00"
2020-02-26,2020022601031744,HDL,38,45,20,"1,880.00","37,600.00"
2020-02-26,2020022601032081,HDL,19,35,50,"1,882.00","94,100.00"
2020-02-26,2020022601032080,HDL,53,35,100,"1,882.00","188,200.00"
2020-02-26,2020022601032079,HDL,28,35,150,"1,882.00","282,300.00"
2020-02-26,2020022601032058,HDL,19,58,50,"1,890.00","94,500.00"
2020-02-26,2020022601032048,HDL,28,58,100,"1,890.00","189,000.00"
2020-02-26,2020022601032022,HDL,57,57,50,"1,890.00","94,500.00"
2020-02-26,2020022601032142,HGI,58,54,10,480.00,"4,800.00"
2020-02-26,2020022601031743,HGI,50,7,460,477.00,"219,420.00"
2020-02-26,2020022601031742,HGI,50,28,24,476.00,"11,424.00"
2020-02-26,2020022601031664,HGI,11,28,200,476.00,"95,200.00"
2020-02-26,2020022601031936,HIDCL,58,57,19,157.00,"2,983.00"
2020-02-26,2020022601031935,HIDCL,58,46,461,156.00,"71,916.00"
2020-02-26,2020022601031749,IGI,46,42,"1,000",524.00,"524,000.00"
2020-02-26,2020022601031686,ILBS,49,19,40,953.00,"38,120.00"
2020-02-26,2020022601031952,JBBL,58,32,58,204.00,"11,832.00"
2020-02-26,2020022601031951,JBBL,58,43,42,204.00,"8,568.00"
2020-02-26,2020022601031976,JSLBB,45,34,100,"1,921.00","192,100.00"
2020-02-26,2020022601031656,JSLBB,44,45,460,"1,921.00","883,660.00"
2020-02-26,2020022601032089,KBL,1,53,804,216.00,"173,664.00"
2020-02-26,2020022601032088,KBL,1,6,196,216.00,"42,336.00"
2020-02-26,2020022601031838,KBL,54,6,250,216.00,"54,000.00"
2020-02-26,2020022601031713,KBL,36,6,100,216.00,"21,600.00"
2020-02-26,2020022601031709,KBL,10,6,50,216.00,"10,800.00"
2020-02-26,2020022601031694,KBL,43,41,500,217.00,"108,500.00"
2020-02-26,2020022601031683,KBL,42,6,36,217.00,"7,812.00"
2020-02-26,2020022601031682,KBL,42,59,114,217.00,"24,738.00"
2020-02-26,2020022601032139,KMCDB,49,46,10,"1,096.00","10,960.00"
2020-02-26,2020022601032038,KMCDB,22,46,10,"1,094.00","10,940.00"
2020-02-26,2020022601032065,KPCL,25,58,10,122.00,"1,220.00"
2020-02-26,2020022601031988,KPCL,25,58,10,122.00,"1,220.00"
2020-02-26,2020022601031943,KPCL,25,58,10,122.00,"1,220.00"
2020-02-26,2020022601032064,KSBBL,45,32,590,180.00,"106,200.00"
2020-02-26,2020022601032063,KSBBL,14,32,100,180.00,"18,000.00"
2020-02-26,2020022601032062,KSBBL,20,32,10,180.00,"1,800.00"
2020-02-26,2020022601032061,KSBBL,21,32,300,181.00,"54,300.00"
2020-02-26,2020022601031997,KSBBL,20,32,101,181.00,"18,281.00"
2020-02-26,2020022601031732,LBBL,49,45,200,214.00,"42,800.00"
2020-02-26,2020022601031731,LBBL,49,35,200,214.00,"42,800.00"
2020-02-26,2020022601031730,LBBL,49,20,100,214.00,"21,400.00"
2020-02-26,2020022601032094,LBL,51,42,195,257.00,"50,115.00"
2020-02-26,2020022601032093,LBL,51,41,100,256.00,"25,600.00"
2020-02-26,2020022601032092,LBL,51,59,705,256.00,"180,480.00"
2020-02-26,2020022601031679,LGIL,59,45,126,590.00,"74,340.00"
2020-02-26,2020022601032097,LICN,26,7,50,"1,740.00","87,000.00"
2020-02-26,2020022601032042,LICN,5,49,200,"1,748.00","349,600.00"
2020-02-26,2020022601031987,LICN,58,49,200,"1,748.00","349,600.00"
2020-02-26,2020022601031949,LICN,5,7,100,"1,747.00","174,700.00"
2020-02-26,2020022601031818,LLBS,38,35,631,"1,350.00","851,850.00"
2020-02-26,2020022601031681,LLBS,28,19,55,"1,342.00","73,810.00"
2020-02-26,2020022601031680,LLBS,40,19,45,"1,342.00","60,390.00"
2020-02-26,2020022601031970,MBL,35,58,12,272.00,"3,264.00"
2020-02-26,2020022601031934,MBL,35,43,200,272.00,"54,400.00"
2020-02-26,2020022601031933,MBL,35,54,90,272.00,"24,480.00"
2020-02-26,2020022601031906,MBL,57,54,38,272.00,"10,336.00"
2020-02-26,2020022601031905,MBL,57,37,462,272.00,"125,664.00"
2020-02-26,2020022601031835,MBL,40,37,27,272.00,"7,344.00"
2020-02-26,2020022601031834,MBL,40,52,73,272.00,"19,856.00"
2020-02-26,2020022601031673,MBL,38,57,101,270.00,"27,270.00"
2020-02-26,2020022601031876,MDB,25,38,31,427.00,"13,237.00"
2020-02-26,2020022601031797,MEGA,58,1,100,244.00,"24,400.00"
2020-02-26,2020022601031761,MEGA,1,58,800,245.00,"196,000.00"
2020-02-26,2020022601031760,MEGA,1,41,200,245.00,"49,000.00"
2020-02-26,2020022601031983,MEGA,35,43,"1,500",244.00,"366,000.00"
2020-02-26,2020022601031982,MEGA,58,43,400,244.00,"97,600.00"
2020-02-26,2020022601031981,MEGA,58,43,100,244.00,"24,400.00"
2020-02-26,2020022601031961,MERO,25,43,500,809.00,"404,500.00"
2020-02-26,2020022601031937,MERO,58,58,50,815.00,"40,750.00"
2020-02-26,2020022601031963,MERO,28,43,100,808.00,"80,800.00"
2020-02-26,2020022601031962,MERO,25,43,200,808.00,"161,600.00"
2020-02-26,2020022601031738,MFIL,34,43,90,255.00,"22,950.00"
2020-02-26,2020022601031737,MFIL,47,43,250,255.00,"63,750.00"
2020-02-26,2020022601031736,MFIL,21,43,100,255.00,"25,500.00"
2020-02-26,2020022601031735,MFIL,22,43,30,256.00,"7,680.00"
2020-02-26,2020022601032056,MLBL,4,45,46,250.00,"11,500.00"
2020-02-26,2020022601032055,MLBL,4,4,50,250.00,"12,500.00"
2020-02-26,2020022601032054,MLBL,4,4,50,250.00,"12,500.00"
2020-02-26,2020022601032053,MLBL,4,4,50,250.00,"12,500.00"
2020-02-26,2020022601032052,MLBL,4,4,50,250.00,"12,500.00"
2020-02-26,2020022601032051,MLBL,4,4,50,250.00,"12,500.00"
2020-02-26,2020022601032050,MLBL,4,45,28,250.00,"7,000.00"
2020-02-26,2020022601032049,MLBL,4,34,338,250.00,"84,500.00"
2020-02-26,2020022601031953,MNBBL,13,1,30,383.00,"11,490.00"
2020-02-26,2020022601031728,MNBBL,20,41,18,386.00,"6,948.00"
2020-02-26,2020022601031727,MNBBL,20,41,55,386.00,"21,230.00"
2020-02-26,2020022601031726,MNBBL,20,58,27,386.00,"10,422.00"
2020-02-26,2020022601031993,NABIL,19,41,35,870.00,"30,450.00"
2020-02-26,2020022601031799,NABIL,54,7,75,874.00,"65,550.00"
2020-02-26,2020022601031798,NABIL,54,45,30,874.00,"26,220.00"
2020-02-26,2020022601032154,NADEP,46,47,23,815.00,"18,745.00"
2020-02-26,2020022601032153,NADEP,37,47,117,820.00,"95,940.00"
2020-02-26,2020022601032019,NADEP,26,49,"1,417",823.00,"1,166,191.00"
2020-02-26,2020022601032018,NADEP,26,41,20,822.00,"16,440.00"
2020-02-26,2020022601032017,NADEP,26,35,13,822.00,"10,686.00"
2020-02-26,2020022601032016,NADEP,26,59,50,821.00,"41,050.00"
2020-02-26,2020022601031922,NADEP,37,45,23,820.00,"18,860.00"
2020-02-26,2020022601031921,NADEP,37,5,10,820.00,"8,200.00"
2020-02-26,2020022601032014,NBB,45,48,200,232.00,"46,400.00"
2020-02-26,2020022601032013,NBB,45,22,200,232.00,"46,400.00"
2020-02-26,2020022601032012,NBB,45,45,70,232.00,"16,240.00"
2020-02-26,2020022601031938,NBB,45,45,430,232.00,"99,760.00"
2020-02-26,2020022601031826,NBB,45,38,268,232.00,"62,176.00"
2020-02-26,2020022601032145,NBL,33,35,100,308.00,"30,800.00"
2020-02-26,2020022601032039,NBL,50,43,"1,000",306.00,"306,000.00"
2020-02-26,2020022601032026,NBL,38,54,250,307.00,"76,750.00"
2020-02-26,2020022601031980,NBL,35,54,250,307.00,"76,750.00"
2020-02-26,2020022601031956,NBL,35,35,100,308.00,"30,800.00"
2020-02-26,2020022601031920,NBL,50,25,"1,410",306.00,"431,460.00"
2020-02-26,2020022601031913,NBL,44,25,"4,000",307.00,"1,228,000.00"
2020-02-26,2020022601031912,NBL,39,25,20,307.00,"6,140.00"
2020-02-26,2020022601031863,NBL,36,35,300,308.00,"92,400.00"
2020-02-26,2020022601031786,NBL,44,44,"2,000",307.00,"614,000.00"
2020-02-26,2020022601031785,NBL,44,44,"2,000",307.00,"614,000.00"
2020-02-26,2020022601031672,NBL,44,44,"3,000",307.00,"921,000.00"
2020-02-26,2020022601031919,NBL,50,25,"1,000",306.00,"306,000.00"
2020-02-26,2020022601031918,NBL,50,25,"1,000",306.00,"306,000.00"
2020-02-26,2020022601031917,NBL,50,25,"1,000",306.00,"306,000.00"
2020-02-26,2020022601031916,NBL,50,25,"1,000",306.00,"306,000.00"
2020-02-26,2020022601031915,NBL,51,25,500,306.00,"153,000.00"
2020-02-26,2020022601031914,NBL,44,25,70,306.00,"21,420.00"
2020-02-26,2020022601032003,NCCB,35,38,100,213.00,"21,300.00"
2020-02-26,2020022601031989,NCCB,48,38,100,213.00,"21,300.00"
2020-02-26,2020022601031973,NCCB,48,38,10,213.00,"2,130.00"
2020-02-26,2020022601031747,NCCB,35,59,500,212.00,"106,000.00"
2020-02-26,2020022601032043,NGPL,22,42,490,149.00,"73,010.00"
2020-02-26,2020022601031869,NGPL,45,59,100,150.00,"15,000.00"
2020-02-26,2020022601031764,NGPL,33,42,10,151.00,"1,510.00"
2020-02-26,2020022601031660,NHPC,40,25,720,68.00,"48,960.00"
2020-02-26,2020022601032002,NIB,29,42,50,450.00,"22,500.00"
2020-02-26,2020022601032001,NIB,29,32,178,450.00,"80,100.00"
2020-02-26,2020022601031974,NIB,45,51,50,449.00,"22,450.00"
2020-02-26,2020022601031954,NIB,37,32,44,450.00,"19,800.00"
2020-02-26,2020022601031832,NIB,45,11,30,449.00,"13,470.00"
2020-02-26,2020022601032141,NICA,50,43,25,610.00,"15,250.00"
2020-02-26,2020022601032101,NICA,26,43,50,610.00,"30,500.00"
2020-02-26,2020022601032100,NICA,50,43,25,610.00,"15,250.00"
2020-02-26,2020022601032099,NICA,36,43,46,610.00,"28,060.00"
2020-02-26,2020022601032098,NICA,44,43,129,611.00,"78,819.00"
2020-02-26,2020022601032027,NICA,44,26,71,611.00,"43,381.00"
2020-02-26,2020022601031825,NICA,49,8,100,610.00,"61,000.00"
2020-02-26,2020022601031985,NICA,33,26,29,611.00,"17,719.00"
2020-02-26,2020022601031984,NICA,33,41,53,611.00,"32,383.00"
2020-02-26,2020022601031965,NICA,36,42,10,610.00,"6,100.00"
2020-02-26,2020022601031860,NICA,36,45,100,610.00,"61,000.00"
2020-02-26,2020022601031829,NICA,36,33,164,610.00,"100,040.00"
2020-02-26,2020022601031828,NICA,36,8,180,610.00,"109,800.00"
2020-02-26,2020022601032096,NICL,38,44,100,536.00,"53,600.00"
2020-02-26,2020022601031964,NICL,33,44,500,536.00,"268,000.00"
2020-02-26,2020022601031796,NICL,43,44,10,536.00,"5,360.00"
2020-02-26,2020022601031712,NICL,48,57,370,533.00,"197,210.00"
2020-02-26,2020022601031711,NICL,46,57,130,534.00,"69,420.00"
2020-02-26,2020022601031755,NIL,34,7,400,695.00,"278,000.00"
2020-02-26,2020022601031704,NIL,34,43,235,695.00,"163,325.00"
2020-02-26,2020022601031703,NIL,59,43,300,695.00,"208,500.00"
2020-02-26,2020022601031702,NIL,7,43,300,695.00,"208,500.00"
2020-02-26,2020022601031701,NIL,34,43,865,695.00,"601,175.00"
2020-02-26,2020022601031700,NIL,59,43,300,696.00,"208,800.00"
2020-02-26,2020022601031690,NIL,53,59,600,699.00,"419,400.00"
2020-02-26,2020022601031689,NIL,53,59,400,699.00,"279,600.00"
2020-02-26,2020022601031945,NLBBL,33,37,35,920.00,"32,200.00"
2020-02-26,2020022601031793,NLBBL,33,50,400,920.00,"368,000.00"
2020-02-26,2020022601031792,NLBBL,33,32,65,920.00,"59,800.00"
2020-02-26,2020022601031696,NLBBL,54,32,100,920.00,"92,000.00"
2020-02-26,2020022601032086,NLIC,35,36,50,"1,494.00","74,700.00"
2020-02-26,2020022601031990,NLIC,38,16,26,"1,493.00","38,818.00"
2020-02-26,2020022601031868,NLIC,35,16,100,"1,493.00","149,300.00"
2020-02-26,2020022601031867,NLIC,36,16,74,"1,493.00","110,482.00"
2020-02-26,2020022601031839,NLIC,36,35,100,"1,493.00","149,300.00"
2020-02-26,2020022601031824,NLIC,58,45,350,"1,495.00","523,250.00"
2020-02-26,2020022601031753,NLIC,6,41,50,"1,494.00","74,700.00"
2020-02-26,2020022601031823,NLIC,58,57,150,"1,495.00","224,250.00"
2020-02-26,2020022601031791,NLIC,57,57,150,"1,495.00","224,250.00"
2020-02-26,2020022601031790,NLIC,57,57,50,"1,494.00","74,700.00"
2020-02-26,2020022601031775,NLIC,58,57,100,"1,495.00","149,500.00"
2020-02-26,2020022601031757,NLIC,57,57,625,"1,495.00","934,375.00"
2020-02-26,2020022601031756,NLIC,57,41,575,"1,494.00","859,050.00"
2020-02-26,2020022601031967,NLICL,41,11,"1,000",852.00,"852,000.00"
2020-02-26,2020022601031883,NLICL,58,22,350,851.00,"297,850.00"
2020-02-26,2020022601031858,NLICL,51,22,337,851.00,"286,787.00"
2020-02-26,2020022601031766,NLICL,40,50,352,850.00,"299,200.00"
2020-02-26,2020022601031765,NLICL,54,50,148,850.00,"125,800.00"
2020-02-26,2020022601031693,NLICL,58,22,50,851.00,"42,550.00"
2020-02-26,2020022601032087,NMB,28,43,200,484.00,"96,800.00"
2020-02-26,2020022601032045,NMB,45,43,150,484.00,"72,600.00"
2020-02-26,2020022601031942,NMB,45,43,100,484.00,"48,400.00"
2020-02-26,2020022601031878,NMB,19,11,33,483.00,"15,939.00"
2020-02-26,2020022601031877,NMB,41,11,97,483.00,"46,851.00"
2020-02-26,2020022601031819,NMB,53,43,100,484.00,"48,400.00"
2020-02-26,2020022601032116,NMBMF,26,35,200,"1,160.00","232,000.00"
2020-02-26,2020022601032115,NMBMF,26,45,70,"1,160.00","81,200.00"
2020-02-26,2020022601032114,NMBMF,26,45,40,"1,159.00","46,360.00"
2020-02-26,2020022601031899,NMBMF,13,38,70,"1,142.00","79,940.00"
2020-02-26,2020022601031688,NSEWA,13,21,15,935.00,"14,025.00"
2020-02-26,2020022601031687,NSEWA,13,43,10,934.00,"9,340.00"
2020-02-26,2020022601032144,NUBL,45,36,200,"1,202.00","240,400.00"
2020-02-26,2020022601031986,NUBL,45,53,20,"1,202.00","24,040.00"
2020-02-26,2020022601031699,OHL,35,10,430,535.00,"230,050.00"
2020-02-26,2020022601032037,OHL,35,5,56,535.00,"29,960.00"
2020-02-26,2020022601032036,OHL,35,43,100,535.00,"53,500.00"
2020-02-26,2020022601031932,PCBL,33,38,88,329.00,"28,952.00"
2020-02-26,2020022601031931,PCBL,33,48,100,329.00,"32,900.00"
2020-02-26,2020022601031930,PCBL,33,54,12,329.00,"3,948.00"
2020-02-26,2020022601031784,PCBL,42,54,488,329.00,"160,552.00"
2020-02-26,2020022601031783,PCBL,42,26,12,329.00,"3,948.00"
2020-02-26,2020022601031716,PFL,59,45,35,169.00,"5,915.00"
2020-02-26,2020022601032143,PIC,58,45,30,739.00,"22,170.00"
2020-02-26,2020022601032119,PIC,58,45,76,739.00,"56,164.00"
2020-02-26,2020022601032118,PIC,58,1,104,739.00,"76,856.00"
2020-02-26,2020022601032117,PIC,58,19,20,738.00,"14,760.00"
2020-02-26,2020022601032035,PIC,50,45,18,739.00,"13,302.00"
2020-02-26,2020022601032034,PIC,50,25,12,738.00,"8,856.00"
2020-02-26,2020022601032000,PIC,58,57,84,737.00,"61,908.00"
2020-02-26,2020022601031941,PIC,58,46,68,732.00,"49,776.00"
2020-02-26,2020022601031794,PIC,54,46,182,732.00,"133,224.00"
2020-02-26,2020022601031670,PIC,54,38,150,732.00,"109,800.00"
2020-02-26,2020022601031669,PIC,25,38,100,733.00,"73,300.00"
2020-02-26,2020022601031668,PIC,54,38,50,733.00,"36,650.00"
2020-02-26,2020022601032148,PICL,35,58,105,583.00,"61,215.00"
2020-02-26,2020022601032147,PICL,40,58,95,585.00,"55,575.00"
2020-02-26,2020022601032011,PICL,40,45,105,585.00,"61,425.00"
2020-02-26,2020022601031848,PICL,14,35,50,582.00,"29,100.00"
2020-02-26,2020022601032024,PLIC,34,38,650,715.00,"464,750.00"
2020-02-26,2020022601032023,PLIC,34,51,20,714.00,"14,280.00"
2020-02-26,2020022601031927,PLIC,35,51,50,714.00,"35,700.00"
2020-02-26,2020022601031926,PLIC,45,51,20,714.00,"14,280.00"
2020-02-26,2020022601031885,PLIC,29,38,200,715.00,"143,000.00"
2020-02-26,2020022601031864,PLIC,50,38,200,715.00,"143,000.00"
2020-02-26,2020022601032140,PRIN,33,22,300,538.00,"161,400.00"
2020-02-26,2020022601031898,PRIN,59,22,100,538.00,"53,800.00"
2020-02-26,2020022601031850,PRIN,19,36,200,535.00,"107,000.00"
2020-02-26,2020022601031849,PRIN,32,36,100,535.00,"53,500.00"
2020-02-26,2020022601031774,PRIN,33,59,28,538.00,"15,064.00"
2020-02-26,2020022601031773,PRIN,33,50,100,537.00,"53,700.00"
2020-02-26,2020022601031772,PRIN,33,49,64,536.00,"34,304.00"
2020-02-26,2020022601031873,PROFL,33,5,60,115.00,"6,900.00"
2020-02-26,2020022601031872,PROFL,33,6,100,114.00,"11,400.00"
2020-02-26,2020022601031871,PROFL,33,29,40,114.00,"4,560.00"
2020-02-26,2020022601032078,PRVU,5,28,42,277.00,"11,634.00"
2020-02-26,2020022601032077,PRVU,5,34,50,277.00,"13,850.00"
2020-02-26,2020022601032076,PRVU,5,22,500,277.00,"138,500.00"
2020-02-26,2020022601032075,PRVU,5,41,400,277.00,"110,800.00"
2020-02-26,2020022601032074,PRVU,5,25,"2,160",277.00,"598,320.00"
2020-02-26,2020022601032073,PRVU,5,51,709,277.00,"196,393.00"
2020-02-26,2020022601031740,PRVU,4,41,400,275.00,"110,000.00"
2020-02-26,2020022601031857,PRVU,4,58,300,275.00,"82,500.00"
2020-02-26,2020022601031853,PRVU,4,1,100,275.00,"27,500.00"
2020-02-26,2020022601031851,PRVU,4,59,160,275.00,"44,000.00"
2020-02-26,2020022601031827,PRVU,4,35,200,275.00,"55,000.00"
2020-02-26,2020022601032072,PRVU,5,44,439,277.00,"121,603.00"
2020-02-26,2020022601032071,PRVU,5,5,"1,000",276.00,"276,000.00"
2020-02-26,2020022601032070,PRVU,5,59,400,276.00,"110,400.00"
2020-02-26,2020022601032069,PRVU,5,41,"5,000",276.00,"1,380,000.00"
2020-02-26,2020022601032068,PRVU,5,41,"5,000",276.00,"1,380,000.00"
2020-02-26,2020022601032067,PRVU,5,41,"4,300",276.00,"1,186,800.00"
2020-02-26,2020022601031779,RBCL,49,58,20,"12,431.00","248,620.00"
2020-02-26,2020022601031778,RBCL,22,58,10,"12,431.00","124,310.00"
2020-02-26,2020022601031903,RHPL,11,58,200,172.00,"34,400.00"
2020-02-26,2020022601031847,RHPL,37,19,840,170.00,"142,800.00"
2020-02-26,2020022601031837,RHPL,37,13,30,170.00,"5,100.00"
2020-02-26,2020022601031890,RMDC,7,7,100,874.00,"87,400.00"
2020-02-26,2020022601031843,RMDC,5,7,20,874.00,"17,480.00"
2020-02-26,2020022601031678,RMDC,39,25,90,861.00,"77,490.00"
2020-02-26,2020022601031677,RMDC,26,25,10,861.00,"8,610.00"
2020-02-26,2020022601031676,RMDC,49,25,200,862.00,"172,400.00"
2020-02-26,2020022601031675,RMDC,40,25,300,863.00,"258,900.00"
2020-02-26,2020022601031674,RMDC,50,25,250,869.00,"217,250.00"
2020-02-26,2020022601032090,RSDC,49,45,107,675.00,"72,225.00"
2020-02-26,2020022601031891,RSDC,57,41,50,678.00,"33,900.00"
2020-02-26,2020022601031782,SABSL,20,8,10,"1,000.00","10,000.00"
2020-02-26,2020022601031925,SANIMA,35,6,100,399.00,"39,900.00"
2020-02-26,2020022601031924,SANIMA,13,6,100,399.00,"39,900.00"
2020-02-26,2020022601031923,SANIMA,41,6,100,399.00,"39,900.00"
2020-02-26,2020022601031684,SANIMA,36,5,100,400.00,"40,000.00"
2020-02-26,2020022601031659,SANIMA,54,5,773,400.00,"309,200.00"
2020-02-26,2020022601031658,SANIMA,54,47,227,400.00,"90,800.00"
2020-02-26,2020022601031893,SBI,43,43,200,493.00,"98,600.00"
2020-02-26,2020022601031751,SBI,40,43,500,493.00,"246,500.00"
2020-02-26,2020022601031975,SBL,25,5,142,365.00,"51,830.00"
2020-02-26,2020022601031892,SBL,33,57,100,366.00,"36,600.00"
2020-02-26,2020022601031842,SBL,56,57,384,366.00,"140,544.00"
2020-02-26,2020022601031841,SBL,56,57,38,366.00,"13,908.00"
2020-02-26,2020022601031840,SBL,56,51,78,366.00,"28,548.00"
2020-02-26,2020022601031763,SBL,35,51,22,366.00,"8,052.00"
2020-02-26,2020022601031762,SBL,35,3,378,366.00,"138,348.00"
2020-02-26,2020022601031714,SBL,25,46,378,365.00,"137,970.00"
2020-02-26,2020022601032111,SCB,50,45,300,770.00,"231,000.00"
2020-02-26,2020022601032110,SCB,59,45,100,770.00,"77,000.00"
2020-02-26,2020022601032109,SCB,45,45,100,770.00,"77,000.00"
2020-02-26,2020022601031822,SCB,46,39,50,770.00,"38,500.00"
2020-02-26,2020022601031821,SCB,46,45,27,770.00,"20,790.00"
2020-02-26,2020022601031759,SCB,56,42,100,765.00,"76,500.00"
2020-02-26,2020022601031859,SCB,46,10,20,770.00,"15,400.00"
2020-02-26,2020022601032046,SDESI,33,38,45,"1,233.00","55,485.00"
2020-02-26,2020022601031729,SDESI,45,45,10,"1,230.00","12,300.00"
2020-02-26,2020022601031717,SDESI,7,38,150,"1,216.00","182,400.00"
2020-02-26,2020022601032021,SHINE,41,40,500,327.00,"163,500.00"
2020-02-26,2020022601032125,SHIVM,58,35,400,726.00,"290,400.00"
2020-02-26,2020022601032124,SHIVM,58,58,100,725.00,"72,500.00"
2020-02-26,2020022601032057,SHIVM,56,58,500,724.00,"362,000.00"
2020-02-26,2020022601032029,SHIVM,53,58,150,725.00,"108,750.00"
2020-02-26,2020022601031968,SHIVM,58,58,"1,000",725.00,"725,000.00"
2020-02-26,2020022601031960,SHIVM,16,58,300,725.00,"217,500.00"
2020-02-26,2020022601031950,SHIVM,53,58,250,725.00,"181,250.00"
2020-02-26,2020022601031894,SHIVM,7,58,200,725.00,"145,000.00"
2020-02-26,2020022601031767,SHIVM,5,58,"1,000",727.00,"727,000.00"
2020-02-26,2020022601031746,SHIVM,58,42,"1,000",725.00,"725,000.00"
2020-02-26,2020022601031745,SHIVM,25,42,300,725.00,"217,500.00"
2020-02-26,2020022601031710,SHIVM,5,58,"1,221",727.00,"887,667.00"
2020-02-26,2020022601032126,SHL,49,45,200,204.00,"40,800.00"
2020-02-26,2020022601031768,SHL,49,43,600,204.00,"122,400.00"
2020-02-26,2020022601031777,SHPC,45,45,"7,000",261.00,"1,827,000.00"
2020-02-26,2020022601031722,SHPC,45,21,200,261.00,"52,200.00"
2020-02-26,2020022601031721,SHPC,45,59,"1,100",261.00,"287,100.00"
2020-02-26,2020022601031685,SHPC,34,5,100,260.00,"26,000.00"
2020-02-26,2020022601032146,SIC,11,34,170,857.00,"145,690.00"
2020-02-26,2020022601032113,SICL,26,58,130,"1,180.00","153,400.00"
2020-02-26,2020022601032112,SICL,26,43,70,"1,180.00","82,600.00"
2020-02-26,2020022601032136,SJCL,8,14,20,166.00,"3,320.00"
2020-02-26,2020022601032135,SJCL,8,47,500,165.00,"82,500.00"
2020-02-26,2020022601032134,SJCL,8,19,10,165.00,"1,650.00"
2020-02-26,2020022601032133,SJCL,8,19,20,165.00,"3,300.00"
2020-02-26,2020022601032132,SJCL,8,17,10,165.00,"1,650.00"
2020-02-26,2020022601032131,SJCL,8,51,20,165.00,"3,300.00"
2020-02-26,2020022601031874,SJCL,54,35,20,165.00,"3,300.00"
2020-02-26,2020022601032130,SJCL,8,39,520,165.00,"85,800.00"
2020-02-26,2020022601031966,SJCL,11,39,200,165.00,"33,000.00"
2020-02-26,2020022601031875,SJCL,54,39,180,165.00,"29,700.00"
2020-02-26,2020022601031999,SKBBL,34,6,100,"1,370.00","137,000.00"
2020-02-26,2020022601031879,SKBBL,5,6,10,"1,370.00","13,700.00"
2020-02-26,2020022601031817,SKBBL,6,38,55,"1,359.00","74,745.00"
2020-02-26,2020022601031816,SKBBL,51,38,50,"1,361.00","68,050.00"
2020-02-26,2020022601031815,SKBBL,34,38,20,"1,368.00","27,360.00"
2020-02-26,2020022601032095,SLBBL,26,29,50,"1,044.00","52,200.00"
2020-02-26,2020022601032032,SLBBL,26,45,300,"1,044.00","313,200.00"
2020-02-26,2020022601031944,SLICL,53,47,200,565.00,"113,000.00"
2020-02-26,2020022601031904,SLICL,53,51,250,564.00,"141,000.00"
2020-02-26,2020022601032031,SMATA,45,53,30,905.00,"27,150.00"
2020-02-26,2020022601031896,SMATA,43,47,50,900.00,"45,000.00"
2020-02-26,2020022601031895,SMATA,3,47,50,900.00,"45,000.00"
2020-02-26,2020022601031787,SMB,11,13,10,"1,081.00","10,810.00"
2020-02-26,2020022601031754,SMFBS,35,13,10,"1,292.00","12,920.00"
2020-02-26,2020022601031750,SMFBS,13,28,10,"1,315.00","13,150.00"
2020-02-26,2020022601031992,SRBL,25,59,200,285.00,"57,000.00"
2020-02-26,2020022601031991,SRBL,25,8,136,285.00,"38,760.00"
2020-02-26,2020022601031854,STC,38,37,100,"3,105.00","310,500.00"
2020-02-26,2020022601032122,SWBBL,53,11,250,"1,415.00","353,750.00"
2020-02-26,2020022601032121,SWBBL,18,11,500,"1,416.00","708,000.00"
2020-02-26,2020022601032120,SWBBL,28,11,50,"1,416.00","70,800.00"
2020-02-26,2020022601031861,UIC,41,17,200,453.00,"90,600.00"
2020-02-26,2020022601032123,UMHL,42,36,273,118.00,"32,214.00"
2020-02-26,2020022601032010,UPPER,33,51,40,257.00,"10,280.00"
2020-02-26,2020022601032009,UPPER,33,45,40,257.00,"10,280.00"
2020-02-26,2020022601032008,UPPER,33,41,50,256.00,"12,800.00"
2020-02-26,2020022601031836,UPPER,57,45,"1,000",254.00,"254,000.00"
2020-02-26,2020022601031671,UPPER,42,34,200,255.00,"51,000.00"
2020-02-26,2020022601032007,UPPER,33,45,150,256.00,"38,400.00"
2020-02-26,2020022601032006,UPPER,33,8,440,256.00,"112,640.00"
2020-02-26,2020022601032005,UPPER,33,7,"1,000",255.00,"255,000.00"
2020-02-26,2020022601032004,UPPER,33,34,"1,780",255.00,"453,900.00"
2020-02-26,2020022601032102,WOMI,53,44,340,"1,235.00","419,900.00"
2020-02-26,2020022601031998,WOMI,53,35,153,"1,230.00","188,190.00"
2020-02-26,2020022601031948,WOMI,53,47,47,"1,230.00","57,810.00"
2020-02-26,2020022601031947,WOMI,59,47,57,"1,230.00","70,110.00"
2020-02-26,2020022601031814,WOMI,33,44,10,"1,235.00","12,350.00"
2020-02-26,2020022601031748,WOMI,53,47,500,"1,232.00","616,000.00"
2020-02-26,2020022601031741,WOMI,57,35,500,"1,231.00","615,500.00"
2020-02-26,2020022601031657,WOMI,53,47,396,"1,232.00","487,872.00"
2020-02-26,2020022601031321,ADBL,14,43,"1,531",446.00,"682,826.00"
2020-02-26,2020022601031320,ADBL,5,43,300,447.00,"134,100.00"
2020-02-26,2020022601031319,ADBL,14,43,497,448.00,"222,656.00"
2020-02-26,2020022601031318,ADBL,54,43,200,450.00,"90,000.00"
2020-02-26,2020022601031317,ADBL,14,43,368,450.00,"165,600.00"
2020-02-26,2020022601031316,ADBL,50,43,104,452.00,"47,008.00"
2020-02-26,2020022601031488,AHPC,34,1,"1,000",110.00,"110,000.00"
2020-02-26,2020022601031487,AHPC,33,1,500,111.00,"55,500.00"
2020-02-26,2020022601031486,AHPC,37,1,"1,000",111.00,"111,000.00"
2020-02-26,2020022601031485,AHPC,34,1,"1,000",111.00,"111,000.00"
2020-02-26,2020022601031484,AHPC,58,1,"1,000",112.00,"112,000.00"
2020-02-26,2020022601031483,AHPC,40,1,470,112.00,"52,640.00"
2020-02-26,2020022601031568,ALBSL,6,1,13,885.00,"11,505.00"
2020-02-26,2020022601031559,ALBSL,6,42,12,885.00,"10,620.00"
2020-02-26,2020022601031558,ALBSL,52,42,38,885.00,"33,630.00"
2020-02-26,2020022601031357,ALICL,54,57,10,702.00,"7,020.00"
2020-02-26,2020022601031246,ALICL,14,40,250,700.00,"175,000.00"
2020-02-26,2020022601031245,ALICL,7,40,300,700.00,"210,000.00"
2020-02-26,2020022601031244,ALICL,45,40,450,700.00,"315,000.00"
2020-02-26,2020022601031211,ALICL,45,5,500,700.00,"350,000.00"
2020-02-26,2020022601031649,API,42,1,125,151.00,"18,875.00"
2020-02-26,2020022601031648,API,29,1,551,151.00,"83,201.00"
2020-02-26,2020022601031286,API,49,17,"3,999",153.00,"611,847.00"
2020-02-26,2020022601031585,BARUN,46,7,500,103.00,"51,500.00"
2020-02-26,2020022601031584,BARUN,28,7,470,103.00,"48,410.00"
2020-02-26,2020022601031642,BOKL,42,57,100,273.00,"27,300.00"
2020-02-26,2020022601031417,BOKL,42,50,100,273.00,"27,300.00"
2020-02-26,2020022601031329,BOKL,43,58,116,274.00,"31,784.00"
2020-02-26,2020022601031328,BOKL,43,44,184,274.00,"50,416.00"
2020-02-26,2020022601031199,BOKL,53,44,36,274.00,"9,864.00"
2020-02-26,2020022601031433,BPCL,28,53,70,404.00,"28,280.00"
2020-02-26,2020022601031432,BPCL,25,53,"1,950",404.00,"787,800.00"
2020-02-26,2020022601031431,BPCL,25,53,"1,450",404.00,"585,800.00"
2020-02-26,2020022601031430,BPCL,41,53,167,405.00,"67,635.00"
2020-02-26,2020022601031583,CBL,26,52,200,158.00,"31,600.00"
2020-02-26,2020022601031248,CBL,41,52,300,158.00,"47,400.00"
2020-02-26,2020022601031206,CBL,21,58,"1,861",157.00,"292,177.00"
2020-02-26,2020022601031205,CBL,7,58,"1,139",157.00,"178,823.00"
2020-02-26,2020022601031594,CCBL,25,47,171,198.00,"33,858.00"
2020-02-26,2020022601031166,CCBL,42,26,100,199.00,"19,900.00"
2020-02-26,2020022601031395,CFCL,26,41,25,154.00,"3,850.00"
2020-02-26,2020022601031209,CFCL,26,41,25,154.00,"3,850.00"
2020-02-26,2020022601031162,CFCL,26,25,200,154.00,"30,800.00"
2020-02-26,2020022601031380,CHCL,28,43,"2,217",469.00,"1,039,773.00"
2020-02-26,2020022601031379,CHCL,52,43,300,469.00,"140,700.00"
2020-02-26,2020022601031378,CHCL,1,43,319,470.00,"149,930.00"
2020-02-26,2020022601031377,CHCL,52,43,100,470.00,"47,000.00"
2020-02-26,2020022601031376,CHCL,32,43,64,470.00,"30,080.00"
2020-02-26,2020022601031347,CHCL,32,41,36,470.00,"16,920.00"
2020-02-26,2020022601031346,CHCL,10,41,82,470.00,"38,540.00"
2020-02-26,2020022601031235,CIT,11,43,100,"3,100.00","310,000.00"
2020-02-26,2020022601031210,CZBIL,13,43,316,218.00,"68,888.00"
2020-02-26,2020022601031172,CZBIL,37,45,100,217.00,"21,700.00"
2020-02-26,2020022601031629,DDBL,53,43,181,"1,040.00","188,240.00"
2020-02-26,2020022601031628,DDBL,4,43,200,"1,040.00","208,000.00"
2020-02-26,2020022601031627,DDBL,32,43,100,"1,041.00","104,100.00"
2020-02-26,2020022601031626,DDBL,3,43,38,"1,042.00","39,596.00"
2020-02-26,2020022601031625,DDBL,39,43,50,"1,046.00","52,300.00"
2020-02-26,2020022601031510,DDBL,17,6,100,"1,049.00","104,900.00"
2020-02-26,2020022601031477,DDBL,36,38,50,"1,050.00","52,500.00"
2020-02-26,2020022601031476,DDBL,44,38,73,"1,050.00","76,650.00"
2020-02-26,2020022601031475,DDBL,45,38,200,"1,051.00","210,200.00"
2020-02-26,2020022601031524,EBL,45,42,25,793.00,"19,825.00"
2020-02-26,2020022601031332,EBL,57,7,100,790.00,"79,000.00"
2020-02-26,2020022601031302,EBL,42,7,100,790.00,"79,000.00"
2020-02-26,2020022601031225,EBL,25,7,800,790.00,"632,000.00"
2020-02-26,2020022601031600,EIC,41,57,100,489.00,"48,900.00"
2020-02-26,2020022601031292,EIC,34,42,90,485.00,"43,650.00"
2020-02-26,2020022601031291,EIC,32,42,200,485.00,"97,000.00"
2020-02-26,2020022601031290,EIC,26,42,50,485.00,"24,250.00"
2020-02-26,2020022601031289,EIC,54,42,150,485.00,"72,750.00"
2020-02-26,2020022601031288,EIC,40,42,10,486.00,"4,860.00"
2020-02-26,2020022601031218,EIC,41,1,300,489.00,"146,700.00"
2020-02-26,2020022601031217,EIC,41,51,100,489.00,"48,900.00"
2020-02-26,2020022601031216,EIC,41,51,100,489.00,"48,900.00"
2020-02-26,2020022601031482,FMDBL,33,42,100,671.00,"67,100.00"
2020-02-26,2020022601031504,FOWAD,58,51,10,"1,990.00","19,900.00"
2020-02-26,2020022601031644,GBBL,33,34,200,273.00,"54,600.00"
2020-02-26,2020022601031587,GBBL,14,34,195,273.00,"53,235.00"
2020-02-26,2020022601031164,GBBL,14,57,305,273.00,"83,265.00"
2020-02-26,2020022601031163,GBBL,14,42,500,273.00,"136,500.00"
2020-02-26,2020022601031590,GBIME,17,47,100,297.00,"29,700.00"
2020-02-26,2020022601031325,GBIME,17,49,60,297.00,"17,820.00"
2020-02-26,2020022601031324,GBIME,59,49,500,297.00,"148,500.00"
2020-02-26,2020022601031323,GBIME,59,49,440,297.00,"130,680.00"
2020-02-26,2020022601031224,GBIME,11,49,140,298.00,"41,720.00"
2020-02-26,2020022601031223,GBIME,11,26,50,298.00,"14,900.00"
2020-02-26,2020022601031222,GBIME,11,43,110,298.00,"32,780.00"
2020-02-26,2020022601031196,GBIME,35,43,132,298.00,"39,336.00"
2020-02-26,2020022601031195,GBIME,35,53,100,298.00,"29,800.00"
2020-02-26,2020022601031194,GBIME,35,54,108,298.00,"32,184.00"
2020-02-26,2020022601031193,GBIME,35,44,60,298.00,"17,880.00"
2020-02-26,2020022601031550,GBLBS,35,13,15,637.00,"9,555.00"
2020-02-26,2020022601031495,GBLBS,1,48,20,640.00,"12,800.00"
2020-02-26,2020022601031414,GBLBS,43,48,300,640.00,"192,000.00"
2020-02-26,2020022601031174,GBLBS,5,49,304,641.00,"194,864.00"
2020-02-26,2020022601031173,GBLBS,5,6,177,640.00,"113,280.00"
2020-02-26,2020022601031158,GBLBS,45,49,50,638.00,"31,900.00"
2020-02-26,2020022601031157,GBLBS,49,49,50,638.00,"31,900.00"
2020-02-26,2020022601031562,GILB,45,41,35,"1,632.00","57,120.00"
2020-02-26,2020022601031561,GILB,45,39,25,"1,618.00","40,450.00"
2020-02-26,2020022601031283,GLBSL,39,13,10,855.00,"8,550.00"
2020-02-26,2020022601031639,GLICL,41,5,200,"1,027.00","205,400.00"
2020-02-26,2020022601031276,GLICL,40,20,200,"1,028.00","205,600.00"
2020-02-26,2020022601031275,GLICL,40,14,300,"1,028.00","308,400.00"
2020-02-26,2020022601031258,GLICL,35,11,58,"1,024.00","59,392.00"
2020-02-26,2020022601031257,GLICL,21,11,10,"1,024.00","10,240.00"
2020-02-26,2020022601031256,GLICL,5,11,100,"1,024.00","102,400.00"
2020-02-26,2020022601031192,GLICL,49,20,250,"1,028.00","257,000.00"
2020-02-26,2020022601031187,GLICL,35,20,100,"1,028.00","102,800.00"
2020-02-26,2020022601031255,GLICL,57,11,12,"1,024.00","12,288.00"
2020-02-26,2020022601031254,GLICL,58,11,50,"1,025.00","51,250.00"
2020-02-26,2020022601031253,GLICL,42,11,30,"1,025.00","30,750.00"
2020-02-26,2020022601031252,GLICL,35,11,100,"1,026.00","102,600.00"
2020-02-26,2020022601031251,GLICL,54,11,40,"1,026.00","41,040.00"
2020-02-26,2020022601031250,GLICL,35,11,100,"1,027.00","102,700.00"
2020-02-26,2020022601031159,GUFL,41,11,200,141.00,"28,200.00"
2020-02-26,2020022601031635,HDL,19,3,100,"1,879.00","187,900.00"
2020-02-26,2020022601031589,HDL,45,58,50,"1,880.00","94,000.00"
2020-02-26,2020022601031574,HDL,53,58,10,"1,880.00","18,800.00"
2020-02-26,2020022601031566,HDL,45,58,88,"1,880.00","165,440.00"
2020-02-26,2020022601031565,HDL,47,58,100,"1,880.00","188,000.00"
2020-02-26,2020022601031502,HDL,45,54,12,"1,880.00","22,560.00"
2020-02-26,2020022601031406,HDL,1,4,100,"1,882.00","188,200.00"
2020-02-26,2020022601031358,HDL,36,4,100,"1,882.00","188,200.00"
2020-02-26,2020022601031212,HDL,33,57,50,"1,890.00","94,500.00"
2020-02-26,2020022601031189,HDL,7,13,17,"1,881.00","31,977.00"
2020-02-26,2020022601031188,HDL,8,13,33,"1,881.00","62,073.00"
2020-02-26,2020022601031165,HDL,8,49,17,"1,881.00","31,977.00"
2020-02-26,2020022601031501,HDL,47,54,50,"1,880.00","94,000.00"
2020-02-26,2020022601031500,HDL,54,54,50,"1,880.00","94,000.00"
2020-02-26,2020022601031499,HDL,25,54,150,"1,880.00","282,000.00"
2020-02-26,2020022601031498,HDL,59,54,145,"1,880.00","272,600.00"
2020-02-26,2020022601031497,HDL,34,54,10,"1,881.00","18,810.00"
2020-02-26,2020022601031496,HDL,7,54,83,"1,881.00","156,123.00"
2020-02-26,2020022601031555,HGI,56,49,10,471.00,"4,710.00"
2020-02-26,2020022601031493,HGI,41,28,50,476.00,"23,800.00"
2020-02-26,2020022601031370,HGI,58,28,330,476.00,"157,080.00"
2020-02-26,2020022601031369,HGI,58,45,170,476.00,"80,920.00"
2020-02-26,2020022601031284,HIDCL,53,58,330,155.00,"51,150.00"
2020-02-26,2020022601031197,ILBS,49,11,10,953.00,"9,530.00"
2020-02-26,2020022601031593,JBBL,35,58,28,203.00,"5,684.00"
2020-02-26,2020022601031334,JBBL,51,57,267,202.00,"53,934.00"
2020-02-26,2020022601031333,JBBL,1,57,233,202.00,"47,066.00"
2020-02-26,2020022601031267,JBBL,49,58,"1,000",203.00,"203,000.00"
2020-02-26,2020022601031266,JBBL,14,58,200,203.00,"40,600.00"
2020-02-26,2020022601031265,JBBL,42,58,"1,500",203.00,"304,500.00"
2020-02-26,2020022601031264,JBBL,35,58,"2,000",203.00,"406,000.00"
2020-02-26,2020022601031263,JBBL,49,58,"1,981",203.00,"402,143.00"
2020-02-26,2020022601031588,JSLBB,44,41,100,"1,921.00","192,100.00"
2020-02-26,2020022601031441,JSLBB,44,49,50,"1,921.00","96,050.00"
2020-02-26,2020022601031592,KMCDB,11,42,50,"1,097.00","54,850.00"
2020-02-26,2020022601031492,KMCDB,48,45,42,"1,093.00","45,906.00"
2020-02-26,2020022601031491,KMCDB,29,45,50,"1,093.00","54,650.00"
2020-02-26,2020022601031490,KMCDB,44,45,20,"1,093.00","21,860.00"
2020-02-26,2020022601031489,KMCDB,41,45,60,"1,096.00","65,760.00"
2020-02-26,2020022601031353,KMCDB,29,50,10,"1,096.00","10,960.00"
2020-02-26,2020022601031219,KMCDB,49,50,10,"1,096.00","10,960.00"
2020-02-26,2020022601031367,KPCL,59,48,10,122.00,"1,220.00"
2020-02-26,2020022601031202,KSBBL,20,40,916,181.00,"165,796.00"
2020-02-26,2020022601031201,KSBBL,34,40,84,181.00,"15,204.00"
2020-02-26,2020022601031506,LBL,5,16,283,255.00,"72,165.00"
2020-02-26,2020022601031505,LBL,32,16,717,255.00,"182,835.00"
2020-02-26,2020022601031527,LGIL,59,33,262,599.00,"156,938.00"
2020-02-26,2020022601031526,LGIL,59,33,500,598.00,"299,000.00"
2020-02-26,2020022601031525,LGIL,59,33,238,596.00,"141,848.00"
2020-02-26,2020022601031387,LGIL,59,33,262,596.00,"156,152.00"
2020-02-26,2020022601031386,LGIL,59,6,200,596.00,"119,200.00"
2020-02-26,2020022601031385,LGIL,59,14,200,595.00,"119,000.00"
2020-02-26,2020022601031384,LGIL,59,34,100,595.00,"59,500.00"
2020-02-26,2020022601031383,LGIL,59,26,50,594.00,"29,700.00"
2020-02-26,2020022601031382,LGIL,59,47,143,592.00,"84,656.00"
2020-02-26,2020022601031381,LGIL,59,3,45,592.00,"26,640.00"
2020-02-26,2020022601031413,LICN,26,11,650,"1,745.00","1,134,250.00"
2020-02-26,2020022601031390,LICN,33,7,100,"1,744.00","174,400.00"
2020-02-26,2020022601031389,LICN,33,45,50,"1,740.00","87,000.00"
2020-02-26,2020022601031198,LICN,40,11,200,"1,745.00","349,000.00"
2020-02-26,2020022601031512,LLBS,40,5,15,"1,342.00","20,130.00"
2020-02-26,2020022601031572,MDB,25,6,219,427.00,"93,513.00"
2020-02-26,2020022601031571,MDB,1,6,381,427.00,"162,687.00"
2020-02-26,2020022601031570,MDB,3,6,100,428.00,"42,800.00"
2020-02-26,2020022601031539,MEGA,58,50,40,244.00,"9,760.00"
2020-02-26,2020022601031538,MEGA,58,43,"2,000",244.00,"488,000.00"
2020-02-26,2020022601031537,MEGA,58,58,500,244.00,"122,000.00"
2020-02-26,2020022601031517,MEGA,33,58,200,244.00,"48,800.00"
2020-02-26,2020022601031607,MERO,50,19,200,809.00,"161,800.00"
2020-02-26,2020022601031412,MFIL,51,22,221,260.00,"57,460.00"
2020-02-26,2020022601031411,MFIL,51,29,321,260.00,"83,460.00"
2020-02-26,2020022601031410,MFIL,51,5,100,260.00,"26,000.00"
2020-02-26,2020022601031409,MFIL,51,6,"1,000",260.00,"260,000.00"
2020-02-26,2020022601031408,MFIL,51,17,100,260.00,"26,000.00"
2020-02-26,2020022601031407,MFIL,51,45,404,260.00,"105,040.00"
2020-02-26,2020022601031374,MFIL,51,53,400,258.00,"103,200.00"
2020-02-26,2020022601031608,MLBBL,41,5,25,910.00,"22,750.00"
2020-02-26,2020022601031373,MLBL,25,34,18,247.00,"4,446.00"
2020-02-26,2020022601031372,MLBL,42,34,50,247.00,"12,350.00"
2020-02-26,2020022601031371,MLBL,33,34,332,247.00,"82,004.00"
2020-02-26,2020022601031351,MNBBL,11,58,300,386.00,"115,800.00"
2020-02-26,2020022601031322,MNBBL,11,1,52,385.00,"20,020.00"
2020-02-26,2020022601031557,MPFL,58,32,50,129.00,"6,450.00"
2020-02-26,2020022601031606,NABIL,5,7,200,874.00,"174,800.00"
2020-02-26,2020022601031354,NABIL,53,1,50,870.00,"43,500.00"
2020-02-26,2020022601031350,NABIL,44,42,300,866.00,"259,800.00"
2020-02-26,2020022601031349,NABIL,25,42,"1,000",866.00,"866,000.00"
2020-02-26,2020022601031348,NABIL,25,42,500,867.00,"433,500.00"
2020-02-26,2020022601031298,NABIL,20,1,50,870.00,"43,500.00"
2020-02-26,2020022601031278,NADEP,51,5,100,820.00,"82,000.00"
2020-02-26,2020022601031569,NBB,43,38,300,232.00,"69,600.00"
2020-02-26,2020022601031564,NBB,19,38,500,232.00,"116,000.00"
2020-02-26,2020022601031509,NBB,5,38,"1,000",232.00,"232,000.00"
2020-02-26,2020022601031508,NBB,53,38,300,232.00,"69,600.00"
2020-02-26,2020022601031507,NBB,53,38,132,232.00,"30,624.00"
2020-02-26,2020022601031645,NBL,33,35,100,308.00,"30,800.00"
2020-02-26,2020022601031599,NBL,52,44,250,307.00,"76,750.00"
2020-02-26,2020022601031598,NBL,57,44,800,307.00,"245,600.00"
2020-02-26,2020022601031597,NBL,45,44,500,307.00,"153,500.00"
2020-02-26,2020022601031596,NBL,14,44,500,307.00,"153,500.00"
2020-02-26,2020022601031595,NBL,44,44,"1,950",307.00,"598,650.00"
2020-02-26,2020022601031405,NBL,49,35,"1,000",308.00,"308,000.00"
2020-02-26,2020022601031404,NBL,53,35,"1,000",308.00,"308,000.00"
2020-02-26,2020022601031403,NBL,35,35,"1,000",308.00,"308,000.00"
2020-02-26,2020022601031402,NBL,59,35,456,308.00,"140,448.00"
2020-02-26,2020022601031262,NBL,36,41,250,309.00,"77,250.00"
2020-02-26,2020022601031261,NBL,36,41,"1,745",309.00,"539,205.00"
2020-02-26,2020022601031609,NCCB,35,6,40,212.00,"8,480.00"
2020-02-26,2020022601031560,NCCB,35,42,75,212.00,"15,900.00"
2020-02-26,2020022601031458,NCCB,47,38,100,213.00,"21,300.00"
2020-02-26,2020022601031259,NCCB,35,50,18,212.00,"3,816.00"
2020-02-26,2020022601031215,NFS,8,49,500,150.00,"75,000.00"
2020-02-26,2020022601031481,NGPL,22,22,203,149.00,"30,247.00"
2020-02-26,2020022601031480,NGPL,14,22,"1,500",149.00,"223,500.00"
2020-02-26,2020022601031479,NGPL,57,22,54,149.00,"8,046.00"
2020-02-26,2020022601031344,NGPL,57,26,946,149.00,"140,954.00"
2020-02-26,2020022601031343,NGPL,22,26,700,149.00,"104,300.00"
2020-02-26,2020022601031156,NGPL,22,49,224,150.00,"33,600.00"
2020-02-26,2020022601031342,NGPL,22,26,700,149.00,"104,300.00"
2020-02-26,2020022601031341,NGPL,44,26,300,149.00,"44,700.00"
2020-02-26,2020022601031340,NGPL,49,26,"2,000",149.00,"298,000.00"
2020-02-26,2020022601031339,NGPL,39,26,78,149.00,"11,622.00"
2020-02-26,2020022601031338,NGPL,22,26,276,150.00,"41,400.00"
2020-02-26,2020022601031335,NGPL,22,39,500,150.00,"75,000.00"
2020-02-26,2020022601031623,NIB,7,32,278,450.00,"125,100.00"
2020-02-26,2020022601031622,NIB,7,6,500,450.00,"225,000.00"
2020-02-26,2020022601031621,NIB,7,25,100,450.00,"45,000.00"
2020-02-26,2020022601031620,NIB,7,17,44,450.00,"19,800.00"
2020-02-26,2020022601031619,NIB,7,25,44,450.00,"19,800.00"
2020-02-26,2020022601031618,NIB,7,58,199,450.00,"89,550.00"
2020-02-26,2020022601031297,NIB,45,45,200,449.00,"89,800.00"
2020-02-26,2020022601031296,NIB,45,45,50,449.00,"22,450.00"
2020-02-26,2020022601031295,NIB,45,58,960,449.00,"431,040.00"
2020-02-26,2020022601031464,NIB,49,46,550,450.00,"247,500.00"
2020-02-26,2020022601031463,NIB,49,33,500,450.00,"225,000.00"
2020-02-26,2020022601031462,NIB,49,14,100,450.00,"45,000.00"
2020-02-26,2020022601031461,NIB,49,44,"1,953",450.00,"878,850.00"
2020-02-26,2020022601031460,NIB,49,37,36,450.00,"16,200.00"
2020-02-26,2020022601031326,NIB,45,50,62,449.00,"27,838.00"
2020-02-26,2020022601031470,NIB,49,44,262,450.00,"117,900.00"
2020-02-26,2020022601031469,NIB,49,14,500,450.00,"225,000.00"
2020-02-26,2020022601031468,NIB,49,49,100,450.00,"45,000.00"
2020-02-26,2020022601031467,NIB,49,42,550,450.00,"247,500.00"
2020-02-26,2020022601031466,NIB,49,45,40,450.00,"18,000.00"
2020-02-26,2020022601031465,NIB,49,39,200,450.00,"90,000.00"
2020-02-26,2020022601031617,NIB,7,11,150,450.00,"67,500.00"
2020-02-26,2020022601031616,NIB,7,33,254,450.00,"114,300.00"
2020-02-26,2020022601031615,NIB,7,42,431,450.00,"193,950.00"
2020-02-26,2020022601031473,NIB,49,42,69,450.00,"31,050.00"
2020-02-26,2020022601031472,NIB,49,28,100,450.00,"45,000.00"
2020-02-26,2020022601031471,NIB,49,34,40,450.00,"18,000.00"
2020-02-26,2020022601031652,NICA,47,8,50,610.00,"30,500.00"
2020-02-26,2020022601031651,NICA,5,8,170,610.00,"103,700.00"
2020-02-26,2020022601031551,NICA,5,26,30,610.00,"18,300.00"
2020-02-26,2020022601031375,NICA,5,45,100,610.00,"61,000.00"
2020-02-26,2020022601031366,NICA,44,41,107,611.00,"65,377.00"
2020-02-26,2020022601031365,NICA,44,57,"2,053",611.00,"1,254,383.00"
2020-02-26,2020022601031304,NICA,43,51,100,609.00,"60,900.00"
2020-02-26,2020022601031274,NICA,33,45,18,608.00,"10,944.00"
2020-02-26,2020022601031273,NICA,33,45,22,608.00,"13,376.00"
2020-02-26,2020022601031171,NICA,28,36,270,606.00,"163,620.00"
2020-02-26,2020022601031170,NICA,37,36,500,607.00,"303,500.00"
2020-02-26,2020022601031364,NICA,44,6,673,610.00,"410,530.00"
2020-02-26,2020022601031363,NICA,44,42,30,610.00,"18,300.00"
2020-02-26,2020022601031362,NICA,44,3,40,610.00,"24,400.00"
2020-02-26,2020022601031361,NICA,44,40,97,610.00,"59,170.00"
2020-02-26,2020022601031360,NICA,5,22,200,610.00,"122,000.00"
2020-02-26,2020022601031330,NICA,49,51,98,609.00,"59,682.00"
2020-02-26,2020022601031554,NICL,46,57,70,534.00,"37,380.00"
2020-02-26,2020022601031553,NICL,22,57,500,534.00,"267,000.00"
2020-02-26,2020022601031552,NICL,57,57,80,534.00,"42,720.00"
2020-02-26,2020022601031355,NIL,36,59,100,699.00,"69,900.00"
2020-02-26,2020022601031186,NIL,34,43,135,695.00,"93,825.00"
2020-02-26,2020022601031185,NIL,28,43,"1,000",695.00,"695,000.00"
2020-02-26,2020022601031184,NIL,7,43,200,695.00,"139,000.00"
2020-02-26,2020022601031183,NIL,35,43,200,695.00,"139,000.00"
2020-02-26,2020022601031182,NIL,44,43,"1,000",696.00,"696,000.00"
2020-02-26,2020022601031175,NIL,29,43,100,698.00,"69,800.00"
2020-02-26,2020022601031181,NIL,34,43,"1,000",696.00,"696,000.00"
2020-02-26,2020022601031180,NIL,44,43,520,696.00,"361,920.00"
2020-02-26,2020022601031179,NIL,35,43,200,697.00,"139,400.00"
2020-02-26,2020022601031178,NIL,35,43,130,697.00,"90,610.00"
2020-02-26,2020022601031177,NIL,54,43,"1,500",697.00,"1,045,500.00"
2020-02-26,2020022601031176,NIL,14,43,15,697.00,"10,455.00"
2020-02-26,2020022601031305,NLBBL,41,45,50,917.00,"45,850.00"
2020-02-26,2020022601031401,NLG,38,43,188,754.00,"141,752.00"
2020-02-26,2020022601031400,NLG,39,43,30,755.00,"22,650.00"
2020-02-26,2020022601031399,NLG,28,43,200,755.00,"151,000.00"
2020-02-26,2020022601031398,NLG,45,43,500,756.00,"378,000.00"
2020-02-26,2020022601031337,NLG,28,11,150,758.00,"113,700.00"
2020-02-26,2020022601031336,NLG,34,11,30,760.00,"22,800.00"
2020-02-26,2020022601031285,NLG,34,43,312,760.00,"237,120.00"
2020-02-26,2020022601031641,NLIC,36,33,25,"1,493.00","37,325.00"
2020-02-26,2020022601031640,NLIC,36,54,101,"1,493.00","150,793.00"
2020-02-26,2020022601031604,NLIC,50,54,100,"1,493.00","149,300.00"
2020-02-26,2020022601031516,NLIC,42,54,299,"1,493.00","446,407.00"
2020-02-26,2020022601031515,NLIC,42,51,102,"1,493.00","152,286.00"
2020-02-26,2020022601031514,NLIC,42,45,99,"1,492.00","147,708.00"
2020-02-26,2020022601031420,NLIC,42,45,100,"1,492.00","149,200.00"
2020-02-26,2020022601031345,NLIC,49,45,20,"1,492.00","29,840.00"
2020-02-26,2020022601031294,NLIC,19,44,100,"1,490.00","149,000.00"
2020-02-26,2020022601031226,NLIC,19,13,195,"1,490.00","290,550.00"
2020-02-26,2020022601031214,NLIC,45,45,10,"1,492.00","14,920.00"
2020-02-26,2020022601031653,NLICL,51,22,163,851.00,"138,713.00"
2020-02-26,2020022601031513,NLICL,57,22,100,851.00,"85,100.00"
2020-02-26,2020022601031249,NLICL,49,11,500,851.00,"425,500.00"
2020-02-26,2020022601031636,NMB,59,43,200,484.00,"96,800.00"
2020-02-26,2020022601031536,NMB,46,43,500,484.00,"242,000.00"
2020-02-26,2020022601031523,NMB,49,43,100,484.00,"48,400.00"
2020-02-26,2020022601031522,NMB,13,43,200,484.00,"96,800.00"
2020-02-26,2020022601031521,NMB,52,43,50,484.00,"24,200.00"
2020-02-26,2020022601031520,NMB,56,43,500,484.00,"242,000.00"
2020-02-26,2020022601031415,NMB,49,45,126,485.00,"61,110.00"
2020-02-26,2020022601031388,NMB,35,7,12,485.00,"5,820.00"
2020-02-26,2020022601031356,NMB,35,33,100,485.00,"48,500.00"
2020-02-26,2020022601031331,NMB,19,33,300,485.00,"145,500.00"
2020-02-26,2020022601031299,NMB,41,33,200,485.00,"97,000.00"
2020-02-26,2020022601031519,NMB,40,43,318,484.00,"153,912.00"
2020-02-26,2020022601031518,NMB,50,59,500,485.00,"242,500.00"
2020-02-26,2020022601031435,NMB,58,49,88,486.00,"42,768.00"
2020-02-26,2020022601031434,NMB,58,43,412,485.00,"199,820.00"
2020-02-26,2020022601031421,NMB,35,43,88,485.00,"42,680.00"
2020-02-26,2020022601031416,NMB,49,49,74,486.00,"35,964.00"
2020-02-26,2020022601031232,NSEWA,13,42,10,921.00,"9,210.00"
2020-02-26,2020022601031650,NUBL,45,6,180,"1,202.00","216,360.00"
2020-02-26,2020022601031436,NUBL,19,6,10,"1,205.00","12,050.00"
2020-02-26,2020022601031208,NUBL,45,47,200,"1,202.00","240,400.00"
2020-02-26,2020022601031634,OHL,44,10,20,535.00,"10,700.00"
2020-02-26,2020022601031633,OHL,42,10,50,535.00,"26,750.00"
2020-02-26,2020022601031474,OHL,42,10,500,535.00,"267,500.00"
2020-02-26,2020022601031247,PCBL,53,26,300,329.00,"98,700.00"
2020-02-26,2020022601031200,PCBL,44,26,100,329.00,"32,900.00"
2020-02-26,2020022601031440,PFL,57,45,154,169.00,"26,026.00"
2020-02-26,2020022601031439,PFL,59,45,300,169.00,"50,700.00"
2020-02-26,2020022601031438,PFL,59,45,300,169.00,"50,700.00"
2020-02-26,2020022601031437,PFL,59,45,211,169.00,"35,659.00"
2020-02-26,2020022601031293,PFL,59,49,13,169.00,"2,197.00"
2020-02-26,2020022601031268,PFL,59,49,13,169.00,"2,197.00"
2020-02-26,2020022601031203,PFL,59,49,13,169.00,"2,197.00"
2020-02-26,2020022601031556,PIC,13,4,100,735.00,"73,500.00"
2020-02-26,2020022601031207,PLIC,42,49,100,716.00,"71,600.00"
2020-02-26,2020022601031503,PMHPL,39,49,10,95.00,950.00
2020-02-26,2020022601031204,PMHPL,39,57,10,95.00,950.00
2020-02-26,2020022601031478,PRIN,58,32,238,535.00,"127,330.00"
2020-02-26,2020022601031231,PRIN,48,19,62,533.00,"33,046.00"
2020-02-26,2020022601031230,PRIN,49,19,97,533.00,"51,701.00"
2020-02-26,2020022601031229,PRIN,26,19,100,533.00,"53,300.00"
2020-02-26,2020022601031228,PRIN,51,19,200,534.00,"106,800.00"
2020-02-26,2020022601031227,PRIN,33,19,41,535.00,"21,935.00"
2020-02-26,2020022601031575,PRVU,4,1,50,275.00,"13,750.00"
2020-02-26,2020022601031459,PRVU,57,41,500,276.00,"138,000.00"
2020-02-26,2020022601031315,PRVU,35,41,200,276.00,"55,200.00"
2020-02-26,2020022601031238,PRVU,4,33,"1,459",275.00,"401,225.00"
2020-02-26,2020022601031314,PRVU,35,5,200,276.00,"55,200.00"
2020-02-26,2020022601031243,PRVU,4,54,"2,000",275.00,"550,000.00"
2020-02-26,2020022601031242,PRVU,4,36,300,275.00,"82,500.00"
2020-02-26,2020022601031241,PRVU,4,46,300,275.00,"82,500.00"
2020-02-26,2020022601031240,PRVU,4,44,585,275.00,"160,875.00"
2020-02-26,2020022601031239,PRVU,4,25,100,275.00,"27,500.00"
2020-02-26,2020022601031327,RLFL,57,21,10,151.00,"1,510.00"
2020-02-26,2020022601031287,RLFL,57,47,162,150.00,"24,300.00"
2020-02-26,2020022601031272,RLFL,57,34,59,149.00,"8,791.00"
2020-02-26,2020022601031271,RLFL,57,48,100,149.00,"14,900.00"
2020-02-26,2020022601031638,RMDC,50,52,250,869.00,"217,250.00"
2020-02-26,2020022601031637,RMDC,50,50,500,868.00,"434,000.00"
2020-02-26,2020022601031582,RSDC,57,19,100,678.00,"67,800.00"
2020-02-26,2020022601031392,RSDC,57,46,20,678.00,"13,560.00"
2020-02-26,2020022601031391,RSDC,57,22,63,678.00,"42,714.00"
2020-02-26,2020022601031213,RSDC,57,46,10,677.00,"6,770.00"
2020-02-26,2020022601031161,RSDC,49,34,50,675.00,"33,750.00"
2020-02-26,2020022601031160,RSDC,49,1,86,675.00,"58,050.00"
2020-02-26,2020022601031643,SABSL,41,55,10,"1,000.00","10,000.00"
2020-02-26,2020022601031591,SANIMA,42,47,200,400.00,"80,000.00"
2020-02-26,2020022601031586,SANIMA,58,47,500,400.00,"200,000.00"
2020-02-26,2020022601031581,SANIMA,57,47,300,400.00,"120,000.00"
2020-02-26,2020022601031580,SANIMA,35,47,500,400.00,"200,000.00"
2020-02-26,2020022601031579,SANIMA,35,47,200,400.00,"80,000.00"
2020-02-26,2020022601031578,SANIMA,57,47,73,400.00,"29,200.00"
2020-02-26,2020022601031300,SANIMA,57,47,427,400.00,"170,800.00"
2020-02-26,2020022601031260,SANIMA,35,47,400,400.00,"160,000.00"
2020-02-26,2020022601031535,SANIMA,57,54,106,402.00,"42,612.00"
2020-02-26,2020022601031534,SANIMA,57,57,100,402.00,"40,200.00"
2020-02-26,2020022601031533,SANIMA,57,52,358,401.00,"143,558.00"
2020-02-26,2020022601031532,SANIMA,57,29,436,401.00,"174,836.00"
2020-02-26,2020022601031359,SANIMA,57,47,427,400.00,"170,800.00"
2020-02-26,2020022601031301,SANIMA,57,47,573,400.00,"229,200.00"
2020-02-26,2020022601031549,SBL,25,19,239,365.00,"87,235.00"
2020-02-26,2020022601031548,SBL,25,50,200,365.00,"73,000.00"
2020-02-26,2020022601031547,SBL,25,47,500,365.00,"182,500.00"
2020-02-26,2020022601031546,SBL,25,56,150,365.00,"54,750.00"
2020-02-26,2020022601031545,SBL,25,50,300,365.00,"109,500.00"
2020-02-26,2020022601031544,SBL,25,38,150,365.00,"54,750.00"
2020-02-26,2020022601031155,SBL,7,36,100,363.00,"36,300.00"
2020-02-26,2020022601031543,SBL,25,52,50,365.00,"18,250.00"
2020-02-26,2020022601031542,SBL,25,58,641,365.00,"233,965.00"
2020-02-26,2020022601031541,SBL,25,17,520,365.00,"189,800.00"
2020-02-26,2020022601031540,SBL,25,22,730,364.00,"265,720.00"
2020-02-26,2020022601031529,SBL,1,22,270,364.00,"98,280.00"
2020-02-26,2020022601031528,SBL,1,32,230,364.00,"83,720.00"
2020-02-26,2020022601031429,SCB,11,45,17,770.00,"13,090.00"
2020-02-26,2020022601031428,SCB,11,6,200,770.00,"154,000.00"
2020-02-26,2020022601031427,SCB,11,26,50,770.00,"38,500.00"
2020-02-26,2020022601031426,SCB,11,28,102,770.00,"78,540.00"
2020-02-26,2020022601031425,SCB,11,11,100,768.00,"76,800.00"
2020-02-26,2020022601031424,SCB,11,42,10,768.00,"7,680.00"
2020-02-26,2020022601031423,SCB,11,48,11,768.00,"8,448.00"
2020-02-26,2020022601031422,SCB,11,41,10,762.00,"7,620.00"
2020-02-26,2020022601031233,SCB,49,48,10,768.00,"7,680.00"
2020-02-26,2020022601031632,SHINE,51,40,500,328.00,"164,000.00"
2020-02-26,2020022601031576,SHINE,41,35,100,327.00,"32,700.00"
2020-02-26,2020022601031511,SHINE,41,40,400,327.00,"130,800.00"
2020-02-26,2020022601031613,SHIVM,3,42,100,726.00,"72,600.00"
2020-02-26,2020022601031612,SHIVM,42,42,"1,000",726.00,"726,000.00"
2020-02-26,2020022601031611,SHIVM,49,42,500,727.00,"363,500.00"
2020-02-26,2020022601031419,SHIVM,6,21,"1,000",727.00,"727,000.00"
2020-02-26,2020022601031220,SHIVM,49,58,500,729.00,"364,500.00"
2020-02-26,2020022601031303,SHPC,34,42,200,260.00,"52,000.00"
2020-02-26,2020022601031605,SIC,45,34,50,857.00,"42,850.00"
2020-02-26,2020022601031531,SIC,45,34,110,857.00,"94,270.00"
2020-02-26,2020022601031530,SIC,45,51,90,854.00,"76,860.00"
2020-02-26,2020022601031418,SIC,54,51,10,854.00,"8,540.00"
2020-02-26,2020022601031237,SIC,46,35,20,852.00,"17,040.00"
2020-02-26,2020022601031236,SIC,8,35,50,852.00,"42,600.00"
2020-02-26,2020022601031234,SIC,8,26,136,852.00,"115,872.00"
2020-02-26,2020022601031631,SICL,51,43,200,"1,180.00","236,000.00"
2020-02-26,2020022601031630,SICL,25,43,230,"1,180.00","271,400.00"
2020-02-26,2020022601031221,SICL,51,25,500,"1,181.00","590,500.00"
2020-02-26,2020022601031191,SICL,40,44,260,"1,184.00","307,840.00"
2020-02-26,2020022601031190,SICL,40,5,240,"1,183.00","283,920.00"
2020-02-26,2020022601031654,SIL,42,44,40,687.00,"27,480.00"
2020-02-26,2020022601031281,SIL,20,32,15,683.00,"10,245.00"
2020-02-26,2020022601031280,SIL,42,32,100,684.00,"68,400.00"
2020-02-26,2020022601031279,SIL,42,32,50,684.00,"34,200.00"
2020-02-26,2020022601031168,SINDU,1,45,100,146.00,"14,600.00"
2020-02-26,2020022601031167,SINDU,50,45,882,146.00,"128,772.00"
2020-02-26,2020022601031646,SJCL,36,45,20,164.00,"3,280.00"
2020-02-26,2020022601031610,SKBBL,28,6,100,"1,370.00","137,000.00"
2020-02-26,2020022601031313,SKBBL,34,7,200,"1,373.00","274,600.00"
2020-02-26,2020022601031312,SKBBL,59,7,200,"1,373.00","274,600.00"
2020-02-26,2020022601031311,SKBBL,22,7,50,"1,380.00","69,000.00"
2020-02-26,2020022601031310,SKBBL,35,7,30,"1,381.00","41,430.00"
2020-02-26,2020022601031309,SKBBL,34,7,10,"1,382.00","13,820.00"
2020-02-26,2020022601031308,SKBBL,55,7,10,"1,382.00","13,820.00"
2020-02-26,2020022601031307,SKBBL,3,7,100,"1,385.00","138,500.00"
2020-02-26,2020022601031306,SKBBL,59,7,56,"1,385.00","77,560.00"
2020-02-26,2020022601031567,SLBSL,38,43,10,"1,055.00","10,550.00"
2020-02-26,2020022601031494,SLBSL,38,32,10,"1,035.00","10,350.00"
2020-02-26,2020022601031647,SLICL,36,51,200,564.00,"112,800.00"
2020-02-26,2020022601031601,SLICL,6,51,400,564.00,"225,600.00"
2020-02-26,2020022601031577,SLICL,6,45,150,564.00,"84,600.00"
2020-02-26,2020022601031277,SLICL,6,19,50,564.00,"28,200.00"
2020-02-26,2020022601031270,SLICL,6,57,200,564.00,"112,800.00"
2020-02-26,2020022601031269,SLICL,6,57,200,564.00,"112,800.00"
2020-02-26,2020022601031457,SRBL,25,8,364,285.00,"103,740.00"
2020-02-26,2020022601031456,SRBL,25,56,220,285.00,"62,700.00"
2020-02-26,2020022601031455,SRBL,25,32,100,285.00,"28,500.00"
2020-02-26,2020022601031454,SRBL,25,54,110,285.00,"31,350.00"
2020-02-26,2020022601031453,SRBL,25,11,100,285.00,"28,500.00"
2020-02-26,2020022601031452,SRBL,25,47,100,285.00,"28,500.00"
2020-02-26,2020022601031445,SRBL,25,46,"1,607",284.00,"456,388.00"
2020-02-26,2020022601031444,SRBL,25,1,255,283.00,"72,165.00"
2020-02-26,2020022601031443,SRBL,25,19,200,283.00,"56,600.00"
2020-02-26,2020022601031442,SRBL,25,32,816,283.00,"230,928.00"
2020-02-26,2020022601031451,SRBL,25,58,100,285.00,"28,500.00"
2020-02-26,2020022601031450,SRBL,25,43,298,285.00,"84,930.00"
2020-02-26,2020022601031449,SRBL,25,57,"1,000",285.00,"285,000.00"
2020-02-26,2020022601031448,SRBL,25,45,130,285.00,"37,050.00"
2020-02-26,2020022601031447,SRBL,25,11,100,284.00,"28,400.00"
2020-02-26,2020022601031446,SRBL,25,3,"1,500",284.00,"426,000.00"
2020-02-26,2020022601031624,UIC,41,58,100,452.00,"45,200.00"
2020-02-26,2020022601031603,UIC,41,58,894,452.00,"404,088.00"
2020-02-26,2020022601031602,UIC,5,58,106,452.00,"47,912.00"
2020-02-26,2020022601031563,UIC,5,34,94,452.00,"42,488.00"
2020-02-26,2020022601031394,UIC,58,34,106,452.00,"47,912.00"
2020-02-26,2020022601031393,UIC,58,22,144,452.00,"65,088.00"
2020-02-26,2020022601031282,UIC,19,40,71,450.00,"31,950.00"
2020-02-26,2020022601031614,UPPER,57,45,250,254.00,"63,500.00"
2020-02-26,2020022601031397,UPPER,57,41,40,254.00,"10,160.00"
2020-02-26,2020022601031396,UPPER,57,40,"1,300",254.00,"330,200.00"
2020-02-26,2020022601031368,UPPER,37,41,50,252.00,"12,600.00"
2020-02-26,2020022601031352,UPPER,57,40,200,254.00,"50,800.00"
2020-02-26,2020022601031169,UPPER,37,41,50,252.00,"12,600.00"
2020-02-26,2020022601031573,WOMI,53,47,104,"1,232.00","128,128.00"
2020-02-26,2020022601031153,ADBL,14,41,107,450.00,"48,150.00"
2020-02-26,2020022601031152,ADBL,11,51,100,453.00,"45,300.00"
2020-02-26,2020022601031066,ADBL,45,51,70,453.00,"31,710.00"
2020-02-26,2020022601031065,ADBL,45,50,100,453.00,"45,300.00"
2020-02-26,2020022601031064,ADBL,45,44,300,453.00,"135,900.00"
2020-02-26,2020022601031063,ADBL,45,47,422,453.00,"191,166.00"
2020-02-26,2020022601031062,ADBL,45,59,108,453.00,"48,924.00"
2020-02-26,2020022601031027,ADBL,14,41,107,450.00,"48,150.00"
2020-02-26,2020022601030902,ADBL,50,41,107,452.00,"48,364.00"
2020-02-26,2020022601030762,ADBL,50,41,107,452.00,"48,364.00"
2020-02-26,2020022601030757,ADBL,50,42,25,452.00,"11,300.00"
2020-02-26,2020022601030905,AHPC,40,22,"1,500",112.00,"168,000.00"
2020-02-26,2020022601030862,AKPL,40,40,875,142.00,"124,250.00"
2020-02-26,2020022601030655,AKPL,11,22,111,143.00,"15,873.00"
2020-02-26,2020022601030861,AKPL,32,40,100,142.00,"14,200.00"
2020-02-26,2020022601030860,AKPL,45,40,500,142.00,"71,000.00"
2020-02-26,2020022601030859,AKPL,58,40,646,142.00,"91,732.00"
2020-02-26,2020022601030858,AKPL,25,40,200,143.00,"28,600.00"
2020-02-26,2020022601030857,AKPL,11,40,879,143.00,"125,697.00"
2020-02-26,2020022601030715,AKPL,11,41,10,143.00,"1,430.00"
2020-02-26,2020022601031050,ALBSL,52,13,62,885.00,"54,870.00"
2020-02-26,2020022601031049,ALBSL,29,13,50,886.00,"44,300.00"
2020-02-26,2020022601030988,ALBSL,29,59,150,886.00,"132,900.00"
2020-02-26,2020022601030987,ALBSL,52,59,50,886.00,"44,300.00"
2020-02-26,2020022601030959,ALBSL,25,29,11,886.00,"9,746.00"
2020-02-26,2020022601030659,ALBSL,36,57,45,890.00,"40,050.00"
2020-02-26,2020022601030967,ALICL,19,35,500,701.00,"350,500.00"
2020-02-26,2020022601030966,ALICL,19,1,"1,000",701.00,"701,000.00"
2020-02-26,2020022601030965,ALICL,19,26,30,701.00,"21,030.00"
2020-02-26,2020022601030964,ALICL,19,32,483,701.00,"338,583.00"
2020-02-26,2020022601030895,ALICL,45,39,500,700.00,"350,000.00"
2020-02-26,2020022601030772,ALICL,45,45,50,700.00,"35,000.00"
2020-02-26,2020022601031073,API,22,17,482,153.00,"73,746.00"
2020-02-26,2020022601031007,API,58,52,160,152.00,"24,320.00"
2020-02-26,2020022601031006,API,58,25,840,152.00,"127,680.00"
2020-02-26,2020022601031005,API,49,25,"2,677",152.00,"406,904.00"
2020-02-26,2020022601031004,API,49,7,900,152.00,"136,800.00"
2020-02-26,2020022601030805,API,29,36,449,151.00,"67,799.00"
2020-02-26,2020022601030739,BARUN,28,41,10,103.00,"1,030.00"
2020-02-26,2020022601031009,BFC,43,28,"1,000",112.00,"112,000.00"
2020-02-26,2020022601031119,BOKL,42,32,212,273.00,"57,876.00"
2020-02-26,2020022601031118,BOKL,42,44,"4,231",273.00,"1,155,063.00"
2020-02-26,2020022601031117,BOKL,42,37,27,273.00,"7,371.00"
2020-02-26,2020022601031116,BOKL,42,45,100,273.00,"27,300.00"
2020-02-26,2020022601031115,BOKL,42,21,200,273.00,"54,600.00"
2020-02-26,2020022601031114,BOKL,42,53,50,273.00,"13,650.00"
2020-02-26,2020022601030712,BOKL,36,1,80,271.00,"21,680.00"
2020-02-26,2020022601031089,BOKL,42,22,150,272.00,"40,800.00"
2020-02-26,2020022601031088,BOKL,42,22,100,272.00,"27,200.00"
2020-02-26,2020022601031087,BOKL,42,11,50,272.00,"13,600.00"
2020-02-26,2020022601030753,BOKL,58,28,651,271.00,"176,421.00"
2020-02-26,2020022601030714,BOKL,58,1,306,271.00,"82,926.00"
2020-02-26,2020022601030713,BOKL,40,1,100,271.00,"27,100.00"
2020-02-26,2020022601031113,BOKL,42,57,"3,000",273.00,"819,000.00"
2020-02-26,2020022601031112,BOKL,42,19,"3,000",273.00,"819,000.00"
2020-02-26,2020022601031111,BOKL,42,19,100,272.00,"27,200.00"
2020-02-26,2020022601031110,BOKL,42,11,"1,804",272.00,"490,688.00"
2020-02-26,2020022601031109,BOKL,42,25,25,272.00,"6,800.00"
2020-02-26,2020022601031108,BOKL,42,22,850,272.00,"231,200.00"
2020-02-26,2020022601030788,BPCL,36,42,300,406.00,"121,800.00"
2020-02-26,2020022601030768,BPCL,41,28,33,405.00,"13,365.00"
2020-02-26,2020022601030766,BPCL,41,17,100,405.00,"40,500.00"
2020-02-26,2020022601030765,BPCL,41,28,589,405.00,"238,545.00"
2020-02-26,2020022601030764,BPCL,41,5,111,405.00,"44,955.00"
2020-02-26,2020022601030690,BPCL,25,19,500,404.00,"202,000.00"
2020-02-26,2020022601031090,CBBL,35,45,80,"1,330.00","106,400.00"
2020-02-26,2020022601030943,CBBL,35,22,10,"1,330.00","13,300.00"
2020-02-26,2020022601030942,CBBL,35,46,50,"1,330.00","66,500.00"
2020-02-26,2020022601030941,CBBL,35,34,159,"1,330.00","211,470.00"
2020-02-26,2020022601030867,CBBL,4,34,341,"1,330.00","453,530.00"
2020-02-26,2020022601030866,CBBL,4,57,19,"1,329.00","25,251.00"
2020-02-26,2020022601030865,CBBL,4,33,200,"1,329.00","265,800.00"
2020-02-26,2020022601030864,CBBL,4,45,30,"1,329.00","39,870.00"
2020-02-26,2020022601031125,CBL,41,52,863,158.00,"136,354.00"
2020-02-26,2020022601031124,CBL,41,11,337,158.00,"53,246.00"
2020-02-26,2020022601031123,CBL,41,5,800,158.00,"126,400.00"
2020-02-26,2020022601031100,CBL,7,11,296,157.00,"46,472.00"
2020-02-26,2020022601030958,CBL,7,51,"1,000",157.00,"157,000.00"
2020-02-26,2020022601030761,CBL,28,5,100,158.00,"15,800.00"
2020-02-26,2020022601030730,CBL,28,5,100,158.00,"15,800.00"
2020-02-26,2020022601030957,CCBL,11,26,"1,000",199.00,"199,000.00"
2020-02-26,2020022601030793,CCBL,28,26,44,199.00,"8,756.00"
2020-02-26,2020022601030792,CCBL,28,59,56,199.00,"11,144.00"
2020-02-26,2020022601030729,CCBL,39,47,62,196.00,"12,152.00"
2020-02-26,2020022601031039,CFCL,26,41,25,154.00,"3,850.00"
2020-02-26,2020022601030955,CFCL,26,41,23,154.00,"3,542.00"
2020-02-26,2020022601030804,CFCL,26,41,25,154.00,"3,850.00"
2020-02-26,2020022601030677,CFCL,26,41,25,154.00,"3,850.00"
2020-02-26,2020022601030989,CHCL,33,26,382,472.00,"180,304.00"
2020-02-26,2020022601030820,CHCL,33,45,"1,500",472.00,"708,000.00"
2020-02-26,2020022601031102,CIT,11,57,22,"3,100.00","68,200.00"
2020-02-26,2020022601031101,CIT,49,57,10,"3,108.00","31,080.00"
2020-02-26,2020022601030737,CZBIL,13,54,304,218.00,"66,272.00"
2020-02-26,2020022601030696,CZBIL,28,54,200,218.00,"43,600.00"
2020-02-26,2020022601031103,DDBL,44,7,77,"1,050.00","80,850.00"
2020-02-26,2020022601030930,DDBL,44,45,150,"1,050.00","157,500.00"
2020-02-26,2020022601030929,DDBL,32,45,50,"1,050.00","52,500.00"
2020-02-26,2020022601030928,DDBL,32,45,100,"1,051.00","105,100.00"
2020-02-26,2020022601030927,DDBL,43,45,200,"1,052.00","210,400.00"
2020-02-26,2020022601030856,DDBL,41,41,400,"1,058.00","423,200.00"
2020-02-26,2020022601030855,DDBL,41,26,100,"1,055.00","105,500.00"
2020-02-26,2020022601030900,DHPL,11,36,10,57.00,570.00
2020-02-26,2020022601030899,DHPL,11,46,10,57.00,570.00
2020-02-26,2020022601031104,EBL,59,58,"1,000",800.00,"800,000.00"
2020-02-26,2020022601030775,EBL,35,42,100,789.00,"78,900.00"
2020-02-26,2020022601030949,EBL,42,44,100,794.00,"79,400.00"
2020-02-26,2020022601030869,EBL,36,44,900,794.00,"714,600.00"
2020-02-26,2020022601030868,EBL,36,44,100,794.00,"79,400.00"
2020-02-26,2020022601030834,EBL,25,51,100,790.00,"79,000.00"
2020-02-26,2020022601030806,EBL,25,58,"1,000",793.00,"793,000.00"
2020-02-26,2020022601030995,EBL,25,49,100,790.00,"79,000.00"
2020-02-26,2020022601030951,EBL,42,11,100,795.00,"79,500.00"
2020-02-26,2020022601030950,EBL,42,52,100,795.00,"79,500.00"
2020-02-26,2020022601031137,EBLCP,8,58,10,670.00,"6,700.00"
2020-02-26,2020022601030799,EDBL,36,36,130,400.00,"52,000.00"
2020-02-26,2020022601030798,EDBL,36,51,750,400.00,"300,000.00"
2020-02-26,2020022601030797,EDBL,36,26,100,399.00,"39,900.00"
2020-02-26,2020022601030796,EDBL,36,32,20,399.00,"7,980.00"
2020-02-26,2020022601030937,EIC,11,57,191,486.00,"92,826.00"
2020-02-26,2020022601030829,EIC,53,46,23,486.00,"11,178.00"
2020-02-26,2020022601030749,EIC,57,36,25,487.00,"12,175.00"
2020-02-26,2020022601030748,EIC,39,36,200,488.00,"97,600.00"
2020-02-26,2020022601030711,EIC,57,46,12,489.00,"5,868.00"
2020-02-26,2020022601030738,FMDBL,58,41,100,672.00,"67,200.00"
2020-02-26,2020022601030675,FMDBL,35,50,200,674.00,"134,800.00"
2020-02-26,2020022601030777,GBBL,36,34,"1,000",274.00,"274,000.00"
2020-02-26,2020022601030934,GBIME,29,44,100,298.00,"29,800.00"
2020-02-26,2020022601030763,GBIME,59,41,11,297.00,"3,267.00"
2020-02-26,2020022601030760,GBIME,59,51,500,297.00,"148,500.00"
2020-02-26,2020022601030710,GBIME,59,43,700,297.00,"207,900.00"
2020-02-26,2020022601030709,GBIME,59,22,500,297.00,"148,500.00"
2020-02-26,2020022601030708,GBIME,59,45,100,297.00,"29,700.00"
2020-02-26,2020022601030707,GBIME,59,44,200,297.00,"59,400.00"
2020-02-26,2020022601030706,GBIME,59,1,279,297.00,"82,863.00"
2020-02-26,2020022601030705,GBIME,59,45,270,297.00,"80,190.00"
2020-02-26,2020022601031046,GBLBS,54,6,38,640.00,"24,320.00"
2020-02-26,2020022601031045,GBLBS,54,44,162,640.00,"103,680.00"
2020-02-26,2020022601030824,GBLBS,3,44,250,640.00,"160,000.00"
2020-02-26,2020022601031013,GHL,42,36,10,83.00,830.00
2020-02-26,2020022601030683,GILB,45,22,151,"1,600.00","241,600.00"
2020-02-26,2020022601030682,GILB,37,22,200,"1,600.00","320,000.00"
2020-02-26,2020022601030681,GILB,37,22,300,"1,600.00","480,000.00"
2020-02-26,2020022601030680,GILB,25,22,35,"1,600.00","56,000.00"
2020-02-26,2020022601030679,GILB,21,22,50,"1,602.00","80,100.00"
2020-02-26,2020022601030678,GILB,19,22,44,"1,602.00","70,488.00"
2020-02-26,2020022601031092,GLICL,32,20,100,"1,028.00","102,800.00"
2020-02-26,2020022601031030,GLICL,28,20,250,"1,028.00","257,000.00"
2020-02-26,2020022601030970,GLICL,1,20,20,"1,028.00","20,560.00"
2020-02-26,2020022601030910,GLICL,41,20,100,"1,028.00","102,800.00"
2020-02-26,2020022601030848,GLICL,58,20,100,"1,028.00","102,800.00"
2020-02-26,2020022601030847,GLICL,25,20,129,"1,028.00","132,612.00"
2020-02-26,2020022601030826,GLICL,52,45,170,"1,028.00","174,760.00"
2020-02-26,2020022601030801,GLICL,40,1,100,"1,028.00","102,800.00"
2020-02-26,2020022601030733,GLICL,45,1,29,"1,028.00","29,812.00"
2020-02-26,2020022601030732,GLICL,45,39,31,"1,028.00","31,868.00"
2020-02-26,2020022601030699,GLICL,35,39,39,"1,028.00","40,092.00"
2020-02-26,2020022601030698,GLICL,35,28,11,"1,028.00","11,308.00"
2020-02-26,2020022601030846,GLICL,25,1,71,"1,028.00","72,988.00"
2020-02-26,2020022601030842,GLICL,28,1,100,"1,028.00","102,800.00"
2020-02-26,2020022601030833,GLICL,54,7,360,"1,026.00","369,360.00"
2020-02-26,2020022601030832,GLICL,51,7,20,"1,027.00","20,540.00"
2020-02-26,2020022601030831,GLICL,50,7,100,"1,027.00","102,700.00"
2020-02-26,2020022601030830,GLICL,58,7,20,"1,027.00","20,540.00"
2020-02-26,2020022601030808,HBL,40,8,500,630.00,"315,000.00"
2020-02-26,2020022601031107,HDL,45,49,20,"1,881.00","37,620.00"
2020-02-26,2020022601031106,HDL,45,49,13,"1,881.00","24,453.00"
2020-02-26,2020022601031105,HDL,46,49,100,"1,881.00","188,100.00"
2020-02-26,2020022601030882,HDL,59,11,155,"1,880.00","291,400.00"
2020-02-26,2020022601030881,HDL,6,11,100,"1,880.00","188,000.00"
2020-02-26,2020022601030880,HDL,39,11,50,"1,880.00","94,000.00"
2020-02-26,2020022601030756,HDL,57,35,60,"1,894.00","113,640.00"
2020-02-26,2020022601030755,HDL,57,41,40,"1,893.00","75,720.00"
2020-02-26,2020022601030751,HDL,41,41,10,"1,893.00","18,930.00"
2020-02-26,2020022601030661,HDL,57,45,100,"1,886.00","188,600.00"
2020-02-26,2020022601030879,HDL,57,11,35,"1,880.00","65,800.00"
2020-02-26,2020022601030878,HDL,41,11,10,"1,881.00","18,810.00"
2020-02-26,2020022601030877,HDL,34,11,40,"1,881.00","75,240.00"
2020-02-26,2020022601030876,HDL,3,11,100,"1,885.00","188,500.00"
2020-02-26,2020022601030875,HDL,41,11,10,"1,885.00","18,850.00"
2020-02-26,2020022601030863,HDL,57,29,100,"1,886.00","188,600.00"
2020-02-26,2020022601031048,HGI,41,5,50,475.00,"23,750.00"
2020-02-26,2020022601031047,HGI,41,13,250,475.00,"118,750.00"
2020-02-26,2020022601030906,HIDCL,37,58,670,155.00,"103,850.00"
2020-02-26,2020022601030807,HIDCL,37,13,330,155.00,"51,150.00"
2020-02-26,2020022601030933,HPPL,20,19,10,165.00,"1,650.00"
2020-02-26,2020022601030932,HPPL,20,33,20,165.00,"3,300.00"
2020-02-26,2020022601031130,ICFC,58,25,790,216.00,"170,640.00"
2020-02-26,2020022601030695,ILBS,20,57,80,945.00,"75,600.00"
2020-02-26,2020022601030657,ILBS,56,57,20,946.00,"18,920.00"
2020-02-26,2020022601030939,JBBL,49,35,113,203.00,"22,939.00"
2020-02-26,2020022601030789,JBBL,29,43,458,204.00,"93,432.00"
2020-02-26,2020022601030697,JBBL,29,47,72,204.00,"14,688.00"
2020-02-26,2020022601030912,JSLBB,44,7,290,"1,921.00","557,090.00"
2020-02-26,2020022601031122,KBL,32,59,50,217.00,"10,850.00"
2020-02-26,2020022601031121,KBL,32,45,100,217.00,"21,700.00"
2020-02-26,2020022601030898,KBL,45,51,500,216.00,"108,000.00"
2020-02-26,2020022601030894,KBL,1,59,52,217.00,"11,284.00"
2020-02-26,2020022601030893,KBL,1,51,23,217.00,"4,991.00"
2020-02-26,2020022601030687,KMCDB,44,57,10,"1,093.00","10,930.00"
2020-02-26,2020022601030909,KMCDB,41,49,10,"1,095.00","10,950.00"
2020-02-26,2020022601030787,LBL,32,28,283,255.00,"72,165.00"
2020-02-26,2020022601030786,LBL,57,28,200,256.00,"51,200.00"
2020-02-26,2020022601030785,LBL,42,28,500,256.00,"128,000.00"
2020-02-26,2020022601031077,LGIL,59,1,500,590.00,"295,000.00"
2020-02-26,2020022601030728,LGIL,45,54,25,590.00,"14,750.00"
2020-02-26,2020022601030727,LGIL,45,45,75,590.00,"44,250.00"
2020-02-26,2020022601031149,LICN,5,11,150,"1,745.00","261,750.00"
2020-02-26,2020022601030982,LICN,59,7,200,"1,740.00","348,000.00"
2020-02-26,2020022601030663,LLBS,40,47,40,"1,342.00","53,680.00"
2020-02-26,2020022601031148,MBL,57,52,35,272.00,"9,520.00"
2020-02-26,2020022601031147,MBL,57,47,200,272.00,"54,400.00"
2020-02-26,2020022601031146,MBL,57,11,100,272.00,"27,200.00"
2020-02-26,2020022601031145,MBL,57,17,"1,000",272.00,"272,000.00"
2020-02-26,2020022601031144,MBL,57,59,599,272.00,"162,928.00"
2020-02-26,2020022601030838,MBL,36,25,100,272.00,"27,200.00"
2020-02-26,2020022601030669,MBL,28,41,525,271.00,"142,275.00"
2020-02-26,2020022601030668,MBL,28,45,"1,000",271.00,"271,000.00"
2020-02-26,2020022601030667,MBL,28,19,262,271.00,"71,002.00"
2020-02-26,2020022601030666,MBL,28,45,200,271.00,"54,200.00"
2020-02-26,2020022601030665,MBL,28,38,315,271.00,"85,365.00"
2020-02-26,2020022601030664,MBL,28,33,550,271.00,"149,050.00"
2020-02-26,2020022601030837,MBL,36,5,491,272.00,"133,552.00"
2020-02-26,2020022601030836,MBL,36,8,200,272.00,"54,400.00"
2020-02-26,2020022601030835,MBL,36,43,200,271.00,"54,200.00"
2020-02-26,2020022601030672,MBL,28,42,328,271.00,"88,888.00"
2020-02-26,2020022601030671,MBL,28,44,205,271.00,"55,555.00"
2020-02-26,2020022601030670,MBL,28,45,300,271.00,"81,300.00"
2020-02-26,2020022601030999,MEGA,58,58,200,244.00,"48,800.00"
2020-02-26,2020022601030926,MEGA,59,46,11,243.00,"2,673.00"
2020-02-26,2020022601030873,MEGA,59,46,11,243.00,"2,673.00"
2020-02-26,2020022601030854,MEGA,59,51,400,243.00,"97,200.00"
2020-02-26,2020022601030828,MEGA,59,46,11,243.00,"2,673.00"
2020-02-26,2020022601030818,MEGA,58,43,"1,660",243.00,"403,380.00"
2020-02-26,2020022601030803,MEGA,58,28,73,242.00,"17,666.00"
2020-02-26,2020022601030767,MEGA,58,43,340,243.00,"82,620.00"
2020-02-26,2020022601030741,MEGA,58,43,"2,600",243.00,"631,800.00"
2020-02-26,2020022601030740,MEGA,41,43,400,243.00,"97,200.00"
2020-02-26,2020022601030660,MEGA,40,58,100,244.00,"24,400.00"
2020-02-26,2020022601031085,MERO,50,53,20,809.00,"16,180.00"
2020-02-26,2020022601031084,MERO,50,43,419,809.00,"338,971.00"
2020-02-26,2020022601030953,MERO,56,43,500,809.00,"404,500.00"
2020-02-26,2020022601030952,MERO,52,43,81,811.00,"65,691.00"
2020-02-26,2020022601030850,MERO,52,58,919,811.00,"745,309.00"
2020-02-26,2020022601030849,MERO,40,58,81,811.00,"65,691.00"
2020-02-26,2020022601030743,MERO,42,58,121,814.00,"98,494.00"
2020-02-26,2020022601030742,MERO,42,43,62,812.00,"50,344.00"
2020-02-26,2020022601030674,MERO,26,43,500,812.00,"406,000.00"
2020-02-26,2020022601030673,MERO,22,43,438,813.00,"356,094.00"
2020-02-26,2020022601030662,MERO,22,55,30,813.00,"24,390.00"
2020-02-26,2020022601031044,MNBBL,13,45,29,383.00,"11,107.00"
2020-02-26,2020022601031043,MNBBL,50,45,100,383.00,"38,300.00"
2020-02-26,2020022601030853,MNBBL,29,58,573,386.00,"221,178.00"
2020-02-26,2020022601030852,MNBBL,29,44,127,386.00,"49,022.00"
2020-02-26,2020022601030851,MNBBL,29,42,300,385.00,"115,500.00"
2020-02-26,2020022601030814,MNBBL,36,42,700,385.00,"269,500.00"
2020-02-26,2020022601030813,MNBBL,36,43,300,384.00,"115,200.00"
2020-02-26,2020022601031060,NABIL,25,26,50,875.00,"43,750.00"
2020-02-26,2020022601031059,NABIL,25,6,100,875.00,"87,500.00"
2020-02-26,2020022601031058,NABIL,25,17,396,875.00,"346,500.00"
2020-02-26,2020022601030996,NABIL,50,17,250,875.00,"218,750.00"
2020-02-26,2020022601030969,NABIL,42,17,354,875.00,"309,750.00"
2020-02-26,2020022601030963,NABIL,25,51,71,874.00,"62,054.00"
2020-02-26,2020022601030843,NABIL,50,49,100,868.00,"86,800.00"
2020-02-26,2020022601030948,NABIL,25,51,11,874.00,"9,614.00"
2020-02-26,2020022601030947,NABIL,25,22,40,873.00,"34,920.00"
2020-02-26,2020022601030946,NABIL,25,34,40,872.00,"34,880.00"
2020-02-26,2020022601030945,NABIL,25,39,59,872.00,"51,448.00"
2020-02-26,2020022601030896,NABIL,50,3,250,870.00,"217,500.00"
2020-02-26,2020022601030844,NABIL,35,28,100,871.00,"87,100.00"
2020-02-26,2020022601031099,NADEP,37,25,50,816.00,"40,800.00"
2020-02-26,2020022601030986,NBB,53,28,368,232.00,"85,376.00"
2020-02-26,2020022601030985,NBB,57,28,260,232.00,"60,320.00"
2020-02-26,2020022601030984,NBB,45,28,230,232.00,"53,360.00"
2020-02-26,2020022601030983,NBB,36,28,142,232.00,"32,944.00"
2020-02-26,2020022601030845,NBB,36,28,78,232.00,"18,096.00"
2020-02-26,2020022601031042,NBL,5,41,800,309.00,"247,200.00"
2020-02-26,2020022601030874,NBL,42,41,"1,000",309.00,"309,000.00"
2020-02-26,2020022601030827,NBL,50,41,300,309.00,"92,700.00"
2020-02-26,2020022601030770,NBL,59,29,144,308.00,"44,352.00"
2020-02-26,2020022601030759,NBL,44,29,356,308.00,"109,648.00"
2020-02-26,2020022601030658,NBL,59,41,500,309.00,"154,500.00"
2020-02-26,2020022601030769,NCCB,35,35,128,212.00,"27,136.00"
2020-02-26,2020022601030758,NCCB,32,57,180,211.00,"37,980.00"
2020-02-26,2020022601031072,NGPL,35,49,"1,000",150.00,"150,000.00"
2020-02-26,2020022601031071,NGPL,57,49,502,150.00,"75,300.00"
2020-02-26,2020022601030694,NGPL,21,33,500,150.00,"75,000.00"
2020-02-26,2020022601030693,NGPL,42,33,20,150.00,"3,000.00"
2020-02-26,2020022601030692,NGPL,29,33,150,150.00,"22,500.00"
2020-02-26,2020022601030691,NGPL,33,33,363,150.00,"54,450.00"
2020-02-26,2020022601031061,NHDL,33,45,10,170.00,"1,700.00"
2020-02-26,2020022601031014,NHDL,33,56,10,168.00,"1,680.00"
2020-02-26,2020022601030994,NHDL,33,26,50,165.00,"8,250.00"
2020-02-26,2020022601030993,NHDL,33,34,300,165.00,"49,500.00"
2020-02-26,2020022601030992,NHDL,33,54,10,165.00,"1,650.00"
2020-02-26,2020022601030991,NHDL,33,50,10,165.00,"1,650.00"
2020-02-26,2020022601030990,NHDL,33,25,10,165.00,"1,650.00"
2020-02-26,2020022601030904,NHPC,57,25,200,68.00,"13,600.00"
2020-02-26,2020022601031129,NIB,11,58,40,449.00,"17,960.00"
2020-02-26,2020022601031128,NIB,11,25,10,449.00,"4,490.00"
2020-02-26,2020022601031127,NIB,11,42,50,449.00,"22,450.00"
2020-02-26,2020022601031010,NIB,20,42,50,449.00,"22,450.00"
2020-02-26,2020022601031070,NIBPO,55,4,"1,300",379.00,"492,700.00"
2020-02-26,2020022601031069,NIBPO,14,4,300,379.00,"113,700.00"
2020-02-26,2020022601031068,NIBPO,17,4,500,380.00,"190,000.00"
2020-02-26,2020022601031067,NIBPO,21,4,100,380.00,"38,000.00"
2020-02-26,2020022601030981,NIBPO,51,28,140,383.00,"53,620.00"
2020-02-26,2020022601030980,NIBPO,55,28,"1,000",383.00,"383,000.00"
2020-02-26,2020022601030800,NIBPO,42,11,331,387.00,"128,097.00"
2020-02-26,2020022601030973,NIBPO,57,28,130,386.00,"50,180.00"
2020-02-26,2020022601030972,NIBPO,28,28,300,386.00,"115,800.00"
2020-02-26,2020022601030971,NIBPO,42,28,69,387.00,"26,703.00"
2020-02-26,2020022601030979,NIBPO,49,28,200,383.00,"76,600.00"
2020-02-26,2020022601030978,NIBPO,11,28,200,384.00,"76,800.00"
2020-02-26,2020022601030977,NIBPO,6,28,150,384.00,"57,600.00"
2020-02-26,2020022601030976,NIBPO,38,28,100,384.00,"38,400.00"
2020-02-26,2020022601030975,NIBPO,51,28,"1,000",385.00,"385,000.00"
2020-02-26,2020022601030974,NIBPO,43,28,489,385.00,"188,265.00"
2020-02-26,2020022601030702,NICA,50,35,100,608.00,"60,800.00"
2020-02-26,2020022601030701,NICA,50,57,100,608.00,"60,800.00"
2020-02-26,2020022601031022,NICL,53,44,100,536.00,"53,600.00"
2020-02-26,2020022601030916,NICL,57,28,200,537.00,"107,400.00"
2020-02-26,2020022601030841,NICL,8,36,"1,300",534.00,"694,200.00"
2020-02-26,2020022601030716,NICL,59,36,200,534.00,"106,800.00"
2020-02-26,2020022601031120,NIL,50,59,500,699.00,"349,500.00"
2020-02-26,2020022601030810,NIL,58,28,263,700.00,"184,100.00"
2020-02-26,2020022601030809,NIL,58,59,737,699.00,"515,163.00"
2020-02-26,2020022601030778,NIL,33,59,263,699.00,"183,837.00"
2020-02-26,2020022601030686,NIL,33,59,"1,000",699.00,"699,000.00"
2020-02-26,2020022601030685,NIL,33,44,137,699.00,"95,763.00"
2020-02-26,2020022601031150,NLG,34,54,125,760.00,"95,000.00"
2020-02-26,2020022601031151,NLIC,57,45,200,"1,492.00","298,400.00"
2020-02-26,2020022601031001,NLIC,5,45,71,"1,492.00","105,932.00"
2020-02-26,2020022601031000,NLIC,5,42,75,"1,492.00","111,900.00"
2020-02-26,2020022601030944,NLIC,57,42,100,"1,492.00","149,200.00"
2020-02-26,2020022601030911,NLIC,19,41,550,"1,491.00","820,050.00"
2020-02-26,2020022601030812,NLIC,26,33,200,"1,490.00","298,000.00"
2020-02-26,2020022601030811,NLIC,42,33,50,"1,490.00","74,500.00"
2020-02-26,2020022601030795,NLIC,57,41,100,"1,491.00","149,100.00"
2020-02-26,2020022601030791,NLIC,45,41,50,"1,491.00","74,550.00"
2020-02-26,2020022601030784,NLIC,43,41,300,"1,491.00","447,300.00"
2020-02-26,2020022601030731,NLIC,42,8,50,"1,490.00","74,500.00"
2020-02-26,2020022601031097,NLICL,58,11,500,851.00,"425,500.00"
2020-02-26,2020022601031029,NLICL,54,11,452,850.00,"384,200.00"
2020-02-26,2020022601031024,NLICL,35,11,300,850.00,"255,000.00"
2020-02-26,2020022601031016,NLICL,40,11,248,850.00,"210,800.00"
2020-02-26,2020022601031015,NLICL,40,16,252,850.00,"214,200.00"
2020-02-26,2020022601030817,NLICL,22,16,248,850.00,"210,800.00"
2020-02-26,2020022601030816,NLICL,22,54,32,849.00,"27,168.00"
2020-02-26,2020022601030815,NLICL,22,33,220,849.00,"186,780.00"
2020-02-26,2020022601030783,NLICL,22,19,111,850.00,"94,350.00"
2020-02-26,2020022601030782,NLICL,22,44,200,850.00,"170,000.00"
2020-02-26,2020022601030781,NLICL,22,39,485,850.00,"412,250.00"
2020-02-26,2020022601031091,NMB,5,33,400,485.00,"194,000.00"
2020-02-26,2020022601030736,NMB,40,8,223,485.00,"108,155.00"
2020-02-26,2020022601030735,NMB,40,56,26,485.00,"12,610.00"
2020-02-26,2020022601030734,NMB,40,6,751,485.00,"364,235.00"
2020-02-26,2020022601031011,NMBMF,13,41,40,"1,142.00","45,680.00"
2020-02-26,2020022601030962,NTC,28,49,100,738.00,"73,800.00"
2020-02-26,2020022601030961,NTC,8,49,10,738.00,"7,380.00"
2020-02-26,2020022601030885,OHL,42,49,100,535.00,"53,500.00"
2020-02-26,2020022601030774,OHL,42,10,100,535.00,"53,500.00"
2020-02-26,2020022601030773,OHL,42,58,250,534.00,"133,500.00"
2020-02-26,2020022601031141,PCBL,53,26,88,329.00,"28,952.00"
2020-02-26,2020022601031126,PFL,41,45,110,170.00,"18,700.00"
2020-02-26,2020022601031140,PIC,42,4,200,735.00,"147,000.00"
2020-02-26,2020022601031074,PIC,42,55,100,735.00,"73,500.00"
2020-02-26,2020022601030892,PIC,54,35,"1,668",732.00,"1,220,976.00"
2020-02-26,2020022601030891,PIC,6,35,69,732.00,"50,508.00"
2020-02-26,2020022601030890,PIC,10,35,200,732.00,"146,400.00"
2020-02-26,2020022601030889,PIC,34,35,28,733.00,"20,524.00"
2020-02-26,2020022601030888,PIC,41,35,100,734.00,"73,400.00"
2020-02-26,2020022601030887,PIC,44,35,100,734.00,"73,400.00"
2020-02-26,2020022601030886,PIC,38,35,335,734.00,"245,890.00"
2020-02-26,2020022601030752,PIC,38,47,11,734.00,"8,074.00"
2020-02-26,2020022601031086,PICL,45,35,340,583.00,"198,220.00"
2020-02-26,2020022601031002,PMHPL,39,57,10,95.00,950.00
2020-02-26,2020022601031139,PRIN,41,49,36,536.00,"19,296.00"
2020-02-26,2020022601030968,PRIN,41,26,697,536.00,"373,592.00"
2020-02-26,2020022601030960,PRIN,57,26,36,536.00,"19,296.00"
2020-02-26,2020022601030954,PRIN,33,42,150,535.00,"80,250.00"
2020-02-26,2020022601030903,PRIN,33,50,59,535.00,"31,565.00"
2020-02-26,2020022601030872,PRIN,33,50,41,535.00,"21,935.00"
2020-02-26,2020022601030871,PRIN,33,44,209,535.00,"111,815.00"
2020-02-26,2020022601030794,PRIN,46,41,31,534.00,"16,554.00"
2020-02-26,2020022601031028,PRVU,49,33,100,275.00,"27,500.00"
2020-02-26,2020022601030931,PRVU,16,33,500,275.00,"137,500.00"
2020-02-26,2020022601030821,PRVU,46,33,"2,941",275.00,"808,775.00"
2020-02-26,2020022601030935,RBCL,49,47,20,"12,431.00","248,620.00"
2020-02-26,2020022601030747,RBCLPO,59,32,10,"11,013.00","110,130.00"
2020-02-26,2020022601030746,RBCLPO,59,16,10,"11,010.00","110,100.00"
2020-02-26,2020022601030745,RBCLPO,59,58,30,"11,000.00","330,000.00"
2020-02-26,2020022601030915,RHPL,41,19,160,172.00,"27,520.00"
2020-02-26,2020022601030914,RHPL,41,19,10,172.00,"1,720.00"
2020-02-26,2020022601030913,RHPL,41,36,30,171.00,"5,130.00"
2020-02-26,2020022601030726,RMDC,26,25,386,861.00,"332,346.00"
2020-02-26,2020022601030725,RMDC,32,25,200,862.00,"172,400.00"
2020-02-26,2020022601030724,RMDC,54,25,10,862.00,"8,620.00"
2020-02-26,2020022601030723,RMDC,41,25,50,862.00,"43,100.00"
2020-02-26,2020022601030722,RMDC,47,25,34,862.00,"29,308.00"
2020-02-26,2020022601030721,RMDC,40,25,100,863.00,"86,300.00"
2020-02-26,2020022601030720,RMDC,41,25,50,863.00,"43,150.00"
2020-02-26,2020022601030719,RMDC,51,25,20,865.00,"17,300.00"
2020-02-26,2020022601030718,RMDC,49,25,100,865.00,"86,500.00"
2020-02-26,2020022601030717,RMDC,45,25,50,867.00,"43,350.00"
2020-02-26,2020022601030870,RSDC,48,41,23,674.00,"15,502.00"
2020-02-26,2020022601030750,RSDC,48,41,40,674.00,"26,960.00"
2020-02-26,2020022601031154,SANIMA,35,47,173,400.00,"69,200.00"
2020-02-26,2020022601031131,SANIMA,35,5,27,400.00,"10,800.00"
2020-02-26,2020022601031041,SANIMA,5,5,973,400.00,"389,200.00"
2020-02-26,2020022601031040,SANIMA,5,47,27,400.00,"10,800.00"
2020-02-26,2020022601030884,SBI,17,28,421,490.00,"206,290.00"
2020-02-26,2020022601030883,SBI,50,28,110,491.00,"54,010.00"
2020-02-26,2020022601030676,SBI,35,43,20,493.00,"9,860.00"
2020-02-26,2020022601031143,SBL,42,32,270,364.00,"98,280.00"
2020-02-26,2020022601031142,SBL,42,13,30,364.00,"10,920.00"
2020-02-26,2020022601031012,SBL,7,11,516,363.00,"187,308.00"
2020-02-26,2020022601030907,SBL,7,4,298,363.00,"108,174.00"
2020-02-26,2020022601031057,SCB,50,48,79,768.00,"60,672.00"
2020-02-26,2020022601031056,SCB,50,44,29,767.00,"22,243.00"
2020-02-26,2020022601031055,SCB,50,35,10,765.00,"7,650.00"
2020-02-26,2020022601031054,SCB,50,45,30,765.00,"22,950.00"
2020-02-26,2020022601031053,SCB,50,29,52,765.00,"39,780.00"
2020-02-26,2020022601031052,SCB,50,58,200,765.00,"153,000.00"
2020-02-26,2020022601031051,SCB,50,42,100,764.00,"76,400.00"
2020-02-26,2020022601031018,SCB,46,29,50,762.00,"38,100.00"
2020-02-26,2020022601030901,SCB,50,28,79,760.00,"60,040.00"
2020-02-26,2020022601031038,SHINE,44,44,"1,230",329.00,"404,670.00"
2020-02-26,2020022601031037,SHINE,44,19,500,329.00,"164,500.00"
2020-02-26,2020022601031036,SHINE,44,34,"1,000",329.00,"329,000.00"
2020-02-26,2020022601031035,SHINE,44,6,"1,350",329.00,"444,150.00"
2020-02-26,2020022601031034,SHINE,44,38,50,329.00,"16,450.00"
2020-02-26,2020022601030790,SHINE,57,4,761,327.00,"248,847.00"
2020-02-26,2020022601030938,SHINE,1,45,50,328.00,"16,400.00"
2020-02-26,2020022601031033,SHINE,44,51,30,328.00,"9,840.00"
2020-02-26,2020022601031032,SHINE,44,21,"1,500",328.00,"492,000.00"
2020-02-26,2020022601031031,SHINE,44,45,340,328.00,"111,520.00"
2020-02-26,2020022601031136,SHIVM,51,58,650,729.00,"473,850.00"
2020-02-26,2020022601031135,SHIVM,51,57,50,728.00,"36,400.00"
2020-02-26,2020022601031134,SHIVM,51,57,50,728.00,"36,400.00"
2020-02-26,2020022601031133,SHIVM,51,58,250,728.00,"182,000.00"
2020-02-26,2020022601031098,SHIVM,26,58,50,728.00,"36,400.00"
2020-02-26,2020022601030819,SHIVM,29,58,500,728.00,"364,000.00"
2020-02-26,2020022601030776,SHIVM,46,58,500,728.00,"364,000.00"
2020-02-26,2020022601031019,SHIVM,7,29,400,726.00,"290,400.00"
2020-02-26,2020022601031017,SHIVM,25,13,200,725.00,"145,000.00"
2020-02-26,2020022601030997,SHIVM,43,53,20,725.00,"14,500.00"
2020-02-26,2020022601030908,SHIVM,42,49,93,725.00,"67,425.00"
2020-02-26,2020022601031021,SHIVM,7,58,200,728.00,"145,600.00"
2020-02-26,2020022601031020,SHIVM,7,40,100,727.00,"72,700.00"
2020-02-26,2020022601030940,SHL,49,11,100,204.00,"20,400.00"
2020-02-26,2020022601030704,SHL,25,11,100,204.00,"20,400.00"
2020-02-26,2020022601031132,SHPC,46,21,500,261.00,"130,500.00"
2020-02-26,2020022601030703,SHPC,29,21,100,261.00,"26,100.00"
2020-02-26,2020022601030917,SICL,25,28,20,"1,180.00","23,600.00"
2020-02-26,2020022601030825,SIL,58,34,90,682.00,"61,380.00"
2020-02-26,2020022601030700,SLBSL,58,41,10,"1,016.00","10,160.00"
2020-02-26,2020022601030921,SLICL,21,36,500,560.00,"280,000.00"
2020-02-26,2020022601030920,SLICL,21,36,200,561.00,"112,200.00"
2020-02-26,2020022601030919,SLICL,46,36,680,561.00,"381,480.00"
2020-02-26,2020022601030823,SLICL,46,5,320,561.00,"179,520.00"
2020-02-26,2020022601030822,SLICL,52,5,480,562.00,"269,760.00"
2020-02-26,2020022601030924,SLICL,35,36,70,560.00,"39,200.00"
2020-02-26,2020022601030923,SLICL,33,36,100,560.00,"56,000.00"
2020-02-26,2020022601030922,SLICL,29,36,450,560.00,"252,000.00"
2020-02-26,2020022601030689,SPARS,32,44,30,"1,045.00","31,350.00"
2020-02-26,2020022601030688,SPARS,32,21,70,"1,044.00","73,080.00"
2020-02-26,2020022601031076,SRBL,8,11,528,281.00,"148,368.00"
2020-02-26,2020022601031075,SRBL,36,11,151,282.00,"42,582.00"
2020-02-26,2020022601031026,SRBL,57,32,184,283.00,"52,072.00"
2020-02-26,2020022601031025,SRBL,57,58,316,283.00,"89,428.00"
2020-02-26,2020022601031003,STC,46,37,25,"3,105.00","77,625.00"
2020-02-26,2020022601030656,STC,46,22,45,"3,100.00","139,500.00"
2020-02-26,2020022601030897,SWBBL,40,13,468,"1,428.00","668,304.00"
2020-02-26,2020022601030684,TRH,52,58,700,317.00,"221,900.00"
2020-02-26,2020022601031138,UIC,19,46,50,450.00,"22,500.00"
2020-02-26,2020022601031096,UIC,45,45,100,450.00,"45,000.00"
2020-02-26,2020022601031095,UIC,42,45,500,450.00,"225,000.00"
2020-02-26,2020022601031094,UIC,1,45,30,450.00,"13,500.00"
2020-02-26,2020022601031093,UIC,36,45,364,451.00,"164,164.00"
2020-02-26,2020022601031078,UIC,8,34,100,452.00,"45,200.00"
2020-02-26,2020022601030936,UIC,36,58,100,451.00,"45,100.00"
2020-02-26,2020022601030918,UIC,36,49,36,451.00,"16,236.00"
2020-02-26,2020022601030802,UIC,41,41,500,451.00,"225,500.00"
2020-02-26,2020022601030771,UIC,1,32,470,450.00,"211,500.00"
2020-02-26,2020022601030956,UNHPL,11,45,50,70.00,"3,500.00"
2020-02-26,2020022601031023,UPPER,37,41,50,252.00,"12,600.00"
2020-02-26,2020022601031008,UPPER,37,45,305,252.00,"76,860.00"
2020-02-26,2020022601030925,UPPER,37,41,50,252.00,"12,600.00"
2020-02-26,2020022601030780,UPPER,37,41,30,252.00,"7,560.00"
2020-02-26,2020022601030779,UPPER,11,41,20,253.00,"5,060.00"
2020-02-26,2020022601030744,UPPER,11,48,40,253.00,"10,120.00"
2020-02-26,2020022601031083,VLBS,49,7,89,"1,265.00","112,585.00"
2020-02-26,2020022601030839,VLBS,29,19,24,"1,272.00","30,528.00"
2020-02-26,2020022601030998,VLBS,11,34,30,"1,272.00","38,160.00"
2020-02-26,2020022601030840,VLBS,11,19,76,"1,272.00","96,672.00"
2020-02-26,2020022601031082,VLBS,57,7,200,"1,267.00","253,400.00"
2020-02-26,2020022601031081,VLBS,49,7,50,"1,270.00","63,500.00"
2020-02-26,2020022601031080,VLBS,25,7,67,"1,270.00","85,090.00"
2020-02-26,2020022601031079,VLBS,11,7,94,"1,272.00","119,568.00"
2020-02-26,2020022601030754,WOMI,52,35,500,"1,234.00","617,000.00"
2020-02-26,2020022601030523,ADBL,50,42,25,452.00,"11,300.00"
2020-02-26,2020022601030417,ADBL,50,35,200,452.00,"90,400.00"
2020-02-26,2020022601030251,ADBL,50,41,107,452.00,"48,364.00"
2020-02-26,2020022601030346,AHPC,40,58,20,112.00,"2,240.00"
2020-02-26,2020022601030248,AHPC,19,44,20,115.00,"2,300.00"
2020-02-26,2020022601030190,AHPC,19,58,20,114.00,"2,280.00"
2020-02-26,2020022601030459,AKJCL,47,16,140,61.00,"8,540.00"
2020-02-26,2020022601030458,AKJCL,47,19,60,61.00,"3,660.00"
2020-02-26,2020022601030215,AKPL,19,36,386,144.00,"55,584.00"
2020-02-26,2020022601030214,AKPL,19,7,514,143.00,"73,502.00"
2020-02-26,2020022601030213,AKPL,19,52,100,143.00,"14,300.00"
2020-02-26,2020022601030644,ALBSL,36,29,11,890.00,"9,790.00"
2020-02-26,2020022601030588,ALBSL,36,29,11,890.00,"9,790.00"
2020-02-26,2020022601030509,ALBSL,36,57,33,890.00,"29,370.00"
2020-02-26,2020022601030347,ALBSL,49,29,11,888.00,"9,768.00"
2020-02-26,2020022601030652,ALICL,58,32,200,701.00,"140,200.00"
2020-02-26,2020022601030434,ALICL,45,25,500,700.00,"350,000.00"
2020-02-26,2020022601030197,ALICL,40,32,317,701.00,"222,217.00"
2020-02-26,2020022601030196,ALICL,40,28,83,701.00,"58,183.00"
2020-02-26,2020022601030195,ALICL,40,41,100,701.00,"70,100.00"
2020-02-26,2020022601030634,API,19,36,100,151.00,"15,100.00"
2020-02-26,2020022601030620,API,5,36,400,151.00,"60,400.00"
2020-02-26,2020022601030586,API,13,36,200,151.00,"30,200.00"
2020-02-26,2020022601030463,API,58,57,38,150.00,"5,700.00"
2020-02-26,2020022601030462,API,19,57,"1,200",150.00,"180,000.00"
2020-02-26,2020022601030461,API,56,57,800,150.00,"120,000.00"
2020-02-26,2020022601030460,API,17,57,132,150.00,"19,800.00"
2020-02-26,2020022601030155,API,17,7,868,150.00,"130,200.00"
2020-02-26,2020022601030258,BFC,21,13,250,111.00,"27,750.00"
2020-02-26,2020022601030520,BOKL,36,50,20,271.00,"5,420.00"
2020-02-26,2020022601030519,BOKL,36,50,100,271.00,"27,100.00"
2020-02-26,2020022601030301,BOKL,8,45,800,270.00,"216,000.00"
2020-02-26,2020022601030300,BOKL,51,50,400,271.00,"108,400.00"
2020-02-26,2020022601030299,BOKL,51,45,100,271.00,"27,100.00"
2020-02-26,2020022601030614,CBBL,4,33,200,"1,327.00","265,400.00"
2020-02-26,2020022601030268,CBBL,4,44,490,"1,327.00","650,230.00"
2020-02-26,2020022601030267,CBBL,4,34,300,"1,326.00","397,800.00"
2020-02-26,2020022601030266,CBBL,4,1,360,"1,326.00","477,360.00"
2020-02-26,2020022601030161,CBBL,58,34,200,"1,326.00","265,200.00"
2020-02-26,2020022601030354,CBBL,7,58,47,"1,328.00","62,416.00"
2020-02-26,2020022601030314,CBBL,4,57,50,"1,327.00","66,350.00"
2020-02-26,2020022601030269,CBBL,4,7,10,"1,327.00","13,270.00"
2020-02-26,2020022601030530,CBL,7,45,565,157.00,"88,705.00"
2020-02-26,2020022601030529,CBL,51,45,250,157.00,"39,250.00"
2020-02-26,2020022601030528,CBL,51,45,300,157.00,"47,100.00"
2020-02-26,2020022601030527,CBL,7,45,65,157.00,"10,205.00"
2020-02-26,2020022601030313,CBL,7,4,375,157.00,"58,875.00"
2020-02-26,2020022601030605,CCBL,25,59,44,199.00,"8,756.00"
2020-02-26,2020022601030604,CCBL,25,19,500,198.00,"99,000.00"
2020-02-26,2020022601030603,CCBL,25,39,600,198.00,"118,800.00"
2020-02-26,2020022601030602,CCBL,25,32,"1,000",198.00,"198,000.00"
2020-02-26,2020022601030601,CCBL,25,45,"1,000",198.00,"198,000.00"
2020-02-26,2020022601030600,CCBL,25,49,"1,100",198.00,"217,800.00"
2020-02-26,2020022601030599,CCBL,25,58,"1,250",198.00,"247,500.00"
2020-02-26,2020022601030598,CCBL,25,41,612,197.00,"120,564.00"
2020-02-26,2020022601030382,CCBL,39,46,34,196.00,"6,664.00"
2020-02-26,2020022601030362,CCBL,39,40,98,196.00,"19,208.00"
2020-02-26,2020022601030304,CCBL,7,49,"1,000",197.00,"197,000.00"
2020-02-26,2020022601030422,CFCL,17,25,190,155.00,"29,450.00"
2020-02-26,2020022601030533,CHCL,33,41,118,472.00,"55,696.00"
2020-02-26,2020022601030318,CHCL,36,25,20,474.00,"9,480.00"
2020-02-26,2020022601030410,CIT,21,56,10,"3,108.00","31,080.00"
2020-02-26,2020022601030279,CIT,11,57,100,"3,100.00","310,000.00"
2020-02-26,2020022601030278,CIT,40,57,100,"3,101.00","310,100.00"
2020-02-26,2020022601030490,CZBIL,44,7,12,219.00,"2,628.00"
2020-02-26,2020022601030423,CZBIL,37,46,11,217.00,"2,387.00"
2020-02-26,2020022601030363,CZBIL,13,54,"1,000",218.00,"218,000.00"
2020-02-26,2020022601030183,CZBIL,44,7,12,219.00,"2,628.00"
2020-02-26,2020022601030353,DDBL,32,25,150,"1,052.00","157,800.00"
2020-02-26,2020022601030271,EBLCP,58,37,20,657.00,"13,140.00"
2020-02-26,2020022601030373,EDBL,11,4,100,394.00,"39,400.00"
2020-02-26,2020022601030372,EDBL,19,4,200,394.00,"78,800.00"
2020-02-26,2020022601030371,EDBL,44,4,100,395.00,"39,500.00"
2020-02-26,2020022601030450,EIC,57,45,188,489.00,"91,932.00"
2020-02-26,2020022601030449,EIC,59,45,100,489.00,"48,900.00"
2020-02-26,2020022601030448,EIC,47,45,212,489.00,"103,668.00"
2020-02-26,2020022601030348,EIC,28,28,106,490.00,"51,940.00"
2020-02-26,2020022601030310,EIC,57,28,50,490.00,"24,500.00"
2020-02-26,2020022601030212,EIC,41,28,75,490.00,"36,750.00"
2020-02-26,2020022601030211,EIC,41,49,25,490.00,"12,250.00"
2020-02-26,2020022601030654,FMDBL,35,51,100,670.00,"67,000.00"
2020-02-26,2020022601030482,FMDBL,40,57,350,670.00,"234,500.00"
2020-02-26,2020022601030481,FMDBL,32,57,500,670.00,"335,000.00"
2020-02-26,2020022601030480,FMDBL,29,57,80,670.00,"53,600.00"
2020-02-26,2020022601030479,FMDBL,10,57,150,670.00,"100,500.00"
2020-02-26,2020022601030352,FMDBL,50,50,450,674.00,"303,300.00"
2020-02-26,2020022601030351,FMDBL,50,3,50,674.00,"33,700.00"
2020-02-26,2020022601030165,FMDBL,29,11,20,670.00,"13,400.00"
2020-02-26,2020022601030642,GBIME,13,58,560,296.00,"165,760.00"
2020-02-26,2020022601030641,GBIME,41,58,440,296.00,"130,240.00"
2020-02-26,2020022601030538,GBIME,13,45,200,297.00,"59,400.00"
2020-02-26,2020022601030524,GBIME,33,45,330,297.00,"98,010.00"
2020-02-26,2020022601030451,GBIME,41,46,14,296.00,"4,144.00"
