Date,Transact. No.,Symbol,Buyer,Seller,Quantity,Rate,Amount
2019-05-20,2019052001011862,ADBL,4,53,400,418.00,"167,200.00"
2019-05-20,2019052001011820,ADBL,45,53,100,418.00,"41,800.00"
2019-05-20,2019052001011797,ADBL,42,49,100,417.00,"41,700.00"
2019-05-20,2019052001011529,ADBL,4,29,305,416.00,"126,880.00"
2019-05-20,2019052001011974,ALBSL,57,47,10,449.00,"4,490.00"
2019-05-20,2019052001011973,ALBSL,57,21,10,448.00,"4,480.00"
2019-05-20,2019052001011972,ALBSL,57,45,10,445.00,"4,450.00"
2019-05-20,2019052001011777,ALBSL,11,46,10,442.00,"4,420.00"
2019-05-20,2019052001011612,ALBSL,11,17,10,442.00,"4,420.00"
2019-05-20,2019052001011594,ALBSL,11,48,10,442.00,"4,420.00"
2019-05-20,2019052001011807,ALICL,35,55,140,431.00,"60,340.00"
2019-05-20,2019052001011714,ALICL,16,44,20,432.00,"8,640.00"
2019-05-20,2019052001011567,AMFI,45,1,30,560.00,"16,800.00"
2019-05-20,2019052001011614,API,25,44,40,148.00,"5,920.00"
2019-05-20,2019052001011613,API,25,40,10,146.00,"1,460.00"
2019-05-20,2019052001011602,BOKL,19,33,490,276.00,"135,240.00"
2019-05-20,2019052001011601,BOKL,46,33,"1,000",276.00,"276,000.00"
2019-05-20,2019052001011600,BOKL,45,33,200,276.00,"55,200.00"
2019-05-20,2019052001011599,BOKL,14,33,26,276.00,"7,176.00"
2019-05-20,2019052001011976,BPCL,57,18,30,428.00,"12,840.00"
2019-05-20,2019052001011975,BPCL,57,6,230,427.00,"98,210.00"
2019-05-20,2019052001011969,BPCL,34,6,20,427.00,"8,540.00"
2019-05-20,2019052001011877,BPCL,34,6,72,425.00,"30,600.00"
2019-05-20,2019052001011649,BPCL,10,46,11,420.00,"4,620.00"
2019-05-20,2019052001011526,BPCL,10,46,11,420.00,"4,620.00"
2019-05-20,2019052001011604,BPCL,10,46,11,420.00,"4,620.00"
2019-05-20,2019052001011687,CBBL,17,42,190,941.00,"178,790.00"
2019-05-20,2019052001011686,CBBL,29,42,10,942.00,"9,420.00"
2019-05-20,2019052001011665,CBBL,29,48,50,942.00,"47,100.00"
2019-05-20,2019052001011664,CBBL,55,48,350,942.00,"329,700.00"
2019-05-20,2019052001011663,CBBL,50,48,100,945.00,"94,500.00"
2019-05-20,2019052001011906,CBL,48,38,300,148.00,"44,400.00"
2019-05-20,2019052001011707,CBL,29,38,255,148.00,"37,740.00"
2019-05-20,2019052001011706,CBL,29,37,145,148.00,"21,460.00"
2019-05-20,2019052001011705,CBL,29,54,100,148.00,"14,800.00"
2019-05-20,2019052001011704,CBL,29,34,500,148.00,"74,000.00"
2019-05-20,2019052001011683,CBL,29,51,335,148.00,"49,580.00"
2019-05-20,2019052001011682,CBL,29,7,661,148.00,"97,828.00"
2019-05-20,2019052001011949,CCBL,26,45,565,168.00,"94,920.00"
2019-05-20,2019052001011819,CCBL,45,45,135,169.00,"22,815.00"
2019-05-20,2019052001011759,CCBL,45,43,100,169.00,"16,900.00"
2019-05-20,2019052001011514,CCBL,45,16,77,169.00,"13,013.00"
2019-05-20,2019052001011728,CHL,37,14,10,100.00,"1,000.00"
2019-05-20,2019052001011751,CHLBS,32,46,10,460.00,"4,600.00"
2019-05-20,2019052001011615,CHLBS,32,14,20,460.00,"9,200.00"
2019-05-20,2019052001011909,CIT,38,45,30,"2,610.00","78,300.00"
2019-05-20,2019052001011908,CIT,51,45,20,"2,610.00","52,200.00"
2019-05-20,2019052001011657,CZBIL,1,48,136,229.00,"31,144.00"
2019-05-20,2019052001011656,CZBIL,28,48,500,229.00,"114,500.00"
2019-05-20,2019052001011655,CZBIL,14,48,41,229.00,"9,389.00"
2019-05-20,2019052001011654,CZBIL,34,48,300,229.00,"68,700.00"
2019-05-20,2019052001011783,DBBL,56,58,50,151.00,"7,550.00"
2019-05-20,2019052001011540,DBBL,22,48,33,150.00,"4,950.00"
2019-05-20,2019052001011967,DDBL,44,19,500,740.00,"370,000.00"
2019-05-20,2019052001011966,DDBL,44,51,50,740.00,"37,000.00"
2019-05-20,2019052001011965,DDBL,44,26,100,740.00,"74,000.00"
2019-05-20,2019052001011964,DDBL,44,52,100,739.00,"73,900.00"
2019-05-20,2019052001011874,DDBL,6,41,100,735.00,"73,500.00"
2019-05-20,2019052001011530,DDBL,42,55,97,735.00,"71,295.00"
2019-05-20,2019052001011730,EBL,6,42,534,662.00,"353,508.00"
2019-05-20,2019052001011591,EBL,6,34,466,662.00,"308,492.00"
2019-05-20,2019052001011590,EBL,35,34,40,662.00,"26,480.00"
2019-05-20,2019052001011579,EBL,35,17,10,662.00,"6,620.00"
2019-05-20,2019052001011564,EBL,35,41,450,662.00,"297,900.00"
2019-05-20,2019052001011515,FMDBL,58,17,10,405.00,"4,050.00"
2019-05-20,2019052001011958,GBBL,49,58,100,229.00,"22,900.00"
2019-05-20,2019052001011811,GBIME,17,6,200,310.00,"62,000.00"
2019-05-20,2019052001011876,GBLBS,35,42,100,354.00,"35,400.00"
2019-05-20,2019052001011829,GBLBS,57,28,100,355.00,"35,500.00"
2019-05-20,2019052001011573,GBLBS,35,5,389,354.00,"137,706.00"
2019-05-20,2019052001011572,GBLBS,1,5,156,354.00,"55,224.00"
2019-05-20,2019052001011555,GBLBS,1,17,10,354.00,"3,540.00"
2019-05-20,2019052001011911,GDBL,26,37,10,218.00,"2,180.00"
2019-05-20,2019052001011794,GDBL,49,37,100,218.00,"21,800.00"
2019-05-20,2019052001011765,GILB,38,10,60,"1,241.00","74,460.00"
2019-05-20,2019052001012003,GLICL,42,25,115,555.00,"63,825.00"
2019-05-20,2019052001012002,GLICL,41,25,75,555.00,"41,625.00"
2019-05-20,2019052001012001,GLICL,16,25,10,557.00,"5,570.00"
2019-05-20,2019052001011605,GLICL,41,21,100,555.00,"55,500.00"
2019-05-20,2019052001011571,GLICL,7,50,100,556.00,"55,600.00"
2019-05-20,2019052001011870,GRDBL,37,59,200,111.00,"22,200.00"
2019-05-20,2019052001011779,HBL,52,34,100,600.00,"60,000.00"
2019-05-20,2019052001011727,HBL,6,34,221,591.00,"130,611.00"
2019-05-20,2019052001011726,HBL,54,34,100,592.00,"59,200.00"
2019-05-20,2019052001011622,HBL,57,26,100,595.00,"59,500.00"
2019-05-20,2019052001011893,HDL,56,45,10,"1,999.00","19,990.00"
2019-05-20,2019052001011566,HDL,14,33,100,"1,974.00","197,400.00"
2019-05-20,2019052001011565,HDL,39,33,100,"1,974.00","197,400.00"
2019-05-20,2019052001011644,HIDCL,36,56,939,158.00,"148,362.00"
2019-05-20,2019052001011606,HIDCL,36,16,61,158.00,"9,638.00"
2019-05-20,2019052001011746,JBBL,49,4,500,150.00,"75,000.00"
2019-05-20,2019052001011673,JBBL,49,57,756,150.00,"113,400.00"
2019-05-20,2019052001011672,JBBL,49,57,244,150.00,"36,600.00"
2019-05-20,2019052001011668,JBBL,49,4,756,150.00,"113,400.00"
2019-05-20,2019052001011667,JBBL,49,4,244,150.00,"36,600.00"
2019-05-20,2019052001011844,JSLBB,38,58,196,"2,160.00","423,360.00"
2019-05-20,2019052001011843,JSLBB,38,35,10,"2,150.00","21,500.00"
2019-05-20,2019052001011791,KBBL,29,38,"1,000",228.00,"228,000.00"
2019-05-20,2019052001011722,KBBL,41,34,21,229.00,"4,809.00"
2019-05-20,2019052001011721,KBBL,29,34,60,229.00,"13,740.00"
2019-05-20,2019052001011720,KBBL,50,34,38,229.00,"8,702.00"
2019-05-20,2019052001011764,KBL,25,29,"1,350",218.00,"294,300.00"
2019-05-20,2019052001011609,KBL,43,29,50,219.00,"10,950.00"
2019-05-20,2019052001011890,KRBL,37,4,42,110.00,"4,620.00"
2019-05-20,2019052001011821,KRBL,37,37,158,110.00,"17,380.00"
2019-05-20,2019052001011697,KRBL,41,51,219,108.00,"23,652.00"
2019-05-20,2019052001011696,KRBL,33,51,100,109.00,"10,900.00"
2019-05-20,2019052001011549,KSBBL,58,45,642,159.00,"102,078.00"
2019-05-20,2019052001011548,KSBBL,32,45,858,160.00,"137,280.00"
2019-05-20,2019052001011846,LBBL,46,33,764,205.00,"156,620.00"
2019-05-20,2019052001011662,LBBL,25,33,10,206.00,"2,060.00"
2019-05-20,2019052001011647,LBBL,56,33,200,206.00,"41,200.00"
2019-05-20,2019052001011608,LBBL,46,28,500,205.00,"102,500.00"
2019-05-20,2019052001011873,LBL,34,16,500,223.00,"111,500.00"
2019-05-20,2019052001011859,LBL,35,29,642,222.00,"142,524.00"
2019-05-20,2019052001011858,LBL,26,29,100,222.00,"22,200.00"
2019-05-20,2019052001011857,LBL,29,29,500,222.00,"111,000.00"
2019-05-20,2019052001011856,LBL,34,29,"1,000",222.00,"222,000.00"
2019-05-20,2019052001011855,LBL,36,29,258,222.00,"57,276.00"
2019-05-20,2019052001011763,LBL,55,16,"1,263",223.00,"281,649.00"
2019-05-20,2019052001011554,LBL,36,45,742,222.00,"164,724.00"
2019-05-20,2019052001011553,LBL,28,45,100,222.00,"22,200.00"
2019-05-20,2019052001011552,LBL,13,45,458,222.00,"101,676.00"
2019-05-20,2019052001011551,LBL,55,45,500,222.00,"111,000.00"
2019-05-20,2019052001012008,LGIL,56,37,70,503.00,"35,210.00"
2019-05-20,2019052001011767,LGIL,4,37,200,503.00,"100,600.00"
2019-05-20,2019052001011766,LGIL,56,37,30,503.00,"15,090.00"
2019-05-20,2019052001011684,LGIL,56,34,50,503.00,"25,150.00"
2019-05-20,2019052001011968,MBL,36,25,700,270.00,"189,000.00"
2019-05-20,2019052001011842,MBL,36,25,135,270.00,"36,450.00"
2019-05-20,2019052001011841,MBL,22,25,475,271.00,"128,725.00"
2019-05-20,2019052001011574,MDB,38,41,81,252.00,"20,412.00"
2019-05-20,2019052001011557,MDB,56,41,10,255.00,"2,550.00"
2019-05-20,2019052001011556,MDB,21,41,10,255.00,"2,550.00"
2019-05-20,2019052001011981,MEGA,6,58,103,197.00,"20,291.00"
2019-05-20,2019052001011888,MEGA,43,58,10,197.00,"1,970.00"
2019-05-20,2019052001011596,MEGA,58,5,"1,752",196.00,"343,392.00"
2019-05-20,2019052001011512,MEGA,14,5,156,197.00,"30,732.00"
2019-05-20,2019052001011941,MERO,35,52,30,608.00,"18,240.00"
2019-05-20,2019052001011685,MERO,57,57,10,605.00,"6,050.00"
2019-05-20,2019052001011630,MHNL,29,51,30,97.00,"2,910.00"
2019-05-20,2019052001011989,MLBL,28,52,139,199.00,"27,661.00"
2019-05-20,2019052001011939,MLBL,33,52,"1,861",200.00,"372,200.00"
2019-05-20,2019052001011738,MLBL,33,52,500,201.00,"100,500.00"
2019-05-20,2019052001011636,MLBL,33,48,100,200.00,"20,000.00"
2019-05-20,2019052001011778,MNBBL,42,34,241,375.00,"90,375.00"
2019-05-20,2019052001011784,MSLB,17,58,23,"1,123.00","25,829.00"
2019-05-20,2019052001011735,MSLB,17,28,69,"1,123.00","77,487.00"
2019-05-20,2019052001011734,MSLB,17,28,20,"1,123.00","22,460.00"
2019-05-20,2019052001012000,NABIL,1,33,46,830.00,"38,180.00"
2019-05-20,2019052001011999,NABIL,19,33,500,830.00,"415,000.00"
2019-05-20,2019052001011998,NABIL,55,33,30,831.00,"24,930.00"
2019-05-20,2019052001011817,NABIL,34,50,609,830.00,"505,470.00"
2019-05-20,2019052001011816,NABIL,5,50,50,831.00,"41,550.00"
2019-05-20,2019052001011815,NABIL,26,50,30,832.00,"24,960.00"
2019-05-20,2019052001011737,NABIL,26,3,70,832.00,"58,240.00"
2019-05-20,2019052001011736,NABIL,16,3,20,833.00,"16,660.00"
2019-05-20,2019052001011869,NABILP,34,42,342,808.00,"276,336.00"
2019-05-20,2019052001011868,NABILP,42,42,18,809.00,"14,562.00"
2019-05-20,2019052001011867,NABILP,44,42,50,809.00,"40,450.00"
2019-05-20,2019052001011866,NABILP,25,42,90,809.00,"72,810.00"
2019-05-20,2019052001011849,NADEP,16,44,20,472.00,"9,440.00"
2019-05-20,2019052001011775,NADEP,49,13,20,475.00,"9,500.00"
2019-05-20,2019052001011511,NADEP,49,57,10,475.00,"4,750.00"
2019-05-20,2019052001011937,NBB,29,3,589,225.00,"132,525.00"
2019-05-20,2019052001011936,NBB,34,3,200,225.00,"45,000.00"
2019-05-20,2019052001011935,NBB,14,3,500,225.00,"112,500.00"
2019-05-20,2019052001011934,NBB,28,3,500,225.00,"112,500.00"
2019-05-20,2019052001011933,NBB,54,3,50,226.00,"11,300.00"
2019-05-20,2019052001011932,NBB,19,3,120,226.00,"27,120.00"
2019-05-20,2019052001011931,NBB,48,3,41,226.00,"9,266.00"
2019-05-20,2019052001011731,NBB,11,25,300,228.00,"68,400.00"
2019-05-20,2019052001011962,NBL,52,41,50,338.00,"16,900.00"
2019-05-20,2019052001011961,NBL,52,52,150,338.00,"50,700.00"
2019-05-20,2019052001011955,NBL,14,52,50,338.00,"16,900.00"
2019-05-20,2019052001011912,NBL,6,52,100,338.00,"33,800.00"
2019-05-20,2019052001011875,NBL,21,52,500,338.00,"169,000.00"
2019-05-20,2019052001011861,NBL,34,52,300,338.00,"101,400.00"
2019-05-20,2019052001011717,NBL,45,34,800,338.00,"270,400.00"
2019-05-20,2019052001011716,NBL,45,44,200,338.00,"67,600.00"
2019-05-20,2019052001011698,NBL,45,39,"1,100",338.00,"371,800.00"
2019-05-20,2019052001011610,NBL,32,10,500,338.00,"169,000.00"
2019-05-20,2019052001011607,NBL,1,35,40,339.00,"13,560.00"
2019-05-20,2019052001011563,NBL,43,40,500,338.00,"169,000.00"
2019-05-20,2019052001011776,NBL,8,59,400,338.00,"135,200.00"
2019-05-20,2019052001011769,NBL,8,34,100,338.00,"33,800.00"
2019-05-20,2019052001011768,NBL,55,34,400,338.00,"135,200.00"
2019-05-20,2019052001011758,NBL,55,34,100,338.00,"33,800.00"
2019-05-20,2019052001011757,NBL,45,34,400,338.00,"135,200.00"
2019-05-20,2019052001011719,NBL,45,21,500,338.00,"169,000.00"
2019-05-20,2019052001011801,NBL,42,45,"1,000",340.00,"340,000.00"
2019-05-20,2019052001011800,NBL,42,16,100,339.00,"33,900.00"
2019-05-20,2019052001011799,NBL,42,35,"2,600",339.00,"881,400.00"
2019-05-20,2019052001011795,NBL,47,35,600,339.00,"203,400.00"
2019-05-20,2019052001011786,NBL,14,35,100,338.00,"33,800.00"
2019-05-20,2019052001011780,NBL,14,59,600,338.00,"202,800.00"
2019-05-20,2019052001011828,NBL,29,35,500,339.00,"169,500.00"
2019-05-20,2019052001011826,NBL,34,41,700,338.00,"236,600.00"
2019-05-20,2019052001011825,NBL,14,41,300,338.00,"101,400.00"
2019-05-20,2019052001011808,NBL,42,35,600,340.00,"204,000.00"
2019-05-20,2019052001011803,NBL,42,45,"2,000",340.00,"680,000.00"
2019-05-20,2019052001011802,NBL,42,59,200,340.00,"68,000.00"
2019-05-20,2019052001011997,NCCB,58,45,10,257.00,"2,570.00"
2019-05-20,2019052001011996,NCCB,58,39,52,256.00,"13,312.00"
2019-05-20,2019052001011995,NCCB,55,39,"2,250",255.00,"573,750.00"
2019-05-20,2019052001011994,NCCB,38,39,200,255.00,"51,000.00"
2019-05-20,2019052001011993,NCCB,11,39,200,255.00,"51,000.00"
2019-05-20,2019052001011992,NCCB,56,39,100,255.00,"25,500.00"
2019-05-20,2019052001011839,NCCB,50,52,900,256.00,"230,400.00"
2019-05-20,2019052001011646,NCCB,10,52,600,256.00,"153,600.00"
2019-05-20,2019052001011625,NCCB,10,39,400,256.00,"102,400.00"
2019-05-20,2019052001011624,NCCB,45,39,100,256.00,"25,600.00"
2019-05-20,2019052001011623,NCCB,56,39,500,256.00,"128,000.00"
2019-05-20,2019052001011575,NCCB,56,32,100,256.00,"25,600.00"
2019-05-20,2019052001011991,NCCB,51,39,400,255.00,"102,000.00"
2019-05-20,2019052001011990,NCCB,38,39,850,255.00,"216,750.00"
2019-05-20,2019052001011988,NCCB,38,45,150,255.00,"38,250.00"
2019-05-20,2019052001011987,NCCB,52,45,500,255.00,"127,500.00"
2019-05-20,2019052001011986,NCCB,1,45,150,255.00,"38,250.00"
2019-05-20,2019052001011864,NCCB,58,45,10,257.00,"2,570.00"
2019-05-20,2019052001011724,NCDB,57,26,"1,000",143.00,"143,000.00"
2019-05-20,2019052001011519,NEF,45,29,"2,103",8.53,"17,938.59"
2019-05-20,2019052001011984,NIB,42,51,20,542.00,"10,840.00"
2019-05-20,2019052001011814,NIB,42,1,132,540.00,"71,280.00"
2019-05-20,2019052001011813,NIB,25,1,100,540.00,"54,000.00"
2019-05-20,2019052001011812,NIB,45,1,271,540.00,"146,340.00"
2019-05-20,2019052001011617,NIB,32,26,100,541.00,"54,100.00"
2019-05-20,2019052001011534,NIB,45,17,175,540.00,"94,500.00"
2019-05-20,2019052001011533,NIB,45,57,54,540.00,"29,160.00"
2019-05-20,2019052001011532,NIB,59,57,166,540.00,"89,640.00"
2019-05-20,2019052001011559,NIBLPF,52,29,"2,313",7.86,"18,180.18"
2019-05-20,2019052001011558,NIBLPF,17,29,212,7.87,"1,668.44"
2019-05-20,2019052001012004,NICA,33,43,500,483.00,"241,500.00"
2019-05-20,2019052001011950,NICA,34,44,600,481.00,"288,600.00"
2019-05-20,2019052001011943,NICA,45,19,412,482.00,"198,584.00"
2019-05-20,2019052001011942,NICA,45,46,88,482.00,"42,416.00"
2019-05-20,2019052001011925,NICA,33,46,100,482.00,"48,200.00"
2019-05-20,2019052001011882,NICA,33,46,100,482.00,"48,200.00"
2019-05-20,2019052001011872,NICA,34,7,500,481.00,"240,500.00"
2019-05-20,2019052001011848,NICA,34,7,70,481.00,"33,670.00"
2019-05-20,2019052001011847,NICA,38,7,430,481.00,"206,830.00"
2019-05-20,2019052001011690,NICA,38,53,470,481.00,"226,070.00"
2019-05-20,2019052001011689,NICA,34,53,500,481.00,"240,500.00"
2019-05-20,2019052001011845,NICL,43,45,10,399.00,"3,990.00"
2019-05-20,2019052001011703,NICL,21,45,300,394.00,"118,200.00"
2019-05-20,2019052001011702,NICL,37,45,100,394.00,"39,400.00"
2019-05-20,2019052001011701,NICL,21,45,50,394.00,"19,700.00"
2019-05-20,2019052001011700,NICL,32,45,50,395.00,"19,750.00"
2019-05-20,2019052001011960,NLBBL,39,22,102,520.00,"53,040.00"
2019-05-20,2019052001011688,NLG,25,34,16,819.00,"13,104.00"
2019-05-20,2019052001011584,NLG,47,6,164,804.00,"131,856.00"
2019-05-20,2019052001011583,NLG,44,6,21,805.00,"16,905.00"
2019-05-20,2019052001011589,NLG,49,6,335,803.00,"269,005.00"
2019-05-20,2019052001011588,NLG,45,6,10,803.00,"8,030.00"
2019-05-20,2019052001011587,NLG,25,6,50,803.00,"40,150.00"
2019-05-20,2019052001011586,NLG,19,6,20,804.00,"16,080.00"
2019-05-20,2019052001011585,NLG,16,6,300,804.00,"241,200.00"
2019-05-20,2019052001011681,NLIC,42,57,50,936.00,"46,800.00"
2019-05-20,2019052001011951,NLICL,43,39,10,658.00,"6,580.00"
2019-05-20,2019052001011824,NLICL,8,53,159,650.00,"103,350.00"
2019-05-20,2019052001011971,NTC,34,34,100,735.00,"73,500.00"
2019-05-20,2019052001011562,NTC,10,42,500,730.00,"365,000.00"
2019-05-20,2019052001011561,NTC,34,42,500,730.00,"365,000.00"
2019-05-20,2019052001011560,NTC,34,42,60,730.00,"43,800.00"
2019-05-20,2019052001011539,NTC,34,32,40,730.00,"29,200.00"
2019-05-20,2019052001011921,NTC,34,42,"1,740",730.00,"1,270,200.00"
2019-05-20,2019052001011810,NTC,17,42,260,730.00,"189,800.00"
2019-05-20,2019052001011809,NTC,17,42,40,730.00,"29,200.00"
2019-05-20,2019052001011620,PCBL,54,52,37,366.00,"13,542.00"
2019-05-20,2019052001011619,PCBL,54,32,200,366.00,"73,200.00"
2019-05-20,2019052001011618,PCBL,54,50,763,366.00,"279,258.00"
2019-05-20,2019052001011597,PCBL,56,50,100,366.00,"36,600.00"
2019-05-20,2019052001011887,PFL,38,41,50,139.00,"6,950.00"
2019-05-20,2019052001011963,PIC,58,1,11,"1,199.00","13,189.00"
2019-05-20,2019052001011944,PIC,11,7,31,"1,190.00","36,890.00"
2019-05-20,2019052001011905,PIC,38,7,50,"1,190.00","59,500.00"
2019-05-20,2019052001011904,PIC,14,7,50,"1,190.00","59,500.00"
2019-05-20,2019052001011903,PIC,18,7,100,"1,190.00","119,000.00"
2019-05-20,2019052001011902,PIC,46,7,100,"1,191.00","119,100.00"
2019-05-20,2019052001011543,PIC,33,6,100,"1,196.00","119,600.00"
2019-05-20,2019052001011542,PIC,58,6,150,"1,197.00","179,550.00"
2019-05-20,2019052001011629,PIC,58,47,136,"1,194.00","162,384.00"
2019-05-20,2019052001011628,PIC,13,47,148,"1,195.00","176,860.00"
2019-05-20,2019052001011581,PIC,13,6,172,"1,195.00","205,540.00"
2019-05-20,2019052001011546,PIC,57,6,50,"1,195.00","59,750.00"
2019-05-20,2019052001011545,PIC,20,6,500,"1,195.00","597,500.00"
2019-05-20,2019052001011544,PIC,33,6,28,"1,195.00","33,460.00"
2019-05-20,2019052001011752,PIC,57,47,50,"1,194.00","59,700.00"
2019-05-20,2019052001011733,PIC,57,45,45,"1,194.00","53,730.00"
2019-05-20,2019052001011732,PIC,58,45,255,"1,194.00","304,470.00"
2019-05-20,2019052001011715,PIC,58,47,104,"1,194.00","124,176.00"
2019-05-20,2019052001011680,PIC,58,8,244,"1,194.00","291,336.00"
2019-05-20,2019052001011653,PIC,58,47,261,"1,194.00","311,634.00"
2019-05-20,2019052001011837,PIC,8,19,155,"1,192.00","184,760.00"
2019-05-20,2019052001011836,PIC,46,19,20,"1,193.00","23,860.00"
2019-05-20,2019052001011835,PIC,58,19,158,"1,193.00","188,494.00"
2019-05-20,2019052001011834,PIC,13,19,167,"1,194.00","199,398.00"
2019-05-20,2019052001011822,PIC,13,32,33,"1,194.00","39,402.00"
2019-05-20,2019052001011796,PIC,58,47,42,"1,193.00","50,106.00"
2019-05-20,2019052001011901,PIC,33,7,50,"1,191.00","59,550.00"
2019-05-20,2019052001011900,PIC,57,7,100,"1,191.00","119,100.00"
2019-05-20,2019052001011899,PIC,56,7,50,"1,191.00","59,550.00"
2019-05-20,2019052001011898,PIC,20,7,206,"1,191.00","245,346.00"
2019-05-20,2019052001011897,PIC,35,7,200,"1,192.00","238,400.00"
2019-05-20,2019052001011896,PIC,8,7,45,"1,192.00","53,640.00"
2019-05-20,2019052001011513,PICL,21,45,30,713.00,"21,390.00"
2019-05-20,2019052001011823,PLIC,19,44,40,472.00,"18,880.00"
2019-05-20,2019052001011840,PRIN,1,37,100,409.00,"40,900.00"
2019-05-20,2019052001011695,PRIN,41,19,89,408.00,"36,312.00"
2019-05-20,2019052001011694,PRIN,46,19,200,408.00,"81,600.00"
2019-05-20,2019052001011693,PRIN,49,19,20,408.00,"8,160.00"
2019-05-20,2019052001011692,PRIN,13,19,50,408.00,"20,400.00"
2019-05-20,2019052001011691,PRIN,29,19,71,408.00,"28,968.00"
2019-05-20,2019052001011977,PRVU,34,51,20,280.00,"5,600.00"
2019-05-20,2019052001011957,PRVU,34,34,77,280.00,"21,560.00"
2019-05-20,2019052001011956,PRVU,32,34,173,280.00,"48,440.00"
2019-05-20,2019052001011927,PRVU,32,25,740,280.00,"207,200.00"
2019-05-20,2019052001011915,PRVU,32,46,39,280.00,"10,920.00"
2019-05-20,2019052001011547,PRVU,56,46,50,281.00,"14,050.00"
2019-05-20,2019052001011541,PRVU,32,20,100,280.00,"28,000.00"
2019-05-20,2019052001011527,PRVU,32,25,100,280.00,"28,000.00"
2019-05-20,2019052001011891,PRVU,32,46,500,280.00,"140,000.00"
2019-05-20,2019052001011793,PRVU,32,35,200,280.00,"56,000.00"
2019-05-20,2019052001011598,PRVU,32,16,148,280.00,"41,440.00"
2019-05-20,2019052001011907,RADHI,28,34,11,160.00,"1,760.00"
2019-05-20,2019052001011642,RBCL,42,25,10,"10,870.00","108,700.00"
2019-05-20,2019052001011641,RBCL,18,25,10,"10,870.00","108,700.00"
2019-05-20,2019052001011580,RBCL,55,39,20,"10,871.00","217,420.00"
2019-05-20,2019052001012006,RBCLPO,35,34,20,"10,002.00","200,040.00"
2019-05-20,2019052001012005,RBCLPO,3,39,10,"10,199.00","101,990.00"
2019-05-20,2019052001011889,RBCLPO,35,14,48,"10,002.00","480,096.00"
2019-05-20,2019052001011756,RBCLPO,28,42,200,"10,010.00","2,002,000.00"
2019-05-20,2019052001011755,RBCLPO,35,42,60,"10,015.00","600,900.00"
2019-05-20,2019052001011860,RHPC,49,34,100,94.00,"9,400.00"
2019-05-20,2019052001011712,RLFL,53,37,49,134.00,"6,566.00"
2019-05-20,2019052001011711,RLFL,59,37,700,134.00,"93,800.00"
2019-05-20,2019052001011710,RLFL,16,37,500,134.00,"67,000.00"
2019-05-20,2019052001011709,RLFL,51,37,50,135.00,"6,750.00"
2019-05-20,2019052001011708,RLFL,51,37,701,135.00,"94,635.00"
2019-05-20,2019052001011640,RLFL,51,37,"1,299",135.00,"175,365.00"
2019-05-20,2019052001011639,RLFL,51,37,300,135.00,"40,500.00"
2019-05-20,2019052001011638,RLFL,29,37,50,135.00,"6,750.00"
2019-05-20,2019052001011637,RLFL,28,37,48,135.00,"6,480.00"
2019-05-20,2019052001011920,RMDC,47,18,69,665.00,"45,885.00"
2019-05-20,2019052001011919,RMDC,47,18,73,665.00,"48,545.00"
2019-05-20,2019052001011910,RMDC,47,56,54,665.00,"35,910.00"
2019-05-20,2019052001011652,RMDC,47,14,200,665.00,"133,000.00"
2019-05-20,2019052001011525,RMDC,47,16,173,665.00,"115,045.00"
2019-05-20,2019052001011524,RMDC,46,16,10,665.00,"6,650.00"
2019-05-20,2019052001011798,RRHP,59,34,10,93.00,930.00
2019-05-20,2019052001011671,SANIMA,34,52,216,360.00,"77,760.00"
2019-05-20,2019052001011670,SANIMA,34,49,194,360.00,"69,840.00"
2019-05-20,2019052001011669,SANIMA,34,45,90,360.00,"32,400.00"
2019-05-20,2019052001011661,SANIMA,45,41,265,359.00,"95,135.00"
2019-05-20,2019052001011660,SANIMA,44,41,200,359.00,"71,800.00"
2019-05-20,2019052001011659,SANIMA,48,41,535,359.00,"192,065.00"
2019-05-20,2019052001011832,SBI,41,28,50,480.00,"24,000.00"
2019-05-20,2019052001011651,SBI,41,39,50,480.00,"24,000.00"
2019-05-20,2019052001011650,SBI,25,39,150,481.00,"72,150.00"
2019-05-20,2019052001011520,SBL,28,47,246,337.00,"82,902.00"
2019-05-20,2019052001011979,SCB,14,48,300,689.00,"206,700.00"
2019-05-20,2019052001011978,SCB,14,45,300,689.00,"206,700.00"
2019-05-20,2019052001011749,SCB,14,34,73,685.00,"50,005.00"
2019-05-20,2019052001011748,SCB,25,34,400,685.00,"274,000.00"
2019-05-20,2019052001011747,SCB,14,34,100,685.00,"68,500.00"
2019-05-20,2019052001011518,SDESI,52,6,23,610.00,"14,030.00"
2019-05-20,2019052001011883,SHINE,26,16,10,260.00,"2,600.00"
2019-05-20,2019052001012009,SHIVM,5,58,50,595.00,"29,750.00"
2019-05-20,2019052001012007,SHIVM,26,58,100,595.00,"59,500.00"
2019-05-20,2019052001011983,SHIVM,50,7,500,592.00,"296,000.00"
2019-05-20,2019052001011982,SHIVM,50,28,50,592.00,"29,600.00"
2019-05-20,2019052001011959,SHIVM,39,58,90,590.00,"53,100.00"
2019-05-20,2019052001011948,SHIVM,40,58,910,590.00,"536,900.00"
2019-05-20,2019052001011522,SHIVM,22,43,30,588.00,"17,640.00"
2019-05-20,2019052001011521,SHIVM,22,43,20,588.00,"11,760.00"
2019-05-20,2019052001011510,SHIVM,19,43,100,590.00,"59,000.00"
2019-05-20,2019052001011537,SHIVM,6,3,400,588.00,"235,200.00"
2019-05-20,2019052001011536,SHIVM,14,3,100,588.00,"58,800.00"
2019-05-20,2019052001011535,SHIVM,22,3,40,588.00,"23,520.00"
2019-05-20,2019052001011531,SHIVM,42,43,50,590.00,"29,500.00"
2019-05-20,2019052001011528,SHIVM,35,43,20,590.00,"11,800.00"
2019-05-20,2019052001011523,SHIVM,22,58,30,588.00,"17,640.00"
2019-05-20,2019052001011577,SHIVM,29,22,190,585.00,"111,150.00"
2019-05-20,2019052001011576,SHIVM,29,5,100,585.00,"58,500.00"
2019-05-20,2019052001011570,SHIVM,42,33,60,588.00,"35,280.00"
2019-05-20,2019052001011569,SHIVM,42,45,100,588.00,"58,800.00"
2019-05-20,2019052001011568,SHIVM,42,3,40,588.00,"23,520.00"
2019-05-20,2019052001011538,SHIVM,59,3,20,588.00,"11,760.00"
2019-05-20,2019052001011631,SHIVM,25,39,37,586.00,"21,682.00"
2019-05-20,2019052001011627,SHIVM,45,35,10,585.00,"5,850.00"
2019-05-20,2019052001011626,SHIVM,29,35,50,585.00,"29,250.00"
2019-05-20,2019052001011616,SHIVM,14,39,100,586.00,"58,600.00"
2019-05-20,2019052001011582,SHIVM,29,43,110,585.00,"64,350.00"
2019-05-20,2019052001011578,SHIVM,29,41,50,585.00,"29,250.00"
2019-05-20,2019052001011658,SHIVM,20,34,100,582.00,"58,200.00"
2019-05-20,2019052001011648,SHIVM,26,39,50,585.00,"29,250.00"
2019-05-20,2019052001011635,SHIVM,22,38,339,581.00,"196,959.00"
2019-05-20,2019052001011634,SHIVM,16,38,100,583.00,"58,300.00"
2019-05-20,2019052001011633,SHIVM,16,38,51,584.00,"29,784.00"
2019-05-20,2019052001011632,SHIVM,45,38,10,585.00,"5,850.00"
2019-05-20,2019052001011678,SHIVM,52,38,100,580.00,"58,000.00"
2019-05-20,2019052001011677,SHIVM,34,38,100,580.00,"58,000.00"
2019-05-20,2019052001011676,SHIVM,25,38,100,580.00,"58,000.00"
2019-05-20,2019052001011675,SHIVM,22,38,161,581.00,"93,541.00"
2019-05-20,2019052001011674,SHIVM,20,39,100,582.00,"58,200.00"
2019-05-20,2019052001011666,SHIVM,42,39,50,585.00,"29,250.00"
2019-05-20,2019052001011740,SHIVM,8,17,50,581.00,"29,050.00"
2019-05-20,2019052001011739,SHIVM,8,33,50,581.00,"29,050.00"
2019-05-20,2019052001011729,SHIVM,48,45,100,581.00,"58,100.00"
2019-05-20,2019052001011718,SHIVM,42,39,50,585.00,"29,250.00"
2019-05-20,2019052001011713,SHIVM,42,22,50,585.00,"29,250.00"
2019-05-20,2019052001011679,SHIVM,54,38,39,580.00,"22,620.00"
2019-05-20,2019052001011761,SHIVM,8,45,54,580.00,"31,320.00"
2019-05-20,2019052001011760,SHIVM,43,45,16,580.00,"9,280.00"
2019-05-20,2019052001011750,SHIVM,43,42,200,580.00,"116,000.00"
2019-05-20,2019052001011744,SHIVM,43,38,84,580.00,"48,720.00"
2019-05-20,2019052001011743,SHIVM,54,38,416,580.00,"241,280.00"
2019-05-20,2019052001011741,SHIVM,54,21,45,580.00,"26,100.00"
2019-05-20,2019052001011774,SHIVM,36,57,94,580.00,"54,520.00"
2019-05-20,2019052001011773,SHIVM,35,57,50,580.00,"29,000.00"
2019-05-20,2019052001011772,SHIVM,6,57,30,580.00,"17,400.00"
2019-05-20,2019052001011771,SHIVM,8,57,146,580.00,"84,680.00"
2019-05-20,2019052001011770,SHIVM,34,57,180,581.00,"104,580.00"
2019-05-20,2019052001011762,SHIVM,34,17,20,581.00,"11,620.00"
2019-05-20,2019052001011792,SHIVM,4,58,901,584.00,"526,184.00"
2019-05-20,2019052001011789,SHIVM,10,38,93,582.00,"54,126.00"
2019-05-20,2019052001011788,SHIVM,7,38,407,582.00,"236,874.00"
2019-05-20,2019052001011787,SHIVM,25,55,10,584.00,"5,840.00"
2019-05-20,2019052001011782,SHIVM,7,50,43,582.00,"25,026.00"
2019-05-20,2019052001011781,SHIVM,7,57,50,582.00,"29,100.00"
2019-05-20,2019052001011880,SHIVM,52,58,200,588.00,"117,600.00"
2019-05-20,2019052001011871,SHIVM,22,51,50,587.00,"29,350.00"
2019-05-20,2019052001011863,SHIVM,22,33,40,587.00,"23,480.00"
2019-05-20,2019052001011838,SHIVM,43,49,50,587.00,"29,350.00"
2019-05-20,2019052001011833,SHIVM,59,6,100,586.00,"58,600.00"
2019-05-20,2019052001011818,SHIVM,49,25,100,585.00,"58,500.00"
2019-05-20,2019052001011928,SHIVM,8,26,50,588.00,"29,400.00"
2019-05-20,2019052001011926,SHIVM,8,3,300,588.00,"176,400.00"
2019-05-20,2019052001011924,SHIVM,38,28,10,590.00,"5,900.00"
2019-05-20,2019052001011918,SHIVM,8,34,50,588.00,"29,400.00"
2019-05-20,2019052001011895,SHIVM,8,58,439,588.00,"258,132.00"
2019-05-20,2019052001011892,SHIVM,1,58,400,588.00,"235,200.00"
2019-05-20,2019052001011947,SHIVM,40,26,300,590.00,"177,000.00"
2019-05-20,2019052001011946,SHIVM,40,28,490,590.00,"289,100.00"
2019-05-20,2019052001011945,SHIVM,40,19,100,588.00,"58,800.00"
2019-05-20,2019052001011940,SHIVM,50,19,500,588.00,"294,000.00"
2019-05-20,2019052001011930,SHIVM,50,38,339,588.00,"199,332.00"
2019-05-20,2019052001011929,SHIVM,8,38,161,588.00,"94,668.00"
2019-05-20,2019052001011938,SHL,34,56,300,237.00,"71,100.00"
2019-05-20,2019052001011865,SHL,34,56,700,237.00,"165,900.00"
2019-05-20,2019052001011643,SHL,5,43,500,239.00,"119,500.00"
2019-05-20,2019052001011970,SHPC,38,7,20,269.00,"5,380.00"
2019-05-20,2019052001011894,SIC,20,58,30,"1,383.00","41,490.00"
2019-05-20,2019052001011785,SIC,20,45,300,"1,383.00","414,900.00"
2019-05-20,2019052001011611,SIC,20,53,80,"1,383.00","110,640.00"
2019-05-20,2019052001011517,SIC,20,25,70,"1,383.00","96,810.00"
2019-05-20,2019052001011516,SIC,1,25,130,"1,384.00","179,920.00"
2019-05-20,2019052001011742,SICL,7,48,42,857.00,"35,994.00"
2019-05-20,2019052001011879,SIL,20,37,200,581.00,"116,200.00"
2019-05-20,2019052001011806,SINDU,17,55,284,153.00,"43,452.00"
2019-05-20,2019052001011805,SINDU,17,33,100,153.00,"15,300.00"
2019-05-20,2019052001011804,SINDU,17,34,16,153.00,"2,448.00"
2019-05-20,2019052001011754,SINDU,39,29,500,150.00,"75,000.00"
2019-05-20,2019052001011753,SINDU,44,29,500,150.00,"75,000.00"
2019-05-20,2019052001011831,SKBBL,5,39,100,987.00,"98,700.00"
2019-05-20,2019052001011830,SKBBL,22,39,100,987.00,"98,700.00"
2019-05-20,2019052001011593,SLBBL,56,55,67,474.00,"31,758.00"
2019-05-20,2019052001011592,SLBBL,54,55,13,475.00,"6,175.00"
2019-05-20,2019052001011954,SLICL,34,58,20,590.00,"11,800.00"
2019-05-20,2019052001011953,SLICL,17,38,68,586.00,"39,848.00"
2019-05-20,2019052001011952,SLICL,1,38,80,586.00,"46,880.00"
2019-05-20,2019052001011923,SMATA,14,41,20,"1,315.00","26,300.00"
2019-05-20,2019052001011922,SMATA,57,41,15,"1,320.00","19,800.00"
2019-05-20,2019052001011980,SRBL,6,28,518,260.00,"134,680.00"
2019-05-20,2019052001011917,SRBL,6,53,"1,000",260.00,"260,000.00"
2019-05-20,2019052001011916,SRBL,6,29,482,260.00,"125,320.00"
2019-05-20,2019052001011914,SRBL,17,28,"1,200",258.00,"309,600.00"
2019-05-20,2019052001011913,SRBL,20,28,300,258.00,"77,400.00"
2019-05-20,2019052001011723,SRBL,20,19,100,258.00,"25,800.00"
2019-05-20,2019052001011621,UIC,42,6,100,923.00,"92,300.00"
2019-05-20,2019052001011550,UIC,42,39,20,923.00,"18,460.00"
2019-05-20,2019052001011985,UPPER,34,50,20,253.00,"5,060.00"
2019-05-20,2019052001011886,UPPER,22,57,"1,658",251.00,"416,158.00"
2019-05-20,2019052001011885,UPPER,45,57,186,251.00,"46,686.00"
2019-05-20,2019052001011884,UPPER,17,57,156,252.00,"39,312.00"
2019-05-20,2019052001011881,UPPER,34,50,20,253.00,"5,060.00"
2019-05-20,2019052001011878,UPPER,17,45,54,252.00,"13,608.00"
2019-05-20,2019052001011595,UPPER,45,51,20,251.00,"5,020.00"
2019-05-20,2019052001011790,UPPER,45,46,40,251.00,"10,040.00"
2019-05-20,2019052001011745,UPPER,45,52,40,251.00,"10,040.00"
2019-05-20,2019052001011725,UPPER,45,14,50,251.00,"12,550.00"
2019-05-20,2019052001011699,UPPER,45,14,50,251.00,"12,550.00"
2019-05-20,2019052001011645,UPPER,45,14,50,251.00,"12,550.00"
2019-05-20,2019052001011603,UPPER,45,14,40,251.00,"10,040.00"
2019-05-20,2019052001011854,UPPER,17,1,50,252.00,"12,600.00"
2019-05-20,2019052001011853,UPPER,17,25,160,252.00,"40,320.00"
2019-05-20,2019052001011852,UPPER,17,59,500,252.00,"126,000.00"
2019-05-20,2019052001011851,UPPER,17,8,40,252.00,"10,080.00"
2019-05-20,2019052001011850,UPPER,17,26,40,252.00,"10,080.00"
2019-05-20,2019052001011827,UPPER,45,46,50,251.00,"12,550.00"
2019-05-20,2019052001011405,ADBL,4,57,112,416.00,"46,592.00"
2019-05-20,2019052001011404,ADBL,22,57,200,416.00,"83,200.00"
2019-05-20,2019052001011403,ADBL,42,57,450,416.00,"187,200.00"
2019-05-20,2019052001011352,ADBL,42,57,500,416.00,"208,000.00"
2019-05-20,2019052001011351,ADBL,57,57,500,417.00,"208,500.00"
2019-05-20,2019052001011146,AKJCL,13,36,20,75.00,"1,500.00"
2019-05-20,2019052001011069,AKPL,55,53,456,188.00,"85,728.00"
2019-05-20,2019052001011408,AMFI,45,22,50,564.00,"28,200.00"
2019-05-20,2019052001011332,BFC,17,49,100,106.00,"10,600.00"
2019-05-20,2019052001011473,BOKL,14,1,74,276.00,"20,424.00"
2019-05-20,2019052001011472,BOKL,28,1,71,276.00,"19,596.00"
2019-05-20,2019052001011437,BOKL,28,47,429,276.00,"118,404.00"
2019-05-20,2019052001011436,BOKL,53,47,473,276.00,"130,548.00"
2019-05-20,2019052001011435,BOKL,4,47,500,277.00,"138,500.00"
2019-05-20,2019052001011434,BOKL,19,47,614,277.00,"170,078.00"
2019-05-20,2019052001011493,BPCL,10,32,50,420.00,"21,000.00"
2019-05-20,2019052001011490,BPCL,36,50,966,421.00,"406,686.00"
2019-05-20,2019052001011413,BPCL,17,50,"1,417",421.00,"596,557.00"
2019-05-20,2019052001011412,BPCL,46,50,500,422.00,"211,000.00"
2019-05-20,2019052001011411,BPCL,45,50,267,422.00,"112,674.00"
2019-05-20,2019052001011277,BPCL,45,44,33,422.00,"13,926.00"
2019-05-20,2019052001011092,BPCL,17,22,572,421.00,"240,812.00"
2019-05-20,2019052001011091,BPCL,53,22,100,422.00,"42,200.00"
2019-05-20,2019052001011090,BPCL,45,22,300,425.00,"127,500.00"
2019-05-20,2019052001011089,BPCL,38,22,28,425.00,"11,900.00"
2019-05-20,2019052001011176,BPCL,17,36,11,421.00,"4,631.00"
2019-05-20,2019052001011475,CBBL,33,58,50,949.00,"47,450.00"
2019-05-20,2019052001011462,CCBL,45,6,688,169.00,"116,272.00"
2019-05-20,2019052001011341,CCBL,26,45,346,168.00,"58,128.00"
2019-05-20,2019052001011340,CCBL,52,45,300,168.00,"50,400.00"
2019-05-20,2019052001011339,CCBL,40,45,"1,000",168.00,"168,000.00"
2019-05-20,2019052001011338,CCBL,50,45,354,168.00,"59,472.00"
2019-05-20,2019052001011253,CCBL,50,33,100,168.00,"16,800.00"
2019-05-20,2019052001011269,CHCL,25,52,20,525.00,"10,500.00"
2019-05-20,2019052001011349,CHLBS,1,17,10,460.00,"4,600.00"
2019-05-20,2019052001011068,CHLBS,35,42,50,462.00,"23,100.00"
2019-05-20,2019052001011360,CIT,34,6,100,"2,611.00","261,100.00"
2019-05-20,2019052001011336,CIT,34,49,130,"2,611.00","339,430.00"
2019-05-20,2019052001011335,CIT,45,49,20,"2,612.00","52,240.00"
2019-05-20,2019052001011494,CZBIL,17,48,161,230.00,"37,030.00"
2019-05-20,2019052001011422,CZBIL,17,16,110,230.00,"25,300.00"
2019-05-20,2019052001011143,CZBIL,17,17,10,230.00,"2,300.00"
2019-05-20,2019052001011395,DBBL,57,58,250,151.00,"37,750.00"
2019-05-20,2019052001011337,DBBL,40,58,500,151.00,"75,500.00"
2019-05-20,2019052001011379,DDBL,42,6,300,736.00,"220,800.00"
2019-05-20,2019052001011378,DDBL,6,6,540,736.00,"397,440.00"
2019-05-20,2019052001011314,DDBL,6,41,220,736.00,"161,920.00"
2019-05-20,2019052001011496,EBL,58,34,100,663.00,"66,300.00"
2019-05-20,2019052001011495,EBL,41,34,300,663.00,"198,900.00"
2019-05-20,2019052001011426,EBL,44,34,100,666.00,"66,600.00"
2019-05-20,2019052001011319,EBL,51,50,154,666.00,"102,564.00"
2019-05-20,2019052001011318,EBL,33,50,170,666.00,"113,220.00"
2019-05-20,2019052001011326,EBL,34,50,50,665.00,"33,250.00"
2019-05-20,2019052001011324,EBL,17,50,700,665.00,"465,500.00"
2019-05-20,2019052001011323,EBL,50,50,100,665.00,"66,500.00"
2019-05-20,2019052001011322,EBL,33,50,100,665.00,"66,500.00"
2019-05-20,2019052001011321,EBL,25,50,700,665.00,"465,500.00"
2019-05-20,2019052001011320,EBL,19,50,20,666.00,"13,320.00"
2019-05-20,2019052001011325,EDBL,42,55,200,308.00,"61,600.00"
2019-05-20,2019052001011023,FMDBL,58,19,32,405.00,"12,960.00"
2019-05-20,2019052001011022,FMDBL,53,19,100,407.00,"40,700.00"
2019-05-20,2019052001011021,FMDBL,26,19,75,407.00,"30,525.00"
2019-05-20,2019052001011020,FMDBL,10,19,100,408.00,"40,800.00"
2019-05-20,2019052001011452,FOWAD,42,47,374,"1,510.00","564,740.00"
2019-05-20,2019052001011103,FOWAD,42,19,15,"1,510.00","22,650.00"
2019-05-20,2019052001011054,FOWAD,42,45,100,"1,510.00","151,000.00"
2019-05-20,2019052001011045,FOWAD,51,25,200,"1,520.00","304,000.00"
2019-05-20,2019052001011250,GBBL,22,55,833,228.00,"189,924.00"
2019-05-20,2019052001011465,GBIME,17,41,101,310.00,"31,310.00"
2019-05-20,2019052001011055,GBIME,19,52,100,311.00,"31,100.00"
2019-05-20,2019052001011072,GBLBS,20,28,100,355.00,"35,500.00"
2019-05-20,2019052001011071,GBLBS,56,28,200,355.00,"71,000.00"
2019-05-20,2019052001011070,GBLBS,1,28,29,355.00,"10,295.00"
2019-05-20,2019052001011067,GBLBS,57,1,100,356.00,"35,600.00"
2019-05-20,2019052001011387,GLICL,41,21,25,555.00,"13,875.00"
2019-05-20,2019052001011386,GLICL,57,21,75,556.00,"41,700.00"
2019-05-20,2019052001011348,GLICL,57,21,25,556.00,"13,900.00"
2019-05-20,2019052001011256,GUFL,5,28,300,111.00,"33,300.00"
2019-05-20,2019052001011313,HBL,45,6,31,595.00,"18,445.00"
2019-05-20,2019052001011463,HDL,45,45,200,"1,999.00","399,800.00"
2019-05-20,2019052001011026,HDL,25,32,100,"1,976.00","197,600.00"
2019-05-20,2019052001011489,HPPL,42,39,10,181.00,"1,810.00"
2019-05-20,2019052001011488,HPPL,42,48,10,180.00,"1,800.00"
2019-05-20,2019052001011487,HPPL,42,45,10,180.00,"1,800.00"
2019-05-20,2019052001011486,HPPL,42,39,10,180.00,"1,800.00"
2019-05-20,2019052001011109,IGI,7,58,10,430.00,"4,300.00"
2019-05-20,2019052001011232,IGI,49,58,18,422.00,"7,596.00"
2019-05-20,2019052001011230,IGI,16,58,92,422.00,"38,824.00"
2019-05-20,2019052001011442,JBBL,49,39,"1,500",150.00,"225,000.00"
2019-05-20,2019052001011328,JBBL,49,49,"7,000",150.00,"1,050,000.00"
2019-05-20,2019052001011243,JBBL,49,6,366,150.00,"54,900.00"
2019-05-20,2019052001011294,JBNL,16,58,260,204.00,"53,040.00"
2019-05-20,2019052001011293,JBNL,16,10,40,204.00,"8,160.00"
2019-05-20,2019052001011466,JSLBB,21,19,20,"2,150.00","43,000.00"
2019-05-20,2019052001011506,KBBL,50,56,62,229.00,"14,198.00"
2019-05-20,2019052001011505,KBBL,28,56,453,229.00,"103,737.00"
2019-05-20,2019052001011310,KBBL,28,14,10,229.00,"2,290.00"
2019-05-20,2019052001011409,KBL,59,29,100,219.00,"21,900.00"
2019-05-20,2019052001011135,KSBBL,32,44,142,160.00,"22,720.00"
2019-05-20,2019052001011025,KSBBL,58,18,300,159.00,"47,700.00"
2019-05-20,2019052001011388,LBBL,33,33,26,206.00,"5,356.00"
2019-05-20,2019052001011187,LBBL,46,50,350,205.00,"71,750.00"
2019-05-20,2019052001011186,LBBL,32,50,100,205.00,"20,500.00"
2019-05-20,2019052001011185,LBBL,10,50,100,205.00,"20,500.00"
2019-05-20,2019052001011457,LBL,38,16,500,223.00,"111,500.00"
2019-05-20,2019052001011456,LBL,42,16,200,223.00,"44,600.00"
2019-05-20,2019052001011455,LBL,38,16,100,223.00,"22,300.00"
2019-05-20,2019052001011454,LBL,38,16,437,223.00,"97,451.00"
2019-05-20,2019052001011407,LBL,38,16,563,223.00,"125,549.00"
2019-05-20,2019052001011406,LBL,45,16,437,223.00,"97,451.00"
2019-05-20,2019052001011383,LBL,38,19,50,224.00,"11,200.00"
2019-05-20,2019052001011284,LICN,28,56,470,"1,870.00","878,900.00"
2019-05-20,2019052001011241,LLBS,21,28,75,755.00,"56,625.00"
2019-05-20,2019052001011050,LLBS,11,37,75,750.00,"56,250.00"
2019-05-20,2019052001011049,LLBS,32,37,75,751.00,"56,325.00"
2019-05-20,2019052001011492,MBL,22,48,100,271.00,"27,100.00"
2019-05-20,2019052001011357,MBL,22,6,425,271.00,"115,175.00"
2019-05-20,2019052001011356,MBL,34,6,500,271.00,"135,500.00"
2019-05-20,2019052001011355,MBL,22,6,75,271.00,"20,325.00"
2019-05-20,2019052001011331,MBL,22,26,25,271.00,"6,775.00"
2019-05-20,2019052001011330,MBL,26,26,25,271.00,"6,775.00"
2019-05-20,2019052001011234,MBL,26,42,475,271.00,"128,725.00"
2019-05-20,2019052001011233,MBL,22,42,891,271.00,"241,461.00"
2019-05-20,2019052001011453,MEGA,58,16,109,196.00,"21,364.00"
2019-05-20,2019052001011154,MEGA,58,10,"3,950",196.00,"774,200.00"
2019-05-20,2019052001011153,MEGA,49,10,"1,000",196.00,"196,000.00"
2019-05-20,2019052001011152,MEGA,49,10,50,196.00,"9,800.00"
2019-05-20,2019052001011142,MEGA,57,41,500,196.00,"98,000.00"
2019-05-20,2019052001011141,MEGA,42,41,500,196.00,"98,000.00"
2019-05-20,2019052001011140,MEGA,11,41,"1,000",196.00,"196,000.00"
2019-05-20,2019052001011030,MEGA,42,5,200,197.00,"39,400.00"
2019-05-20,2019052001011029,MEGA,35,5,109,197.00,"21,473.00"
2019-05-20,2019052001011162,MLBBL,6,37,26,473.00,"12,298.00"
2019-05-20,2019052001011161,MLBBL,22,37,20,473.00,"9,460.00"
2019-05-20,2019052001011160,MLBBL,58,37,50,473.00,"23,650.00"
2019-05-20,2019052001011245,MLBL,33,37,39,200.00,"7,800.00"
2019-05-20,2019052001011402,MNBBL,42,19,218,375.00,"81,750.00"
2019-05-20,2019052001011401,MNBBL,32,19,500,376.00,"188,000.00"
2019-05-20,2019052001011400,MNBBL,37,19,50,376.00,"18,800.00"
2019-05-20,2019052001011399,MNBBL,35,19,163,376.00,"61,288.00"
2019-05-20,2019052001011270,MNBBL,37,48,20,377.00,"7,540.00"
2019-05-20,2019052001011084,MNBBL,17,45,430,377.00,"162,110.00"
2019-05-20,2019052001011171,MNBBL,17,48,11,377.00,"4,147.00"
2019-05-20,2019052001011122,MNBBL,17,45,59,377.00,"22,243.00"
2019-05-20,2019052001011102,MNBBL,48,17,350,378.00,"132,300.00"
2019-05-20,2019052001011279,NABIL,32,50,50,835.00,"41,750.00"
2019-05-20,2019052001011384,NABILP,25,56,61,809.00,"49,349.00"
2019-05-20,2019052001011044,NABILP,20,4,500,810.00,"405,000.00"
2019-05-20,2019052001011312,NABILP,25,11,80,809.00,"64,720.00"
2019-05-20,2019052001011242,NABILP,25,14,300,809.00,"242,700.00"
2019-05-20,2019052001011213,NABILP,25,49,330,809.00,"266,970.00"
2019-05-20,2019052001011127,NADEP,42,44,10,483.00,"4,830.00"
2019-05-20,2019052001011106,NADEP,42,32,10,481.00,"4,810.00"
2019-05-20,2019052001011105,NADEP,42,56,20,480.00,"9,600.00"
2019-05-20,2019052001011104,NADEP,42,57,80,479.00,"38,320.00"
2019-05-20,2019052001011101,NBB,28,6,292,227.00,"66,284.00"
2019-05-20,2019052001011034,NBB,48,17,600,226.00,"135,600.00"
2019-05-20,2019052001011033,NBB,48,43,359,226.00,"81,134.00"
2019-05-20,2019052001011032,NBB,58,43,141,226.00,"31,866.00"
2019-05-20,2019052001011445,NBL,41,35,"1,000",339.00,"339,000.00"
2019-05-20,2019052001011444,NBL,45,35,200,339.00,"67,800.00"
2019-05-20,2019052001011443,NBL,42,35,560,339.00,"189,840.00"
2019-05-20,2019052001011410,NBL,4,35,150,340.00,"51,000.00"
2019-05-20,2019052001011278,NBL,45,35,"1,000",340.00,"340,000.00"
2019-05-20,2019052001011204,NBL,42,33,200,340.00,"68,000.00"
2019-05-20,2019052001011123,NBL,49,33,60,339.00,"20,340.00"
2019-05-20,2019052001011058,NBL,5,40,"1,000",338.00,"338,000.00"
2019-05-20,2019052001011057,NBL,5,13,50,338.00,"16,900.00"
2019-05-20,2019052001011197,NBL,42,49,500,340.00,"170,000.00"
2019-05-20,2019052001011134,NBL,42,14,600,339.00,"203,400.00"
2019-05-20,2019052001011133,NBL,42,35,"5,000",339.00,"1,695,000.00"
2019-05-20,2019052001011132,NBL,42,25,161,339.00,"54,579.00"
2019-05-20,2019052001011131,NBL,42,36,"1,000",339.00,"339,000.00"
2019-05-20,2019052001011130,NBL,42,33,440,339.00,"149,160.00"
2019-05-20,2019052001011203,NBL,42,57,500,340.00,"170,000.00"
2019-05-20,2019052001011202,NBL,42,34,"2,500",340.00,"850,000.00"
2019-05-20,2019052001011201,NBL,42,49,"1,100",340.00,"374,000.00"
2019-05-20,2019052001011200,NBL,42,25,200,340.00,"68,000.00"
2019-05-20,2019052001011199,NBL,42,25,"1,000",340.00,"340,000.00"
2019-05-20,2019052001011198,NBL,42,5,"1,000",340.00,"340,000.00"
2019-05-20,2019052001011117,NCCB,56,13,400,256.00,"102,400.00"
2019-05-20,2019052001011451,NEF,45,29,"2,414",8.53,"20,591.42"
2019-05-20,2019052001011484,NIBLPF,17,29,788,7.87,"6,201.56"
2019-05-20,2019052001011483,NIBLPF,17,29,"1,000",7.87,"7,870.00"
2019-05-20,2019052001011482,NIBLPF,17,29,737,7.87,"5,800.19"
2019-05-20,2019052001011111,NICA,1,46,12,482.00,"5,784.00"
2019-05-20,2019052001011110,NICA,1,52,10,482.00,"4,820.00"
2019-05-20,2019052001011219,NIL,43,37,213,515.00,"109,695.00"
2019-05-20,2019052001011218,NIL,44,37,100,515.00,"51,500.00"
2019-05-20,2019052001011217,NIL,43,37,80,515.00,"41,200.00"
2019-05-20,2019052001011083,NLBBL,37,37,200,516.00,"103,200.00"
2019-05-20,2019052001011041,NLBBL,55,22,124,520.00,"64,480.00"
2019-05-20,2019052001011147,NLG,22,51,21,805.00,"16,905.00"
2019-05-20,2019052001011062,NLG,41,58,50,809.00,"40,450.00"
2019-05-20,2019052001011252,NLG,25,34,14,819.00,"11,466.00"
2019-05-20,2019052001011235,NLG,25,46,16,815.00,"13,040.00"
2019-05-20,2019052001011150,NLG,44,51,29,805.00,"23,345.00"
2019-05-20,2019052001011149,NLG,22,51,50,805.00,"40,250.00"
2019-05-20,2019052001011148,NLG,29,51,50,805.00,"40,250.00"
2019-05-20,2019052001011164,NLIC,42,45,139,936.00,"130,104.00"
2019-05-20,2019052001011129,NLIC,16,45,61,939.00,"57,279.00"
2019-05-20,2019052001011043,NLIC,16,17,39,939.00,"36,621.00"
2019-05-20,2019052001011042,NLIC,57,17,30,939.00,"28,170.00"
2019-05-20,2019052001011047,NLICL,16,53,150,652.00,"97,800.00"
2019-05-20,2019052001011046,NLICL,20,53,10,652.00,"6,520.00"
2019-05-20,2019052001011288,NMBSF1,55,51,"3,000",10.75,"32,250.00"
2019-05-20,2019052001011287,NMBSF1,34,51,"1,000",10.76,"10,760.00"
2019-05-20,2019052001011184,NMFBS,55,17,15,"1,630.00","24,450.00"
2019-05-20,2019052001011170,NSEWA,42,22,70,453.00,"31,710.00"
2019-05-20,2019052001011169,NSEWA,11,22,20,455.00,"9,100.00"
2019-05-20,2019052001011286,OHL,34,52,10,638.00,"6,380.00"
2019-05-20,2019052001011477,PCBL,6,26,200,365.00,"73,000.00"
2019-05-20,2019052001011476,PCBL,6,40,"1,000",365.00,"365,000.00"
2019-05-20,2019052001011427,PCBL,13,40,300,365.00,"109,500.00"
2019-05-20,2019052001011309,PCBL,8,40,200,365.00,"73,000.00"
2019-05-20,2019052001011195,PCBL,19,41,86,364.00,"31,304.00"
2019-05-20,2019052001011194,PCBL,55,41,137,364.00,"49,868.00"
2019-05-20,2019052001011192,PCBL,55,56,363,364.00,"132,132.00"
2019-05-20,2019052001011191,PCBL,39,56,300,364.00,"109,200.00"
2019-05-20,2019052001011190,PCBL,52,56,156,364.00,"56,784.00"
2019-05-20,2019052001011173,PCBL,52,44,44,364.00,"16,016.00"
2019-05-20,2019052001011172,PCBL,11,44,15,364.00,"5,460.00"
2019-05-20,2019052001011107,PCBL,11,17,570,364.00,"207,480.00"
2019-05-20,2019052001011059,PIC,33,17,11,"1,195.00","13,145.00"
2019-05-20,2019052001011031,PIC,33,17,11,"1,195.00","13,145.00"
2019-05-20,2019052001011433,PICL,39,19,65,705.00,"45,825.00"
2019-05-20,2019052001011432,PICL,25,19,50,705.00,"35,250.00"
2019-05-20,2019052001011431,PICL,49,19,200,706.00,"141,200.00"
2019-05-20,2019052001011430,PICL,14,19,50,707.00,"35,350.00"
2019-05-20,2019052001011429,PICL,49,19,85,708.00,"60,180.00"
2019-05-20,2019052001011353,PLIC,35,45,60,470.00,"28,200.00"
2019-05-20,2019052001011087,PLIC,35,19,13,470.00,"6,110.00"
2019-05-20,2019052001011086,PLIC,11,19,10,470.00,"4,700.00"
2019-05-20,2019052001011085,PLIC,17,19,50,470.00,"23,500.00"
2019-05-20,2019052001011423,PMHPL,44,58,70,110.00,"7,700.00"
2019-05-20,2019052001011019,PMHPL,44,38,10,110.00,"1,100.00"
2019-05-20,2019052001011066,PRIN,57,38,100,410.00,"41,000.00"
2019-05-20,2019052001011361,PRVU,29,46,"1,000",281.00,"281,000.00"
2019-05-20,2019052001011211,PRVU,42,46,400,281.00,"112,400.00"
2019-05-20,2019052001011053,PRVU,28,46,500,281.00,"140,500.00"
2019-05-20,2019052001011052,PRVU,48,46,11,281.00,"3,091.00"
2019-05-20,2019052001011018,PRVU,48,5,989,281.00,"277,909.00"
2019-05-20,2019052001011017,PRVU,17,5,11,281.00,"3,091.00"
2019-05-20,2019052001011249,RADHI,28,41,100,160.00,"16,000.00"
2019-05-20,2019052001011291,RBCLPO,6,33,10,"10,024.00","100,240.00"
2019-05-20,2019052001011464,RLFL,39,58,10,137.00,"1,370.00"
2019-05-20,2019052001011450,RLFL,58,44,475,137.00,"65,075.00"
2019-05-20,2019052001011449,RLFL,58,42,435,137.00,"59,595.00"
2019-05-20,2019052001011448,RLFL,58,7,400,137.00,"54,800.00"
2019-05-20,2019052001011296,RLFL,28,44,20,135.00,"2,700.00"
2019-05-20,2019052001011229,RLFL,28,26,432,135.00,"58,320.00"
2019-05-20,2019052001011222,RLFL,49,26,100,136.00,"13,600.00"
2019-05-20,2019052001011228,RLFL,37,26,100,135.00,"13,500.00"
2019-05-20,2019052001011227,RLFL,43,26,50,135.00,"6,750.00"
2019-05-20,2019052001011226,RLFL,28,26,500,135.00,"67,500.00"
2019-05-20,2019052001011225,RLFL,25,26,300,135.00,"40,500.00"
2019-05-20,2019052001011224,RLFL,39,26,340,135.00,"45,900.00"
2019-05-20,2019052001011223,RLFL,54,26,50,136.00,"6,800.00"
2019-05-20,2019052001011212,RMDC,49,56,125,667.00,"83,375.00"
2019-05-20,2019052001011478,RSDC,1,17,10,381.00,"3,810.00"
2019-05-20,2019052001011255,SANIMA,48,14,465,359.00,"166,935.00"
2019-05-20,2019052001011254,SANIMA,17,14,152,359.00,"54,568.00"
2019-05-20,2019052001011196,SANIMA,17,35,820,359.00,"294,380.00"
2019-05-20,2019052001011145,SANIMA,17,33,500,359.00,"179,500.00"
2019-05-20,2019052001011261,SBI,41,3,53,480.00,"25,440.00"
2019-05-20,2019052001011179,SBI,57,34,100,481.00,"48,100.00"
2019-05-20,2019052001011178,SBI,45,34,500,481.00,"240,500.00"
2019-05-20,2019052001011177,SBI,51,34,100,481.00,"48,100.00"
2019-05-20,2019052001011155,SBI,16,3,20,483.00,"9,660.00"
2019-05-20,2019052001011485,SBL,5,48,18,336.00,"6,048.00"
2019-05-20,2019052001011392,SBL,25,47,500,337.00,"168,500.00"
2019-05-20,2019052001011391,SBL,25,47,500,338.00,"169,000.00"
2019-05-20,2019052001011390,SBL,34,47,500,338.00,"169,000.00"
2019-05-20,2019052001011389,SBL,45,47,585,338.00,"197,730.00"
2019-05-20,2019052001011056,SCB,14,17,38,686.00,"26,068.00"
2019-05-20,2019052001011015,SCB,13,17,30,686.00,"20,580.00"
2019-05-20,2019052001011014,SCB,45,17,30,687.00,"20,610.00"
2019-05-20,2019052001011327,SDESI,59,20,67,608.00,"40,736.00"
2019-05-20,2019052001011214,SDESI,59,6,16,608.00,"9,728.00"
2019-05-20,2019052001011188,SDESI,59,44,23,608.00,"13,984.00"
2019-05-20,2019052001011076,SDESI,59,6,200,608.00,"121,600.00"
2019-05-20,2019052001011036,SDESI,59,17,17,608.00,"10,336.00"
2019-05-20,2019052001011035,SDESI,3,17,10,609.00,"6,090.00"
2019-05-20,2019052001011458,SHINE,45,16,155,260.00,"40,300.00"
2019-05-20,2019052001011244,SHINE,7,45,200,258.00,"51,600.00"
2019-05-20,2019052001011509,SHIVM,16,43,100,590.00,"59,000.00"
2019-05-20,2019052001011508,SHIVM,44,43,120,590.00,"70,800.00"
2019-05-20,2019052001011507,SHIVM,44,32,200,590.00,"118,000.00"
2019-05-20,2019052001011498,SHIVM,35,28,450,592.00,"266,400.00"
2019-05-20,2019052001011497,SHIVM,35,32,50,592.00,"29,600.00"
2019-05-20,2019052001011491,SHIVM,44,6,50,590.00,"29,500.00"
2019-05-20,2019052001011027,SHIVM,42,22,20,606.00,"12,120.00"
2019-05-20,2019052001011016,SHIVM,38,14,20,607.00,"12,140.00"
2019-05-20,2019052001011012,SHIVM,14,14,100,607.00,"60,700.00"
2019-05-20,2019052001011011,SHIVM,13,14,200,607.00,"121,400.00"
2019-05-20,2019052001011010,SHIVM,6,14,211,607.00,"128,077.00"
2019-05-20,2019052001011060,SHIVM,5,34,30,605.00,"18,150.00"
2019-05-20,2019052001011051,SHIVM,5,29,470,605.00,"284,350.00"
2019-05-20,2019052001011040,SHIVM,48,45,30,606.00,"18,180.00"
2019-05-20,2019052001011039,SHIVM,48,45,100,606.00,"60,600.00"
2019-05-20,2019052001011038,SHIVM,6,45,220,606.00,"133,320.00"
2019-05-20,2019052001011028,SHIVM,6,22,30,606.00,"18,180.00"
2019-05-20,2019052001011079,SHIVM,48,29,40,605.00,"24,200.00"
2019-05-20,2019052001011078,SHIVM,55,29,180,605.00,"108,900.00"
2019-05-20,2019052001011075,SHIVM,25,50,50,606.00,"30,300.00"
2019-05-20,2019052001011074,SHIVM,55,28,200,605.00,"121,000.00"
2019-05-20,2019052001011063,SHIVM,55,50,50,605.00,"30,250.00"
2019-05-20,2019052001011061,SHIVM,55,34,70,605.00,"42,350.00"
2019-05-20,2019052001011096,SHIVM,48,22,40,604.00,"24,160.00"
2019-05-20,2019052001011095,SHIVM,22,22,50,604.00,"30,200.00"
2019-05-20,2019052001011088,SHIVM,22,42,100,604.00,"60,400.00"
2019-05-20,2019052001011082,SHIVM,22,26,50,604.00,"30,200.00"
2019-05-20,2019052001011081,SHIVM,43,29,500,605.00,"302,500.00"
2019-05-20,2019052001011080,SHIVM,22,29,200,605.00,"121,000.00"
2019-05-20,2019052001011113,SHIVM,35,50,10,604.00,"6,040.00"
2019-05-20,2019052001011112,SHIVM,49,49,50,603.00,"30,150.00"
2019-05-20,2019052001011100,SHIVM,44,50,50,604.00,"30,200.00"
2019-05-20,2019052001011099,SHIVM,39,50,40,604.00,"24,160.00"
2019-05-20,2019052001011098,SHIVM,39,50,50,604.00,"30,200.00"
2019-05-20,2019052001011097,SHIVM,39,22,10,604.00,"6,040.00"
2019-05-20,2019052001011128,SHIVM,6,29,50,605.00,"30,250.00"
2019-05-20,2019052001011126,SHIVM,35,10,60,603.00,"36,180.00"
2019-05-20,2019052001011125,SHIVM,48,10,90,603.00,"54,270.00"
2019-05-20,2019052001011116,SHIVM,48,45,10,603.00,"6,030.00"
2019-05-20,2019052001011115,SHIVM,49,45,450,603.00,"271,350.00"
2019-05-20,2019052001011114,SHIVM,35,45,40,604.00,"24,160.00"
2019-05-20,2019052001011157,SHIVM,14,21,50,601.00,"30,050.00"
2019-05-20,2019052001011151,SHIVM,14,43,50,601.00,"30,050.00"
2019-05-20,2019052001011139,SHIVM,14,16,200,603.00,"120,600.00"
2019-05-20,2019052001011138,SHIVM,28,16,100,603.00,"60,300.00"
2019-05-20,2019052001011137,SHIVM,45,16,30,603.00,"18,090.00"
2019-05-20,2019052001011136,SHIVM,35,16,140,603.00,"84,420.00"
2019-05-20,2019052001011167,SHIVM,40,22,"1,000",601.00,"601,000.00"
2019-05-20,2019052001011166,SHIVM,18,22,500,601.00,"300,500.00"
2019-05-20,2019052001011165,SHIVM,58,22,370,601.00,"222,370.00"
2019-05-20,2019052001011163,SHIVM,58,59,100,601.00,"60,100.00"
2019-05-20,2019052001011159,SHIVM,52,16,100,603.00,"60,300.00"
2019-05-20,2019052001011158,SHIVM,58,21,30,601.00,"18,030.00"
2019-05-20,2019052001011182,SHIVM,48,16,175,601.00,"105,175.00"
2019-05-20,2019052001011181,SHIVM,48,57,300,601.00,"180,300.00"
2019-05-20,2019052001011180,SHIVM,34,16,25,601.00,"15,025.00"
2019-05-20,2019052001011175,SHIVM,17,16,170,603.00,"102,510.00"
2019-05-20,2019052001011174,SHIVM,17,22,30,601.00,"18,030.00"
2019-05-20,2019052001011168,SHIVM,16,22,100,601.00,"60,100.00"
2019-05-20,2019052001011215,SHIVM,22,45,325,601.00,"195,325.00"
2019-05-20,2019052001011210,SHIVM,25,49,50,600.00,"30,000.00"
2019-05-20,2019052001011207,SHIVM,25,32,100,600.00,"60,000.00"
2019-05-20,2019052001011206,SHIVM,25,16,240,600.00,"144,000.00"
2019-05-20,2019052001011205,SHIVM,35,16,20,600.00,"12,000.00"
2019-05-20,2019052001011183,SHIVM,48,45,25,601.00,"15,025.00"
2019-05-20,2019052001011237,SHIVM,25,32,60,600.00,"36,000.00"
2019-05-20,2019052001011236,SHIVM,35,32,100,601.00,"60,100.00"
2019-05-20,2019052001011231,SHIVM,25,43,100,600.00,"60,000.00"
2019-05-20,2019052001011221,SHIVM,25,13,400,600.00,"240,000.00"
2019-05-20,2019052001011220,SHIVM,25,52,50,600.00,"30,000.00"
2019-05-20,2019052001011216,SHIVM,22,58,100,601.00,"60,100.00"
2019-05-20,2019052001011248,SHIVM,22,58,50,601.00,"30,050.00"
2019-05-20,2019052001011247,SHIVM,8,16,100,601.00,"60,100.00"
2019-05-20,2019052001011246,SHIVM,45,50,100,601.00,"60,100.00"
2019-05-20,2019052001011240,SHIVM,38,10,200,600.00,"120,000.00"
2019-05-20,2019052001011239,SHIVM,38,32,180,600.00,"108,000.00"
2019-05-20,2019052001011238,SHIVM,39,32,50,600.00,"30,000.00"
2019-05-20,2019052001011266,SHIVM,17,40,20,600.00,"12,000.00"
2019-05-20,2019052001011265,SHIVM,3,40,200,600.00,"120,000.00"
2019-05-20,2019052001011264,SHIVM,42,40,50,600.00,"30,000.00"
2019-05-20,2019052001011263,SHIVM,45,40,10,600.00,"6,000.00"
2019-05-20,2019052001011262,SHIVM,38,40,120,600.00,"72,000.00"
2019-05-20,2019052001011251,SHIVM,22,43,50,601.00,"30,050.00"
2019-05-20,2019052001011292,SHIVM,34,10,50,600.00,"30,000.00"
2019-05-20,2019052001011290,SHIVM,25,32,50,601.00,"30,050.00"
2019-05-20,2019052001011289,SHIVM,34,50,500,600.00,"300,000.00"
2019-05-20,2019052001011276,SHIVM,42,16,50,601.00,"30,050.00"
2019-05-20,2019052001011268,SHIVM,3,40,100,600.00,"60,000.00"
2019-05-20,2019052001011267,SHIVM,3,40,100,600.00,"60,000.00"
2019-05-20,2019052001011301,SHIVM,58,58,500,600.00,"300,000.00"
2019-05-20,2019052001011300,SHIVM,16,58,100,600.00,"60,000.00"
2019-05-20,2019052001011299,SHIVM,6,58,600,600.00,"360,000.00"
2019-05-20,2019052001011298,SHIVM,34,58,450,600.00,"270,000.00"
2019-05-20,2019052001011297,SHIVM,4,58,100,601.00,"60,100.00"
2019-05-20,2019052001011295,SHIVM,4,40,150,601.00,"90,150.00"
2019-05-20,2019052001011307,SHIVM,5,58,100,600.00,"60,000.00"
2019-05-20,2019052001011306,SHIVM,51,58,800,600.00,"480,000.00"
2019-05-20,2019052001011305,SHIVM,38,58,50,600.00,"30,000.00"
2019-05-20,2019052001011304,SHIVM,35,58,20,600.00,"12,000.00"
2019-05-20,2019052001011303,SHIVM,59,58,100,600.00,"60,000.00"
2019-05-20,2019052001011302,SHIVM,7,58,300,600.00,"180,000.00"
2019-05-20,2019052001011343,SHIVM,16,45,50,599.00,"29,950.00"
2019-05-20,2019052001011342,SHIVM,29,45,50,599.00,"29,950.00"
2019-05-20,2019052001011329,SHIVM,8,44,100,599.00,"59,900.00"
2019-05-20,2019052001011308,SHIVM,38,58,100,600.00,"60,000.00"
2019-05-20,2019052001011358,SHIVM,25,57,150,598.00,"89,700.00"
2019-05-20,2019052001011354,SHIVM,25,22,200,598.00,"119,600.00"
2019-05-20,2019052001011347,SHIVM,25,45,50,598.00,"29,900.00"
2019-05-20,2019052001011346,SHIVM,56,45,50,598.00,"29,900.00"
2019-05-20,2019052001011345,SHIVM,43,45,100,598.00,"59,800.00"
2019-05-20,2019052001011344,SHIVM,36,45,200,599.00,"119,800.00"
2019-05-20,2019052001011366,SHIVM,46,43,40,597.00,"23,880.00"
2019-05-20,2019052001011365,SHIVM,33,43,50,597.00,"29,850.00"
2019-05-20,2019052001011364,SHIVM,8,43,10,598.00,"5,980.00"
2019-05-20,2019052001011363,SHIVM,11,43,50,598.00,"29,900.00"
2019-05-20,2019052001011362,SHIVM,40,43,50,599.00,"29,950.00"
2019-05-20,2019052001011359,SHIVM,25,41,100,598.00,"59,800.00"
2019-05-20,2019052001011414,SHIVM,38,28,30,597.00,"17,910.00"
2019-05-20,2019052001011398,SHIVM,10,14,439,596.00,"261,644.00"
2019-05-20,2019052001011397,SHIVM,46,14,60,597.00,"35,820.00"
2019-05-20,2019052001011394,SHIVM,46,26,50,597.00,"29,850.00"
2019-05-20,2019052001011393,SHIVM,42,58,300,600.00,"180,000.00"
2019-05-20,2019052001011385,SHIVM,46,21,50,597.00,"29,850.00"
2019-05-20,2019052001011420,SHIVM,48,58,200,595.00,"119,000.00"
2019-05-20,2019052001011419,SHIVM,39,58,50,595.00,"29,750.00"
2019-05-20,2019052001011418,SHIVM,54,58,"1,000",595.00,"595,000.00"
2019-05-20,2019052001011417,SHIVM,42,58,60,595.00,"35,700.00"
2019-05-20,2019052001011416,SHIVM,55,58,100,596.00,"59,600.00"
2019-05-20,2019052001011415,SHIVM,10,58,61,596.00,"36,356.00"
2019-05-20,2019052001011460,SHIVM,34,43,50,591.00,"29,550.00"
2019-05-20,2019052001011459,SHIVM,44,43,50,592.00,"29,600.00"
2019-05-20,2019052001011446,SHIVM,44,32,50,592.00,"29,600.00"
2019-05-20,2019052001011441,SHIVM,34,21,50,591.00,"29,550.00"
2019-05-20,2019052001011428,SHIVM,59,22,10,594.00,"5,940.00"
2019-05-20,2019052001011421,SHIVM,22,58,"1,000",595.00,"595,000.00"
2019-05-20,2019052001011481,SHIVM,44,57,630,590.00,"371,700.00"
2019-05-20,2019052001011480,SHIVM,34,57,370,590.00,"218,300.00"
2019-05-20,2019052001011479,SHIVM,42,22,50,591.00,"29,550.00"
2019-05-20,2019052001011471,SHIVM,34,28,130,590.00,"76,700.00"
2019-05-20,2019052001011470,SHIVM,35,28,100,591.00,"59,100.00"
2019-05-20,2019052001011461,SHIVM,35,43,100,591.00,"59,100.00"
2019-05-20,2019052001011377,SIC,1,47,170,"1,384.00","235,280.00"
2019-05-20,2019052001011376,SIC,35,47,25,"1,385.00","34,625.00"
2019-05-20,2019052001011375,SIC,35,47,50,"1,385.00","69,250.00"
2019-05-20,2019052001011374,SIC,52,47,10,"1,385.00","13,850.00"
2019-05-20,2019052001011373,SIC,38,47,50,"1,386.00","69,300.00"
2019-05-20,2019052001011372,SIC,50,47,10,"1,386.00","13,860.00"
2019-05-20,2019052001011371,SIC,34,47,30,"1,387.00","41,610.00"
2019-05-20,2019052001011370,SIC,35,47,30,"1,387.00","41,610.00"
2019-05-20,2019052001011369,SIC,55,47,100,"1,388.00","138,800.00"
2019-05-20,2019052001011368,SIC,26,47,50,"1,388.00","69,400.00"
2019-05-20,2019052001011285,SIC,38,53,20,"1,390.00","27,800.00"
2019-05-20,2019052001011382,SICL,40,45,15,856.00,"12,840.00"
2019-05-20,2019052001011381,SICL,1,45,25,856.00,"21,400.00"
2019-05-20,2019052001011380,SICL,26,44,65,857.00,"55,705.00"
2019-05-20,2019052001011108,SICL,34,44,30,857.00,"25,710.00"
2019-05-20,2019052001011073,SICL,54,44,30,857.00,"25,710.00"
2019-05-20,2019052001011260,SIL,20,37,75,581.00,"43,575.00"
2019-05-20,2019052001011259,SIL,59,37,200,582.00,"116,400.00"
2019-05-20,2019052001011258,SIL,11,37,10,582.00,"5,820.00"
2019-05-20,2019052001011257,SIL,21,37,15,582.00,"8,730.00"
2019-05-20,2019052001011474,SINDU,17,34,50,153.00,"7,650.00"
2019-05-20,2019052001011447,SINDU,17,38,50,151.00,"7,550.00"
2019-05-20,2019052001011209,SINDU,29,34,10,153.00,"1,530.00"
2019-05-20,2019052001011208,SINDU,29,45,10,153.00,"1,530.00"
2019-05-20,2019052001011119,SLBBL,38,37,57,476.00,"27,132.00"
2019-05-20,2019052001011144,SLBBL,54,6,35,475.00,"16,625.00"
2019-05-20,2019052001011121,SLBBL,54,37,52,475.00,"24,700.00"
2019-05-20,2019052001011120,SLBBL,35,37,20,476.00,"9,520.00"
2019-05-20,2019052001011283,SLBS,29,56,60,821.00,"49,260.00"
2019-05-20,2019052001011282,SLBS,39,56,60,822.00,"49,320.00"
2019-05-20,2019052001011281,SLBS,58,56,12,824.00,"9,888.00"
2019-05-20,2019052001011280,SLBS,17,56,82,825.00,"67,650.00"
2019-05-20,2019052001011048,SLBS,17,17,18,825.00,"14,850.00"
2019-05-20,2019052001011440,SLICL,1,26,20,586.00,"11,720.00"
2019-05-20,2019052001011439,SLICL,49,26,50,586.00,"29,300.00"
2019-05-20,2019052001011438,SLICL,47,26,10,587.00,"5,870.00"
2019-05-20,2019052001011350,SLICL,38,58,20,590.00,"11,800.00"
2019-05-20,2019052001011013,SLICL,22,35,56,589.00,"32,984.00"
2019-05-20,2019052001011469,SMB,4,34,10,504.00,"5,040.00"
2019-05-20,2019052001011037,SPDL,46,58,100,93.00,"9,300.00"
2019-05-20,2019052001011065,SRBL,48,8,500,259.00,"129,500.00"
2019-05-20,2019052001011064,SRBL,34,8,466,259.00,"120,694.00"
2019-05-20,2019052001011425,SWBBL,21,45,63,906.00,"57,078.00"
2019-05-20,2019052001011424,SWBBL,44,45,200,906.00,"181,200.00"
2019-05-20,2019052001011311,SWBBL,34,45,30,907.00,"27,210.00"
2019-05-20,2019052001011468,UFL,10,14,137,185.00,"25,345.00"
2019-05-20,2019052001011467,UFL,10,16,76,185.00,"14,060.00"
2019-05-20,2019052001011189,UIC,42,25,120,923.00,"110,760.00"
2019-05-20,2019052001011093,UMHL,29,17,88,117.00,"10,296.00"
2019-05-20,2019052001011275,UPCL,42,48,230,92.00,"21,160.00"
2019-05-20,2019052001011274,UPCL,36,48,200,92.00,"18,400.00"
2019-05-20,2019052001011273,UPCL,49,48,300,92.00,"27,600.00"
2019-05-20,2019052001011272,UPCL,28,48,280,92.00,"25,760.00"
2019-05-20,2019052001011271,UPCL,36,48,340,93.00,"31,620.00"
2019-05-20,2019052001011504,UPPER,45,7,50,252.00,"12,600.00"
2019-05-20,2019052001011503,UPPER,45,7,40,252.00,"10,080.00"
2019-05-20,2019052001011502,UPPER,45,7,50,252.00,"12,600.00"
2019-05-20,2019052001011501,UPPER,45,7,40,252.00,"10,080.00"
2019-05-20,2019052001011500,UPPER,45,7,50,252.00,"12,600.00"
2019-05-20,2019052001011499,UPPER,45,53,80,252.00,"20,160.00"
2019-05-20,2019052001011118,UPPER,32,17,40,250.00,"10,000.00"
2019-05-20,2019052001011094,UPPER,16,50,957,251.00,"240,207.00"
2019-05-20,2019052001011077,UPPER,16,6,43,251.00,"10,793.00"
2019-05-20,2019052001011024,UPPER,59,6,250,251.00,"62,750.00"
2019-05-20,2019052001011193,UPPER,41,36,50,251.00,"12,550.00"
2019-05-20,2019052001011156,UPPER,41,50,922,251.00,"231,422.00"
2019-05-20,2019052001011124,UPPER,32,57,50,250.00,"12,500.00"
2019-05-20,2019052001011396,UPPER,45,48,50,251.00,"12,550.00"
2019-05-20,2019052001011367,UPPER,45,45,252,251.00,"63,252.00"
2019-05-20,2019052001011316,UPPER,45,10,172,251.00,"43,172.00"
2019-05-20,2019052001011315,UPPER,41,10,28,251.00,"7,028.00"
2019-05-20,2019052001011334,VLBS,35,22,100,575.00,"57,500.00"
2019-05-20,2019052001011333,VLBS,17,22,10,575.00,"5,750.00"
2019-05-20,2019052001010893,ADBL,42,42,50,416.00,"20,800.00"
2019-05-20,2019052001010812,ADBL,19,14,40,418.00,"16,720.00"
2019-05-20,2019052001010619,ADBL,42,34,100,417.00,"41,700.00"
2019-05-20,2019052001010618,ADBL,37,34,"1,000",417.00,"417,000.00"
2019-05-20,2019052001010617,ADBL,54,34,100,417.00,"41,700.00"
2019-05-20,2019052001010616,ADBL,26,34,100,417.00,"41,700.00"
2019-05-20,2019052001010570,ADBL,48,14,300,418.00,"125,400.00"
2019-05-20,2019052001010569,ADBL,50,14,200,418.00,"83,600.00"
2019-05-20,2019052001010568,ADBL,18,14,200,418.00,"83,600.00"
2019-05-20,2019052001010549,ADBL,53,50,281,419.00,"117,739.00"
2019-05-20,2019052001010548,ADBL,53,37,319,419.00,"133,661.00"
2019-05-20,2019052001010615,ADBL,38,34,50,417.00,"20,850.00"
2019-05-20,2019052001010614,ADBL,43,34,500,417.00,"208,500.00"
2019-05-20,2019052001010613,ADBL,28,34,100,417.00,"41,700.00"
2019-05-20,2019052001010573,ADBL,4,14,"1,000",418.00,"418,000.00"
2019-05-20,2019052001010572,ADBL,42,14,100,418.00,"41,800.00"
2019-05-20,2019052001010571,ADBL,53,14,160,418.00,"66,880.00"
2019-05-20,2019052001010798,AKJCL,13,13,10,75.00,750.00
2019-05-20,2019052001010778,AKJCL,7,25,600,76.00,"45,600.00"
2019-05-20,2019052001011003,AKPL,38,53,"1,000",189.00,"189,000.00"
2019-05-20,2019052001010675,AKPL,55,17,196,188.00,"36,848.00"
2019-05-20,2019052001010664,AKPL,38,16,"1,670",190.00,"317,300.00"
2019-05-20,2019052001010555,ALICL,29,35,46,433.00,"19,918.00"
2019-05-20,2019052001010934,AMFI,45,45,20,560.00,"11,200.00"
2019-05-20,2019052001010601,AMFI,13,1,10,555.00,"5,550.00"
2019-05-20,2019052001010600,AMFI,8,1,20,555.00,"11,100.00"
2019-05-20,2019052001010824,API,25,44,33,148.00,"4,884.00"
2019-05-20,2019052001010823,API,25,57,67,147.00,"9,849.00"
2019-05-20,2019052001010770,API,5,57,433,147.00,"63,651.00"
2019-05-20,2019052001010769,API,5,36,50,147.00,"7,350.00"
2019-05-20,2019052001010768,API,5,6,17,146.00,"2,482.00"
2019-05-20,2019052001010885,BFC,42,1,"1,130",106.00,"119,780.00"
2019-05-20,2019052001010819,BFC,41,1,100,106.00,"10,600.00"
2019-05-20,2019052001010935,BOKL,43,43,"7,800",277.00,"2,160,600.00"
2019-05-20,2019052001010929,BOKL,19,52,36,277.00,"9,972.00"
2019-05-20,2019052001010657,BOKL,35,52,400,277.00,"110,800.00"
2019-05-20,2019052001010589,BOKL,32,52,10,277.00,"2,770.00"
2019-05-20,2019052001010910,BPCL,38,37,22,425.00,"9,350.00"
2019-05-20,2019052001010822,BPCL,5,52,50,429.00,"21,450.00"
2019-05-20,2019052001010821,BPCL,5,43,166,429.00,"71,214.00"
2019-05-20,2019052001010820,BPCL,5,41,20,428.00,"8,560.00"
2019-05-20,2019052001010818,BPCL,55,38,239,426.00,"101,814.00"
2019-05-20,2019052001010578,BPCL,7,45,92,428.00,"39,376.00"
2019-05-20,2019052001010563,BPCL,7,13,88,428.00,"37,664.00"
2019-05-20,2019052001010562,BPCL,46,34,13,430.00,"5,590.00"
2019-05-20,2019052001010632,BPCL,49,43,334,429.00,"143,286.00"
2019-05-20,2019052001010631,BPCL,49,17,33,428.00,"14,124.00"
2019-05-20,2019052001010630,BPCL,49,49,33,428.00,"14,124.00"
2019-05-20,2019052001010626,BPCL,7,49,59,428.00,"25,252.00"
2019-05-20,2019052001010620,BPCL,7,44,33,428.00,"14,124.00"
2019-05-20,2019052001010579,BPCL,7,45,908,428.00,"388,624.00"
2019-05-20,2019052001010687,BPCL,55,43,100,426.00,"42,600.00"
2019-05-20,2019052001010677,BPCL,55,17,21,426.00,"8,946.00"
2019-05-20,2019052001010676,BPCL,38,17,12,427.00,"5,124.00"
2019-05-20,2019052001010660,BPCL,38,17,33,427.00,"14,091.00"
2019-05-20,2019052001010655,BPCL,38,43,22,427.00,"9,394.00"
2019-05-20,2019052001010649,BPCL,38,17,33,427.00,"14,091.00"
2019-05-20,2019052001010753,BPCL,55,35,22,426.00,"9,372.00"
2019-05-20,2019052001010735,BPCL,55,35,22,426.00,"9,372.00"
2019-05-20,2019052001010708,BPCL,55,35,22,426.00,"9,372.00"
2019-05-20,2019052001010706,BPCL,55,25,508,426.00,"216,408.00"
2019-05-20,2019052001010702,BPCL,55,19,33,426.00,"14,058.00"
2019-05-20,2019052001010690,BPCL,55,17,33,426.00,"14,058.00"
2019-05-20,2019052001010659,CBBL,42,35,43,945.00,"40,635.00"
2019-05-20,2019052001010775,CBL,45,7,200,148.00,"29,600.00"
2019-05-20,2019052001010774,CBL,1,37,346,147.00,"50,862.00"
2019-05-20,2019052001010773,CBL,19,37,"1,654",147.00,"243,138.00"
2019-05-20,2019052001010637,CBL,19,6,346,147.00,"50,862.00"
2019-05-20,2019052001010636,CBL,40,6,154,147.00,"22,638.00"
2019-05-20,2019052001010628,CBL,29,7,500,148.00,"74,000.00"
2019-05-20,2019052001010729,CCBL,50,6,546,168.00,"91,728.00"
2019-05-20,2019052001010728,CCBL,48,6,370,169.00,"62,530.00"
2019-05-20,2019052001010727,CCBL,48,40,10,169.00,"1,690.00"
2019-05-20,2019052001010685,CHL,37,17,34,99.00,"3,366.00"
2019-05-20,2019052001010740,CHLBS,1,44,10,460.00,"4,600.00"
2019-05-20,2019052001010701,CHLBS,1,17,10,460.00,"4,600.00"
2019-05-20,2019052001010691,CHLBS,1,55,10,460.00,"4,600.00"
2019-05-20,2019052001010748,CIT,34,49,60,"2,611.00","156,660.00"
2019-05-20,2019052001010747,CIT,16,49,10,"2,615.00","26,150.00"
2019-05-20,2019052001010746,CIT,49,49,10,"2,616.00","26,160.00"
2019-05-20,2019052001010745,CIT,41,49,10,"2,620.00","26,200.00"
2019-05-20,2019052001010516,CIT,41,48,40,"2,620.00","104,800.00"
2019-05-20,2019052001010515,CIT,49,48,20,"2,620.00","52,400.00"
2019-05-20,2019052001010514,CIT,56,48,50,"2,620.00","131,000.00"
2019-05-20,2019052001010513,CIT,51,48,50,"2,622.00","131,100.00"
2019-05-20,2019052001010512,CIT,5,48,30,"2,622.00","78,660.00"
2019-05-20,2019052001010511,CIT,54,48,10,"2,622.00","26,220.00"
2019-05-20,2019052001010864,CLBSL,45,45,10,547.00,"5,470.00"
2019-05-20,2019052001010833,CLBSL,45,6,10,547.00,"5,470.00"
2019-05-20,2019052001010582,CZBIL,17,45,"1,000",230.00,"230,000.00"
2019-05-20,2019052001010859,DBBL,22,6,49,150.00,"7,350.00"
2019-05-20,2019052001010803,DBBL,40,58,300,151.00,"45,300.00"
2019-05-20,2019052001010802,DBBL,57,58,500,151.00,"75,500.00"
2019-05-20,2019052001010801,DBBL,28,58,200,151.00,"30,200.00"
2019-05-20,2019052001010800,DBBL,57,58,250,151.00,"37,750.00"
2019-05-20,2019052001010755,DBBL,41,48,"1,000",152.00,"152,000.00"
2019-05-20,2019052001010723,DHPL,37,17,11,71.00,781.00
2019-05-20,2019052001010732,EBL,33,50,10,666.00,"6,660.00"
2019-05-20,2019052001010710,EBL,49,49,500,667.00,"333,500.00"
2019-05-20,2019052001010988,EDBL,42,55,300,308.00,"92,400.00"
2019-05-20,2019052001010754,EDBL,36,47,20,310.00,"6,200.00"
2019-05-20,2019052001010815,FOWAD,42,47,500,"1,534.00","767,000.00"
2019-05-20,2019052001010814,FOWAD,42,25,50,"1,533.00","76,650.00"
2019-05-20,2019052001010681,FOWAD,55,25,200,"1,510.00","302,000.00"
2019-05-20,2019052001010680,FOWAD,56,25,50,"1,515.00","75,750.00"
2019-05-20,2019052001010679,FOWAD,34,25,50,"1,517.00","75,850.00"
2019-05-20,2019052001010678,FOWAD,16,25,50,"1,518.00","75,900.00"
2019-05-20,2019052001010888,GBBL,22,17,133,228.00,"30,324.00"
2019-05-20,2019052001010887,GBBL,33,17,200,228.00,"45,600.00"
2019-05-20,2019052001010886,GBBL,39,17,100,228.00,"22,800.00"
2019-05-20,2019052001010847,GBBL,6,58,200,229.00,"45,800.00"
2019-05-20,2019052001010739,GBBL,1,58,20,229.00,"4,580.00"
2019-05-20,2019052001010535,GBIME,26,49,88,309.00,"27,192.00"
2019-05-20,2019052001010534,GBIME,43,49,500,309.00,"154,500.00"
2019-05-20,2019052001010533,GBIME,4,49,50,309.00,"15,450.00"
2019-05-20,2019052001010532,GBIME,35,49,352,309.00,"108,768.00"
2019-05-20,2019052001010531,GBIME,28,49,10,310.00,"3,100.00"
2019-05-20,2019052001010651,GBLBS,1,44,10,355.00,"3,550.00"
2019-05-20,2019052001010586,GBLBS,1,7,50,355.00,"17,750.00"
2019-05-20,2019052001010575,GDBL,6,16,500,216.00,"108,000.00"
2019-05-20,2019052001010737,GRDBL,42,17,260,109.00,"28,340.00"
2019-05-20,2019052001010611,HBL,28,34,300,596.00,"178,800.00"
2019-05-20,2019052001010561,HBL,28,56,200,594.00,"118,800.00"
2019-05-20,2019052001010560,HBL,6,56,200,594.00,"118,800.00"
2019-05-20,2019052001010540,HBL,52,56,50,595.00,"29,750.00"
2019-05-20,2019052001010539,HBL,51,56,154,595.00,"91,630.00"
2019-05-20,2019052001010987,HDL,58,53,"1,000","1,975.00","1,975,000.00"
2019-05-20,2019052001010986,HDL,53,53,75,"1,975.00","148,125.00"
2019-05-20,2019052001010944,HDL,53,53,125,"1,975.00","246,875.00"
2019-05-20,2019052001010943,HDL,5,53,50,"1,975.00","98,750.00"
2019-05-20,2019052001010942,HDL,58,53,100,"1,975.00","197,500.00"
2019-05-20,2019052001010941,HDL,58,53,125,"1,976.00","247,000.00"
2019-05-20,2019052001010940,HDL,29,53,150,"1,977.00","296,550.00"
2019-05-20,2019052001010939,HDL,58,53,200,"1,980.00","396,000.00"
2019-05-20,2019052001010938,HDL,21,53,50,"1,980.00","99,000.00"
2019-05-20,2019052001010937,HDL,59,53,100,"1,981.00","198,100.00"
2019-05-20,2019052001010936,HDL,54,53,100,"1,982.00","198,200.00"
2019-05-20,2019052001010806,HGI,32,25,40,380.00,"15,200.00"
2019-05-20,2019052001010805,HGI,42,25,30,380.00,"11,400.00"
2019-05-20,2019052001010804,HGI,4,25,25,380.00,"9,500.00"
2019-05-20,2019052001010771,HPPL,22,17,20,178.00,"3,560.00"
2019-05-20,2019052001010598,IGI,16,45,50,422.00,"21,100.00"
2019-05-20,2019052001010597,IGI,48,45,50,422.00,"21,100.00"
2019-05-20,2019052001010726,IGI,16,29,108,422.00,"45,576.00"
2019-05-20,2019052001010883,JBBL,49,32,890,150.00,"133,500.00"
2019-05-20,2019052001010882,JBBL,49,32,668,150.00,"100,200.00"
2019-05-20,2019052001010724,JBBL,49,4,"1,000",150.00,"150,000.00"
2019-05-20,2019052001010625,JBBL,49,4,697,150.00,"104,550.00"
2019-05-20,2019052001010772,JBNL,48,42,"1,000",203.00,"203,000.00"
2019-05-20,2019052001010750,KBBL,28,44,37,229.00,"8,473.00"
2019-05-20,2019052001010793,KBL,25,17,240,218.00,"52,320.00"
2019-05-20,2019052001010817,KKHC,45,17,16,69.00,"1,104.00"
2019-05-20,2019052001010914,KNBL,34,42,"1,000",140.00,"140,000.00"
2019-05-20,2019052001010913,KNBL,1,42,590,140.00,"82,600.00"
2019-05-20,2019052001010713,KPCL,39,44,10,90.00,900.00
2019-05-20,2019052001010700,KPCL,39,13,10,90.00,900.00
2019-05-20,2019052001010912,KPCL,39,16,10,90.00,900.00
2019-05-20,2019052001010990,KSBBL,34,49,500,160.00,"80,000.00"
2019-05-20,2019052001010989,KSBBL,34,16,500,160.00,"80,000.00"
2019-05-20,2019052001010916,KSBBL,32,16,100,160.00,"16,000.00"
2019-05-20,2019052001010895,KSBBL,34,16,400,160.00,"64,000.00"
2019-05-20,2019052001010894,KSBBL,34,53,600,160.00,"96,000.00"
2019-05-20,2019052001010756,KSBBL,58,53,55,160.00,"8,800.00"
2019-05-20,2019052001010605,KSBBL,58,20,500,159.00,"79,500.00"
2019-05-20,2019052001010604,KSBBL,58,20,"1,000",159.00,"159,000.00"
2019-05-20,2019052001010583,KSBBL,34,53,345,160.00,"55,200.00"
2019-05-20,2019052001010974,LBBL,22,13,500,206.00,"103,000.00"
2019-05-20,2019052001010973,LBBL,28,13,168,206.00,"34,608.00"
2019-05-20,2019052001010635,LBBL,28,1,332,206.00,"68,392.00"
2019-05-20,2019052001010634,LBBL,56,1,30,206.00,"6,180.00"
2019-05-20,2019052001010809,LBL,45,16,63,223.00,"14,049.00"
2019-05-20,2019052001010808,LBL,51,16,937,223.00,"208,951.00"
2019-05-20,2019052001010792,LBL,51,16,63,223.00,"14,049.00"
2019-05-20,2019052001010791,LBL,32,16,500,223.00,"111,500.00"
2019-05-20,2019052001010790,LBL,39,16,500,223.00,"111,500.00"
2019-05-20,2019052001010789,LBL,49,16,937,223.00,"208,951.00"
2019-05-20,2019052001010643,LBL,38,19,463,224.00,"103,712.00"
2019-05-20,2019052001010975,LGIL,56,58,60,506.00,"30,360.00"
2019-05-20,2019052001010911,MBL,22,57,500,271.00,"135,500.00"
2019-05-20,2019052001010797,MBL,22,22,109,271.00,"29,539.00"
2019-05-20,2019052001010738,MBL,34,49,991,271.00,"268,561.00"
2019-05-20,2019052001010629,MBL,34,8,968,272.00,"263,296.00"
2019-05-20,2019052001010567,MBL,34,16,32,272.00,"8,704.00"
2019-05-20,2019052001010566,MBL,22,16,100,272.00,"27,200.00"
2019-05-20,2019052001010565,MBL,22,16,368,272.00,"100,096.00"
2019-05-20,2019052001010530,MBL,22,52,416,272.00,"113,152.00"
2019-05-20,2019052001011000,MEGA,10,10,"5,000",197.00,"985,000.00"
2019-05-20,2019052001010947,MEGA,35,26,291,197.00,"57,327.00"
2019-05-20,2019052001010946,MEGA,1,26,20,197.00,"3,940.00"
2019-05-20,2019052001010945,MEGA,17,26,"1,689",197.00,"332,733.00"
2019-05-20,2019052001010918,MEGA,38,13,317,198.00,"62,766.00"
2019-05-20,2019052001010917,MEGA,38,34,183,198.00,"36,234.00"
2019-05-20,2019052001010645,MEGA,54,43,50,197.00,"9,850.00"
2019-05-20,2019052001010644,MEGA,22,43,85,197.00,"16,745.00"
2019-05-20,2019052001010550,MEGA,22,35,39,197.00,"7,683.00"
2019-05-20,2019052001010915,MEGA,17,16,353,197.00,"69,541.00"
2019-05-20,2019052001010892,MEGA,17,57,500,197.00,"98,500.00"
2019-05-20,2019052001010870,MEGA,17,38,43,197.00,"8,471.00"
2019-05-20,2019052001010734,MEGA,17,43,415,197.00,"81,755.00"
2019-05-20,2019052001010733,MEGA,14,43,35,197.00,"6,895.00"
2019-05-20,2019052001010646,MEGA,14,43,165,197.00,"32,505.00"
2019-05-20,2019052001010931,MERO,1,42,24,605.00,"14,520.00"
2019-05-20,2019052001010930,MERO,14,42,20,606.00,"12,120.00"
2019-05-20,2019052001010839,MERO,43,17,16,606.00,"9,696.00"
2019-05-20,2019052001010795,MFIL,57,32,500,118.00,"59,000.00"
2019-05-20,2019052001010559,MLBL,33,4,731,202.00,"147,662.00"
2019-05-20,2019052001010558,MLBL,33,22,262,202.00,"52,924.00"
2019-05-20,2019052001010711,MNBBL,16,17,50,378.00,"18,900.00"
2019-05-20,2019052001010851,NADEP,57,17,20,472.00,"9,440.00"
2019-05-20,2019052001010517,NBB,58,37,200,226.00,"45,200.00"
2019-05-20,2019052001011002,NBL,43,13,500,338.00,"169,000.00"
2019-05-20,2019052001010985,NBL,33,13,450,338.00,"152,100.00"
2019-05-20,2019052001010984,NBL,33,38,550,338.00,"185,900.00"
2019-05-20,2019052001010908,NBL,32,38,450,338.00,"152,100.00"
2019-05-20,2019052001010907,NBL,32,39,25,338.00,"8,450.00"
2019-05-20,2019052001010906,NBL,32,51,50,338.00,"16,900.00"
2019-05-20,2019052001010527,NBL,1,19,500,338.00,"169,000.00"
2019-05-20,2019052001010521,NBL,14,26,40,337.00,"13,480.00"
2019-05-20,2019052001010520,NBL,22,26,500,337.00,"168,500.00"
2019-05-20,2019052001010519,NBL,50,26,460,337.00,"155,020.00"
2019-05-20,2019052001010606,NBL,42,44,"1,500",338.00,"507,000.00"
2019-05-20,2019052001010603,NBL,22,16,640,337.00,"215,680.00"
2019-05-20,2019052001010602,NBL,14,16,460,337.00,"155,020.00"
2019-05-20,2019052001010552,NBL,55,44,500,338.00,"169,000.00"
2019-05-20,2019052001010529,NBL,55,7,500,338.00,"169,000.00"
2019-05-20,2019052001010528,NBL,1,7,500,338.00,"169,000.00"
2019-05-20,2019052001010905,NBL,32,25,475,338.00,"160,550.00"
2019-05-20,2019052001010853,NBL,4,25,400,338.00,"135,200.00"
2019-05-20,2019052001010816,NBL,6,25,500,338.00,"169,000.00"
2019-05-20,2019052001010761,NBL,56,25,625,338.00,"211,250.00"
2019-05-20,2019052001010608,NBL,42,48,"1,000",338.00,"338,000.00"
2019-05-20,2019052001010607,NBL,42,16,"1,000",338.00,"338,000.00"
2019-05-20,2019052001010920,NCCB,6,39,148,256.00,"37,888.00"
2019-05-20,2019052001010829,NCCB,19,36,"2,000",256.00,"512,000.00"
2019-05-20,2019052001010683,NCCB,6,34,338,256.00,"86,528.00"
2019-05-20,2019052001010662,NCCB,6,49,514,256.00,"131,584.00"
2019-05-20,2019052001010661,NCCB,19,49,486,256.00,"124,416.00"
2019-05-20,2019052001010624,NCCB,45,45,10,257.00,"2,570.00"
2019-05-20,2019052001010612,NCCB,19,48,14,256.00,"3,584.00"
2019-05-20,2019052001010577,NCCB,19,45,500,256.00,"128,000.00"
2019-05-20,2019052001010576,NCCB,19,35,"1,000",256.00,"256,000.00"
2019-05-20,2019052001010518,NCCB,59,32,100,256.00,"25,600.00"
2019-05-20,2019052001010889,NIB,59,17,71,540.00,"38,340.00"
2019-05-20,2019052001010749,NIB,11,6,87,541.00,"47,067.00"
2019-05-20,2019052001010652,NIB,59,41,44,540.00,"23,760.00"
2019-05-20,2019052001010845,NICA,26,52,100,482.00,"48,200.00"
2019-05-20,2019052001010779,NICA,19,52,50,482.00,"24,100.00"
2019-05-20,2019052001010695,NICA,45,52,200,482.00,"96,400.00"
2019-05-20,2019052001010694,NICA,19,52,100,482.00,"48,200.00"
2019-05-20,2019052001010693,NICA,6,52,540,482.00,"260,280.00"
2019-05-20,2019052001010686,NICA,6,52,500,482.00,"241,000.00"
2019-05-20,2019052001010610,NICA,51,53,30,483.00,"14,490.00"
2019-05-20,2019052001010581,NICA,6,58,538,482.00,"259,316.00"
2019-05-20,2019052001010545,NICA,6,19,422,482.00,"203,404.00"
2019-05-20,2019052001010544,NICA,16,19,100,482.00,"48,200.00"
2019-05-20,2019052001010543,NICA,21,19,500,482.00,"241,000.00"
2019-05-20,2019052001010542,NICA,8,19,78,482.00,"37,596.00"
2019-05-20,2019052001010763,NIL,43,36,120,515.00,"61,800.00"
2019-05-20,2019052001010762,NIL,39,36,380,515.00,"195,700.00"
2019-05-20,2019052001010650,NIL,56,37,40,516.00,"20,640.00"
2019-05-20,2019052001010968,NLG,22,34,23,805.00,"18,515.00"
2019-05-20,2019052001010848,NLIC,25,45,50,940.00,"47,000.00"
2019-05-20,2019052001010807,NLIC,55,10,55,939.00,"51,645.00"
2019-05-20,2019052001010671,NLIC,42,29,200,936.00,"187,200.00"
2019-05-20,2019052001010547,NLIC,25,45,10,940.00,"9,400.00"
2019-05-20,2019052001010642,NLICL,54,34,500,652.00,"326,000.00"
2019-05-20,2019052001010641,NLICL,21,34,40,653.00,"26,120.00"
2019-05-20,2019052001010640,NLICL,54,34,50,654.00,"32,700.00"
2019-05-20,2019052001010928,NTC,4,42,500,731.00,"365,500.00"
2019-05-20,2019052001010927,NTC,34,42,200,731.00,"146,200.00"
2019-05-20,2019052001010926,NTC,56,42,200,731.00,"146,200.00"
2019-05-20,2019052001010925,NTC,22,42,200,731.00,"146,200.00"
2019-05-20,2019052001010924,NTC,34,42,"1,000",732.00,"732,000.00"
2019-05-20,2019052001010923,NTC,51,42,500,732.00,"366,000.00"
2019-05-20,2019052001010922,NTC,57,42,500,733.00,"366,500.00"
2019-05-20,2019052001010921,NTC,4,42,500,734.00,"367,000.00"
2019-05-20,2019052001010787,NTC,34,38,425,735.00,"312,375.00"
2019-05-20,2019052001010785,NTC,50,38,400,736.00,"294,400.00"
2019-05-20,2019052001010742,NTC,34,44,100,735.00,"73,500.00"
2019-05-20,2019052001010876,PCBL,11,36,415,364.00,"151,060.00"
2019-05-20,2019052001010875,PCBL,49,36,85,365.00,"31,025.00"
2019-05-20,2019052001010698,PCBL,49,6,115,365.00,"41,975.00"
2019-05-20,2019052001010697,PCBL,47,6,50,365.00,"18,250.00"
2019-05-20,2019052001010696,PCBL,21,6,335,365.00,"122,275.00"
2019-05-20,2019052001010537,PCBL,21,8,165,365.00,"60,225.00"
2019-05-20,2019052001010536,PCBL,55,8,155,365.00,"56,575.00"
2019-05-20,2019052001010852,PCBLP,39,44,"50,000",201.00,"10,050,000.00"
2019-05-20,2019052001010813,PCBLP,44,39,"15,000",201.00,"3,015,000.00"
2019-05-20,2019052001010777,PCBLP,44,39,"24,819",201.00,"4,988,619.00"
2019-05-20,2019052001010709,PCBLP,44,39,"50,000",201.00,"10,050,000.00"
2019-05-20,2019052001010669,PIC,33,6,100,"1,200.00","120,000.00"
2019-05-20,2019052001010668,PIC,33,21,11,"1,200.00","13,200.00"
2019-05-20,2019052001010667,PIC,33,33,77,"1,200.00","92,400.00"
2019-05-20,2019052001010666,PIC,33,57,11,"1,200.00","13,200.00"
2019-05-20,2019052001010665,PIC,33,57,11,"1,200.00","13,200.00"
2019-05-20,2019052001010653,PIC,8,35,126,"1,199.00","151,074.00"
2019-05-20,2019052001010903,PMHPL,44,6,10,110.00,"1,100.00"
2019-05-20,2019052001010900,PMHPL,44,22,10,110.00,"1,100.00"
2019-05-20,2019052001010580,PMHPL,44,35,10,110.00,"1,100.00"
2019-05-20,2019052001010722,PRIN,29,42,429,408.00,"175,032.00"
2019-05-20,2019052001010721,PRIN,17,42,100,408.00,"40,800.00"
2019-05-20,2019052001010720,PRIN,56,42,50,408.00,"20,400.00"
2019-05-20,2019052001010719,PRIN,39,42,100,408.00,"40,800.00"
2019-05-20,2019052001010718,PRIN,48,42,20,408.00,"8,160.00"
2019-05-20,2019052001010717,PRIN,51,42,31,408.00,"12,648.00"
2019-05-20,2019052001010716,PRIN,35,42,150,409.00,"61,350.00"
2019-05-20,2019052001010715,PRIN,47,42,100,409.00,"40,900.00"
2019-05-20,2019052001010714,PRIN,14,42,20,409.00,"8,180.00"
2019-05-20,2019052001010596,PRIN,29,38,72,410.00,"29,520.00"
2019-05-20,2019052001010595,PRIN,29,43,28,410.00,"11,480.00"
2019-05-20,2019052001010969,PRVU,17,42,351,281.00,"98,631.00"
2019-05-20,2019052001010951,PRVU,17,42,638,281.00,"179,278.00"
2019-05-20,2019052001010950,PRVU,45,42,100,281.00,"28,100.00"
2019-05-20,2019052001010949,PRVU,4,42,262,281.00,"73,622.00"
2019-05-20,2019052001010896,PRVU,4,48,281,281.00,"78,961.00"
2019-05-20,2019052001010850,PRVU,4,57,500,281.00,"140,500.00"
2019-05-20,2019052001010832,PRVU,4,22,113,281.00,"31,753.00"
2019-05-20,2019052001010765,PRVU,4,49,344,281.00,"96,664.00"
2019-05-20,2019052001010764,PRVU,32,49,656,281.00,"184,336.00"
2019-05-20,2019052001010890,RADHI,28,38,11,160.00,"1,760.00"
2019-05-20,2019052001010670,RADHI,28,13,11,160.00,"1,760.00"
2019-05-20,2019052001010682,RBCL,55,46,30,"10,871.00","326,130.00"
2019-05-20,2019052001010736,RBCLPO,35,33,40,"10,015.00","400,600.00"
2019-05-20,2019052001010948,RMDC,49,42,175,667.00,"116,725.00"
2019-05-20,2019052001010831,RMDC,20,42,10,667.00,"6,670.00"
2019-05-20,2019052001010830,RMDC,6,42,90,667.00,"60,030.00"
2019-05-20,2019052001010705,RMDC,6,45,110,667.00,"73,370.00"
2019-05-20,2019052001010674,RMDC,44,45,390,668.00,"260,520.00"
2019-05-20,2019052001010590,RMDC,44,13,100,668.00,"66,800.00"
2019-05-20,2019052001010510,RMDC,44,40,10,668.00,"6,680.00"
2019-05-20,2019052001010933,RSDC,1,6,29,381.00,"11,049.00"
2019-05-20,2019052001010932,RSDC,39,6,61,381.00,"23,241.00"
2019-05-20,2019052001010522,RSDC,39,6,10,385.00,"3,850.00"
2019-05-20,2019052001010966,SANIMA,17,38,28,359.00,"10,052.00"
2019-05-20,2019052001010965,SANIMA,39,38,200,359.00,"71,800.00"
2019-05-20,2019052001010964,SANIMA,57,38,72,359.00,"25,848.00"
2019-05-20,2019052001010865,SANIMA,57,48,667,359.00,"239,453.00"
2019-05-20,2019052001010712,SBBLJ,52,48,200,204.00,"40,800.00"
2019-05-20,2019052001010551,SBBLJ,49,20,300,202.00,"60,600.00"
2019-05-20,2019052001010877,SBI,17,48,500,482.00,"241,000.00"
2019-05-20,2019052001010982,SBL,45,17,415,338.00,"140,270.00"
2019-05-20,2019052001010981,SBL,28,17,500,338.00,"169,000.00"
2019-05-20,2019052001010980,SBL,19,17,200,338.00,"67,600.00"
2019-05-20,2019052001010979,SBL,48,17,187,338.00,"63,206.00"
2019-05-20,2019052001010564,SBL,28,11,175,339.00,"59,325.00"
2019-05-20,2019052001011009,SHIVM,35,14,10,607.00,"6,070.00"
2019-05-20,2019052001011008,SHIVM,33,14,"2,000",607.00,"1,214,000.00"
2019-05-20,2019052001011007,SHIVM,56,14,130,607.00,"78,910.00"
2019-05-20,2019052001011006,SHIVM,19,14,300,608.00,"182,400.00"
2019-05-20,2019052001011005,SHIVM,48,14,500,608.00,"304,000.00"
2019-05-20,2019052001011004,SHIVM,21,14,100,608.00,"60,800.00"
2019-05-20,2019052001010523,SHIVM,57,43,50,611.00,"30,550.00"
2019-05-20,2019052001010609,SHIVM,16,45,50,612.00,"30,600.00"
2019-05-20,2019052001010592,SHIVM,49,34,100,613.00,"61,300.00"
2019-05-20,2019052001010591,SHIVM,49,34,575,613.00,"352,475.00"
2019-05-20,2019052001010554,SHIVM,16,5,50,612.00,"30,600.00"
2019-05-20,2019052001010553,SHIVM,16,26,60,612.00,"36,720.00"
2019-05-20,2019052001010526,SHIVM,48,26,300,612.00,"183,600.00"
2019-05-20,2019052001010707,SHIVM,46,22,50,610.00,"30,500.00"
2019-05-20,2019052001010699,SHIVM,46,10,70,610.00,"42,700.00"
2019-05-20,2019052001010663,SHIVM,57,42,200,611.00,"122,200.00"
2019-05-20,2019052001010656,SHIVM,57,19,100,611.00,"61,100.00"
2019-05-20,2019052001010654,SHIVM,16,4,63,612.00,"38,556.00"
2019-05-20,2019052001010627,SHIVM,16,57,200,612.00,"122,400.00"
2019-05-20,2019052001010751,SHIVM,34,4,249,612.00,"152,388.00"
2019-05-20,2019052001010744,SHIVM,6,39,100,610.00,"61,000.00"
2019-05-20,2019052001010743,SHIVM,16,26,50,610.00,"30,500.00"
2019-05-20,2019052001010731,SHIVM,16,28,445,610.00,"271,450.00"
2019-05-20,2019052001010730,SHIVM,46,28,255,610.00,"155,550.00"
2019-05-20,2019052001010725,SHIVM,46,39,100,610.00,"61,000.00"
2019-05-20,2019052001010794,SHIVM,42,45,290,611.00,"177,190.00"
2019-05-20,2019052001010788,SHIVM,42,56,200,611.00,"122,200.00"
2019-05-20,2019052001010759,SHIVM,43,39,20,610.00,"12,200.00"
2019-05-20,2019052001010758,SHIVM,41,39,20,610.00,"12,200.00"
2019-05-20,2019052001010757,SHIVM,19,39,60,610.00,"36,600.00"
2019-05-20,2019052001010752,SHIVM,34,58,250,612.00,"153,000.00"
2019-05-20,2019052001010835,SHIVM,25,22,50,610.00,"30,500.00"
2019-05-20,2019052001010834,SHIVM,7,22,40,610.00,"24,400.00"
2019-05-20,2019052001010827,SHIVM,7,28,460,610.00,"280,600.00"
2019-05-20,2019052001010826,SHIVM,43,28,30,610.00,"18,300.00"
2019-05-20,2019052001010825,SHIVM,42,28,10,611.00,"6,110.00"
2019-05-20,2019052001010796,SHIVM,42,28,500,611.00,"305,500.00"
2019-05-20,2019052001010842,SHIVM,43,45,70,610.00,"42,700.00"
2019-05-20,2019052001010841,SHIVM,55,45,51,610.00,"31,110.00"
2019-05-20,2019052001010840,SHIVM,29,45,40,610.00,"24,400.00"
2019-05-20,2019052001010838,SHIVM,29,42,50,610.00,"30,500.00"
2019-05-20,2019052001010837,SHIVM,29,22,310,610.00,"189,100.00"
2019-05-20,2019052001010836,SHIVM,52,22,100,610.00,"61,000.00"
2019-05-20,2019052001010863,SHIVM,58,50,100,611.00,"61,100.00"
2019-05-20,2019052001010862,SHIVM,58,16,50,611.00,"30,550.00"
2019-05-20,2019052001010861,SHIVM,58,45,50,611.00,"30,550.00"
2019-05-20,2019052001010860,SHIVM,58,22,489,610.00,"298,290.00"
2019-05-20,2019052001010849,SHIVM,35,22,11,610.00,"6,710.00"
2019-05-20,2019052001010843,SHIVM,35,45,189,610.00,"115,290.00"
2019-05-20,2019052001010878,SHIVM,51,33,250,609.00,"152,250.00"
2019-05-20,2019052001010874,SHIVM,51,35,250,609.00,"152,250.00"
2019-05-20,2019052001010873,SHIVM,22,35,50,609.00,"30,450.00"
2019-05-20,2019052001010872,SHIVM,14,35,50,609.00,"30,450.00"
2019-05-20,2019052001010871,SHIVM,7,35,50,609.00,"30,450.00"
2019-05-20,2019052001010866,SHIVM,7,39,50,609.00,"30,450.00"
2019-05-20,2019052001010898,SHIVM,58,45,10,609.00,"6,090.00"
2019-05-20,2019052001010897,SHIVM,58,34,100,609.00,"60,900.00"
2019-05-20,2019052001010891,SHIVM,46,28,300,610.00,"183,000.00"
2019-05-20,2019052001010881,SHIVM,58,33,100,609.00,"60,900.00"
2019-05-20,2019052001010880,SHIVM,42,33,50,609.00,"30,450.00"
2019-05-20,2019052001010879,SHIVM,5,33,100,609.00,"60,900.00"
2019-05-20,2019052001010960,SHIVM,5,16,75,608.00,"45,600.00"
2019-05-20,2019052001010959,SHIVM,35,16,20,608.00,"12,160.00"
2019-05-20,2019052001010958,SHIVM,43,16,100,608.00,"60,800.00"
2019-05-20,2019052001010957,SHIVM,57,16,50,608.00,"30,400.00"
2019-05-20,2019052001010909,SHIVM,25,45,60,609.00,"36,540.00"
2019-05-20,2019052001010901,SHIVM,58,45,290,609.00,"176,610.00"
2019-05-20,2019052001010971,SHIVM,22,50,50,608.00,"30,400.00"
2019-05-20,2019052001010970,SHIVM,22,55,200,608.00,"121,600.00"
2019-05-20,2019052001010967,SHIVM,36,28,100,610.00,"61,000.00"
2019-05-20,2019052001010963,SHIVM,22,16,255,608.00,"155,040.00"
2019-05-20,2019052001010962,SHIVM,54,16,"1,000",608.00,"608,000.00"
2019-05-20,2019052001010961,SHIVM,28,16,100,608.00,"60,800.00"
2019-05-20,2019052001011001,SHIVM,21,50,500,608.00,"304,000.00"
2019-05-20,2019052001010995,SHIVM,19,45,100,609.00,"60,900.00"
2019-05-20,2019052001010994,SHIVM,35,26,900,610.00,"549,000.00"
2019-05-20,2019052001010993,SHIVM,35,28,100,610.00,"61,000.00"
2019-05-20,2019052001010978,SHIVM,21,16,400,608.00,"243,200.00"
2019-05-20,2019052001010976,SHIVM,22,50,495,608.00,"300,960.00"
2019-05-20,2019052001010811,SHL,57,56,100,238.00,"23,800.00"
2019-05-20,2019052001010623,SHL,52,56,100,236.00,"23,600.00"
2019-05-20,2019052001010622,SHL,43,56,200,236.00,"47,200.00"
2019-05-20,2019052001010621,SHL,13,56,200,237.00,"47,400.00"
2019-05-20,2019052001010972,SHPC,6,6,39,266.00,"10,374.00"
2019-05-20,2019052001010593,SHPC,7,56,"1,000",267.00,"267,000.00"
2019-05-20,2019052001010703,SIC,35,58,10,"1,395.00","13,950.00"
2019-05-20,2019052001010658,SIC,45,47,20,"1,398.00","27,960.00"
2019-05-20,2019052001010902,SICL,19,44,150,857.00,"128,550.00"
2019-05-20,2019052001010857,SICL,54,44,500,857.00,"428,500.00"
2019-05-20,2019052001010856,SICL,42,44,48,857.00,"41,136.00"
2019-05-20,2019052001010855,SICL,33,44,100,857.00,"85,700.00"
2019-05-20,2019052001010854,SICL,56,44,50,857.00,"42,850.00"
2019-05-20,2019052001010844,SICL,57,5,50,860.00,"43,000.00"
2019-05-20,2019052001010741,SIL,21,29,35,582.00,"20,370.00"
2019-05-20,2019052001010992,SINDU,44,42,433,150.00,"64,950.00"
2019-05-20,2019052001010991,SINDU,39,42,670,151.00,"101,170.00"
2019-05-20,2019052001010869,SINDU,39,22,50,151.00,"7,550.00"
2019-05-20,2019052001010868,SINDU,39,33,200,151.00,"30,200.00"
2019-05-20,2019052001010867,SINDU,39,21,80,151.00,"12,080.00"
2019-05-20,2019052001010828,SINDU,44,29,"1,000",151.00,"151,000.00"
2019-05-20,2019052001010786,SINDU,44,38,67,150.00,"10,050.00"
2019-05-20,2019052001010692,SINDU,21,43,11,149.00,"1,639.00"
2019-05-20,2019052001010633,SLBS,58,44,18,824.00,"14,832.00"
2019-05-20,2019052001010673,SLBSL,48,44,10,547.00,"5,470.00"
2019-05-20,2019052001010541,SLBSL,52,45,100,550.00,"55,000.00"
2019-05-20,2019052001010784,SLICL,17,28,745,585.00,"435,825.00"
2019-05-20,2019052001010783,SLICL,43,28,100,585.00,"58,500.00"
2019-05-20,2019052001010782,SLICL,22,28,50,586.00,"29,300.00"
2019-05-20,2019052001010599,SLICL,48,58,300,587.00,"176,100.00"
2019-05-20,2019052001010588,SLICL,22,58,100,588.00,"58,800.00"
2019-05-20,2019052001010587,SLICL,8,58,570,588.00,"335,160.00"
2019-05-20,2019052001010525,SLICL,8,58,150,588.00,"88,200.00"
2019-05-20,2019052001010524,SLICL,8,45,20,588.00,"11,760.00"
2019-05-20,2019052001010557,SMATA,54,41,11,"1,330.00","14,630.00"
2019-05-20,2019052001010556,SMATA,29,41,10,"1,331.00","13,310.00"
2019-05-20,2019052001010585,SMB,4,48,30,496.00,"14,880.00"
2019-05-20,2019052001010584,SMB,4,21,40,496.00,"19,840.00"
2019-05-20,2019052001010977,SRBL,34,4,299,259.00,"77,441.00"
2019-05-20,2019052001010684,SRBL,34,48,100,259.00,"25,900.00"
2019-05-20,2019052001010672,SRBL,33,4,100,260.00,"26,000.00"
2019-05-20,2019052001010810,SWBBL,44,6,45,915.00,"41,175.00"
2019-05-20,2019052001010776,SWBBL,44,16,91,915.00,"83,265.00"
2019-05-20,2019052001010799,UIC,42,7,400,923.00,"369,200.00"
2019-05-20,2019052001010781,UIC,42,7,120,923.00,"110,760.00"
2019-05-20,2019052001010780,UIC,17,7,180,924.00,"166,320.00"
2019-05-20,2019052001010639,UIC,17,10,320,924.00,"295,680.00"
2019-05-20,2019052001010638,UIC,40,10,200,925.00,"185,000.00"
2019-05-20,2019052001010574,UIC,32,6,80,930.00,"74,400.00"
2019-05-20,2019052001010999,UPPER,59,34,"2,750",251.00,"690,250.00"
2019-05-20,2019052001010998,UPPER,34,34,500,251.00,"125,500.00"
2019-05-20,2019052001010997,UPPER,26,34,200,251.00,"50,200.00"
2019-05-20,2019052001010996,UPPER,59,34,550,251.00,"138,050.00"
2019-05-20,2019052001010983,UPPER,59,38,50,251.00,"12,550.00"
2019-05-20,2019052001010956,UPPER,36,53,320,252.00,"80,640.00"
2019-05-20,2019052001010594,UPPER,17,29,50,252.00,"12,600.00"
2019-05-20,2019052001010546,UPPER,17,44,590,252.00,"148,680.00"
2019-05-20,2019052001010538,UPPER,28,50,200,253.00,"50,600.00"
2019-05-20,2019052001010689,UPPER,33,18,350,252.00,"88,200.00"
2019-05-20,2019052001010688,UPPER,17,18,150,252.00,"37,800.00"
2019-05-20,2019052001010648,UPPER,17,55,40,252.00,"10,080.00"
2019-05-20,2019052001010647,UPPER,17,13,40,252.00,"10,080.00"
2019-05-20,2019052001010766,UPPER,33,33,"1,560",252.00,"393,120.00"
2019-05-20,2019052001010760,UPPER,33,38,40,252.00,"10,080.00"
2019-05-20,2019052001010704,UPPER,33,49,50,252.00,"12,600.00"
2019-05-20,2019052001010904,UPPER,59,17,50,251.00,"12,550.00"
2019-05-20,2019052001010899,UPPER,59,17,40,251.00,"10,040.00"
2019-05-20,2019052001010884,UPPER,59,17,50,251.00,"12,550.00"
2019-05-20,2019052001010858,UPPER,59,17,40,251.00,"10,040.00"
2019-05-20,2019052001010846,UPPER,59,17,50,251.00,"12,550.00"
2019-05-20,2019052001010767,UPPER,45,33,100,252.00,"25,200.00"
2019-05-20,2019052001010955,UPPER,36,50,40,252.00,"10,080.00"
2019-05-20,2019052001010954,UPPER,36,48,100,252.00,"25,200.00"
2019-05-20,2019052001010953,UPPER,36,33,40,252.00,"10,080.00"
2019-05-20,2019052001010952,UPPER,59,17,50,251.00,"12,550.00"
2019-05-20,2019052001010919,UPPER,59,17,50,251.00,"12,550.00"
2019-05-20,2019052001010099,ADBL,57,50,250,419.00,"104,750.00"
2019-05-20,2019052001010055,ADBL,42,14,50,420.00,"21,000.00"
2019-05-20,2019052001010054,ADBL,4,14,400,420.00,"168,000.00"
2019-05-20,2019052001010044,ADBL,4,49,100,420.00,"42,000.00"
2019-05-20,2019052001010043,ADBL,34,49,100,420.00,"42,000.00"
2019-05-20,2019052001010042,ADBL,4,49,100,420.00,"42,000.00"
2019-05-20,2019052001010041,ADBL,42,49,500,420.00,"210,000.00"
2019-05-20,2019052001010040,ADBL,45,49,200,420.00,"84,000.00"
2019-05-20,2019052001010417,AHPC,28,48,50,108.00,"5,400.00"
2019-05-20,2019052001010147,AKJCL,13,58,20,75.00,"1,500.00"
2019-05-20,2019052001010036,AKJCL,13,13,10,76.00,760.00
2019-05-20,2019052001010286,BFC,59,42,35,106.00,"3,710.00"
2019-05-20,2019052001010264,BFC,59,42,40,106.00,"4,240.00"
2019-05-20,2019052001010332,BOKL,50,45,10,278.00,"2,780.00"
2019-05-20,2019052001010495,BPCL,7,43,11,428.00,"4,708.00"
2019-05-20,2019052001010457,BPCL,7,39,200,428.00,"85,600.00"
2019-05-20,2019052001010456,BPCL,13,39,300,429.00,"128,700.00"
2019-05-20,2019052001010418,BPCL,7,37,69,428.00,"29,532.00"
2019-05-20,2019052001010413,BPCL,7,40,40,428.00,"17,120.00"
2019-05-20,2019052001010412,BPCL,38,40,15,428.00,"6,420.00"
2019-05-20,2019052001010102,BPCL,21,22,120,430.00,"51,600.00"
2019-05-20,2019052001010085,BPCL,21,47,20,430.00,"8,600.00"
2019-05-20,2019052001010084,BPCL,42,47,20,430.00,"8,600.00"
2019-05-20,2019052001010019,BPCL,42,47,40,430.00,"17,200.00"
2019-05-20,2019052001010127,BPCL,57,47,40,430.00,"17,200.00"
2019-05-20,2019052001010126,BPCL,57,43,22,430.00,"9,460.00"
2019-05-20,2019052001010106,BPCL,7,22,446,429.00,"191,334.00"
2019-05-20,2019052001010105,BPCL,50,22,284,429.00,"121,836.00"
2019-05-20,2019052001010104,BPCL,42,22,50,430.00,"21,500.00"
2019-05-20,2019052001010103,BPCL,11,22,100,430.00,"43,000.00"
2019-05-20,2019052001010277,BPCL,45,17,33,430.00,"14,190.00"
2019-05-20,2019052001010276,BPCL,45,17,33,430.00,"14,190.00"
2019-05-20,2019052001010203,BPCL,7,21,11,429.00,"4,719.00"
2019-05-20,2019052001010164,BPCL,17,47,10,431.00,"4,310.00"
2019-05-20,2019052001010163,BPCL,17,47,40,431.00,"17,240.00"
2019-05-20,2019052001010155,BPCL,57,39,33,430.00,"14,190.00"
2019-05-20,2019052001010314,BPCL,5,48,42,429.00,"18,018.00"
2019-05-20,2019052001010284,BPCL,5,58,107,429.00,"45,903.00"
2019-05-20,2019052001010283,BPCL,7,58,100,429.00,"42,900.00"
2019-05-20,2019052001010282,BPCL,7,58,43,429.00,"18,447.00"
2019-05-20,2019052001010279,BPCL,45,34,901,430.00,"387,430.00"
2019-05-20,2019052001010278,BPCL,45,17,33,430.00,"14,190.00"
2019-05-20,2019052001010323,BPCL,34,49,49,428.00,"20,972.00"
2019-05-20,2019052001010322,BPCL,25,49,100,428.00,"42,800.00"
2019-05-20,2019052001010321,BPCL,42,49,500,428.00,"214,000.00"
2019-05-20,2019052001010320,BPCL,5,49,351,429.00,"150,579.00"
2019-05-20,2019052001010411,BPCL,33,40,245,428.00,"104,860.00"
2019-05-20,2019052001010376,BPCL,33,29,15,428.00,"6,420.00"
2019-05-20,2019052001010375,BPCL,44,29,51,428.00,"21,828.00"
2019-05-20,2019052001010355,BPCL,44,43,49,428.00,"20,972.00"
2019-05-20,2019052001010354,BPCL,34,43,451,428.00,"193,028.00"
2019-05-20,2019052001010333,BPCL,34,49,500,428.00,"214,000.00"
2019-05-20,2019052001010389,CBBL,42,6,40,945.00,"37,800.00"
2019-05-20,2019052001010335,CCBL,25,40,990,169.00,"167,310.00"
2019-05-20,2019052001010257,CCBL,25,52,10,169.00,"1,690.00"
2019-05-20,2019052001010016,CCBL,14,52,990,169.00,"167,310.00"
2019-05-20,2019052001010015,CCBL,14,35,10,169.00,"1,690.00"
2019-05-20,2019052001010372,CEFL,35,4,477,97.00,"46,269.00"
2019-05-20,2019052001010371,CEFL,45,4,100,97.00,"9,700.00"
2019-05-20,2019052001010370,CEFL,48,4,500,98.00,"49,000.00"
2019-05-20,2019052001010369,CEFL,1,4,23,99.00,"2,277.00"
2019-05-20,2019052001010368,CEFL,5,4,500,99.00,"49,500.00"
2019-05-20,2019052001010256,CIT,54,58,50,"2,622.00","131,100.00"
2019-05-20,2019052001010183,CIT,25,49,50,"2,623.00","131,150.00"
2019-05-20,2019052001010182,CIT,49,49,50,"2,625.00","131,250.00"
2019-05-20,2019052001010181,CIT,22,49,38,"2,626.00","99,788.00"
2019-05-20,2019052001010180,CIT,59,49,25,"2,628.00","65,700.00"
2019-05-20,2019052001010239,CZBIL,17,8,434,230.00,"99,820.00"
2019-05-20,2019052001010374,DBBL,48,48,500,152.00,"76,000.00"
2019-05-20,2019052001010310,DBBL,10,48,500,152.00,"76,000.00"
2019-05-20,2019052001010223,DBBL,52,48,143,152.00,"21,736.00"
2019-05-20,2019052001010222,DBBL,52,40,357,152.00,"54,264.00"
2019-05-20,2019052001010056,DBBL,57,45,750,151.00,"113,250.00"
2019-05-20,2019052001010170,EBL,33,45,100,666.00,"66,600.00"
2019-05-20,2019052001010078,EBL,33,56,220,666.00,"146,520.00"
2019-05-20,2019052001010077,EBL,14,56,180,666.00,"119,880.00"
2019-05-20,2019052001010047,FOWAD,25,25,200,"1,520.00","304,000.00"
2019-05-20,2019052001010046,FOWAD,16,25,100,"1,520.00","152,000.00"
2019-05-20,2019052001010045,FOWAD,50,25,83,"1,521.00","126,243.00"
2019-05-20,2019052001010486,GBLBS,1,4,11,355.00,"3,905.00"
2019-05-20,2019052001010485,GBLBS,19,4,100,355.00,"35,500.00"
2019-05-20,2019052001010466,GBLBS,6,4,100,356.00,"35,600.00"
2019-05-20,2019052001010465,GBLBS,17,4,50,356.00,"17,800.00"
2019-05-20,2019052001010464,GBLBS,45,4,120,356.00,"42,720.00"
2019-05-20,2019052001010463,GBLBS,29,4,99,356.00,"35,244.00"
2019-05-20,2019052001010462,GBLBS,57,4,20,357.00,"7,140.00"
2019-05-20,2019052001010397,GBLBS,57,52,80,357.00,"28,560.00"
2019-05-20,2019052001010263,GFCL,1,36,"1,845",122.00,"225,090.00"
2019-05-20,2019052001010262,GFCL,1,25,100,122.00,"12,200.00"
2019-05-20,2019052001010151,GMFIL,43,37,144,124.00,"17,856.00"
2019-05-20,2019052001010202,GRDBL,34,36,450,110.00,"49,500.00"
2019-05-20,2019052001010194,GRDBL,34,36,500,110.00,"55,000.00"
2019-05-20,2019052001010167,GRDBL,51,36,100,110.00,"11,000.00"
2019-05-20,2019052001010300,GUFL,49,51,"5,000",110.00,"550,000.00"
2019-05-20,2019052001010235,GUFL,5,21,765,111.00,"84,915.00"
2019-05-20,2019052001010234,GUFL,5,28,950,111.00,"105,450.00"
2019-05-20,2019052001010398,HBL,37,34,200,596.00,"119,200.00"
2019-05-20,2019052001010014,HDL,25,53,500,"1,975.00","987,500.00"
2019-05-20,2019052001010013,HDL,53,53,200,"1,975.00","395,000.00"
2019-05-20,2019052001010012,HDL,39,53,100,"1,975.00","197,500.00"
2019-05-20,2019052001010011,HDL,45,53,100,"1,976.00","197,600.00"
2019-05-20,2019052001010010,HDL,59,53,200,"1,980.00","396,000.00"
2019-05-20,2019052001010146,HGI,35,46,259,380.00,"98,420.00"
2019-05-20,2019052001010145,HGI,25,46,230,380.00,"87,400.00"
2019-05-20,2019052001010144,HGI,36,46,230,381.00,"87,630.00"
2019-05-20,2019052001010143,HGI,36,46,100,382.00,"38,200.00"
2019-05-20,2019052001010142,HGI,32,46,200,383.00,"76,600.00"
2019-05-20,2019052001010141,HGI,1,46,16,383.00,"6,128.00"
