Date,Transact. No.,Symbol,Buyer,Seller,Quantity,Rate,Amount
2020-07-19,2020071901000663,ADBL,14,47,10,432.00,"4,320.00"
2020-07-19,2020071901000566,ADBL,37,28,50,424.00,"21,200.00"
2020-07-19,2020071901000469,ADBL,47,57,10,416.00,"4,160.00"
2020-07-19,2020071901000439,ADBL,25,57,10,408.00,"4,080.00"
2020-07-19,2020071901000436,ADBL,25,10,10,408.00,"4,080.00"
2020-07-19,2020071901000459,AHPC,34,54,10,99.00,990.00
2020-07-19,2020071901000174,AHPC,58,54,100,98.00,"9,800.00"
2020-07-19,2020071901000477,AKPL,51,17,30,126.00,"3,780.00"
2020-07-19,2020071901000476,AKPL,51,47,500,126.00,"63,000.00"
2020-07-19,2020071901000306,AKPL,7,41,10,124.00,"1,240.00"
2020-07-19,2020071901000305,AKPL,7,45,30,124.00,"3,720.00"
2020-07-19,2020071901000547,ALBSL,46,16,10,807.00,"8,070.00"
2020-07-19,2020071901000430,ALBSL,45,16,10,792.00,"7,920.00"
2020-07-19,2020071901000428,ALICL,54,10,50,650.00,"32,500.00"
2020-07-19,2020071901000324,ALICL,55,44,10,639.00,"6,390.00"
2020-07-19,2020071901000274,ALICL,22,44,10,627.00,"6,270.00"
2020-07-19,2020071901000601,API,22,44,100,117.00,"11,700.00"
2020-07-19,2020071901000568,API,8,44,100,117.00,"11,700.00"
2020-07-19,2020071901000567,API,8,19,200,116.00,"23,200.00"
2020-07-19,2020071901000549,API,6,19,300,116.00,"34,800.00"
2020-07-19,2020071901000509,API,33,44,100,117.00,"11,700.00"
2020-07-19,2020071901000564,BFC,53,47,50,105.00,"5,250.00"
2020-07-19,2020071901000426,BFC,59,47,50,103.00,"5,150.00"
2020-07-19,2020071901000478,BFCPO,5,52,"8,686",100.00,"868,600.00"
2020-07-19,2020071901000660,BOKL,8,57,10,237.00,"2,370.00"
2020-07-19,2020071901000463,BOKL,41,11,68,233.00,"15,844.00"
2020-07-19,2020071901000238,BOKL,59,32,233,229.00,"53,357.00"
2020-07-19,2020071901000543,BPCL,8,47,10,379.00,"3,790.00"
2020-07-19,2020071901000413,BPCL,22,47,10,372.00,"3,720.00"
2020-07-19,2020071901000600,CBBL,54,5,65,"1,152.00","74,880.00"
2020-07-19,2020071901000561,CBBL,50,5,60,"1,152.00","69,120.00"
2020-07-19,2020071901000554,CBBL,1,5,25,"1,152.00","28,800.00"
2020-07-19,2020071901000553,CBBL,53,5,50,"1,175.00","58,750.00"
2020-07-19,2020071901000525,CBBL,53,41,10,"1,175.00","11,750.00"
2020-07-19,2020071901000302,CBBL,6,28,50,"1,119.00","55,950.00"
2020-07-19,2020071901000259,CBBL,4,55,140,"1,130.00","158,200.00"
2020-07-19,2020071901000237,CBBL,58,55,20,"1,130.00","22,600.00"
2020-07-19,2020071901000194,CBBL,45,55,390,"1,140.00","444,600.00"
2020-07-19,2020071901000184,CBBL,45,44,10,"1,140.00","11,400.00"
2020-07-19,2020071901000505,CBBL,1,44,50,"1,175.00","58,750.00"
2020-07-19,2020071901000402,CBBL,1,21,20,"1,152.00","23,040.00"
2020-07-19,2020071901000310,CBBL,45,44,100,"1,130.00","113,000.00"
2020-07-19,2020071901000401,CBL,56,25,200,157.00,"31,400.00"
2020-07-19,2020071901000246,CBL,53,44,10,154.00,"1,540.00"
2020-07-19,2020071901000209,CBL,56,44,10,151.00,"1,510.00"
2020-07-19,2020071901000563,CCBL,22,13,"1,000",189.00,"189,000.00"
2020-07-19,2020071901000417,CCBL,22,11,918,189.00,"173,502.00"
2020-07-19,2020071901000284,CCBL,22,45,10,189.00,"1,890.00"
2020-07-19,2020071901000192,CCBL,45,45,10,186.00,"1,860.00"
2020-07-19,2020071901000530,CFCL,52,36,100,128.00,"12,800.00"
2020-07-19,2020071901000590,CHCL,14,51,91,436.00,"39,676.00"
2020-07-19,2020071901000570,CHCL,53,51,10,436.00,"4,360.00"
2020-07-19,2020071901000455,CHCL,32,47,15,428.00,"6,420.00"
2020-07-19,2020071901000454,CHCL,53,47,10,428.00,"4,280.00"
2020-07-19,2020071901000285,CHCL,3,53,10,420.00,"4,200.00"
2020-07-19,2020071901000203,CHCL,22,3,10,412.00,"4,120.00"
2020-07-19,2020071901000636,CIT,22,33,200,"2,697.00","539,400.00"
2020-07-19,2020071901000635,CIT,22,41,20,"2,697.00","53,940.00"
2020-07-19,2020071901000375,CIT,16,22,10,"2,654.00","26,540.00"
2020-07-19,2020071901000354,CIT,41,10,40,"2,625.00","105,000.00"
2020-07-19,2020071901000210,CIT,16,22,10,"2,602.00","26,020.00"
2020-07-19,2020071901000384,CLBSL,43,57,11,780.00,"8,580.00"
2020-07-19,2020071901000383,CLBSL,43,33,10,780.00,"7,800.00"
2020-07-19,2020071901000382,CLBSL,43,38,10,775.00,"7,750.00"
2020-07-19,2020071901000369,CLBSL,43,16,100,770.00,"77,000.00"
2020-07-19,2020071901000615,CMF1,14,58,"8,000",10.00,"80,000.00"
2020-07-19,2020071901000645,CZBIL,26,36,10,204.00,"2,040.00"
2020-07-19,2020071901000357,CZBIL,56,58,10,200.00,"2,000.00"
2020-07-19,2020071901000276,CZBIL,59,32,10,197.00,"1,970.00"
2020-07-19,2020071901000565,DDBL,39,55,600,902.00,"541,200.00"
2020-07-19,2020071901000271,DDBL,46,34,10,885.00,"8,850.00"
2020-07-19,2020071901000610,EBL,21,50,125,762.00,"95,250.00"
2020-07-19,2020071901000609,EBL,47,50,475,762.00,"361,950.00"
2020-07-19,2020071901000527,EBL,47,37,15,762.00,"11,430.00"
2020-07-19,2020071901000503,EBL,47,41,10,762.00,"7,620.00"
2020-07-19,2020071901000429,EBL,16,41,10,753.00,"7,530.00"
2020-07-19,2020071901000268,EBL,33,43,10,739.00,"7,390.00"
2020-07-19,2020071901000522,EIC,44,50,10,420.00,"4,200.00"
2020-07-19,2020071901000596,FMDBL,17,29,100,594.00,"59,400.00"
2020-07-19,2020071901000579,FMDBL,49,29,10,594.00,"5,940.00"
2020-07-19,2020071901000548,FMDBL,49,16,10,594.00,"5,940.00"
2020-07-19,2020071901000406,FMDBL,10,16,10,583.00,"5,830.00"
2020-07-19,2020071901000173,FMDBL,37,29,48,572.00,"27,456.00"
2020-07-19,2020071901000497,FOWAD,53,56,120,"1,719.00","206,280.00"
2020-07-19,2020071901000265,FOWAD,7,56,100,"1,686.00","168,600.00"
2020-07-19,2020071901000655,GBBL,45,38,10,243.00,"2,430.00"
2020-07-19,2020071901000639,GBBL,45,18,10,243.00,"2,430.00"
2020-07-19,2020071901000569,GBBL,45,45,20,243.00,"4,860.00"
2020-07-19,2020071901000546,GBBL,45,33,10,243.00,"2,430.00"
2020-07-19,2020071901000409,GBBL,43,45,20,239.00,"4,780.00"
2020-07-19,2020071901000419,GBBLPO,39,44,"5,877",115.00,"675,855.00"
2020-07-19,2020071901000293,GBBLPO,39,44,"22,040",115.00,"2,534,600.00"
2020-07-19,2020071901000387,GBIME,13,43,80,263.00,"21,040.00"
2020-07-19,2020071901000386,GBIME,58,43,20,263.00,"5,260.00"
2020-07-19,2020071901000555,GBLBS,47,45,100,556.00,"55,600.00"
2020-07-19,2020071901000441,GBLBS,26,35,70,547.00,"38,290.00"
2020-07-19,2020071901000440,GBLBS,8,35,100,550.00,"55,000.00"
2020-07-19,2020071901000247,GBLBS,22,58,200,557.00,"111,400.00"
2020-07-19,2020071901000230,GBLBS,26,48,20,547.00,"10,940.00"
2020-07-19,2020071901000222,GBLBS,26,58,10,547.00,"5,470.00"
2020-07-19,2020071901000642,GGBSL,38,52,10,961.00,"9,610.00"
2020-07-19,2020071901000263,GGBSL,38,56,90,943.00,"84,870.00"
2020-07-19,2020071901000213,GGBSL,38,56,10,943.00,"9,430.00"
2020-07-19,2020071901000405,GILB,13,51,10,"1,328.00","13,280.00"
2020-07-19,2020071901000256,GLBSL,43,28,10,"1,012.00","10,120.00"
2020-07-19,2020071901000240,GLBSL,43,28,15,994.00,"14,910.00"
2020-07-19,2020071901000196,GLBSL,43,28,10,975.00,"9,750.00"
2020-07-19,2020071901000183,GLBSL,43,32,69,956.00,"65,964.00"
2020-07-19,2020071901000182,GLBSL,43,28,10,956.00,"9,560.00"
2020-07-19,2020071901000181,GLBSL,43,58,10,954.00,"9,540.00"
2020-07-19,2020071901000434,GLICL,43,6,10,479.00,"4,790.00"
2020-07-19,2020071901000403,HBL,6,49,10,569.00,"5,690.00"
2020-07-19,2020071901000634,HDL,19,48,300,"1,779.00","533,700.00"
2020-07-19,2020071901000631,HDL,19,45,30,"1,779.00","53,370.00"
2020-07-19,2020071901000630,HDL,53,45,70,"1,779.00","124,530.00"
2020-07-19,2020071901000594,HDL,53,51,20,"1,779.00","35,580.00"
2020-07-19,2020071901000483,HDL,53,33,100,"1,779.00","177,900.00"
2020-07-19,2020071901000482,HDL,53,48,200,"1,770.00","354,000.00"
2020-07-19,2020071901000304,HDL,19,56,100,"1,699.00","169,900.00"
2020-07-19,2020071901000202,HDL,57,48,50,"1,683.00","84,150.00"
2020-07-19,2020071901000201,HDL,32,48,50,"1,683.00","84,150.00"
2020-07-19,2020071901000481,HDL,53,6,10,"1,750.00","17,500.00"
2020-07-19,2020071901000480,HDL,53,14,100,"1,750.00","175,000.00"
2020-07-19,2020071901000427,HDL,5,33,100,"1,750.00","175,000.00"
2020-07-19,2020071901000381,HDL,34,48,50,"1,716.00","85,800.00"
2020-07-19,2020071901000353,HDL,54,52,200,"1,700.00","340,000.00"
2020-07-19,2020071901000352,HDL,54,59,20,"1,699.00","33,980.00"
2020-07-19,2020071901000587,HIDCL,39,45,20,135.00,"2,700.00"
2020-07-19,2020071901000468,HIDCL,39,58,30,135.00,"4,050.00"
2020-07-19,2020071901000465,HIDCL,39,46,10,135.00,"1,350.00"
2020-07-19,2020071901000605,HPPL,45,45,20,134.00,"2,680.00"
2020-07-19,2020071901000471,IGI,41,53,10,464.00,"4,640.00"
2020-07-19,2020071901000252,JBBL,53,58,10,188.00,"1,880.00"
2020-07-19,2020071901000629,JSLBB,46,25,30,"1,744.00","52,320.00"
2020-07-19,2020071901000261,JSLBB,19,21,10,"1,744.00","17,440.00"
2020-07-19,2020071901000260,JSLBB,19,32,40,"1,744.00","69,760.00"
2020-07-19,2020071901000562,KBL,44,53,10,201.00,"2,010.00"
2020-07-19,2020071901000376,KBL,56,16,10,198.00,"1,980.00"
2020-07-19,2020071901000361,KMCDB,33,58,10,840.00,"8,400.00"
2020-07-19,2020071901000360,KMCDB,33,7,10,840.00,"8,400.00"
2020-07-19,2020071901000531,KRBL,1,34,10,110.00,"1,100.00"
2020-07-19,2020071901000592,KSBBL,50,45,20,165.00,"3,300.00"
2020-07-19,2020071901000597,LBBL,1,53,100,206.00,"20,600.00"
2020-07-19,2020071901000511,LBBL,1,45,68,206.00,"14,008.00"
2020-07-19,2020071901000510,LBBL,57,45,432,206.00,"88,992.00"
2020-07-19,2020071901000432,LBBL,57,11,68,206.00,"14,008.00"
2020-07-19,2020071901000358,LBBL,4,10,20,204.00,"4,080.00"
2020-07-19,2020071901000311,LBBL,32,10,20,200.00,"4,000.00"
2020-07-19,2020071901000411,LBL,40,34,50,236.00,"11,800.00"
2020-07-19,2020071901000255,LBL,59,32,194,232.00,"45,008.00"
2020-07-19,2020071901000292,LGIL,43,59,10,470.00,"4,700.00"
2020-07-19,2020071901000638,LICN,17,40,10,"1,419.00","14,190.00"
2020-07-19,2020071901000318,LICN,25,28,100,"1,392.00","139,200.00"
2020-07-19,2020071901000560,MBL,42,34,10,245.00,"2,450.00"
2020-07-19,2020071901000514,MDB,43,52,10,341.00,"3,410.00"
2020-07-19,2020071901000496,MEGA,58,45,675,245.00,"165,375.00"
2020-07-19,2020071901000495,MEGA,25,45,15,245.00,"3,675.00"
2020-07-19,2020071901000494,MEGA,38,45,200,245.00,"49,000.00"
2020-07-19,2020071901000492,MEGA,22,45,15,245.00,"3,675.00"
2020-07-19,2020071901000491,MEGA,57,45,485,245.00,"118,825.00"
2020-07-19,2020071901000412,MEGA,34,39,10,235.00,"2,350.00"
2020-07-19,2020071901000236,MEGA,29,50,10,231.00,"2,310.00"
2020-07-19,2020071901000193,MEGA,22,10,25,227.00,"5,675.00"
2020-07-19,2020071901000479,MEGA,57,28,15,245.00,"3,675.00"
2020-07-19,2020071901000452,MEGA,1,58,10,243.00,"2,430.00"
2020-07-19,2020071901000450,MEGA,1,39,10,243.00,"2,430.00"
2020-07-19,2020071901000444,MEGA,43,28,10,243.00,"2,430.00"
2020-07-19,2020071901000431,MEGA,41,28,15,239.00,"3,585.00"
2020-07-19,2020071901000410,MERO,11,44,100,698.00,"69,800.00"
2020-07-19,2020071901000216,MERO,7,37,50,685.00,"34,250.00"
2020-07-19,2020071901000588,MFIL,55,4,10,338.00,"3,380.00"
2020-07-19,2020071901000421,MFIL,55,28,15,332.00,"4,980.00"
2020-07-19,2020071901000420,MFIL,55,28,15,332.00,"4,980.00"
2020-07-19,2020071901000371,MFIL,49,52,"1,500",326.00,"489,000.00"
2020-07-19,2020071901000618,MLBL,26,45,20,194.00,"3,880.00"
2020-07-19,2020071901000625,MNBBL,28,59,10,332.00,"3,320.00"
2020-07-19,2020071901000507,MNBBL,56,50,10,326.00,"3,260.00"
2020-07-19,2020071901000332,NABIL,45,48,200,869.00,"173,800.00"
2020-07-19,2020071901000280,NABIL,45,6,71,869.00,"61,699.00"
2020-07-19,2020071901000273,NABIL,47,6,50,869.00,"43,450.00"
2020-07-19,2020071901000251,NABIL,47,10,50,869.00,"43,450.00"
2020-07-19,2020071901000235,NABIL,33,45,100,869.00,"86,900.00"
2020-07-19,2020071901000228,NABIL,16,3,10,869.00,"8,690.00"
2020-07-19,2020071901000170,NABIL,55,3,10,853.00,"8,530.00"
2020-07-19,2020071901000624,NADEP,7,5,10,711.00,"7,110.00"
2020-07-19,2020071901000351,NADEP,1,44,10,698.00,"6,980.00"
2020-07-19,2020071901000350,NADEP,1,5,10,698.00,"6,980.00"
2020-07-19,2020071901000466,NBB,4,45,10,221.00,"2,210.00"
2020-07-19,2020071901000438,NBB,56,45,10,217.00,"2,170.00"
2020-07-19,2020071901000516,NBL,48,6,643,282.00,"181,326.00"
2020-07-19,2020071901000515,NBL,19,6,357,282.00,"100,674.00"
2020-07-19,2020071901000484,NBL,19,53,180,282.00,"50,760.00"
2020-07-19,2020071901000397,NBL,19,11,423,282.00,"119,286.00"
2020-07-19,2020071901000249,NBL,19,43,40,282.00,"11,280.00"
2020-07-19,2020071901000248,NBL,6,43,160,282.00,"45,120.00"
2020-07-19,2020071901000212,NBL,6,57,10,282.00,"2,820.00"
2020-07-19,2020071901000191,NBL,6,33,300,282.00,"84,600.00"
2020-07-19,2020071901000179,NBL,6,32,500,282.00,"141,000.00"
2020-07-19,2020071901000168,NBL,6,25,30,282.00,"8,460.00"
2020-07-19,2020071901000167,NBL,53,25,20,282.00,"5,640.00"
2020-07-19,2020071901000164,NBL,53,6,50,282.00,"14,100.00"
2020-07-19,2020071901000604,NCCB,25,6,676,211.00,"142,636.00"
2020-07-19,2020071901000603,NCCB,43,6,324,211.00,"68,364.00"
2020-07-19,2020071901000461,NCCB,43,58,555,211.00,"117,105.00"
2020-07-19,2020071901000460,NCCB,43,44,101,211.00,"21,311.00"
2020-07-19,2020071901000423,NCCB,43,26,"1,000",211.00,"211,000.00"
2020-07-19,2020071901000400,NCCB,43,58,20,211.00,"4,220.00"
2020-07-19,2020071901000370,NCCB,59,58,10,209.00,"2,090.00"
2020-07-19,2020071901000232,NCCB,38,36,"1,000",205.00,"205,000.00"
2020-07-19,2020071901000231,NCCB,38,58,10,205.00,"2,050.00"
2020-07-19,2020071901000451,NGPL,34,41,100,119.00,"11,900.00"
2020-07-19,2020071901000652,NHPC,58,21,510,56.00,"28,560.00"
2020-07-19,2020071901000641,NHPC,28,21,530,56.00,"29,680.00"
2020-07-19,2020071901000623,NHPC,17,45,500,55.00,"27,500.00"
2020-07-19,2020071901000524,NHPC,10,45,500,55.00,"27,500.00"
2020-07-19,2020071901000521,NHPC,53,21,470,56.00,"26,320.00"
2020-07-19,2020071901000520,NHPC,53,58,30,56.00,"1,680.00"
2020-07-19,2020071901000519,NHPC,53,38,500,56.00,"28,000.00"
2020-07-19,2020071901000221,NHPC,39,38,"1,000",55.00,"55,000.00"
2020-07-19,2020071901000368,NIB,25,55,115,484.00,"55,660.00"
2020-07-19,2020071901000367,NIB,47,55,300,484.00,"145,200.00"
2020-07-19,2020071901000366,NIB,4,55,50,484.00,"24,200.00"
2020-07-19,2020071901000365,NIB,1,55,"1,535",484.00,"742,940.00"
2020-07-19,2020071901000278,NIB,1,11,200,484.00,"96,800.00"
2020-07-19,2020071901000185,NIB,45,58,100,484.00,"48,400.00"
2020-07-19,2020071901000166,NIB,45,48,200,484.00,"96,800.00"
2020-07-19,2020071901000264,NIB,1,14,150,484.00,"72,600.00"
2020-07-19,2020071901000262,NIB,1,52,98,484.00,"47,432.00"
2020-07-19,2020071901000258,NIB,1,1,17,484.00,"8,228.00"
2020-07-19,2020071901000257,NIB,13,1,183,484.00,"88,572.00"
2020-07-19,2020071901000225,NIB,13,44,117,484.00,"56,628.00"
2020-07-19,2020071901000224,NIB,33,44,25,484.00,"12,100.00"
2020-07-19,2020071901000289,NIBPO,34,4,15,407.00,"6,105.00"
2020-07-19,2020071901000281,NIBPO,34,58,10,407.00,"4,070.00"
2020-07-19,2020071901000545,NICA,6,6,100,627.00,"62,700.00"
2020-07-19,2020071901000544,NICA,44,6,140,627.00,"87,780.00"
2020-07-19,2020071901000528,NICA,44,58,100,627.00,"62,700.00"
2020-07-19,2020071901000458,NICA,5,8,200,627.00,"125,400.00"
2020-07-19,2020071901000399,NICA,6,33,450,615.00,"276,750.00"
2020-07-19,2020071901000398,NICA,57,33,50,615.00,"30,750.00"
2020-07-19,2020071901000288,NICA,5,59,50,603.00,"30,150.00"
2020-07-19,2020071901000190,NICA,58,53,10,592.00,"5,920.00"
2020-07-19,2020071901000659,NICGF,14,58,"4,000",10.00,"40,000.00"
2020-07-19,2020071901000550,NICL,50,6,10,489.00,"4,890.00"
2020-07-19,2020071901000172,NICL,57,6,20,455.00,"9,100.00"
2020-07-19,2020071901000214,NICL,20,6,10,462.00,"4,620.00"
2020-07-19,2020071901000446,NICL,43,6,10,489.00,"4,890.00"
2020-07-19,2020071901000317,NICL,43,25,10,480.00,"4,800.00"
2020-07-19,2020071901000308,NICL,43,6,10,471.00,"4,710.00"
2020-07-19,2020071901000211,NICLBSL,47,28,10,626.00,"6,260.00"
2020-07-19,2020071901000606,NIL,55,21,10,639.00,"6,390.00"
2020-07-19,2020071901000552,NIL,55,25,10,639.00,"6,390.00"
2020-07-19,2020071901000529,NIL,55,25,50,639.00,"31,950.00"
2020-07-19,2020071901000512,NIL,55,53,10,639.00,"6,390.00"
2020-07-19,2020071901000475,NIL,14,53,10,627.00,"6,270.00"
2020-07-19,2020071901000616,NLG,46,29,10,686.00,"6,860.00"
2020-07-19,2020071901000457,NLG,53,29,10,673.00,"6,730.00"
2020-07-19,2020071901000654,NLIC,19,32,250,"1,401.00","350,250.00"
2020-07-19,2020071901000653,NLIC,19,8,100,"1,400.00","140,000.00"
2020-07-19,2020071901000506,NLIC,19,32,50,"1,379.00","68,950.00"
2020-07-19,2020071901000453,NLIC,34,49,50,"1,352.00","67,600.00"
2020-07-19,2020071901000448,NLIC,34,32,50,"1,352.00","67,600.00"
2020-07-19,2020071901000396,NLIC,16,44,10,"1,326.00","13,260.00"
2020-07-19,2020071901000395,NLIC,16,32,50,"1,326.00","66,300.00"
2020-07-19,2020071901000391,NLIC,57,14,100,"1,320.00","132,000.00"
2020-07-19,2020071901000373,NLIC,5,14,100,"1,326.00","132,600.00"
2020-07-19,2020071901000331,NLIC,34,32,50,"1,300.00","65,000.00"
2020-07-19,2020071901000270,NLIC,6,54,10,"1,299.00","12,990.00"
2020-07-19,2020071901000632,NLICL,57,57,10,715.00,"7,150.00"
2020-07-19,2020071901000250,NLICL,46,44,10,701.00,"7,010.00"
2020-07-19,2020071901000169,NLICL,56,44,10,688.00,"6,880.00"
2020-07-19,2020071901000435,NMB,58,11,300,454.00,"136,200.00"
2020-07-19,2020071901000425,NMB,58,8,141,454.00,"64,014.00"
2020-07-19,2020071901000424,NMB,28,8,59,454.00,"26,786.00"
2020-07-19,2020071901000356,NMB,28,56,941,454.00,"427,214.00"
2020-07-19,2020071901000355,NMB,34,56,59,454.00,"26,786.00"
2020-07-19,2020071901000330,NMB,34,48,200,454.00,"90,800.00"
2020-07-19,2020071901000267,NMB,34,38,50,453.00,"22,650.00"
2020-07-19,2020071901000266,NMB,6,38,200,453.00,"90,600.00"
2020-07-19,2020071901000245,NMB,3,14,"1,500",445.00,"667,500.00"
2020-07-19,2020071901000239,NMB,33,14,500,445.00,"222,500.00"
2020-07-19,2020071901000215,NMB,49,14,"1,000",441.00,"441,000.00"
2020-07-19,2020071901000291,NMB,34,50,241,454.00,"109,414.00"
2020-07-19,2020071901000290,NMB,21,50,70,454.00,"31,780.00"
2020-07-19,2020071901000287,NMB,21,28,50,454.00,"22,700.00"
2020-07-19,2020071901000283,NMB,21,32,80,454.00,"36,320.00"
2020-07-19,2020071901000275,NMB,22,38,450,453.00,"203,850.00"
2020-07-19,2020071901000272,NMB,51,38,300,453.00,"135,900.00"
2020-07-19,2020071901000644,NMFBS,22,29,99,"1,784.00","176,616.00"
2020-07-19,2020071901000643,NMFBS,22,47,51,"1,784.00","90,984.00"
2020-07-19,2020071901000661,NRIC,14,44,300,570.00,"171,000.00"
2020-07-19,2020071901000658,NRIC,33,44,20,570.00,"11,400.00"
2020-07-19,2020071901000648,NRIC,34,44,50,570.00,"28,500.00"
2020-07-19,2020071901000637,NRIC,59,44,200,570.00,"114,000.00"
2020-07-19,2020071901000628,NRIC,21,44,50,570.00,"28,500.00"
2020-07-19,2020071901000627,NRIC,49,44,400,570.00,"228,000.00"
2020-07-19,2020071901000200,NRIC,28,38,140,573.00,"80,220.00"
2020-07-19,2020071901000199,NRIC,49,38,300,573.00,"171,900.00"
2020-07-19,2020071901000198,NRIC,56,38,60,573.00,"34,380.00"
2020-07-19,2020071901000186,NRIC,56,34,10,573.00,"5,730.00"
2020-07-19,2020071901000171,NRIC,56,48,40,573.00,"22,920.00"
2020-07-19,2020071901000165,NRIC,56,39,40,573.00,"22,920.00"
2020-07-19,2020071901000229,NRIC,28,59,40,573.00,"22,920.00"
2020-07-19,2020071901000220,NRIC,28,26,50,573.00,"28,650.00"
2020-07-19,2020071901000207,NRIC,28,14,285,573.00,"163,305.00"
2020-07-19,2020071901000206,NRIC,57,14,280,573.00,"160,440.00"
2020-07-19,2020071901000205,NRIC,38,14,75,573.00,"42,975.00"
2020-07-19,2020071901000204,NRIC,28,14,360,573.00,"206,280.00"
2020-07-19,2020071901000319,NRIC,3,59,850,573.00,"487,050.00"
2020-07-19,2020071901000316,NRIC,3,51,50,573.00,"28,650.00"
2020-07-19,2020071901000298,NRIC,3,48,100,573.00,"57,300.00"
2020-07-19,2020071901000297,NRIC,38,48,10,573.00,"5,730.00"
2020-07-19,2020071901000296,NRIC,28,48,90,573.00,"51,570.00"
2020-07-19,2020071901000295,NRIC,28,25,50,573.00,"28,650.00"
2020-07-19,2020071901000326,NRIC,6,48,200,573.00,"114,600.00"
2020-07-19,2020071901000325,NRIC,33,48,300,573.00,"171,900.00"
2020-07-19,2020071901000323,NRIC,33,59,200,573.00,"114,600.00"
2020-07-19,2020071901000322,NRIC,50,59,300,573.00,"171,900.00"
2020-07-19,2020071901000321,NRIC,44,59,150,573.00,"85,950.00"
2020-07-19,2020071901000320,NRIC,51,59,500,573.00,"286,500.00"
2020-07-19,2020071901000337,NRIC,57,59,100,573.00,"57,300.00"
2020-07-19,2020071901000336,NRIC,33,59,500,573.00,"286,500.00"
2020-07-19,2020071901000335,NRIC,25,59,500,573.00,"286,500.00"
2020-07-19,2020071901000334,NRIC,34,59,180,573.00,"103,140.00"
2020-07-19,2020071901000328,NRIC,45,48,200,573.00,"114,600.00"
2020-07-19,2020071901000327,NRIC,56,48,300,573.00,"171,900.00"
2020-07-19,2020071901000347,NRIC,44,53,80,573.00,"45,840.00"
2020-07-19,2020071901000342,NRIC,44,59,120,573.00,"68,760.00"
2020-07-19,2020071901000341,NRIC,32,59,40,573.00,"22,920.00"
2020-07-19,2020071901000340,NRIC,41,59,"2,500",573.00,"1,432,500.00"
2020-07-19,2020071901000339,NRIC,38,59,10,573.00,"5,730.00"
2020-07-19,2020071901000338,NRIC,54,59,50,573.00,"28,650.00"
2020-07-19,2020071901000499,NRIC,32,44,100,573.00,"57,300.00"
2020-07-19,2020071901000498,NRIC,53,44,340,573.00,"194,820.00"
2020-07-19,2020071901000379,NRIC,53,26,40,573.00,"22,920.00"
2020-07-19,2020071901000363,NRIC,53,53,120,573.00,"68,760.00"
2020-07-19,2020071901000349,NRIC,32,53,200,573.00,"114,600.00"
2020-07-19,2020071901000348,NRIC,57,53,100,573.00,"57,300.00"
2020-07-19,2020071901000533,NRIC,52,59,270,573.00,"154,710.00"
2020-07-19,2020071901000518,NRIC,52,52,50,573.00,"28,650.00"
2020-07-19,2020071901000517,NRIC,52,50,20,573.00,"11,460.00"
2020-07-19,2020071901000502,NRIC,52,44,260,573.00,"148,980.00"
2020-07-19,2020071901000501,NRIC,7,44,800,573.00,"458,400.00"
2020-07-19,2020071901000500,NRIC,41,44,500,573.00,"286,500.00"
2020-07-19,2020071901000539,NRIC,22,59,15,573.00,"8,595.00"
2020-07-19,2020071901000538,NRIC,3,59,500,573.00,"286,500.00"
2020-07-19,2020071901000537,NRIC,34,59,"5,000",573.00,"2,865,000.00"
2020-07-19,2020071901000536,NRIC,39,59,200,573.00,"114,600.00"
2020-07-19,2020071901000535,NRIC,47,59,"1,000",573.00,"573,000.00"
2020-07-19,2020071901000534,NRIC,42,59,500,573.00,"286,500.00"
2020-07-19,2020071901000558,NRIC,55,44,800,573.00,"458,400.00"
2020-07-19,2020071901000557,NRIC,13,44,300,573.00,"171,900.00"
2020-07-19,2020071901000556,NRIC,17,44,525,573.00,"300,825.00"
2020-07-19,2020071901000542,NRIC,17,59,"1,475",573.00,"845,175.00"
2020-07-19,2020071901000541,NRIC,51,59,"1,000",573.00,"573,000.00"
2020-07-19,2020071901000540,NRIC,49,59,40,573.00,"22,920.00"
2020-07-19,2020071901000576,NRIC,17,44,125,573.00,"71,625.00"
2020-07-19,2020071901000575,NRIC,58,44,"1,000",573.00,"573,000.00"
2020-07-19,2020071901000574,NRIC,32,44,500,573.00,"286,500.00"
2020-07-19,2020071901000573,NRIC,35,44,500,573.00,"286,500.00"
2020-07-19,2020071901000572,NRIC,25,44,875,573.00,"501,375.00"
2020-07-19,2020071901000559,NRIC,25,44,375,573.00,"214,875.00"
2020-07-19,2020071901000626,NRIC,48,44,200,570.00,"114,000.00"
2020-07-19,2020071901000608,NRIC,47,59,142,573.00,"81,366.00"
2020-07-19,2020071901000607,NRIC,45,59,159,573.00,"91,107.00"
2020-07-19,2020071901000580,NRIC,48,59,100,573.00,"57,300.00"
2020-07-19,2020071901000578,NRIC,47,59,100,573.00,"57,300.00"
2020-07-19,2020071901000577,NRIC,17,59,375,573.00,"214,875.00"
2020-07-19,2020071901000598,NSEWA,43,43,10,862.00,"8,620.00"
2020-07-19,2020071901000490,NSEWA,43,43,10,846.00,"8,460.00"
2020-07-19,2020071901000442,NTC,22,7,50,679.00,"33,950.00"
2020-07-19,2020071901000433,NTC,59,7,50,679.00,"33,950.00"
2020-07-19,2020071901000180,NTC,10,53,900,666.00,"599,400.00"
2020-07-19,2020071901000380,NUBL,7,55,50,"1,060.00","53,000.00"
2020-07-19,2020071901000345,NUBL,19,55,98,"1,060.00","103,880.00"
2020-07-19,2020071901000344,NUBL,19,44,50,"1,040.00","52,000.00"
2020-07-19,2020071901000343,PCBL,34,34,20,288.00,"5,760.00"
2020-07-19,2020071901000315,PCBL,34,34,20,283.00,"5,660.00"
2020-07-19,2020071901000253,PCBL,57,21,10,278.00,"2,780.00"
2020-07-19,2020071901000464,PIC,54,58,10,627.00,"6,270.00"
2020-07-19,2020071901000523,PLIC,1,41,10,559.00,"5,590.00"
2020-07-19,2020071901000513,PRIN,11,44,10,500.00,"5,000.00"
2020-07-19,2020071901000307,PRIN,44,29,10,491.00,"4,910.00"
2020-07-19,2020071901000622,PRVU,46,13,415,251.00,"104,165.00"
2020-07-19,2020071901000621,PRVU,8,13,500,251.00,"125,500.00"
2020-07-19,2020071901000620,PRVU,41,13,85,251.00,"21,335.00"
2020-07-19,2020071901000595,PRVU,41,28,15,251.00,"3,765.00"
2020-07-19,2020071901000377,PRVU,43,51,10,247.00,"2,470.00"
2020-07-19,2020071901000374,PRVU,43,34,10,247.00,"2,470.00"
2020-07-19,2020071901000241,PRVU,22,51,10,243.00,"2,430.00"
2020-07-19,2020071901000611,RMDC,29,6,20,719.00,"14,380.00"
2020-07-19,2020071901000474,SABSL,38,16,100,868.00,"86,800.00"
2020-07-19,2020071901000473,SABSL,38,57,10,868.00,"8,680.00"
2020-07-19,2020071901000472,SABSL,38,58,200,868.00,"173,600.00"
2020-07-19,2020071901000314,SABSL,58,5,10,851.00,"8,510.00"
2020-07-19,2020071901000657,SANIMA,45,44,10,372.00,"3,720.00"
2020-07-19,2020071901000593,SANIMA,59,44,10,365.00,"3,650.00"
2020-07-19,2020071901000485,SANIMA,37,38,10,358.00,"3,580.00"
2020-07-19,2020071901000301,SANIMA,56,54,157,351.00,"55,107.00"
2020-07-19,2020071901000300,SANIMA,43,54,200,351.00,"70,200.00"
2020-07-19,2020071901000299,SANIMA,47,54,50,351.00,"17,550.00"
2020-07-19,2020071901000392,SBI,6,41,40,465.00,"18,600.00"
2020-07-19,2020071901000333,SBI,46,3,10,457.00,"4,570.00"
2020-07-19,2020071901000187,SBI,59,3,10,449.00,"4,490.00"
2020-07-19,2020071901000599,SBL,14,52,10,330.00,"3,300.00"
2020-07-19,2020071901000504,SBL,6,57,15,324.00,"4,860.00"
2020-07-19,2020071901000462,SBL,50,52,10,318.00,"3,180.00"
2020-07-19,2020071901000443,SBL,47,50,10,312.00,"3,120.00"
2020-07-19,2020071901000447,SCB,59,3,10,694.00,"6,940.00"
2020-07-19,2020071901000372,SCB,16,3,10,681.00,"6,810.00"
2020-07-19,2020071901000329,SCB,54,3,10,668.00,"6,680.00"
2020-07-19,2020071901000467,SDESI,45,25,10,920.00,"9,200.00"
2020-07-19,2020071901000279,SDESI,25,47,10,911.00,"9,110.00"
2020-07-19,2020071901000378,SHINE,19,8,10,247.00,"2,470.00"
2020-07-19,2020071901000277,SHINE,6,8,50,243.00,"12,150.00"
2020-07-19,2020071901000223,SHINE,47,8,10,239.00,"2,390.00"
2020-07-19,2020071901000647,SHIVM,45,34,95,675.00,"64,125.00"
2020-07-19,2020071901000619,SHIVM,45,45,100,675.00,"67,500.00"
2020-07-19,2020071901000614,SHIVM,34,48,160,678.00,"108,480.00"
2020-07-19,2020071901000613,SHIVM,34,6,100,678.00,"67,800.00"
2020-07-19,2020071901000612,SHIVM,34,14,40,677.00,"27,080.00"
2020-07-19,2020071901000585,SHIVM,45,6,50,675.00,"33,750.00"
2020-07-19,2020071901000218,SHIVM,7,14,100,665.00,"66,500.00"
2020-07-19,2020071901000217,SHIVM,38,14,50,665.00,"33,250.00"
2020-07-19,2020071901000388,SHIVM,14,48,30,670.00,"20,100.00"
2020-07-19,2020071901000313,SHIVM,10,48,470,670.00,"314,900.00"
2020-07-19,2020071901000312,SHIVM,10,1,30,669.00,"20,070.00"
2020-07-19,2020071901000286,SHIVM,10,48,400,665.00,"266,000.00"
2020-07-19,2020071901000227,SHIVM,45,47,355,677.00,"240,335.00"
2020-07-19,2020071901000219,SHIVM,33,14,500,665.00,"332,500.00"
2020-07-19,2020071901000487,SHIVM,34,58,25,670.00,"16,750.00"
2020-07-19,2020071901000486,SHIVM,34,4,50,669.00,"33,450.00"
2020-07-19,2020071901000456,SHIVM,10,4,10,669.00,"6,690.00"
2020-07-19,2020071901000449,SHIVM,5,57,200,670.00,"134,000.00"
2020-07-19,2020071901000390,SHIVM,14,1,70,675.00,"47,250.00"
2020-07-19,2020071901000389,SHIVM,14,41,100,675.00,"67,500.00"
2020-07-19,2020071901000584,SHIVM,45,1,155,675.00,"104,625.00"
2020-07-19,2020071901000583,SHIVM,45,35,500,670.00,"335,000.00"
2020-07-19,2020071901000582,SHIVM,45,45,100,668.00,"66,800.00"
2020-07-19,2020071901000526,SHIVM,52,46,100,668.00,"66,800.00"
2020-07-19,2020071901000489,SHIVM,34,1,25,675.00,"16,875.00"
2020-07-19,2020071901000488,SHIVM,34,16,200,674.00,"134,800.00"
2020-07-19,2020071901000586,SHPC,39,56,10,238.00,"2,380.00"
2020-07-19,2020071901000364,SHPC,39,56,10,234.00,"2,340.00"
2020-07-19,2020071901000646,SICL,53,6,100,"1,133.00","113,300.00"
2020-07-19,2020071901000416,SICL,46,33,20,"1,112.00","22,240.00"
2020-07-19,2020071901000415,SICL,46,46,20,"1,112.00","22,240.00"
2020-07-19,2020071901000309,SICL,57,33,10,"1,092.00","10,920.00"
2020-07-19,2020071901000175,SICL,32,33,10,"1,071.00","10,710.00"
2020-07-19,2020071901000422,SIL,44,44,50,625.00,"31,250.00"
2020-07-19,2020071901000294,SIL,44,44,10,613.00,"6,130.00"
2020-07-19,2020071901000234,SIL,33,44,10,601.00,"6,010.00"
2020-07-19,2020071901000581,SJCL,41,20,10,139.00,"1,390.00"
2020-07-19,2020071901000414,SJCL,53,20,10,137.00,"1,370.00"
2020-07-19,2020071901000445,SKBBL,39,55,300,"1,384.00","415,200.00"
2020-07-19,2020071901000394,SKBBL,6,38,150,"1,357.00","203,550.00"
2020-07-19,2020071901000208,SKBBL,6,36,10,"1,331.00","13,310.00"
2020-07-19,2020071901000493,SLBBL,47,59,100,946.00,"94,600.00"
2020-07-19,2020071901000269,SLBBL,6,46,40,928.00,"37,120.00"
2020-07-19,2020071901000233,SLBBL,29,46,50,928.00,"46,400.00"
2020-07-19,2020071901000189,SLBBL,16,46,10,928.00,"9,280.00"
2020-07-19,2020071901000470,SLBBL,19,44,50,946.00,"47,300.00"
2020-07-19,2020071901000385,SLBBL,13,44,100,928.00,"92,800.00"
2020-07-19,2020071901000408,SLBS,57,53,40,"1,102.00","44,080.00"
2020-07-19,2020071901000407,SLBS,57,45,37,"1,100.00","40,700.00"
2020-07-19,2020071901000176,SLBS,11,53,10,"1,081.00","10,810.00"
2020-07-19,2020071901000633,SLICL,38,34,10,468.00,"4,680.00"
2020-07-19,2020071901000393,SLICL,57,55,"1,600",459.00,"734,400.00"
2020-07-19,2020071901000362,SLICL,29,55,500,459.00,"229,500.00"
2020-07-19,2020071901000346,SLICL,19,55,500,459.00,"229,500.00"
2020-07-19,2020071901000602,SPARS,13,34,10,918.00,"9,180.00"
2020-07-19,2020071901000437,SPDL,45,13,26,105.00,"2,730.00"
2020-07-19,2020071901000404,SPDL,13,45,20,103.00,"2,060.00"
2020-07-19,2020071901000656,SRBL,1,33,10,251.00,"2,510.00"
2020-07-19,2020071901000617,SRBL,18,38,10,247.00,"2,470.00"
2020-07-19,2020071901000589,SRBL,18,33,10,247.00,"2,470.00"
2020-07-19,2020071901000532,SRBL,59,18,10,243.00,"2,430.00"
2020-07-19,2020071901000243,SWBBL,45,52,200,"1,225.00","245,000.00"
2020-07-19,2020071901000242,SWBBL,53,52,150,"1,225.00","183,750.00"
2020-07-19,2020071901000640,TMDBL,6,57,10,186.00,"1,860.00"
2020-07-19,2020071901000508,TMDBL,59,57,10,183.00,"1,830.00"
2020-07-19,2020071901000418,TMDBL,47,57,10,180.00,"1,800.00"
2020-07-19,2020071901000649,UIC,14,34,10,401.00,"4,010.00"
2020-07-19,2020071901000226,UIC,34,29,189,394.00,"74,466.00"
2020-07-19,2020071901000195,UIC,13,29,100,394.00,"39,400.00"
2020-07-19,2020071901000188,UIC,14,29,500,394.00,"197,000.00"
2020-07-19,2020071901000177,UIC,38,29,50,394.00,"19,700.00"
2020-07-19,2020071901000651,UPPER,17,33,10,241.00,"2,410.00"
2020-07-19,2020071901000650,UPPER,17,41,310,238.00,"73,780.00"
2020-07-19,2020071901000591,UPPER,49,41,40,238.00,"9,520.00"
2020-07-19,2020071901000571,UPPER,38,41,150,238.00,"35,700.00"
2020-07-19,2020071901000551,UPPER,38,41,50,237.00,"11,850.00"
2020-07-19,2020071901000244,UPPER,1,57,40,238.00,"9,520.00"
2020-07-19,2020071901000359,UPPER,46,59,10,238.00,"2,380.00"
2020-07-19,2020071901000303,UPPER,41,59,40,238.00,"9,520.00"
2020-07-19,2020071901000178,VLBS,46,25,10,"1,020.00","10,200.00"
2020-07-19,2020071901000662,WOMI,45,28,10,"1,060.00","10,600.00"
2020-07-19,2020071901000282,WOMI,57,28,10,"1,040.00","10,400.00"
2020-07-19,2020071901000254,WOMI,59,47,42,"1,020.00","42,840.00"
2020-07-19,2020071901000197,WOMI,59,47,100,"1,020.00","102,000.00"
2020-07-19,2020071901000135,AHPC,44,58,10,97.00,970.00
2020-07-19,2020071901000024,AKPL,45,45,20,122.00,"2,440.00"
2020-07-19,2020071901000037,ALBSL,57,41,11,777.00,"8,547.00"
2020-07-19,2020071901000048,API,49,42,180,115.00,"20,700.00"
2020-07-19,2020071901000016,BFCPO,5,52,"25,450",100.00,"2,545,000.00"
2020-07-19,2020071901000015,BFCPO,5,52,360,100.00,"36,000.00"
2020-07-19,2020071901000014,BFCPO,5,52,600,100.00,"60,000.00"
2020-07-19,2020071901000013,BFCPO,5,52,600,100.00,"60,000.00"
2020-07-19,2020071901000012,BFCPO,5,52,600,100.00,"60,000.00"
2020-07-19,2020071901000011,BFCPO,5,52,600,100.00,"60,000.00"
2020-07-19,2020071901000117,CBBL,54,44,10,"1,118.00","11,180.00"
2020-07-19,2020071901000006,CBBL,33,47,13,"1,097.00","14,261.00"
2020-07-19,2020071901000005,CBBL,33,16,100,"1,097.00","109,700.00"
2020-07-19,2020071901000078,CBL,25,44,10,149.00,"1,490.00"
2020-07-19,2020071901000054,CBL,32,44,10,147.00,"1,470.00"
2020-07-19,2020071901000146,CCBL,52,45,10,183.00,"1,830.00"
2020-07-19,2020071901000022,CCBL,45,45,10,180.00,"1,800.00"
2020-07-19,2020071901000131,CIT,16,22,10,"2,551.00","25,510.00"
2020-07-19,2020071901000094,CIT,43,10,20,"2,501.00","50,020.00"
2020-07-19,2020071901000123,CLBSL,43,38,50,765.00,"38,250.00"
2020-07-19,2020071901000060,DDBL,13,21,50,870.00,"43,500.00"
2020-07-19,2020071901000056,DDBL,6,21,50,870.00,"43,500.00"
2020-07-19,2020071901000044,DDBL,49,55,350,865.00,"302,750.00"
2020-07-19,2020071901000008,DDBL,32,55,100,875.00,"87,500.00"
2020-07-19,2020071901000007,DDBL,52,55,50,875.00,"43,750.00"
2020-07-19,2020071901000002,EBL,38,11,29,725.00,"21,025.00"
2020-07-19,2020071901000136,FMDBL,34,53,50,561.00,"28,050.00"
2020-07-19,2020071901000132,FMDBL,38,53,130,561.00,"72,930.00"
2020-07-19,2020071901000114,FMDBL,53,53,100,561.00,"56,100.00"
2020-07-19,2020071901000103,FMDBL,38,53,16,561.00,"8,976.00"
2020-07-19,2020071901000102,FMDBL,38,45,484,560.00,"271,040.00"
2020-07-19,2020071901000020,FMDBL,38,16,50,550.00,"27,500.00"
2020-07-19,2020071901000148,FOWAD,53,56,10,"1,653.00","16,530.00"
2020-07-19,2020071901000055,FOWAD,53,16,20,"1,600.00","32,000.00"
2020-07-19,2020071901000025,FOWAD,43,16,10,"1,621.00","16,210.00"
2020-07-19,2020071901000040,GBIME,43,41,30,258.00,"7,740.00"
2020-07-19,2020071901000099,GBLBS,10,13,410,537.00,"220,170.00"
2020-07-19,2020071901000050,GLBSL,43,41,20,938.00,"18,760.00"
2020-07-19,2020071901000088,HDL,49,56,100,"1,650.00","165,000.00"
2020-07-19,2020071901000149,ILBS,32,56,10,832.00,"8,320.00"
2020-07-19,2020071901000137,JBBL,53,58,10,186.00,"1,860.00"
2020-07-19,2020071901000119,JBBL,53,58,10,183.00,"1,830.00"
2020-07-19,2020071901000105,JBBL,53,58,10,180.00,"1,800.00"
2020-07-19,2020071901000076,JBBL,44,58,10,177.00,"1,770.00"
2020-07-19,2020071901000042,JBBL,57,58,10,174.00,"1,740.00"
2020-07-19,2020071901000101,JSLBB,43,21,10,"1,710.00","17,100.00"
2020-07-19,2020071901000147,KSBBL,41,33,100,162.00,"16,200.00"
2020-07-19,2020071901000018,KSBBL,45,45,20,159.00,"3,180.00"
2020-07-19,2020071901000017,LBBL,59,45,20,197.00,"3,940.00"
2020-07-19,2020071901000003,MBL,6,45,30,241.00,"7,230.00"
2020-07-19,2020071901000152,MFIL,43,6,10,320.00,"3,200.00"
2020-07-19,2020071901000100,MFIL,43,6,10,314.00,"3,140.00"
2020-07-19,2020071901000145,NABIL,32,3,10,837.00,"8,370.00"
2020-07-19,2020071901000115,NABIL,46,3,10,821.00,"8,210.00"
2020-07-19,2020071901000036,NABIL,59,3,200,805.00,"161,000.00"
2020-07-19,2020071901000058,NADEP,18,25,23,685.00,"15,755.00"
2020-07-19,2020071901000084,NBL,53,4,130,282.00,"36,660.00"
2020-07-19,2020071901000083,NBL,47,4,500,282.00,"141,000.00"
2020-07-19,2020071901000082,NBL,44,4,20,282.00,"5,640.00"
2020-07-19,2020071901000081,NBL,13,4,130,282.00,"36,660.00"
2020-07-19,2020071901000079,NBL,13,34,10,282.00,"2,820.00"
2020-07-19,2020071901000073,NBL,13,34,10,282.00,"2,820.00"
2020-07-19,2020071901000070,NBL,48,36,"1,000",282.00,"282,000.00"
2020-07-19,2020071901000059,NBL,44,58,10,279.00,"2,790.00"
2020-07-19,2020071901000052,NBL,26,58,10,274.00,"2,740.00"
2020-07-19,2020071901000049,NBL,26,34,10,274.00,"2,740.00"
2020-07-19,2020071901000021,NBL,55,45,20,269.00,"5,380.00"
2020-07-19,2020071901000150,NCCB,16,58,10,201.00,"2,010.00"
2020-07-19,2020071901000106,NCCB,6,58,10,198.00,"1,980.00"
2020-07-19,2020071901000085,NCCB,29,58,10,195.00,"1,950.00"
2020-07-19,2020071901000004,NHPC,43,45,400,54.00,"21,600.00"
2020-07-19,2020071901000157,NIB,44,42,147,480.00,"70,560.00"
2020-07-19,2020071901000156,NIB,6,42,28,480.00,"13,440.00"
2020-07-19,2020071901000155,NIB,33,42,25,481.00,"12,025.00"
2020-07-19,2020071901000154,NIB,59,42,100,484.00,"48,400.00"
2020-07-19,2020071901000153,NIB,6,42,200,484.00,"96,800.00"
2020-07-19,2020071901000142,NIB,6,58,300,484.00,"145,200.00"
2020-07-19,2020071901000133,NIB,6,6,17,480.00,"8,160.00"
2020-07-19,2020071901000130,NIB,7,6,13,480.00,"6,240.00"
2020-07-19,2020071901000128,NIB,7,57,10,480.00,"4,800.00"
2020-07-19,2020071901000127,NIB,7,8,27,480.00,"12,960.00"
2020-07-19,2020071901000072,NIB,10,57,10,471.00,"4,710.00"
2020-07-19,2020071901000001,NIB,6,57,200,462.00,"92,400.00"
2020-07-19,2020071901000129,NIBPO,34,4,15,402.00,"6,030.00"
2020-07-19,2020071901000086,NIBPO,34,4,15,395.00,"5,925.00"
2020-07-19,2020071901000019,NIBPO,33,4,100,388.00,"38,800.00"
2020-07-19,2020071901000141,NICA,43,46,11,581.00,"6,391.00"
2020-07-19,2020071901000033,NICLBSL,57,58,10,614.00,"6,140.00"
2020-07-19,2020071901000010,NMB,49,48,200,433.00,"86,600.00"
2020-07-19,2020071901000009,NMB,49,54,20,433.00,"8,660.00"
2020-07-19,2020071901000087,NMBMF,14,4,250,805.00,"201,250.00"
2020-07-19,2020071901000023,NMFBS,33,47,10,"1,820.00","18,200.00"
2020-07-19,2020071901000163,NRIC,56,59,850,573.00,"487,050.00"
2020-07-19,2020071901000162,NRIC,33,59,500,573.00,"286,500.00"
2020-07-19,2020071901000161,NRIC,55,59,200,573.00,"114,600.00"
2020-07-19,2020071901000160,NRIC,47,59,200,573.00,"114,600.00"
2020-07-19,2020071901000159,NRIC,48,59,200,573.00,"114,600.00"
2020-07-19,2020071901000158,NRIC,1,59,550,573.00,"315,150.00"
2020-07-19,2020071901000034,NRIC,25,47,100,547.00,"54,700.00"
2020-07-19,2020071901000032,NRIC,25,32,40,547.00,"21,880.00"
2020-07-19,2020071901000031,NRIC,25,32,50,547.00,"27,350.00"
2020-07-19,2020071901000030,NRIC,25,34,10,547.00,"5,470.00"
2020-07-19,2020071901000029,NRIC,25,29,30,547.00,"16,410.00"
2020-07-19,2020071901000053,NRIC,19,59,500,568.00,"284,000.00"
2020-07-19,2020071901000051,NRIC,38,59,100,568.00,"56,800.00"
2020-07-19,2020071901000047,NRIC,8,59,100,557.00,"55,700.00"
2020-07-19,2020071901000046,NRIC,19,59,"1,500",557.00,"835,500.00"
2020-07-19,2020071901000045,NRIC,8,59,400,557.00,"222,800.00"
2020-07-19,2020071901000038,NRIC,8,58,100,557.00,"55,700.00"
2020-07-19,2020071901000066,NRIC,29,25,300,560.00,"168,000.00"
2020-07-19,2020071901000065,NRIC,38,25,75,560.00,"42,000.00"
2020-07-19,2020071901000064,NRIC,56,25,"1,000",567.00,"567,000.00"
2020-07-19,2020071901000063,NRIC,37,25,80,567.00,"45,360.00"
2020-07-19,2020071901000062,NRIC,47,59,600,568.00,"340,800.00"
2020-07-19,2020071901000061,NRIC,37,58,120,567.00,"68,040.00"
2020-07-19,2020071901000075,NRIC,47,56,100,573.00,"57,300.00"
2020-07-19,2020071901000074,NRIC,32,58,500,573.00,"286,500.00"
2020-07-19,2020071901000071,NRIC,46,51,100,568.00,"56,800.00"
2020-07-19,2020071901000069,NRIC,3,59,800,568.00,"454,400.00"
2020-07-19,2020071901000068,NRIC,25,25,"1,345",557.00,"749,165.00"
2020-07-19,2020071901000067,NRIC,8,25,200,557.00,"111,400.00"
2020-07-19,2020071901000093,NRIC,41,59,"1,400",573.00,"802,200.00"
2020-07-19,2020071901000092,NRIC,57,59,50,573.00,"28,650.00"
2020-07-19,2020071901000091,NRIC,1,59,200,573.00,"114,600.00"
2020-07-19,2020071901000090,NRIC,47,59,350,573.00,"200,550.00"
2020-07-19,2020071901000089,NRIC,47,59,10,573.00,"5,730.00"
2020-07-19,2020071901000077,NRIC,47,39,40,573.00,"22,920.00"
2020-07-19,2020071901000109,NRIC,41,59,820,573.00,"469,860.00"
2020-07-19,2020071901000108,NRIC,47,59,200,573.00,"114,600.00"
2020-07-19,2020071901000107,NRIC,41,59,980,573.00,"561,540.00"
2020-07-19,2020071901000104,NRIC,41,45,40,573.00,"22,920.00"
2020-07-19,2020071901000096,NRIC,41,39,40,573.00,"22,920.00"
2020-07-19,2020071901000095,NRIC,41,29,40,573.00,"22,920.00"
2020-07-19,2020071901000121,NRIC,1,22,200,573.00,"114,600.00"
2020-07-19,2020071901000120,NRIC,52,22,10,573.00,"5,730.00"
2020-07-19,2020071901000118,NRIC,52,29,40,573.00,"22,920.00"
2020-07-19,2020071901000116,NRIC,41,48,40,573.00,"22,920.00"
2020-07-19,2020071901000113,NRIC,41,51,100,573.00,"57,300.00"
2020-07-19,2020071901000110,NRIC,41,11,40,573.00,"22,920.00"
2020-07-19,2020071901000144,NRIC,1,58,40,573.00,"22,920.00"
2020-07-19,2020071901000143,NRIC,1,39,40,573.00,"22,920.00"
2020-07-19,2020071901000140,NRIC,1,48,40,573.00,"22,920.00"
2020-07-19,2020071901000126,NRIC,1,38,90,573.00,"51,570.00"
2020-07-19,2020071901000125,NRIC,1,22,240,573.00,"137,520.00"
2020-07-19,2020071901000122,NRIC,41,22,50,573.00,"28,650.00"
2020-07-19,2020071901000139,NSEWA,19,5,20,830.00,"16,600.00"
2020-07-19,2020071901000138,NSEWA,43,5,20,842.00,"16,840.00"
2020-07-19,2020071901000134,NTC,49,53,100,666.00,"66,600.00"
2020-07-19,2020071901000080,NUBL,45,14,200,"1,040.00","208,000.00"
2020-07-19,2020071901000112,PCBL,56,49,10,273.00,"2,730.00"
2020-07-19,2020071901000111,PCBL,59,49,990,273.00,"270,270.00"
2020-07-19,2020071901000098,PCBL,59,59,10,273.00,"2,730.00"
2020-07-19,2020071901000028,SABSL,33,25,11,835.00,"9,185.00"
2020-07-19,2020071901000035,SAND2085,4,43,100,"1,060.00","106,000.00"
2020-07-19,2020071901000057,SHIVM,38,29,50,665.00,"33,250.00"
2020-07-19,2020071901000041,SHIVM,57,29,100,652.00,"65,200.00"
2020-07-19,2020071901000027,SHIVM,25,21,50,640.00,"32,000.00"
2020-07-19,2020071901000097,SICL,19,46,10,"1,050.00","10,500.00"
2020-07-19,2020071901000043,SKBBL,8,16,80,"1,305.00","104,400.00"
2020-07-19,2020071901000124,SLBBL,32,46,50,910.00,"45,500.00"
2020-07-19,2020071901000151,SLBS,11,58,10,"1,081.00","10,810.00"
2020-07-19,2020071901000026,SPDL,45,45,27,101.00,"2,727.00"
2020-07-19,2020071901000039,WOMI,57,22,75,"1,000.00","75,000.00"
