Date,Transact. No.,Symbol,Buyer,Seller,Quantity,Rate,Amount
2020-09-27,2020092704003536,BBC,16,26,20,"1,612.00","32,240.00"
2020-09-27,2020092704003513,BBC,16,26,20,"1,635.00","32,700.00"
2020-09-27,2020092704003077,BBC,57,26,20,"1,603.00","32,060.00"
2020-09-27,2020092704003076,BBC,57,26,100,"1,603.00","160,300.00"
2020-09-27,2020092704003075,BBC,45,26,10,"1,604.00","16,040.00"
2020-09-27,2020092704003074,BBC,55,26,10,"1,605.00","16,050.00"
2020-09-27,2020092704003073,BBC,38,26,50,"1,606.00","80,300.00"
2020-09-27,2020092704003072,BBC,3,26,10,"1,620.00","16,200.00"
2020-09-27,2020092704003489,CMF1,11,4,"5,000",11.10,"55,500.00"
2020-09-27,2020092704003486,GIMES1,22,58,"3,390",9.10,"30,849.00"
2020-09-27,2020092704003467,GIMES1,7,58,"1,110",9.12,"10,123.20"
2020-09-27,2020092704003256,GIMES1,7,32,890,9.12,"8,116.80"
2020-09-27,2020092704003327,LEMF,29,58,400,8.60,"3,440.00"
2020-09-27,2020092704003326,LEMF,7,58,100,8.70,870.00
2020-09-27,2020092704003367,NEF,42,58,"2,414",8.81,"21,267.30"
2020-09-27,2020092704003101,NEF,38,34,"5,362",8.85,"47,453.70"
2020-09-27,2020092704003100,NEF,38,13,338,8.82,"2,981.16"
2020-09-27,2020092704003085,NEF,42,58,483,8.81,"4,255.23"
2020-09-27,2020092704003197,NIBLPF,52,35,525,8.63,"4,530.75"
2020-09-27,2020092704003196,NIBLPF,46,35,"2,000",8.64,"17,280.00"
2020-09-27,2020092704003414,NIBPO,11,14,50,364.00,"18,200.00"
2020-09-27,2020092704003413,NIBPO,11,55,123,364.00,"44,772.00"
2020-09-27,2020092704003130,NIBPO,25,55,877,364.00,"319,228.00"
2020-09-27,2020092704003129,NIBPO,25,4,523,364.00,"190,372.00"
2020-09-27,2020092704003128,NIBPO,25,34,100,363.00,"36,300.00"
2020-09-27,2020092704003127,NIBPO,25,57,"1,000",363.00,"363,000.00"
2020-09-27,2020092704003429,NICAD8283,58,1,200,"1,075.00","215,000.00"
2020-09-27,2020092704003534,NMBHF1,56,13,416,10.00,"4,160.00"
2020-09-27,2020092704003399,NMBHF1,10,58,"3,315",9.95,"32,984.20"
2020-09-27,2020092704003398,NMBHF1,39,58,846,9.95,"8,417.70"
2020-09-27,2020092704003204,NMBHF1,39,35,"4,161",9.95,"41,401.90"
2020-09-27,2020092704003088,NMBHF1,39,58,832,9.95,"8,278.40"
2020-09-27,2020092704003452,RBCLPO,49,4,10,"10,320.00","103,200.00"
2020-09-27,2020092704003544,RLI,49,57,10,636.00,"6,360.00"
2020-09-27,2020092704003543,RLI,56,39,17,637.00,"10,829.00"
2020-09-27,2020092704003542,RLI,34,39,100,637.00,"63,700.00"
2020-09-27,2020092704003541,RLI,57,34,10,636.00,"6,360.00"
2020-09-27,2020092704003540,RLI,57,57,10,636.00,"6,360.00"
2020-09-27,2020092704003539,RLI,57,39,10,636.00,"6,360.00"
2020-09-27,2020092704003048,RLI,48,1,10,636.00,"6,360.00"
2020-09-27,2020092704003047,RLI,48,40,10,636.00,"6,360.00"
2020-09-27,2020092704003046,RLI,48,58,10,636.00,"6,360.00"
2020-09-27,2020092704003045,RLI,48,32,10,636.00,"6,360.00"
2020-09-27,2020092704003054,RLI,48,49,10,636.00,"6,360.00"
2020-09-27,2020092704003053,RLI,48,40,10,636.00,"6,360.00"
2020-09-27,2020092704003052,RLI,48,10,10,636.00,"6,360.00"
2020-09-27,2020092704003051,RLI,48,32,10,636.00,"6,360.00"
2020-09-27,2020092704003050,RLI,48,40,10,636.00,"6,360.00"
2020-09-27,2020092704003049,RLI,48,32,10,636.00,"6,360.00"
2020-09-27,2020092704003060,RLI,48,32,10,636.00,"6,360.00"
2020-09-27,2020092704003059,RLI,48,17,10,636.00,"6,360.00"
2020-09-27,2020092704003058,RLI,48,52,10,636.00,"6,360.00"
2020-09-27,2020092704003057,RLI,48,19,10,636.00,"6,360.00"
2020-09-27,2020092704003056,RLI,48,34,100,636.00,"63,600.00"
2020-09-27,2020092704003055,RLI,48,11,10,636.00,"6,360.00"
2020-09-27,2020092704003066,RLI,48,11,10,636.00,"6,360.00"
2020-09-27,2020092704003065,RLI,48,39,10,636.00,"6,360.00"
2020-09-27,2020092704003064,RLI,48,38,10,636.00,"6,360.00"
2020-09-27,2020092704003063,RLI,48,42,10,636.00,"6,360.00"
2020-09-27,2020092704003062,RLI,48,40,10,636.00,"6,360.00"
2020-09-27,2020092704003061,RLI,48,38,10,636.00,"6,360.00"
2020-09-27,2020092704003079,RLI,48,32,10,636.00,"6,360.00"
2020-09-27,2020092704003078,RLI,48,39,10,636.00,"6,360.00"
2020-09-27,2020092704003070,RLI,48,10,10,636.00,"6,360.00"
2020-09-27,2020092704003069,RLI,48,38,10,636.00,"6,360.00"
2020-09-27,2020092704003068,RLI,48,40,10,636.00,"6,360.00"
2020-09-27,2020092704003067,RLI,48,32,10,636.00,"6,360.00"
2020-09-27,2020092704003086,RLI,33,10,10,635.00,"6,350.00"
2020-09-27,2020092704003084,RLI,43,17,10,636.00,"6,360.00"
2020-09-27,2020092704003083,RLI,43,39,10,636.00,"6,360.00"
2020-09-27,2020092704003082,RLI,34,56,10,636.00,"6,360.00"
2020-09-27,2020092704003081,RLI,34,50,10,636.00,"6,360.00"
2020-09-27,2020092704003080,RLI,34,10,10,636.00,"6,360.00"
2020-09-27,2020092704003093,RLI,6,1,10,635.00,"6,350.00"
2020-09-27,2020092704003092,RLI,6,10,10,635.00,"6,350.00"
2020-09-27,2020092704003091,RLI,6,39,10,635.00,"6,350.00"
2020-09-27,2020092704003090,RLI,6,57,10,635.00,"6,350.00"
2020-09-27,2020092704003089,RLI,33,38,10,635.00,"6,350.00"
2020-09-27,2020092704003087,RLI,33,39,10,635.00,"6,350.00"
2020-09-27,2020092704003099,RLI,6,17,10,635.00,"6,350.00"
2020-09-27,2020092704003098,RLI,6,10,10,635.00,"6,350.00"
2020-09-27,2020092704003097,RLI,6,45,10,635.00,"6,350.00"
2020-09-27,2020092704003096,RLI,6,34,10,635.00,"6,350.00"
2020-09-27,2020092704003095,RLI,6,19,10,635.00,"6,350.00"
2020-09-27,2020092704003094,RLI,6,29,10,635.00,"6,350.00"
2020-09-27,2020092704003107,RLI,6,36,10,635.00,"6,350.00"
2020-09-27,2020092704003106,RLI,6,17,10,635.00,"6,350.00"
2020-09-27,2020092704003105,RLI,57,32,10,636.00,"6,360.00"
2020-09-27,2020092704003104,RLI,57,11,10,636.00,"6,360.00"
2020-09-27,2020092704003103,RLI,57,32,10,636.00,"6,360.00"
2020-09-27,2020092704003102,RLI,57,38,10,636.00,"6,360.00"
2020-09-27,2020092704003113,RLI,6,56,10,635.00,"6,350.00"
2020-09-27,2020092704003112,RLI,6,34,10,635.00,"6,350.00"
2020-09-27,2020092704003111,RLI,6,42,10,635.00,"6,350.00"
2020-09-27,2020092704003110,RLI,6,17,10,635.00,"6,350.00"
2020-09-27,2020092704003109,RLI,6,29,10,635.00,"6,350.00"
2020-09-27,2020092704003108,RLI,6,10,10,635.00,"6,350.00"
2020-09-27,2020092704003119,RLI,16,10,10,635.00,"6,350.00"
2020-09-27,2020092704003118,RLI,16,11,10,635.00,"6,350.00"
2020-09-27,2020092704003117,RLI,16,58,10,635.00,"6,350.00"
2020-09-27,2020092704003116,RLI,16,45,10,635.00,"6,350.00"
2020-09-27,2020092704003115,RLI,6,40,10,635.00,"6,350.00"
2020-09-27,2020092704003114,RLI,6,10,10,635.00,"6,350.00"
2020-09-27,2020092704003125,RLI,11,17,10,636.00,"6,360.00"
2020-09-27,2020092704003124,RLI,11,42,10,636.00,"6,360.00"
2020-09-27,2020092704003123,RLI,11,45,10,636.00,"6,360.00"
2020-09-27,2020092704003122,RLI,11,34,10,636.00,"6,360.00"
2020-09-27,2020092704003121,RLI,11,40,10,636.00,"6,360.00"
2020-09-27,2020092704003120,RLI,16,17,10,635.00,"6,350.00"
2020-09-27,2020092704003135,RLI,16,34,10,635.00,"6,350.00"
2020-09-27,2020092704003134,RLI,11,10,10,636.00,"6,360.00"
2020-09-27,2020092704003133,RLI,11,45,10,636.00,"6,360.00"
2020-09-27,2020092704003132,RLI,11,17,10,636.00,"6,360.00"
2020-09-27,2020092704003131,RLI,11,40,10,636.00,"6,360.00"
2020-09-27,2020092704003126,RLI,11,10,10,636.00,"6,360.00"
2020-09-27,2020092704003141,RLI,50,10,10,635.00,"6,350.00"
2020-09-27,2020092704003140,RLI,50,38,10,635.00,"6,350.00"
2020-09-27,2020092704003139,RLI,16,45,10,635.00,"6,350.00"
2020-09-27,2020092704003138,RLI,16,19,10,635.00,"6,350.00"
2020-09-27,2020092704003137,RLI,16,10,10,635.00,"6,350.00"
2020-09-27,2020092704003136,RLI,16,45,10,635.00,"6,350.00"
2020-09-27,2020092704003147,RLI,57,56,10,636.00,"6,360.00"
2020-09-27,2020092704003146,RLI,57,1,10,636.00,"6,360.00"
2020-09-27,2020092704003145,RLI,57,40,10,636.00,"6,360.00"
2020-09-27,2020092704003144,RLI,57,19,10,636.00,"6,360.00"
2020-09-27,2020092704003143,RLI,57,34,10,636.00,"6,360.00"
2020-09-27,2020092704003142,RLI,57,40,10,636.00,"6,360.00"
2020-09-27,2020092704003153,RLI,57,57,10,636.00,"6,360.00"
2020-09-27,2020092704003152,RLI,57,11,10,636.00,"6,360.00"
2020-09-27,2020092704003151,RLI,57,58,10,636.00,"6,360.00"
2020-09-27,2020092704003150,RLI,57,40,10,636.00,"6,360.00"
2020-09-27,2020092704003149,RLI,57,56,10,636.00,"6,360.00"
2020-09-27,2020092704003148,RLI,57,40,10,636.00,"6,360.00"
2020-09-27,2020092704003159,RLI,13,46,10,637.00,"6,370.00"
2020-09-27,2020092704003158,RLI,13,40,10,637.00,"6,370.00"
2020-09-27,2020092704003157,RLI,13,29,10,637.00,"6,370.00"
2020-09-27,2020092704003156,RLI,13,41,10,637.00,"6,370.00"
2020-09-27,2020092704003155,RLI,57,19,10,636.00,"6,360.00"
2020-09-27,2020092704003154,RLI,57,40,10,636.00,"6,360.00"
2020-09-27,2020092704003165,RLI,13,38,10,637.00,"6,370.00"
2020-09-27,2020092704003164,RLI,13,39,10,637.00,"6,370.00"
2020-09-27,2020092704003163,RLI,13,38,10,637.00,"6,370.00"
2020-09-27,2020092704003162,RLI,13,39,10,637.00,"6,370.00"
2020-09-27,2020092704003161,RLI,13,39,10,637.00,"6,370.00"
2020-09-27,2020092704003160,RLI,13,6,10,637.00,"6,370.00"
2020-09-27,2020092704003171,RLI,13,34,10,637.00,"6,370.00"
2020-09-27,2020092704003170,RLI,13,34,10,637.00,"6,370.00"
2020-09-27,2020092704003169,RLI,13,34,10,637.00,"6,370.00"
2020-09-27,2020092704003168,RLI,13,34,10,637.00,"6,370.00"
2020-09-27,2020092704003167,RLI,13,34,10,637.00,"6,370.00"
2020-09-27,2020092704003166,RLI,13,34,10,637.00,"6,370.00"
2020-09-27,2020092704003177,RLI,40,8,10,637.00,"6,370.00"
2020-09-27,2020092704003176,RLI,40,34,10,637.00,"6,370.00"
2020-09-27,2020092704003175,RLI,40,34,10,637.00,"6,370.00"
2020-09-27,2020092704003174,RLI,40,34,10,637.00,"6,370.00"
2020-09-27,2020092704003173,RLI,57,39,10,636.00,"6,360.00"
2020-09-27,2020092704003172,RLI,57,56,10,636.00,"6,360.00"
2020-09-27,2020092704003183,RLI,40,34,10,637.00,"6,370.00"
2020-09-27,2020092704003182,RLI,40,34,10,637.00,"6,370.00"
2020-09-27,2020092704003181,RLI,40,5,10,637.00,"6,370.00"
2020-09-27,2020092704003180,RLI,40,34,10,637.00,"6,370.00"
2020-09-27,2020092704003179,RLI,40,34,10,637.00,"6,370.00"
2020-09-27,2020092704003178,RLI,40,34,10,637.00,"6,370.00"
2020-09-27,2020092704003189,RLI,57,56,10,636.00,"6,360.00"
2020-09-27,2020092704003188,RLI,40,34,10,637.00,"6,370.00"
2020-09-27,2020092704003187,RLI,40,34,10,637.00,"6,370.00"
2020-09-27,2020092704003186,RLI,40,34,10,637.00,"6,370.00"
2020-09-27,2020092704003185,RLI,40,20,10,637.00,"6,370.00"
2020-09-27,2020092704003184,RLI,40,34,10,637.00,"6,370.00"
2020-09-27,2020092704003195,RLI,39,39,110,637.00,"70,070.00"
2020-09-27,2020092704003194,RLI,39,34,10,637.00,"6,370.00"
2020-09-27,2020092704003193,RLI,39,34,10,637.00,"6,370.00"
2020-09-27,2020092704003192,RLI,39,34,10,637.00,"6,370.00"
2020-09-27,2020092704003191,RLI,39,34,10,637.00,"6,370.00"
2020-09-27,2020092704003190,RLI,57,58,10,636.00,"6,360.00"
2020-09-27,2020092704003203,RLI,5,17,10,635.00,"6,350.00"
2020-09-27,2020092704003202,RLI,57,16,10,636.00,"6,360.00"
2020-09-27,2020092704003201,RLI,57,56,10,636.00,"6,360.00"
2020-09-27,2020092704003200,RLI,57,8,10,636.00,"6,360.00"
2020-09-27,2020092704003199,RLI,57,56,10,636.00,"6,360.00"
2020-09-27,2020092704003198,RLI,29,39,10,637.00,"6,370.00"
2020-09-27,2020092704003210,RLI,47,58,10,636.00,"6,360.00"
2020-09-27,2020092704003209,RLI,47,42,10,636.00,"6,360.00"
2020-09-27,2020092704003208,RLI,47,56,10,636.00,"6,360.00"
2020-09-27,2020092704003207,RLI,47,38,10,636.00,"6,360.00"
2020-09-27,2020092704003206,RLI,47,58,10,636.00,"6,360.00"
2020-09-27,2020092704003205,RLI,5,39,10,635.00,"6,350.00"
2020-09-27,2020092704003216,RLI,5,56,10,635.00,"6,350.00"
2020-09-27,2020092704003215,RLI,47,17,10,636.00,"6,360.00"
2020-09-27,2020092704003214,RLI,47,49,10,636.00,"6,360.00"
2020-09-27,2020092704003213,RLI,47,56,10,636.00,"6,360.00"
2020-09-27,2020092704003212,RLI,47,45,10,636.00,"6,360.00"
2020-09-27,2020092704003211,RLI,47,11,10,636.00,"6,360.00"
2020-09-27,2020092704003222,RLI,1,34,10,635.00,"6,350.00"
2020-09-27,2020092704003221,RLI,1,35,10,635.00,"6,350.00"
2020-09-27,2020092704003220,RLI,26,56,10,635.00,"6,350.00"
2020-09-27,2020092704003219,RLI,26,58,10,635.00,"6,350.00"
2020-09-27,2020092704003218,RLI,5,8,10,635.00,"6,350.00"
2020-09-27,2020092704003217,RLI,5,34,10,635.00,"6,350.00"
2020-09-27,2020092704003228,RLI,1,56,10,635.00,"6,350.00"
2020-09-27,2020092704003227,RLI,1,34,10,635.00,"6,350.00"
2020-09-27,2020092704003226,RLI,1,58,10,635.00,"6,350.00"
2020-09-27,2020092704003225,RLI,1,40,10,635.00,"6,350.00"
2020-09-27,2020092704003224,RLI,1,8,10,635.00,"6,350.00"
2020-09-27,2020092704003223,RLI,1,11,10,635.00,"6,350.00"
2020-09-27,2020092704003234,RLI,1,58,10,635.00,"6,350.00"
2020-09-27,2020092704003233,RLI,1,58,10,635.00,"6,350.00"
2020-09-27,2020092704003232,RLI,1,11,10,635.00,"6,350.00"
2020-09-27,2020092704003231,RLI,1,56,10,635.00,"6,350.00"
2020-09-27,2020092704003230,RLI,17,45,10,636.00,"6,360.00"
2020-09-27,2020092704003229,RLI,1,8,10,635.00,"6,350.00"
2020-09-27,2020092704003241,RLI,1,34,10,635.00,"6,350.00"
2020-09-27,2020092704003240,RLI,1,36,10,635.00,"6,350.00"
2020-09-27,2020092704003239,RLI,1,40,10,635.00,"6,350.00"
2020-09-27,2020092704003238,RLI,1,57,10,635.00,"6,350.00"
2020-09-27,2020092704003237,RLI,1,58,10,635.00,"6,350.00"
2020-09-27,2020092704003235,RLI,1,11,10,635.00,"6,350.00"
2020-09-27,2020092704003247,RLI,14,10,10,635.00,"6,350.00"
2020-09-27,2020092704003246,RLI,14,16,10,635.00,"6,350.00"
2020-09-27,2020092704003245,RLI,14,59,10,635.00,"6,350.00"
2020-09-27,2020092704003244,RLI,14,11,10,635.00,"6,350.00"
2020-09-27,2020092704003243,RLI,34,49,10,635.00,"6,350.00"
2020-09-27,2020092704003242,RLI,1,36,10,635.00,"6,350.00"
2020-09-27,2020092704003253,RLI,14,16,10,635.00,"6,350.00"
2020-09-27,2020092704003252,RLI,14,36,10,635.00,"6,350.00"
2020-09-27,2020092704003251,RLI,14,11,10,635.00,"6,350.00"
2020-09-27,2020092704003250,RLI,14,58,10,635.00,"6,350.00"
2020-09-27,2020092704003249,RLI,14,38,10,635.00,"6,350.00"
2020-09-27,2020092704003248,RLI,14,54,10,635.00,"6,350.00"
2020-09-27,2020092704003261,RLI,21,16,10,635.00,"6,350.00"
2020-09-27,2020092704003260,RLI,14,36,10,635.00,"6,350.00"
2020-09-27,2020092704003259,RLI,14,54,10,635.00,"6,350.00"
2020-09-27,2020092704003258,RLI,14,35,10,635.00,"6,350.00"
2020-09-27,2020092704003257,RLI,14,1,10,635.00,"6,350.00"
2020-09-27,2020092704003254,RLI,14,39,10,635.00,"6,350.00"
2020-09-27,2020092704003267,RLI,21,50,70,636.00,"44,520.00"
2020-09-27,2020092704003266,RLI,21,35,10,636.00,"6,360.00"
2020-09-27,2020092704003265,RLI,21,7,10,636.00,"6,360.00"
2020-09-27,2020092704003264,RLI,21,45,10,636.00,"6,360.00"
2020-09-27,2020092704003263,RLI,45,13,10,635.00,"6,350.00"
2020-09-27,2020092704003262,RLI,21,56,10,635.00,"6,350.00"
2020-09-27,2020092704003273,RLI,18,39,10,635.00,"6,350.00"
2020-09-27,2020092704003272,RLI,18,16,10,635.00,"6,350.00"
2020-09-27,2020092704003271,RLI,45,57,10,635.00,"6,350.00"
2020-09-27,2020092704003270,RLI,45,39,10,635.00,"6,350.00"
2020-09-27,2020092704003269,RLI,45,13,10,635.00,"6,350.00"
2020-09-27,2020092704003268,RLI,45,16,10,635.00,"6,350.00"
2020-09-27,2020092704003279,RLI,18,16,10,635.00,"6,350.00"
2020-09-27,2020092704003278,RLI,4,50,10,636.00,"6,360.00"
2020-09-27,2020092704003277,RLI,18,13,10,635.00,"6,350.00"
2020-09-27,2020092704003276,RLI,18,1,10,635.00,"6,350.00"
2020-09-27,2020092704003275,RLI,18,3,10,635.00,"6,350.00"
2020-09-27,2020092704003274,RLI,18,49,10,635.00,"6,350.00"
2020-09-27,2020092704003285,RLI,32,35,10,635.00,"6,350.00"
2020-09-27,2020092704003284,RLI,32,16,10,635.00,"6,350.00"
2020-09-27,2020092704003283,RLI,32,1,10,635.00,"6,350.00"
2020-09-27,2020092704003282,RLI,18,39,10,635.00,"6,350.00"
2020-09-27,2020092704003281,RLI,18,58,10,635.00,"6,350.00"
2020-09-27,2020092704003280,RLI,18,10,10,635.00,"6,350.00"
2020-09-27,2020092704003292,RLI,33,39,10,635.00,"6,350.00"
2020-09-27,2020092704003291,RLI,26,35,10,635.00,"6,350.00"
2020-09-27,2020092704003290,RLI,26,54,10,635.00,"6,350.00"
2020-09-27,2020092704003289,RLI,57,36,10,635.00,"6,350.00"
2020-09-27,2020092704003288,RLI,32,39,10,635.00,"6,350.00"
2020-09-27,2020092704003287,RLI,32,39,10,635.00,"6,350.00"
2020-09-27,2020092704003298,RLI,1,16,10,635.00,"6,350.00"
2020-09-27,2020092704003297,RLI,47,36,10,635.00,"6,350.00"
2020-09-27,2020092704003296,RLI,33,36,10,635.00,"6,350.00"
2020-09-27,2020092704003295,RLI,33,38,10,635.00,"6,350.00"
2020-09-27,2020092704003294,RLI,33,36,10,635.00,"6,350.00"
2020-09-27,2020092704003293,RLI,33,16,10,635.00,"6,350.00"
2020-09-27,2020092704003304,RLI,1,49,10,635.00,"6,350.00"
2020-09-27,2020092704003303,RLI,58,45,10,636.00,"6,360.00"
2020-09-27,2020092704003302,RLI,58,45,10,636.00,"6,360.00"
2020-09-27,2020092704003301,RLI,58,45,10,636.00,"6,360.00"
2020-09-27,2020092704003300,RLI,58,50,20,636.00,"12,720.00"
2020-09-27,2020092704003299,RLI,1,58,10,635.00,"6,350.00"
2020-09-27,2020092704003310,RLI,39,53,10,635.00,"6,350.00"
2020-09-27,2020092704003309,RLI,39,45,10,635.00,"6,350.00"
2020-09-27,2020092704003308,RLI,39,53,10,635.00,"6,350.00"
2020-09-27,2020092704003307,RLI,39,36,10,635.00,"6,350.00"
2020-09-27,2020092704003306,RLI,39,38,10,635.00,"6,350.00"
2020-09-27,2020092704003305,RLI,39,16,10,635.00,"6,350.00"
2020-09-27,2020092704003316,RLI,39,41,10,635.00,"6,350.00"
2020-09-27,2020092704003315,RLI,54,57,50,636.00,"31,800.00"
2020-09-27,2020092704003314,RLI,39,38,10,635.00,"6,350.00"
2020-09-27,2020092704003313,RLI,39,22,10,635.00,"6,350.00"
2020-09-27,2020092704003312,RLI,39,40,10,635.00,"6,350.00"
2020-09-27,2020092704003311,RLI,39,16,10,635.00,"6,350.00"
2020-09-27,2020092704003322,RLI,39,41,10,635.00,"6,350.00"
2020-09-27,2020092704003321,RLI,39,57,10,635.00,"6,350.00"
2020-09-27,2020092704003320,RLI,39,34,10,635.00,"6,350.00"
2020-09-27,2020092704003319,RLI,39,16,10,635.00,"6,350.00"
2020-09-27,2020092704003318,RLI,39,1,10,635.00,"6,350.00"
2020-09-27,2020092704003317,RLI,39,55,10,635.00,"6,350.00"
2020-09-27,2020092704003330,RLI,58,59,80,635.00,"50,800.00"
2020-09-27,2020092704003329,RLI,58,36,10,635.00,"6,350.00"
2020-09-27,2020092704003328,RLI,58,45,10,635.00,"6,350.00"
2020-09-27,2020092704003325,RLI,39,47,10,635.00,"6,350.00"
2020-09-27,2020092704003324,RLI,39,16,10,635.00,"6,350.00"
2020-09-27,2020092704003323,RLI,39,16,10,635.00,"6,350.00"
2020-09-27,2020092704003336,RLI,5,59,100,635.00,"63,500.00"
2020-09-27,2020092704003335,RLI,57,59,20,635.00,"12,700.00"
2020-09-27,2020092704003334,RLI,38,59,200,635.00,"127,000.00"
2020-09-27,2020092704003333,RLI,41,59,10,635.00,"6,350.00"
2020-09-27,2020092704003332,RLI,3,59,100,635.00,"63,500.00"
2020-09-27,2020092704003331,RLI,19,59,50,635.00,"31,750.00"
2020-09-27,2020092704003342,RLI,52,59,20,635.00,"12,700.00"
2020-09-27,2020092704003341,RLI,59,59,100,635.00,"63,500.00"
2020-09-27,2020092704003340,RLI,11,59,50,635.00,"31,750.00"
2020-09-27,2020092704003339,RLI,44,59,100,635.00,"63,500.00"
2020-09-27,2020092704003338,RLI,42,59,100,635.00,"63,500.00"
2020-09-27,2020092704003337,RLI,1,59,10,635.00,"6,350.00"
2020-09-27,2020092704003348,RLI,35,59,30,635.00,"19,050.00"
2020-09-27,2020092704003347,RLI,25,59,200,635.00,"127,000.00"
2020-09-27,2020092704003346,RLI,17,59,40,635.00,"25,400.00"
2020-09-27,2020092704003345,RLI,21,59,10,635.00,"6,350.00"
2020-09-27,2020092704003344,RLI,36,59,500,635.00,"317,500.00"
2020-09-27,2020092704003343,RLI,47,59,50,635.00,"31,750.00"
2020-09-27,2020092704003354,RLI,11,59,50,635.00,"31,750.00"
2020-09-27,2020092704003353,RLI,57,59,10,635.00,"6,350.00"
2020-09-27,2020092704003352,RLI,16,59,200,635.00,"127,000.00"
2020-09-27,2020092704003351,RLI,32,59,50,635.00,"31,750.00"
2020-09-27,2020092704003350,RLI,5,59,10,635.00,"6,350.00"
2020-09-27,2020092704003349,RLI,42,59,70,635.00,"44,450.00"
2020-09-27,2020092704003361,RLI,57,57,50,636.00,"31,800.00"
2020-09-27,2020092704003359,RLI,35,59,160,634.00,"101,440.00"
2020-09-27,2020092704003358,RLI,6,59,100,634.00,"63,400.00"
2020-09-27,2020092704003357,RLI,11,59,20,635.00,"12,700.00"
2020-09-27,2020092704003356,RLI,36,59,10,635.00,"6,350.00"
2020-09-27,2020092704003355,RLI,17,59,500,635.00,"317,500.00"
2020-09-27,2020092704003369,RLI,35,41,10,634.00,"6,340.00"
2020-09-27,2020092704003368,RLI,35,40,10,634.00,"6,340.00"
2020-09-27,2020092704003365,RLI,35,34,10,634.00,"6,340.00"
2020-09-27,2020092704003364,RLI,35,47,10,634.00,"6,340.00"
2020-09-27,2020092704003363,RLI,35,38,10,634.00,"6,340.00"
2020-09-27,2020092704003362,RLI,35,1,10,634.00,"6,340.00"
2020-09-27,2020092704003375,RLI,42,52,10,635.00,"6,350.00"
2020-09-27,2020092704003374,RLI,42,47,10,635.00,"6,350.00"
2020-09-27,2020092704003373,RLI,35,40,10,634.00,"6,340.00"
2020-09-27,2020092704003372,RLI,35,47,10,634.00,"6,340.00"
2020-09-27,2020092704003371,RLI,35,47,10,634.00,"6,340.00"
2020-09-27,2020092704003370,RLI,35,1,10,634.00,"6,340.00"
2020-09-27,2020092704003381,RLI,35,22,10,634.00,"6,340.00"
2020-09-27,2020092704003380,RLI,35,10,10,634.00,"6,340.00"
2020-09-27,2020092704003379,RLI,42,13,10,635.00,"6,350.00"
2020-09-27,2020092704003378,RLI,42,35,10,635.00,"6,350.00"
2020-09-27,2020092704003377,RLI,42,42,10,635.00,"6,350.00"
2020-09-27,2020092704003376,RLI,42,16,10,635.00,"6,350.00"
2020-09-27,2020092704003387,RLI,59,16,10,635.00,"6,350.00"
2020-09-27,2020092704003386,RLI,59,13,10,635.00,"6,350.00"
2020-09-27,2020092704003385,RLI,59,16,10,635.00,"6,350.00"
2020-09-27,2020092704003384,RLI,59,16,10,635.00,"6,350.00"
2020-09-27,2020092704003383,RLI,35,38,10,634.00,"6,340.00"
2020-09-27,2020092704003382,RLI,35,1,10,634.00,"6,340.00"
2020-09-27,2020092704003393,RLI,6,16,10,635.00,"6,350.00"
2020-09-27,2020092704003392,RLI,6,52,10,635.00,"6,350.00"
2020-09-27,2020092704003391,RLI,6,39,10,635.00,"6,350.00"
2020-09-27,2020092704003390,RLI,6,13,10,635.00,"6,350.00"
2020-09-27,2020092704003389,RLI,35,47,10,634.00,"6,340.00"
2020-09-27,2020092704003388,RLI,35,40,10,634.00,"6,340.00"
2020-09-27,2020092704003401,RLI,8,45,10,636.00,"6,360.00"
2020-09-27,2020092704003400,RLI,8,57,60,636.00,"38,160.00"
2020-09-27,2020092704003397,RLI,6,1,10,635.00,"6,350.00"
2020-09-27,2020092704003396,RLI,6,40,10,635.00,"6,350.00"
2020-09-27,2020092704003395,RLI,6,47,10,635.00,"6,350.00"
2020-09-27,2020092704003394,RLI,6,58,10,635.00,"6,350.00"
2020-09-27,2020092704003407,RLI,8,58,10,636.00,"6,360.00"
2020-09-27,2020092704003406,RLI,8,13,10,636.00,"6,360.00"
2020-09-27,2020092704003405,RLI,8,28,10,636.00,"6,360.00"
2020-09-27,2020092704003404,RLI,8,5,160,636.00,"101,760.00"
2020-09-27,2020092704003403,RLI,8,42,10,636.00,"6,360.00"
2020-09-27,2020092704003402,RLI,8,45,10,636.00,"6,360.00"
2020-09-27,2020092704003415,RLI,6,35,10,635.00,"6,350.00"
2020-09-27,2020092704003412,RLI,8,39,680,636.00,"432,480.00"
2020-09-27,2020092704003411,RLI,8,13,10,636.00,"6,360.00"
2020-09-27,2020092704003410,RLI,8,36,10,636.00,"6,360.00"
2020-09-27,2020092704003409,RLI,8,45,10,636.00,"6,360.00"
2020-09-27,2020092704003408,RLI,8,13,10,636.00,"6,360.00"
2020-09-27,2020092704003421,RLI,6,46,10,635.00,"6,350.00"
2020-09-27,2020092704003420,RLI,6,58,10,635.00,"6,350.00"
2020-09-27,2020092704003419,RLI,6,16,10,635.00,"6,350.00"
2020-09-27,2020092704003418,RLI,6,49,10,635.00,"6,350.00"
2020-09-27,2020092704003417,RLI,6,38,10,635.00,"6,350.00"
2020-09-27,2020092704003416,RLI,6,47,10,635.00,"6,350.00"
2020-09-27,2020092704003427,RLI,6,47,10,635.00,"6,350.00"
2020-09-27,2020092704003426,RLI,6,39,10,635.00,"6,350.00"
2020-09-27,2020092704003425,RLI,19,39,10,636.00,"6,360.00"
2020-09-27,2020092704003424,RLI,6,49,10,635.00,"6,350.00"
2020-09-27,2020092704003423,RLI,6,35,10,635.00,"6,350.00"
2020-09-27,2020092704003422,RLI,45,39,100,636.00,"63,600.00"
2020-09-27,2020092704003434,RLI,35,34,10,634.00,"6,340.00"
2020-09-27,2020092704003433,RLI,35,47,10,634.00,"6,340.00"
2020-09-27,2020092704003432,RLI,26,57,50,635.00,"31,750.00"
2020-09-27,2020092704003431,RLI,52,57,150,635.00,"95,250.00"
2020-09-27,2020092704003430,RLI,52,1,10,635.00,"6,350.00"
2020-09-27,2020092704003428,RLI,6,45,10,635.00,"6,350.00"
2020-09-27,2020092704003440,RLI,53,22,10,635.00,"6,350.00"
2020-09-27,2020092704003439,RLI,53,35,10,635.00,"6,350.00"
2020-09-27,2020092704003438,RLI,35,49,10,634.00,"6,340.00"
2020-09-27,2020092704003437,RLI,56,57,75,635.00,"47,625.00"
2020-09-27,2020092704003436,RLI,35,8,10,634.00,"6,340.00"
2020-09-27,2020092704003435,RLI,35,8,10,634.00,"6,340.00"
2020-09-27,2020092704003446,RLI,45,53,10,635.00,"6,350.00"
2020-09-27,2020092704003445,RLI,45,11,10,635.00,"6,350.00"
2020-09-27,2020092704003444,RLI,45,45,10,635.00,"6,350.00"
2020-09-27,2020092704003443,RLI,57,41,10,635.00,"6,350.00"
2020-09-27,2020092704003442,RLI,57,41,10,635.00,"6,350.00"
2020-09-27,2020092704003441,RLI,57,10,10,635.00,"6,350.00"
2020-09-27,2020092704003454,RLI,33,41,10,635.00,"6,350.00"
2020-09-27,2020092704003453,RLI,33,3,10,635.00,"6,350.00"
2020-09-27,2020092704003450,RLI,45,42,10,635.00,"6,350.00"
2020-09-27,2020092704003449,RLI,45,47,10,635.00,"6,350.00"
2020-09-27,2020092704003448,RLI,45,36,10,635.00,"6,350.00"
2020-09-27,2020092704003447,RLI,45,10,10,635.00,"6,350.00"
2020-09-27,2020092704003460,RLI,28,41,10,636.00,"6,360.00"
2020-09-27,2020092704003459,RLI,28,13,10,636.00,"6,360.00"
2020-09-27,2020092704003458,RLI,28,39,210,636.00,"133,560.00"
2020-09-27,2020092704003457,RLI,33,45,10,635.00,"6,350.00"
2020-09-27,2020092704003456,RLI,33,42,10,635.00,"6,350.00"
2020-09-27,2020092704003455,RLI,33,22,10,635.00,"6,350.00"
2020-09-27,2020092704003466,RLI,28,5,50,636.00,"31,800.00"
2020-09-27,2020092704003465,RLI,28,41,10,636.00,"6,360.00"
2020-09-27,2020092704003464,RLI,28,22,10,636.00,"6,360.00"
2020-09-27,2020092704003463,RLI,28,39,10,636.00,"6,360.00"
2020-09-27,2020092704003462,RLI,28,38,10,636.00,"6,360.00"
2020-09-27,2020092704003461,RLI,28,13,10,636.00,"6,360.00"
2020-09-27,2020092704003473,RLI,19,39,10,637.00,"6,370.00"
2020-09-27,2020092704003472,RLI,28,41,10,636.00,"6,360.00"
2020-09-27,2020092704003471,RLI,28,8,10,636.00,"6,360.00"
2020-09-27,2020092704003470,RLI,28,7,10,636.00,"6,360.00"
2020-09-27,2020092704003469,RLI,19,39,10,637.00,"6,370.00"
2020-09-27,2020092704003468,RLI,28,38,10,636.00,"6,360.00"
2020-09-27,2020092704003479,RLI,28,34,10,636.00,"6,360.00"
2020-09-27,2020092704003478,RLI,19,39,10,637.00,"6,370.00"
2020-09-27,2020092704003477,RLI,28,8,10,636.00,"6,360.00"
2020-09-27,2020092704003476,RLI,19,39,10,637.00,"6,370.00"
2020-09-27,2020092704003475,RLI,28,52,500,636.00,"318,000.00"
2020-09-27,2020092704003474,RLI,28,41,10,636.00,"6,360.00"
2020-09-27,2020092704003485,RLI,28,36,10,636.00,"6,360.00"
2020-09-27,2020092704003484,RLI,28,10,10,636.00,"6,360.00"
2020-09-27,2020092704003483,RLI,28,39,10,636.00,"6,360.00"
2020-09-27,2020092704003482,RLI,28,38,10,636.00,"6,360.00"
2020-09-27,2020092704003481,RLI,28,43,10,636.00,"6,360.00"
2020-09-27,2020092704003480,RLI,28,38,10,636.00,"6,360.00"
2020-09-27,2020092704003493,RLI,6,40,10,635.00,"6,350.00"
2020-09-27,2020092704003492,RLI,6,43,10,635.00,"6,350.00"
2020-09-27,2020092704003491,RLI,6,39,10,635.00,"6,350.00"
2020-09-27,2020092704003490,RLI,6,38,10,635.00,"6,350.00"
2020-09-27,2020092704003488,RLI,28,39,10,636.00,"6,360.00"
2020-09-27,2020092704003487,RLI,28,38,10,636.00,"6,360.00"
2020-09-27,2020092704003499,RLI,6,1,10,635.00,"6,350.00"
2020-09-27,2020092704003498,RLI,6,34,10,635.00,"6,350.00"
2020-09-27,2020092704003497,RLI,13,34,90,636.00,"57,240.00"
2020-09-27,2020092704003496,RLI,13,46,10,636.00,"6,360.00"
2020-09-27,2020092704003495,RLI,6,57,10,635.00,"6,350.00"
2020-09-27,2020092704003494,RLI,6,40,10,635.00,"6,350.00"
2020-09-27,2020092704003505,RLI,57,34,50,635.00,"31,750.00"
2020-09-27,2020092704003504,RLI,48,34,10,635.00,"6,350.00"
2020-09-27,2020092704003503,RLI,6,34,90,635.00,"57,150.00"
2020-09-27,2020092704003502,RLI,6,1,10,635.00,"6,350.00"
2020-09-27,2020092704003501,RLI,6,39,10,635.00,"6,350.00"
2020-09-27,2020092704003500,RLI,6,39,10,635.00,"6,350.00"
2020-09-27,2020092704003511,RLI,1,34,50,635.00,"31,750.00"
2020-09-27,2020092704003510,RLI,36,34,20,635.00,"12,700.00"
2020-09-27,2020092704003509,RLI,54,34,100,635.00,"63,500.00"
2020-09-27,2020092704003508,RLI,36,34,30,635.00,"19,050.00"
2020-09-27,2020092704003507,RLI,34,34,50,635.00,"31,750.00"
2020-09-27,2020092704003506,RLI,48,34,10,635.00,"6,350.00"
2020-09-27,2020092704003518,RLI,34,42,10,636.00,"6,360.00"
2020-09-27,2020092704003517,RLI,34,38,10,636.00,"6,360.00"
2020-09-27,2020092704003516,RLI,58,39,10,635.00,"6,350.00"
2020-09-27,2020092704003515,RLI,58,38,10,635.00,"6,350.00"
2020-09-27,2020092704003514,RLI,58,45,10,635.00,"6,350.00"
2020-09-27,2020092704003512,RLI,58,22,10,635.00,"6,350.00"
2020-09-27,2020092704003524,RLI,18,39,10,637.00,"6,370.00"
2020-09-27,2020092704003523,RLI,34,34,10,636.00,"6,360.00"
2020-09-27,2020092704003522,RLI,34,45,10,636.00,"6,360.00"
2020-09-27,2020092704003521,RLI,34,45,10,636.00,"6,360.00"
2020-09-27,2020092704003520,RLI,34,39,10,636.00,"6,360.00"
2020-09-27,2020092704003519,RLI,34,38,10,636.00,"6,360.00"
2020-09-27,2020092704003530,RLI,34,45,10,636.00,"6,360.00"
2020-09-27,2020092704003529,RLI,34,45,10,636.00,"6,360.00"
2020-09-27,2020092704003528,RLI,34,40,10,636.00,"6,360.00"
2020-09-27,2020092704003527,RLI,42,39,50,637.00,"31,850.00"
2020-09-27,2020092704003526,RLI,34,1,10,636.00,"6,360.00"
2020-09-27,2020092704003525,RLI,34,45,10,636.00,"6,360.00"
2020-09-27,2020092704003538,RLI,57,45,10,636.00,"6,360.00"
2020-09-27,2020092704003537,RLI,45,39,20,637.00,"12,740.00"
2020-09-27,2020092704003535,RLI,34,57,10,636.00,"6,360.00"
2020-09-27,2020092704003533,RLI,34,39,10,636.00,"6,360.00"
2020-09-27,2020092704003532,RLI,34,38,10,636.00,"6,360.00"
2020-09-27,2020092704003531,RLI,34,1,10,636.00,"6,360.00"
2020-09-27,2020092704003366,SAEF,38,17,100,10.71,"1,071.00"
2020-09-27,2020092704003360,SAEF,38,17,100,10.55,"1,055.00"
2020-09-27,2020092704003255,SAEF,7,42,"1,000",10.50,"10,500.00"
2020-09-27,2020092704003236,SAEF,7,45,"1,000",10.50,"10,500.00"
2020-09-27,2020092704003286,SAND2085,58,49,90,"1,012.00","91,080.00"
2020-09-27,2020092704003451,SEF,6,58,"1,300",9.00,"11,700.00"
2020-09-27,2020092704003071,SEF,47,35,"20,000",9.00,"180,000.00"
2020-09-27,2020092704002878,CMF1,7,54,500,11.20,"5,600.00"
2020-09-27,2020092704002766,CMF1,6,4,"30,000",11.03,"330,900.00"
2020-09-27,2020092704002765,CMF1,17,4,"5,000",11.03,"55,150.00"
2020-09-27,2020092704002764,CMF1,6,4,"18,800",11.03,"207,364.00"
2020-09-27,2020092704002752,CMF1,48,4,"10,000",11.04,"110,400.00"
2020-09-27,2020092704002751,CMF1,43,4,500,11.04,"5,520.00"
2020-09-27,2020092704002834,GBILD80/81,13,59,25,"1,029.00","25,725.00"
2020-09-27,2020092704002921,GIMES1,7,26,"1,600",9.22,"14,752.00"
2020-09-27,2020092704002552,GIMES1,7,58,"1,700",9.10,"15,470.00"
2020-09-27,2020092704002548,GIMES1,7,58,"3,300",9.10,"30,030.00"
2020-09-27,2020092704002547,GIMES1,7,13,700,9.06,"6,342.00"
2020-09-27,2020092704003037,LEMF,7,7,100,8.70,870.00
2020-09-27,2020092704003036,LEMF,7,58,"10,000",8.68,"86,800.00"
2020-09-27,2020092704003035,LEMF,7,6,"3,300",8.67,"28,611.00"
2020-09-27,2020092704003034,LEMF,7,14,"2,000",8.66,"17,320.00"
2020-09-27,2020092704002813,LUK,58,26,"1,000",9.00,"9,000.00"
2020-09-27,2020092704002656,LUK,57,49,500,8.89,"4,445.00"
2020-09-27,2020092704002926,NBF2,7,29,550,8.84,"4,862.00"
2020-09-27,2020092704002823,NEF,42,16,"2,414",8.81,"21,267.30"
2020-09-27,2020092704002741,NEF,42,35,"2,414",8.81,"21,267.30"
2020-09-27,2020092704002560,NEF,42,35,"2,414",8.81,"21,267.30"
2020-09-27,2020092704002748,NIBLPF,32,35,"2,020",8.62,"17,412.40"
2020-09-27,2020092704002565,NIBLPF,47,35,"2,525",8.60,"21,715.00"
2020-09-27,2020092704002711,NIBPO,6,4,477,364.00,"173,628.00"
2020-09-27,2020092704002681,NIBPO,17,4,500,362.00,"181,000.00"
2020-09-27,2020092704002668,NIBPO,17,4,500,362.00,"181,000.00"
2020-09-27,2020092704002659,NIBPO,6,45,303,361.00,"109,383.00"
2020-09-27,2020092704002658,NIBPO,6,45,200,361.00,"72,200.00"
2020-09-27,2020092704002583,NIBPO,6,29,100,360.00,"36,000.00"
2020-09-27,2020092704003026,NICBF,7,20,"1,000",9.00,"9,000.00"
2020-09-27,2020092704003025,NICBF,7,6,300,9.00,"2,700.00"
2020-09-27,2020092704003024,NICBF,7,58,200,8.95,"1,790.00"
2020-09-27,2020092704003009,NICGF,7,22,"1,000",9.58,"9,580.00"
2020-09-27,2020092704003008,NICGF,7,22,"1,000",9.58,"9,580.00"
2020-09-27,2020092704003007,NICGF,7,22,"1,000",9.58,"9,580.00"
2020-09-27,2020092704003006,NICGF,7,22,"10,000",9.58,"95,800.00"
2020-09-27,2020092704003005,NICGF,7,1,500,9.58,"4,790.00"
2020-09-27,2020092704002999,NICGF,7,10,500,9.43,"4,715.00"
2020-09-27,2020092704002994,NICGF,7,20,"4,000",9.40,"37,600.00"
2020-09-27,2020092704002849,NICGF,17,7,"9,700",9.38,"90,986.00"
2020-09-27,2020092704002690,NICGF,16,54,500,9.33,"4,665.00"
2020-09-27,2020092704002753,NMBHF1,39,35,"4,161",9.95,"41,401.90"
2020-09-27,2020092704002570,NMBHF1,39,35,"3,570",9.94,"35,485.80"
2020-09-27,2020092704002569,NMBHF1,33,35,591,9.94,"5,874.54"
2020-09-27,2020092704002555,NMBHF1,39,58,"4,161",10.00,"41,610.00"
2020-09-27,2020092704002554,NMBHF1,39,16,"1,577",10.00,"15,770.00"
2020-09-27,2020092704002553,NMBHF1,39,44,"1,664",10.00,"16,640.00"
2020-09-27,2020092704002940,RBCLPO,33,49,10,"10,325.00","103,250.00"
2020-09-27,2020092704002929,RBCLPO,45,51,10,"10,290.00","102,900.00"
2020-09-27,2020092704002738,RBCLPO,7,19,10,"10,290.00","102,900.00"
2020-09-27,2020092704003044,RLI,48,40,10,636.00,"6,360.00"
2020-09-27,2020092704003041,RLI,48,32,10,636.00,"6,360.00"
2020-09-27,2020092704003040,RLI,48,32,10,636.00,"6,360.00"
2020-09-27,2020092704003039,RLI,33,53,10,635.00,"6,350.00"
2020-09-27,2020092704003038,RLI,33,19,10,635.00,"6,350.00"
2020-09-27,2020092704003033,RLI,45,43,10,636.00,"6,360.00"
2020-09-27,2020092704002550,RLI,33,17,10,637.00,"6,370.00"
2020-09-27,2020092704002549,RLI,33,57,10,637.00,"6,370.00"
2020-09-27,2020092704002546,RLI,33,32,10,637.00,"6,370.00"
2020-09-27,2020092704002545,RLI,33,59,10,637.00,"6,370.00"
2020-09-27,2020092704002561,RLI,33,14,10,637.00,"6,370.00"
2020-09-27,2020092704002559,RLI,41,40,10,637.00,"6,370.00"
2020-09-27,2020092704002558,RLI,41,49,10,637.00,"6,370.00"
2020-09-27,2020092704002557,RLI,41,32,10,637.00,"6,370.00"
2020-09-27,2020092704002556,RLI,41,28,10,637.00,"6,370.00"
2020-09-27,2020092704002551,RLI,33,32,10,637.00,"6,370.00"
2020-09-27,2020092704002568,RLI,18,38,10,637.00,"6,370.00"
2020-09-27,2020092704002567,RLI,18,57,10,637.00,"6,370.00"
2020-09-27,2020092704002566,RLI,33,49,10,637.00,"6,370.00"
2020-09-27,2020092704002564,RLI,33,32,10,637.00,"6,370.00"
2020-09-27,2020092704002563,RLI,33,35,10,637.00,"6,370.00"
2020-09-27,2020092704002562,RLI,33,26,10,637.00,"6,370.00"
2020-09-27,2020092704002576,RLI,42,41,10,637.00,"6,370.00"
2020-09-27,2020092704002575,RLI,14,38,10,637.00,"6,370.00"
2020-09-27,2020092704002574,RLI,14,38,10,637.00,"6,370.00"
2020-09-27,2020092704002573,RLI,14,57,10,637.00,"6,370.00"
2020-09-27,2020092704002572,RLI,14,38,10,637.00,"6,370.00"
2020-09-27,2020092704002571,RLI,14,32,10,637.00,"6,370.00"
2020-09-27,2020092704002582,RLI,42,32,10,637.00,"6,370.00"
2020-09-27,2020092704002581,RLI,42,57,10,637.00,"6,370.00"
2020-09-27,2020092704002580,RLI,42,29,10,637.00,"6,370.00"
2020-09-27,2020092704002579,RLI,21,5,10,638.00,"6,380.00"
2020-09-27,2020092704002578,RLI,21,58,10,638.00,"6,380.00"
2020-09-27,2020092704002577,RLI,42,38,10,637.00,"6,370.00"
2020-09-27,2020092704002589,RLI,53,38,10,638.00,"6,380.00"
2020-09-27,2020092704002588,RLI,53,56,10,638.00,"6,380.00"
2020-09-27,2020092704002587,RLI,42,35,10,637.00,"6,370.00"
2020-09-27,2020092704002586,RLI,42,38,10,637.00,"6,370.00"
2020-09-27,2020092704002585,RLI,42,38,10,637.00,"6,370.00"
2020-09-27,2020092704002584,RLI,42,38,10,637.00,"6,370.00"
2020-09-27,2020092704002595,RLI,42,32,10,637.00,"6,370.00"
2020-09-27,2020092704002594,RLI,42,38,10,637.00,"6,370.00"
2020-09-27,2020092704002593,RLI,53,21,10,638.00,"6,380.00"
2020-09-27,2020092704002592,RLI,53,13,10,638.00,"6,380.00"
2020-09-27,2020092704002591,RLI,53,17,10,638.00,"6,380.00"
2020-09-27,2020092704002590,RLI,53,38,10,638.00,"6,380.00"
2020-09-27,2020092704002601,RLI,33,38,10,637.00,"6,370.00"
2020-09-27,2020092704002600,RLI,33,14,10,637.00,"6,370.00"
2020-09-27,2020092704002599,RLI,42,34,10,637.00,"6,370.00"
2020-09-27,2020092704002598,RLI,42,38,10,637.00,"6,370.00"
2020-09-27,2020092704002597,RLI,42,1,10,637.00,"6,370.00"
2020-09-27,2020092704002596,RLI,42,42,10,637.00,"6,370.00"
2020-09-27,2020092704002607,RLI,33,58,10,637.00,"6,370.00"
2020-09-27,2020092704002606,RLI,33,49,10,637.00,"6,370.00"
2020-09-27,2020092704002605,RLI,33,32,10,637.00,"6,370.00"
2020-09-27,2020092704002604,RLI,33,53,10,637.00,"6,370.00"
2020-09-27,2020092704002603,RLI,33,57,10,637.00,"6,370.00"
2020-09-27,2020092704002602,RLI,33,35,10,637.00,"6,370.00"
2020-09-27,2020092704002613,RLI,20,32,10,637.00,"6,370.00"
2020-09-27,2020092704002612,RLI,20,41,10,637.00,"6,370.00"
2020-09-27,2020092704002611,RLI,20,38,10,637.00,"6,370.00"
2020-09-27,2020092704002610,RLI,20,53,10,637.00,"6,370.00"
2020-09-27,2020092704002609,RLI,33,17,10,637.00,"6,370.00"
2020-09-27,2020092704002608,RLI,33,38,10,637.00,"6,370.00"
2020-09-27,2020092704002619,RLI,20,42,10,637.00,"6,370.00"
2020-09-27,2020092704002618,RLI,20,41,10,637.00,"6,370.00"
2020-09-27,2020092704002617,RLI,20,53,10,637.00,"6,370.00"
2020-09-27,2020092704002616,RLI,20,38,10,637.00,"6,370.00"
2020-09-27,2020092704002615,RLI,20,38,10,637.00,"6,370.00"
2020-09-27,2020092704002614,RLI,20,58,10,637.00,"6,370.00"
2020-09-27,2020092704002625,RLI,29,57,10,637.00,"6,370.00"
2020-09-27,2020092704002624,RLI,29,38,10,637.00,"6,370.00"
2020-09-27,2020092704002623,RLI,29,53,10,637.00,"6,370.00"
2020-09-27,2020092704002622,RLI,29,38,10,637.00,"6,370.00"
2020-09-27,2020092704002621,RLI,29,38,10,637.00,"6,370.00"
2020-09-27,2020092704002620,RLI,29,38,10,637.00,"6,370.00"
2020-09-27,2020092704002631,RLI,29,41,10,637.00,"6,370.00"
2020-09-27,2020092704002630,RLI,29,19,10,637.00,"6,370.00"
2020-09-27,2020092704002629,RLI,29,38,10,637.00,"6,370.00"
2020-09-27,2020092704002628,RLI,29,53,10,637.00,"6,370.00"
2020-09-27,2020092704002627,RLI,29,38,10,637.00,"6,370.00"
2020-09-27,2020092704002626,RLI,29,42,10,637.00,"6,370.00"
2020-09-27,2020092704002637,RLI,29,49,10,637.00,"6,370.00"
2020-09-27,2020092704002636,RLI,29,38,10,637.00,"6,370.00"
2020-09-27,2020092704002635,RLI,29,58,10,637.00,"6,370.00"
2020-09-27,2020092704002634,RLI,29,58,10,637.00,"6,370.00"
2020-09-27,2020092704002633,RLI,29,38,10,637.00,"6,370.00"
2020-09-27,2020092704002632,RLI,29,57,10,637.00,"6,370.00"
2020-09-27,2020092704002643,RLI,29,38,10,637.00,"6,370.00"
2020-09-27,2020092704002642,RLI,29,38,10,637.00,"6,370.00"
2020-09-27,2020092704002641,RLI,29,38,10,637.00,"6,370.00"
2020-09-27,2020092704002640,RLI,29,41,10,637.00,"6,370.00"
2020-09-27,2020092704002639,RLI,29,38,10,637.00,"6,370.00"
2020-09-27,2020092704002638,RLI,29,57,10,637.00,"6,370.00"
2020-09-27,2020092704002649,RLI,29,38,10,637.00,"6,370.00"
2020-09-27,2020092704002648,RLI,29,17,10,637.00,"6,370.00"
2020-09-27,2020092704002647,RLI,29,38,10,637.00,"6,370.00"
2020-09-27,2020092704002646,RLI,29,38,10,637.00,"6,370.00"
2020-09-27,2020092704002645,RLI,29,16,10,637.00,"6,370.00"
2020-09-27,2020092704002644,RLI,29,57,10,637.00,"6,370.00"
2020-09-27,2020092704002655,RLI,29,38,10,637.00,"6,370.00"
2020-09-27,2020092704002654,RLI,29,40,10,637.00,"6,370.00"
2020-09-27,2020092704002653,RLI,29,38,10,637.00,"6,370.00"
2020-09-27,2020092704002652,RLI,29,34,10,637.00,"6,370.00"
2020-09-27,2020092704002651,RLI,29,29,10,637.00,"6,370.00"
2020-09-27,2020092704002650,RLI,29,34,10,637.00,"6,370.00"
2020-09-27,2020092704002664,RLI,29,34,10,637.00,"6,370.00"
2020-09-27,2020092704002663,RLI,29,38,10,637.00,"6,370.00"
2020-09-27,2020092704002662,RLI,29,38,10,637.00,"6,370.00"
2020-09-27,2020092704002661,RLI,29,34,10,637.00,"6,370.00"
2020-09-27,2020092704002660,RLI,29,38,10,637.00,"6,370.00"
2020-09-27,2020092704002657,RLI,29,38,10,637.00,"6,370.00"
2020-09-27,2020092704002671,RLI,29,34,10,637.00,"6,370.00"
2020-09-27,2020092704002670,RLI,29,28,10,637.00,"6,370.00"
2020-09-27,2020092704002669,RLI,29,38,10,637.00,"6,370.00"
2020-09-27,2020092704002667,RLI,29,14,10,637.00,"6,370.00"
2020-09-27,2020092704002666,RLI,29,38,10,637.00,"6,370.00"
2020-09-27,2020092704002665,RLI,29,52,10,637.00,"6,370.00"
2020-09-27,2020092704002677,RLI,34,34,10,637.00,"6,370.00"
2020-09-27,2020092704002676,RLI,34,34,10,637.00,"6,370.00"
2020-09-27,2020092704002675,RLI,34,17,10,637.00,"6,370.00"
2020-09-27,2020092704002674,RLI,34,42,10,637.00,"6,370.00"
2020-09-27,2020092704002673,RLI,29,38,10,637.00,"6,370.00"
2020-09-27,2020092704002672,RLI,29,38,10,637.00,"6,370.00"
2020-09-27,2020092704002684,RLI,34,26,10,637.00,"6,370.00"
2020-09-27,2020092704002683,RLI,34,34,10,637.00,"6,370.00"
2020-09-27,2020092704002682,RLI,34,58,10,637.00,"6,370.00"
2020-09-27,2020092704002680,RLI,34,38,10,637.00,"6,370.00"
2020-09-27,2020092704002679,RLI,34,1,10,637.00,"6,370.00"
2020-09-27,2020092704002678,RLI,34,38,10,637.00,"6,370.00"
2020-09-27,2020092704002691,RLI,1,33,10,636.00,"6,360.00"
2020-09-27,2020092704002689,RLI,53,38,10,637.00,"6,370.00"
2020-09-27,2020092704002688,RLI,53,38,10,637.00,"6,370.00"
2020-09-27,2020092704002687,RLI,1,38,10,636.00,"6,360.00"
2020-09-27,2020092704002686,RLI,50,38,10,636.00,"6,360.00"
2020-09-27,2020092704002685,RLI,49,17,10,636.00,"6,360.00"
2020-09-27,2020092704002697,RLI,1,51,10,636.00,"6,360.00"
2020-09-27,2020092704002696,RLI,1,50,10,636.00,"6,360.00"
2020-09-27,2020092704002695,RLI,1,29,10,636.00,"6,360.00"
2020-09-27,2020092704002694,RLI,1,17,10,636.00,"6,360.00"
2020-09-27,2020092704002693,RLI,1,38,10,636.00,"6,360.00"
2020-09-27,2020092704002692,RLI,1,38,10,636.00,"6,360.00"
2020-09-27,2020092704002703,RLI,39,38,10,636.00,"6,360.00"
2020-09-27,2020092704002702,RLI,39,38,10,636.00,"6,360.00"
2020-09-27,2020092704002701,RLI,39,38,10,636.00,"6,360.00"
2020-09-27,2020092704002700,RLI,39,35,10,636.00,"6,360.00"
2020-09-27,2020092704002699,RLI,1,22,10,636.00,"6,360.00"
2020-09-27,2020092704002698,RLI,1,43,10,636.00,"6,360.00"
2020-09-27,2020092704002709,RLI,39,38,10,636.00,"6,360.00"
2020-09-27,2020092704002708,RLI,39,38,10,636.00,"6,360.00"
2020-09-27,2020092704002707,RLI,39,17,10,636.00,"6,360.00"
2020-09-27,2020092704002706,RLI,39,51,10,636.00,"6,360.00"
2020-09-27,2020092704002705,RLI,39,33,10,636.00,"6,360.00"
2020-09-27,2020092704002704,RLI,39,35,10,636.00,"6,360.00"
2020-09-27,2020092704002716,RLI,58,38,10,637.00,"6,370.00"
2020-09-27,2020092704002715,RLI,58,34,10,637.00,"6,370.00"
2020-09-27,2020092704002714,RLI,58,34,10,637.00,"6,370.00"
2020-09-27,2020092704002713,RLI,58,38,10,637.00,"6,370.00"
2020-09-27,2020092704002712,RLI,58,34,10,637.00,"6,370.00"
2020-09-27,2020092704002710,RLI,37,17,10,636.00,"6,360.00"
2020-09-27,2020092704002722,RLI,58,38,10,637.00,"6,370.00"
2020-09-27,2020092704002721,RLI,58,41,10,637.00,"6,370.00"
2020-09-27,2020092704002720,RLI,58,38,10,637.00,"6,370.00"
2020-09-27,2020092704002719,RLI,58,34,10,637.00,"6,370.00"
2020-09-27,2020092704002718,RLI,58,38,10,637.00,"6,370.00"
2020-09-27,2020092704002717,RLI,58,34,10,637.00,"6,370.00"
2020-09-27,2020092704002728,RLI,58,54,10,637.00,"6,370.00"
2020-09-27,2020092704002727,RLI,58,38,10,637.00,"6,370.00"
2020-09-27,2020092704002726,RLI,58,38,10,637.00,"6,370.00"
2020-09-27,2020092704002725,RLI,58,28,10,637.00,"6,370.00"
2020-09-27,2020092704002724,RLI,58,38,10,637.00,"6,370.00"
2020-09-27,2020092704002723,RLI,58,38,10,637.00,"6,370.00"
2020-09-27,2020092704002735,RLI,35,52,10,637.00,"6,370.00"
2020-09-27,2020092704002733,RLI,37,6,10,636.00,"6,360.00"
2020-09-27,2020092704002732,RLI,1,59,10,637.00,"6,370.00"
2020-09-27,2020092704002731,RLI,58,51,10,637.00,"6,370.00"
2020-09-27,2020092704002730,RLI,58,33,10,637.00,"6,370.00"
2020-09-27,2020092704002729,RLI,58,25,10,637.00,"6,370.00"
2020-09-27,2020092704002743,RLI,35,35,10,637.00,"6,370.00"
2020-09-27,2020092704002742,RLI,35,33,10,637.00,"6,370.00"
2020-09-27,2020092704002740,RLI,35,51,10,637.00,"6,370.00"
2020-09-27,2020092704002739,RLI,35,59,10,637.00,"6,370.00"
2020-09-27,2020092704002737,RLI,35,33,10,637.00,"6,370.00"
2020-09-27,2020092704002736,RLI,35,6,10,637.00,"6,370.00"
2020-09-27,2020092704002750,RLI,35,51,10,637.00,"6,370.00"
2020-09-27,2020092704002749,RLI,35,58,10,637.00,"6,370.00"
2020-09-27,2020092704002747,RLI,17,38,10,638.00,"6,380.00"
2020-09-27,2020092704002746,RLI,5,21,10,638.00,"6,380.00"
2020-09-27,2020092704002745,RLI,5,38,10,638.00,"6,380.00"
2020-09-27,2020092704002744,RLI,35,11,10,637.00,"6,370.00"
2020-09-27,2020092704002759,RLI,53,56,10,638.00,"6,380.00"
2020-09-27,2020092704002758,RLI,53,58,10,638.00,"6,380.00"
2020-09-27,2020092704002757,RLI,53,38,10,638.00,"6,380.00"
2020-09-27,2020092704002756,RLI,53,38,10,638.00,"6,380.00"
2020-09-27,2020092704002755,RLI,53,49,10,637.00,"6,370.00"
2020-09-27,2020092704002754,RLI,53,58,10,637.00,"6,370.00"
2020-09-27,2020092704002768,RLI,53,45,10,638.00,"6,380.00"
2020-09-27,2020092704002767,RLI,53,11,10,638.00,"6,380.00"
2020-09-27,2020092704002763,RLI,53,38,10,638.00,"6,380.00"
2020-09-27,2020092704002762,RLI,53,48,10,638.00,"6,380.00"
2020-09-27,2020092704002761,RLI,53,38,10,638.00,"6,380.00"
2020-09-27,2020092704002760,RLI,53,39,110,638.00,"70,180.00"
2020-09-27,2020092704002774,RLI,53,52,10,638.00,"6,380.00"
2020-09-27,2020092704002773,RLI,53,58,10,638.00,"6,380.00"
2020-09-27,2020092704002772,RLI,53,7,10,638.00,"6,380.00"
2020-09-27,2020092704002771,RLI,53,52,10,638.00,"6,380.00"
2020-09-27,2020092704002770,RLI,53,7,10,638.00,"6,380.00"
2020-09-27,2020092704002769,RLI,53,38,10,638.00,"6,380.00"
2020-09-27,2020092704002780,RLI,53,43,10,638.00,"6,380.00"
2020-09-27,2020092704002779,RLI,53,3,10,638.00,"6,380.00"
2020-09-27,2020092704002778,RLI,53,49,10,638.00,"6,380.00"
2020-09-27,2020092704002777,RLI,53,38,10,638.00,"6,380.00"
2020-09-27,2020092704002776,RLI,53,3,10,638.00,"6,380.00"
2020-09-27,2020092704002775,RLI,53,39,10,638.00,"6,380.00"
2020-09-27,2020092704002786,RLI,53,43,10,638.00,"6,380.00"
2020-09-27,2020092704002785,RLI,53,52,10,638.00,"6,380.00"
2020-09-27,2020092704002784,RLI,53,35,10,638.00,"6,380.00"
2020-09-27,2020092704002783,RLI,53,38,10,638.00,"6,380.00"
2020-09-27,2020092704002782,RLI,53,52,10,638.00,"6,380.00"
2020-09-27,2020092704002781,RLI,53,52,10,638.00,"6,380.00"
2020-09-27,2020092704002792,RLI,53,38,10,638.00,"6,380.00"
2020-09-27,2020092704002791,RLI,53,45,10,638.00,"6,380.00"
2020-09-27,2020092704002790,RLI,53,52,10,638.00,"6,380.00"
2020-09-27,2020092704002789,RLI,53,45,10,638.00,"6,380.00"
2020-09-27,2020092704002788,RLI,53,38,10,638.00,"6,380.00"
2020-09-27,2020092704002787,RLI,53,52,10,638.00,"6,380.00"
2020-09-27,2020092704002798,RLI,36,38,10,638.00,"6,380.00"
2020-09-27,2020092704002797,RLI,42,34,10,638.00,"6,380.00"
2020-09-27,2020092704002796,RLI,53,52,10,638.00,"6,380.00"
2020-09-27,2020092704002795,RLI,53,39,10,638.00,"6,380.00"
2020-09-27,2020092704002794,RLI,53,51,10,638.00,"6,380.00"
2020-09-27,2020092704002793,RLI,53,34,10,638.00,"6,380.00"
2020-09-27,2020092704002804,RLI,36,40,10,638.00,"6,380.00"
2020-09-27,2020092704002803,RLI,36,34,10,638.00,"6,380.00"
2020-09-27,2020092704002802,RLI,36,18,10,638.00,"6,380.00"
2020-09-27,2020092704002801,RLI,36,40,10,638.00,"6,380.00"
2020-09-27,2020092704002800,RLI,36,34,10,638.00,"6,380.00"
2020-09-27,2020092704002799,RLI,36,42,10,638.00,"6,380.00"
2020-09-27,2020092704002810,RLI,36,4,10,638.00,"6,380.00"
2020-09-27,2020092704002809,RLI,36,7,10,638.00,"6,380.00"
2020-09-27,2020092704002808,RLI,36,34,10,638.00,"6,380.00"
2020-09-27,2020092704002807,RLI,36,34,10,638.00,"6,380.00"
2020-09-27,2020092704002806,RLI,36,43,10,638.00,"6,380.00"
2020-09-27,2020092704002805,RLI,36,51,10,638.00,"6,380.00"
2020-09-27,2020092704002817,RLI,36,34,10,638.00,"6,380.00"
2020-09-27,2020092704002816,RLI,36,34,10,638.00,"6,380.00"
2020-09-27,2020092704002815,RLI,36,26,10,638.00,"6,380.00"
2020-09-27,2020092704002814,RLI,36,7,10,638.00,"6,380.00"
2020-09-27,2020092704002812,RLI,36,54,10,638.00,"6,380.00"
2020-09-27,2020092704002811,RLI,36,45,10,638.00,"6,380.00"
2020-09-27,2020092704002825,RLI,36,29,10,638.00,"6,380.00"
2020-09-27,2020092704002824,RLI,36,11,10,638.00,"6,380.00"
2020-09-27,2020092704002821,RLI,36,40,10,638.00,"6,380.00"
2020-09-27,2020092704002820,RLI,36,7,10,638.00,"6,380.00"
2020-09-27,2020092704002819,RLI,36,13,10,638.00,"6,380.00"
2020-09-27,2020092704002818,RLI,36,16,10,638.00,"6,380.00"
2020-09-27,2020092704002831,RLI,33,34,330,637.00,"210,210.00"
2020-09-27,2020092704002830,RLI,35,34,50,637.00,"31,850.00"
2020-09-27,2020092704002829,RLI,36,34,120,638.00,"76,560.00"
2020-09-27,2020092704002828,RLI,36,16,10,638.00,"6,380.00"
2020-09-27,2020092704002827,RLI,36,38,10,638.00,"6,380.00"
2020-09-27,2020092704002826,RLI,36,34,10,638.00,"6,380.00"
2020-09-27,2020092704002842,RLI,33,58,10,637.00,"6,370.00"
2020-09-27,2020092704002837,RLI,33,34,10,637.00,"6,370.00"
2020-09-27,2020092704002836,RLI,33,21,10,637.00,"6,370.00"
2020-09-27,2020092704002835,RLI,33,34,10,637.00,"6,370.00"
2020-09-27,2020092704002833,RLI,33,14,10,637.00,"6,370.00"
2020-09-27,2020092704002832,RLI,33,14,10,637.00,"6,370.00"
2020-09-27,2020092704002848,RLI,36,34,10,637.00,"6,370.00"
2020-09-27,2020092704002847,RLI,36,59,10,637.00,"6,370.00"
2020-09-27,2020092704002846,RLI,36,19,10,637.00,"6,370.00"
2020-09-27,2020092704002845,RLI,36,22,10,637.00,"6,370.00"
2020-09-27,2020092704002844,RLI,36,14,10,637.00,"6,370.00"
2020-09-27,2020092704002843,RLI,33,34,10,637.00,"6,370.00"
2020-09-27,2020092704002855,RLI,36,34,10,637.00,"6,370.00"
2020-09-27,2020092704002854,RLI,36,34,10,637.00,"6,370.00"
2020-09-27,2020092704002853,RLI,36,6,10,637.00,"6,370.00"
2020-09-27,2020092704002852,RLI,36,7,10,637.00,"6,370.00"
2020-09-27,2020092704002851,RLI,36,34,10,637.00,"6,370.00"
2020-09-27,2020092704002850,RLI,36,34,10,637.00,"6,370.00"
2020-09-27,2020092704002861,RLI,19,38,10,638.00,"6,380.00"
2020-09-27,2020092704002860,RLI,19,38,10,638.00,"6,380.00"
2020-09-27,2020092704002859,RLI,19,51,10,638.00,"6,380.00"
2020-09-27,2020092704002858,RLI,19,38,10,638.00,"6,380.00"
2020-09-27,2020092704002857,RLI,19,16,10,638.00,"6,380.00"
2020-09-27,2020092704002856,RLI,36,56,10,637.00,"6,370.00"
2020-09-27,2020092704002867,RLI,36,41,10,637.00,"6,370.00"
2020-09-27,2020092704002866,RLI,19,38,10,638.00,"6,380.00"
2020-09-27,2020092704002865,RLI,19,20,10,638.00,"6,380.00"
2020-09-27,2020092704002864,RLI,19,34,10,638.00,"6,380.00"
2020-09-27,2020092704002863,RLI,19,38,10,638.00,"6,380.00"
2020-09-27,2020092704002862,RLI,19,58,10,638.00,"6,380.00"
2020-09-27,2020092704002873,RLI,36,49,10,637.00,"6,370.00"
2020-09-27,2020092704002872,RLI,36,39,10,637.00,"6,370.00"
2020-09-27,2020092704002871,RLI,36,40,10,637.00,"6,370.00"
2020-09-27,2020092704002870,RLI,36,34,10,637.00,"6,370.00"
2020-09-27,2020092704002869,RLI,36,1,10,637.00,"6,370.00"
2020-09-27,2020092704002868,RLI,36,25,10,637.00,"6,370.00"
2020-09-27,2020092704002880,RLI,58,34,10,637.00,"6,370.00"
2020-09-27,2020092704002879,RLI,58,58,10,637.00,"6,370.00"
2020-09-27,2020092704002877,RLI,58,11,10,637.00,"6,370.00"
2020-09-27,2020092704002876,RLI,36,38,10,637.00,"6,370.00"
2020-09-27,2020092704002875,RLI,36,54,10,637.00,"6,370.00"
2020-09-27,2020092704002874,RLI,36,40,10,637.00,"6,370.00"
2020-09-27,2020092704002886,RLI,58,38,10,637.00,"6,370.00"
2020-09-27,2020092704002885,RLI,58,34,10,637.00,"6,370.00"
2020-09-27,2020092704002884,RLI,58,38,10,637.00,"6,370.00"
2020-09-27,2020092704002883,RLI,58,38,10,637.00,"6,370.00"
2020-09-27,2020092704002882,RLI,58,53,10,637.00,"6,370.00"
2020-09-27,2020092704002881,RLI,58,42,10,637.00,"6,370.00"
2020-09-27,2020092704002892,RLI,42,40,10,637.00,"6,370.00"
2020-09-27,2020092704002891,RLI,42,42,10,637.00,"6,370.00"
2020-09-27,2020092704002890,RLI,42,57,10,637.00,"6,370.00"
2020-09-27,2020092704002889,RLI,42,38,10,637.00,"6,370.00"
2020-09-27,2020092704002888,RLI,42,34,10,637.00,"6,370.00"
2020-09-27,2020092704002887,RLI,58,53,10,637.00,"6,370.00"
2020-09-27,2020092704002903,RLI,37,41,10,636.00,"6,360.00"
2020-09-27,2020092704002897,RLI,37,22,10,636.00,"6,360.00"
2020-09-27,2020092704002896,RLI,21,40,10,637.00,"6,370.00"
2020-09-27,2020092704002895,RLI,21,45,10,637.00,"6,370.00"
2020-09-27,2020092704002894,RLI,21,11,10,637.00,"6,370.00"
2020-09-27,2020092704002893,RLI,21,34,10,637.00,"6,370.00"
2020-09-27,2020092704002910,RLI,37,38,10,636.00,"6,360.00"
2020-09-27,2020092704002909,RLI,37,34,10,636.00,"6,360.00"
2020-09-27,2020092704002908,RLI,37,45,10,636.00,"6,360.00"
2020-09-27,2020092704002907,RLI,37,42,10,636.00,"6,360.00"
2020-09-27,2020092704002906,RLI,37,45,10,636.00,"6,360.00"
2020-09-27,2020092704002905,RLI,37,34,10,636.00,"6,360.00"
2020-09-27,2020092704002916,RLI,37,45,10,636.00,"6,360.00"
2020-09-27,2020092704002915,RLI,37,38,10,636.00,"6,360.00"
2020-09-27,2020092704002914,RLI,37,32,10,636.00,"6,360.00"
2020-09-27,2020092704002913,RLI,37,38,10,636.00,"6,360.00"
2020-09-27,2020092704002912,RLI,37,22,10,636.00,"6,360.00"
2020-09-27,2020092704002911,RLI,37,38,10,636.00,"6,360.00"
2020-09-27,2020092704002923,RLI,37,32,10,636.00,"6,360.00"
2020-09-27,2020092704002922,RLI,37,49,10,636.00,"6,360.00"
2020-09-27,2020092704002920,RLI,37,45,10,636.00,"6,360.00"
2020-09-27,2020092704002919,RLI,37,32,10,636.00,"6,360.00"
2020-09-27,2020092704002918,RLI,37,38,10,636.00,"6,360.00"
2020-09-27,2020092704002917,RLI,37,32,10,636.00,"6,360.00"
2020-09-27,2020092704002931,RLI,37,7,10,636.00,"6,360.00"
2020-09-27,2020092704002930,RLI,37,38,10,636.00,"6,360.00"
2020-09-27,2020092704002928,RLI,37,45,10,636.00,"6,360.00"
2020-09-27,2020092704002927,RLI,37,32,10,636.00,"6,360.00"
2020-09-27,2020092704002925,RLI,37,1,10,636.00,"6,360.00"
2020-09-27,2020092704002924,RLI,37,38,10,636.00,"6,360.00"
2020-09-27,2020092704002937,RLI,14,32,10,636.00,"6,360.00"
2020-09-27,2020092704002936,RLI,14,33,10,636.00,"6,360.00"
2020-09-27,2020092704002935,RLI,14,32,10,636.00,"6,360.00"
2020-09-27,2020092704002934,RLI,14,1,10,636.00,"6,360.00"
2020-09-27,2020092704002933,RLI,37,32,10,636.00,"6,360.00"
2020-09-27,2020092704002932,RLI,37,11,10,636.00,"6,360.00"
2020-09-27,2020092704002944,RLI,16,32,10,636.00,"6,360.00"
2020-09-27,2020092704002943,RLI,16,38,10,636.00,"6,360.00"
2020-09-27,2020092704002942,RLI,16,39,10,636.00,"6,360.00"
2020-09-27,2020092704002941,RLI,16,32,10,636.00,"6,360.00"
2020-09-27,2020092704002939,RLI,16,38,10,636.00,"6,360.00"
2020-09-27,2020092704002938,RLI,14,38,10,636.00,"6,360.00"
2020-09-27,2020092704002950,RLI,48,42,10,636.00,"6,360.00"
2020-09-27,2020092704002949,RLI,16,35,10,636.00,"6,360.00"
2020-09-27,2020092704002948,RLI,16,32,10,636.00,"6,360.00"
2020-09-27,2020092704002947,RLI,16,42,10,636.00,"6,360.00"
2020-09-27,2020092704002946,RLI,16,53,10,636.00,"6,360.00"
2020-09-27,2020092704002945,RLI,16,38,10,636.00,"6,360.00"
2020-09-27,2020092704002956,RLI,48,10,10,636.00,"6,360.00"
2020-09-27,2020092704002955,RLI,48,38,10,636.00,"6,360.00"
2020-09-27,2020092704002954,RLI,48,42,10,636.00,"6,360.00"
2020-09-27,2020092704002953,RLI,48,32,10,636.00,"6,360.00"
2020-09-27,2020092704002952,RLI,48,16,10,636.00,"6,360.00"
2020-09-27,2020092704002951,RLI,48,17,10,636.00,"6,360.00"
2020-09-27,2020092704002962,RLI,48,59,10,636.00,"6,360.00"
2020-09-27,2020092704002961,RLI,48,32,10,636.00,"6,360.00"
2020-09-27,2020092704002960,RLI,48,47,10,636.00,"6,360.00"
2020-09-27,2020092704002959,RLI,48,59,10,636.00,"6,360.00"
2020-09-27,2020092704002958,RLI,48,42,10,636.00,"6,360.00"
2020-09-27,2020092704002957,RLI,48,32,10,636.00,"6,360.00"
2020-09-27,2020092704002968,RLI,48,38,10,636.00,"6,360.00"
2020-09-27,2020092704002967,RLI,48,59,10,636.00,"6,360.00"
2020-09-27,2020092704002966,RLI,48,42,10,636.00,"6,360.00"
2020-09-27,2020092704002965,RLI,48,42,10,636.00,"6,360.00"
2020-09-27,2020092704002964,RLI,48,38,10,636.00,"6,360.00"
2020-09-27,2020092704002963,RLI,48,42,10,636.00,"6,360.00"
2020-09-27,2020092704002974,RLI,35,42,10,636.00,"6,360.00"
2020-09-27,2020092704002973,RLI,35,38,10,636.00,"6,360.00"
2020-09-27,2020092704002972,RLI,48,38,10,636.00,"6,360.00"
2020-09-27,2020092704002971,RLI,50,42,10,636.00,"6,360.00"
2020-09-27,2020092704002970,RLI,50,10,10,636.00,"6,360.00"
2020-09-27,2020092704002969,RLI,48,32,10,636.00,"6,360.00"
2020-09-27,2020092704002980,RLI,35,39,10,636.00,"6,360.00"
2020-09-27,2020092704002979,RLI,35,42,10,636.00,"6,360.00"
2020-09-27,2020092704002978,RLI,35,45,10,636.00,"6,360.00"
2020-09-27,2020092704002977,RLI,35,32,10,636.00,"6,360.00"
2020-09-27,2020092704002976,RLI,35,57,10,636.00,"6,360.00"
2020-09-27,2020092704002975,RLI,35,59,10,636.00,"6,360.00"
2020-09-27,2020092704002986,RLI,17,42,10,636.00,"6,360.00"
2020-09-27,2020092704002985,RLI,17,32,10,636.00,"6,360.00"
2020-09-27,2020092704002984,RLI,17,40,10,636.00,"6,360.00"
2020-09-27,2020092704002983,RLI,17,59,10,636.00,"6,360.00"
2020-09-27,2020092704002982,RLI,35,42,10,636.00,"6,360.00"
2020-09-27,2020092704002981,RLI,35,35,10,636.00,"6,360.00"
2020-09-27,2020092704002992,RLI,17,59,10,636.00,"6,360.00"
2020-09-27,2020092704002991,RLI,17,58,10,636.00,"6,360.00"
2020-09-27,2020092704002990,RLI,17,38,10,636.00,"6,360.00"
2020-09-27,2020092704002989,RLI,17,32,10,636.00,"6,360.00"
2020-09-27,2020092704002988,RLI,17,59,10,636.00,"6,360.00"
2020-09-27,2020092704002987,RLI,17,40,10,636.00,"6,360.00"
2020-09-27,2020092704003000,RLI,32,40,10,636.00,"6,360.00"
2020-09-27,2020092704002998,RLI,19,59,10,636.00,"6,360.00"
2020-09-27,2020092704002997,RLI,19,10,10,636.00,"6,360.00"
2020-09-27,2020092704002996,RLI,19,40,10,636.00,"6,360.00"
2020-09-27,2020092704002995,RLI,19,32,10,636.00,"6,360.00"
2020-09-27,2020092704002993,RLI,19,40,10,636.00,"6,360.00"
2020-09-27,2020092704003011,RLI,47,32,10,636.00,"6,360.00"
2020-09-27,2020092704003010,RLI,47,42,10,636.00,"6,360.00"
2020-09-27,2020092704003004,RLI,32,40,10,636.00,"6,360.00"
2020-09-27,2020092704003003,RLI,32,49,10,636.00,"6,360.00"
2020-09-27,2020092704003002,RLI,32,38,10,636.00,"6,360.00"
2020-09-27,2020092704003001,RLI,32,32,10,636.00,"6,360.00"
2020-09-27,2020092704003017,RLI,8,10,10,636.00,"6,360.00"
2020-09-27,2020092704003016,RLI,8,49,10,636.00,"6,360.00"
2020-09-27,2020092704003015,RLI,8,42,10,636.00,"6,360.00"
2020-09-27,2020092704003014,RLI,47,40,10,636.00,"6,360.00"
2020-09-27,2020092704003013,RLI,47,29,10,636.00,"6,360.00"
2020-09-27,2020092704003012,RLI,47,59,10,636.00,"6,360.00"
2020-09-27,2020092704003023,RLI,57,1,10,636.00,"6,360.00"
2020-09-27,2020092704003022,RLI,57,40,10,636.00,"6,360.00"
2020-09-27,2020092704003021,RLI,57,32,10,636.00,"6,360.00"
2020-09-27,2020092704003020,RLI,57,52,10,636.00,"6,360.00"
2020-09-27,2020092704003019,RLI,8,59,10,636.00,"6,360.00"
2020-09-27,2020092704003018,RLI,8,19,10,636.00,"6,360.00"
2020-09-27,2020092704003032,RLI,57,52,10,636.00,"6,360.00"
2020-09-27,2020092704003031,RLI,57,1,10,636.00,"6,360.00"
2020-09-27,2020092704003030,RLI,57,45,10,636.00,"6,360.00"
2020-09-27,2020092704003029,RLI,57,58,10,636.00,"6,360.00"
2020-09-27,2020092704003028,RLI,57,38,10,636.00,"6,360.00"
2020-09-27,2020092704003027,RLI,57,45,10,636.00,"6,360.00"
2020-09-27,2020092704002904,SAEF,7,26,"2,000",10.55,"21,100.00"
2020-09-27,2020092704002902,SAEF,7,41,"20,000",10.50,"210,000.00"
2020-09-27,2020092704002901,SAEF,7,52,"9,100",10.49,"95,459.00"
2020-09-27,2020092704002900,SAEF,7,29,300,10.45,"3,135.00"
2020-09-27,2020092704002899,SAEF,7,22,"1,100",10.45,"11,495.00"
2020-09-27,2020092704002898,SAEF,7,22,"1,400",10.45,"14,630.00"
2020-09-27,2020092704002841,SAEF,7,57,"21,500",10.40,"223,600.00"
2020-09-27,2020092704002840,SAEF,7,49,"1,000",10.40,"10,400.00"
2020-09-27,2020092704002839,SAEF,7,11,"1,000",10.40,"10,400.00"
2020-09-27,2020092704002838,SAEF,7,58,"1,000",10.40,"10,400.00"
2020-09-27,2020092704003043,SEF,56,35,"5,000",9.00,"45,000.00"
2020-09-27,2020092704003042,SEF,6,35,"5,000",9.00,"45,000.00"
2020-09-27,2020092704002734,SEF,32,54,"1,000",8.98,"8,980.00"
2020-09-27,2020092704002822,SFMF,58,6,100,9.40,940.00
2020-09-27,2020092704002524,BBC,45,26,20,"1,635.00","32,700.00"
2020-09-27,2020092704002523,BBC,45,26,10,"1,635.00","16,350.00"
2020-09-27,2020092704002542,CMF1,6,55,"1,200",11.03,"13,236.00"
2020-09-27,2020092704002541,CMF1,43,55,500,11.03,"5,515.00"
2020-09-27,2020092704002414,CMF1,25,4,"5,000",11.02,"55,100.00"
2020-09-27,2020092704002413,CMF1,43,4,"5,000",11.02,"55,100.00"
2020-09-27,2020092704002394,CMF1,48,4,"10,000",11.03,"110,300.00"
2020-09-27,2020092704002376,CMF1,16,4,"2,500",11.04,"27,600.00"
2020-09-27,2020092704002051,CMF1,16,41,500,11.07,"5,535.00"
2020-09-27,2020092704002135,CMF1,50,4,"10,000",11.05,"110,500.00"
2020-09-27,2020092704002134,CMF1,48,4,"10,000",11.05,"110,500.00"
2020-09-27,2020092704002133,CMF1,25,4,"5,000",11.05,"55,250.00"
2020-09-27,2020092704002130,CMF1,25,4,"20,000",11.06,"221,200.00"
2020-09-27,2020092704002127,CMF1,43,4,"5,000",11.07,"55,350.00"
2020-09-27,2020092704002126,CMF1,16,4,"4,500",11.07,"49,815.00"
2020-09-27,2020092704002375,CMF1,43,4,"1,000",11.04,"11,040.00"
2020-09-27,2020092704002374,CMF1,43,4,"5,000",11.04,"55,200.00"
2020-09-27,2020092704002338,CMF1,43,4,"1,500",11.04,"16,560.00"
2020-09-27,2020092704002337,CMF1,11,4,"1,000",11.04,"11,040.00"
2020-09-27,2020092704002336,CMF1,51,4,"1,000",11.05,"11,050.00"
2020-09-27,2020092704002136,CMF1,14,4,"2,000",11.05,"22,100.00"
2020-09-27,2020092704002483,GIMES1,34,35,"2,898",9.04,"26,197.90"
2020-09-27,2020092704002482,GIMES1,56,35,"5,000",9.05,"45,250.00"
2020-09-27,2020092704002087,GIMES1,34,7,500,9.04,"4,520.00"
2020-09-27,2020092704002059,GIMES1,34,49,"3,000",9.04,"27,120.00"
2020-09-27,2020092704002471,LEMF,32,13,"1,000",8.56,"8,560.00"
2020-09-27,2020092704002316,LUK,7,26,200,9.00,"1,800.00"
2020-09-27,2020092704002315,LUK,7,35,100,9.00,900.00
2020-09-27,2020092704002189,LUK,7,41,100,8.90,890.00
2020-09-27,2020092704002321,NBF2,17,57,"1,000",8.84,"8,840.00"
2020-09-27,2020092704002107,NBF2,49,42,500,8.76,"4,380.00"
2020-09-27,2020092704002507,NEF,42,17,966,8.81,"8,510.46"
2020-09-27,2020092704002473,NEF,42,35,"2,414",8.81,"21,267.30"
2020-09-27,2020092704002380,NEF,42,35,"2,414",8.80,"21,243.20"
2020-09-27,2020092704002379,NEF,42,35,"1,127",8.80,"9,917.60"
2020-09-27,2020092704002516,NIBLPF,47,35,"5,050",8.59,"43,379.50"
2020-09-27,2020092704002479,NIBLPF,10,35,180,8.58,"1,544.40"
2020-09-27,2020092704002478,NIBLPF,46,35,"2,000",8.59,"17,180.00"
2020-09-27,2020092704002463,NIBLPF,38,35,"1,000",8.60,"8,600.00"
2020-09-27,2020092704002462,NIBLPF,29,35,345,8.60,"2,967.00"
2020-09-27,2020092704002071,NIBLPF,29,35,"2,525",8.60,"21,715.00"
2020-09-27,2020092704002147,NIBPO,19,4,"1,000",359.00,"359,000.00"
2020-09-27,2020092704002155,NICBF,22,42,200,8.84,"1,768.00"
2020-09-27,2020092704002529,NICGF,16,42,100,9.33,933.00
2020-09-27,2020092704002050,NICGF,38,20,"2,000",9.40,"18,800.00"
2020-09-27,2020092704002273,NMB50,16,42,150,9.25,"1,387.50"
2020-09-27,2020092704002513,NMBHF1,33,17,"1,248",9.94,"12,405.10"
2020-09-27,2020092704002073,NMBHF1,33,35,"3,161",9.94,"31,420.30"
2020-09-27,2020092704002072,NMBHF1,6,35,"1,000",9.95,"9,950.00"
2020-09-27,2020092704002434,RBCLPO,7,43,10,"10,290.00","102,900.00"
2020-09-27,2020092704002330,RBCLPO,40,3,10,"10,292.00","102,920.00"
2020-09-27,2020092704002544,RLI,35,59,10,637.00,"6,370.00"
2020-09-27,2020092704002543,RLI,37,19,10,637.00,"6,370.00"
2020-09-27,2020092704002540,RLI,37,57,10,637.00,"6,370.00"
2020-09-27,2020092704002539,RLI,37,32,10,637.00,"6,370.00"
2020-09-27,2020092704002538,RLI,37,57,10,637.00,"6,370.00"
2020-09-27,2020092704002537,RLI,37,49,10,637.00,"6,370.00"
2020-09-27,2020092704002054,RLI,55,52,10,638.00,"6,380.00"
2020-09-27,2020092704002049,RLI,44,8,10,638.00,"6,380.00"
2020-09-27,2020092704002048,RLI,56,36,10,637.00,"6,370.00"
2020-09-27,2020092704002047,RLI,50,42,10,639.00,"6,390.00"
2020-09-27,2020092704002046,RLI,50,17,10,639.00,"6,390.00"
2020-09-27,2020092704002045,RLI,19,38,10,638.00,"6,380.00"
2020-09-27,2020092704002061,RLI,50,38,10,638.00,"6,380.00"
2020-09-27,2020092704002060,RLI,56,49,10,637.00,"6,370.00"
2020-09-27,2020092704002058,RLI,55,45,10,638.00,"6,380.00"
2020-09-27,2020092704002057,RLI,55,22,10,638.00,"6,380.00"
2020-09-27,2020092704002056,RLI,55,38,10,638.00,"6,380.00"
2020-09-27,2020092704002055,RLI,55,14,10,638.00,"6,380.00"
2020-09-27,2020092704002067,RLI,16,50,10,638.00,"6,380.00"
2020-09-27,2020092704002066,RLI,57,22,10,638.00,"6,380.00"
2020-09-27,2020092704002065,RLI,57,45,10,638.00,"6,380.00"
2020-09-27,2020092704002064,RLI,57,43,10,638.00,"6,380.00"
2020-09-27,2020092704002063,RLI,57,38,10,638.00,"6,380.00"
2020-09-27,2020092704002062,RLI,57,42,10,638.00,"6,380.00"
2020-09-27,2020092704002076,RLI,10,57,10,638.00,"6,380.00"
2020-09-27,2020092704002075,RLI,10,45,10,638.00,"6,380.00"
2020-09-27,2020092704002074,RLI,10,52,10,638.00,"6,380.00"
2020-09-27,2020092704002070,RLI,26,49,10,637.00,"6,370.00"
2020-09-27,2020092704002069,RLI,16,42,10,638.00,"6,380.00"
2020-09-27,2020092704002068,RLI,16,45,10,638.00,"6,380.00"
2020-09-27,2020092704002082,RLI,10,13,10,638.00,"6,380.00"
2020-09-27,2020092704002081,RLI,10,14,10,638.00,"6,380.00"
2020-09-27,2020092704002080,RLI,10,46,10,638.00,"6,380.00"
2020-09-27,2020092704002079,RLI,10,45,10,638.00,"6,380.00"
2020-09-27,2020092704002078,RLI,10,43,10,638.00,"6,380.00"
2020-09-27,2020092704002077,RLI,10,1,10,638.00,"6,380.00"
2020-09-27,2020092704002089,RLI,52,46,10,638.00,"6,380.00"
2020-09-27,2020092704002088,RLI,26,29,10,637.00,"6,370.00"
2020-09-27,2020092704002086,RLI,26,6,10,637.00,"6,370.00"
2020-09-27,2020092704002085,RLI,26,46,10,637.00,"6,370.00"
2020-09-27,2020092704002084,RLI,26,45,10,637.00,"6,370.00"
2020-09-27,2020092704002083,RLI,10,52,10,638.00,"6,380.00"
2020-09-27,2020092704002095,RLI,52,35,10,638.00,"6,380.00"
2020-09-27,2020092704002094,RLI,52,52,10,638.00,"6,380.00"
2020-09-27,2020092704002093,RLI,52,46,10,638.00,"6,380.00"
2020-09-27,2020092704002092,RLI,52,17,10,638.00,"6,380.00"
2020-09-27,2020092704002091,RLI,52,16,10,638.00,"6,380.00"
2020-09-27,2020092704002090,RLI,52,34,10,638.00,"6,380.00"
2020-09-27,2020092704002101,RLI,19,49,10,637.00,"6,370.00"
2020-09-27,2020092704002100,RLI,19,53,10,637.00,"6,370.00"
2020-09-27,2020092704002099,RLI,19,43,10,637.00,"6,370.00"
2020-09-27,2020092704002098,RLI,52,46,10,638.00,"6,380.00"
2020-09-27,2020092704002097,RLI,52,41,10,638.00,"6,380.00"
2020-09-27,2020092704002096,RLI,52,42,10,638.00,"6,380.00"
2020-09-27,2020092704002108,RLI,46,43,10,637.00,"6,370.00"
2020-09-27,2020092704002106,RLI,17,59,10,638.00,"6,380.00"
2020-09-27,2020092704002105,RLI,46,42,10,637.00,"6,370.00"
2020-09-27,2020092704002104,RLI,50,17,10,637.00,"6,370.00"
2020-09-27,2020092704002103,RLI,19,49,10,637.00,"6,370.00"
2020-09-27,2020092704002102,RLI,19,58,10,637.00,"6,370.00"
2020-09-27,2020092704002115,RLI,17,4,10,637.00,"6,370.00"
2020-09-27,2020092704002114,RLI,17,28,10,637.00,"6,370.00"
2020-09-27,2020092704002112,RLI,17,28,10,637.00,"6,370.00"
2020-09-27,2020092704002111,RLI,46,4,10,637.00,"6,370.00"
2020-09-27,2020092704002110,RLI,46,4,10,637.00,"6,370.00"
2020-09-27,2020092704002109,RLI,46,49,10,637.00,"6,370.00"
2020-09-27,2020092704002121,RLI,43,46,10,638.00,"6,380.00"
2020-09-27,2020092704002120,RLI,43,46,10,638.00,"6,380.00"
2020-09-27,2020092704002119,RLI,43,46,10,638.00,"6,380.00"
2020-09-27,2020092704002118,RLI,43,46,10,638.00,"6,380.00"
2020-09-27,2020092704002117,RLI,43,46,10,638.00,"6,380.00"
2020-09-27,2020092704002116,RLI,43,49,10,638.00,"6,380.00"
2020-09-27,2020092704002131,RLI,29,21,10,637.00,"6,370.00"
2020-09-27,2020092704002129,RLI,29,50,10,637.00,"6,370.00"
2020-09-27,2020092704002128,RLI,58,10,10,637.00,"6,370.00"
2020-09-27,2020092704002124,RLI,17,26,10,637.00,"6,370.00"
2020-09-27,2020092704002123,RLI,17,4,10,637.00,"6,370.00"
2020-09-27,2020092704002122,RLI,17,50,10,639.00,"6,390.00"
2020-09-27,2020092704002141,RLI,34,11,10,639.00,"6,390.00"
2020-09-27,2020092704002140,RLI,34,11,10,639.00,"6,390.00"
2020-09-27,2020092704002139,RLI,25,49,10,638.00,"6,380.00"
2020-09-27,2020092704002138,RLI,25,38,10,638.00,"6,380.00"
2020-09-27,2020092704002137,RLI,25,59,10,638.00,"6,380.00"
2020-09-27,2020092704002132,RLI,29,21,10,637.00,"6,370.00"
2020-09-27,2020092704002148,RLI,17,47,25,640.00,"16,000.00"
2020-09-27,2020092704002146,RLI,25,4,10,638.00,"6,380.00"
2020-09-27,2020092704002145,RLI,25,4,10,638.00,"6,380.00"
2020-09-27,2020092704002144,RLI,17,4,10,639.00,"6,390.00"
2020-09-27,2020092704002143,RLI,17,59,10,639.00,"6,390.00"
2020-09-27,2020092704002142,RLI,17,11,10,639.00,"6,390.00"
2020-09-27,2020092704002154,RLI,17,47,15,640.00,"9,600.00"
2020-09-27,2020092704002153,RLI,17,8,10,639.00,"6,390.00"
2020-09-27,2020092704002152,RLI,25,38,10,638.00,"6,380.00"
2020-09-27,2020092704002151,RLI,25,4,10,638.00,"6,380.00"
2020-09-27,2020092704002150,RLI,25,49,10,638.00,"6,380.00"
2020-09-27,2020092704002149,RLI,25,4,10,638.00,"6,380.00"
2020-09-27,2020092704002161,RLI,38,38,10,639.00,"6,390.00"
2020-09-27,2020092704002160,RLI,25,38,10,638.00,"6,380.00"
2020-09-27,2020092704002159,RLI,25,4,10,638.00,"6,380.00"
2020-09-27,2020092704002158,RLI,25,4,10,638.00,"6,380.00"
2020-09-27,2020092704002157,RLI,49,8,10,639.00,"6,390.00"
2020-09-27,2020092704002156,RLI,25,34,10,638.00,"6,380.00"
2020-09-27,2020092704002167,RLI,43,54,10,639.00,"6,390.00"
2020-09-27,2020092704002166,RLI,25,38,10,638.00,"6,380.00"
2020-09-27,2020092704002165,RLI,25,4,10,638.00,"6,380.00"
2020-09-27,2020092704002164,RLI,25,38,10,638.00,"6,380.00"
2020-09-27,2020092704002163,RLI,25,5,10,638.00,"6,380.00"
2020-09-27,2020092704002162,RLI,25,4,10,638.00,"6,380.00"
2020-09-27,2020092704002173,RLI,25,4,10,638.00,"6,380.00"
2020-09-27,2020092704002172,RLI,25,7,10,638.00,"6,380.00"
2020-09-27,2020092704002171,RLI,43,36,10,639.00,"6,390.00"
2020-09-27,2020092704002170,RLI,43,59,10,639.00,"6,390.00"
2020-09-27,2020092704002169,RLI,43,8,10,639.00,"6,390.00"
2020-09-27,2020092704002168,RLI,43,47,10,639.00,"6,390.00"
2020-09-27,2020092704002179,RLI,25,36,10,638.00,"6,380.00"
2020-09-27,2020092704002178,RLI,25,38,10,638.00,"6,380.00"
2020-09-27,2020092704002177,RLI,25,36,10,638.00,"6,380.00"
2020-09-27,2020092704002176,RLI,25,38,10,638.00,"6,380.00"
2020-09-27,2020092704002175,RLI,25,36,10,638.00,"6,380.00"
2020-09-27,2020092704002174,RLI,25,4,10,638.00,"6,380.00"
2020-09-27,2020092704002185,RLI,25,42,10,638.00,"6,380.00"
2020-09-27,2020092704002184,RLI,25,38,10,638.00,"6,380.00"
2020-09-27,2020092704002183,RLI,46,47,20,640.00,"12,800.00"
2020-09-27,2020092704002182,RLI,46,41,10,639.00,"6,390.00"
2020-09-27,2020092704002181,RLI,25,36,10,638.00,"6,380.00"
2020-09-27,2020092704002180,RLI,25,6,10,638.00,"6,380.00"
2020-09-27,2020092704002192,RLI,25,38,10,638.00,"6,380.00"
2020-09-27,2020092704002191,RLI,25,4,10,638.00,"6,380.00"
2020-09-27,2020092704002190,RLI,25,36,10,638.00,"6,380.00"
2020-09-27,2020092704002188,RLI,25,4,10,638.00,"6,380.00"
2020-09-27,2020092704002187,RLI,25,6,10,638.00,"6,380.00"
2020-09-27,2020092704002186,RLI,21,38,10,638.00,"6,380.00"
2020-09-27,2020092704002198,RLI,34,47,30,640.00,"19,200.00"
2020-09-27,2020092704002197,RLI,25,36,10,638.00,"6,380.00"
2020-09-27,2020092704002196,RLI,25,4,10,638.00,"6,380.00"
2020-09-27,2020092704002195,RLI,25,17,10,638.00,"6,380.00"
2020-09-27,2020092704002194,RLI,25,38,10,638.00,"6,380.00"
2020-09-27,2020092704002193,RLI,25,4,10,638.00,"6,380.00"
2020-09-27,2020092704002204,RLI,25,17,10,638.00,"6,380.00"
2020-09-27,2020092704002203,RLI,25,34,10,638.00,"6,380.00"
2020-09-27,2020092704002202,RLI,25,49,10,638.00,"6,380.00"
2020-09-27,2020092704002201,RLI,25,37,10,638.00,"6,380.00"
2020-09-27,2020092704002200,RLI,25,36,10,638.00,"6,380.00"
2020-09-27,2020092704002199,RLI,25,36,10,638.00,"6,380.00"
2020-09-27,2020092704002211,RLI,43,47,10,640.00,"6,400.00"
2020-09-27,2020092704002210,RLI,25,47,10,638.00,"6,380.00"
2020-09-27,2020092704002208,RLI,25,34,10,638.00,"6,380.00"
2020-09-27,2020092704002207,RLI,48,47,10,640.00,"6,400.00"
2020-09-27,2020092704002206,RLI,25,34,10,638.00,"6,380.00"
2020-09-27,2020092704002205,RLI,25,34,10,638.00,"6,380.00"
2020-09-27,2020092704002217,RLI,25,37,10,638.00,"6,380.00"
2020-09-27,2020092704002216,RLI,25,47,10,638.00,"6,380.00"
2020-09-27,2020092704002215,RLI,26,49,10,639.00,"6,390.00"
2020-09-27,2020092704002214,RLI,25,26,10,638.00,"6,380.00"
2020-09-27,2020092704002213,RLI,29,47,10,639.00,"6,390.00"
2020-09-27,2020092704002212,RLI,29,33,10,639.00,"6,390.00"
2020-09-27,2020092704002223,RLI,39,38,10,638.00,"6,380.00"
2020-09-27,2020092704002222,RLI,39,36,10,638.00,"6,380.00"
2020-09-27,2020092704002221,RLI,25,58,50,638.00,"31,900.00"
2020-09-27,2020092704002220,RLI,25,47,10,638.00,"6,380.00"
2020-09-27,2020092704002219,RLI,25,36,10,638.00,"6,380.00"
2020-09-27,2020092704002218,RLI,34,34,10,639.00,"6,390.00"
2020-09-27,2020092704002230,RLI,39,7,10,638.00,"6,380.00"
2020-09-27,2020092704002229,RLI,17,47,10,640.00,"6,400.00"
2020-09-27,2020092704002228,RLI,39,38,10,638.00,"6,380.00"
2020-09-27,2020092704002227,RLI,39,58,10,638.00,"6,380.00"
2020-09-27,2020092704002226,RLI,34,47,10,640.00,"6,400.00"
2020-09-27,2020092704002224,RLI,39,47,10,638.00,"6,380.00"
2020-09-27,2020092704002237,RLI,29,58,10,637.00,"6,370.00"
2020-09-27,2020092704002236,RLI,29,47,10,637.00,"6,370.00"
2020-09-27,2020092704002235,RLI,29,13,10,637.00,"6,370.00"
2020-09-27,2020092704002234,RLI,29,38,10,637.00,"6,370.00"
2020-09-27,2020092704002232,RLI,29,33,10,637.00,"6,370.00"
2020-09-27,2020092704002231,RLI,39,47,10,638.00,"6,380.00"
2020-09-27,2020092704002243,RLI,29,17,10,637.00,"6,370.00"
2020-09-27,2020092704002242,RLI,29,45,10,637.00,"6,370.00"
2020-09-27,2020092704002241,RLI,38,38,10,639.00,"6,390.00"
2020-09-27,2020092704002240,RLI,29,17,10,637.00,"6,370.00"
2020-09-27,2020092704002239,RLI,29,47,10,637.00,"6,370.00"
2020-09-27,2020092704002238,RLI,29,28,10,637.00,"6,370.00"
2020-09-27,2020092704002249,RLI,29,59,10,637.00,"6,370.00"
2020-09-27,2020092704002248,RLI,29,48,10,637.00,"6,370.00"
2020-09-27,2020092704002247,RLI,29,59,10,637.00,"6,370.00"
2020-09-27,2020092704002246,RLI,29,33,10,637.00,"6,370.00"
2020-09-27,2020092704002245,RLI,29,34,10,637.00,"6,370.00"
2020-09-27,2020092704002244,RLI,29,45,10,637.00,"6,370.00"
2020-09-27,2020092704002256,RLI,19,34,10,637.00,"6,370.00"
2020-09-27,2020092704002254,RLI,19,13,10,637.00,"6,370.00"
2020-09-27,2020092704002253,RLI,19,55,10,637.00,"6,370.00"
2020-09-27,2020092704002252,RLI,19,34,10,637.00,"6,370.00"
2020-09-27,2020092704002251,RLI,19,7,10,637.00,"6,370.00"
2020-09-27,2020092704002250,RLI,29,40,10,637.00,"6,370.00"
2020-09-27,2020092704002262,RLI,57,50,10,637.00,"6,370.00"
2020-09-27,2020092704002261,RLI,17,47,10,640.00,"6,400.00"
2020-09-27,2020092704002260,RLI,57,38,10,637.00,"6,370.00"
2020-09-27,2020092704002259,RLI,57,40,10,637.00,"6,370.00"
2020-09-27,2020092704002258,RLI,57,13,10,637.00,"6,370.00"
2020-09-27,2020092704002257,RLI,57,33,10,637.00,"6,370.00"
2020-09-27,2020092704002268,RLI,33,34,10,638.00,"6,380.00"
2020-09-27,2020092704002267,RLI,57,41,10,637.00,"6,370.00"
2020-09-27,2020092704002266,RLI,57,40,10,637.00,"6,370.00"
2020-09-27,2020092704002265,RLI,57,48,10,637.00,"6,370.00"
2020-09-27,2020092704002264,RLI,57,38,10,637.00,"6,370.00"
2020-09-27,2020092704002263,RLI,57,8,10,637.00,"6,370.00"
2020-09-27,2020092704002275,RLI,33,34,10,638.00,"6,380.00"
2020-09-27,2020092704002274,RLI,3,47,10,640.00,"6,400.00"
2020-09-27,2020092704002272,RLI,33,34,10,638.00,"6,380.00"
2020-09-27,2020092704002271,RLI,33,8,10,638.00,"6,380.00"
2020-09-27,2020092704002270,RLI,33,28,10,638.00,"6,380.00"
2020-09-27,2020092704002269,RLI,33,59,10,638.00,"6,380.00"
2020-09-27,2020092704002281,RLI,33,13,10,638.00,"6,380.00"
2020-09-27,2020092704002280,RLI,33,22,10,638.00,"6,380.00"
2020-09-27,2020092704002279,RLI,33,34,10,638.00,"6,380.00"
2020-09-27,2020092704002278,RLI,33,8,10,638.00,"6,380.00"
2020-09-27,2020092704002277,RLI,33,48,10,638.00,"6,380.00"
2020-09-27,2020092704002276,RLI,33,22,10,638.00,"6,380.00"
2020-09-27,2020092704002287,RLI,33,22,10,638.00,"6,380.00"
2020-09-27,2020092704002286,RLI,33,34,10,638.00,"6,380.00"
2020-09-27,2020092704002285,RLI,33,33,10,638.00,"6,380.00"
2020-09-27,2020092704002284,RLI,33,52,10,638.00,"6,380.00"
2020-09-27,2020092704002283,RLI,33,13,10,638.00,"6,380.00"
2020-09-27,2020092704002282,RLI,33,6,10,638.00,"6,380.00"
2020-09-27,2020092704002293,RLI,33,1,10,638.00,"6,380.00"
2020-09-27,2020092704002292,RLI,33,22,10,638.00,"6,380.00"
2020-09-27,2020092704002291,RLI,33,58,10,638.00,"6,380.00"
2020-09-27,2020092704002290,RLI,33,36,10,638.00,"6,380.00"
2020-09-27,2020092704002289,RLI,33,1,10,638.00,"6,380.00"
2020-09-27,2020092704002288,RLI,33,48,10,638.00,"6,380.00"
2020-09-27,2020092704002300,RLI,33,52,10,638.00,"6,380.00"
2020-09-27,2020092704002299,RLI,33,33,10,638.00,"6,380.00"
2020-09-27,2020092704002297,RLI,33,59,10,638.00,"6,380.00"
2020-09-27,2020092704002296,RLI,33,47,10,638.00,"6,380.00"
2020-09-27,2020092704002295,RLI,33,1,10,638.00,"6,380.00"
2020-09-27,2020092704002294,RLI,33,8,10,638.00,"6,380.00"
2020-09-27,2020092704002306,RLI,33,21,10,638.00,"6,380.00"
2020-09-27,2020092704002305,RLI,16,57,10,639.00,"6,390.00"
2020-09-27,2020092704002304,RLI,16,16,10,639.00,"6,390.00"
2020-09-27,2020092704002303,RLI,33,59,10,638.00,"6,380.00"
2020-09-27,2020092704002302,RLI,33,36,10,638.00,"6,380.00"
2020-09-27,2020092704002301,RLI,33,58,10,638.00,"6,380.00"
2020-09-27,2020092704002312,RLI,33,52,10,638.00,"6,380.00"
2020-09-27,2020092704002311,RLI,33,6,10,638.00,"6,380.00"
2020-09-27,2020092704002310,RLI,33,28,10,638.00,"6,380.00"
2020-09-27,2020092704002309,RLI,33,13,10,638.00,"6,380.00"
2020-09-27,2020092704002308,RLI,33,33,10,638.00,"6,380.00"
2020-09-27,2020092704002307,RLI,33,6,10,638.00,"6,380.00"
2020-09-27,2020092704002320,RLI,33,48,10,638.00,"6,380.00"
2020-09-27,2020092704002319,RLI,33,45,10,638.00,"6,380.00"
2020-09-27,2020092704002318,RLI,33,49,10,638.00,"6,380.00"
2020-09-27,2020092704002317,RLI,33,38,10,638.00,"6,380.00"
2020-09-27,2020092704002314,RLI,33,35,10,638.00,"6,380.00"
2020-09-27,2020092704002313,RLI,33,48,10,638.00,"6,380.00"
2020-09-27,2020092704002327,RLI,36,52,10,638.00,"6,380.00"
2020-09-27,2020092704002326,RLI,36,7,10,638.00,"6,380.00"
2020-09-27,2020092704002325,RLI,33,38,10,638.00,"6,380.00"
2020-09-27,2020092704002324,RLI,33,58,10,638.00,"6,380.00"
2020-09-27,2020092704002323,RLI,33,48,10,638.00,"6,380.00"
2020-09-27,2020092704002322,RLI,33,8,10,638.00,"6,380.00"
2020-09-27,2020092704002334,RLI,36,28,10,638.00,"6,380.00"
2020-09-27,2020092704002333,RLI,36,52,10,638.00,"6,380.00"
2020-09-27,2020092704002332,RLI,36,38,10,638.00,"6,380.00"
2020-09-27,2020092704002331,RLI,36,48,10,638.00,"6,380.00"
2020-09-27,2020092704002329,RLI,36,59,10,638.00,"6,380.00"
2020-09-27,2020092704002328,RLI,36,58,10,638.00,"6,380.00"
2020-09-27,2020092704002343,RLI,36,38,10,638.00,"6,380.00"
2020-09-27,2020092704002342,RLI,36,42,10,638.00,"6,380.00"
2020-09-27,2020092704002341,RLI,36,42,10,638.00,"6,380.00"
2020-09-27,2020092704002340,RLI,36,57,10,638.00,"6,380.00"
2020-09-27,2020092704002339,RLI,45,39,10,639.00,"6,390.00"
2020-09-27,2020092704002335,RLI,36,38,10,638.00,"6,380.00"
2020-09-27,2020092704002352,RLI,52,38,10,638.00,"6,380.00"
2020-09-27,2020092704002348,RLI,50,36,10,638.00,"6,380.00"
2020-09-27,2020092704002347,RLI,36,39,10,638.00,"6,380.00"
2020-09-27,2020092704002346,RLI,36,57,10,638.00,"6,380.00"
2020-09-27,2020092704002345,RLI,36,40,10,638.00,"6,380.00"
2020-09-27,2020092704002344,RLI,36,28,10,638.00,"6,380.00"
2020-09-27,2020092704002358,RLI,16,44,10,638.00,"6,380.00"
2020-09-27,2020092704002357,RLI,16,42,10,638.00,"6,380.00"
2020-09-27,2020092704002356,RLI,45,39,30,639.00,"19,170.00"
2020-09-27,2020092704002355,RLI,16,57,10,638.00,"6,380.00"
2020-09-27,2020092704002354,RLI,16,52,10,638.00,"6,380.00"
2020-09-27,2020092704002353,RLI,52,54,10,638.00,"6,380.00"
2020-09-27,2020092704002364,RLI,33,44,10,638.00,"6,380.00"
2020-09-27,2020092704002363,RLI,33,38,10,638.00,"6,380.00"
2020-09-27,2020092704002362,RLI,33,50,10,638.00,"6,380.00"
2020-09-27,2020092704002361,RLI,33,21,10,638.00,"6,380.00"
2020-09-27,2020092704002360,RLI,33,58,10,638.00,"6,380.00"
2020-09-27,2020092704002359,RLI,16,55,10,638.00,"6,380.00"
2020-09-27,2020092704002370,RLI,17,54,10,638.00,"6,380.00"
2020-09-27,2020092704002369,RLI,17,38,10,638.00,"6,380.00"
2020-09-27,2020092704002368,RLI,17,50,10,638.00,"6,380.00"
2020-09-27,2020092704002367,RLI,17,16,10,638.00,"6,380.00"
2020-09-27,2020092704002366,RLI,17,42,10,638.00,"6,380.00"
2020-09-27,2020092704002365,RLI,17,22,10,638.00,"6,380.00"
2020-09-27,2020092704002381,RLI,17,39,10,638.00,"6,380.00"
2020-09-27,2020092704002378,RLI,17,58,10,638.00,"6,380.00"
2020-09-27,2020092704002377,RLI,17,58,10,638.00,"6,380.00"
2020-09-27,2020092704002373,RLI,17,38,10,638.00,"6,380.00"
2020-09-27,2020092704002372,RLI,17,18,10,638.00,"6,380.00"
2020-09-27,2020092704002371,RLI,17,22,10,638.00,"6,380.00"
2020-09-27,2020092704002387,RLI,26,39,300,639.00,"191,700.00"
2020-09-27,2020092704002386,RLI,17,39,10,638.00,"6,380.00"
2020-09-27,2020092704002385,RLI,17,48,10,638.00,"6,380.00"
2020-09-27,2020092704002384,RLI,17,38,10,638.00,"6,380.00"
2020-09-27,2020092704002383,RLI,17,29,10,638.00,"6,380.00"
2020-09-27,2020092704002382,RLI,17,58,10,638.00,"6,380.00"
2020-09-27,2020092704002393,RLI,57,39,10,637.00,"6,370.00"
2020-09-27,2020092704002392,RLI,57,38,10,637.00,"6,370.00"
2020-09-27,2020092704002391,RLI,57,58,10,637.00,"6,370.00"
2020-09-27,2020092704002390,RLI,17,38,10,638.00,"6,380.00"
2020-09-27,2020092704002389,RLI,17,39,10,638.00,"6,380.00"
2020-09-27,2020092704002388,RLI,17,48,10,638.00,"6,380.00"
2020-09-27,2020092704002400,RLI,53,32,10,638.00,"6,380.00"
2020-09-27,2020092704002399,RLI,57,18,10,637.00,"6,370.00"
2020-09-27,2020092704002398,RLI,57,48,10,637.00,"6,370.00"
2020-09-27,2020092704002397,RLI,57,45,10,637.00,"6,370.00"
2020-09-27,2020092704002396,RLI,57,58,10,637.00,"6,370.00"
2020-09-27,2020092704002395,RLI,57,58,10,637.00,"6,370.00"
2020-09-27,2020092704002406,RLI,57,26,10,637.00,"6,370.00"
2020-09-27,2020092704002405,RLI,57,56,10,637.00,"6,370.00"
2020-09-27,2020092704002404,RLI,57,48,10,637.00,"6,370.00"
2020-09-27,2020092704002403,RLI,53,38,10,638.00,"6,380.00"
2020-09-27,2020092704002402,RLI,53,58,10,638.00,"6,380.00"
2020-09-27,2020092704002401,RLI,53,36,10,638.00,"6,380.00"
2020-09-27,2020092704002412,RLI,22,39,50,639.00,"31,950.00"
2020-09-27,2020092704002411,RLI,57,29,10,637.00,"6,370.00"
2020-09-27,2020092704002410,RLI,57,18,10,637.00,"6,370.00"
2020-09-27,2020092704002409,RLI,57,48,10,637.00,"6,370.00"
2020-09-27,2020092704002408,RLI,57,48,10,637.00,"6,370.00"
2020-09-27,2020092704002407,RLI,57,45,10,637.00,"6,370.00"
2020-09-27,2020092704002420,RLI,51,42,10,637.00,"6,370.00"
2020-09-27,2020092704002419,RLI,51,48,10,637.00,"6,370.00"
2020-09-27,2020092704002418,RLI,57,48,10,637.00,"6,370.00"
2020-09-27,2020092704002417,RLI,57,57,10,637.00,"6,370.00"
2020-09-27,2020092704002416,RLI,57,48,10,637.00,"6,370.00"
2020-09-27,2020092704002415,RLI,57,1,10,637.00,"6,370.00"
2020-09-27,2020092704002426,RLI,20,6,10,637.00,"6,370.00"
2020-09-27,2020092704002425,RLI,20,1,10,637.00,"6,370.00"
2020-09-27,2020092704002424,RLI,20,11,10,637.00,"6,370.00"
2020-09-27,2020092704002423,RLI,20,42,10,637.00,"6,370.00"
2020-09-27,2020092704002422,RLI,20,40,10,637.00,"6,370.00"
2020-09-27,2020092704002421,RLI,50,58,10,637.00,"6,370.00"
2020-09-27,2020092704002432,RLI,20,48,10,637.00,"6,370.00"
2020-09-27,2020092704002431,RLI,20,16,10,637.00,"6,370.00"
2020-09-27,2020092704002430,RLI,20,48,10,637.00,"6,370.00"
2020-09-27,2020092704002429,RLI,20,57,10,637.00,"6,370.00"
2020-09-27,2020092704002428,RLI,20,29,10,637.00,"6,370.00"
2020-09-27,2020092704002427,RLI,20,40,10,637.00,"6,370.00"
2020-09-27,2020092704002439,RLI,50,20,10,637.00,"6,370.00"
2020-09-27,2020092704002438,RLI,20,18,10,637.00,"6,370.00"
2020-09-27,2020092704002437,RLI,20,48,10,637.00,"6,370.00"
2020-09-27,2020092704002436,RLI,20,48,10,637.00,"6,370.00"
2020-09-27,2020092704002435,RLI,20,20,10,637.00,"6,370.00"
2020-09-27,2020092704002433,RLI,20,48,10,637.00,"6,370.00"
2020-09-27,2020092704002445,RLI,22,20,10,637.00,"6,370.00"
2020-09-27,2020092704002444,RLI,22,46,10,637.00,"6,370.00"
2020-09-27,2020092704002443,RLI,22,17,10,637.00,"6,370.00"
2020-09-27,2020092704002442,RLI,22,48,10,637.00,"6,370.00"
2020-09-27,2020092704002441,RLI,22,18,10,637.00,"6,370.00"
2020-09-27,2020092704002440,RLI,22,48,10,637.00,"6,370.00"
2020-09-27,2020092704002451,RLI,47,57,10,637.00,"6,370.00"
2020-09-27,2020092704002450,RLI,47,21,10,637.00,"6,370.00"
2020-09-27,2020092704002449,RLI,22,57,10,637.00,"6,370.00"
2020-09-27,2020092704002448,RLI,22,29,10,637.00,"6,370.00"
2020-09-27,2020092704002447,RLI,22,6,10,637.00,"6,370.00"
2020-09-27,2020092704002446,RLI,22,14,10,637.00,"6,370.00"
2020-09-27,2020092704002457,RLI,47,39,10,637.00,"6,370.00"
2020-09-27,2020092704002456,RLI,53,45,10,638.00,"6,380.00"
2020-09-27,2020092704002455,RLI,53,58,10,638.00,"6,380.00"
2020-09-27,2020092704002454,RLI,47,57,10,637.00,"6,370.00"
2020-09-27,2020092704002453,RLI,47,48,10,637.00,"6,370.00"
2020-09-27,2020092704002452,RLI,45,41,10,638.00,"6,380.00"
2020-09-27,2020092704002465,RLI,58,40,10,637.00,"6,370.00"
2020-09-27,2020092704002464,RLI,58,35,10,637.00,"6,370.00"
2020-09-27,2020092704002461,RLI,58,57,10,637.00,"6,370.00"
2020-09-27,2020092704002460,RLI,58,57,10,637.00,"6,370.00"
2020-09-27,2020092704002459,RLI,58,11,10,637.00,"6,370.00"
2020-09-27,2020092704002458,RLI,58,32,10,637.00,"6,370.00"
2020-09-27,2020092704002472,RLI,1,32,10,637.00,"6,370.00"
2020-09-27,2020092704002470,RLI,1,34,10,637.00,"6,370.00"
2020-09-27,2020092704002469,RLI,58,32,10,637.00,"6,370.00"
2020-09-27,2020092704002468,RLI,58,42,10,637.00,"6,370.00"
2020-09-27,2020092704002467,RLI,58,17,10,637.00,"6,370.00"
2020-09-27,2020092704002466,RLI,58,32,10,637.00,"6,370.00"
2020-09-27,2020092704002481,RLI,19,32,10,637.00,"6,370.00"
2020-09-27,2020092704002480,RLI,19,52,10,637.00,"6,370.00"
2020-09-27,2020092704002477,RLI,19,11,10,637.00,"6,370.00"
2020-09-27,2020092704002476,RLI,19,44,10,637.00,"6,370.00"
2020-09-27,2020092704002475,RLI,19,32,10,637.00,"6,370.00"
2020-09-27,2020092704002474,RLI,1,49,10,637.00,"6,370.00"
2020-09-27,2020092704002489,RLI,37,52,10,637.00,"6,370.00"
2020-09-27,2020092704002488,RLI,19,32,10,637.00,"6,370.00"
2020-09-27,2020092704002487,RLI,19,57,10,637.00,"6,370.00"
2020-09-27,2020092704002486,RLI,19,52,10,637.00,"6,370.00"
2020-09-27,2020092704002485,RLI,19,44,10,637.00,"6,370.00"
2020-09-27,2020092704002484,RLI,19,32,10,637.00,"6,370.00"
2020-09-27,2020092704002495,RLI,37,41,10,637.00,"6,370.00"
2020-09-27,2020092704002494,RLI,37,58,10,637.00,"6,370.00"
2020-09-27,2020092704002493,RLI,37,52,10,637.00,"6,370.00"
2020-09-27,2020092704002492,RLI,37,32,10,637.00,"6,370.00"
2020-09-27,2020092704002491,RLI,37,58,10,637.00,"6,370.00"
2020-09-27,2020092704002490,RLI,37,41,10,637.00,"6,370.00"
2020-09-27,2020092704002502,RLI,37,47,10,637.00,"6,370.00"
2020-09-27,2020092704002500,RLI,37,48,10,637.00,"6,370.00"
2020-09-27,2020092704002499,RLI,37,57,10,637.00,"6,370.00"
2020-09-27,2020092704002498,RLI,37,32,10,637.00,"6,370.00"
2020-09-27,2020092704002497,RLI,37,58,10,637.00,"6,370.00"
2020-09-27,2020092704002496,RLI,37,32,10,637.00,"6,370.00"
2020-09-27,2020092704002509,RLI,26,57,10,638.00,"6,380.00"
2020-09-27,2020092704002508,RLI,26,58,10,638.00,"6,380.00"
2020-09-27,2020092704002506,RLI,37,41,10,637.00,"6,370.00"
2020-09-27,2020092704002505,RLI,37,32,10,637.00,"6,370.00"
2020-09-27,2020092704002504,RLI,37,48,10,637.00,"6,370.00"
2020-09-27,2020092704002503,RLI,37,58,10,637.00,"6,370.00"
2020-09-27,2020092704002517,RLI,6,39,500,639.00,"319,500.00"
2020-09-27,2020092704002515,RLI,26,58,10,638.00,"6,380.00"
2020-09-27,2020092704002514,RLI,26,41,10,638.00,"6,380.00"
2020-09-27,2020092704002512,RLI,26,47,10,638.00,"6,380.00"
2020-09-27,2020092704002511,RLI,26,32,10,638.00,"6,380.00"
2020-09-27,2020092704002510,RLI,26,48,10,638.00,"6,380.00"
2020-09-27,2020092704002526,RLI,37,7,10,637.00,"6,370.00"
2020-09-27,2020092704002525,RLI,34,28,10,638.00,"6,380.00"
2020-09-27,2020092704002522,RLI,37,58,10,637.00,"6,370.00"
2020-09-27,2020092704002521,RLI,26,58,10,638.00,"6,380.00"
2020-09-27,2020092704002519,RLI,26,49,10,638.00,"6,380.00"
2020-09-27,2020092704002518,RLI,26,32,10,638.00,"6,380.00"
2020-09-27,2020092704002536,RLI,37,57,10,637.00,"6,370.00"
2020-09-27,2020092704002535,RLI,37,49,10,637.00,"6,370.00"
2020-09-27,2020092704002531,RLI,37,49,10,637.00,"6,370.00"
2020-09-27,2020092704002530,RLI,37,21,10,637.00,"6,370.00"
2020-09-27,2020092704002528,RLI,37,49,10,637.00,"6,370.00"
2020-09-27,2020092704002527,RLI,37,17,10,637.00,"6,370.00"
2020-09-27,2020092704002534,SAEF,7,47,"5,000",10.35,"51,750.00"
2020-09-27,2020092704002533,SAEF,7,38,500,10.35,"5,175.00"
2020-09-27,2020092704002532,SAEF,7,49,"10,300",10.34,"106,502.00"
2020-09-27,2020092704002520,SAEF,35,29,"1,000",10.30,"10,300.00"
2020-09-27,2020092704002501,SAEF,35,41,500,10.30,"5,150.00"
2020-09-27,2020092704002053,SAEF,41,49,"9,700",10.34,"100,298.00"
2020-09-27,2020092704002052,SAEF,41,50,300,10.30,"3,090.00"
2020-09-27,2020092704002255,SAND2085,22,25,25,"1,011.00","25,275.00"
2020-09-27,2020092704002351,STC,55,56,29,"3,600.00","104,400.00"
2020-09-27,2020092704002350,STC,6,56,20,"3,603.00","72,060.00"
2020-09-27,2020092704002349,STC,59,56,31,"3,610.00","111,910.00"
2020-09-27,2020092704002298,STC,59,36,10,"3,610.00","36,100.00"
2020-09-27,2020092704002233,STC,59,28,60,"3,610.00","216,600.00"
2020-09-27,2020092704002225,STC,59,46,19,"3,610.00","68,590.00"
2020-09-27,2020092704002209,STC,59,49,10,"3,610.00","36,100.00"
2020-09-27,2020092704002125,STC,51,19,20,"3,611.00","72,220.00"
2020-09-27,2020092704002113,STC,33,19,20,"3,612.00","72,240.00"
2020-09-27,2020092704002015,CMF1,48,4,"10,000",11.10,"111,000.00"
2020-09-27,2020092704002014,CMF1,52,4,400,11.10,"4,440.00"
2020-09-27,2020092704002007,CMF1,16,4,"5,000",11.12,"55,600.00"
2020-09-27,2020092704002001,CMF1,48,4,"10,000",11.11,"111,100.00"
2020-09-27,2020092704001979,CMF1,48,4,"10,000",11.12,"111,200.00"
2020-09-27,2020092704001975,CMF1,48,4,"10,000",11.13,"111,300.00"
2020-09-27,2020092704001971,CMF1,48,4,"10,000",11.14,"111,400.00"
2020-09-27,2020092704001966,CMF1,48,4,"10,000",11.15,"111,500.00"
2020-09-27,2020092704001882,CMF1,16,4,"1,100",11.27,"12,397.00"
2020-09-27,2020092704001768,CMF1,35,43,"1,900",11.27,"21,413.00"
2020-09-27,2020092704001767,CMF1,35,42,100,11.27,"1,127.00"
2020-09-27,2020092704001766,CMF1,35,4,"1,000",11.27,"11,270.00"
2020-09-27,2020092704001771,GIMES1,16,7,500,9.03,"4,515.00"
2020-09-27,2020092704001573,LEMF,56,52,"1,500",8.51,"12,765.00"
2020-09-27,2020092704001905,LUK,22,28,100,8.88,888.00
2020-09-27,2020092704001902,LUK,22,51,300,8.88,"2,664.00"
2020-09-27,2020092704001900,LUK,57,57,500,8.90,"4,450.00"
2020-09-27,2020092704001899,LUK,57,56,100,8.90,890.00
2020-09-27,2020092704001651,LUK,22,42,100,8.88,888.00
2020-09-27,2020092704001625,LUK,6,6,"250,000",8.89,"2,222,500.00"
2020-09-27,2020092704001942,NBF2,42,4,240,8.59,"2,061.60"
2020-09-27,2020092704001933,NBF2,42,4,"50,000",8.71,"435,500.00"
2020-09-27,2020092704001780,NBF2,49,4,"2,000",8.75,"17,500.00"
2020-09-27,2020092704001779,NBF2,42,4,"50,000",8.75,"437,500.00"
2020-09-27,2020092704001778,NBF2,42,4,"38,500",8.75,"336,875.00"
2020-09-27,2020092704001773,NBF2,56,4,"4,900",8.76,"42,924.00"
2020-09-27,2020092704002024,NEF,56,35,"1,127",8.81,"9,928.87"
2020-09-27,2020092704001582,NEF,56,52,"2,414",8.81,"21,267.30"
2020-09-27,2020092704002011,NIBLPF,29,35,555,8.60,"4,773.00"
2020-09-27,2020092704002010,NIBLPF,26,35,"1,970",8.61,"16,961.70"
2020-09-27,2020092704001593,NIBLPF,26,52,"2,525",8.61,"21,740.20"
2020-09-27,2020092704001890,NIBPO,52,4,"1,292",359.00,"463,828.00"
2020-09-27,2020092704001769,NIBPO,11,4,100,359.00,"35,900.00"
2020-09-27,2020092704001697,NIBPO,34,4,500,359.00,"179,500.00"
2020-09-27,2020092704001696,NIBPO,13,4,108,359.00,"38,772.00"
2020-09-27,2020092704002017,NMBHF1,47,35,"1,577",9.96,"15,706.90"
2020-09-27,2020092704001562,NMBHF1,47,8,416,9.96,"4,143.36"
2020-09-27,2020092704001932,RBCLPO,33,43,15,"10,300.00","154,500.00"
2020-09-27,2020092704001931,RBCLPO,33,43,20,"10,300.00","206,000.00"
2020-09-27,2020092704001788,RBCLPO,40,4,100,"10,300.00","1,030,000.00"
2020-09-27,2020092704001708,RBCLPO,40,25,10,"10,292.00","102,920.00"
2020-09-27,2020092704001570,RBCLPO,45,59,10,"10,295.00","102,950.00"
2020-09-27,2020092704001569,RBCLPO,43,59,10,"10,296.00","102,960.00"
2020-09-27,2020092704002044,RLI,19,17,10,638.00,"6,380.00"
2020-09-27,2020092704002043,RLI,19,45,10,638.00,"6,380.00"
2020-09-27,2020092704002042,RLI,19,41,10,638.00,"6,380.00"
2020-09-27,2020092704002041,RLI,19,58,10,638.00,"6,380.00"
2020-09-27,2020092704002040,RLI,47,45,10,638.00,"6,380.00"
2020-09-27,2020092704002039,RLI,34,22,10,638.00,"6,380.00"
2020-09-27,2020092704001550,RLI,1,39,10,639.00,"6,390.00"
2020-09-27,2020092704001549,RLI,1,10,10,639.00,"6,390.00"
2020-09-27,2020092704001548,RLI,1,16,10,639.00,"6,390.00"
2020-09-27,2020092704001547,RLI,1,10,10,639.00,"6,390.00"
2020-09-27,2020092704001546,RLI,1,41,10,639.00,"6,390.00"
2020-09-27,2020092704001545,RLI,1,47,10,639.00,"6,390.00"
2020-09-27,2020092704001556,RLI,1,54,10,639.00,"6,390.00"
2020-09-27,2020092704001555,RLI,1,16,10,639.00,"6,390.00"
2020-09-27,2020092704001554,RLI,1,57,10,639.00,"6,390.00"
2020-09-27,2020092704001553,RLI,1,10,10,639.00,"6,390.00"
2020-09-27,2020092704001552,RLI,1,45,10,639.00,"6,390.00"
2020-09-27,2020092704001551,RLI,1,10,10,639.00,"6,390.00"
2020-09-27,2020092704001563,RLI,28,16,10,638.00,"6,380.00"
2020-09-27,2020092704001561,RLI,1,10,10,639.00,"6,390.00"
2020-09-27,2020092704001560,RLI,1,10,10,639.00,"6,390.00"
2020-09-27,2020092704001559,RLI,1,45,10,639.00,"6,390.00"
2020-09-27,2020092704001558,RLI,1,34,10,639.00,"6,390.00"
2020-09-27,2020092704001557,RLI,1,39,10,639.00,"6,390.00"
2020-09-27,2020092704001571,RLI,28,54,10,638.00,"6,380.00"
2020-09-27,2020092704001568,RLI,28,10,10,638.00,"6,380.00"
2020-09-27,2020092704001567,RLI,28,39,10,638.00,"6,380.00"
2020-09-27,2020092704001566,RLI,28,18,10,638.00,"6,380.00"
2020-09-27,2020092704001565,RLI,28,54,10,638.00,"6,380.00"
2020-09-27,2020092704001564,RLI,28,10,10,638.00,"6,380.00"
2020-09-27,2020092704001578,RLI,28,16,10,638.00,"6,380.00"
2020-09-27,2020092704001577,RLI,28,10,10,638.00,"6,380.00"
2020-09-27,2020092704001576,RLI,28,29,10,638.00,"6,380.00"
2020-09-27,2020092704001575,RLI,28,54,10,638.00,"6,380.00"
2020-09-27,2020092704001574,RLI,28,39,10,638.00,"6,380.00"
2020-09-27,2020092704001572,RLI,28,45,10,638.00,"6,380.00"
2020-09-27,2020092704001585,RLI,28,45,10,638.00,"6,380.00"
2020-09-27,2020092704001584,RLI,28,10,10,638.00,"6,380.00"
2020-09-27,2020092704001583,RLI,28,8,10,638.00,"6,380.00"
2020-09-27,2020092704001581,RLI,28,22,10,638.00,"6,380.00"
2020-09-27,2020092704001580,RLI,28,29,10,638.00,"6,380.00"
2020-09-27,2020092704001579,RLI,28,34,10,638.00,"6,380.00"
2020-09-27,2020092704001591,RLI,28,39,10,638.00,"6,380.00"
2020-09-27,2020092704001590,RLI,28,35,10,638.00,"6,380.00"
2020-09-27,2020092704001589,RLI,28,35,10,638.00,"6,380.00"
2020-09-27,2020092704001588,RLI,28,10,10,638.00,"6,380.00"
2020-09-27,2020092704001587,RLI,28,19,10,638.00,"6,380.00"
2020-09-27,2020092704001586,RLI,28,39,10,638.00,"6,380.00"
2020-09-27,2020092704001598,RLI,39,1,10,639.00,"6,390.00"
2020-09-27,2020092704001597,RLI,28,19,10,638.00,"6,380.00"
2020-09-27,2020092704001596,RLI,28,44,10,638.00,"6,380.00"
2020-09-27,2020092704001595,RLI,41,58,10,640.00,"6,400.00"
2020-09-27,2020092704001594,RLI,28,8,10,638.00,"6,380.00"
2020-09-27,2020092704001592,RLI,28,10,10,638.00,"6,380.00"
2020-09-27,2020092704001604,RLI,39,49,10,639.00,"6,390.00"
2020-09-27,2020092704001603,RLI,39,39,10,639.00,"6,390.00"
2020-09-27,2020092704001602,RLI,39,8,10,639.00,"6,390.00"
2020-09-27,2020092704001601,RLI,39,44,10,639.00,"6,390.00"
2020-09-27,2020092704001600,RLI,39,57,10,639.00,"6,390.00"
2020-09-27,2020092704001599,RLI,39,8,10,639.00,"6,390.00"
2020-09-27,2020092704001610,RLI,39,35,10,639.00,"6,390.00"
2020-09-27,2020092704001609,RLI,39,58,10,639.00,"6,390.00"
2020-09-27,2020092704001608,RLI,39,10,10,639.00,"6,390.00"
2020-09-27,2020092704001607,RLI,39,39,10,639.00,"6,390.00"
2020-09-27,2020092704001606,RLI,39,8,10,639.00,"6,390.00"
2020-09-27,2020092704001605,RLI,39,44,10,639.00,"6,390.00"
2020-09-27,2020092704001616,RLI,39,8,10,639.00,"6,390.00"
2020-09-27,2020092704001615,RLI,39,22,10,639.00,"6,390.00"
2020-09-27,2020092704001614,RLI,39,38,10,639.00,"6,390.00"
2020-09-27,2020092704001613,RLI,39,58,10,639.00,"6,390.00"
2020-09-27,2020092704001612,RLI,39,45,10,639.00,"6,390.00"
2020-09-27,2020092704001611,RLI,39,8,10,639.00,"6,390.00"
2020-09-27,2020092704001622,RLI,28,44,10,638.00,"6,380.00"
2020-09-27,2020092704001621,RLI,28,45,10,638.00,"6,380.00"
2020-09-27,2020092704001620,RLI,28,8,10,638.00,"6,380.00"
2020-09-27,2020092704001619,RLI,28,10,10,638.00,"6,380.00"
2020-09-27,2020092704001618,RLI,28,45,10,638.00,"6,380.00"
2020-09-27,2020092704001617,RLI,39,44,10,639.00,"6,390.00"
2020-09-27,2020092704001629,RLI,28,22,10,638.00,"6,380.00"
2020-09-27,2020092704001628,RLI,28,39,10,638.00,"6,380.00"
2020-09-27,2020092704001627,RLI,28,8,10,638.00,"6,380.00"
2020-09-27,2020092704001626,RLI,28,1,10,638.00,"6,380.00"
2020-09-27,2020092704001624,RLI,28,35,10,638.00,"6,380.00"
2020-09-27,2020092704001623,RLI,28,8,10,638.00,"6,380.00"
2020-09-27,2020092704001635,RLI,28,6,10,638.00,"6,380.00"
2020-09-27,2020092704001634,RLI,28,39,10,638.00,"6,380.00"
2020-09-27,2020092704001633,RLI,28,14,10,638.00,"6,380.00"
2020-09-27,2020092704001632,RLI,28,25,10,638.00,"6,380.00"
2020-09-27,2020092704001631,RLI,28,10,10,638.00,"6,380.00"
2020-09-27,2020092704001630,RLI,28,44,10,638.00,"6,380.00"
2020-09-27,2020092704001641,RLI,51,34,10,639.00,"6,390.00"
2020-09-27,2020092704001640,RLI,51,45,10,639.00,"6,390.00"
2020-09-27,2020092704001639,RLI,28,44,10,638.00,"6,380.00"
2020-09-27,2020092704001638,RLI,28,33,10,638.00,"6,380.00"
2020-09-27,2020092704001637,RLI,28,45,10,638.00,"6,380.00"
2020-09-27,2020092704001636,RLI,28,35,10,638.00,"6,380.00"
2020-09-27,2020092704001647,RLI,28,14,10,638.00,"6,380.00"
2020-09-27,2020092704001646,RLI,28,3,10,638.00,"6,380.00"
2020-09-27,2020092704001645,RLI,28,14,10,638.00,"6,380.00"
2020-09-27,2020092704001644,RLI,28,33,10,638.00,"6,380.00"
2020-09-27,2020092704001643,RLI,28,35,10,638.00,"6,380.00"
2020-09-27,2020092704001642,RLI,11,14,10,639.00,"6,390.00"
2020-09-27,2020092704001654,RLI,28,33,10,638.00,"6,380.00"
2020-09-27,2020092704001653,RLI,28,8,10,638.00,"6,380.00"
2020-09-27,2020092704001652,RLI,28,39,10,638.00,"6,380.00"
2020-09-27,2020092704001650,RLI,28,39,10,638.00,"6,380.00"
2020-09-27,2020092704001649,RLI,28,8,10,638.00,"6,380.00"
2020-09-27,2020092704001648,RLI,28,17,10,638.00,"6,380.00"
2020-09-27,2020092704001660,RLI,28,57,10,638.00,"6,380.00"
2020-09-27,2020092704001659,RLI,28,59,10,638.00,"6,380.00"
2020-09-27,2020092704001658,RLI,28,25,10,638.00,"6,380.00"
2020-09-27,2020092704001657,RLI,28,39,10,638.00,"6,380.00"
2020-09-27,2020092704001656,RLI,28,8,10,638.00,"6,380.00"
2020-09-27,2020092704001655,RLI,28,44,10,638.00,"6,380.00"
2020-09-27,2020092704001666,RLI,46,26,10,640.00,"6,400.00"
2020-09-27,2020092704001665,RLI,51,42,10,639.00,"6,390.00"
2020-09-27,2020092704001664,RLI,28,7,10,638.00,"6,380.00"
2020-09-27,2020092704001663,RLI,28,51,10,638.00,"6,380.00"
2020-09-27,2020092704001662,RLI,28,8,10,638.00,"6,380.00"
2020-09-27,2020092704001661,RLI,28,25,10,638.00,"6,380.00"
2020-09-27,2020092704001672,RLI,3,39,10,638.00,"6,380.00"
2020-09-27,2020092704001671,RLI,3,25,10,638.00,"6,380.00"
2020-09-27,2020092704001670,RLI,46,46,10,640.00,"6,400.00"
2020-09-27,2020092704001669,RLI,46,17,10,640.00,"6,400.00"
2020-09-27,2020092704001668,RLI,46,48,10,640.00,"6,400.00"
2020-09-27,2020092704001667,RLI,46,29,10,640.00,"6,400.00"
2020-09-27,2020092704001678,RLI,3,19,40,638.00,"25,520.00"
2020-09-27,2020092704001677,RLI,8,19,200,638.00,"127,600.00"
2020-09-27,2020092704001676,RLI,3,25,10,638.00,"6,380.00"
2020-09-27,2020092704001675,RLI,3,26,10,638.00,"6,380.00"
2020-09-27,2020092704001674,RLI,3,8,10,638.00,"6,380.00"
2020-09-27,2020092704001673,RLI,3,25,10,638.00,"6,380.00"
2020-09-27,2020092704001684,RLI,51,49,10,638.00,"6,380.00"
2020-09-27,2020092704001683,RLI,51,17,10,638.00,"6,380.00"
2020-09-27,2020092704001682,RLI,51,33,10,638.00,"6,380.00"
2020-09-27,2020092704001681,RLI,51,45,10,638.00,"6,380.00"
2020-09-27,2020092704001680,RLI,51,19,40,638.00,"25,520.00"
