Date,Transact. No.,Symbol,Buyer,Seller,Quantity,Rate,Amount
2020-02-23,2020022301030353,ADBL,56,51,125,431.00,"53,875.00"
2020-02-23,2020022301030312,ADBL,56,51,38,431.00,"16,378.00"
2020-02-23,2020022301030085,ADBL,26,49,254,430.00,"109,220.00"
2020-02-23,2020022301030040,ADBL,41,34,150,431.00,"64,650.00"
2020-02-23,2020022301030015,ADBL,26,57,100,430.00,"43,000.00"
2020-02-23,2020022301029995,ADBL,26,59,100,430.00,"43,000.00"
2020-02-23,2020022301029975,ADBL,26,49,100,430.00,"43,000.00"
2020-02-23,2020022301030025,ALBSL,10,13,100,883.00,"88,300.00"
2020-02-23,2020022301030374,ALICL,32,6,10,651.00,"6,510.00"
2020-02-23,2020022301030373,ALICL,32,53,"1,000",651.00,"651,000.00"
2020-02-23,2020022301030372,ALICL,32,6,70,650.00,"45,500.00"
2020-02-23,2020022301030242,ALICL,32,6,430,650.00,"279,500.00"
2020-02-23,2020022301030241,ALICL,32,6,300,650.00,"195,000.00"
2020-02-23,2020022301030240,ALICL,32,16,270,650.00,"175,500.00"
2020-02-23,2020022301030084,ALICL,52,5,500,648.00,"324,000.00"
2020-02-23,2020022301030073,ALICL,32,16,230,650.00,"149,500.00"
2020-02-23,2020022301030072,ALICL,32,41,40,650.00,"26,000.00"
2020-02-23,2020022301029976,ALICL,32,8,230,649.00,"149,270.00"
2020-02-23,2020022301029969,BNT,57,7,30,"8,910.00","267,300.00"
2020-02-23,2020022301030358,BOKL,53,28,"1,000",258.00,"258,000.00"
2020-02-23,2020022301030354,BOKL,37,16,200,256.00,"51,200.00"
2020-02-23,2020022301030146,BOKL,32,28,10,258.00,"2,580.00"
2020-02-23,2020022301030107,BOKL,32,59,10,257.00,"2,570.00"
2020-02-23,2020022301030007,BOKL,37,38,36,256.00,"9,216.00"
2020-02-23,2020022301030006,BOKL,44,38,64,256.00,"16,384.00"
2020-02-23,2020022301029989,BOKL,39,59,200,257.00,"51,400.00"
2020-02-23,2020022301030347,BPCL,52,40,525,405.00,"212,625.00"
2020-02-23,2020022301030346,BPCL,52,11,195,405.00,"78,975.00"
2020-02-23,2020022301030345,BPCL,52,39,280,404.00,"113,120.00"
2020-02-23,2020022301030101,BPCL,46,40,182,401.00,"72,982.00"
2020-02-23,2020022301030100,BPCL,40,40,218,401.00,"87,418.00"
2020-02-23,2020022301030068,CBBL,4,44,200,"1,282.00","256,400.00"
2020-02-23,2020022301030067,CBBL,4,16,70,"1,280.00","89,600.00"
2020-02-23,2020022301030066,CBBL,4,52,11,"1,270.00","13,970.00"
2020-02-23,2020022301030065,CBBL,4,39,18,"1,269.00","22,842.00"
2020-02-23,2020022301030118,CBBL,4,45,336,"1,298.00","436,128.00"
2020-02-23,2020022301030117,CBBL,4,55,100,"1,292.00","129,200.00"
2020-02-23,2020022301030116,CBBL,4,54,150,"1,290.00","193,500.00"
2020-02-23,2020022301030071,CBBL,4,51,72,"1,285.00","92,520.00"
2020-02-23,2020022301030070,CBBL,4,41,"1,000","1,285.00","1,285,000.00"
2020-02-23,2020022301030069,CBBL,4,34,294,"1,284.00","377,496.00"
2020-02-23,2020022301030340,CBBL,4,37,150,"1,298.00","194,700.00"
2020-02-23,2020022301030449,CBL,33,36,939,159.00,"149,301.00"
2020-02-23,2020022301030394,CBL,7,32,"1,000",160.00,"160,000.00"
2020-02-23,2020022301030393,CBL,7,57,192,160.00,"30,720.00"
2020-02-23,2020022301030392,CBL,7,38,174,160.00,"27,840.00"
2020-02-23,2020022301030391,CBL,7,13,634,160.00,"101,440.00"
2020-02-23,2020022301030160,CCBL,59,45,756,193.00,"145,908.00"
2020-02-23,2020022301030159,CCBL,42,45,200,194.00,"38,800.00"
2020-02-23,2020022301029999,CCBL,39,22,300,195.00,"58,500.00"
2020-02-23,2020022301029998,CCBL,39,49,"1,000",195.00,"195,000.00"
2020-02-23,2020022301029997,CCBL,39,6,498,195.00,"97,110.00"
2020-02-23,2020022301029996,CCBL,39,11,200,195.00,"39,000.00"
2020-02-23,2020022301030164,CHCL,22,48,50,453.00,"22,650.00"
2020-02-23,2020022301030061,CHCL,56,49,"2,000",452.00,"904,000.00"
2020-02-23,2020022301030060,CHCL,56,43,177,452.00,"80,004.00"
2020-02-23,2020022301030350,CIT,19,59,100,"3,001.00","300,100.00"
2020-02-23,2020022301030299,CIT,44,59,100,"3,002.00","300,200.00"
2020-02-23,2020022301030293,CIT,58,38,150,"3,010.00","451,500.00"
2020-02-23,2020022301030292,CIT,58,57,50,"3,008.00","150,400.00"
2020-02-23,2020022301030148,CIT,40,14,100,"3,007.00","300,700.00"
2020-02-23,2020022301030082,CIT,56,51,100,"3,006.00","300,600.00"
2020-02-23,2020022301030435,CORBL,33,58,11,134.00,"1,474.00"
2020-02-23,2020022301030305,CZBIL,26,11,20,211.00,"4,220.00"
2020-02-23,2020022301030125,CZBIL,57,38,"1,000",213.00,"213,000.00"
2020-02-23,2020022301030444,EBL,45,6,30,730.00,"21,900.00"
2020-02-23,2020022301030246,EBL,41,36,10,729.00,"7,290.00"
2020-02-23,2020022301029970,EBL,57,6,200,730.00,"146,000.00"
2020-02-23,2020022301030376,EDBL,57,36,200,403.00,"80,600.00"
2020-02-23,2020022301030375,EDBL,57,32,300,402.00,"120,600.00"
2020-02-23,2020022301030137,EDBL,58,11,200,400.00,"80,000.00"
2020-02-23,2020022301030136,EDBL,17,11,200,400.00,"80,000.00"
2020-02-23,2020022301030135,EDBL,53,11,100,401.00,"40,100.00"
2020-02-23,2020022301030313,EIC,33,13,10,477.00,"4,770.00"
2020-02-23,2020022301029990,EIC,8,6,61,474.00,"28,914.00"
2020-02-23,2020022301029977,EIC,37,13,50,477.00,"23,850.00"
2020-02-23,2020022301030239,FOWAD,3,4,100,"1,806.00","180,600.00"
2020-02-23,2020022301030295,GBBL,44,16,450,257.00,"115,650.00"
2020-02-23,2020022301030294,GBBL,13,16,50,257.00,"12,850.00"
2020-02-23,2020022301030451,GBLBS,49,40,10,609.00,"6,090.00"
2020-02-23,2020022301030412,GBLBS,11,40,100,609.00,"60,900.00"
2020-02-23,2020022301030301,GBLBS,33,40,60,609.00,"36,540.00"
2020-02-23,2020022301030300,GBLBS,33,6,90,608.00,"54,720.00"
2020-02-23,2020022301030004,GBLBS,49,6,10,608.00,"6,080.00"
2020-02-23,2020022301030208,GGBSL,37,48,50,975.00,"48,750.00"
2020-02-23,2020022301030079,GHL,38,20,10,83.00,830.00
2020-02-23,2020022301030400,GLICL,6,38,49,853.00,"41,797.00"
2020-02-23,2020022301030399,GLICL,6,8,20,852.00,"17,040.00"
2020-02-23,2020022301030398,GLICL,6,58,31,852.00,"26,412.00"
2020-02-23,2020022301030151,GLICL,14,49,50,848.00,"42,400.00"
2020-02-23,2020022301030423,GMFBS,33,19,10,"1,050.00","10,500.00"
2020-02-23,2020022301030422,GMFBS,33,53,10,"1,040.00","10,400.00"
2020-02-23,2020022301030298,GMFBS,59,1,50,"1,035.00","51,750.00"
2020-02-23,2020022301030145,GMFBS,59,28,100,"1,035.00","103,500.00"
2020-02-23,2020022301030163,GMFIL,42,37,100,146.00,"14,600.00"
2020-02-23,2020022301030124,GMFIL,42,4,190,144.00,"27,360.00"
2020-02-23,2020022301030123,GMFIL,42,59,100,144.00,"14,400.00"
2020-02-23,2020022301030306,HBL,48,48,300,615.00,"184,500.00"
2020-02-23,2020022301030211,HBL,19,19,50,614.00,"30,700.00"
2020-02-23,2020022301030210,HBL,19,32,105,614.00,"64,470.00"
2020-02-23,2020022301030209,HBL,19,32,136,614.00,"83,504.00"
2020-02-23,2020022301030420,HDL,53,42,270,"1,644.00","443,880.00"
2020-02-23,2020022301030419,HDL,53,53,130,"1,644.00","213,720.00"
2020-02-23,2020022301030351,HDL,48,7,100,"1,640.00","164,000.00"
2020-02-23,2020022301030149,HDL,46,53,170,"1,644.00","279,480.00"
2020-02-23,2020022301030005,HDL,42,8,200,"1,644.00","328,800.00"
2020-02-23,2020022301029961,HDL,26,53,100,"1,639.00","163,900.00"
2020-02-23,2020022301030304,HGI,51,37,200,475.00,"95,000.00"
2020-02-23,2020022301030156,HGI,48,45,100,474.00,"47,400.00"
2020-02-23,2020022301030344,ICFC,33,5,200,206.00,"41,200.00"
2020-02-23,2020022301030051,ICFC,55,53,"1,000",206.00,"206,000.00"
2020-02-23,2020022301030343,IGI,20,42,100,530.00,"53,000.00"
2020-02-23,2020022301030057,IGI,26,36,250,530.00,"132,500.00"
2020-02-23,2020022301030056,IGI,26,34,53,529.00,"28,037.00"
2020-02-23,2020022301030055,IGI,26,4,500,525.00,"262,500.00"
2020-02-23,2020022301030054,IGI,26,4,30,525.00,"15,750.00"
2020-02-23,2020022301030059,IGI,26,42,667,530.00,"353,510.00"
2020-02-23,2020022301030058,IGI,26,45,500,530.00,"265,000.00"
2020-02-23,2020022301030139,ILBS,39,22,240,947.00,"227,280.00"
2020-02-23,2020022301030096,ILBS,38,32,20,950.00,"19,000.00"
2020-02-23,2020022301030095,ILBS,51,32,50,950.00,"47,500.00"
2020-02-23,2020022301030094,ILBS,35,32,20,950.00,"19,000.00"
2020-02-23,2020022301030093,ILBS,42,32,35,951.00,"33,285.00"
2020-02-23,2020022301030450,JBBL,54,42,10,200.00,"2,000.00"
2020-02-23,2020022301030415,JOSHI,21,48,20,64.00,"1,280.00"
2020-02-23,2020022301030349,JSLBB,48,22,10,"1,982.00","19,820.00"
2020-02-23,2020022301030424,KBL,16,8,10,212.00,"2,120.00"
2020-02-23,2020022301030183,KBL,7,6,50,211.00,"10,550.00"
2020-02-23,2020022301030182,KBL,7,58,"4,400",211.00,"928,400.00"
2020-02-23,2020022301030181,KBL,7,33,300,211.00,"63,300.00"
2020-02-23,2020022301030180,KBL,7,49,"3,171",211.00,"669,081.00"
2020-02-23,2020022301030150,KBL,6,49,200,211.00,"42,200.00"
2020-02-23,2020022301030098,KBL,36,49,"5,000",211.00,"1,055,000.00"
2020-02-23,2020022301030076,KBL,39,49,"1,000",211.00,"211,000.00"
2020-02-23,2020022301029966,KBL,36,44,50,210.00,"10,500.00"
2020-02-23,2020022301029965,KBL,36,55,60,210.00,"12,600.00"
2020-02-23,2020022301029964,KBL,36,44,"2,312",210.00,"485,520.00"
2020-02-23,2020022301030442,KMCDB,1,38,10,"1,020.00","10,200.00"
2020-02-23,2020022301030249,KMCDB,1,38,10,"1,020.00","10,200.00"
2020-02-23,2020022301030174,KMCDB,1,38,10,"1,020.00","10,200.00"
2020-02-23,2020022301030097,KMCDB,1,38,10,"1,020.00","10,200.00"
2020-02-23,2020022301029960,KMCDB,1,38,10,"1,020.00","10,200.00"
2020-02-23,2020022301030034,KMCDB,1,38,10,"1,020.00","10,200.00"
2020-02-23,2020022301030369,KPCL,49,6,250,104.00,"26,000.00"
2020-02-23,2020022301030368,KPCL,1,6,200,104.00,"20,800.00"
2020-02-23,2020022301030367,KPCL,1,6,500,104.00,"52,000.00"
2020-02-23,2020022301030366,KPCL,40,6,50,105.00,"5,250.00"
2020-02-23,2020022301030012,KPCL,39,6,210,105.00,"22,050.00"
2020-02-23,2020022301030011,KPCL,13,6,500,106.00,"53,000.00"
2020-02-23,2020022301030010,KPCL,13,6,450,106.00,"47,700.00"
2020-02-23,2020022301030013,KPCL,13,6,500,105.00,"52,500.00"
2020-02-23,2020022301030445,KRBL,45,34,20,124.00,"2,480.00"
2020-02-23,2020022301030221,LBBL,4,43,117,210.00,"24,570.00"
2020-02-23,2020022301030220,LBBL,4,35,100,210.00,"21,000.00"
2020-02-23,2020022301030219,LBBL,4,53,500,210.00,"105,000.00"
2020-02-23,2020022301030218,LBBL,4,13,200,210.00,"42,000.00"
2020-02-23,2020022301030217,LBBL,4,14,"1,000",210.00,"210,000.00"
2020-02-23,2020022301030216,LBBL,4,56,234,210.00,"49,140.00"
2020-02-23,2020022301030215,LBBL,4,33,800,210.00,"168,000.00"
2020-02-23,2020022301030214,LBBL,4,40,"2,000",209.00,"418,000.00"
2020-02-23,2020022301030213,LBBL,4,58,99,209.00,"20,691.00"
2020-02-23,2020022301030212,LBBL,4,28,676,209.00,"141,284.00"
2020-02-23,2020022301030348,LBL,49,38,486,250.00,"121,500.00"
2020-02-23,2020022301030206,LBL,49,42,250,250.00,"62,500.00"
2020-02-23,2020022301030205,LBL,49,13,100,250.00,"25,000.00"
2020-02-23,2020022301030204,LBL,49,57,42,250.00,"10,500.00"
2020-02-23,2020022301030203,LBL,49,50,500,250.00,"125,000.00"
2020-02-23,2020022301030202,LBL,49,41,716,250.00,"179,000.00"
2020-02-23,2020022301030195,LBL,49,10,100,249.00,"24,900.00"
2020-02-23,2020022301030194,LBL,49,21,200,249.00,"49,800.00"
2020-02-23,2020022301030193,LBL,49,28,432,249.00,"107,568.00"
2020-02-23,2020022301030201,LBL,49,45,100,250.00,"25,000.00"
2020-02-23,2020022301030200,LBL,49,45,500,250.00,"125,000.00"
2020-02-23,2020022301030199,LBL,49,56,400,250.00,"100,000.00"
2020-02-23,2020022301030198,LBL,49,48,874,250.00,"218,500.00"
2020-02-23,2020022301030197,LBL,49,49,200,249.00,"49,800.00"
2020-02-23,2020022301030196,LBL,49,42,100,249.00,"24,900.00"
2020-02-23,2020022301030043,LGIL,41,6,100,562.00,"56,200.00"
2020-02-23,2020022301030395,LICN,34,32,20,"1,490.00","29,800.00"
2020-02-23,2020022301030258,LICN,34,32,50,"1,490.00","74,500.00"
2020-02-23,2020022301030257,LICN,16,32,50,"1,491.00","74,550.00"
2020-02-23,2020022301030256,LICN,26,32,50,"1,491.00","74,550.00"
2020-02-23,2020022301030047,LICN,26,32,50,"1,491.00","74,550.00"
2020-02-23,2020022301030120,MBL,20,37,207,261.00,"54,027.00"
2020-02-23,2020022301030113,MEGA,10,42,25,232.00,"5,800.00"
2020-02-23,2020022301030112,MEGA,10,19,110,232.00,"25,520.00"
2020-02-23,2020022301030111,MEGA,10,19,110,232.00,"25,520.00"
2020-02-23,2020022301030110,MEGA,10,19,74,232.00,"17,168.00"
2020-02-23,2020022301030003,MEGA,28,19,10,232.00,"2,320.00"
2020-02-23,2020022301029967,MEGA,40,57,280,231.00,"64,680.00"
2020-02-23,2020022301030176,MEGA,48,42,50,231.00,"11,550.00"
2020-02-23,2020022301030175,MEGA,45,42,131,232.00,"30,392.00"
2020-02-23,2020022301030162,MEGA,45,14,50,232.00,"11,600.00"
2020-02-23,2020022301030161,MEGA,45,22,419,232.00,"97,208.00"
2020-02-23,2020022301030115,MEGA,10,22,581,232.00,"134,792.00"
2020-02-23,2020022301030114,MEGA,10,38,100,232.00,"23,200.00"
2020-02-23,2020022301030416,MEGA,28,35,10,233.00,"2,330.00"
2020-02-23,2020022301030357,MEGA,57,14,359,232.00,"83,288.00"
2020-02-23,2020022301030356,MEGA,28,14,10,232.00,"2,320.00"
2020-02-23,2020022301030355,MEGA,8,14,431,232.00,"99,992.00"
2020-02-23,2020022301030232,MEGA,8,42,69,231.00,"15,939.00"
2020-02-23,2020022301030227,MEGA,49,42,200,231.00,"46,200.00"
2020-02-23,2020022301030104,MFIL,57,53,111,209.00,"23,199.00"
2020-02-23,2020022301030103,MFIL,13,53,889,209.00,"185,801.00"
2020-02-23,2020022301030390,MLBL,52,7,50,238.00,"11,900.00"
2020-02-23,2020022301030421,MNBBL,57,11,100,357.00,"35,700.00"
2020-02-23,2020022301030308,MNBBL,42,25,10,358.00,"3,580.00"
2020-02-23,2020022301030046,MNBBL,13,53,514,359.00,"184,526.00"
2020-02-23,2020022301030371,NABIL,54,43,100,790.00,"79,000.00"
2020-02-23,2020022301030088,NABIL,43,43,100,790.00,"79,000.00"
2020-02-23,2020022301030064,NABIL,6,43,50,790.00,"39,500.00"
2020-02-23,2020022301030063,NABIL,55,43,50,790.00,"39,500.00"
2020-02-23,2020022301030157,NADEP,45,58,23,824.00,"18,952.00"
2020-02-23,2020022301030443,NBB,57,6,"1,500",224.00,"336,000.00"
2020-02-23,2020022301030255,NBB,49,44,"2,933",225.00,"659,925.00"
2020-02-23,2020022301030254,NBB,49,54,200,224.00,"44,800.00"
2020-02-23,2020022301030253,NBB,49,54,500,224.00,"112,000.00"
2020-02-23,2020022301030252,NBB,49,32,"1,367",224.00,"306,208.00"
2020-02-23,2020022301030229,NBB,55,59,400,222.00,"88,800.00"
2020-02-23,2020022301030192,NBB,57,32,633,224.00,"141,792.00"
2020-02-23,2020022301030191,NBB,57,6,"2,367",224.00,"530,208.00"
2020-02-23,2020022301030038,NBB,28,51,200,222.00,"44,400.00"
2020-02-23,2020022301030016,NBB,59,6,400,224.00,"89,600.00"
2020-02-23,2020022301030248,NBL,39,55,300,285.00,"85,500.00"
2020-02-23,2020022301030105,NBL,39,45,190,285.00,"54,150.00"
2020-02-23,2020022301030155,NCCB,49,20,"1,500",208.00,"312,000.00"
2020-02-23,2020022301030186,NHPC,14,45,"2,000",62.00,"124,000.00"
2020-02-23,2020022301029994,NHPC,14,28,100,62.00,"6,200.00"
2020-02-23,2020022301029993,NHPC,38,28,100,63.00,"6,300.00"
2020-02-23,2020022301029957,NIB,6,16,100,412.00,"41,200.00"
2020-02-23,2020022301030158,NIBPO,6,1,"1,000",363.00,"363,000.00"
2020-02-23,2020022301030434,NICA,35,33,75,596.00,"44,700.00"
2020-02-23,2020022301030414,NICA,33,38,403,595.00,"239,785.00"
2020-02-23,2020022301030413,NICA,45,38,97,595.00,"57,715.00"
2020-02-23,2020022301030342,NICA,45,38,403,595.00,"239,785.00"
2020-02-23,2020022301030341,NICA,51,38,297,595.00,"176,715.00"
2020-02-23,2020022301030259,NICA,51,38,51,595.00,"30,345.00"
2020-02-23,2020022301030031,NICA,51,38,65,595.00,"38,675.00"
2020-02-23,2020022301030029,NICA,57,34,10,600.00,"6,000.00"
2020-02-23,2020022301030000,NICA,51,38,62,595.00,"36,890.00"
2020-02-23,2020022301029973,NICA,51,38,25,595.00,"14,875.00"
2020-02-23,2020022301029972,NICA,55,38,50,598.00,"29,900.00"
2020-02-23,2020022301030102,NICA,28,34,10,600.00,"6,000.00"
2020-02-23,2020022301030087,NICA,13,34,50,600.00,"30,000.00"
2020-02-23,2020022301030083,NICA,50,38,55,596.00,"32,780.00"
2020-02-23,2020022301030078,NICA,45,1,"1,000",600.00,"600,000.00"
2020-02-23,2020022301030062,NICA,57,34,10,600.00,"6,000.00"
2020-02-23,2020022301030052,NICA,50,38,40,596.00,"23,840.00"
2020-02-23,2020022301030143,NICA,10,34,95,600.00,"57,000.00"
2020-02-23,2020022301030142,NICA,57,34,10,600.00,"6,000.00"
2020-02-23,2020022301030140,NICA,50,38,44,596.00,"26,224.00"
2020-02-23,2020022301030126,NICA,52,34,50,600.00,"30,000.00"
2020-02-23,2020022301030119,NICA,50,38,36,596.00,"21,456.00"
2020-02-23,2020022301030108,NICA,50,39,500,596.00,"298,000.00"
2020-02-23,2020022301030231,NICA,55,33,500,596.00,"298,000.00"
2020-02-23,2020022301030230,NICA,50,33,186,596.00,"110,856.00"
2020-02-23,2020022301030226,NICA,50,38,50,596.00,"29,800.00"
2020-02-23,2020022301030177,NICA,50,38,89,596.00,"53,044.00"
2020-02-23,2020022301030169,NICA,57,7,400,600.00,"240,000.00"
2020-02-23,2020022301030144,NICA,10,7,205,600.00,"123,000.00"
2020-02-23,2020022301030453,NICL,44,6,10,512.00,"5,120.00"
2020-02-23,2020022301030441,NICL,50,4,490,507.00,"248,430.00"
2020-02-23,2020022301030440,NICL,44,4,200,508.00,"101,600.00"
2020-02-23,2020022301030439,NICL,44,4,300,509.00,"152,700.00"
2020-02-23,2020022301030438,NICL,6,4,10,509.00,"5,090.00"
2020-02-23,2020022301030433,NICL,38,6,20,512.00,"10,240.00"
2020-02-23,2020022301030048,NICL,42,45,200,510.00,"102,000.00"
2020-02-23,2020022301030050,NICL,48,45,"1,100",508.00,"558,800.00"
2020-02-23,2020022301030049,NICL,21,45,200,509.00,"101,800.00"
2020-02-23,2020022301030370,NICL,16,6,20,512.00,"10,240.00"
2020-02-23,2020022301030297,NICL,44,6,54,511.00,"27,594.00"
2020-02-23,2020022301030228,NICL,48,6,200,511.00,"102,200.00"
2020-02-23,2020022301030165,NICL,44,6,100,511.00,"51,100.00"
2020-02-23,2020022301030130,NICL,42,6,10,511.00,"5,110.00"
2020-02-23,2020022301030314,NLBBL,33,49,39,932.00,"36,348.00"
2020-02-23,2020022301030154,NLG,39,28,101,739.00,"74,639.00"
2020-02-23,2020022301030234,NLIC,54,52,900,"1,290.00","1,161,000.00"
2020-02-23,2020022301030233,NLIC,54,40,100,"1,290.00","129,000.00"
2020-02-23,2020022301030106,NLIC,39,40,104,"1,290.00","134,160.00"
2020-02-23,2020022301030036,NLIC,45,40,255,"1,290.00","328,950.00"
2020-02-23,2020022301030035,NLIC,45,56,45,"1,289.00","58,005.00"
2020-02-23,2020022301030446,NLICL,41,37,"1,000",743.00,"743,000.00"
2020-02-23,2020022301030303,NLICL,50,39,320,735.00,"235,200.00"
2020-02-23,2020022301030302,NLICL,6,39,20,736.00,"14,720.00"
2020-02-23,2020022301030291,NMB,56,49,825,454.00,"374,550.00"
2020-02-23,2020022301030290,NMB,45,49,"1,000",454.00,"454,000.00"
2020-02-23,2020022301030289,NMB,38,49,500,454.00,"227,000.00"
2020-02-23,2020022301030288,NMB,41,49,"1,000",454.00,"454,000.00"
2020-02-23,2020022301030287,NMB,38,49,20,454.00,"9,080.00"
2020-02-23,2020022301030286,NMB,38,49,100,454.00,"45,400.00"
2020-02-23,2020022301030261,NMB,49,49,800,454.00,"363,200.00"
2020-02-23,2020022301030260,NMB,58,49,375,454.00,"170,250.00"
2020-02-23,2020022301030267,NMB,57,49,500,454.00,"227,000.00"
2020-02-23,2020022301030266,NMB,43,49,100,454.00,"45,400.00"
2020-02-23,2020022301030265,NMB,33,49,500,454.00,"227,000.00"
2020-02-23,2020022301030264,NMB,3,49,200,454.00,"90,800.00"
2020-02-23,2020022301030263,NMB,38,49,200,454.00,"90,800.00"
2020-02-23,2020022301030262,NMB,40,49,500,454.00,"227,000.00"
2020-02-23,2020022301030273,NMB,33,49,300,454.00,"136,200.00"
2020-02-23,2020022301030272,NMB,37,49,500,454.00,"227,000.00"
2020-02-23,2020022301030271,NMB,17,49,100,454.00,"45,400.00"
2020-02-23,2020022301030270,NMB,42,49,500,454.00,"227,000.00"
2020-02-23,2020022301030269,NMB,7,49,"2,000",454.00,"908,000.00"
2020-02-23,2020022301030268,NMB,36,49,200,454.00,"90,800.00"
2020-02-23,2020022301030279,NMB,47,49,100,454.00,"45,400.00"
2020-02-23,2020022301030278,NMB,45,49,100,454.00,"45,400.00"
2020-02-23,2020022301030277,NMB,48,49,400,454.00,"181,600.00"
2020-02-23,2020022301030276,NMB,41,49,500,454.00,"227,000.00"
2020-02-23,2020022301030275,NMB,37,49,500,454.00,"227,000.00"
2020-02-23,2020022301030274,NMB,35,49,"1,000",454.00,"454,000.00"
2020-02-23,2020022301030285,NMB,58,49,"1,000",454.00,"454,000.00"
2020-02-23,2020022301030284,NMB,42,49,20,454.00,"9,080.00"
2020-02-23,2020022301030283,NMB,22,49,100,454.00,"45,400.00"
2020-02-23,2020022301030282,NMB,57,49,500,454.00,"227,000.00"
2020-02-23,2020022301030281,NMB,57,49,500,454.00,"227,000.00"
2020-02-23,2020022301030280,NMB,10,49,60,454.00,"27,240.00"
2020-02-23,2020022301030237,NMBMF,43,28,100,"1,112.00","111,200.00"
2020-02-23,2020022301030109,NMBMF,14,28,100,"1,113.00","111,300.00"
2020-02-23,2020022301030037,NMBMF,14,16,51,"1,125.00","57,375.00"
2020-02-23,2020022301029968,NMFBS,42,11,10,"2,036.00","20,360.00"
2020-02-23,2020022301030339,NSEWA,13,43,30,906.00,"27,180.00"
2020-02-23,2020022301030138,NSEWA,6,43,10,890.00,"8,900.00"
2020-02-23,2020022301030044,NSEWA,13,43,30,905.00,"27,150.00"
2020-02-23,2020022301030141,NTC,44,11,200,649.00,"129,800.00"
2020-02-23,2020022301030171,OHL,49,50,22,493.00,"10,846.00"
2020-02-23,2020022301030170,OHL,49,28,26,493.00,"12,818.00"
2020-02-23,2020022301030359,PCBL,43,35,"1,000",310.00,"310,000.00"
2020-02-23,2020022301030352,PCBL,42,35,500,310.00,"155,000.00"
2020-02-23,2020022301030244,PCBL,43,35,97,310.00,"30,070.00"
2020-02-23,2020022301030243,PCBL,43,35,903,310.00,"279,930.00"
2020-02-23,2020022301030173,PCBL,43,35,"1,000",310.00,"310,000.00"
2020-02-23,2020022301030023,PCBL,13,35,"1,000",310.00,"310,000.00"
2020-02-23,2020022301030018,PCBL,42,35,400,310.00,"124,000.00"
2020-02-23,2020022301030092,PIC,42,42,20,755.00,"15,100.00"
2020-02-23,2020022301030017,PIC,42,35,10,754.00,"7,540.00"
2020-02-23,2020022301030325,PICL,44,44,100,565.00,"56,500.00"
2020-02-23,2020022301030396,PLIC,32,52,117,659.00,"77,103.00"
2020-02-23,2020022301030189,PLIC,32,16,183,654.00,"119,682.00"
2020-02-23,2020022301030133,PLIC,53,16,50,656.00,"32,800.00"
2020-02-23,2020022301030132,PLIC,4,16,252,656.00,"165,312.00"
2020-02-23,2020022301030131,PLIC,16,16,15,657.00,"9,855.00"
2020-02-23,2020022301030099,PLIC,13,52,112,659.00,"73,808.00"
2020-02-23,2020022301030041,PLIC,13,45,15,659.00,"9,885.00"
2020-02-23,2020022301029959,PLIC,13,53,173,659.00,"114,007.00"
2020-02-23,2020022301029958,PLIC,13,19,200,659.00,"131,800.00"
2020-02-23,2020022301030121,PRIN,32,10,250,530.00,"132,500.00"
2020-02-23,2020022301030027,PRIN,16,22,12,532.00,"6,384.00"
2020-02-23,2020022301030026,PRIN,16,16,338,532.00,"179,816.00"
2020-02-23,2020022301030456,PRVU,52,46,400,267.00,"106,800.00"
2020-02-23,2020022301030455,PRVU,52,53,100,267.00,"26,700.00"
2020-02-23,2020022301030365,PRVU,4,50,280,265.00,"74,200.00"
2020-02-23,2020022301030364,PRVU,44,50,118,266.00,"31,388.00"
2020-02-23,2020022301030363,PRVU,44,49,100,266.00,"26,600.00"
2020-02-23,2020022301030362,PRVU,44,52,500,266.00,"133,000.00"
2020-02-23,2020022301030152,PRVU,4,57,100,265.00,"26,500.00"
2020-02-23,2020022301030122,PRVU,4,33,"1,000",265.00,"265,000.00"
2020-02-23,2020022301030361,PRVU,44,57,"1,730",266.00,"460,180.00"
2020-02-23,2020022301030225,PRVU,14,57,"1,500",266.00,"399,000.00"
2020-02-23,2020022301030185,PRVU,4,49,100,265.00,"26,500.00"
2020-02-23,2020022301030166,PRVU,56,57,500,266.00,"133,000.00"
2020-02-23,2020022301030309,RADHI,38,43,11,187.00,"2,057.00"
2020-02-23,2020022301030172,RBCL,16,38,20,"11,680.00","233,600.00"
2020-02-23,2020022301030001,RBCL,16,3,20,"11,680.00","233,600.00"
2020-02-23,2020022301029992,RBCL,51,38,10,"11,699.00","116,990.00"
2020-02-23,2020022301030081,RHPC,57,38,500,91.00,"45,500.00"
2020-02-23,2020022301030080,RHPC,57,34,68,91.00,"6,188.00"
2020-02-23,2020022301030053,RHPL,10,19,"1,000",168.00,"168,000.00"
2020-02-23,2020022301030418,RLFL,49,57,10,152.00,"1,520.00"
2020-02-23,2020022301030417,RLFL,49,39,400,150.00,"60,000.00"
2020-02-23,2020022301030207,RMDC,45,39,500,840.00,"420,000.00"
2020-02-23,2020022301030077,RMDC,42,39,10,840.00,"8,400.00"
2020-02-23,2020022301030042,SABSL,56,42,10,"1,000.00","10,000.00"
2020-02-23,2020022301030223,SADBL,51,39,10,188.00,"1,880.00"
2020-02-23,2020022301030190,SANIMA,53,57,650,387.00,"251,550.00"
2020-02-23,2020022301030045,SAPDBL,35,14,461,153.00,"70,533.00"
2020-02-23,2020022301030323,SBI,13,33,18,471.00,"8,478.00"
2020-02-23,2020022301030322,SBI,13,59,82,471.00,"38,622.00"
2020-02-23,2020022301030315,SBL,40,16,10,351.00,"3,510.00"
2020-02-23,2020022301030222,SBL,40,7,200,350.00,"70,000.00"
2020-02-23,2020022301030086,SBL,57,7,300,350.00,"105,000.00"
2020-02-23,2020022301030388,SCB,56,48,88,715.00,"62,920.00"
2020-02-23,2020022301030387,SCB,56,22,20,715.00,"14,300.00"
2020-02-23,2020022301030386,SCB,56,36,50,715.00,"35,750.00"
2020-02-23,2020022301030385,SCB,56,45,100,715.00,"71,500.00"
2020-02-23,2020022301030384,SCB,56,58,200,714.00,"142,800.00"
2020-02-23,2020022301030383,SCB,56,17,50,714.00,"35,700.00"
2020-02-23,2020022301030187,SCB,13,11,10,708.00,"7,080.00"
2020-02-23,2020022301030021,SCB,45,46,50,710.00,"35,500.00"
2020-02-23,2020022301030020,SCB,45,28,100,710.00,"71,000.00"
2020-02-23,2020022301030019,SCB,45,11,150,710.00,"106,500.00"
2020-02-23,2020022301030382,SCB,56,17,100,713.00,"71,300.00"
2020-02-23,2020022301030381,SCB,56,34,20,712.00,"14,240.00"
2020-02-23,2020022301030380,SCB,56,49,30,712.00,"21,360.00"
2020-02-23,2020022301030379,SCB,56,17,200,712.00,"142,400.00"
2020-02-23,2020022301030378,SCB,56,16,100,711.00,"71,100.00"
2020-02-23,2020022301030188,SCB,50,11,40,708.00,"28,320.00"
2020-02-23,2020022301030454,SDESI,4,16,17,"1,108.00","18,836.00"
2020-02-23,2020022301029962,SDESI,4,44,72,"1,108.00","79,776.00"
2020-02-23,2020022301030307,SHINE,57,4,"4,800",305.00,"1,464,000.00"
2020-02-23,2020022301030179,SHINE,45,4,200,305.00,"61,000.00"
2020-02-23,2020022301030411,SHIVM,45,25,785,670.00,"525,950.00"
2020-02-23,2020022301030410,SHIVM,45,35,500,670.00,"335,000.00"
2020-02-23,2020022301030409,SHIVM,45,16,50,670.00,"33,500.00"
2020-02-23,2020022301030408,SHIVM,45,21,"1,000",670.00,"670,000.00"
2020-02-23,2020022301030407,SHIVM,45,25,"1,000",670.00,"670,000.00"
2020-02-23,2020022301030406,SHIVM,45,52,100,670.00,"67,000.00"
2020-02-23,2020022301030009,SHIVM,52,38,"1,000",669.00,"669,000.00"
2020-02-23,2020022301030002,SHIVM,19,22,150,668.00,"100,200.00"
2020-02-23,2020022301029988,SHIVM,57,38,200,669.00,"133,800.00"
2020-02-23,2020022301030360,SHIVM,56,26,200,668.00,"133,600.00"
2020-02-23,2020022301030324,SHIVM,56,26,200,668.00,"133,600.00"
2020-02-23,2020022301030091,SHIVM,35,26,50,668.00,"33,400.00"
2020-02-23,2020022301030090,SHIVM,19,26,10,668.00,"6,680.00"
2020-02-23,2020022301030089,SHIVM,52,26,200,669.00,"133,800.00"
2020-02-23,2020022301030405,SHIVM,45,13,25,670.00,"16,750.00"
2020-02-23,2020022301030404,SHIVM,45,42,100,670.00,"67,000.00"
2020-02-23,2020022301030403,SHIVM,45,33,900,670.00,"603,000.00"
2020-02-23,2020022301030402,SHIVM,45,39,100,668.00,"66,800.00"
2020-02-23,2020022301030401,SHIVM,45,26,440,668.00,"293,920.00"
2020-02-23,2020022301030224,SIC,16,34,10,836.00,"8,360.00"
2020-02-23,2020022301030431,SICL,45,44,50,"1,347.00","67,350.00"
2020-02-23,2020022301030377,SICL,32,44,100,"1,347.00","134,700.00"
2020-02-23,2020022301030296,SICL,45,44,100,"1,347.00","134,700.00"
2020-02-23,2020022301030129,SICL,44,44,110,"1,347.00","148,170.00"
2020-02-23,2020022301030128,SICL,44,8,90,"1,346.00","121,140.00"
2020-02-23,2020022301030075,SICL,49,8,10,"1,346.00","13,460.00"
2020-02-23,2020022301030074,SICL,49,59,90,"1,340.00","120,600.00"
2020-02-23,2020022301030452,SIL,4,39,106,646.00,"68,476.00"
2020-02-23,2020022301029971,SIL,4,44,100,646.00,"64,600.00"
2020-02-23,2020022301030321,SINDU,49,42,50,147.00,"7,350.00"
2020-02-23,2020022301030320,SINDU,49,34,400,147.00,"58,800.00"
2020-02-23,2020022301030319,SINDU,49,34,500,147.00,"73,500.00"
2020-02-23,2020022301030318,SINDU,49,21,50,146.00,"7,300.00"
2020-02-23,2020022301030317,SINDU,49,32,300,146.00,"43,800.00"
2020-02-23,2020022301030316,SINDU,49,33,500,146.00,"73,000.00"
2020-02-23,2020022301030311,SINDU,45,54,200,145.00,"29,000.00"
2020-02-23,2020022301030310,SINDU,45,22,794,145.00,"115,130.00"
2020-02-23,2020022301030430,SJCL,36,46,750,158.00,"118,500.00"
2020-02-23,2020022301030429,SJCL,6,46,130,158.00,"20,540.00"
2020-02-23,2020022301030428,SJCL,5,46,"1,000",158.00,"158,000.00"
2020-02-23,2020022301030427,SJCL,59,46,100,158.00,"15,800.00"
2020-02-23,2020022301030426,SJCL,49,46,570,158.00,"90,060.00"
2020-02-23,2020022301030425,SJCL,37,46,450,159.00,"71,550.00"
2020-02-23,2020022301030178,SKBBL,19,6,100,"1,354.00","135,400.00"
2020-02-23,2020022301030028,SKBBL,19,44,99,"1,375.00","136,125.00"
2020-02-23,2020022301030024,SKBBL,42,44,10,"1,375.00","13,750.00"
2020-02-23,2020022301029987,SKBBL,43,44,41,"1,375.00","56,375.00"
2020-02-23,2020022301029986,SKBBL,43,14,159,"1,355.00","215,445.00"
2020-02-23,2020022301029985,SKBBL,57,14,100,"1,355.00","135,500.00"
2020-02-23,2020022301029978,SKBBL,14,14,100,"1,358.00","135,800.00"
2020-02-23,2020022301029984,SKBBL,25,14,50,"1,355.00","67,750.00"
2020-02-23,2020022301029983,SKBBL,21,14,50,"1,355.00","67,750.00"
2020-02-23,2020022301029982,SKBBL,28,14,300,"1,356.00","406,800.00"
2020-02-23,2020022301029981,SKBBL,32,14,25,"1,357.00","33,925.00"
2020-02-23,2020022301029980,SKBBL,38,14,200,"1,357.00","271,400.00"
2020-02-23,2020022301029979,SKBBL,21,14,100,"1,357.00","135,700.00"
2020-02-23,2020022301030168,SLBBL,40,55,130,"1,022.00","132,860.00"
2020-02-23,2020022301030167,SLBBL,6,55,20,"1,022.00","20,440.00"
2020-02-23,2020022301030147,SLBSL,55,22,50,"1,049.00","52,450.00"
2020-02-23,2020022301030437,SLICL,44,39,10,524.00,"5,240.00"
2020-02-23,2020022301030436,SLICL,44,39,200,520.00,"104,000.00"
2020-02-23,2020022301030338,SLICL,22,45,100,518.00,"51,800.00"
2020-02-23,2020022301030337,SLICL,54,45,100,519.00,"51,900.00"
2020-02-23,2020022301030336,SLICL,51,45,295,519.00,"153,105.00"
2020-02-23,2020022301030251,SLICL,55,39,"1,000",520.00,"520,000.00"
2020-02-23,2020022301029991,SLICL,44,7,400,522.00,"208,800.00"
2020-02-23,2020022301030250,SLICL,4,39,"2,178",521.00,"1,134,738.00"
2020-02-23,2020022301030238,SLICL,4,39,200,521.00,"104,200.00"
2020-02-23,2020022301030134,SLICL,4,7,100,521.00,"52,100.00"
2020-02-23,2020022301030030,SLICL,53,39,500,524.00,"262,000.00"
2020-02-23,2020022301030014,SLICL,8,39,200,524.00,"104,800.00"
2020-02-23,2020022301029963,SMB,48,42,20,"1,114.00","22,280.00"
2020-02-23,2020022301030335,SRBL,49,50,100,275.00,"27,500.00"
2020-02-23,2020022301030334,SRBL,49,11,62,275.00,"17,050.00"
2020-02-23,2020022301030333,SRBL,49,11,100,275.00,"27,500.00"
2020-02-23,2020022301030332,SRBL,49,33,200,275.00,"55,000.00"
2020-02-23,2020022301030331,SRBL,49,47,"1,007",275.00,"276,925.00"
2020-02-23,2020022301030330,SRBL,49,57,500,275.00,"137,500.00"
2020-02-23,2020022301030329,SRBL,49,22,35,275.00,"9,625.00"
2020-02-23,2020022301030328,SRBL,49,54,300,275.00,"82,500.00"
2020-02-23,2020022301030327,SRBL,49,34,400,275.00,"110,000.00"
2020-02-23,2020022301030326,SRBL,49,21,90,275.00,"24,750.00"
2020-02-23,2020022301030247,SRBL,57,16,50,274.00,"13,700.00"
2020-02-23,2020022301030033,SWBBL,40,43,170,"1,395.00","237,150.00"
2020-02-23,2020022301030032,SWBBL,58,43,30,"1,400.00","42,000.00"
2020-02-23,2020022301030432,TRH,54,26,100,315.00,"31,500.00"
2020-02-23,2020022301030447,UIC,14,26,50,454.00,"22,700.00"
2020-02-23,2020022301030397,UIC,39,26,100,454.00,"45,400.00"
2020-02-23,2020022301030153,UIC,41,26,100,454.00,"45,400.00"
2020-02-23,2020022301030008,UIC,19,35,110,452.00,"49,720.00"
2020-02-23,2020022301030127,UPCL,16,35,10,84.00,840.00
2020-02-23,2020022301029974,UPCL,37,49,50,81.00,"4,050.00"
2020-02-23,2020022301030448,UPPER,46,33,500,245.00,"122,500.00"
2020-02-23,2020022301030022,UPPER,46,46,110,245.00,"26,950.00"
2020-02-23,2020022301030236,UPPER,43,45,29,246.00,"7,134.00"
2020-02-23,2020022301030235,UPPER,43,51,971,246.00,"238,866.00"
2020-02-23,2020022301030039,VLBS,55,5,10,"1,270.00","12,700.00"
2020-02-23,2020022301030245,VLBS,13,5,20,"1,270.00","25,400.00"
2020-02-23,2020022301030389,VLBS,13,58,200,"1,275.00","255,000.00"
2020-02-23,2020022301030184,WOMI,49,57,63,"1,187.00","74,781.00"
2020-02-23,2020022301029898,ADBL,42,34,850,431.00,"366,350.00"
2020-02-23,2020022301029897,ADBL,42,34,100,431.00,"43,100.00"
2020-02-23,2020022301029896,ADBL,42,50,50,431.00,"21,550.00"
2020-02-23,2020022301029831,ADBL,39,50,200,431.00,"86,200.00"
2020-02-23,2020022301029687,ADBL,41,48,100,429.00,"42,900.00"
2020-02-23,2020022301029523,ADBL,59,39,56,428.00,"23,968.00"
2020-02-23,2020022301029782,ADBL,13,50,50,431.00,"21,550.00"
2020-02-23,2020022301029735,ADBL,26,42,25,430.00,"10,750.00"
2020-02-23,2020022301029734,ADBL,42,55,12,430.00,"5,160.00"
2020-02-23,2020022301029895,AKJCL,6,10,100,58.00,"5,800.00"
2020-02-23,2020022301029593,AKJCL,42,48,10,59.00,590.00
2020-02-23,2020022301029791,ALICL,38,36,500,647.00,"323,500.00"
2020-02-23,2020022301029757,ALICL,38,42,"2,607",649.00,"1,691,943.00"
2020-02-23,2020022301029721,ALICL,38,36,100,647.00,"64,700.00"
2020-02-23,2020022301029702,ALICL,57,42,200,649.00,"129,800.00"
2020-02-23,2020022301029660,ALICL,57,42,500,649.00,"324,500.00"
2020-02-23,2020022301029585,ALICL,32,13,500,648.00,"324,000.00"
2020-02-23,2020022301029548,ALICL,35,16,10,644.00,"6,440.00"
2020-02-23,2020022301029663,API,49,28,140,140.00,"19,600.00"
2020-02-23,2020022301029840,BOKL,13,59,100,257.00,"25,700.00"
2020-02-23,2020022301029811,BOKL,39,59,130,257.00,"33,410.00"
2020-02-23,2020022301029797,BOKL,44,13,50,256.00,"12,800.00"
2020-02-23,2020022301029700,BOKL,44,40,41,256.00,"10,496.00"
2020-02-23,2020022301029694,BOKL,48,59,200,257.00,"51,400.00"
2020-02-23,2020022301029515,BOKL,44,46,150,256.00,"38,400.00"
2020-02-23,2020022301029512,BOKL,38,59,200,257.00,"51,400.00"
2020-02-23,2020022301029823,BPCL,40,28,32,401.00,"12,832.00"
2020-02-23,2020022301029669,BPCL,50,28,100,401.00,"40,100.00"
2020-02-23,2020022301029647,BPCL,45,28,241,401.00,"96,641.00"
2020-02-23,2020022301029563,BPCL,55,28,500,402.00,"201,000.00"
2020-02-23,2020022301029562,BPCL,59,28,500,402.00,"201,000.00"
2020-02-23,2020022301029924,CBBL,54,39,180,"1,260.00","226,800.00"
2020-02-23,2020022301029659,CBBL,38,39,100,"1,260.00","126,000.00"
2020-02-23,2020022301029796,CBBL,49,39,50,"1,260.00","63,000.00"
2020-02-23,2020022301029745,CBBL,48,49,18,"1,255.00","22,590.00"
2020-02-23,2020022301029848,CBL,28,13,10,160.00,"1,600.00"
2020-02-23,2020022301029835,CBL,21,13,356,160.00,"56,960.00"
2020-02-23,2020022301029834,CBL,21,41,102,160.00,"16,320.00"
2020-02-23,2020022301029833,CBL,21,42,154,160.00,"24,640.00"
2020-02-23,2020022301029832,CBL,21,42,88,160.00,"14,080.00"
2020-02-23,2020022301029822,CBL,7,42,500,160.00,"80,000.00"
2020-02-23,2020022301029726,CBL,58,59,100,159.00,"15,900.00"
2020-02-23,2020022301029661,CBL,58,44,146,159.00,"23,214.00"
2020-02-23,2020022301029627,CBL,48,32,"1,000",160.00,"160,000.00"
2020-02-23,2020022301029821,CBL,7,32,"1,000",160.00,"160,000.00"
2020-02-23,2020022301029820,CBL,33,44,61,159.00,"9,699.00"
2020-02-23,2020022301029783,CBL,58,44,85,159.00,"13,515.00"
2020-02-23,2020022301029756,CBL,51,42,82,160.00,"13,120.00"
2020-02-23,2020022301029755,CBL,51,57,118,160.00,"18,880.00"
2020-02-23,2020022301029754,CBL,21,57,500,160.00,"80,000.00"
2020-02-23,2020022301029728,CCBL,59,39,"1,000",194.00,"194,000.00"
2020-02-23,2020022301029956,CFCL,4,14,139,152.00,"21,128.00"
2020-02-23,2020022301029940,CHCL,22,43,109,452.00,"49,268.00"
2020-02-23,2020022301029939,CHCL,22,39,50,451.00,"22,550.00"
2020-02-23,2020022301029938,CHCL,22,7,41,450.00,"18,450.00"
2020-02-23,2020022301029858,CHCL,39,7,500,450.00,"225,000.00"
2020-02-23,2020022301029799,CHCL,36,7,100,450.00,"45,000.00"
2020-02-23,2020022301029739,CIT,56,37,100,"3,005.00","300,500.00"
2020-02-23,2020022301029730,CIT,33,59,300,"3,000.00","900,000.00"
2020-02-23,2020022301029662,CIT,19,59,100,"3,001.00","300,100.00"
2020-02-23,2020022301029873,CLBSL,38,17,10,"1,285.00","12,850.00"
2020-02-23,2020022301029481,CMF1,35,47,"34,900",9.95,"347,255.00"
2020-02-23,2020022301029480,CMF1,35,58,"5,000",9.94,"49,700.00"
2020-02-23,2020022301029641,CZBIL,42,51,10,214.00,"2,140.00"
2020-02-23,2020022301029812,DDBL,37,53,50,"1,043.00","52,150.00"
2020-02-23,2020022301029906,EBL,50,6,50,730.00,"36,500.00"
2020-02-23,2020022301029905,EBL,50,49,100,730.00,"73,000.00"
2020-02-23,2020022301029904,EBL,50,28,50,730.00,"36,500.00"
2020-02-23,2020022301029867,EBL,41,17,250,729.00,"182,250.00"
2020-02-23,2020022301029866,EBL,41,11,50,728.00,"36,400.00"
2020-02-23,2020022301029720,EBL,42,32,50,727.00,"36,350.00"
2020-02-23,2020022301029531,EBL,54,45,225,726.00,"163,350.00"
2020-02-23,2020022301029516,EBLCP,58,14,10,622.00,"6,220.00"
2020-02-23,2020022301029753,EDBL,42,32,100,402.00,"40,200.00"
2020-02-23,2020022301029715,EIC,46,11,500,476.00,"238,000.00"
2020-02-23,2020022301029686,EIC,46,45,100,475.00,"47,500.00"
2020-02-23,2020022301029635,FOWAD,14,4,110,"1,806.00","198,660.00"
2020-02-23,2020022301029582,FOWAD,14,4,390,"1,806.00","704,340.00"
2020-02-23,2020022301029581,FOWAD,6,4,80,"1,820.00","145,600.00"
2020-02-23,2020022301029580,FOWAD,40,4,30,"1,821.00","54,630.00"
2020-02-23,2020022301029478,GBBL,49,39,150,258.00,"38,700.00"
2020-02-23,2020022301029933,GBIME,52,47,41,297.00,"12,177.00"
2020-02-23,2020022301029932,GBIME,52,4,218,297.00,"64,746.00"
2020-02-23,2020022301029931,GBIME,52,29,"1,000",297.00,"297,000.00"
2020-02-23,2020022301029930,GBIME,52,51,54,297.00,"16,038.00"
2020-02-23,2020022301029929,GBIME,52,42,"1,500",296.00,"444,000.00"
2020-02-23,2020022301029928,GBIME,52,52,"1,000",296.00,"296,000.00"
2020-02-23,2020022301029555,GBIME,57,39,50,296.00,"14,800.00"
2020-02-23,2020022301029543,GBIME,48,38,200,293.00,"58,600.00"
2020-02-23,2020022301029517,GBIME,48,38,200,293.00,"58,600.00"
2020-02-23,2020022301029502,GBIME,48,38,200,293.00,"58,600.00"
2020-02-23,2020022301029461,GBIME,48,38,100,293.00,"29,300.00"
2020-02-23,2020022301029459,GBIME,7,38,100,293.00,"29,300.00"
2020-02-23,2020022301029648,GBIME,42,38,200,293.00,"58,600.00"
2020-02-23,2020022301029625,GBIME,42,38,200,293.00,"58,600.00"
2020-02-23,2020022301029598,GBIME,42,38,200,293.00,"58,600.00"
2020-02-23,2020022301029578,GBIME,42,38,100,293.00,"29,300.00"
2020-02-23,2020022301029577,GBIME,48,38,100,293.00,"29,300.00"
2020-02-23,2020022301029556,GBIME,48,38,200,293.00,"58,600.00"
2020-02-23,2020022301029696,GBIME,51,38,100,293.00,"29,300.00"
2020-02-23,2020022301029673,GBIME,51,38,200,293.00,"58,600.00"
2020-02-23,2020022301029654,GBIME,14,41,147,292.00,"42,924.00"
2020-02-23,2020022301029653,GBIME,36,41,100,292.00,"29,200.00"
2020-02-23,2020022301029652,GBIME,19,41,453,292.00,"132,276.00"
2020-02-23,2020022301029651,GBIME,42,41,300,293.00,"87,900.00"
2020-02-23,2020022301029927,GBIME,52,39,907,296.00,"268,472.00"
2020-02-23,2020022301029926,GBIME,52,38,180,295.00,"53,100.00"
2020-02-23,2020022301029925,GBIME,52,33,100,295.00,"29,500.00"
2020-02-23,2020022301029740,GBIME,14,38,320,292.00,"93,440.00"
2020-02-23,2020022301029716,GBIME,14,38,300,292.00,"87,600.00"
2020-02-23,2020022301029697,GBIME,14,38,200,292.00,"58,400.00"
2020-02-23,2020022301029615,GBLBS,38,14,200,600.00,"120,000.00"
2020-02-23,2020022301029614,GBLBS,58,14,100,600.00,"60,000.00"
2020-02-23,2020022301029613,GBLBS,6,14,10,600.00,"6,000.00"
2020-02-23,2020022301029612,GBLBS,8,14,150,600.00,"90,000.00"
2020-02-23,2020022301029611,GBLBS,26,14,100,600.00,"60,000.00"
2020-02-23,2020022301029610,GBLBS,58,14,100,600.00,"60,000.00"
2020-02-23,2020022301029482,GBLBS,54,35,20,610.00,"12,200.00"
2020-02-23,2020022301029488,GBLBS,28,35,"1,000",601.00,"601,000.00"
2020-02-23,2020022301029487,GBLBS,38,35,500,602.00,"301,000.00"
2020-02-23,2020022301029486,GBLBS,50,35,250,603.00,"150,750.00"
2020-02-23,2020022301029485,GBLBS,39,35,100,603.00,"60,300.00"
2020-02-23,2020022301029484,GBLBS,50,35,250,603.00,"150,750.00"
2020-02-23,2020022301029483,GBLBS,5,35,78,603.00,"47,034.00"
2020-02-23,2020022301029609,GBLBS,48,14,100,600.00,"60,000.00"
2020-02-23,2020022301029608,GBLBS,36,14,237,600.00,"142,200.00"
2020-02-23,2020022301029492,GBLBS,36,35,263,600.00,"157,800.00"
2020-02-23,2020022301029491,GBLBS,32,35,50,600.00,"30,000.00"
2020-02-23,2020022301029490,GBLBS,34,35,500,600.00,"300,000.00"
2020-02-23,2020022301029489,GBLBS,1,35,100,600.00,"60,000.00"
2020-02-23,2020022301029855,GMFIL,42,13,500,143.00,"71,500.00"
2020-02-23,2020022301029854,GMFIL,42,37,500,143.00,"71,500.00"
2020-02-23,2020022301029853,GMFIL,42,26,200,142.00,"28,400.00"
2020-02-23,2020022301029852,GMFIL,42,28,631,142.00,"89,602.00"
2020-02-23,2020022301029810,GMFIL,42,45,577,141.00,"81,357.00"
2020-02-23,2020022301029809,GMFIL,42,5,200,140.00,"28,000.00"
2020-02-23,2020022301029808,GMFIL,42,46,"2,000",140.00,"280,000.00"
2020-02-23,2020022301029773,GRDBL,39,38,104,138.00,"14,352.00"
2020-02-23,2020022301029772,GRDBL,39,36,385,138.00,"53,130.00"
2020-02-23,2020022301029771,GRDBL,39,10,"1,186",138.00,"163,668.00"
2020-02-23,2020022301029688,HBL,42,48,100,615.00,"61,500.00"
2020-02-23,2020022301029509,HDL,43,26,200,"1,645.00","329,000.00"
2020-02-23,2020022301029457,HDL,11,26,100,"1,645.00","164,500.00"
2020-02-23,2020022301029902,HGI,32,37,300,475.00,"142,500.00"
2020-02-23,2020022301029691,HGI,20,45,400,477.00,"190,800.00"
2020-02-23,2020022301029690,HGI,20,45,425,477.00,"202,725.00"
2020-02-23,2020022301029689,HGI,20,58,175,477.00,"83,475.00"
2020-02-23,2020022301029692,HURJA,42,51,10,111.00,"1,110.00"
2020-02-23,2020022301029806,ICFC,51,26,"1,000",206.00,"206,000.00"
2020-02-23,2020022301029870,IGI,26,4,60,525.00,"31,500.00"
2020-02-23,2020022301029869,IGI,26,32,10,525.00,"5,250.00"
2020-02-23,2020022301029668,IGI,20,39,100,525.00,"52,500.00"
2020-02-23,2020022301029521,IGI,7,34,200,529.00,"105,800.00"
2020-02-23,2020022301029520,IGI,7,19,300,528.00,"158,400.00"
2020-02-23,2020022301029889,KBL,7,37,237,209.00,"49,533.00"
2020-02-23,2020022301029836,KBL,56,37,863,209.00,"180,367.00"
2020-02-23,2020022301029813,KBL,6,44,100,210.00,"21,000.00"
2020-02-23,2020022301029746,KBL,56,40,64,209.00,"13,376.00"
2020-02-23,2020022301029732,KBL,6,44,100,210.00,"21,000.00"
2020-02-23,2020022301029731,KBL,56,49,25,209.00,"5,225.00"
2020-02-23,2020022301029724,KBL,56,6,48,209.00,"10,032.00"
2020-02-23,2020022301029723,KBL,35,6,500,209.00,"104,500.00"
2020-02-23,2020022301029623,KBL,35,22,200,209.00,"41,800.00"
2020-02-23,2020022301029885,KMCDB,1,38,10,"1,020.00","10,200.00"
2020-02-23,2020022301029837,KMCDB,1,38,10,"1,020.00","10,200.00"
2020-02-23,2020022301029633,KMCDB,1,38,10,"1,020.00","10,200.00"
2020-02-23,2020022301029589,KMCDB,1,38,10,"1,020.00","10,200.00"
2020-02-23,2020022301029501,KMCDB,1,38,10,"1,020.00","10,200.00"
2020-02-23,2020022301029789,KMCDB,1,38,10,"1,020.00","10,200.00"
2020-02-23,2020022301029741,KMCDB,1,38,10,"1,020.00","10,200.00"
2020-02-23,2020022301029693,KMCDB,1,38,10,"1,020.00","10,200.00"
2020-02-23,2020022301029522,KSBBL,49,14,10,186.00,"1,860.00"
2020-02-23,2020022301029505,KSBBL,49,57,100,185.00,"18,500.00"
2020-02-23,2020022301029504,KSBBL,49,5,300,185.00,"55,500.00"
2020-02-23,2020022301029503,KSBBL,49,43,48,185.00,"8,880.00"
2020-02-23,2020022301029645,LBBL,7,33,850,208.00,"176,800.00"
2020-02-23,2020022301029644,LBBL,7,6,500,208.00,"104,000.00"
2020-02-23,2020022301029643,LBBL,7,45,200,208.00,"41,600.00"
2020-02-23,2020022301029829,LBL,42,28,568,249.00,"141,432.00"
2020-02-23,2020022301029828,LBL,42,28,145,249.00,"36,105.00"
2020-02-23,2020022301029827,LBL,42,58,37,249.00,"9,213.00"
2020-02-23,2020022301029826,LBL,42,53,350,248.00,"86,800.00"
2020-02-23,2020022301029825,LBL,42,57,200,248.00,"49,600.00"
2020-02-23,2020022301029824,LBL,42,38,200,248.00,"49,600.00"
2020-02-23,2020022301029890,LGIL,59,52,80,561.00,"44,880.00"
2020-02-23,2020022301029865,LGIL,59,53,100,561.00,"56,100.00"
2020-02-23,2020022301029511,LGIL,41,6,50,562.00,"28,100.00"
2020-02-23,2020022301029474,LGIL,5,6,100,562.00,"56,200.00"
2020-02-23,2020022301029553,LLBS,47,38,123,"1,265.00","155,595.00"
2020-02-23,2020022301029552,LLBS,39,38,90,"1,265.00","113,850.00"
2020-02-23,2020022301029551,LLBS,34,38,50,"1,272.00","63,600.00"
2020-02-23,2020022301029550,LLBS,47,38,90,"1,275.00","114,750.00"
2020-02-23,2020022301029549,LLBS,4,38,16,"1,279.00","20,464.00"
2020-02-23,2020022301029911,MBL,57,37,"1,000",261.00,"261,000.00"
2020-02-23,2020022301029777,MBL,57,14,500,260.00,"130,000.00"
2020-02-23,2020022301029636,MBL,6,6,200,259.00,"51,800.00"
2020-02-23,2020022301029876,MEGA,6,44,93,230.00,"21,390.00"
2020-02-23,2020022301029807,MEGA,57,57,"1,000",231.00,"231,000.00"
2020-02-23,2020022301029804,MEGA,41,57,"1,000",231.00,"231,000.00"
2020-02-23,2020022301029776,MEGA,42,57,720,231.00,"166,320.00"
2020-02-23,2020022301029775,MEGA,42,48,"1,000",231.00,"231,000.00"
2020-02-23,2020022301029774,MEGA,42,14,280,231.00,"64,680.00"
2020-02-23,2020022301029729,MEGA,28,14,10,231.00,"2,310.00"
2020-02-23,2020022301029597,MEGA,6,38,100,230.00,"23,000.00"
2020-02-23,2020022301029564,MEGA,6,5,99,230.00,"22,770.00"
2020-02-23,2020022301029514,MEGA,6,56,186,230.00,"42,780.00"
2020-02-23,2020022301029513,MEGA,33,56,314,230.00,"72,220.00"
2020-02-23,2020022301029923,MERO,34,44,40,790.00,"31,600.00"
2020-02-23,2020022301029922,MERO,42,44,50,790.00,"39,500.00"
2020-02-23,2020022301029921,MERO,47,44,250,790.00,"197,500.00"
2020-02-23,2020022301029920,MERO,49,44,92,790.00,"72,680.00"
2020-02-23,2020022301029814,MERO,32,38,500,792.00,"396,000.00"
2020-02-23,2020022301029494,MERO,51,53,20,791.00,"15,820.00"
2020-02-23,2020022301029622,MERO,49,44,100,790.00,"79,000.00"
2020-02-23,2020022301029559,MERO,49,53,167,790.00,"131,930.00"
2020-02-23,2020022301029495,MERO,49,53,280,790.00,"221,200.00"
2020-02-23,2020022301029794,MFIL,57,40,500,210.00,"105,000.00"
2020-02-23,2020022301029594,MFIL,49,45,"1,616",210.00,"339,360.00"
2020-02-23,2020022301029540,MLBBL,16,26,65,900.00,"58,500.00"
2020-02-23,2020022301029539,MLBBL,40,26,100,901.00,"90,100.00"
2020-02-23,2020022301029538,MLBBL,57,26,325,902.00,"293,150.00"
2020-02-23,2020022301029506,MLBBL,26,26,10,912.00,"9,120.00"
2020-02-23,2020022301029646,MLBL,49,50,30,235.00,"7,050.00"
2020-02-23,2020022301029903,MNBBL,43,14,500,358.00,"179,000.00"
2020-02-23,2020022301029792,MNBBL,42,59,100,357.00,"35,700.00"
2020-02-23,2020022301029676,MNBBL,13,6,60,356.00,"21,360.00"
2020-02-23,2020022301029542,MNBBL,13,6,32,356.00,"11,392.00"
2020-02-23,2020022301029864,MSMBS,57,53,50,900.00,"45,000.00"
2020-02-23,2020022301029655,MSMBS,50,53,100,900.00,"90,000.00"
2020-02-23,2020022301029640,MSMBS,11,53,10,900.00,"9,000.00"
2020-02-23,2020022301029639,MSMBS,6,53,200,900.00,"180,000.00"
2020-02-23,2020022301029638,MSMBS,57,53,50,904.00,"45,200.00"
2020-02-23,2020022301029637,MSMBS,58,53,48,904.00,"43,392.00"
2020-02-23,2020022301029569,MSMBS,58,52,22,904.00,"19,888.00"
2020-02-23,2020022301029717,NABIL,1,52,53,789.00,"41,817.00"
2020-02-23,2020022301029530,NABIL,26,6,200,794.00,"158,800.00"
2020-02-23,2020022301029529,NABIL,26,42,286,794.00,"227,084.00"
2020-02-23,2020022301029528,NABIL,26,17,186,794.00,"147,684.00"
2020-02-23,2020022301029527,NABIL,26,11,100,793.00,"79,300.00"
2020-02-23,2020022301029526,NABIL,26,58,45,793.00,"35,685.00"
2020-02-23,2020022301029525,NABIL,26,34,300,793.00,"237,900.00"
2020-02-23,2020022301029524,NABIL,26,19,50,793.00,"39,650.00"
2020-02-23,2020022301029497,NABIL,54,19,250,793.00,"198,250.00"
2020-02-23,2020022301029744,NADEP,7,41,177,824.00,"145,848.00"
2020-02-23,2020022301029743,NADEP,7,43,23,824.00,"18,952.00"
2020-02-23,2020022301029510,NADEP,40,40,1,822.00,822.00
2020-02-23,2020022301029695,NADEP,49,53,33,820.00,"27,060.00"
2020-02-23,2020022301029617,NADEP,35,53,42,820.00,"34,440.00"
2020-02-23,2020022301029616,NADEP,53,53,25,822.00,"20,550.00"
2020-02-23,2020022301029587,NADEP,53,59,42,822.00,"34,524.00"
2020-02-23,2020022301029586,NADEP,56,59,15,823.00,"12,345.00"
2020-02-23,2020022301029844,NBB,6,6,88,224.00,"19,712.00"
2020-02-23,2020022301029560,NBB,6,46,342,223.00,"76,266.00"
2020-02-23,2020022301029547,NBB,28,6,35,224.00,"7,840.00"
2020-02-23,2020022301029900,NBL,28,45,10,285.00,"2,850.00"
2020-02-23,2020022301029842,NBL,14,41,"2,000",284.00,"568,000.00"
2020-02-23,2020022301029841,NBL,14,41,800,284.00,"227,200.00"
2020-02-23,2020022301029725,NBL,56,41,400,284.00,"113,600.00"
2020-02-23,2020022301029818,NCCB,49,38,365,209.00,"76,285.00"
2020-02-23,2020022301029817,NCCB,49,37,"1,775",209.00,"370,975.00"
2020-02-23,2020022301029816,NCCB,49,57,21,209.00,"4,389.00"
2020-02-23,2020022301029815,NCCB,49,36,839,209.00,"175,351.00"
2020-02-23,2020022301029793,NCCB,38,36,100,209.00,"20,900.00"
2020-02-23,2020022301029770,NCCB,49,36,61,209.00,"12,749.00"
2020-02-23,2020022301029769,NCCB,49,44,439,209.00,"91,751.00"
2020-02-23,2020022301029752,NGPL,33,7,11,140.00,"1,540.00"
2020-02-23,2020022301029790,NHDL,49,48,10,144.00,"1,440.00"
2020-02-23,2020022301029672,NHPC,57,49,700,63.00,"44,100.00"
2020-02-23,2020022301029546,NHPC,14,55,240,62.00,"14,880.00"
2020-02-23,2020022301029545,NHPC,38,55,250,62.00,"15,500.00"
2020-02-23,2020022301029519,NHPC,32,6,"2,000",62.00,"124,000.00"
2020-02-23,2020022301029912,NIB,57,16,200,412.00,"82,400.00"
2020-02-23,2020022301029888,NIB,38,16,100,412.00,"41,200.00"
2020-02-23,2020022301029704,NIB,39,16,100,412.00,"41,200.00"
2020-02-23,2020022301029590,NIB,5,16,500,412.00,"206,000.00"
2020-02-23,2020022301029908,NIBPO,6,17,"1,000",363.00,"363,000.00"
2020-02-23,2020022301029819,NIBPO,13,55,790,362.00,"285,980.00"
2020-02-23,2020022301029919,NICA,40,34,265,600.00,"159,000.00"
2020-02-23,2020022301029918,NICA,40,42,220,600.00,"132,000.00"
2020-02-23,2020022301029917,NICA,40,45,915,600.00,"549,000.00"
2020-02-23,2020022301029916,NICA,40,6,200,599.00,"119,800.00"
2020-02-23,2020022301029915,NICA,40,47,400,598.00,"239,200.00"
2020-02-23,2020022301029913,NICA,32,38,75,593.00,"44,475.00"
2020-02-23,2020022301029736,NICA,57,56,100,594.00,"59,400.00"
2020-02-23,2020022301029733,NICA,50,56,50,594.00,"29,700.00"
2020-02-23,2020022301029670,NICA,32,59,33,593.00,"19,569.00"
2020-02-23,2020022301029557,NICA,32,44,50,593.00,"29,650.00"
2020-02-23,2020022301029537,NICA,21,56,100,594.00,"59,400.00"
2020-02-23,2020022301029496,NICA,19,56,500,594.00,"297,000.00"
2020-02-23,2020022301029887,NICA,32,38,55,593.00,"32,615.00"
2020-02-23,2020022301029868,NICA,32,38,40,593.00,"23,720.00"
2020-02-23,2020022301029843,NICA,10,47,190,598.00,"113,620.00"
2020-02-23,2020022301029838,NICA,32,38,60,593.00,"35,580.00"
2020-02-23,2020022301029805,NICA,32,38,30,593.00,"17,790.00"
2020-02-23,2020022301029737,NICA,57,36,400,597.00,"238,800.00"
2020-02-23,2020022301029893,NICL,44,6,36,511.00,"18,396.00"
2020-02-23,2020022301029851,NICL,44,39,164,511.00,"83,804.00"
2020-02-23,2020022301029850,NICL,33,39,36,511.00,"18,396.00"
2020-02-23,2020022301029803,NICL,33,39,292,511.00,"149,212.00"
2020-02-23,2020022301029802,NICL,33,36,222,510.00,"113,220.00"
2020-02-23,2020022301029600,NICL,44,59,500,510.00,"255,000.00"
2020-02-23,2020022301029599,NICL,44,59,500,510.00,"255,000.00"
2020-02-23,2020022301029798,NICL,50,36,200,510.00,"102,000.00"
2020-02-23,2020022301029795,NICL,44,36,400,510.00,"204,000.00"
2020-02-23,2020022301029742,NICL,48,39,598,511.00,"305,578.00"
2020-02-23,2020022301029678,NICL,41,39,100,511.00,"51,100.00"
2020-02-23,2020022301029535,NIL,11,59,320,679.00,"217,280.00"
2020-02-23,2020022301029534,NIL,11,58,380,678.00,"257,640.00"
2020-02-23,2020022301029533,NIL,11,40,500,677.00,"338,500.00"
2020-02-23,2020022301029634,NLBBL,33,6,12,932.00,"11,184.00"
2020-02-23,2020022301029573,NLBBL,19,6,200,932.00,"186,400.00"
2020-02-23,2020022301029572,NLBBL,22,6,63,932.00,"58,716.00"
2020-02-23,2020022301029571,NLBBL,21,6,10,933.00,"9,330.00"
2020-02-23,2020022301029570,NLBBL,49,6,15,934.00,"14,010.00"
2020-02-23,2020022301029541,NLBBL,57,57,20,937.00,"18,740.00"
2020-02-23,2020022301029479,NLG,42,28,30,739.00,"22,170.00"
2020-02-23,2020022301029861,NLIC,33,56,55,"1,289.00","70,895.00"
2020-02-23,2020022301029860,NLIC,33,28,45,"1,289.00","58,005.00"
2020-02-23,2020022301029763,NLIC,42,28,100,"1,289.00","128,900.00"
2020-02-23,2020022301029620,NLIC,55,56,109,"1,286.00","140,174.00"
2020-02-23,2020022301029619,NLIC,13,56,34,"1,286.00","43,724.00"
2020-02-23,2020022301029607,NLIC,21,40,16,"1,290.00","20,640.00"
2020-02-23,2020022301029606,NLIC,21,43,119,"1,290.00","153,510.00"
2020-02-23,2020022301029605,NLIC,21,41,115,"1,289.00","148,235.00"
2020-02-23,2020022301029604,NLIC,21,48,50,"1,289.00","64,450.00"
2020-02-23,2020022301029800,NLICL,28,39,10,742.00,"7,420.00"
2020-02-23,2020022301029830,NMB,58,32,25,454.00,"11,350.00"
2020-02-23,2020022301029493,NMB,17,28,21,454.00,"9,534.00"
2020-02-23,2020022301029681,NMBMF,38,21,19,"1,122.00","21,318.00"
2020-02-23,2020022301029631,NMFBS,33,49,10,"2,036.00","20,360.00"
2020-02-23,2020022301029899,NTC,28,25,10,650.00,"6,500.00"
2020-02-23,2020022301029878,NTC,28,59,200,645.00,"129,000.00"
2020-02-23,2020022301029857,NTC,44,35,200,643.00,"128,600.00"
2020-02-23,2020022301029847,NTC,28,17,410,647.00,"265,270.00"
2020-02-23,2020022301029846,NTC,28,45,15,647.00,"9,705.00"
2020-02-23,2020022301029845,NTC,28,35,200,646.00,"129,200.00"
2020-02-23,2020022301029667,NTC,28,7,500,646.00,"323,000.00"
2020-02-23,2020022301029666,NTC,28,10,270,645.00,"174,150.00"
2020-02-23,2020022301029882,NUBL,42,47,10,"1,175.00","11,750.00"
2020-02-23,2020022301029621,NUBL,38,6,200,"1,152.00","230,400.00"
2020-02-23,2020022301029568,OHL,33,53,10,503.00,"5,030.00"
2020-02-23,2020022301029894,PCBL,52,35,40,310.00,"12,400.00"
2020-02-23,2020022301029884,PCBL,42,35,500,310.00,"155,000.00"
2020-02-23,2020022301029856,PCBL,48,35,300,310.00,"93,000.00"
2020-02-23,2020022301029839,PCBL,42,35,500,310.00,"155,000.00"
2020-02-23,2020022301029768,PCBL,42,35,357,310.00,"110,670.00"
2020-02-23,2020022301029767,PCBL,42,35,143,310.00,"44,330.00"
2020-02-23,2020022301029714,PCBL,42,35,500,310.00,"155,000.00"
2020-02-23,2020022301029671,PCBL,52,35,17,310.00,"5,270.00"
2020-02-23,2020022301029665,PCBL,42,35,500,310.00,"155,000.00"
2020-02-23,2020022301029626,PCBL,53,35,"1,000",310.00,"310,000.00"
2020-02-23,2020022301029705,PIC,4,57,20,750.00,"15,000.00"
2020-02-23,2020022301029685,PIC,4,52,150,750.00,"112,500.00"
2020-02-23,2020022301029680,PIC,4,48,40,750.00,"30,000.00"
2020-02-23,2020022301029679,PIC,38,48,50,751.00,"37,550.00"
2020-02-23,2020022301029649,PIC,38,57,20,751.00,"15,020.00"
2020-02-23,2020022301029719,PICL,16,36,10,564.00,"5,640.00"
2020-02-23,2020022301029718,PICL,16,57,197,561.00,"110,517.00"
2020-02-23,2020022301029701,PICL,7,28,100,560.00,"56,000.00"
2020-02-23,2020022301029698,PICL,7,10,240,560.00,"134,400.00"
2020-02-23,2020022301029602,PICL,56,57,103,561.00,"57,783.00"
2020-02-23,2020022301029596,PICL,56,8,397,561.00,"222,717.00"
2020-02-23,2020022301029595,PICL,21,8,169,561.00,"94,809.00"
2020-02-23,2020022301029518,PLIC,16,16,75,657.00,"49,275.00"
2020-02-23,2020022301029886,PRIN,46,16,250,532.00,"133,000.00"
2020-02-23,2020022301029703,PRIN,43,16,100,532.00,"53,200.00"
2020-02-23,2020022301029473,PRIN,16,36,300,531.00,"159,300.00"
2020-02-23,2020022301029877,PRVU,13,57,50,266.00,"13,300.00"
2020-02-23,2020022301029761,PRVU,22,57,"1,000",266.00,"266,000.00"
2020-02-23,2020022301029657,PRVU,42,57,220,266.00,"58,520.00"
2020-02-23,2020022301029656,PRVU,42,44,"1,780",266.00,"473,480.00"
2020-02-23,2020022301029624,PRVU,4,5,99,265.00,"26,235.00"
2020-02-23,2020022301029618,PRVU,4,40,52,265.00,"13,780.00"
2020-02-23,2020022301029567,PRVU,4,49,812,265.00,"215,180.00"
2020-02-23,2020022301029561,PRVU,4,52,"1,000",265.00,"265,000.00"
2020-02-23,2020022301029477,PRVU,4,42,100,265.00,"26,500.00"
2020-02-23,2020022301029476,PRVU,4,44,800,265.00,"212,000.00"
2020-02-23,2020022301029475,PRVU,4,49,316,265.00,"83,740.00"
2020-02-23,2020022301029874,RADHI,38,43,11,184.00,"2,024.00"
2020-02-23,2020022301029554,RBCLPO,28,34,30,"10,200.00","306,000.00"
2020-02-23,2020022301029532,RBCLPO,28,34,30,"10,200.00","306,000.00"
2020-02-23,2020022301029588,RBCLPO,28,34,20,"10,200.00","204,000.00"
2020-02-23,2020022301029863,RHPC,57,16,472,90.00,"42,480.00"
2020-02-23,2020022301029862,RHPC,57,16,332,90.00,"29,880.00"
2020-02-23,2020022301029748,RHPC,57,48,168,90.00,"15,120.00"
2020-02-23,2020022301029747,RHPC,57,48,822,90.00,"73,980.00"
2020-02-23,2020022301029738,RHPC,57,38,50,90.00,"4,500.00"
2020-02-23,2020022301029576,RHPL,55,22,300,169.00,"50,700.00"
2020-02-23,2020022301029507,RHPL,48,22,100,169.00,"16,900.00"
2020-02-23,2020022301029658,RLFL,49,57,10,150.00,"1,500.00"
2020-02-23,2020022301029583,RLFL,49,42,169,148.00,"25,012.00"
2020-02-23,2020022301029500,RLFL,49,42,100,148.00,"14,800.00"
2020-02-23,2020022301029937,RMDC,5,39,100,840.00,"84,000.00"
2020-02-23,2020022301029936,RMDC,44,39,"1,000",841.00,"841,000.00"
2020-02-23,2020022301029935,RMDC,57,39,100,841.00,"84,100.00"
2020-02-23,2020022301029934,RMDC,54,39,50,842.00,"42,100.00"
2020-02-23,2020022301029879,RMDC,48,6,60,847.00,"50,820.00"
2020-02-23,2020022301029706,RMDC,44,37,490,846.00,"414,540.00"
2020-02-23,2020022301029760,SABSL,56,36,40,"1,000.00","40,000.00"
2020-02-23,2020022301029907,SANIMA,13,57,50,387.00,"19,350.00"
2020-02-23,2020022301029883,SANIMA,7,57,200,387.00,"77,400.00"
2020-02-23,2020022301029762,SANIMA,50,14,23,386.00,"8,878.00"
2020-02-23,2020022301029914,SBI,50,59,300,471.00,"141,300.00"
2020-02-23,2020022301029675,SBI,13,59,350,471.00,"164,850.00"
2020-02-23,2020022301029674,SBI,13,41,150,470.00,"70,500.00"
2020-02-23,2020022301029901,SBL,53,45,"1,000",348.00,"348,000.00"
2020-02-23,2020022301029781,SBL,57,43,267,347.00,"92,649.00"
2020-02-23,2020022301029664,SBL,42,43,100,347.00,"34,700.00"
2020-02-23,2020022301029601,SBL,32,43,10,347.00,"3,470.00"
2020-02-23,2020022301029955,SCB,13,57,50,708.00,"35,400.00"
2020-02-23,2020022301029954,SCB,13,53,140,708.00,"99,120.00"
2020-02-23,2020022301029953,SCB,13,46,300,707.00,"212,100.00"
2020-02-23,2020022301029942,SCB,37,42,50,705.00,"35,250.00"
2020-02-23,2020022301029566,SCB,11,53,60,708.00,"42,480.00"
2020-02-23,2020022301029565,SCB,11,57,40,708.00,"28,320.00"
2020-02-23,2020022301029632,SCB,37,54,50,705.00,"35,250.00"
2020-02-23,2020022301029849,SDESI,4,44,100,"1,108.00","110,800.00"
2020-02-23,2020022301029780,SDESI,4,44,28,"1,108.00","31,024.00"
2020-02-23,2020022301029779,SDESI,4,47,22,"1,108.00","24,376.00"
2020-02-23,2020022301029727,SDESI,4,51,100,"1,106.00","110,600.00"
2020-02-23,2020022301029650,SDESI,4,16,100,"1,106.00","110,600.00"
2020-02-23,2020022301029574,SDESI,4,16,50,"1,106.00","55,300.00"
2020-02-23,2020022301029460,SDESI,4,16,50,"1,106.00","55,300.00"
2020-02-23,2020022301029758,SHINE,57,38,349,304.00,"106,096.00"
2020-02-23,2020022301029642,SHINE,40,38,200,304.00,"60,800.00"
2020-02-23,2020022301029579,SHINE,42,38,"1,000",304.00,"304,000.00"
2020-02-23,2020022301029909,SHIVM,56,25,"1,000",669.00,"669,000.00"
2020-02-23,2020022301029722,SHIVM,19,49,140,668.00,"93,520.00"
2020-02-23,2020022301029699,SHIVM,52,49,60,668.00,"40,080.00"
2020-02-23,2020022301029684,SHIVM,52,57,200,668.00,"133,600.00"
2020-02-23,2020022301029683,SHIVM,52,36,600,668.00,"400,800.00"
2020-02-23,2020022301029682,SHIVM,52,40,600,668.00,"400,800.00"
2020-02-23,2020022301029677,SHIVM,38,40,60,668.00,"40,080.00"
2020-02-23,2020022301029603,SHIVM,16,40,100,668.00,"66,800.00"
2020-02-23,2020022301029536,SHIVM,11,40,100,668.00,"66,800.00"
2020-02-23,2020022301029458,SHIVM,39,42,50,663.00,"33,150.00"
2020-02-23,2020022301029801,SHL,39,45,500,200.00,"100,000.00"
2020-02-23,2020022301029952,SHPC,57,35,175,250.00,"43,750.00"
2020-02-23,2020022301029951,SHPC,57,38,100,249.00,"24,900.00"
2020-02-23,2020022301029950,SHPC,57,56,50,249.00,"12,450.00"
2020-02-23,2020022301029949,SHPC,57,51,100,249.00,"24,900.00"
2020-02-23,2020022301029948,SHPC,57,34,15,249.00,"3,735.00"
2020-02-23,2020022301029947,SHPC,57,17,200,249.00,"49,800.00"
2020-02-23,2020022301029558,SHPC,32,57,100,246.00,"24,600.00"
2020-02-23,2020022301029946,SHPC,57,29,700,249.00,"174,300.00"
2020-02-23,2020022301029945,SHPC,57,28,360,249.00,"89,640.00"
2020-02-23,2020022301029944,SHPC,57,16,"1,000",248.00,"248,000.00"
2020-02-23,2020022301029943,SHPC,57,33,300,248.00,"74,400.00"
2020-02-23,2020022301029778,SHPC,32,16,500,246.00,"123,000.00"
2020-02-23,2020022301029941,SIC,16,6,75,835.00,"62,625.00"
2020-02-23,2020022301029859,SICL,37,44,50,"1,347.00","67,350.00"
2020-02-23,2020022301029591,SICL,16,44,100,"1,347.00","134,700.00"
2020-02-23,2020022301029498,SICL,55,44,25,"1,347.00","33,675.00"
2020-02-23,2020022301029499,SJCL,48,46,90,160.00,"14,400.00"
2020-02-23,2020022301029713,SJCL,55,46,80,160.00,"12,800.00"
2020-02-23,2020022301029881,SKBBL,14,45,15,"1,365.00","20,475.00"
2020-02-23,2020022301029880,SKBBL,14,41,152,"1,365.00","207,480.00"
2020-02-23,2020022301029759,SKBBL,6,41,50,"1,365.00","68,250.00"
2020-02-23,2020022301029892,SLICL,4,46,70,521.00,"36,470.00"
2020-02-23,2020022301029891,SLICL,4,16,452,520.00,"235,040.00"
2020-02-23,2020022301029875,SLICL,21,16,200,520.00,"104,000.00"
2020-02-23,2020022301029751,SLICL,51,42,105,519.00,"54,495.00"
2020-02-23,2020022301029708,SLICL,38,39,50,520.00,"26,000.00"
2020-02-23,2020022301029707,SLICL,4,39,"1,885",520.00,"980,200.00"
2020-02-23,2020022301029630,SLICL,4,16,265,520.00,"137,800.00"
2020-02-23,2020022301029629,SLICL,48,16,35,521.00,"18,235.00"
2020-02-23,2020022301029628,SLICL,14,16,200,521.00,"104,200.00"
2020-02-23,2020022301029750,SLICL,51,42,400,519.00,"207,600.00"
2020-02-23,2020022301029749,SLICL,48,42,85,519.00,"44,115.00"
2020-02-23,2020022301029712,SLICL,55,6,460,522.00,"240,120.00"
2020-02-23,2020022301029711,SLICL,42,39,30,520.00,"15,600.00"
2020-02-23,2020022301029710,SLICL,50,39,100,520.00,"52,000.00"
2020-02-23,2020022301029709,SLICL,57,39,500,520.00,"260,000.00"
2020-02-23,2020022301029910,SPDL,34,6,200,111.00,"22,200.00"
2020-02-23,2020022301029592,SWBBL,16,41,20,"1,407.00","28,140.00"
2020-02-23,2020022301029575,TMDBL,14,16,500,207.00,"103,500.00"
2020-02-23,2020022301029508,TMDBL,14,45,128,207.00,"26,496.00"
2020-02-23,2020022301029472,TMDBL,42,45,244,207.00,"50,508.00"
2020-02-23,2020022301029471,TMDBL,42,17,200,207.00,"41,400.00"
2020-02-23,2020022301029470,TMDBL,42,4,125,207.00,"25,875.00"
2020-02-23,2020022301029469,TMDBL,42,57,156,207.00,"32,292.00"
2020-02-23,2020022301029462,TMDBL,42,17,156,203.00,"31,668.00"
2020-02-23,2020022301029468,TMDBL,42,53,122,207.00,"25,254.00"
2020-02-23,2020022301029467,TMDBL,42,45,270,205.00,"55,350.00"
2020-02-23,2020022301029466,TMDBL,42,44,"1,000",205.00,"205,000.00"
2020-02-23,2020022301029465,TMDBL,42,37,67,204.00,"13,668.00"
2020-02-23,2020022301029464,TMDBL,42,41,110,204.00,"22,440.00"
2020-02-23,2020022301029463,TMDBL,42,48,50,203.00,"10,150.00"
2020-02-23,2020022301029788,TRH,54,38,615,315.00,"193,725.00"
2020-02-23,2020022301029787,TRH,41,38,250,315.00,"78,750.00"
2020-02-23,2020022301029786,TRH,56,38,157,316.00,"49,612.00"
2020-02-23,2020022301029785,TRH,47,38,100,317.00,"31,700.00"
2020-02-23,2020022301029784,TRH,38,38,100,318.00,"31,800.00"
2020-02-23,2020022301029872,UIC,57,52,48,454.00,"21,792.00"
2020-02-23,2020022301029871,UIC,57,34,50,454.00,"22,700.00"
2020-02-23,2020022301029584,UNHPL,49,55,50,64.00,"3,200.00"
2020-02-23,2020022301029766,UPCL,16,55,50,82.00,"4,100.00"
2020-02-23,2020022301029765,UPCL,16,49,100,82.00,"8,200.00"
2020-02-23,2020022301029764,UPCL,16,56,50,82.00,"4,100.00"
2020-02-23,2020022301029544,UPCL,21,48,40,81.00,"3,240.00"
2020-02-23,2020022301029282,ADBL,14,51,"1,200",430.00,"516,000.00"
2020-02-23,2020022301029281,ADBL,14,53,300,430.00,"129,000.00"
2020-02-23,2020022301029280,ADBL,14,53,258,430.00,"110,940.00"
2020-02-23,2020022301029193,ADBL,59,45,200,430.00,"86,000.00"
2020-02-23,2020022301029192,ADBL,59,49,100,430.00,"43,000.00"
2020-02-23,2020022301028992,AKJCL,6,45,20,58.00,"1,160.00"
2020-02-23,2020022301029359,AKPL,55,40,"2,000",139.00,"278,000.00"
2020-02-23,2020022301029419,ALICL,42,42,10,649.00,"6,490.00"
2020-02-23,2020022301029403,ALICL,46,42,300,649.00,"194,700.00"
2020-02-23,2020022301029373,ALICL,35,16,400,644.00,"257,600.00"
2020-02-23,2020022301029372,ALICL,38,16,100,645.00,"64,500.00"
2020-02-23,2020022301029252,ALICL,54,4,326,648.00,"211,248.00"
2020-02-23,2020022301029402,BOKL,44,59,160,257.00,"41,120.00"
2020-02-23,2020022301029401,BOKL,44,36,40,257.00,"10,280.00"
2020-02-23,2020022301029045,BOKL,44,6,50,256.00,"12,800.00"
2020-02-23,2020022301029041,BOKL,44,13,500,256.00,"128,000.00"
2020-02-23,2020022301028994,BOKL,44,38,145,256.00,"37,120.00"
2020-02-23,2020022301029386,BPCL,38,28,100,403.00,"40,300.00"
2020-02-23,2020022301029385,BPCL,35,28,50,403.00,"20,150.00"
2020-02-23,2020022301029319,BPCL,35,49,50,403.00,"20,150.00"
2020-02-23,2020022301029111,BPCL,17,11,160,405.00,"64,800.00"
2020-02-23,2020022301029110,BPCL,17,48,255,405.00,"103,275.00"
2020-02-23,2020022301029109,BPCL,17,48,39,405.00,"15,795.00"
2020-02-23,2020022301029108,BPCL,17,52,46,404.00,"18,584.00"
2020-02-23,2020022301029455,CBBL,28,39,170,"1,260.00","214,200.00"
2020-02-23,2020022301029064,CBBL,28,14,30,"1,260.00","37,800.00"
2020-02-23,2020022301029063,CBBL,26,14,100,"1,260.00","126,000.00"
2020-02-23,2020022301029062,CBBL,42,14,360,"1,260.00","453,600.00"
2020-02-23,2020022301029061,CBBL,4,14,500,"1,261.00","630,500.00"
2020-02-23,2020022301029060,CBBL,48,14,10,"1,262.00","12,620.00"
2020-02-23,2020022301029059,CBBL,58,14,10,"1,267.00","12,670.00"
2020-02-23,2020022301029058,CBBL,49,14,30,"1,270.00","38,100.00"
2020-02-23,2020022301029057,CBBL,52,14,40,"1,278.00","51,120.00"
2020-02-23,2020022301029056,CBBL,6,14,20,"1,278.00","25,560.00"
2020-02-23,2020022301029427,CBL,7,57,382,160.00,"61,120.00"
2020-02-23,2020022301029426,CBL,7,38,107,160.00,"17,120.00"
2020-02-23,2020022301029425,CBL,7,26,"1,000",160.00,"160,000.00"
2020-02-23,2020022301029424,CBL,7,11,11,160.00,"1,760.00"
2020-02-23,2020022301029289,CBL,58,4,669,159.00,"106,371.00"
2020-02-23,2020022301029288,CBL,46,4,331,159.00,"52,629.00"
2020-02-23,2020022301029253,CBL,46,10,44,159.00,"6,996.00"
2020-02-23,2020022301029330,CCBL,59,10,51,193.00,"9,843.00"
2020-02-23,2020022301029149,CCBL,6,11,800,195.00,"156,000.00"
2020-02-23,2020022301029148,CCBL,6,1,200,195.00,"39,000.00"
2020-02-23,2020022301029147,CCBL,6,48,"1,000",195.00,"195,000.00"
2020-02-23,2020022301029085,CCBL,59,51,263,193.00,"50,759.00"
2020-02-23,2020022301029084,CCBL,45,51,169,193.00,"32,617.00"
2020-02-23,2020022301028968,CCBL,45,36,450,193.00,"86,850.00"
2020-02-23,2020022301028967,CCBL,40,36,50,194.00,"9,700.00"
2020-02-23,2020022301029187,CHCL,55,58,125,451.00,"56,375.00"
2020-02-23,2020022301029133,CHCL,56,58,281,450.00,"126,450.00"
2020-02-23,2020022301029413,CIT,19,51,100,"3,005.00","300,500.00"
2020-02-23,2020022301029308,CIT,42,51,50,"3,000.00","150,000.00"
2020-02-23,2020022301029307,CIT,16,51,10,"3,000.00","30,000.00"
2020-02-23,2020022301029306,CIT,56,51,36,"3,000.00","108,000.00"
2020-02-23,2020022301029433,CMF1,35,52,300,9.91,"2,973.00"
2020-02-23,2020022301029432,CMF1,35,41,"1,500",9.90,"14,850.00"
2020-02-23,2020022301029125,CORBL,21,50,200,133.00,"26,600.00"
2020-02-23,2020022301029124,CORBL,21,48,160,133.00,"21,280.00"
2020-02-23,2020022301029123,CORBL,21,48,30,133.00,"3,990.00"
2020-02-23,2020022301029122,CORBL,21,48,30,133.00,"3,990.00"
2020-02-23,2020022301029121,CORBL,21,57,100,133.00,"13,300.00"
2020-02-23,2020022301029336,CZBIL,21,51,"1,204",214.00,"257,656.00"
2020-02-23,2020022301029335,CZBIL,21,59,380,214.00,"81,320.00"
2020-02-23,2020022301029334,CZBIL,21,57,210,214.00,"44,940.00"
2020-02-23,2020022301029333,CZBIL,21,17,500,213.00,"106,500.00"
2020-02-23,2020022301029332,CZBIL,21,45,"1,000",212.00,"212,000.00"
2020-02-23,2020022301029331,CZBIL,21,47,"1,706",212.00,"361,672.00"
2020-02-23,2020022301029216,CZBIL,10,47,100,211.00,"21,100.00"
2020-02-23,2020022301029201,CZBIL,10,14,100,211.00,"21,100.00"
2020-02-23,2020022301029200,CZBIL,58,14,200,211.00,"42,200.00"
2020-02-23,2020022301029169,CZBIL,53,47,100,212.00,"21,200.00"
2020-02-23,2020022301029005,CZBIL,53,47,120,212.00,"25,440.00"
2020-02-23,2020022301029285,DDBL,40,39,100,"1,042.00","104,200.00"
2020-02-23,2020022301029024,DDBL,42,49,25,"1,050.00","26,250.00"
2020-02-23,2020022301029450,EBL,51,45,300,726.00,"217,800.00"
2020-02-23,2020022301029449,EBL,51,44,200,724.00,"144,800.00"
2020-02-23,2020022301029339,EBL,42,44,100,724.00,"72,400.00"
2020-02-23,2020022301029243,EBL,54,44,50,724.00,"36,200.00"
2020-02-23,2020022301028978,EBL,59,44,100,724.00,"72,400.00"
2020-02-23,2020022301028981,EDBL,41,36,369,403.00,"148,707.00"
2020-02-23,2020022301028980,EDBL,41,43,100,402.00,"40,200.00"
2020-02-23,2020022301028979,EDBL,41,32,531,402.00,"213,462.00"
2020-02-23,2020022301028961,EIC,40,13,100,474.00,"47,400.00"
2020-02-23,2020022301028960,EIC,40,34,445,474.00,"210,930.00"
2020-02-23,2020022301028957,FMDBL,57,48,100,618.00,"61,800.00"
2020-02-23,2020022301029044,FOWAD,43,34,100,"1,838.00","183,800.00"
2020-02-23,2020022301029371,GBBL,49,20,100,257.00,"25,700.00"
2020-02-23,2020022301029370,GBBL,49,13,"1,000",257.00,"257,000.00"
2020-02-23,2020022301029369,GBBL,49,49,100,256.00,"25,600.00"
2020-02-23,2020022301029368,GBBL,49,48,500,256.00,"128,000.00"
2020-02-23,2020022301029367,GBBL,49,38,150,255.00,"38,250.00"
2020-02-23,2020022301029442,GBIME,42,38,200,293.00,"58,600.00"
2020-02-23,2020022301029423,GBIME,42,38,200,293.00,"58,600.00"
2020-02-23,2020022301029391,GBIME,42,20,410,293.00,"120,130.00"
2020-02-23,2020022301029366,GBIME,19,33,164,292.00,"47,888.00"
2020-02-23,2020022301029365,GBIME,19,38,200,292.00,"58,400.00"
2020-02-23,2020022301029354,GBIME,19,51,83,292.00,"24,236.00"
2020-02-23,2020022301029010,GBIME,28,38,105,295.00,"30,975.00"
2020-02-23,2020022301029009,GBIME,57,38,95,296.00,"28,120.00"
2020-02-23,2020022301029081,GBIME,8,38,200,294.00,"58,800.00"
2020-02-23,2020022301029047,GBIME,21,37,100,296.00,"29,600.00"
2020-02-23,2020022301029046,GBIME,8,38,200,294.00,"58,800.00"
2020-02-23,2020022301029032,GBIME,8,38,12,294.00,"3,528.00"
2020-02-23,2020022301029031,GBIME,47,38,140,295.00,"41,300.00"
2020-02-23,2020022301029030,GBIME,28,38,48,295.00,"14,160.00"
2020-02-23,2020022301029153,GBIME,42,38,200,296.00,"59,200.00"
2020-02-23,2020022301029131,GBIME,42,37,193,296.00,"57,128.00"
2020-02-23,2020022301029118,GBIME,45,38,60,293.00,"17,580.00"
2020-02-23,2020022301029117,GBIME,58,38,122,294.00,"35,868.00"
2020-02-23,2020022301029116,GBIME,8,38,18,294.00,"5,292.00"
2020-02-23,2020022301029115,GBIME,57,37,100,296.00,"29,600.00"
2020-02-23,2020022301029191,GBIME,42,39,"1,043",296.00,"308,728.00"
2020-02-23,2020022301029189,GBIME,42,52,164,296.00,"48,544.00"
2020-02-23,2020022301029186,GBIME,42,38,200,296.00,"59,200.00"
2020-02-23,2020022301029181,GBIME,37,51,100,297.00,"29,700.00"
2020-02-23,2020022301029180,GBIME,38,51,100,297.00,"29,700.00"
2020-02-23,2020022301029173,GBIME,42,38,200,296.00,"59,200.00"
2020-02-23,2020022301029296,GBIME,42,20,100,293.00,"29,300.00"
2020-02-23,2020022301029295,GBIME,21,20,190,293.00,"55,670.00"
2020-02-23,2020022301029286,GBIME,21,38,200,293.00,"58,600.00"
2020-02-23,2020022301029266,GBIME,21,38,110,293.00,"32,230.00"
2020-02-23,2020022301029265,GBIME,45,38,90,293.00,"26,370.00"
2020-02-23,2020022301029225,GBIME,45,38,200,293.00,"58,600.00"
2020-02-23,2020022301029344,GBIME,19,38,100,292.00,"29,200.00"
2020-02-23,2020022301029343,GBIME,1,38,100,292.00,"29,200.00"
2020-02-23,2020022301029324,GBIME,1,38,200,292.00,"58,400.00"
2020-02-23,2020022301029299,GBIME,53,20,100,293.00,"29,300.00"
2020-02-23,2020022301029298,GBIME,41,20,100,293.00,"29,300.00"
2020-02-23,2020022301029297,GBIME,41,20,100,293.00,"29,300.00"
2020-02-23,2020022301029178,GBLBS,5,36,122,603.00,"73,566.00"
2020-02-23,2020022301029177,GBLBS,6,36,128,609.00,"77,952.00"
2020-02-23,2020022301029176,GBLBS,6,36,100,610.00,"61,000.00"
2020-02-23,2020022301029175,GBLBS,6,36,150,610.00,"91,500.00"
2020-02-23,2020022301029168,GBLBS,6,42,200,610.00,"122,000.00"
2020-02-23,2020022301029075,GBLBS,6,28,690,609.00,"420,210.00"
2020-02-23,2020022301029074,GBLBS,6,26,552,609.00,"336,168.00"
2020-02-23,2020022301029073,GBLBS,6,16,300,608.00,"182,400.00"
2020-02-23,2020022301029072,GBLBS,6,40,230,608.00,"139,840.00"
2020-02-23,2020022301029071,GBLBS,6,51,100,607.00,"60,700.00"
2020-02-23,2020022301029132,GFCL,4,58,130,158.00,"20,540.00"
2020-02-23,2020022301029240,GHL,54,51,20,83.00,"1,660.00"
2020-02-23,2020022301029137,GILB,44,38,500,"1,522.00","761,000.00"
2020-02-23,2020022301029136,GILB,33,38,50,"1,522.00","76,100.00"
2020-02-23,2020022301029106,GILB,44,38,500,"1,523.00","761,500.00"
2020-02-23,2020022301029381,GLBSL,48,42,10,875.00,"8,750.00"
2020-02-23,2020022301029409,GLICL,6,58,669,852.00,"569,988.00"
2020-02-23,2020022301029408,GLICL,6,25,500,852.00,"426,000.00"
2020-02-23,2020022301029407,GLICL,6,7,487,851.00,"414,437.00"
2020-02-23,2020022301029406,GLICL,6,7,220,851.00,"187,220.00"
2020-02-23,2020022301029405,GLICL,6,29,100,850.00,"85,000.00"
2020-02-23,2020022301029404,GLICL,6,32,30,850.00,"25,500.00"
2020-02-23,2020022301029287,GLICL,41,32,50,850.00,"42,500.00"
2020-02-23,2020022301029152,GLICL,21,35,200,848.00,"169,600.00"
2020-02-23,2020022301029091,GLICL,6,32,20,850.00,"17,000.00"
2020-02-23,2020022301029236,GMFBS,59,35,10,"1,035.00","10,350.00"
2020-02-23,2020022301029429,GUFL,55,52,115,131.00,"15,065.00"
2020-02-23,2020022301029428,GUFL,49,52,47,132.00,"6,204.00"
2020-02-23,2020022301029228,HDL,43,26,100,"1,645.00","164,500.00"
2020-02-23,2020022301029185,HDL,43,26,100,"1,645.00","164,500.00"
2020-02-23,2020022301029036,HDL,54,48,100,"1,637.00","163,700.00"
2020-02-23,2020022301029015,HDL,54,57,100,"1,637.00","163,700.00"
2020-02-23,2020022301029215,HGI,36,58,625,477.00,"298,125.00"
2020-02-23,2020022301029357,HIDCL,6,21,500,146.00,"73,000.00"
2020-02-23,2020022301029025,HPPL,52,5,100,171.00,"17,100.00"
2020-02-23,2020022301029199,IGI,7,38,100,523.00,"52,300.00"
2020-02-23,2020022301029184,IGI,46,22,50,521.00,"26,050.00"
2020-02-23,2020022301029156,IGI,7,38,500,525.00,"262,500.00"
2020-02-23,2020022301029155,IGI,7,21,300,525.00,"157,500.00"
2020-02-23,2020022301029154,IGI,7,21,500,524.00,"262,000.00"
2020-02-23,2020022301029444,ILBS,35,4,10,950.00,"9,500.00"
2020-02-23,2020022301029340,KBL,57,44,"1,500",209.00,"313,500.00"
2020-02-23,2020022301029338,KBL,49,44,500,209.00,"104,500.00"
2020-02-23,2020022301029337,KBL,48,44,488,209.00,"101,992.00"
2020-02-23,2020022301029276,KBL,48,44,"4,512",209.00,"943,008.00"
2020-02-23,2020022301029275,KBL,6,44,488,210.00,"102,480.00"
2020-02-23,2020022301029202,KBL,6,14,12,210.00,"2,520.00"
2020-02-23,2020022301029171,KBL,50,14,288,210.00,"60,480.00"
2020-02-23,2020022301029151,KBL,50,26,112,210.00,"23,520.00"
2020-02-23,2020022301029093,KBL,50,26,600,210.00,"126,000.00"
2020-02-23,2020022301029083,KBL,36,26,400,210.00,"84,000.00"
2020-02-23,2020022301029415,KMCDB,1,38,10,"1,020.00","10,200.00"
2020-02-23,2020022301029378,KMCDB,1,38,10,"1,020.00","10,200.00"
2020-02-23,2020022301029346,KMCDB,1,38,10,"1,020.00","10,200.00"
2020-02-23,2020022301029305,KMCDB,1,38,10,"1,020.00","10,200.00"
2020-02-23,2020022301029087,KMCDB,1,38,10,"1,020.00","10,200.00"
2020-02-23,2020022301028996,KMCDB,1,6,10,"1,020.00","10,200.00"
2020-02-23,2020022301028982,KMCDB,1,38,10,"1,020.00","10,200.00"
2020-02-23,2020022301029264,KMCDB,1,38,10,"1,020.00","10,200.00"
2020-02-23,2020022301029234,KMCDB,1,38,10,"1,020.00","10,200.00"
2020-02-23,2020022301029139,KMCDB,1,52,10,"1,020.00","10,200.00"
2020-02-23,2020022301029284,KSBBL,49,43,10,185.00,"1,850.00"
2020-02-23,2020022301029092,KSBBL,49,49,"2,141",183.00,"391,803.00"
2020-02-23,2020022301029207,LBBL,35,33,100,208.00,"20,800.00"
2020-02-23,2020022301029206,LBBL,42,33,50,208.00,"10,400.00"
2020-02-23,2020022301029112,LBL,45,38,150,248.00,"37,200.00"
2020-02-23,2020022301029107,LBL,45,26,200,248.00,"49,600.00"
2020-02-23,2020022301028958,LBL,45,38,100,248.00,"24,800.00"
2020-02-23,2020022301029358,LGIL,39,6,50,562.00,"28,100.00"
2020-02-23,2020022301029194,LGIL,5,6,800,562.00,"449,600.00"
2020-02-23,2020022301029135,LGIL,13,6,200,562.00,"112,400.00"
2020-02-23,2020022301029134,LGIL,56,6,100,563.00,"56,300.00"
2020-02-23,2020022301029006,LGIL,13,48,44,562.00,"24,728.00"
2020-02-23,2020022301029380,LICN,14,53,450,"1,499.00","674,550.00"
2020-02-23,2020022301029379,LICN,14,19,100,"1,498.00","149,800.00"
2020-02-23,2020022301029256,MBL,6,49,50,259.00,"12,950.00"
2020-02-23,2020022301029255,MBL,40,49,150,259.00,"38,850.00"
2020-02-23,2020022301028973,MBL,40,52,50,259.00,"12,950.00"
2020-02-23,2020022301029418,MEGA,6,32,102,230.00,"23,460.00"
2020-02-23,2020022301029417,MEGA,21,32,100,230.00,"23,000.00"
2020-02-23,2020022301029414,MEGA,28,14,10,231.00,"2,310.00"
2020-02-23,2020022301029260,MEGA,40,49,100,230.00,"23,000.00"
2020-02-23,2020022301029259,MEGA,40,26,500,230.00,"115,000.00"
2020-02-23,2020022301029258,MEGA,40,57,100,230.00,"23,000.00"
2020-02-23,2020022301029257,MEGA,40,32,243,230.00,"55,890.00"
2020-02-23,2020022301029230,MEGA,6,38,700,229.00,"160,300.00"
2020-02-23,2020022301028999,MLBL,4,34,24,236.00,"5,664.00"
2020-02-23,2020022301028998,MLBL,4,10,"1,166",236.00,"275,176.00"
2020-02-23,2020022301029023,MLBL,38,16,34,235.00,"7,990.00"
2020-02-23,2020022301029004,MLBL,4,52,124,237.00,"29,388.00"
2020-02-23,2020022301029003,MLBL,4,26,71,237.00,"16,827.00"
2020-02-23,2020022301029002,MLBL,4,59,100,237.00,"23,700.00"
2020-02-23,2020022301029001,MLBL,4,33,500,237.00,"118,500.00"
2020-02-23,2020022301029000,MLBL,4,14,15,237.00,"3,555.00"
2020-02-23,2020022301029104,MLBL,4,56,790,234.00,"184,860.00"
2020-02-23,2020022301029103,MLBL,38,56,190,235.00,"44,650.00"
2020-02-23,2020022301029102,MLBL,49,56,242,237.00,"57,354.00"
2020-02-23,2020022301029078,MLBL,49,52,50,237.00,"11,850.00"
2020-02-23,2020022301029077,MLBL,49,39,208,237.00,"49,296.00"
2020-02-23,2020022301029105,MLBL,4,56,278,233.00,"64,774.00"
2020-02-23,2020022301029416,MNBBL,28,42,100,355.00,"35,500.00"
2020-02-23,2020022301029348,MNBBL,42,6,10,356.00,"3,560.00"
2020-02-23,2020022301029127,MNBBL,13,19,194,354.00,"68,676.00"
2020-02-23,2020022301029126,MNBBL,36,19,500,355.00,"177,500.00"
2020-02-23,2020022301029035,MNBBL,40,8,200,355.00,"71,000.00"
2020-02-23,2020022301029034,MNBBL,40,58,66,355.00,"23,430.00"
2020-02-23,2020022301029011,MPFL,57,29,83,130.00,"10,790.00"
2020-02-23,2020022301029389,NABIL,40,19,200,793.00,"158,600.00"
2020-02-23,2020022301029388,NABIL,40,47,140,793.00,"111,020.00"
2020-02-23,2020022301029387,NABIL,40,6,160,790.00,"126,400.00"
2020-02-23,2020022301029242,NABIL,59,6,500,790.00,"395,000.00"
2020-02-23,2020022301029241,NABIL,41,6,340,790.00,"268,600.00"
2020-02-23,2020022301029212,NABIL,41,6,160,790.00,"126,400.00"
2020-02-23,2020022301029211,NABIL,19,6,90,790.00,"71,100.00"
2020-02-23,2020022301029210,NABIL,33,6,500,791.00,"395,500.00"
2020-02-23,2020022301029209,NABIL,56,6,250,791.00,"197,750.00"
2020-02-23,2020022301029441,NADEP,10,59,179,823.00,"147,317.00"
2020-02-23,2020022301029382,NADEP,53,32,11,822.00,"9,042.00"
2020-02-23,2020022301029301,NADEP,53,32,11,822.00,"9,042.00"
2020-02-23,2020022301029300,NADEP,53,32,11,822.00,"9,042.00"
2020-02-23,2020022301028995,NADEP,58,49,20,822.00,"16,440.00"
2020-02-23,2020022301029313,NBB,55,49,124,223.00,"27,652.00"
2020-02-23,2020022301029312,NBB,49,49,376,223.00,"83,848.00"
2020-02-23,2020022301029244,NBB,49,16,62,223.00,"13,826.00"
2020-02-23,2020022301029208,NBB,49,16,62,223.00,"13,826.00"
2020-02-23,2020022301029179,NBB,57,44,"3,000",223.00,"669,000.00"
2020-02-23,2020022301029066,NBB,59,44,100,222.00,"22,200.00"
2020-02-23,2020022301029019,NBB,50,44,"1,000",222.00,"222,000.00"
2020-02-23,2020022301029018,NBB,22,44,400,222.00,"88,800.00"
2020-02-23,2020022301029017,NBB,49,44,500,223.00,"111,500.00"
2020-02-23,2020022301029016,NBB,6,44,"1,000",223.00,"223,000.00"
2020-02-23,2020022301029026,NBL,56,41,400,284.00,"113,600.00"
2020-02-23,2020022301029310,NCCB,6,44,250,209.00,"52,250.00"
2020-02-23,2020022301029254,NCCB,49,7,300,208.00,"62,400.00"
2020-02-23,2020022301029364,NIB,7,14,30,411.00,"12,330.00"
2020-02-23,2020022301029235,NIB,35,14,20,411.00,"8,220.00"
2020-02-23,2020022301029233,NIB,11,14,200,411.00,"82,200.00"
2020-02-23,2020022301029232,NIB,13,14,50,411.00,"20,550.00"
2020-02-23,2020022301029119,NIB,13,13,50,411.00,"20,550.00"
2020-02-23,2020022301029088,NIB,13,58,100,411.00,"41,100.00"
2020-02-23,2020022301029013,NIB,11,16,200,412.00,"82,400.00"
2020-02-23,2020022301029327,NIBPO,14,55,200,362.00,"72,400.00"
2020-02-23,2020022301029079,NIBPO,55,55,10,362.00,"3,620.00"
2020-02-23,2020022301029440,NICA,54,56,400,594.00,"237,600.00"
2020-02-23,2020022301029362,NICA,32,49,20,593.00,"11,860.00"
2020-02-23,2020022301029345,NICA,52,56,50,594.00,"29,700.00"
2020-02-23,2020022301029341,NICA,32,16,34,593.00,"20,162.00"
2020-02-23,2020022301029322,NICA,6,16,10,593.00,"5,930.00"
2020-02-23,2020022301029321,NICA,57,39,170,592.00,"100,640.00"
2020-02-23,2020022301029166,NICA,28,56,300,594.00,"178,200.00"
2020-02-23,2020022301029043,NICA,49,28,214,593.00,"126,902.00"
2020-02-23,2020022301029042,NICA,38,28,100,594.00,"59,400.00"
2020-02-23,2020022301029028,NICA,6,53,80,595.00,"47,600.00"
2020-02-23,2020022301028975,NICA,26,53,50,595.00,"29,750.00"
2020-02-23,2020022301029320,NICA,19,39,30,592.00,"17,760.00"
2020-02-23,2020022301029263,NICA,38,16,59,593.00,"34,987.00"
2020-02-23,2020022301029248,NICA,38,53,441,593.00,"261,513.00"
2020-02-23,2020022301029227,NICA,10,53,500,593.00,"296,500.00"
2020-02-23,2020022301029226,NICA,49,53,"1,266",593.00,"750,738.00"
2020-02-23,2020022301029188,NICA,38,56,500,594.00,"297,000.00"
2020-02-23,2020022301029214,NICL,42,39,10,511.00,"5,110.00"
2020-02-23,2020022301029068,NICL,53,6,50,512.00,"25,600.00"
2020-02-23,2020022301028997,NICL,44,59,600,510.00,"306,000.00"
2020-02-23,2020022301029352,NIL,51,40,100,673.00,"67,300.00"
2020-02-23,2020022301029351,NIL,35,40,100,673.00,"67,300.00"
2020-02-23,2020022301029350,NIL,14,40,76,673.00,"51,148.00"
2020-02-23,2020022301029277,NIL,14,32,224,673.00,"150,752.00"
2020-02-23,2020022301029213,NIL,14,49,100,673.00,"67,300.00"
2020-02-23,2020022301028977,NIL,52,41,50,675.00,"33,750.00"
2020-02-23,2020022301028976,NIL,52,56,200,675.00,"135,000.00"
2020-02-23,2020022301029302,NLG,42,28,10,739.00,"7,390.00"
2020-02-23,2020022301029436,NLIC,7,48,100,"1,289.00","128,900.00"
2020-02-23,2020022301029383,NLIC,42,48,10,"1,289.00","12,890.00"
2020-02-23,2020022301029353,NLIC,39,19,33,"1,288.00","42,504.00"
2020-02-23,2020022301029328,NLIC,39,8,63,"1,288.00","81,144.00"
2020-02-23,2020022301029159,NLIC,43,48,100,"1,289.00","128,900.00"
2020-02-23,2020022301029144,NLIC,13,28,100,"1,286.00","128,600.00"
2020-02-23,2020022301029101,NLIC,13,28,116,"1,286.00","149,176.00"
2020-02-23,2020022301029100,NLIC,33,28,100,"1,286.00","128,600.00"
2020-02-23,2020022301029065,NLIC,42,48,100,"1,289.00","128,900.00"
2020-02-23,2020022301029033,NLIC,33,48,50,"1,289.00","64,450.00"
2020-02-23,2020022301028971,NLIC,55,48,240,"1,289.00","309,360.00"
2020-02-23,2020022301029204,NLICL,49,55,100,733.00,"73,300.00"
2020-02-23,2020022301029203,NLICL,59,55,100,734.00,"73,400.00"
2020-02-23,2020022301029082,NMFBS,33,46,10,"1,997.00","19,970.00"
2020-02-23,2020022301029050,NMFBS,33,40,50,"1,958.00","97,900.00"
2020-02-23,2020022301029049,NMFBS,33,36,100,"1,950.00","195,000.00"
2020-02-23,2020022301029163,NSEWA,6,45,90,890.00,"80,100.00"
2020-02-23,2020022301029162,NSEWA,6,43,30,890.00,"26,700.00"
2020-02-23,2020022301029161,NSEWA,6,22,10,890.00,"8,900.00"
2020-02-23,2020022301029160,NSEWA,6,10,10,890.00,"8,900.00"
2020-02-23,2020022301029128,NTC,42,10,20,645.00,"12,900.00"
2020-02-23,2020022301029347,NUBL,19,47,10,"1,175.00","11,750.00"
2020-02-23,2020022301029262,NUBL,19,45,242,"1,152.00","278,784.00"
2020-02-23,2020022301029150,NUBL,19,45,200,"1,152.00","230,400.00"
2020-02-23,2020022301029143,NUBL,40,14,190,"1,142.00","216,980.00"
2020-02-23,2020022301029142,NUBL,37,14,200,"1,150.00","230,000.00"
2020-02-23,2020022301029141,NUBL,14,14,100,"1,150.00","115,000.00"
2020-02-23,2020022301029140,NUBL,57,14,10,"1,150.00","11,500.00"
2020-02-23,2020022301029012,OHL,39,16,32,494.00,"15,808.00"
2020-02-23,2020022301029430,PCBL,21,35,100,310.00,"31,000.00"
2020-02-23,2020022301029342,PCBL,42,35,40,310.00,"12,400.00"
2020-02-23,2020022301029279,PCBL,32,19,61,308.00,"18,788.00"
2020-02-23,2020022301029278,PCBL,42,19,110,309.00,"33,990.00"
2020-02-23,2020022301029268,PCBL,32,8,400,308.00,"123,200.00"
2020-02-23,2020022301029247,PCBL,57,35,"1,000",310.00,"310,000.00"
2020-02-23,2020022301029172,PCBL,32,22,200,308.00,"61,600.00"
2020-02-23,2020022301029129,PCBL,32,40,44,308.00,"13,552.00"
2020-02-23,2020022301029325,PIC,4,48,"1,000",750.00,"750,000.00"
2020-02-23,2020022301029311,PIC,4,38,11,750.00,"8,250.00"
2020-02-23,2020022301029120,PIC,4,38,435,750.00,"326,250.00"
2020-02-23,2020022301029076,PIC,4,38,531,755.00,"400,905.00"
2020-02-23,2020022301029055,PIC,4,41,11,755.00,"8,305.00"
2020-02-23,2020022301028991,PIC,32,29,40,758.00,"30,320.00"
2020-02-23,2020022301028984,PIC,32,35,45,756.00,"34,020.00"
2020-02-23,2020022301028983,PIC,32,3,50,756.00,"37,800.00"
2020-02-23,2020022301028990,PIC,32,53,184,757.00,"139,288.00"
2020-02-23,2020022301028989,PIC,32,51,90,757.00,"68,130.00"
2020-02-23,2020022301028988,PIC,32,6,50,757.00,"37,850.00"
2020-02-23,2020022301028987,PIC,32,45,15,757.00,"11,355.00"
2020-02-23,2020022301028986,PIC,32,45,15,757.00,"11,355.00"
2020-02-23,2020022301028985,PIC,32,34,11,756.00,"8,316.00"
2020-02-23,2020022301029070,PICL,21,10,181,561.00,"101,541.00"
2020-02-23,2020022301029069,PICL,10,10,20,562.00,"11,240.00"
2020-02-23,2020022301029314,PLIC,16,36,410,657.00,"269,370.00"
2020-02-23,2020022301029292,PLIC,16,53,177,659.00,"116,643.00"
2020-02-23,2020022301029291,PLIC,16,13,131,659.00,"86,329.00"
2020-02-23,2020022301029290,PLIC,16,20,192,659.00,"126,528.00"
2020-02-23,2020022301029037,PLIC,4,43,28,656.00,"18,368.00"
2020-02-23,2020022301029283,PRIN,16,59,100,531.00,"53,100.00"
2020-02-23,2020022301029130,PRIN,32,54,11,530.00,"5,830.00"
2020-02-23,2020022301029355,PRVU,37,44,200,265.00,"53,000.00"
2020-02-23,2020022301029224,PRVU,37,21,727,263.00,"191,201.00"
2020-02-23,2020022301029223,PRVU,34,21,100,263.00,"26,300.00"
2020-02-23,2020022301029222,PRVU,8,21,174,263.00,"45,762.00"
2020-02-23,2020022301029221,PRVU,4,21,200,264.00,"52,800.00"
2020-02-23,2020022301029220,PRVU,7,21,200,264.00,"52,800.00"
2020-02-23,2020022301029165,PRVU,28,58,"1,070",265.00,"283,550.00"
2020-02-23,2020022301029164,PRVU,28,13,"1,130",265.00,"299,450.00"
2020-02-23,2020022301029080,PRVU,38,13,200,265.00,"53,000.00"
2020-02-23,2020022301029048,PRVU,33,43,"1,000",264.00,"264,000.00"
2020-02-23,2020022301029219,PRVU,33,21,"1,294",264.00,"341,616.00"
2020-02-23,2020022301029218,PRVU,39,21,100,265.00,"26,500.00"
2020-02-23,2020022301029217,PRVU,44,21,"1,205",265.00,"319,325.00"
2020-02-23,2020022301029174,PRVU,44,19,605,265.00,"160,325.00"
2020-02-23,2020022301029170,PRVU,44,39,100,265.00,"26,500.00"
2020-02-23,2020022301029167,PRVU,44,58,90,265.00,"23,850.00"
2020-02-23,2020022301029431,RBCL,19,45,10,"11,680.00","116,800.00"
2020-02-23,2020022301029390,RBCL,21,51,71,"11,650.00","827,150.00"
2020-02-23,2020022301029422,RHPL,59,22,"1,600",169.00,"270,400.00"
2020-02-23,2020022301029421,RHPL,59,26,10,169.00,"1,690.00"
2020-02-23,2020022301029420,RHPL,59,28,40,168.00,"6,720.00"
2020-02-23,2020022301028966,RHPL,19,19,200,168.00,"33,600.00"
2020-02-23,2020022301028965,RHPL,7,19,20,168.00,"3,360.00"
2020-02-23,2020022301029349,RLFL,49,50,99,146.00,"14,454.00"
2020-02-23,2020022301029027,RLFL,58,50,200,146.00,"29,200.00"
2020-02-23,2020022301029229,RMDC,32,37,500,846.00,"423,000.00"
2020-02-23,2020022301029205,RMDC,42,37,10,846.00,"8,460.00"
2020-02-23,2020022301029067,RMDC,57,58,11,846.00,"9,306.00"
2020-02-23,2020022301028974,RMDC,54,6,89,841.00,"74,849.00"
2020-02-23,2020022301028972,RMDC,5,35,100,840.00,"84,000.00"
2020-02-23,2020022301029448,SADBL,36,22,555,185.00,"102,675.00"
2020-02-23,2020022301029447,SADBL,36,55,"1,000",185.00,"185,000.00"
2020-02-23,2020022301029446,SADBL,36,52,250,184.00,"46,000.00"
2020-02-23,2020022301029445,SADBL,36,21,100,184.00,"18,400.00"
2020-02-23,2020022301029400,SADBL,42,53,200,183.00,"36,600.00"
2020-02-23,2020022301029399,SADBL,42,35,500,183.00,"91,500.00"
2020-02-23,2020022301029392,SADBL,36,4,"1,000",180.00,"180,000.00"
2020-02-23,2020022301028993,SADBL,36,28,200,180.00,"36,000.00"
2020-02-23,2020022301029398,SADBL,42,48,"1,000",183.00,"183,000.00"
2020-02-23,2020022301029397,SADBL,42,59,700,183.00,"128,100.00"
2020-02-23,2020022301029396,SADBL,42,41,"3,000",182.00,"546,000.00"
2020-02-23,2020022301029395,SADBL,42,43,107,182.00,"19,474.00"
2020-02-23,2020022301029394,SADBL,42,58,99,182.00,"18,018.00"
2020-02-23,2020022301029393,SADBL,42,35,69,182.00,"12,558.00"
2020-02-23,2020022301029293,SANIMA,42,14,50,386.00,"19,300.00"
2020-02-23,2020022301029273,SANIMA,48,14,227,386.00,"87,622.00"
2020-02-23,2020022301029114,SBL,28,14,200,345.00,"69,000.00"
2020-02-23,2020022301029412,SCB,32,57,10,708.00,"7,080.00"
2020-02-23,2020022301029007,SCB,11,44,431,701.00,"302,131.00"
2020-02-23,2020022301029438,SDESI,4,16,100,"1,106.00","110,600.00"
2020-02-23,2020022301029329,SDESI,4,47,100,"1,108.00","110,800.00"
2020-02-23,2020022301029261,SDESI,4,47,50,"1,108.00","55,400.00"
2020-02-23,2020022301029190,SDESI,4,47,100,"1,108.00","110,800.00"
2020-02-23,2020022301029158,SDESI,4,47,113,"1,108.00","125,204.00"
2020-02-23,2020022301029157,SDESI,4,45,387,"1,108.00","428,796.00"
2020-02-23,2020022301029098,SDESI,4,45,103,"1,108.00","114,124.00"
2020-02-23,2020022301029097,SDESI,4,19,47,"1,107.00","52,029.00"
2020-02-23,2020022301029096,SDESI,4,34,150,"1,107.00","166,050.00"
2020-02-23,2020022301029095,SDESI,4,35,200,"1,106.00","221,200.00"
2020-02-23,2020022301029090,SEF,51,11,"8,850",9.90,"87,615.00"
2020-02-23,2020022301029089,SEF,51,32,250,9.89,"2,472.50"
2020-02-23,2020022301029443,SHINE,57,38,220,304.00,"66,880.00"
2020-02-23,2020022301029251,SHINE,45,28,206,303.00,"62,418.00"
2020-02-23,2020022301029250,SHINE,41,28,510,303.00,"154,530.00"
2020-02-23,2020022301028970,SHINE,42,4,"1,716",304.00,"521,664.00"
2020-02-23,2020022301029249,SHINE,42,28,284,304.00,"86,336.00"
2020-02-23,2020022301029029,SHINE,42,4,"5,000",305.00,"1,525,000.00"
2020-02-23,2020022301029454,SHIVM,16,42,100,663.00,"66,300.00"
2020-02-23,2020022301029453,SHIVM,52,42,200,663.00,"132,600.00"
2020-02-23,2020022301029452,SHIVM,50,42,200,663.00,"132,600.00"
2020-02-23,2020022301029451,SHIVM,28,42,200,667.00,"133,400.00"
2020-02-23,2020022301029437,SHIVM,6,43,50,667.00,"33,350.00"
2020-02-23,2020022301029269,SHIVM,40,35,180,666.00,"119,880.00"
2020-02-23,2020022301029054,SHIVM,14,56,200,666.00,"133,200.00"
2020-02-23,2020022301029053,SHIVM,14,28,"1,000",666.00,"666,000.00"
2020-02-23,2020022301029052,SHIVM,14,35,"1,000",666.00,"666,000.00"
2020-02-23,2020022301029384,SHIVM,44,52,220,667.00,"146,740.00"
2020-02-23,2020022301029304,SHIVM,44,32,50,667.00,"33,350.00"
2020-02-23,2020022301029303,SHIVM,44,25,730,667.00,"486,910.00"
2020-02-23,2020022301029271,SHIVM,40,25,270,667.00,"180,090.00"
2020-02-23,2020022301029270,SHIVM,40,40,50,667.00,"33,350.00"
2020-02-23,2020022301029022,SHPC,32,28,57,246.00,"14,022.00"
2020-02-23,2020022301029435,SICL,19,44,200,"1,347.00","269,400.00"
2020-02-23,2020022301029377,SICL,16,11,41,"1,332.00","54,612.00"
2020-02-23,2020022301029376,SICL,38,11,30,"1,338.00","40,140.00"
2020-02-23,2020022301029375,SICL,37,11,29,"1,340.00","38,860.00"
2020-02-23,2020022301029361,SICL,53,54,50,"1,345.00","67,250.00"
2020-02-23,2020022301029360,SICL,53,58,190,"1,345.00","255,550.00"
2020-02-23,2020022301029086,SICL,14,58,50,"1,340.00","67,000.00"
2020-02-23,2020022301029238,SICL,46,56,35,"1,340.00","46,900.00"
2020-02-23,2020022301029198,SICL,44,56,65,"1,340.00","87,100.00"
2020-02-23,2020022301029197,SICL,44,55,200,"1,340.00","268,000.00"
2020-02-23,2020022301029196,SICL,44,17,400,"1,340.00","536,000.00"
2020-02-23,2020022301029195,SICL,44,58,335,"1,340.00","448,900.00"
2020-02-23,2020022301029323,SICL,37,14,21,"1,338.00","28,098.00"
2020-02-23,2020022301029318,SICL,13,14,10,"1,338.00","13,380.00"
2020-02-23,2020022301029317,SICL,55,14,50,"1,340.00","67,000.00"
2020-02-23,2020022301029274,SICL,55,32,50,"1,340.00","67,000.00"
2020-02-23,2020022301029245,SICL,43,36,43,"1,340.00","57,620.00"
2020-02-23,2020022301029239,SICL,46,36,117,"1,340.00","156,780.00"
2020-02-23,2020022301029316,SIL,44,10,229,645.00,"147,705.00"
2020-02-23,2020022301029315,SIL,4,10,371,646.00,"239,666.00"
2020-02-23,2020022301028969,SIL,55,54,74,648.00,"47,952.00"
2020-02-23,2020022301029434,SJCL,48,37,10,160.00,"1,600.00"
2020-02-23,2020022301029309,SJCL,37,35,20,159.00,"3,180.00"
2020-02-23,2020022301029294,SJCL,37,28,10,159.00,"1,590.00"
2020-02-23,2020022301029439,SKBBL,42,59,30,"1,360.00","40,800.00"
2020-02-23,2020022301029374,SKBBL,42,57,100,"1,360.00","136,000.00"
2020-02-23,2020022301029267,SKBBL,42,42,65,"1,360.00","88,400.00"
2020-02-23,2020022301029138,SKBBL,11,35,59,"1,364.00","80,476.00"
2020-02-23,2020022301029014,SKBBL,42,51,10,"1,358.00","13,580.00"
2020-02-23,2020022301029231,SLBBL,41,51,200,"1,030.00","206,000.00"
2020-02-23,2020022301029272,SLICL,13,6,100,522.00,"52,200.00"
2020-02-23,2020022301029237,SLICL,13,42,50,522.00,"26,100.00"
2020-02-23,2020022301029146,SLICL,55,53,27,524.00,"14,148.00"
2020-02-23,2020022301029145,SLICL,55,8,565,524.00,"296,060.00"
2020-02-23,2020022301029099,SLICL,5,8,150,524.00,"78,600.00"
2020-02-23,2020022301029051,SLICL,28,8,10,524.00,"5,240.00"
2020-02-23,2020022301028963,SLICL,39,25,100,523.00,"52,300.00"
2020-02-23,2020022301028962,SLICL,39,35,200,523.00,"104,600.00"
2020-02-23,2020022301029326,SMATA,40,33,79,934.00,"73,786.00"
2020-02-23,2020022301029246,SMATA,40,34,21,934.00,"19,614.00"
2020-02-23,2020022301029183,SMATA,41,34,179,934.00,"167,186.00"
2020-02-23,2020022301029182,SMATA,41,57,21,934.00,"19,614.00"
2020-02-23,2020022301029094,SMB,48,42,30,"1,114.00","33,420.00"
2020-02-23,2020022301029008,SMB,48,42,10,"1,114.00","11,140.00"
2020-02-23,2020022301029456,SWBBL,19,41,50,"1,407.00","70,350.00"
2020-02-23,2020022301029356,UIC,57,34,50,454.00,"22,700.00"
2020-02-23,2020022301029113,UIC,28,34,300,454.00,"136,200.00"
2020-02-23,2020022301029040,UIC,19,21,389,452.00,"175,828.00"
2020-02-23,2020022301029039,UIC,53,21,50,452.00,"22,600.00"
2020-02-23,2020022301029038,UIC,19,21,50,452.00,"22,600.00"
2020-02-23,2020022301028959,UIC,19,22,450,452.00,"203,400.00"
2020-02-23,2020022301029363,UPPER,46,11,160,245.00,"39,200.00"
2020-02-23,2020022301029021,UPPER,46,54,353,245.00,"86,485.00"
2020-02-23,2020022301029020,UPPER,46,54,47,245.00,"11,515.00"
2020-02-23,2020022301029411,VLBS,34,38,161,"1,266.00","203,826.00"
2020-02-23,2020022301028964,VLBS,13,52,50,"1,268.00","63,400.00"
2020-02-23,2020022301029410,VLBS,13,38,31,"1,268.00","39,308.00"
2020-02-23,2020022301028922,ADBL,50,6,"1,000",429.00,"429,000.00"
2020-02-23,2020022301028824,ADBL,59,14,350,428.00,"149,800.00"
2020-02-23,2020022301028638,AHPC,13,41,400,104.00,"41,600.00"
2020-02-23,2020022301028562,AHPC,13,39,300,104.00,"31,200.00"
2020-02-23,2020022301028505,AHPC,13,52,"1,000",104.00,"104,000.00"
2020-02-23,2020022301028543,AKPL,6,13,998,138.00,"137,724.00"
2020-02-23,2020022301028499,AKPL,19,13,990,138.00,"136,620.00"
2020-02-23,2020022301028541,ALBSL,41,44,50,876.00,"43,800.00"
2020-02-23,2020022301028687,ALICL,42,41,10,650.00,"6,500.00"
2020-02-23,2020022301028611,ALICL,32,42,232,642.00,"148,944.00"
2020-02-23,2020022301028610,ALICL,50,42,500,643.00,"321,500.00"
2020-02-23,2020022301028609,ALICL,38,42,200,644.00,"128,800.00"
2020-02-23,2020022301028608,ALICL,52,42,50,644.00,"32,200.00"
2020-02-23,2020022301028607,ALICL,16,42,500,645.00,"322,500.00"
2020-02-23,2020022301028530,ALICL,57,7,100,647.00,"64,700.00"
2020-02-23,2020022301028529,ALICL,3,7,100,647.00,"64,700.00"
2020-02-23,2020022301028469,ALICL,32,13,500,650.00,"325,000.00"
2020-02-23,2020022301028606,ALICL,4,42,18,645.00,"11,610.00"
2020-02-23,2020022301028605,ALICL,40,42,200,646.00,"129,200.00"
2020-02-23,2020022301028604,ALICL,56,42,200,646.00,"129,200.00"
2020-02-23,2020022301028603,ALICL,32,42,100,647.00,"64,700.00"
2020-02-23,2020022301028561,ALICL,32,14,100,647.00,"64,700.00"
2020-02-23,2020022301028531,ALICL,32,7,300,647.00,"194,100.00"
2020-02-23,2020022301028844,API,21,51,310,140.00,"43,400.00"
2020-02-23,2020022301028905,BARUN,41,11,170,94.00,"15,980.00"
2020-02-23,2020022301028630,BARUN,41,11,20,94.00,"1,880.00"
2020-02-23,2020022301028629,BARUN,49,11,500,94.00,"47,000.00"
2020-02-23,2020022301028536,BBC,49,19,50,"1,950.00","97,500.00"
2020-02-23,2020022301028898,BOKL,40,38,173,256.00,"44,288.00"
2020-02-23,2020022301028773,BOKL,57,36,10,257.00,"2,570.00"
2020-02-23,2020022301028506,BOKL,50,36,100,257.00,"25,700.00"
2020-02-23,2020022301028484,BOKL,40,13,27,256.00,"6,912.00"
2020-02-23,2020022301028722,BPCL,5,10,500,403.00,"201,500.00"
2020-02-23,2020022301028845,CBL,46,16,17,159.00,"2,703.00"
2020-02-23,2020022301028694,CBL,46,26,556,159.00,"88,404.00"
2020-02-23,2020022301028496,CBL,46,51,52,159.00,"8,268.00"
2020-02-23,2020022301028946,CCBL,40,44,150,194.00,"29,100.00"
2020-02-23,2020022301028945,CCBL,13,44,350,194.00,"67,900.00"
2020-02-23,2020022301028670,CCBL,13,52,100,194.00,"19,400.00"
2020-02-23,2020022301028643,CCBL,13,43,100,194.00,"19,400.00"
2020-02-23,2020022301028642,CCBL,13,38,200,194.00,"38,800.00"
2020-02-23,2020022301028641,CCBL,13,53,100,194.00,"19,400.00"
2020-02-23,2020022301028640,CCBL,13,55,"2,150",194.00,"417,100.00"
2020-02-23,2020022301028527,CCBL,45,52,100,193.00,"19,300.00"
2020-02-23,2020022301028954,CHCL,53,58,171,450.00,"76,950.00"
2020-02-23,2020022301028912,CHCL,53,26,29,450.00,"13,050.00"
2020-02-23,2020022301028719,CHCL,21,58,25,451.00,"11,275.00"
2020-02-23,2020022301028931,CIT,58,55,50,"3,000.00","150,000.00"
2020-02-23,2020022301028796,CIT,56,42,14,"3,000.00","42,000.00"
2020-02-23,2020022301028691,CLBSL,51,38,40,"1,260.00","50,400.00"
2020-02-23,2020022301028690,CLBSL,56,38,10,"1,260.00","12,600.00"
2020-02-23,2020022301028689,CLBSL,26,38,115,"1,261.00","145,015.00"
2020-02-23,2020022301028688,CLBSL,40,38,41,"1,263.00","51,783.00"
2020-02-23,2020022301028893,CMF1,47,16,"2,000",9.74,"19,480.00"
2020-02-23,2020022301028794,CZBIL,42,47,10,212.00,"2,120.00"
2020-02-23,2020022301028737,CZBIL,6,47,825,212.00,"174,900.00"
2020-02-23,2020022301028736,CZBIL,6,42,500,211.00,"105,500.00"
2020-02-23,2020022301028735,CZBIL,6,45,175,211.00,"36,925.00"
2020-02-23,2020022301028675,CZBIL,50,46,72,210.00,"15,120.00"
2020-02-23,2020022301028557,CZBIL,44,45,200,211.00,"42,200.00"
2020-02-23,2020022301028508,CZBIL,50,51,11,210.00,"2,310.00"
2020-02-23,2020022301028489,CZBIL,42,45,25,211.00,"5,275.00"
2020-02-23,2020022301028488,CZBIL,42,10,15,211.00,"3,165.00"
2020-02-23,2020022301028696,DDBL,42,17,250,"1,050.00","262,500.00"
2020-02-23,2020022301028695,DDBL,42,41,25,"1,049.00","26,225.00"
2020-02-23,2020022301028650,DDBL,6,41,25,"1,049.00","26,225.00"
2020-02-23,2020022301028552,DHPL,42,6,750,57.00,"42,750.00"
2020-02-23,2020022301028551,DHPL,42,39,500,57.00,"28,500.00"
2020-02-23,2020022301028874,EBL,41,44,50,724.00,"36,200.00"
2020-02-23,2020022301028637,EBL,45,59,200,723.00,"144,600.00"
2020-02-23,2020022301028753,EIC,59,34,425,474.00,"201,450.00"
2020-02-23,2020022301028498,EIC,42,34,100,474.00,"47,400.00"
2020-02-23,2020022301028785,FMDBL,57,26,114,618.00,"70,452.00"
2020-02-23,2020022301028784,FMDBL,47,26,86,618.00,"53,148.00"
2020-02-23,2020022301028633,FMDBL,47,35,14,618.00,"8,652.00"
2020-02-23,2020022301028632,FMDBL,5,35,386,618.00,"238,548.00"
2020-02-23,2020022301028510,FMDBL,5,53,50,618.00,"30,900.00"
2020-02-23,2020022301028935,GBBL,20,58,100,254.00,"25,400.00"
2020-02-23,2020022301028895,GBBL,20,35,200,254.00,"50,800.00"
2020-02-23,2020022301028838,GBIME,57,50,309,296.00,"91,464.00"
2020-02-23,2020022301028837,GBIME,57,25,96,296.00,"28,416.00"
2020-02-23,2020022301028718,GBIME,13,25,35,296.00,"10,360.00"
2020-02-23,2020022301028717,GBIME,13,26,265,296.00,"78,440.00"
2020-02-23,2020022301028655,GBIME,28,47,47,295.00,"13,865.00"
2020-02-23,2020022301028481,GBIME,8,57,70,294.00,"20,580.00"
2020-02-23,2020022301028480,GBIME,41,57,130,294.00,"38,220.00"
2020-02-23,2020022301028793,GBLBS,46,40,270,608.00,"164,160.00"
2020-02-23,2020022301028792,GBLBS,46,49,30,607.00,"18,210.00"
2020-02-23,2020022301028583,GBLBS,28,28,200,608.00,"121,600.00"
2020-02-23,2020022301028570,GBLBS,35,40,100,605.00,"60,500.00"
2020-02-23,2020022301028569,GBLBS,6,40,100,605.00,"60,500.00"
2020-02-23,2020022301028568,GBLBS,22,40,100,605.00,"60,500.00"
2020-02-23,2020022301028567,GBLBS,55,40,300,605.00,"181,500.00"
2020-02-23,2020022301028566,GBLBS,36,40,365,606.00,"221,190.00"
