Date,Transact. No.,Symbol,Buyer,Seller,Quantity,Rate,Amount
2019-04-24,2019042401009535,ADBL,49,43,"1,000",354.00,"354,000.00"
2019-04-24,2019042401009534,ADBL,49,45,50,354.00,"17,700.00"
2019-04-24,2019042401009533,ADBL,49,26,205,354.00,"72,570.00"
2019-04-24,2019042401009532,ADBL,49,38,200,354.00,"70,800.00"
2019-04-24,2019042401009219,ADBL,6,26,15,354.00,"5,310.00"
2019-04-24,2019042401009200,ALBSL,14,39,10,468.00,"4,680.00"
2019-04-24,2019042401009199,ALBSL,14,1,10,465.00,"4,650.00"
2019-04-24,2019042401009198,ALBSL,14,1,10,465.00,"4,650.00"
2019-04-24,2019042401009197,ALBSL,14,1,10,465.00,"4,650.00"
2019-04-24,2019042401009168,ALBSL,14,1,10,460.00,"4,600.00"
2019-04-24,2019042401009167,ALBSL,14,1,10,460.00,"4,600.00"
2019-04-24,2019042401009225,ALICL,36,19,124,415.00,"51,460.00"
2019-04-24,2019042401009236,AMFI,57,42,10,570.00,"5,700.00"
2019-04-24,2019042401009596,API,25,25,20,130.00,"2,600.00"
2019-04-24,2019042401009180,API,25,39,190,128.00,"24,320.00"
2019-04-24,2019042401009179,API,25,39,500,128.00,"64,000.00"
2019-04-24,2019042401009178,API,25,39,500,128.00,"64,000.00"
2019-04-24,2019042401009177,API,25,39,500,128.00,"64,000.00"
2019-04-24,2019042401009176,API,34,39,"1,000",128.00,"128,000.00"
2019-04-24,2019042401009175,API,52,39,100,129.00,"12,900.00"
2019-04-24,2019042401009548,BARUN,25,34,360,90.00,"32,400.00"
2019-04-24,2019042401009547,BARUN,55,34,200,90.00,"18,000.00"
2019-04-24,2019042401009434,BARUN,1,34,100,91.00,"9,100.00"
2019-04-24,2019042401009433,BARUN,42,34,100,91.00,"9,100.00"
2019-04-24,2019042401009322,BARUN,5,34,190,92.00,"17,480.00"
2019-04-24,2019042401009540,BOKL,53,25,29,292.00,"8,468.00"
2019-04-24,2019042401009492,BOKL,7,25,165,292.00,"48,180.00"
2019-04-24,2019042401009491,BOKL,7,13,835,292.00,"243,820.00"
2019-04-24,2019042401009479,BOKL,34,13,165,292.00,"48,180.00"
2019-04-24,2019042401009478,BOKL,34,56,171,292.00,"49,932.00"
2019-04-24,2019042401009477,BOKL,34,51,164,292.00,"47,888.00"
2019-04-24,2019042401009183,BOKL,52,11,100,291.00,"29,100.00"
2019-04-24,2019042401009396,BOKL,5,51,300,292.00,"87,600.00"
2019-04-24,2019042401009339,BOKL,38,50,500,291.00,"145,500.00"
2019-04-24,2019042401009280,BOKL,53,51,36,292.00,"10,512.00"
2019-04-24,2019042401009279,BOKL,53,51,164,292.00,"47,888.00"
2019-04-24,2019042401009248,BOKL,38,11,316,291.00,"91,956.00"
2019-04-24,2019042401009223,BOKL,5,11,300,291.00,"87,300.00"
2019-04-24,2019042401009327,BPCL,47,7,113,358.00,"40,454.00"
2019-04-24,2019042401009326,BPCL,46,7,112,359.00,"40,208.00"
2019-04-24,2019042401009325,BPCL,52,7,200,360.00,"72,000.00"
2019-04-24,2019042401009324,BPCL,46,7,75,360.00,"27,000.00"
2019-04-24,2019042401009129,BPCL,57,50,19,365.00,"6,935.00"
2019-04-24,2019042401009128,BPCL,57,25,11,365.00,"4,015.00"
2019-04-24,2019042401009127,BPCL,57,33,50,365.00,"18,250.00"
2019-04-24,2019042401009569,CBBL,17,42,170,"1,014.00","172,380.00"
2019-04-24,2019042401009515,CBBL,47,17,500,"1,016.00","508,000.00"
2019-04-24,2019042401009349,CBBL,52,17,200,"1,016.00","203,200.00"
2019-04-24,2019042401009194,CBBL,53,58,200,"1,015.00","203,000.00"
2019-04-24,2019042401009193,CBBL,54,58,100,"1,015.00","101,500.00"
2019-04-24,2019042401009155,CBBL,25,13,"1,000","1,016.00","1,016,000.00"
2019-04-24,2019042401009579,CBL,59,42,100,162.00,"16,200.00"
2019-04-24,2019042401009578,CBL,35,42,"2,000",162.00,"324,000.00"
2019-04-24,2019042401009577,CBL,56,42,"2,200",162.00,"356,400.00"
2019-04-24,2019042401009576,CBL,40,42,"1,200",162.00,"194,400.00"
2019-04-24,2019042401009575,CBL,17,42,"1,401",162.00,"226,962.00"
2019-04-24,2019042401009574,CBL,43,42,"2,800",162.00,"453,600.00"
2019-04-24,2019042401009231,CBL,52,51,50,164.00,"8,200.00"
2019-04-24,2019042401009573,CBL,17,42,"2,200",163.00,"358,600.00"
2019-04-24,2019042401009572,CBL,17,42,"1,000",163.00,"163,000.00"
2019-04-24,2019042401009571,CBL,14,42,"2,000",163.00,"326,000.00"
2019-04-24,2019042401009570,CBL,32,42,90,163.00,"14,670.00"
2019-04-24,2019042401009233,CBL,52,35,850,164.00,"139,400.00"
2019-04-24,2019042401009232,CBL,52,50,100,164.00,"16,400.00"
2019-04-24,2019042401009594,CCBL,7,50,"1,000",179.00,"179,000.00"
2019-04-24,2019042401009507,CCBL,6,34,"1,100",179.00,"196,900.00"
2019-04-24,2019042401009210,CCBL,5,57,166,178.00,"29,548.00"
2019-04-24,2019042401009209,CCBL,34,57,34,178.00,"6,052.00"
2019-04-24,2019042401009195,CCBL,32,34,100,179.00,"17,900.00"
2019-04-24,2019042401009159,CCBL,38,34,"1,500",179.00,"268,500.00"
2019-04-24,2019042401009118,CCBL,34,34,200,179.00,"35,800.00"
2019-04-24,2019042401009447,CHCL,59,38,150,508.00,"76,200.00"
2019-04-24,2019042401009446,CHCL,57,38,400,509.00,"203,600.00"
2019-04-24,2019042401009382,CHCL,1,38,450,510.00,"229,500.00"
2019-04-24,2019042401009224,CHLBS,34,1,10,493.00,"4,930.00"
2019-04-24,2019042401009498,CIT,47,55,50,"2,490.00","124,500.00"
2019-04-24,2019042401009497,CIT,47,6,60,"2,490.00","149,400.00"
2019-04-24,2019042401009121,CIT,37,55,20,"2,480.00","49,600.00"
2019-04-24,2019042401009423,CZBIL,49,29,85,235.00,"19,975.00"
2019-04-24,2019042401009285,CZBIL,43,10,"1,500",234.00,"351,000.00"
2019-04-24,2019042401009284,CZBIL,48,10,500,234.00,"117,000.00"
2019-04-24,2019042401009203,CZBIL,43,29,100,235.00,"23,500.00"
2019-04-24,2019042401009185,CZBIL,43,51,100,235.00,"23,500.00"
2019-04-24,2019042401009184,CZBIL,38,51,"1,690",235.00,"397,150.00"
2019-04-24,2019042401009502,DBBL,29,58,"1,000",131.00,"131,000.00"
2019-04-24,2019042401009501,DBBL,17,58,"1,000",131.00,"131,000.00"
2019-04-24,2019042401009500,DBBL,25,58,851,131.00,"111,481.00"
2019-04-24,2019042401009211,DBBL,10,50,300,133.00,"39,900.00"
2019-04-24,2019042401009186,DBBL,28,50,30,133.00,"3,990.00"
2019-04-24,2019042401009564,DDBL,45,43,20,675.00,"13,500.00"
2019-04-24,2019042401009425,DDBL,45,17,130,675.00,"87,750.00"
2019-04-24,2019042401009424,DDBL,57,17,70,679.00,"47,530.00"
2019-04-24,2019042401009278,DDBL,57,52,80,679.00,"54,320.00"
2019-04-24,2019042401009135,DDBL,17,50,159,680.00,"108,120.00"
2019-04-24,2019042401009112,DDBL,17,35,41,680.00,"27,880.00"
2019-04-24,2019042401009350,EBL,42,36,50,679.00,"33,950.00"
2019-04-24,2019042401009214,EBL,43,35,66,680.00,"44,880.00"
2019-04-24,2019042401009213,EBL,43,4,34,680.00,"23,120.00"
2019-04-24,2019042401009134,EBL,41,4,50,680.00,"34,000.00"
2019-04-24,2019042401009609,FOWAD,41,39,20,"1,540.00","30,800.00"
2019-04-24,2019042401009608,FOWAD,35,39,22,"1,541.00","33,902.00"
2019-04-24,2019042401009271,FOWAD,33,39,82,"1,550.00","127,100.00"
2019-04-24,2019042401009215,FOWAD,33,39,39,"1,550.00","60,450.00"
2019-04-24,2019042401009476,GBBL,45,58,250,212.00,"53,000.00"
2019-04-24,2019042401009117,GBBL,47,35,500,213.00,"106,500.00"
2019-04-24,2019042401009116,GBBL,47,17,350,212.00,"74,200.00"
2019-04-24,2019042401009565,GBIME,38,44,350,320.00,"112,000.00"
2019-04-24,2019042401009528,GBIME,35,44,73,320.00,"23,360.00"
2019-04-24,2019042401009527,GBIME,35,45,100,320.00,"32,000.00"
2019-04-24,2019042401009526,GBIME,35,39,200,320.00,"64,000.00"
2019-04-24,2019042401009525,GBIME,35,44,127,320.00,"40,640.00"
2019-04-24,2019042401009486,GBIME,45,28,"1,000",319.00,"319,000.00"
2019-04-24,2019042401009308,GBIME,17,25,100,319.00,"31,900.00"
2019-04-24,2019042401009220,GBIME,32,44,100,320.00,"32,000.00"
2019-04-24,2019042401009208,GBIME,25,44,300,320.00,"96,000.00"
2019-04-24,2019042401009142,GBIME,17,21,27,319.00,"8,613.00"
2019-04-24,2019042401009141,GBIME,34,21,133,319.00,"42,427.00"
2019-04-24,2019042401009119,GBIME,34,47,11,319.00,"3,509.00"
2019-04-24,2019042401009359,GBIME,43,58,200,319.00,"63,800.00"
2019-04-24,2019042401009358,GBIME,26,58,473,319.00,"150,887.00"
2019-04-24,2019042401009345,GBIME,26,34,27,319.00,"8,613.00"
2019-04-24,2019042401009344,GBIME,52,34,200,319.00,"63,800.00"
2019-04-24,2019042401009343,GBIME,17,34,73,319.00,"23,287.00"
2019-04-24,2019042401009331,GBIME,6,44,300,320.00,"96,000.00"
2019-04-24,2019042401009443,GBIME,33,44,500,320.00,"160,000.00"
2019-04-24,2019042401009386,GBIME,35,44,"3,673",320.00,"1,175,360.00"
2019-04-24,2019042401009385,GBIME,35,58,"1,327",319.00,"423,313.00"
2019-04-24,2019042401009381,GBIME,45,45,197,318.00,"62,646.00"
2019-04-24,2019042401009380,GBIME,29,45,500,318.00,"159,000.00"
2019-04-24,2019042401009379,GBIME,35,45,303,318.00,"96,354.00"
2019-04-24,2019042401009599,GDBL,58,57,200,211.00,"42,200.00"
2019-04-24,2019042401009598,GDBL,58,37,900,211.00,"189,900.00"
2019-04-24,2019042401009588,GDBL,58,34,200,208.00,"41,600.00"
2019-04-24,2019042401009567,GDBL,58,37,100,211.00,"21,100.00"
2019-04-24,2019042401009545,GDBL,58,32,"1,000",211.00,"211,000.00"
2019-04-24,2019042401009126,GDBL,25,47,400,211.00,"84,400.00"
2019-04-24,2019042401009125,GDBL,25,13,200,210.00,"42,000.00"
2019-04-24,2019042401009337,GDBL,58,32,200,211.00,"42,200.00"
2019-04-24,2019042401009336,GDBL,58,48,"1,000",211.00,"211,000.00"
2019-04-24,2019042401009335,GDBL,58,6,200,210.00,"42,000.00"
2019-04-24,2019042401009333,GDBL,58,38,400,208.00,"83,200.00"
2019-04-24,2019042401009544,GDBL,58,32,500,210.00,"105,000.00"
2019-04-24,2019042401009543,GDBL,58,34,50,210.00,"10,500.00"
2019-04-24,2019042401009496,GILB,38,33,80,"1,173.00","93,840.00"
2019-04-24,2019042401009273,GLICL,44,51,10,533.00,"5,330.00"
2019-04-24,2019042401009348,GUFL,58,19,46,110.00,"5,060.00"
2019-04-24,2019042401009320,GUFL,29,19,500,111.00,"55,500.00"
2019-04-24,2019042401009319,GUFL,10,19,200,111.00,"22,200.00"
2019-04-24,2019042401009318,GUFL,32,19,100,111.00,"11,100.00"
2019-04-24,2019042401009587,HGI,53,16,50,390.00,"19,500.00"
2019-04-24,2019042401009170,HGI,53,16,100,387.00,"38,700.00"
2019-04-24,2019042401009169,HGI,46,16,130,387.00,"50,310.00"
2019-04-24,2019042401009124,HGI,53,52,50,390.00,"19,500.00"
2019-04-24,2019042401009466,HIDCL,5,52,92,138.00,"12,696.00"
2019-04-24,2019042401009465,HIDCL,1,52,359,138.00,"49,542.00"
2019-04-24,2019042401009464,HIDCL,36,52,172,139.00,"23,908.00"
2019-04-24,2019042401009426,HIDCL,36,52,80,139.00,"11,120.00"
2019-04-24,2019042401009323,HIDCL,1,47,55,138.00,"7,590.00"
2019-04-24,2019042401009272,HPPL,35,47,10,174.00,"1,740.00"
2019-04-24,2019042401009270,HPPL,42,59,10,177.00,"1,770.00"
2019-04-24,2019042401009266,HPPL,35,59,200,174.00,"34,800.00"
2019-04-24,2019042401009584,IGI,19,32,20,406.00,"8,120.00"
2019-04-24,2019042401009583,IGI,49,32,10,406.00,"4,060.00"
2019-04-24,2019042401009582,IGI,55,32,100,407.00,"40,700.00"
2019-04-24,2019042401009581,IGI,34,32,20,408.00,"8,160.00"
2019-04-24,2019042401009557,JBBL,7,57,200,145.00,"29,000.00"
2019-04-24,2019042401009556,JBBL,7,44,950,145.00,"137,750.00"
2019-04-24,2019042401009217,JBBL,43,44,50,145.00,"7,250.00"
2019-04-24,2019042401009153,JBBL,7,17,788,146.00,"115,048.00"
2019-04-24,2019042401009152,JBBL,7,58,212,145.00,"30,740.00"
2019-04-24,2019042401009149,JBBL,59,58,"2,000",145.00,"290,000.00"
2019-04-24,2019042401009148,JBBL,35,58,500,145.00,"72,500.00"
2019-04-24,2019042401009147,JBBL,22,58,"1,308",145.00,"189,660.00"
2019-04-24,2019042401009592,JBNL,25,46,100,202.00,"20,200.00"
2019-04-24,2019042401009431,JBNL,29,34,500,203.00,"101,500.00"
2019-04-24,2019042401009430,JBNL,46,34,183,203.00,"37,149.00"
2019-04-24,2019042401009406,JBNL,19,42,55,204.00,"11,220.00"
2019-04-24,2019042401009405,JBNL,19,33,345,204.00,"70,380.00"
2019-04-24,2019042401009378,JBNL,56,33,500,204.00,"102,000.00"
2019-04-24,2019042401009258,JBNL,1,58,83,203.00,"16,849.00"
2019-04-24,2019042401009145,JBNL,42,26,400,204.00,"81,600.00"
2019-04-24,2019042401009144,JBNL,42,58,500,204.00,"102,000.00"
2019-04-24,2019042401009143,JBNL,42,45,100,204.00,"20,400.00"
2019-04-24,2019042401009305,JBNL,56,33,155,204.00,"31,620.00"
2019-04-24,2019042401009304,JBNL,56,26,345,204.00,"70,380.00"
2019-04-24,2019042401009262,JBNL,46,58,817,203.00,"165,851.00"
2019-04-24,2019042401009261,JBNL,50,58,200,203.00,"40,600.00"
2019-04-24,2019042401009260,JBNL,18,58,"1,700",203.00,"345,100.00"
2019-04-24,2019042401009259,JBNL,1,58,200,203.00,"40,600.00"
2019-04-24,2019042401009422,JFL,32,46,100,170.00,"17,000.00"
2019-04-24,2019042401009421,JFL,29,46,200,170.00,"34,000.00"
2019-04-24,2019042401009561,KBL,41,50,300,235.00,"70,500.00"
2019-04-24,2019042401009483,KBL,28,45,600,233.00,"139,800.00"
2019-04-24,2019042401009435,KBL,43,39,100,234.00,"23,400.00"
2019-04-24,2019042401009417,KBL,43,43,"1,000",236.00,"236,000.00"
2019-04-24,2019042401009341,KBL,28,10,500,235.00,"117,500.00"
2019-04-24,2019042401009291,KBL,28,17,"1,000",235.00,"235,000.00"
2019-04-24,2019042401009290,KBL,28,54,200,235.00,"47,000.00"
2019-04-24,2019042401009281,KBL,28,58,300,235.00,"70,500.00"
2019-04-24,2019042401009207,KBL,28,49,100,235.00,"23,500.00"
2019-04-24,2019042401009542,KSBBL,1,39,200,150.00,"30,000.00"
2019-04-24,2019042401009356,KSBBL,1,57,500,150.00,"75,000.00"
2019-04-24,2019042401009553,LBBL,56,49,600,186.00,"111,600.00"
2019-04-24,2019042401009552,LBBL,16,49,200,186.00,"37,200.00"
2019-04-24,2019042401009551,LBBL,51,49,"1,000",186.00,"186,000.00"
2019-04-24,2019042401009550,LBBL,41,49,200,186.00,"37,200.00"
2019-04-24,2019042401009541,LBBL,41,16,300,186.00,"55,800.00"
2019-04-24,2019042401009469,LBBL,1,53,22,187.00,"4,114.00"
2019-04-24,2019042401009353,LBBL,28,53,710,187.00,"132,770.00"
2019-04-24,2019042401009352,LBBL,28,38,250,187.00,"46,750.00"
2019-04-24,2019042401009351,LBBL,28,29,40,187.00,"7,480.00"
2019-04-24,2019042401009218,LBBL,1,28,500,186.00,"93,000.00"
2019-04-24,2019042401009398,LBL,36,54,10,239.00,"2,390.00"
2019-04-24,2019042401009397,LBL,36,43,147,238.00,"34,986.00"
2019-04-24,2019042401009360,LBL,41,43,353,238.00,"84,014.00"
2019-04-24,2019042401009301,LBL,41,39,316,238.00,"75,208.00"
2019-04-24,2019042401009140,LBL,54,54,82,239.00,"19,598.00"
2019-04-24,2019042401009467,LGIL,29,28,490,516.00,"252,840.00"
2019-04-24,2019042401009274,LGIL,43,28,10,516.00,"5,160.00"
2019-04-24,2019042401009123,LGIL,34,39,200,515.00,"103,000.00"
2019-04-24,2019042401009512,MBL,14,18,100,272.00,"27,200.00"
2019-04-24,2019042401009511,MBL,29,18,400,272.00,"108,800.00"
2019-04-24,2019042401009484,MBL,7,18,"1,000",273.00,"273,000.00"
2019-04-24,2019042401009275,MBL,19,18,500,273.00,"136,500.00"
2019-04-24,2019042401009269,MBL,48,18,100,273.00,"27,300.00"
2019-04-24,2019042401009244,MBL,45,18,100,273.00,"27,300.00"
2019-04-24,2019042401009110,MBL,14,18,800,273.00,"218,400.00"
2019-04-24,2019042401009601,MEGA,45,11,259,193.00,"49,987.00"
2019-04-24,2019042401009503,MEGA,58,21,35,192.00,"6,720.00"
2019-04-24,2019042401009485,MEGA,36,11,10,193.00,"1,930.00"
2019-04-24,2019042401009404,MEGA,58,57,955,192.00,"183,360.00"
2019-04-24,2019042401009403,MEGA,58,14,777,192.00,"149,184.00"
2019-04-24,2019042401009402,MEGA,58,14,150,192.00,"28,800.00"
2019-04-24,2019042401009395,MEGA,58,56,200,191.00,"38,200.00"
2019-04-24,2019042401009383,MEGA,58,17,109,191.00,"20,819.00"
2019-04-24,2019042401009132,MEGA,58,6,200,191.00,"38,200.00"
2019-04-24,2019042401009131,MEGA,53,6,200,191.00,"38,200.00"
2019-04-24,2019042401009130,MEGA,58,6,100,191.00,"19,100.00"
2019-04-24,2019042401009182,MMFDB,18,54,19,881.00,"16,739.00"
2019-04-24,2019042401009595,MNBBL,49,28,470,378.00,"177,660.00"
2019-04-24,2019042401009401,MNBBL,38,28,500,378.00,"189,000.00"
2019-04-24,2019042401009531,NABIL,32,44,25,878.00,"21,950.00"
2019-04-24,2019042401009314,NABIL,43,44,25,879.00,"21,975.00"
2019-04-24,2019042401009181,NABIL,47,17,100,880.00,"88,000.00"
2019-04-24,2019042401009560,NBB,16,45,178,238.00,"42,364.00"
2019-04-24,2019042401009393,NBB,50,44,245,237.00,"58,065.00"
2019-04-24,2019042401009597,NBL,59,4,150,312.00,"46,800.00"
2019-04-24,2019042401009514,NBL,59,4,50,312.00,"15,600.00"
2019-04-24,2019042401009513,NBL,59,4,500,312.00,"156,000.00"
2019-04-24,2019042401009444,NBL,59,4,300,312.00,"93,600.00"
2019-04-24,2019042401009374,NBL,36,4,700,311.00,"217,700.00"
2019-04-24,2019042401009373,NBL,59,4,"1,000",311.00,"311,000.00"
2019-04-24,2019042401009120,NBL,56,4,"1,800",312.00,"561,600.00"
2019-04-24,2019042401009347,NBL,59,4,100,312.00,"31,200.00"
2019-04-24,2019042401009342,NBL,7,4,"1,000",312.00,"312,000.00"
2019-04-24,2019042401009288,NBL,56,4,"1,500",312.00,"468,000.00"
2019-04-24,2019042401009226,NBL,58,4,100,312.00,"31,200.00"
2019-04-24,2019042401009202,NBL,14,4,800,312.00,"249,600.00"
2019-04-24,2019042401009201,NBL,59,4,"1,000",312.00,"312,000.00"
2019-04-24,2019042401009366,NBL,7,4,"2,000",311.00,"622,000.00"
2019-04-24,2019042401009365,NBL,40,4,"1,000",311.00,"311,000.00"
2019-04-24,2019042401009364,NBL,14,4,500,311.00,"155,500.00"
2019-04-24,2019042401009363,NBL,40,4,200,311.00,"62,200.00"
2019-04-24,2019042401009362,NBL,38,4,"1,000",311.00,"311,000.00"
2019-04-24,2019042401009361,NBL,43,4,100,311.00,"31,100.00"
2019-04-24,2019042401009372,NBL,59,4,300,311.00,"93,300.00"
2019-04-24,2019042401009371,NBL,14,4,"2,000",311.00,"622,000.00"
2019-04-24,2019042401009370,NBL,38,4,"2,400",311.00,"746,400.00"
2019-04-24,2019042401009369,NBL,35,4,200,311.00,"62,200.00"
2019-04-24,2019042401009368,NBL,29,4,"1,000",311.00,"311,000.00"
2019-04-24,2019042401009367,NBL,7,4,"1,000",311.00,"311,000.00"
2019-04-24,2019042401009591,NCCB,56,58,"1,000",239.00,"239,000.00"
2019-04-24,2019042401009493,NCCB,39,58,821,240.00,"197,040.00"
2019-04-24,2019042401009463,NCCB,39,46,"1,000",240.00,"240,000.00"
2019-04-24,2019042401009462,NCCB,39,39,500,240.00,"120,000.00"
2019-04-24,2019042401009461,NCCB,39,51,100,240.00,"24,000.00"
2019-04-24,2019042401009460,NCCB,39,8,250,240.00,"60,000.00"
2019-04-24,2019042401009160,NCCB,51,5,"1,000",239.00,"239,000.00"
2019-04-24,2019042401009399,NCCB,5,34,811,238.00,"193,018.00"
2019-04-24,2019042401009376,NCCB,45,34,111,239.00,"26,529.00"
2019-04-24,2019042401009317,NCCB,5,39,189,238.00,"44,982.00"
2019-04-24,2019042401009316,NCCB,17,39,"1,000",238.00,"238,000.00"
2019-04-24,2019042401009315,NCCB,39,39,"1,561",238.00,"371,518.00"
2019-04-24,2019042401009222,NCCB,7,34,"1,000",239.00,"239,000.00"
2019-04-24,2019042401009459,NCCB,39,21,400,240.00,"96,000.00"
2019-04-24,2019042401009458,NCCB,39,50,500,240.00,"120,000.00"
2019-04-24,2019042401009457,NCCB,39,47,200,240.00,"48,000.00"
2019-04-24,2019042401009456,NCCB,39,33,340,240.00,"81,600.00"
2019-04-24,2019042401009455,NCCB,39,34,889,239.00,"212,471.00"
2019-04-24,2019042401009400,NCCB,16,34,"1,189",238.00,"282,982.00"
2019-04-24,2019042401009268,NGPL,1,41,63,120.00,"7,560.00"
2019-04-24,2019042401009554,NIB,17,17,194,569.00,"110,386.00"
2019-04-24,2019042401009428,NIB,20,17,101,571.00,"57,671.00"
2019-04-24,2019042401009427,NIB,20,50,100,571.00,"57,100.00"
2019-04-24,2019042401009206,NIB,20,53,299,571.00,"170,729.00"
2019-04-24,2019042401009586,NICA,58,19,38,506.00,"19,228.00"
2019-04-24,2019042401009585,NICA,58,45,262,504.00,"132,048.00"
2019-04-24,2019042401009506,NICA,59,45,200,504.00,"100,800.00"
2019-04-24,2019042401009505,NICA,34,45,538,505.00,"271,690.00"
2019-04-24,2019042401009440,NICA,34,56,50,505.00,"25,250.00"
2019-04-24,2019042401009414,NICA,34,50,552,505.00,"278,760.00"
2019-04-24,2019042401009137,NICA,46,44,100,507.00,"50,700.00"
2019-04-24,2019042401009328,NICA,14,44,100,507.00,"50,700.00"
2019-04-24,2019042401009302,NICA,58,42,700,506.00,"354,200.00"
2019-04-24,2019042401009161,NICA,58,17,500,506.00,"253,000.00"
2019-04-24,2019042401009156,NICA,58,14,200,506.00,"101,200.00"
2019-04-24,2019042401009154,NICA,35,44,300,507.00,"152,100.00"
2019-04-24,2019042401009150,NICA,58,6,100,506.00,"50,600.00"
2019-04-24,2019042401009413,NIL,8,34,100,526.00,"52,600.00"
2019-04-24,2019042401009445,NLG,53,49,100,820.00,"82,000.00"
2019-04-24,2019042401009287,NLG,44,49,50,820.00,"41,000.00"
2019-04-24,2019042401009286,NLG,47,49,200,821.00,"164,200.00"
2019-04-24,2019042401009580,NLIC,6,57,100,"1,140.00","114,000.00"
2019-04-24,2019042401009546,NLIC,45,45,8,"1,136.00","9,088.00"
2019-04-24,2019042401009499,NLIC,6,16,100,"1,140.00","114,000.00"
2019-04-24,2019042401009454,NLIC,6,34,87,"1,140.00","99,180.00"
2019-04-24,2019042401009453,NLIC,45,16,120,"1,135.00","136,200.00"
2019-04-24,2019042401009452,NLIC,34,16,100,"1,135.00","113,500.00"
2019-04-24,2019042401009243,NLIC,6,34,300,"1,140.00","342,000.00"
2019-04-24,2019042401009242,NLIC,56,34,80,"1,141.00","91,280.00"
2019-04-24,2019042401009241,NLIC,47,34,33,"1,142.00","37,686.00"
2019-04-24,2019042401009240,NLIC,47,42,17,"1,142.00","19,414.00"
2019-04-24,2019042401009196,NLIC,47,39,50,"1,144.00","57,200.00"
2019-04-24,2019042401009113,NLIC,45,19,30,"1,144.00","34,320.00"
2019-04-24,2019042401009451,NLIC,34,16,50,"1,135.00","56,750.00"
2019-04-24,2019042401009450,NLIC,25,16,100,"1,136.00","113,600.00"
2019-04-24,2019042401009449,NLIC,56,16,10,"1,136.00","11,360.00"
2019-04-24,2019042401009448,NLIC,56,16,20,"1,136.00","22,720.00"
2019-04-24,2019042401009416,NLIC,25,42,16,"1,136.00","18,176.00"
2019-04-24,2019042401009340,NLIC,25,6,100,"1,139.00","113,900.00"
2019-04-24,2019042401009296,NLICL,21,42,70,625.00,"43,750.00"
2019-04-24,2019042401009295,NLICL,21,25,100,625.00,"62,500.00"
2019-04-24,2019042401009294,NLICL,21,37,130,624.00,"81,120.00"
2019-04-24,2019042401009293,NLICL,21,3,200,624.00,"124,800.00"
2019-04-24,2019042401009257,NLICL,21,29,25,624.00,"15,600.00"
2019-04-24,2019042401009256,NLICL,21,45,75,624.00,"46,800.00"
2019-04-24,2019042401009255,NLICL,21,58,200,622.00,"124,400.00"
2019-04-24,2019042401009162,NLICL,21,58,100,620.00,"62,000.00"
2019-04-24,2019042401009606,NMB,39,44,30,390.00,"11,700.00"
2019-04-24,2019042401009600,NMB,39,25,"1,000",390.00,"390,000.00"
2019-04-24,2019042401009563,NMB,48,45,200,391.00,"78,200.00"
2019-04-24,2019042401009562,NMB,48,44,200,391.00,"78,200.00"
2019-04-24,2019042401009549,NMB,39,39,200,390.00,"78,000.00"
2019-04-24,2019042401009475,NMB,39,57,16,390.00,"6,240.00"
2019-04-24,2019042401009227,NMB,1,28,435,390.00,"169,650.00"
2019-04-24,2019042401009136,NMB,49,35,500,389.00,"194,500.00"
2019-04-24,2019042401009115,NMB,53,28,565,390.00,"220,350.00"
2019-04-24,2019042401009114,NMB,53,59,235,390.00,"91,650.00"
2019-04-24,2019042401009474,NMB,49,57,84,390.00,"32,760.00"
2019-04-24,2019042401009392,NMB,49,33,"1,000",390.00,"390,000.00"
2019-04-24,2019042401009391,NMB,49,48,86,390.00,"33,540.00"
2019-04-24,2019042401009390,NMB,49,41,330,390.00,"128,700.00"
2019-04-24,2019042401009229,NMB,1,48,53,390.00,"20,670.00"
2019-04-24,2019042401009228,NMB,1,52,12,390.00,"4,680.00"
2019-04-24,2019042401009338,NMFBS,33,54,10,"1,800.00","18,000.00"
2019-04-24,2019042401009482,NTC,41,20,10,695.00,"6,950.00"
2019-04-24,2019042401009394,NTC,49,20,10,695.00,"6,950.00"
2019-04-24,2019042401009166,NTC,42,47,30,690.00,"20,700.00"
2019-04-24,2019042401009165,NTC,28,47,100,691.00,"69,100.00"
2019-04-24,2019042401009164,NTC,7,47,150,691.00,"103,650.00"
2019-04-24,2019042401009432,OHL,52,59,100,478.00,"47,800.00"
2019-04-24,2019042401009593,PCBL,58,16,29,363.00,"10,527.00"
2019-04-24,2019042401009530,PCBL,58,14,149,363.00,"54,087.00"
2019-04-24,2019042401009529,PCBL,58,43,222,363.00,"80,586.00"
2019-04-24,2019042401009504,PCBL,58,26,59,362.00,"21,358.00"
2019-04-24,2019042401009489,PCBL,58,59,500,362.00,"181,000.00"
2019-04-24,2019042401009488,PCBL,58,53,500,362.00,"181,000.00"
2019-04-24,2019042401009263,PCBL,50,59,500,361.00,"180,500.00"
2019-04-24,2019042401009487,PCBL,58,44,800,362.00,"289,600.00"
2019-04-24,2019042401009481,PCBL,52,44,100,362.00,"36,200.00"
2019-04-24,2019042401009442,PCBL,16,35,200,361.00,"72,200.00"
2019-04-24,2019042401009441,PCBL,16,28,500,361.00,"180,500.00"
2019-04-24,2019042401009410,PCBL,37,44,500,360.00,"180,000.00"
2019-04-24,2019042401009384,PCBL,1,28,500,361.00,"180,500.00"
2019-04-24,2019042401009524,PIC,45,39,10,"1,020.00","10,200.00"
2019-04-24,2019042401009523,PIC,45,39,10,"1,020.00","10,200.00"
2019-04-24,2019042401009522,PIC,38,39,17,"1,020.00","17,340.00"
2019-04-24,2019042401009521,PIC,56,39,50,"1,021.00","51,050.00"
2019-04-24,2019042401009520,PIC,56,39,20,"1,021.00","20,420.00"
2019-04-24,2019042401009519,PIC,56,39,20,"1,021.00","20,420.00"
2019-04-24,2019042401009518,PIC,56,39,20,"1,021.00","20,420.00"
2019-04-24,2019042401009517,PIC,33,39,65,"1,022.00","66,430.00"
2019-04-24,2019042401009516,PIC,59,39,27,"1,023.00","27,621.00"
2019-04-24,2019042401009558,PLIC,38,39,"4,600",470.00,"2,162,000.00"
2019-04-24,2019042401009420,PLIC,40,39,"1,000",470.00,"470,000.00"
2019-04-24,2019042401009239,PLIC,40,39,400,470.00,"188,000.00"
2019-04-24,2019042401009192,PLIC,40,16,100,470.00,"47,000.00"
2019-04-24,2019042401009509,PMHPL,16,57,10,111.00,"1,110.00"
2019-04-24,2019042401009306,PMHPL,16,5,10,111.00,"1,110.00"
2019-04-24,2019042401009265,PMHPL,16,5,10,111.00,"1,110.00"
2019-04-24,2019042401009409,PRIN,47,32,25,427.00,"10,675.00"
2019-04-24,2019042401009389,PRIN,41,11,107,422.00,"45,154.00"
2019-04-24,2019042401009388,PRIN,32,11,100,423.00,"42,300.00"
2019-04-24,2019042401009307,PRIN,32,53,330,425.00,"140,250.00"
2019-04-24,2019042401009216,PRIN,38,53,437,425.00,"185,725.00"
2019-04-24,2019042401009133,PRIN,38,29,240,425.00,"102,000.00"
2019-04-24,2019042401009590,PRVU,6,4,630,291.00,"183,330.00"
2019-04-24,2019042401009172,PRVU,3,6,"2,500",290.00,"725,000.00"
2019-04-24,2019042401009171,PRVU,43,6,262,290.00,"75,980.00"
2019-04-24,2019042401009249,PRVU,49,52,150,292.00,"43,800.00"
2019-04-24,2019042401009237,PRVU,45,57,100,291.00,"29,100.00"
2019-04-24,2019042401009235,PRVU,45,35,200,291.00,"58,200.00"
2019-04-24,2019042401009221,PRVU,45,50,15,291.00,"4,365.00"
2019-04-24,2019042401009174,PRVU,49,50,400,291.00,"116,400.00"
2019-04-24,2019042401009173,PRVU,14,6,238,290.00,"69,020.00"
2019-04-24,2019042401009310,PRVU,50,6,"1,738",290.00,"504,020.00"
2019-04-24,2019042401009309,PRVU,14,6,262,290.00,"75,980.00"
2019-04-24,2019042401009297,PRVU,45,38,185,291.00,"53,835.00"
2019-04-24,2019042401009252,PRVU,49,38,165,292.00,"48,180.00"
2019-04-24,2019042401009251,PRVU,49,50,50,292.00,"14,600.00"
2019-04-24,2019042401009250,PRVU,49,50,135,292.00,"39,420.00"
2019-04-24,2019042401009334,PRVU,50,38,262,290.00,"75,980.00"
2019-04-24,2019042401009321,PRVU,57,14,470,291.00,"136,770.00"
2019-04-24,2019042401009495,PRVU,26,4,370,291.00,"107,670.00"
2019-04-24,2019042401009387,PRVU,26,35,100,291.00,"29,100.00"
2019-04-24,2019042401009375,PRVU,26,14,530,291.00,"154,230.00"
2019-04-24,2019042401009253,RBCLPO,40,45,10,"8,300.00","83,000.00"
2019-04-24,2019042401009190,RSDC,53,5,63,385.00,"24,255.00"
2019-04-24,2019042401009537,SAEF,43,36,"5,000",9.85,"49,250.00"
2019-04-24,2019042401009536,SAEF,43,53,"5,000",9.83,"49,150.00"
2019-04-24,2019042401009276,SANIMA,14,57,101,351.00,"35,451.00"
2019-04-24,2019042401009238,SANIMA,14,35,241,351.00,"84,591.00"
2019-04-24,2019042401009439,SBI,45,20,100,518.00,"51,800.00"
2019-04-24,2019042401009313,SBI,56,50,100,520.00,"52,000.00"
2019-04-24,2019042401009312,SBI,45,50,490,520.00,"254,800.00"
2019-04-24,2019042401009311,SBI,49,50,100,521.00,"52,100.00"
2019-04-24,2019042401009539,SBL,29,26,22,353.00,"7,766.00"
2019-04-24,2019042401009357,SBL,29,40,500,353.00,"176,500.00"
2019-04-24,2019042401009300,SBL,29,42,54,353.00,"19,062.00"
2019-04-24,2019042401009299,SBL,46,42,300,353.00,"105,900.00"
2019-04-24,2019042401009298,SBL,22,42,34,354.00,"12,036.00"
2019-04-24,2019042401009205,SBL,8,50,40,355.00,"14,200.00"
2019-04-24,2019042401009158,SBL,50,50,190,355.00,"67,450.00"
2019-04-24,2019042401009157,SBL,50,43,60,355.00,"21,300.00"
2019-04-24,2019042401009604,SCB,43,4,100,722.00,"72,200.00"
2019-04-24,2019042401009603,SCB,28,4,60,722.00,"43,320.00"
2019-04-24,2019042401009602,SCB,47,4,22,722.00,"15,884.00"
2019-04-24,2019042401009589,SCB,47,39,50,722.00,"36,100.00"
2019-04-24,2019042401009163,SCB,51,44,30,729.00,"21,870.00"
2019-04-24,2019042401009146,SCB,47,21,13,722.00,"9,386.00"
2019-04-24,2019042401009605,SDESI,59,41,100,630.00,"63,000.00"
2019-04-24,2019042401009468,SHINE,6,16,331,240.00,"79,440.00"
2019-04-24,2019042401009607,SHIVM,29,56,60,307.00,"18,420.00"
2019-04-24,2019042401009555,SHIVM,29,58,150,307.00,"46,050.00"
2019-04-24,2019042401009508,SHIVM,29,19,50,307.00,"15,350.00"
2019-04-24,2019042401009438,SHIVM,29,19,40,307.00,"12,280.00"
2019-04-24,2019042401009437,SHIVM,38,19,10,308.00,"3,080.00"
2019-04-24,2019042401009354,SHIVM,38,35,50,308.00,"15,400.00"
2019-04-24,2019042401009283,SHIVM,38,59,440,308.00,"135,520.00"
2019-04-24,2019042401009282,SHIVM,34,59,460,308.00,"141,680.00"
2019-04-24,2019042401009330,SHL,17,51,200,217.00,"43,400.00"
2019-04-24,2019042401009429,SHPC,56,49,780,227.00,"177,060.00"
2019-04-24,2019042401009139,SHPC,56,19,220,227.00,"49,940.00"
2019-04-24,2019042401009234,SICL,40,25,105,891.00,"93,555.00"
2019-04-24,2019042401009510,SIL,40,5,150,609.00,"91,350.00"
2019-04-24,2019042401009332,SIL,44,5,50,609.00,"30,450.00"
2019-04-24,2019042401009568,SINDU,14,29,100,132.00,"13,200.00"
2019-04-24,2019042401009408,SINDU,21,21,192,130.00,"24,960.00"
2019-04-24,2019042401009407,SINDU,21,13,170,130.00,"22,100.00"
2019-04-24,2019042401009377,SINDU,21,29,10,129.00,"1,290.00"
2019-04-24,2019042401009473,SKBBL,13,14,125,998.00,"124,750.00"
2019-04-24,2019042401009472,SKBBL,13,14,122,998.00,"121,756.00"
2019-04-24,2019042401009471,SKBBL,13,42,40,998.00,"39,920.00"
2019-04-24,2019042401009470,SKBBL,13,45,50,998.00,"49,900.00"
2019-04-24,2019042401009436,SKBBL,13,42,63,997.00,"62,811.00"
2019-04-24,2019042401009138,SLBBL,43,1,100,504.00,"50,400.00"
2019-04-24,2019042401009289,SLBBL,43,1,100,504.00,"50,400.00"
2019-04-24,2019042401009415,SLBBL,43,1,200,504.00,"100,800.00"
2019-04-24,2019042401009264,SLICL,22,39,300,542.00,"162,600.00"
2019-04-24,2019042401009267,SMATA,55,32,30,"1,225.00","36,750.00"
2019-04-24,2019042401009111,SMATA,28,32,170,"1,222.00","207,740.00"
2019-04-24,2019042401009494,SPDL,26,26,5,98.00,490.00
2019-04-24,2019042401009538,SRBL,49,44,10,263.00,"2,630.00"
2019-04-24,2019042401009412,SRBL,14,43,300,260.00,"78,000.00"
2019-04-24,2019042401009411,SRBL,26,43,200,260.00,"52,000.00"
2019-04-24,2019042401009277,SRBL,26,35,300,260.00,"78,000.00"
2019-04-24,2019042401009254,SRBL,42,44,50,263.00,"13,150.00"
2019-04-24,2019042401009247,SRBL,11,28,50,264.00,"13,200.00"
2019-04-24,2019042401009189,SRBL,42,42,100,263.00,"26,300.00"
2019-04-24,2019042401009188,SRBL,42,44,350,263.00,"92,050.00"
2019-04-24,2019042401009329,UIC,48,34,20,869.00,"17,380.00"
2019-04-24,2019042401009246,UMHL,29,1,98,107.00,"10,486.00"
2019-04-24,2019042401009245,UMHL,1,1,402,108.00,"43,416.00"
2019-04-24,2019042401009566,UPCL,58,25,30,90.00,"2,700.00"
2019-04-24,2019042401009559,UPCL,58,57,100,90.00,"9,000.00"
2019-04-24,2019042401009212,UPCL,53,54,10,91.00,910.00
2019-04-24,2019042401009490,UPPER,58,35,100,228.00,"22,800.00"
2019-04-24,2019042401009480,UPPER,50,35,100,228.00,"22,800.00"
2019-04-24,2019042401009151,UPPER,50,19,500,227.00,"113,500.00"
2019-04-24,2019042401009122,UPPER,48,35,100,228.00,"22,800.00"
2019-04-24,2019042401009292,UPPER,50,47,121,227.00,"27,467.00"
2019-04-24,2019042401009230,UPPER,58,35,50,228.00,"11,400.00"
2019-04-24,2019042401009204,UPPER,57,35,50,228.00,"11,400.00"
2019-04-24,2019042401009191,UPPER,50,57,50,227.00,"11,350.00"
2019-04-24,2019042401009187,UPPER,50,1,50,227.00,"11,350.00"
2019-04-24,2019042401009419,UPPER,44,35,231,227.00,"52,437.00"
2019-04-24,2019042401009418,UPPER,50,35,279,227.00,"63,333.00"
2019-04-24,2019042401009355,UPPER,11,35,500,228.00,"114,000.00"
2019-04-24,2019042401009346,UPPER,26,26,1,227.00,227.00
2019-04-24,2019042401009303,UPPER,52,35,100,228.00,"22,800.00"
2019-04-24,2019042401009109,ADBL,49,18,600,354.00,"212,400.00"
2019-04-24,2019042401008951,ADBL,49,18,900,354.00,"318,600.00"
2019-04-24,2019042401008792,ADBL,49,33,100,354.00,"35,400.00"
2019-04-24,2019042401008711,ADBL,49,33,"1,000",354.00,"354,000.00"
2019-04-24,2019042401008659,ADBL,16,53,553,353.00,"195,209.00"
2019-04-24,2019042401008631,ADBL,14,53,"3,251",353.00,"1,147,603.00"
2019-04-24,2019042401008630,ADBL,49,53,196,353.00,"69,188.00"
2019-04-24,2019042401008618,ADBL,49,33,"1,000",353.00,"353,000.00"
2019-04-24,2019042401008617,ADBL,49,25,200,353.00,"70,600.00"
2019-04-24,2019042401008616,ADBL,49,53,"1,000",353.00,"353,000.00"
2019-04-24,2019042401008615,ADBL,49,57,604,353.00,"213,212.00"
2019-04-24,2019042401008611,ADBL,14,49,447,352.00,"157,344.00"
2019-04-24,2019042401008888,AKJCL,56,38,20,78.00,"1,560.00"
2019-04-24,2019042401008851,AKJCL,56,38,20,78.00,"1,560.00"
2019-04-24,2019042401008764,AKJCL,56,38,20,78.00,"1,560.00"
2019-04-24,2019042401008747,AKJCL,56,38,10,78.00,780.00
2019-04-24,2019042401008731,AKJCL,56,38,10,78.00,780.00
2019-04-24,2019042401008722,AKJCL,56,38,10,78.00,780.00
2019-04-24,2019042401008687,ALBSL,17,1,10,453.00,"4,530.00"
2019-04-24,2019042401009079,ALICL,56,19,400,416.00,"166,400.00"
2019-04-24,2019042401008969,API,19,39,40,130.00,"5,200.00"
2019-04-24,2019042401008834,API,19,39,400,130.00,"52,000.00"
2019-04-24,2019042401008833,API,38,39,699,130.00,"90,870.00"
2019-04-24,2019042401009033,BNT,28,28,30,"6,600.00","198,000.00"
2019-04-24,2019042401008786,BOKL,29,11,143,291.00,"41,613.00"
2019-04-24,2019042401008785,BOKL,29,28,100,291.00,"29,100.00"
2019-04-24,2019042401009050,CBBL,49,13,100,"1,017.00","101,700.00"
2019-04-24,2019042401009039,CBBL,54,39,100,"1,015.00","101,500.00"
2019-04-24,2019042401008924,CBBL,52,13,250,"1,017.00","254,250.00"
2019-04-24,2019042401008646,CBBL,17,13,30,"1,017.00","30,510.00"
2019-04-24,2019042401008629,CBBL,32,13,40,"1,017.00","40,680.00"
2019-04-24,2019042401008783,CBBL,54,17,20,"1,016.00","20,320.00"
2019-04-24,2019042401008782,CBBL,54,17,380,"1,016.00","386,080.00"
2019-04-24,2019042401008718,CBBL,53,17,370,"1,016.00","375,920.00"
2019-04-24,2019042401008717,CBBL,53,17,200,"1,016.00","203,200.00"
2019-04-24,2019042401008716,CBBL,54,17,50,"1,016.00","50,800.00"
2019-04-24,2019042401008847,CBBL,40,13,20,"1,017.00","20,340.00"
2019-04-24,2019042401008846,CBBL,40,17,30,"1,016.00","30,480.00"
2019-04-24,2019042401008821,CBBL,50,17,300,"1,015.00","304,500.00"
2019-04-24,2019042401009031,CBL,40,51,300,164.00,"49,200.00"
2019-04-24,2019042401008849,CBL,32,48,410,163.00,"66,830.00"
2019-04-24,2019042401008714,CBL,38,51,50,164.00,"8,200.00"
2019-04-24,2019042401008639,CBL,38,51,100,164.00,"16,400.00"
2019-04-24,2019042401008626,CBL,52,22,"1,000",163.00,"163,000.00"
2019-04-24,2019042401009063,CCBL,34,34,200,179.00,"35,800.00"
2019-04-24,2019042401008968,CCBL,52,34,"1,000",179.00,"179,000.00"
2019-04-24,2019042401008967,CCBL,34,34,200,179.00,"35,800.00"
2019-04-24,2019042401008966,CCBL,35,34,700,179.00,"125,300.00"
2019-04-24,2019042401008686,CCBL,41,51,162,180.00,"29,160.00"
2019-04-24,2019042401008685,CCBL,41,14,38,180.00,"6,840.00"
2019-04-24,2019042401009045,CHCL,1,35,194,510.00,"98,940.00"
2019-04-24,2019042401008996,CHCL,1,19,120,510.00,"61,200.00"
2019-04-24,2019042401008653,CHLBS,34,1,10,493.00,"4,930.00"
2019-04-24,2019042401009000,CIT,50,52,49,"2,485.00","121,765.00"
2019-04-24,2019042401008927,CIT,51,39,15,"2,477.00","37,155.00"
2019-04-24,2019042401008926,CIT,11,39,50,"2,477.00","123,850.00"
2019-04-24,2019042401008914,CIT,46,39,10,"2,478.00","24,780.00"
2019-04-24,2019042401008913,CIT,51,39,20,"2,478.00","49,560.00"
2019-04-24,2019042401008912,CIT,22,39,40,"2,480.00","99,200.00"
2019-04-24,2019042401008709,CIT,5,49,10,"2,485.00","24,850.00"
2019-04-24,2019042401008708,CIT,56,49,10,"2,486.00","24,860.00"
2019-04-24,2019042401008837,CIT,41,29,20,"2,481.00","49,620.00"
2019-04-24,2019042401008836,CIT,41,29,20,"2,483.00","49,660.00"
2019-04-24,2019042401008790,CIT,16,52,20,"2,485.00","49,700.00"
2019-04-24,2019042401008742,CIT,43,52,50,"2,485.00","124,250.00"
2019-04-24,2019042401008741,CIT,22,52,21,"2,485.00","52,185.00"
2019-04-24,2019042401008710,CIT,22,49,29,"2,485.00","72,065.00"
2019-04-24,2019042401008911,CIT,33,39,25,"2,480.00","62,000.00"
2019-04-24,2019042401008910,CIT,49,39,10,"2,480.00","24,800.00"
2019-04-24,2019042401008844,CIT,22,52,10,"2,485.00","24,850.00"
2019-04-24,2019042401008840,CIT,49,29,40,"2,480.00","99,200.00"
2019-04-24,2019042401008839,CIT,45,29,10,"2,481.00","24,810.00"
2019-04-24,2019042401008838,CIT,1,29,10,"2,481.00","24,810.00"
2019-04-24,2019042401009043,CZBIL,38,45,100,235.00,"23,500.00"
2019-04-24,2019042401008909,CZBIL,38,54,500,235.00,"117,500.00"
2019-04-24,2019042401008855,CZBIL,36,34,200,236.00,"47,200.00"
2019-04-24,2019042401008850,CZBIL,33,25,"1,000",236.00,"236,000.00"
2019-04-24,2019042401008843,CZBIL,38,54,100,235.00,"23,500.00"
2019-04-24,2019042401008826,CZBIL,38,29,10,235.00,"2,350.00"
2019-04-24,2019042401009106,DBBL,21,58,240,132.00,"31,680.00"
2019-04-24,2019042401008987,DBBL,20,49,197,132.00,"26,004.00"
2019-04-24,2019042401008713,DDBL,45,32,100,680.00,"68,000.00"
2019-04-24,2019042401008712,DDBL,26,32,50,681.00,"34,050.00"
2019-04-24,2019042401008671,DDBL,52,6,100,682.00,"68,200.00"
2019-04-24,2019042401009036,EBL,28,4,145,680.00,"98,600.00"
2019-04-24,2019042401009012,EBL,58,49,287,678.00,"194,586.00"
2019-04-24,2019042401008877,EBL,34,4,500,680.00,"340,000.00"
2019-04-24,2019042401008624,EDBL,32,43,50,295.00,"14,750.00"
2019-04-24,2019042401008614,FMDBL,38,34,110,387.00,"42,570.00"
2019-04-24,2019042401008613,FMDBL,38,33,85,384.00,"32,640.00"
2019-04-24,2019042401009008,FOWAD,33,39,39,"1,550.00","60,450.00"
2019-04-24,2019042401008992,GBBL,17,35,200,211.00,"42,200.00"
2019-04-24,2019042401008961,GBBL,17,1,125,211.00,"26,375.00"
2019-04-24,2019042401008824,GBBL,17,51,347,211.00,"73,217.00"
2019-04-24,2019042401008751,GBBL,17,39,286,211.00,"60,346.00"
2019-04-24,2019042401008750,GBBL,58,39,"2,000",211.00,"422,000.00"
2019-04-24,2019042401008728,GBBL,37,39,"1,000",211.00,"211,000.00"
2019-04-24,2019042401008649,GBBL,56,17,100,212.00,"21,200.00"
2019-04-24,2019042401008641,GBBL,52,17,300,212.00,"63,600.00"
2019-04-24,2019042401008640,GBBL,43,17,250,212.00,"53,000.00"
2019-04-24,2019042401009096,GBIME,34,21,94,319.00,"29,986.00"
2019-04-24,2019042401009007,GBIME,6,13,300,320.00,"96,000.00"
2019-04-24,2019042401009006,GBIME,6,44,"5,000",320.00,"1,600,000.00"
2019-04-24,2019042401009005,GBIME,6,58,310,320.00,"99,200.00"
2019-04-24,2019042401008950,GBIME,33,58,"2,000",320.00,"640,000.00"
2019-04-24,2019042401008931,GBIME,34,16,51,319.00,"16,269.00"
2019-04-24,2019042401008610,GBIME,38,26,100,320.00,"32,000.00"
2019-04-24,2019042401008777,GBIME,34,58,190,320.00,"60,800.00"
2019-04-24,2019042401008769,GBIME,34,43,100,320.00,"32,000.00"
2019-04-24,2019042401008745,GBIME,34,42,10,320.00,"3,200.00"
2019-04-24,2019042401008694,GBIME,58,28,"1,000",320.00,"320,000.00"
2019-04-24,2019042401008693,GBIME,58,58,"2,000",320.00,"640,000.00"
2019-04-24,2019042401008658,GBIME,42,43,50,319.00,"15,950.00"
2019-04-24,2019042401008873,GBIME,34,58,11,319.00,"3,509.00"
2019-04-24,2019042401008872,GBIME,41,58,100,319.00,"31,900.00"
2019-04-24,2019042401008871,GBIME,45,58,500,319.00,"159,500.00"
2019-04-24,2019042401008870,GBIME,42,58,"4,389",319.00,"1,400,091.00"
2019-04-24,2019042401008832,GBIME,32,58,500,320.00,"160,000.00"
2019-04-24,2019042401008820,GBIME,42,49,21,319.00,"6,699.00"
2019-04-24,2019042401008779,GBLBS,42,39,110,350.00,"38,500.00"
2019-04-24,2019042401008979,GFCL,11,21,28,123.00,"3,444.00"
2019-04-24,2019042401008862,GLICL,21,39,180,525.00,"94,500.00"
2019-04-24,2019042401008861,GLICL,38,39,30,525.00,"15,750.00"
2019-04-24,2019042401008860,GLICL,48,39,200,526.00,"105,200.00"
2019-04-24,2019042401008859,GLICL,5,39,150,526.00,"78,900.00"
2019-04-24,2019042401008858,GLICL,50,39,200,527.00,"105,400.00"
2019-04-24,2019042401008857,GLICL,26,39,50,527.00,"26,350.00"
2019-04-24,2019042401008856,GLICL,34,39,100,528.00,"52,800.00"
2019-04-24,2019042401009038,HBL,13,38,400,569.00,"227,600.00"
2019-04-24,2019042401009037,HBL,13,45,200,568.00,"113,600.00"
2019-04-24,2019042401008719,HBL,26,38,500,565.00,"282,500.00"
2019-04-24,2019042401009016,HGI,53,54,100,391.00,"39,100.00"
2019-04-24,2019042401008700,HGI,34,54,100,391.00,"39,100.00"
2019-04-24,2019042401008886,HIDCL,32,29,61,139.00,"8,479.00"
2019-04-24,2019042401008854,HIDCL,32,47,61,139.00,"8,479.00"
2019-04-24,2019042401009026,JBBL,22,52,92,145.00,"13,340.00"
2019-04-24,2019042401009025,JBBL,7,52,200,145.00,"29,000.00"
2019-04-24,2019042401009062,JBNL,1,44,417,203.00,"84,651.00"
2019-04-24,2019042401009061,JBNL,19,44,500,203.00,"101,500.00"
2019-04-24,2019042401009060,JBNL,51,44,100,203.00,"20,300.00"
2019-04-24,2019042401009059,JBNL,6,44,250,203.00,"50,750.00"
2019-04-24,2019042401009058,JBNL,21,44,500,203.00,"101,500.00"
2019-04-24,2019042401009057,JBNL,49,44,"1,000",203.00,"203,000.00"
2019-04-24,2019042401008657,JBNL,38,44,100,204.00,"20,400.00"
2019-04-24,2019042401008644,JBNL,42,42,100,203.00,"20,300.00"
2019-04-24,2019042401008637,JBNL,33,44,500,204.00,"102,000.00"
2019-04-24,2019042401008985,JBNL,40,44,"1,000",204.00,"204,000.00"
2019-04-24,2019042401008825,JBNL,19,44,50,204.00,"10,200.00"
2019-04-24,2019042401008746,JBNL,21,44,240,204.00,"48,960.00"
2019-04-24,2019042401008737,JBNL,42,29,100,203.00,"20,300.00"
2019-04-24,2019042401008730,JBNL,41,44,150,204.00,"30,600.00"
2019-04-24,2019042401008707,JBNL,42,43,49,203.00,"9,947.00"
2019-04-24,2019042401008823,JFL,1,34,100,172.00,"17,200.00"
2019-04-24,2019042401008960,KBBL,56,22,200,229.00,"45,800.00"
2019-04-24,2019042401009087,KBL,28,47,"1,600",238.00,"380,800.00"
2019-04-24,2019042401009086,KBL,28,5,"2,000",237.00,"474,000.00"
2019-04-24,2019042401009085,KBL,28,50,500,237.00,"118,500.00"
2019-04-24,2019042401009084,KBL,28,56,100,237.00,"23,700.00"
2019-04-24,2019042401009083,KBL,28,39,100,237.00,"23,700.00"
2019-04-24,2019042401009028,KBL,43,34,500,236.00,"118,000.00"
2019-04-24,2019042401008674,KBL,28,55,200,232.00,"46,400.00"
2019-04-24,2019042401008791,KBL,14,51,"1,500",233.00,"349,500.00"
2019-04-24,2019042401008762,KBL,14,51,50,233.00,"11,650.00"
2019-04-24,2019042401008761,KBL,14,33,"1,000",233.00,"233,000.00"
2019-04-24,2019042401008760,KBL,14,25,200,233.00,"46,600.00"
2019-04-24,2019042401008759,KBL,14,45,250,233.00,"58,250.00"
2019-04-24,2019042401008675,KBL,28,58,300,232.00,"69,600.00"
2019-04-24,2019042401008881,KBL,43,50,500,234.00,"117,000.00"
2019-04-24,2019042401008880,KBL,43,8,302,234.00,"70,668.00"
2019-04-24,2019042401008879,KBL,43,34,500,234.00,"117,000.00"
2019-04-24,2019042401008830,KBL,14,19,120,233.00,"27,960.00"
2019-04-24,2019042401008829,KBL,14,35,90,233.00,"20,970.00"
2019-04-24,2019042401008828,KBL,14,51,450,233.00,"104,850.00"
2019-04-24,2019042401008976,KBL,28,52,200,235.00,"47,000.00"
2019-04-24,2019042401008975,KBL,28,59,302,235.00,"70,970.00"
2019-04-24,2019042401008959,KBL,43,59,198,235.00,"46,530.00"
2019-04-24,2019042401008958,KBL,43,33,802,234.00,"187,668.00"
2019-04-24,2019042401008906,KBL,43,33,198,234.00,"46,332.00"
2019-04-24,2019042401008882,KBL,43,57,500,234.00,"117,000.00"
2019-04-24,2019042401009027,KBL,43,42,500,236.00,"118,000.00"
2019-04-24,2019042401009011,KBL,28,29,200,232.00,"46,400.00"
2019-04-24,2019042401008998,KBL,43,42,500,236.00,"118,000.00"
2019-04-24,2019042401008997,KBL,43,50,"1,000",236.00,"236,000.00"
2019-04-24,2019042401008978,KBL,28,52,"1,000",235.00,"235,000.00"
2019-04-24,2019042401008977,KBL,28,19,500,235.00,"117,500.00"
2019-04-24,2019042401008817,KNBL,7,49,19,129.00,"2,451.00"
2019-04-24,2019042401008816,KNBL,7,39,940,129.00,"121,260.00"
2019-04-24,2019042401009048,KSBBL,1,59,"3,000",150.00,"450,000.00"
2019-04-24,2019042401009047,KSBBL,57,59,260,150.00,"39,000.00"
2019-04-24,2019042401008984,LBBL,44,29,10,187.00,"1,870.00"
2019-04-24,2019042401009064,LBL,41,39,381,238.00,"90,678.00"
2019-04-24,2019042401009030,LBL,41,51,600,238.00,"142,800.00"
2019-04-24,2019042401008974,LBL,41,5,250,238.00,"59,500.00"
2019-04-24,2019042401008758,LBL,41,43,50,238.00,"11,900.00"
2019-04-24,2019042401008757,LBL,41,45,50,238.00,"11,900.00"
2019-04-24,2019042401008756,LBL,51,45,200,238.00,"47,600.00"
2019-04-24,2019042401008845,LGIL,57,57,400,517.00,"206,800.00"
2019-04-24,2019042401008753,LGIL,34,53,140,514.00,"71,960.00"
2019-04-24,2019042401008995,LLBS,57,54,38,800.00,"30,400.00"
2019-04-24,2019042401008963,MBL,36,4,100,274.00,"27,400.00"
2019-04-24,2019042401008962,MBL,36,10,100,274.00,"27,400.00"
2019-04-24,2019042401008949,MBL,29,6,"1,000",272.00,"272,000.00"
2019-04-24,2019042401008948,MBL,29,25,600,272.00,"163,200.00"
2019-04-24,2019042401008822,MBL,44,43,50,271.00,"13,550.00"
2019-04-24,2019042401008776,MBL,18,25,200,272.00,"54,400.00"
2019-04-24,2019042401008724,MBL,25,25,200,272.00,"54,400.00"
2019-04-24,2019042401008723,MBL,25,45,100,272.00,"27,200.00"
2019-04-24,2019042401008612,MBL,38,38,"1,000",273.00,"273,000.00"
2019-04-24,2019042401008988,MEGA,50,14,83,192.00,"15,936.00"
2019-04-24,2019042401008923,MEGA,50,32,217,192.00,"41,664.00"
2019-04-24,2019042401008922,MEGA,50,32,483,192.00,"92,736.00"
2019-04-24,2019042401008921,MEGA,50,52,17,192.00,"3,264.00"
2019-04-24,2019042401008920,MEGA,25,52,125,192.00,"24,000.00"
2019-04-24,2019042401008876,MEGA,25,49,175,192.00,"33,600.00"
2019-04-24,2019042401008875,MEGA,34,49,125,192.00,"24,000.00"
2019-04-24,2019042401008848,MEGA,34,43,50,192.00,"9,600.00"
2019-04-24,2019042401008619,MEGA,34,57,100,192.00,"19,200.00"
2019-04-24,2019042401009002,NABIL,38,17,20,880.00,"17,600.00"
2019-04-24,2019042401008835,NABIL,49,17,100,880.00,"88,000.00"
2019-04-24,2019042401009094,NABILP,44,28,14,848.00,"11,872.00"
2019-04-24,2019042401009093,NABILP,44,28,286,848.00,"242,528.00"
2019-04-24,2019042401009092,NABILP,44,22,200,848.00,"169,600.00"
2019-04-24,2019042401008702,NABILP,28,45,20,839.00,"16,780.00"
2019-04-24,2019042401008701,NABILP,28,35,100,838.00,"83,800.00"
2019-04-24,2019042401008677,NADEP,43,49,20,530.00,"10,600.00"
2019-04-24,2019042401008676,NADEP,43,58,20,526.00,"10,520.00"
2019-04-24,2019042401008878,NBB,28,34,200,239.00,"47,800.00"
2019-04-24,2019042401008775,NBB,14,34,"1,300",239.00,"310,700.00"
2019-04-24,2019042401008768,NBB,14,32,500,239.00,"119,500.00"
2019-04-24,2019042401008767,NBB,14,22,200,239.00,"47,800.00"
2019-04-24,2019042401008763,NBB,50,51,392,238.00,"93,296.00"
2019-04-24,2019042401008721,NBB,58,51,100,238.00,"23,800.00"
2019-04-24,2019042401009100,NBL,5,4,400,312.00,"124,800.00"
2019-04-24,2019042401009081,NBL,13,4,"1,000",312.00,"312,000.00"
2019-04-24,2019042401009067,NBL,29,4,"1,300",312.00,"405,600.00"
2019-04-24,2019042401009046,NBL,40,4,500,312.00,"156,000.00"
2019-04-24,2019042401009021,NBL,1,1,250,312.00,"78,000.00"
2019-04-24,2019042401009020,NBL,1,51,250,312.00,"78,000.00"
2019-04-24,2019042401008715,NBL,40,25,"1,000",313.00,"313,000.00"
2019-04-24,2019042401008705,NBL,14,43,"2,900",312.00,"904,800.00"
2019-04-24,2019042401008673,NBL,14,21,100,312.00,"31,200.00"
2019-04-24,2019042401008648,NBL,14,25,"2,000",313.00,"626,000.00"
2019-04-24,2019042401008623,NBL,21,25,500,312.00,"156,000.00"
2019-04-24,2019042401008889,NBL,59,4,500,312.00,"156,000.00"
2019-04-24,2019042401008887,NBL,13,4,150,312.00,"46,800.00"
2019-04-24,2019042401008755,NBL,40,4,100,312.00,"31,200.00"
2019-04-24,2019042401008754,NBL,40,25,"1,900",312.00,"592,800.00"
2019-04-24,2019042401008739,NBL,59,25,100,312.00,"31,200.00"
2019-04-24,2019042401008733,NBL,40,25,"1,000",312.00,"312,000.00"
2019-04-24,2019042401009015,NBL,29,51,250,312.00,"78,000.00"
2019-04-24,2019042401009014,NBL,29,4,"1,250",312.00,"390,000.00"
2019-04-24,2019042401009001,NBL,7,4,"1,000",312.00,"312,000.00"
2019-04-24,2019042401008971,NBL,58,4,500,312.00,"156,000.00"
2019-04-24,2019042401008946,NBL,59,4,"1,000",312.00,"312,000.00"
2019-04-24,2019042401008928,NBL,59,4,500,312.00,"156,000.00"
2019-04-24,2019042401009024,NCCB,39,56,500,238.00,"119,000.00"
2019-04-24,2019042401009004,NCCB,43,58,"2,420",239.00,"578,380.00"
2019-04-24,2019042401008819,NCCB,43,33,450,240.00,"108,000.00"
2019-04-24,2019042401008818,NCCB,43,59,50,239.00,"11,950.00"
2019-04-24,2019042401008738,NCCB,39,29,839,238.00,"199,682.00"
2019-04-24,2019042401008655,NCCB,43,33,"1,000",240.00,"240,000.00"
2019-04-24,2019042401008636,NCCB,43,33,210,240.00,"50,400.00"
2019-04-24,2019042401008635,NCCB,43,43,90,240.00,"21,600.00"
2019-04-24,2019042401008634,NCCB,43,34,500,239.00,"119,500.00"
2019-04-24,2019042401008633,NCCB,43,49,100,239.00,"23,900.00"
2019-04-24,2019042401008632,NCCB,43,51,100,239.00,"23,900.00"
2019-04-24,2019042401009108,NCDB,28,34,108,137.00,"14,796.00"
2019-04-24,2019042401009107,NCDB,28,33,325,137.00,"44,525.00"
2019-04-24,2019042401008915,NHDL,56,47,10,120.00,"1,200.00"
2019-04-24,2019042401009091,NHPC,53,58,200,68.00,"13,600.00"
2019-04-24,2019042401008973,NHPC,58,38,480,69.00,"33,120.00"
2019-04-24,2019042401008972,NHPC,58,32,300,69.00,"20,700.00"
2019-04-24,2019042401008863,NIB,17,49,24,569.00,"13,656.00"
2019-04-24,2019042401008807,NIB,17,8,59,569.00,"33,571.00"
2019-04-24,2019042401008806,NIB,37,8,500,570.00,"285,000.00"
2019-04-24,2019042401008805,NIB,28,8,50,570.00,"28,500.00"
2019-04-24,2019042401008804,NIB,19,8,100,570.00,"57,000.00"
2019-04-24,2019042401008803,NIB,40,8,200,570.00,"114,000.00"
2019-04-24,2019042401008796,NIB,5,8,175,571.00,"99,925.00"
2019-04-24,2019042401008795,NIB,48,8,203,572.00,"116,116.00"
2019-04-24,2019042401008794,NIB,44,8,60,573.00,"34,380.00"
2019-04-24,2019042401008793,NIB,59,8,33,573.00,"18,909.00"
2019-04-24,2019042401008727,NIB,34,44,256,575.00,"147,200.00"
2019-04-24,2019042401008654,NIB,34,44,100,575.00,"57,500.00"
2019-04-24,2019042401008802,NIB,11,8,50,570.00,"28,500.00"
2019-04-24,2019042401008801,NIB,46,8,100,570.00,"57,000.00"
2019-04-24,2019042401008800,NIB,49,8,250,570.00,"142,500.00"
2019-04-24,2019042401008799,NIB,49,8,20,570.00,"11,400.00"
2019-04-24,2019042401008798,NIB,51,8,100,571.00,"57,100.00"
2019-04-24,2019042401008797,NIB,29,8,100,571.00,"57,100.00"
2019-04-24,2019042401009102,NICA,58,11,500,506.00,"253,000.00"
2019-04-24,2019042401009076,NICA,58,45,896,508.00,"455,168.00"
2019-04-24,2019042401009075,NICA,58,46,500,508.00,"254,000.00"
2019-04-24,2019042401009074,NICA,58,14,200,507.00,"101,400.00"
2019-04-24,2019042401009073,NICA,58,48,10,506.00,"5,060.00"
2019-04-24,2019042401009072,NICA,58,1,171,506.00,"86,526.00"
2019-04-24,2019042401008766,NICA,42,11,41,505.00,"20,705.00"
2019-04-24,2019042401008765,NICA,42,49,159,504.00,"80,136.00"
2019-04-24,2019042401008999,NICA,49,49,200,505.00,"101,000.00"
2019-04-24,2019042401008947,NICA,25,8,200,505.00,"101,000.00"
2019-04-24,2019042401008908,NICA,25,48,15,505.00,"7,575.00"
2019-04-24,2019042401008907,NICA,25,41,300,505.00,"151,500.00"
2019-04-24,2019042401008884,NICA,49,34,200,505.00,"101,000.00"
2019-04-24,2019042401008883,NICA,59,8,300,504.00,"151,200.00"
2019-04-24,2019042401009071,NICA,58,22,50,506.00,"25,300.00"
2019-04-24,2019042401009070,NICA,58,56,"1,173",506.00,"593,538.00"
2019-04-24,2019042401009066,NICA,34,22,200,505.00,"101,000.00"
2019-04-24,2019042401009044,NICA,34,8,500,505.00,"252,500.00"
2019-04-24,2019042401009023,NICA,34,14,500,505.00,"252,500.00"
2019-04-24,2019042401009022,NICA,34,5,660,505.00,"333,300.00"
2019-04-24,2019042401009105,NICL,52,34,624,384.00,"239,616.00"
2019-04-24,2019042401009104,NICL,50,34,40,384.00,"15,360.00"
2019-04-24,2019042401009103,NICL,53,34,100,385.00,"38,500.00"
2019-04-24,2019042401008670,NICL,33,4,300,389.00,"116,700.00"
2019-04-24,2019042401008647,NICL,33,34,200,388.00,"77,600.00"
2019-04-24,2019042401008740,NICL,57,57,499,388.00,"193,612.00"
2019-04-24,2019042401008905,NICL,44,34,"2,000",385.00,"770,000.00"
2019-04-24,2019042401008904,NICL,45,34,100,386.00,"38,600.00"
2019-04-24,2019042401008903,NICL,33,34,47,386.00,"18,142.00"
2019-04-24,2019042401009082,NIL,57,57,300,529.00,"158,700.00"
2019-04-24,2019042401008937,NIL,8,16,200,530.00,"106,000.00"
2019-04-24,2019042401008893,NIL,8,57,165,530.00,"87,450.00"
2019-04-24,2019042401008892,NIL,8,53,600,530.00,"318,000.00"
2019-04-24,2019042401008891,NIL,8,45,550,529.00,"290,950.00"
2019-04-24,2019042401008890,NIL,8,28,480,528.00,"253,440.00"
2019-04-24,2019042401008787,NIL,32,17,732,526.00,"385,032.00"
2019-04-24,2019042401008720,NIL,41,16,200,525.00,"105,000.00"
2019-04-24,2019042401008744,NLBBL,52,52,40,480.00,"19,200.00"
2019-04-24,2019042401008683,NLBBL,50,7,200,477.00,"95,400.00"
2019-04-24,2019042401008651,NLBBL,57,57,100,475.00,"47,500.00"
2019-04-24,2019042401008853,NLIC,21,19,86,"1,144.00","98,384.00"
2019-04-24,2019042401008852,NLIC,21,19,14,"1,142.00","15,988.00"
2019-04-24,2019042401008831,NLIC,56,55,20,"1,141.00","22,820.00"
2019-04-24,2019042401008827,NLIC,25,19,85,"1,142.00","97,070.00"
2019-04-24,2019042401008789,NLIC,25,19,25,"1,142.00","28,550.00"
2019-04-24,2019042401008749,NLIC,14,19,10,"1,142.00","11,420.00"
2019-04-24,2019042401008748,NLIC,33,19,16,"1,143.00","18,288.00"
2019-04-24,2019042401009090,NMB,49,59,200,390.00,"78,000.00"
2019-04-24,2019042401009080,NMB,49,39,50,389.00,"19,450.00"
2019-04-24,2019042401009049,NMB,47,59,500,390.00,"195,000.00"
2019-04-24,2019042401009013,NMB,14,57,500,390.00,"195,000.00"
2019-04-24,2019042401008993,NMB,49,33,500,389.00,"194,500.00"
2019-04-24,2019042401008981,NMB,38,57,500,390.00,"195,000.00"
2019-04-24,2019042401008622,NMB,45,28,50,389.00,"19,450.00"
2019-04-24,2019042401008652,NMB,44,55,162,389.00,"63,018.00"
2019-04-24,2019042401008650,NMB,28,1,12,388.00,"4,656.00"
2019-04-24,2019042401008643,NMB,50,55,500,389.00,"194,500.00"
2019-04-24,2019042401008642,NMB,58,55,50,389.00,"19,450.00"
2019-04-24,2019042401008628,NMB,58,35,600,389.00,"233,400.00"
2019-04-24,2019042401008627,NMB,58,28,950,389.00,"369,550.00"
2019-04-24,2019042401008665,NMB,14,25,140,390.00,"54,600.00"
2019-04-24,2019042401008664,NMB,14,25,290,390.00,"113,100.00"
2019-04-24,2019042401008663,NMB,14,41,572,390.00,"223,080.00"
2019-04-24,2019042401008662,NMB,14,59,27,390.00,"10,530.00"
2019-04-24,2019042401008661,NMB,14,45,177,390.00,"69,030.00"
2019-04-24,2019042401008660,NMB,14,6,303,390.00,"118,170.00"
2019-04-24,2019042401008679,NMB,54,57,799,390.00,"311,610.00"
2019-04-24,2019042401008678,NMB,54,52,201,390.00,"78,390.00"
2019-04-24,2019042401008669,NMB,14,52,99,390.00,"38,610.00"
2019-04-24,2019042401008668,NMB,14,28,880,390.00,"343,200.00"
2019-04-24,2019042401008667,NMB,14,28,500,390.00,"195,000.00"
2019-04-24,2019042401008666,NMB,14,58,12,390.00,"4,680.00"
2019-04-24,2019042401008690,NMB,58,42,30,389.00,"11,670.00"
2019-04-24,2019042401008689,NMB,58,28,262,389.00,"101,918.00"
2019-04-24,2019042401008688,NMB,28,39,218,388.00,"84,584.00"
2019-04-24,2019042401008682,NMB,48,28,400,389.00,"155,600.00"
2019-04-24,2019042401008681,NMB,44,28,338,389.00,"131,482.00"
2019-04-24,2019042401008680,NMB,44,59,500,389.00,"194,500.00"
2019-04-24,2019042401008736,NMB,43,29,651,389.00,"253,239.00"
2019-04-24,2019042401008735,NMB,43,55,100,389.00,"38,900.00"
2019-04-24,2019042401008732,NMB,28,1,12,388.00,"4,656.00"
2019-04-24,2019042401008704,NMB,48,55,100,389.00,"38,900.00"
2019-04-24,2019042401008692,NMB,58,6,"1,242",390.00,"484,380.00"
2019-04-24,2019042401008691,NMB,58,57,466,390.00,"181,740.00"
2019-04-24,2019042401008980,NMB,38,39,500,390.00,"195,000.00"
2019-04-24,2019042401008932,NMB,49,11,330,389.00,"128,370.00"
2019-04-24,2019042401008919,NMB,49,19,120,389.00,"46,680.00"
2019-04-24,2019042401008808,NMB,59,6,100,389.00,"38,900.00"
2019-04-24,2019042401008781,NMB,43,6,49,389.00,"19,061.00"
2019-04-24,2019042401008773,NMB,43,42,200,389.00,"77,800.00"
2019-04-24,2019042401008869,NMFBS,33,47,29,"1,774.00","51,446.00"
2019-04-24,2019042401008868,NMFBS,33,59,30,"1,774.00","53,220.00"
2019-04-24,2019042401008867,NMFBS,33,53,16,"1,774.00","28,384.00"
2019-04-24,2019042401008866,NMFBS,33,46,25,"1,765.00","44,125.00"
2019-04-24,2019042401008865,NMFBS,33,7,30,"1,749.00","52,470.00"
2019-04-24,2019042401008864,NMFBS,33,25,16,"1,749.00","27,984.00"
2019-04-24,2019042401008788,NMFBS,33,1,30,"1,740.00","52,200.00"
2019-04-24,2019042401008726,NMFBS,33,17,19,"1,735.00","32,965.00"
2019-04-24,2019042401009069,OHL,52,42,137,478.00,"65,486.00"
2019-04-24,2019042401009068,OHL,59,42,273,478.00,"130,494.00"
2019-04-24,2019042401009097,PCBL,58,6,500,360.00,"180,000.00"
2019-04-24,2019042401008940,PCBL,58,34,300,360.00,"108,000.00"
2019-04-24,2019042401008939,PCBL,58,39,300,360.00,"108,000.00"
2019-04-24,2019042401008938,PCBL,58,44,694,360.00,"249,840.00"
2019-04-24,2019042401008784,PCBL,45,44,300,360.00,"108,000.00"
2019-04-24,2019042401008638,PCBL,58,51,200,359.00,"71,800.00"
2019-04-24,2019042401008964,PIC,59,52,38,"1,023.00","38,874.00"
2019-04-24,2019042401009099,PLIC,17,16,100,471.00,"47,100.00"
2019-04-24,2019042401009098,PLIC,17,39,107,471.00,"50,397.00"
2019-04-24,2019042401009019,PLIC,38,39,400,471.00,"188,400.00"
2019-04-24,2019042401008930,PLIC,55,38,300,470.00,"141,000.00"
2019-04-24,2019042401008780,PLIC,55,28,200,470.00,"94,000.00"
2019-04-24,2019042401008933,PMHPL,16,47,10,111.00,"1,110.00"
2019-04-24,2019042401008925,PMHPL,16,29,10,111.00,"1,110.00"
2019-04-24,2019042401009101,PRIN,38,29,150,425.00,"63,750.00"
2019-04-24,2019042401008929,PRIN,38,34,23,425.00,"9,775.00"
2019-04-24,2019042401008684,PRIN,19,11,150,427.00,"64,050.00"
2019-04-24,2019042401008983,PRVU,47,50,50,291.00,"14,550.00"
2019-04-24,2019042401008982,PRVU,34,50,35,291.00,"10,185.00"
2019-04-24,2019042401008943,PRVU,5,50,15,292.00,"4,380.00"
2019-04-24,2019042401008942,PRVU,5,19,100,292.00,"29,200.00"
2019-04-24,2019042401008941,PRVU,5,50,85,292.00,"24,820.00"
2019-04-24,2019042401008725,PRVU,5,50,200,292.00,"58,400.00"
2019-04-24,2019042401008621,PRVU,49,50,250,292.00,"73,000.00"
2019-04-24,2019042401008945,RSDC,39,56,100,383.00,"38,300.00"
2019-04-24,2019042401008944,RSDC,39,6,33,383.00,"12,639.00"
2019-04-24,2019042401008918,RSDC,39,26,200,382.00,"76,400.00"
2019-04-24,2019042401008917,RSDC,39,50,142,382.00,"54,244.00"
2019-04-24,2019042401008916,RSDC,39,44,222,379.00,"84,138.00"
2019-04-24,2019042401008936,SANIMA,4,34,351,354.00,"124,254.00"
2019-04-24,2019042401008774,SANIMA,34,34,68,354.00,"24,072.00"
2019-04-24,2019042401008706,SANIMA,4,33,122,353.00,"43,066.00"
2019-04-24,2019042401008703,SANIMA,4,43,100,353.00,"35,300.00"
2019-04-24,2019042401008672,SANIMA,4,51,247,353.00,"87,191.00"
2019-04-24,2019042401008885,SBI,6,4,200,522.00,"104,400.00"
2019-04-24,2019042401008778,SBL,22,45,250,354.00,"88,500.00"
2019-04-24,2019042401009032,SCB,40,34,30,725.00,"21,750.00"
2019-04-24,2019042401008994,SCB,45,4,20,730.00,"14,600.00"
2019-04-24,2019042401008815,SCB,42,6,"1,000",729.00,"729,000.00"
2019-04-24,2019042401008814,SCB,42,28,100,729.00,"72,900.00"
2019-04-24,2019042401008813,SCB,42,56,232,729.00,"169,128.00"
2019-04-24,2019042401008812,SCB,42,39,178,728.00,"129,584.00"
2019-04-24,2019042401008695,SCB,35,4,108,726.00,"78,408.00"
2019-04-24,2019042401008752,SCB,32,44,50,724.00,"36,200.00"
2019-04-24,2019042401008734,SCB,6,4,100,725.00,"72,500.00"
2019-04-24,2019042401008699,SCB,35,4,100,725.00,"72,500.00"
2019-04-24,2019042401008698,SCB,34,4,500,725.00,"362,500.00"
2019-04-24,2019042401008697,SCB,37,4,30,725.00,"21,750.00"
2019-04-24,2019042401008696,SCB,59,4,20,725.00,"14,500.00"
2019-04-24,2019042401008811,SCB,42,38,240,727.00,"174,480.00"
2019-04-24,2019042401008810,SCB,42,4,"1,142",725.00,"827,950.00"
2019-04-24,2019042401008809,SCB,42,44,50,724.00,"36,200.00"
2019-04-24,2019042401008772,SCB,47,50,115,722.00,"83,030.00"
2019-04-24,2019042401008771,SCB,16,50,20,722.00,"14,440.00"
2019-04-24,2019042401008770,SCB,41,50,185,722.00,"133,570.00"
2019-04-24,2019042401008842,SHINE,59,28,362,241.00,"87,242.00"
2019-04-24,2019042401008841,SHINE,59,33,138,241.00,"33,258.00"
2019-04-24,2019042401008645,SHINE,6,28,500,240.00,"120,000.00"
2019-04-24,2019042401009078,SHIVM,34,19,40,308.00,"12,320.00"
2019-04-24,2019042401009077,SHIVM,57,19,20,309.00,"6,180.00"
2019-04-24,2019042401008965,SHIVM,57,37,80,309.00,"24,720.00"
2019-04-24,2019042401009088,SLBBL,43,1,100,504.00,"50,400.00"
2019-04-24,2019042401009018,SMATA,28,19,43,"1,222.00","52,546.00"
2019-04-24,2019042401009017,SMATA,47,19,11,"1,225.00","13,475.00"
2019-04-24,2019042401008986,SMB,14,47,10,552.00,"5,520.00"
2019-04-24,2019042401009056,SRBL,26,28,670,264.00,"176,880.00"
2019-04-24,2019042401009055,SRBL,26,25,100,264.00,"26,400.00"
2019-04-24,2019042401009054,SRBL,26,35,200,264.00,"52,800.00"
2019-04-24,2019042401009053,SRBL,26,34,53,264.00,"13,992.00"
2019-04-24,2019042401009052,SRBL,26,46,100,264.00,"26,400.00"
2019-04-24,2019042401009051,SRBL,26,50,191,263.00,"50,233.00"
2019-04-24,2019042401009040,SRBL,26,14,"1,000",260.00,"260,000.00"
2019-04-24,2019042401009035,SRBL,26,50,100,263.00,"26,300.00"
2019-04-24,2019042401009034,SRBL,26,49,400,263.00,"105,200.00"
2019-04-24,2019042401009010,SRBL,26,50,500,260.00,"130,000.00"
2019-04-24,2019042401009009,SRBL,26,44,186,260.00,"48,360.00"
2019-04-24,2019042401008957,UIC,57,39,100,863.00,"86,300.00"
2019-04-24,2019042401008956,UIC,55,39,10,863.00,"8,630.00"
2019-04-24,2019042401008955,UIC,36,39,200,864.00,"172,800.00"
2019-04-24,2019042401008954,UIC,34,39,20,864.00,"17,280.00"
2019-04-24,2019042401008953,UIC,57,39,70,865.00,"60,550.00"
2019-04-24,2019042401008952,UIC,57,39,150,865.00,"129,750.00"
2019-04-24,2019042401009089,UMHL,1,38,14,108.00,"1,512.00"
2019-04-24,2019042401009065,UMHL,1,38,14,108.00,"1,512.00"
2019-04-24,2019042401009041,UMHL,1,38,14,108.00,"1,512.00"
2019-04-24,2019042401009029,UMHL,1,38,14,108.00,"1,512.00"
2019-04-24,2019042401009003,UMHL,1,38,14,108.00,"1,512.00"
2019-04-24,2019042401008989,UMHL,1,38,14,108.00,"1,512.00"
2019-04-24,2019042401008970,UMHL,1,38,14,108.00,"1,512.00"
2019-04-24,2019042401008620,UNL,3,28,10,"19,900.00","199,000.00"
2019-04-24,2019042401009095,UPPER,41,35,"2,000",228.00,"456,000.00"
2019-04-24,2019042401009042,UPPER,45,35,500,228.00,"114,000.00"
2019-04-24,2019042401008991,UPPER,14,35,100,228.00,"22,800.00"
2019-04-24,2019042401008990,UPPER,55,35,54,228.00,"12,312.00"
2019-04-24,2019042401008935,UPPER,14,35,50,228.00,"11,400.00"
2019-04-24,2019042401008729,UPPER,11,1,50,228.00,"11,400.00"
2019-04-24,2019042401008656,UPPER,57,35,"2,806",229.00,"642,574.00"
2019-04-24,2019042401008625,UPPER,57,1,50,229.00,"11,450.00"
2019-04-24,2019042401008897,UPPER,44,35,40,228.00,"9,120.00"
2019-04-24,2019042401008896,UPPER,32,35,500,228.00,"114,000.00"
2019-04-24,2019042401008895,UPPER,35,35,500,228.00,"114,000.00"
2019-04-24,2019042401008894,UPPER,11,35,60,228.00,"13,680.00"
2019-04-24,2019042401008874,UPPER,11,1,50,228.00,"11,400.00"
2019-04-24,2019042401008743,UPPER,11,37,50,228.00,"11,400.00"
2019-04-24,2019042401008934,UPPER,14,1,50,228.00,"11,400.00"
2019-04-24,2019042401008902,UPPER,39,35,200,228.00,"45,600.00"
2019-04-24,2019042401008901,UPPER,17,35,"1,000",228.00,"228,000.00"
2019-04-24,2019042401008900,UPPER,50,35,150,228.00,"34,200.00"
2019-04-24,2019042401008899,UPPER,11,35,150,228.00,"34,200.00"
2019-04-24,2019042401008898,UPPER,11,35,500,228.00,"114,000.00"
2019-04-24,2019042401008601,ADBL,38,43,50,351.00,"17,550.00"
2019-04-24,2019042401008556,ADBL,49,33,500,352.00,"176,000.00"
2019-04-24,2019042401008486,ADBL,40,53,"4,000",352.00,"1,408,000.00"
2019-04-24,2019042401008485,ADBL,40,53,912,352.00,"321,024.00"
2019-04-24,2019042401008329,ADBL,46,53,"1,088",352.00,"382,976.00"
2019-04-24,2019042401008328,ADBL,46,42,392,352.00,"137,984.00"
2019-04-24,2019042401008134,ADBL,40,53,"1,000",350.00,"350,000.00"
2019-04-24,2019042401008133,ADBL,19,53,327,350.00,"114,450.00"
2019-04-24,2019042401008126,ADBL,19,26,173,350.00,"60,550.00"
2019-04-24,2019042401008125,ADBL,17,26,56,350.00,"19,600.00"
2019-04-24,2019042401008140,ADBL,50,53,"1,000",351.00,"351,000.00"
2019-04-24,2019042401008139,ADBL,50,53,"1,000",351.00,"351,000.00"
2019-04-24,2019042401008138,ADBL,50,8,280,351.00,"98,280.00"
2019-04-24,2019042401008137,ADBL,50,33,"1,000",351.00,"351,000.00"
2019-04-24,2019042401008136,ADBL,50,6,850,351.00,"298,350.00"
2019-04-24,2019042401008135,ADBL,50,53,173,350.00,"60,550.00"
2019-04-24,2019042401008160,ADBL,50,6,200,352.00,"70,400.00"
2019-04-24,2019042401008159,ADBL,50,33,"1,000",352.00,"352,000.00"
2019-04-24,2019042401008158,ADBL,50,1,150,352.00,"52,800.00"
2019-04-24,2019042401008157,ADBL,50,39,100,352.00,"35,200.00"
2019-04-24,2019042401008152,ADBL,50,26,229,351.00,"80,379.00"
2019-04-24,2019042401008141,ADBL,50,53,340,351.00,"119,340.00"
2019-04-24,2019042401008240,ADBL,49,53,"4,000",351.00,"1,404,000.00"
2019-04-24,2019042401008239,ADBL,49,39,305,351.00,"107,055.00"
2019-04-24,2019042401008164,ADBL,50,42,608,352.00,"214,016.00"
2019-04-24,2019042401008163,ADBL,50,6,"2,000",352.00,"704,000.00"
2019-04-24,2019042401008162,ADBL,50,4,100,352.00,"35,200.00"
2019-04-24,2019042401008161,ADBL,50,53,500,352.00,"176,000.00"
2019-04-24,2019042401008477,AKJCL,56,38,20,78.00,"1,560.00"
2019-04-24,2019042401008465,AKJCL,56,38,10,78.00,780.00
2019-04-24,2019042401008449,AKJCL,56,38,10,78.00,780.00
2019-04-24,2019042401008448,AKJCL,42,38,10,78.00,780.00
2019-04-24,2019042401008402,AKJCL,42,38,10,78.00,780.00
2019-04-24,2019042401008401,AKJCL,55,38,10,78.00,780.00
2019-04-24,2019042401008379,AKJCL,55,38,10,78.00,780.00
2019-04-24,2019042401008364,AKJCL,55,38,10,78.00,780.00
2019-04-24,2019042401008202,AKPL,22,20,10,171.00,"1,710.00"
2019-04-24,2019042401008193,AKPL,22,13,50,168.00,"8,400.00"
2019-04-24,2019042401008481,ALBSL,55,57,10,452.00,"4,520.00"
2019-04-24,2019042401008454,ALBSL,25,57,10,453.00,"4,530.00"
2019-04-24,2019042401008382,ALBSL,25,57,10,453.00,"4,530.00"
2019-04-24,2019042401008363,ALBSL,25,1,10,453.00,"4,530.00"
2019-04-24,2019042401008311,ALBSL,25,38,10,453.00,"4,530.00"
2019-04-24,2019042401008150,ALBSL,25,51,10,453.00,"4,530.00"
2019-04-24,2019042401008520,ALICL,8,39,500,418.00,"209,000.00"
2019-04-24,2019042401008469,ALICL,36,39,500,415.00,"207,500.00"
2019-04-24,2019042401008257,AMFI,53,51,10,565.00,"5,650.00"
2019-04-24,2019042401008532,BOKL,29,50,10,290.00,"2,900.00"
2019-04-24,2019042401008438,BOKL,22,51,336,292.00,"98,112.00"
2019-04-24,2019042401008437,BOKL,22,21,64,292.00,"18,688.00"
2019-04-24,2019042401008388,BOKL,22,50,522,291.00,"151,902.00"
2019-04-24,2019042401008387,BOKL,22,46,461,291.00,"134,151.00"
2019-04-24,2019042401008370,BOKL,44,46,100,291.00,"29,100.00"
2019-04-24,2019042401008111,BOKL,35,52,764,290.00,"221,560.00"
2019-04-24,2019042401008110,BOKL,52,14,200,291.00,"58,200.00"
2019-04-24,2019042401008226,BOKL,29,42,400,290.00,"116,000.00"
2019-04-24,2019042401008196,BOKL,29,22,200,290.00,"58,000.00"
2019-04-24,2019042401008175,BOKL,29,55,647,290.00,"187,630.00"
2019-04-24,2019042401008174,BOKL,49,55,300,290.00,"87,000.00"
2019-04-24,2019042401008173,BOKL,35,55,53,290.00,"15,370.00"
2019-04-24,2019042401008113,BOKL,29,46,356,291.00,"103,596.00"
2019-04-24,2019042401008585,CBBL,53,13,50,"1,017.00","50,850.00"
2019-04-24,2019042401008584,CBBL,53,17,50,"1,017.00","50,850.00"
2019-04-24,2019042401008533,CBBL,19,17,50,"1,017.00","50,850.00"
2019-04-24,2019042401008155,CBBL,40,17,200,"1,017.00","203,400.00"
2019-04-24,2019042401008564,CBL,22,42,"1,802",163.00,"293,726.00"
2019-04-24,2019042401008206,CBL,17,42,198,163.00,"32,274.00"
2019-04-24,2019042401008201,CBL,17,21,"1,000",163.00,"163,000.00"
2019-04-24,2019042401008413,CCBL,55,50,"1,229",182.00,"223,678.00"
2019-04-24,2019042401008412,CCBL,55,32,717,182.00,"130,494.00"
2019-04-24,2019042401008411,CCBL,55,58,"1,400",182.00,"254,800.00"
2019-04-24,2019042401008410,CCBL,55,46,182,182.00,"33,124.00"
2019-04-24,2019042401008409,CCBL,55,52,300,181.00,"54,300.00"
2019-04-24,2019042401008210,CCBL,38,41,200,180.00,"36,000.00"
2019-04-24,2019042401008209,CCBL,38,58,51,180.00,"9,180.00"
2019-04-24,2019042401008208,CCBL,38,16,607,180.00,"109,260.00"
2019-04-24,2019042401008378,CCBL,57,7,42,180.00,"7,560.00"
2019-04-24,2019042401008335,CCBL,49,6,100,181.00,"18,100.00"
2019-04-24,2019042401008327,CCBL,57,43,100,180.00,"18,000.00"
2019-04-24,2019042401008326,CCBL,57,39,58,180.00,"10,440.00"
2019-04-24,2019042401008212,CCBL,38,39,42,180.00,"7,560.00"
2019-04-24,2019042401008211,CCBL,38,41,100,180.00,"18,000.00"
2019-04-24,2019042401008408,CCBL,55,34,200,181.00,"36,200.00"
2019-04-24,2019042401008407,CCBL,55,46,169,181.00,"30,589.00"
2019-04-24,2019042401008406,CCBL,55,52,300,181.00,"54,300.00"
2019-04-24,2019042401008405,CCBL,55,6,"2,000",181.00,"362,000.00"
2019-04-24,2019042401008404,CCBL,55,6,45,181.00,"8,145.00"
2019-04-24,2019042401008403,CCBL,55,7,958,180.00,"172,440.00"
2019-04-24,2019042401008324,CHLBS,34,1,10,493.00,"4,930.00"
2019-04-24,2019042401008241,CHLBS,34,38,10,493.00,"4,930.00"
2019-04-24,2019042401008497,CIT,43,44,50,"2,486.00","124,300.00"
2019-04-24,2019042401008599,CZBIL,37,55,"1,000",235.00,"235,000.00"
2019-04-24,2019042401008381,CZBIL,48,55,"1,000",234.00,"234,000.00"
2019-04-24,2019042401008377,CZBIL,43,58,100,235.00,"23,500.00"
2019-04-24,2019042401008376,CZBIL,43,14,41,235.00,"9,635.00"
2019-04-24,2019042401008375,CZBIL,43,13,511,235.00,"120,085.00"
2019-04-24,2019042401008374,CZBIL,43,58,32,235.00,"7,520.00"
2019-04-24,2019042401008373,CZBIL,43,56,10,235.00,"2,350.00"
2019-04-24,2019042401008372,CZBIL,43,46,"1,600",235.00,"376,000.00"
2019-04-24,2019042401008371,CZBIL,43,57,695,235.00,"163,325.00"
2019-04-24,2019042401008332,CZBIL,43,29,10,234.00,"2,340.00"
2019-04-24,2019042401008331,CZBIL,43,29,"1,500",234.00,"351,000.00"
2019-04-24,2019042401008514,DBBL,32,50,50,133.00,"6,650.00"
2019-04-24,2019042401008365,DBBL,35,58,155,132.00,"20,460.00"
2019-04-24,2019042401008148,DDBL,4,17,300,684.00,"205,200.00"
2019-04-24,2019042401008352,EBL,49,4,100,680.00,"68,000.00"
2019-04-24,2019042401008256,EBL,28,4,171,680.00,"116,280.00"
2019-04-24,2019042401008463,FMDBL,57,52,200,381.00,"76,200.00"
2019-04-24,2019042401008268,FMDBL,38,34,100,379.00,"37,900.00"
2019-04-24,2019042401008447,FOWAD,33,34,20,"1,550.00","31,000.00"
2019-04-24,2019042401008358,FOWAD,33,47,30,"1,550.00","46,500.00"
2019-04-24,2019042401008289,GBIME,38,17,638,321.00,"204,798.00"
2019-04-24,2019042401008264,GBIME,42,36,300,319.00,"95,700.00"
2019-04-24,2019042401008254,GBIME,50,39,500,320.00,"160,000.00"
2019-04-24,2019042401008253,GBIME,50,44,"1,275",320.00,"408,000.00"
2019-04-24,2019042401008242,GBIME,22,44,50,320.00,"16,000.00"
2019-04-24,2019042401008229,GBIME,57,44,150,320.00,"48,000.00"
2019-04-24,2019042401008213,GBIME,34,44,"1,000",320.00,"320,000.00"
2019-04-24,2019042401008172,GBIME,42,22,200,319.00,"63,800.00"
2019-04-24,2019042401008130,GBIME,42,57,40,319.00,"12,760.00"
2019-04-24,2019042401008436,GBLBS,42,21,90,350.00,"31,500.00"
2019-04-24,2019042401008435,GBLBS,42,44,20,350.00,"7,000.00"
2019-04-24,2019042401008434,GBLBS,42,17,100,350.00,"35,000.00"
2019-04-24,2019042401008433,GBLBS,42,48,140,350.00,"49,000.00"
2019-04-24,2019042401008432,GBLBS,42,17,50,350.00,"17,500.00"
2019-04-24,2019042401008431,GBLBS,42,32,710,348.00,"247,080.00"
2019-04-24,2019042401008430,GBLBS,42,7,200,348.00,"69,600.00"
2019-04-24,2019042401008429,GBLBS,42,6,70,348.00,"24,360.00"
2019-04-24,2019042401008428,GBLBS,42,29,10,347.00,"3,470.00"
2019-04-24,2019042401008386,GBLBS,1,42,10,345.00,"3,450.00"
2019-04-24,2019042401008169,GDBL,58,57,"1,000",211.00,"211,000.00"
2019-04-24,2019042401008168,GDBL,58,46,186,211.00,"39,246.00"
2019-04-24,2019042401008167,GDBL,58,53,300,211.00,"63,300.00"
2019-04-24,2019042401008166,GDBL,58,45,30,211.00,"6,330.00"
2019-04-24,2019042401008165,GDBL,58,45,30,211.00,"6,330.00"
2019-04-24,2019042401008149,GDBL,58,28,62,210.00,"13,020.00"
2019-04-24,2019042401008255,GDBL,58,32,25,213.00,"5,325.00"
2019-04-24,2019042401008479,GUFL,34,14,150,112.00,"16,800.00"
2019-04-24,2019042401008548,HGI,41,16,200,390.00,"78,000.00"
2019-04-24,2019042401008605,HIDCL,32,59,100,139.00,"13,900.00"
2019-04-24,2019042401008220,HIDCL,32,13,370,139.00,"51,430.00"
2019-04-24,2019042401008367,HPPL,35,59,10,174.00,"1,740.00"
2019-04-24,2019042401008195,IGI,7,6,144,412.00,"59,328.00"
2019-04-24,2019042401008194,IGI,7,26,56,410.00,"22,960.00"
2019-04-24,2019042401008340,JBBL,44,45,94,146.00,"13,724.00"
2019-04-24,2019042401008369,JBNL,57,44,150,204.00,"30,600.00"
2019-04-24,2019042401008330,JBNL,41,44,43,204.00,"8,772.00"
2019-04-24,2019042401008296,JBNL,41,48,57,204.00,"11,628.00"
2019-04-24,2019042401008295,JBNL,11,48,"1,000",204.00,"204,000.00"
2019-04-24,2019042401008294,JBNL,25,48,443,204.00,"90,372.00"
2019-04-24,2019042401008291,JBNL,25,45,21,204.00,"4,284.00"
2019-04-24,2019042401008288,JBNL,25,48,536,204.00,"109,344.00"
2019-04-24,2019042401008287,JBNL,26,48,464,204.00,"94,656.00"
2019-04-24,2019042401008266,JBNL,26,29,36,204.00,"7,344.00"
2019-04-24,2019042401008265,JBNL,22,29,964,204.00,"196,656.00"
2019-04-24,2019042401008263,JBNL,22,48,"1,000",204.00,"204,000.00"
2019-04-24,2019042401008426,JSLBB,47,34,10,"2,080.00","20,800.00"
2019-04-24,2019042401008499,KBL,56,55,600,232.00,"139,200.00"
2019-04-24,2019042401008457,KBL,56,39,100,232.00,"23,200.00"
2019-04-24,2019042401008306,KBL,56,58,300,232.00,"69,600.00"
2019-04-24,2019042401008200,KBL,28,57,300,232.00,"69,600.00"
2019-04-24,2019042401008199,KBL,28,48,"1,634",232.00,"379,088.00"
2019-04-24,2019042401008124,KBL,56,41,200,231.00,"46,200.00"
2019-04-24,2019042401008603,KNBL,1,39,100,129.00,"12,900.00"
2019-04-24,2019042401008496,KSBBL,57,11,240,150.00,"36,000.00"
2019-04-24,2019042401008186,KSBBL,55,21,500,150.00,"75,000.00"
2019-04-24,2019042401008185,KSBBL,55,48,225,150.00,"33,750.00"
2019-04-24,2019042401008184,KSBBL,55,57,203,150.00,"30,450.00"
2019-04-24,2019042401008561,LBBL,1,1,28,186.00,"5,208.00"
2019-04-24,2019042401008560,LBBL,37,1,272,186.00,"50,592.00"
2019-04-24,2019042401008321,LBBL,37,25,500,186.00,"93,000.00"
2019-04-24,2019042401008320,LBBL,37,33,128,186.00,"23,808.00"
2019-04-24,2019042401008156,LBBL,34,33,30,186.00,"5,580.00"
2019-04-24,2019042401008342,LBL,52,54,50,239.00,"11,950.00"
2019-04-24,2019042401008341,LBL,45,54,90,239.00,"21,510.00"
2019-04-24,2019042401008258,LBL,45,39,100,239.00,"23,900.00"
2019-04-24,2019042401008217,LBL,45,34,10,239.00,"2,390.00"
2019-04-24,2019042401008117,LBL,45,22,200,239.00,"47,800.00"
2019-04-24,2019042401008580,LGIL,21,29,70,518.00,"36,260.00"
2019-04-24,2019042401008579,LGIL,21,11,200,518.00,"103,600.00"
2019-04-24,2019042401008127,LGIL,38,38,500,514.00,"257,000.00"
2019-04-24,2019042401008598,LLBS,57,50,50,800.00,"40,000.00"
2019-04-24,2019042401008566,MBL,36,14,200,273.00,"54,600.00"
2019-04-24,2019042401008565,MBL,36,39,88,273.00,"24,024.00"
2019-04-24,2019042401008547,MBL,57,39,12,273.00,"3,276.00"
2019-04-24,2019042401008112,MDB,57,33,140,242.00,"33,880.00"
2019-04-24,2019042401008478,MEGA,34,19,100,192.00,"19,200.00"
2019-04-24,2019042401008461,MEGA,34,53,125,192.00,"24,000.00"
2019-04-24,2019042401008460,MEGA,35,53,156,192.00,"29,952.00"
2019-04-24,2019042401008400,MEGA,34,11,500,193.00,"96,500.00"
2019-04-24,2019042401008395,MEGA,35,26,212,192.00,"40,704.00"
2019-04-24,2019042401008282,MEGA,58,49,200,193.00,"38,600.00"
2019-04-24,2019042401008281,MEGA,58,34,73,193.00,"14,089.00"
2019-04-24,2019042401008280,MEGA,58,45,20,193.00,"3,860.00"
2019-04-24,2019042401008279,MEGA,58,56,400,193.00,"77,200.00"
2019-04-24,2019042401008278,MEGA,58,18,300,193.00,"57,900.00"
2019-04-24,2019042401008171,MEGA,35,33,232,192.00,"44,544.00"
2019-04-24,2019042401008356,MHNL,16,57,30,87.00,"2,610.00"
2019-04-24,2019042401008355,MHNL,1,57,10,87.00,870.00
2019-04-24,2019042401008576,MLBBL,57,55,20,488.00,"9,760.00"
2019-04-24,2019042401008575,MLBBL,57,32,30,487.00,"14,610.00"
2019-04-24,2019042401008574,MLBBL,57,6,10,485.00,"4,850.00"
2019-04-24,2019042401008204,MNBBL,1,33,266,377.00,"100,282.00"
2019-04-24,2019042401008526,NABIL,13,41,500,880.00,"440,000.00"
2019-04-24,2019042401008512,NABIL,51,17,50,880.00,"44,000.00"
2019-04-24,2019042401008338,NABIL,47,17,30,880.00,"26,400.00"
2019-04-24,2019042401008244,NABIL,36,17,50,880.00,"44,000.00"
2019-04-24,2019042401008314,NABILP,8,33,30,834.00,"25,020.00"
2019-04-24,2019042401008313,NABILP,32,33,100,834.00,"83,400.00"
2019-04-24,2019042401008529,NBB,38,54,204,238.00,"48,552.00"
2019-04-24,2019042401008441,NBB,36,54,100,238.00,"23,800.00"
2019-04-24,2019042401008347,NBB,36,1,200,238.00,"47,600.00"
2019-04-24,2019042401008344,NBB,57,33,237,236.00,"55,932.00"
2019-04-24,2019042401008343,NBB,26,33,30,238.00,"7,140.00"
2019-04-24,2019042401008593,NBL,43,4,900,311.00,"279,900.00"
2019-04-24,2019042401008592,NBL,44,4,"2,000",311.00,"622,000.00"
2019-04-24,2019042401008591,NBL,39,4,"1,000",311.00,"311,000.00"
2019-04-24,2019042401008590,NBL,5,4,100,311.00,"31,100.00"
2019-04-24,2019042401008589,NBL,58,4,"1,000",312.00,"312,000.00"
2019-04-24,2019042401008546,NBL,55,25,500,312.00,"156,000.00"
2019-04-24,2019042401008298,NBL,36,50,200,313.00,"62,600.00"
2019-04-24,2019042401008297,NBL,36,57,454,313.00,"142,102.00"
2019-04-24,2019042401008262,NBL,34,45,10,312.00,"3,120.00"
2019-04-24,2019042401008414,NBL,21,4,200,313.00,"62,600.00"
2019-04-24,2019042401008323,NBL,45,4,50,313.00,"15,650.00"
2019-04-24,2019042401008322,NBL,32,4,200,313.00,"62,600.00"
2019-04-24,2019042401008316,NBL,7,4,"1,346",313.00,"421,298.00"
2019-04-24,2019042401008315,NBL,7,53,654,313.00,"204,702.00"
2019-04-24,2019042401008299,NBL,36,53,"1,346",313.00,"421,298.00"
2019-04-24,2019042401008545,NBL,48,25,"1,000",312.00,"312,000.00"
2019-04-24,2019042401008544,NBL,34,25,490,312.00,"152,880.00"
2019-04-24,2019042401008505,NBL,41,25,677,313.00,"211,901.00"
2019-04-24,2019042401008504,NBL,41,41,119,313.00,"37,247.00"
2019-04-24,2019042401008503,NBL,41,4,204,313.00,"63,852.00"
2019-04-24,2019042401008482,NBL,45,4,"1,000",313.00,"313,000.00"
2019-04-24,2019042401008594,NCCB,39,28,"2,000",238.00,"476,000.00"
2019-04-24,2019042401008586,NCCB,57,51,400,239.00,"95,600.00"
2019-04-24,2019042401008569,NCCB,57,17,100,239.00,"23,900.00"
2019-04-24,2019042401008446,NCCB,45,43,300,240.00,"72,000.00"
2019-04-24,2019042401008445,NCCB,45,50,200,240.00,"48,000.00"
2019-04-24,2019042401008351,NCCB,25,58,500,239.00,"119,500.00"
2019-04-24,2019042401008350,NCCB,38,58,80,239.00,"19,120.00"
2019-04-24,2019042401008310,NCCB,38,28,200,239.00,"47,800.00"
2019-04-24,2019042401008236,NCCB,38,38,600,239.00,"143,400.00"
2019-04-24,2019042401008219,NCCB,38,44,120,239.00,"28,680.00"
2019-04-24,2019042401008147,NCCB,5,44,500,239.00,"119,500.00"
2019-04-24,2019042401008146,NCCB,50,44,30,239.00,"7,170.00"
2019-04-24,2019042401008444,NHPC,53,19,360,68.00,"24,480.00"
2019-04-24,2019042401008443,NHPC,56,19,"1,000",68.00,"68,000.00"
2019-04-24,2019042401008531,NIB,32,51,50,574.00,"28,700.00"
2019-04-24,2019042401008530,NIB,32,58,19,574.00,"10,906.00"
2019-04-24,2019042401008207,NIB,55,58,22,574.00,"12,628.00"
2019-04-24,2019042401008203,NIB,59,51,50,573.00,"28,650.00"
2019-04-24,2019042401008583,NICA,58,56,27,506.00,"13,662.00"
2019-04-24,2019042401008582,NICA,58,11,30,505.00,"15,150.00"
2019-04-24,2019042401008581,NICA,58,14,143,505.00,"72,215.00"
2019-04-24,2019042401008555,NICA,58,14,357,505.00,"180,285.00"
2019-04-24,2019042401008554,NICA,58,48,500,504.00,"252,000.00"
2019-04-24,2019042401008553,NICA,58,38,100,504.00,"50,400.00"
2019-04-24,2019042401008118,NICA,58,17,500,501.00,"250,500.00"
2019-04-24,2019042401008128,NICA,58,28,"1,000",501.00,"501,000.00"
2019-04-24,2019042401008123,NICA,58,43,200,501.00,"100,200.00"
2019-04-24,2019042401008122,NICA,58,14,540,501.00,"270,540.00"
2019-04-24,2019042401008121,NICA,58,53,500,501.00,"250,500.00"
2019-04-24,2019042401008120,NICA,58,44,"1,207",501.00,"604,707.00"
2019-04-24,2019042401008119,NICA,58,41,40,501.00,"20,040.00"
2019-04-24,2019042401008189,NICA,49,32,200,502.00,"100,400.00"
2019-04-24,2019042401008188,NICA,49,25,90,501.00,"45,090.00"
2019-04-24,2019042401008187,NICA,49,57,211,501.00,"105,711.00"
2019-04-24,2019042401008170,NICA,49,28,"1,000",501.00,"501,000.00"
2019-04-24,2019042401008151,NICA,58,42,228,500.00,"114,000.00"
2019-04-24,2019042401008129,NICA,58,50,"1,000",500.00,"500,000.00"
2019-04-24,2019042401008222,NICA,58,42,200,502.00,"100,400.00"
2019-04-24,2019042401008221,NICA,58,33,500,502.00,"251,000.00"
2019-04-24,2019042401008197,NICA,49,33,500,502.00,"251,000.00"
2019-04-24,2019042401008192,NICA,49,8,199,502.00,"99,898.00"
2019-04-24,2019042401008191,NICA,49,50,100,502.00,"50,200.00"
2019-04-24,2019042401008190,NICA,49,50,200,502.00,"100,400.00"
2019-04-24,2019042401008246,NICA,44,58,179,502.00,"89,858.00"
2019-04-24,2019042401008245,NICA,44,55,"1,000",502.00,"502,000.00"
2019-04-24,2019042401008243,NICA,42,50,100,501.00,"50,100.00"
2019-04-24,2019042401008225,NICA,58,55,"1,000",502.00,"502,000.00"
2019-04-24,2019042401008224,NICA,58,57,200,502.00,"100,400.00"
2019-04-24,2019042401008223,NICA,58,1,100,502.00,"50,200.00"
2019-04-24,2019042401008252,NICA,44,41,"3,000",503.00,"1,509,000.00"
2019-04-24,2019042401008251,NICA,44,25,51,503.00,"25,653.00"
2019-04-24,2019042401008250,NICA,44,25,100,502.00,"50,200.00"
2019-04-24,2019042401008249,NICA,44,48,450,502.00,"225,900.00"
2019-04-24,2019042401008248,NICA,44,57,694,502.00,"348,388.00"
2019-04-24,2019042401008247,NICA,44,1,300,502.00,"150,600.00"
2019-04-24,2019042401008274,NICA,44,50,400,504.00,"201,600.00"
2019-04-24,2019042401008272,NICA,50,50,100,504.00,"50,400.00"
2019-04-24,2019042401008271,NICA,50,11,200,504.00,"100,800.00"
2019-04-24,2019042401008270,NICA,50,11,200,504.00,"100,800.00"
2019-04-24,2019042401008269,NICA,50,28,500,504.00,"252,000.00"
2019-04-24,2019042401008261,NICA,44,57,84,503.00,"42,252.00"
2019-04-24,2019042401008336,NICA,56,25,70,504.00,"35,280.00"
2019-04-24,2019042401008333,NICA,44,25,930,504.00,"468,720.00"
2019-04-24,2019042401008319,NICA,44,55,370,504.00,"186,480.00"
2019-04-24,2019042401008293,NICA,50,14,200,505.00,"101,000.00"
2019-04-24,2019042401008286,NICA,44,29,100,504.00,"50,400.00"
2019-04-24,2019042401008277,NICA,44,42,200,504.00,"100,800.00"
2019-04-24,2019042401008368,NICA,53,56,130,505.00,"65,650.00"
2019-04-24,2019042401008362,NICA,53,17,300,505.00,"151,500.00"
2019-04-24,2019042401008361,NICA,53,1,100,505.00,"50,500.00"
2019-04-24,2019042401008360,NICA,53,48,100,505.00,"50,500.00"
2019-04-24,2019042401008359,NICA,53,14,"1,370",505.00,"691,850.00"
2019-04-24,2019042401008337,NICA,56,14,430,505.00,"217,150.00"
2019-04-24,2019042401008521,NICA,21,11,21,503.00,"10,563.00"
2019-04-24,2019042401008507,NICA,21,8,185,503.00,"93,055.00"
2019-04-24,2019042401008506,NICA,44,8,21,503.00,"10,563.00"
2019-04-24,2019042401008498,NICA,44,22,100,503.00,"50,300.00"
2019-04-24,2019042401008440,NICA,38,48,500,505.00,"252,500.00"
2019-04-24,2019042401008383,NICA,44,56,21,503.00,"10,563.00"
2019-04-24,2019042401008552,NICA,58,11,43,503.00,"21,629.00"
2019-04-24,2019042401008551,NICA,58,43,500,503.00,"251,500.00"
2019-04-24,2019042401008550,NICA,58,17,100,501.00,"50,100.00"
2019-04-24,2019042401008549,NICA,58,28,"1,400",501.00,"701,400.00"
2019-04-24,2019042401008525,NICA,21,28,300,501.00,"150,300.00"
2019-04-24,2019042401008524,NICA,42,28,300,501.00,"150,300.00"
2019-04-24,2019042401008480,NICL,33,42,100,386.00,"38,600.00"
2019-04-24,2019042401008451,NICL,33,49,53,386.00,"20,458.00"
2019-04-24,2019042401008450,NICL,38,49,117,386.00,"45,162.00"
2019-04-24,2019042401008218,NICL,38,26,100,386.00,"38,600.00"
2019-04-24,2019042401008609,NIL,13,17,268,526.00,"140,968.00"
2019-04-24,2019042401008588,NIL,13,38,250,526.00,"131,500.00"
2019-04-24,2019042401008543,NIL,13,33,182,526.00,"95,732.00"
2019-04-24,2019042401008442,NIL,13,21,100,526.00,"52,600.00"
2019-04-24,2019042401008380,NIL,13,49,200,526.00,"105,200.00"
2019-04-24,2019042401008339,NIL,42,28,20,528.00,"10,560.00"
2019-04-24,2019042401008309,NIL,53,28,48,527.00,"25,296.00"
2019-04-24,2019042401008597,NLBBL,14,17,100,474.00,"47,400.00"
2019-04-24,2019042401008502,NLG,47,59,200,820.00,"164,000.00"
2019-04-24,2019042401008501,NLG,47,59,100,820.00,"82,000.00"
2019-04-24,2019042401008500,NLG,47,59,200,820.00,"164,000.00"
2019-04-24,2019042401008276,NLIC,52,21,20,"1,144.00","22,880.00"
2019-04-24,2019042401008492,NLICL,21,34,100,620.00,"62,000.00"
2019-04-24,2019042401008303,NLICL,22,3,500,621.00,"310,500.00"
2019-04-24,2019042401008302,NLICL,29,3,71,621.00,"44,091.00"
2019-04-24,2019042401008131,NLICL,29,56,50,621.00,"31,050.00"
2019-04-24,2019042401008604,NMB,28,45,20,388.00,"7,760.00"
2019-04-24,2019042401008602,NMB,28,1,12,388.00,"4,656.00"
2019-04-24,2019042401008595,NMB,38,28,"1,000",389.00,"389,000.00"
2019-04-24,2019042401008571,NMB,28,33,150,388.00,"58,200.00"
2019-04-24,2019042401008568,NMB,28,17,48,388.00,"18,624.00"
2019-04-24,2019042401008567,NMB,43,17,452,388.00,"175,376.00"
2019-04-24,2019042401008227,NMB,14,1,12,388.00,"4,656.00"
2019-04-24,2019042401008353,NMB,4,59,976,388.00,"378,688.00"
2019-04-24,2019042401008301,NMB,4,1,12,388.00,"4,656.00"
2019-04-24,2019042401008292,NMB,4,1,12,388.00,"4,656.00"
2019-04-24,2019042401008260,NMB,58,16,12,388.00,"4,656.00"
2019-04-24,2019042401008259,NMB,58,32,212,388.00,"82,256.00"
2019-04-24,2019042401008230,NMB,14,32,288,388.00,"111,744.00"
2019-04-24,2019042401008541,NMB,38,43,"1,000",389.00,"389,000.00"
2019-04-24,2019042401008508,NMB,43,58,100,388.00,"38,800.00"
2019-04-24,2019042401008487,NMB,43,1,12,388.00,"4,656.00"
2019-04-24,2019042401008439,NMB,43,1,12,388.00,"4,656.00"
2019-04-24,2019042401008357,NMB,43,55,300,388.00,"116,400.00"
2019-04-24,2019042401008354,NMB,43,59,124,388.00,"48,112.00"
2019-04-24,2019042401008600,NMBHF1,47,47,"6,000",9.84,"59,040.00"
2019-04-24,2019042401008153,NMBMF,49,49,265,"1,014.00","268,710.00"
2019-04-24,2019042401008238,NSEWA,11,13,10,474.00,"4,740.00"
2019-04-24,2019042401008237,NSEWA,11,41,10,473.00,"4,730.00"
2019-04-24,2019042401008608,PCBL,58,53,40,359.00,"14,360.00"
2019-04-24,2019042401008607,PCBL,58,53,10,359.00,"3,590.00"
2019-04-24,2019042401008577,PCBL,52,44,17,360.00,"6,120.00"
2019-04-24,2019042401008267,PCBL,58,42,"1,000",359.00,"359,000.00"
2019-04-24,2019042401008472,PFL,26,1,11,137.00,"1,507.00"
2019-04-24,2019042401008132,PFL,32,1,500,137.00,"68,500.00"
2019-04-24,2019042401008366,PLIC,49,56,50,474.00,"23,700.00"
2019-04-24,2019042401008198,PLIC,42,57,60,469.00,"28,140.00"
2019-04-24,2019042401008144,PLIC,20,56,300,474.00,"142,200.00"
2019-04-24,2019042401008143,PLIC,20,29,100,474.00,"47,400.00"
2019-04-24,2019042401008142,PLIC,20,42,100,471.00,"47,100.00"
2019-04-24,2019042401008495,PRIN,57,57,850,426.00,"362,100.00"
2019-04-24,2019042401008596,PRVU,45,50,40,292.00,"11,680.00"
2019-04-24,2019042401008572,PRVU,32,50,230,292.00,"67,160.00"
2019-04-24,2019042401008493,PRVU,34,1,250,291.00,"72,750.00"
2019-04-24,2019042401008466,PRVU,6,50,10,292.00,"2,920.00"
2019-04-24,2019042401008459,PRVU,34,55,15,291.00,"4,365.00"
2019-04-24,2019042401008458,PRVU,29,55,485,291.00,"141,135.00"
2019-04-24,2019042401008318,PRVU,29,42,15,291.00,"4,365.00"
2019-04-24,2019042401008312,PRVU,29,32,200,291.00,"58,200.00"
2019-04-24,2019042401008305,PRVU,29,32,300,291.00,"87,300.00"
2019-04-24,2019042401008304,PRVU,43,43,500,290.00,"145,000.00"
2019-04-24,2019042401008273,PRVU,36,32,200,291.00,"58,200.00"
2019-04-24,2019042401008290,RADHI,45,51,11,154.00,"1,694.00"
2019-04-24,2019042401008510,RLFL,6,59,90,126.00,"11,340.00"
2019-04-24,2019042401008509,RLFL,6,34,200,125.00,"25,000.00"
2019-04-24,2019042401008494,RLFL,6,25,210,124.00,"26,040.00"
2019-04-24,2019042401008349,RLFL,32,55,28,122.00,"3,416.00"
2019-04-24,2019042401008348,RLFL,56,55,72,122.00,"8,784.00"
2019-04-24,2019042401008513,RMDC,47,10,50,580.00,"29,000.00"
2019-04-24,2019042401008308,RRHP,58,51,10,91.00,910.00
2019-04-24,2019042401008519,SAEF,47,26,"5,000",10.03,"50,150.00"
2019-04-24,2019042401008518,SAEF,47,32,500,10.00,"5,000.00"
2019-04-24,2019042401008517,SAEF,47,32,500,10.00,"5,000.00"
2019-04-24,2019042401008516,SAEF,47,51,"7,300",10.00,"73,000.00"
2019-04-24,2019042401008489,SANIMA,4,52,180,353.00,"63,540.00"
2019-04-24,2019042401008488,SANIMA,49,52,20,353.00,"7,060.00"
2019-04-24,2019042401008325,SANIMA,49,42,80,352.00,"28,160.00"
2019-04-24,2019042401008116,SANIMA,28,22,202,350.00,"70,700.00"
2019-04-24,2019042401008115,SANIMA,4,22,248,351.00,"87,048.00"
2019-04-24,2019042401008114,SANIMA,38,22,50,352.00,"17,600.00"
2019-04-24,2019042401008511,SBBLJ,33,7,50,208.00,"10,400.00"
2019-04-24,2019042401008475,SBBLJ,33,32,60,204.00,"12,240.00"
2019-04-24,2019042401008474,SBBLJ,33,6,90,204.00,"18,360.00"
2019-04-24,2019042401008578,SBL,22,45,30,354.00,"10,620.00"
2019-04-24,2019042401008570,SBL,22,43,16,354.00,"5,664.00"
2019-04-24,2019042401008540,SBL,44,47,200,356.00,"71,200.00"
2019-04-24,2019042401008539,SBL,44,13,80,356.00,"28,480.00"
2019-04-24,2019042401008538,SBL,44,58,100,356.00,"35,600.00"
2019-04-24,2019042401008537,SBL,44,1,50,356.00,"17,800.00"
2019-04-24,2019042401008455,SBL,46,22,300,355.00,"106,500.00"
2019-04-24,2019042401008283,SBL,7,32,500,355.00,"177,500.00"
2019-04-24,2019042401008215,SBL,25,4,531,355.00,"188,505.00"
2019-04-24,2019042401008214,SBL,25,17,100,355.00,"35,500.00"
2019-04-24,2019042401008536,SBL,44,14,150,356.00,"53,400.00"
2019-04-24,2019042401008535,SBL,44,6,"2,000",356.00,"712,000.00"
2019-04-24,2019042401008534,SBL,44,53,"3,000",356.00,"1,068,000.00"
2019-04-24,2019042401008523,SBL,7,6,500,355.00,"177,500.00"
2019-04-24,2019042401008522,SBL,22,1,170,354.00,"60,180.00"
2019-04-24,2019042401008456,SBL,46,46,100,355.00,"35,500.00"
2019-04-24,2019042401008573,SCB,35,55,50,726.00,"36,300.00"
2019-04-24,2019042401008491,SCB,51,38,50,727.00,"36,350.00"
2019-04-24,2019042401008484,SCB,35,17,20,726.00,"14,520.00"
2019-04-24,2019042401008483,SCB,16,17,10,726.00,"7,260.00"
2019-04-24,2019042401008473,SCB,25,38,10,727.00,"7,270.00"
2019-04-24,2019042401008427,SCB,25,39,20,727.00,"14,540.00"
2019-04-24,2019042401008385,SCB,25,39,20,727.00,"14,540.00"
2019-04-24,2019042401008384,SCB,17,39,10,727.00,"7,270.00"
2019-04-24,2019042401008228,SCB,17,45,20,727.00,"14,540.00"
2019-04-24,2019042401008542,SEF,40,53,"10,000",9.80,"98,000.00"
2019-04-24,2019042401008471,SHINE,21,33,362,241.00,"87,242.00"
2019-04-24,2019042401008470,SHINE,21,57,138,241.00,"33,258.00"
2019-04-24,2019042401008183,SHIVM,38,55,50,310.00,"15,500.00"
2019-04-24,2019042401008182,SHIVM,38,43,300,310.00,"93,000.00"
2019-04-24,2019042401008181,SHIVM,38,35,50,310.00,"15,500.00"
2019-04-24,2019042401008180,SHIVM,38,52,50,310.00,"15,500.00"
2019-04-24,2019042401008179,SHIVM,38,57,50,310.00,"15,500.00"
2019-04-24,2019042401008178,SHIVM,38,28,300,310.00,"93,000.00"
2019-04-24,2019042401008177,SHIVM,38,57,448,309.00,"138,432.00"
2019-04-24,2019042401008176,SHIVM,38,58,10,309.00,"3,090.00"
2019-04-24,2019042401008285,SICL,40,16,79,891.00,"70,389.00"
2019-04-24,2019042401008284,SICL,35,16,50,891.00,"44,550.00"
2019-04-24,2019042401008587,SIL,41,5,100,609.00,"60,900.00"
2019-04-24,2019042401008234,SIL,52,39,200,606.00,"121,200.00"
2019-04-24,2019042401008233,SIL,52,39,200,606.00,"121,200.00"
2019-04-24,2019042401008232,SIL,7,39,10,607.00,"6,070.00"
2019-04-24,2019042401008216,SIL,4,5,50,609.00,"30,450.00"
2019-04-24,2019042401008563,SLBBL,43,7,100,503.00,"50,300.00"
2019-04-24,2019042401008562,SLBBL,43,6,20,503.00,"10,060.00"
2019-04-24,2019042401008399,SLICL,42,39,464,542.00,"251,488.00"
2019-04-24,2019042401008398,SLICL,22,39,200,543.00,"108,600.00"
2019-04-24,2019042401008397,SLICL,39,39,50,544.00,"27,200.00"
2019-04-24,2019042401008559,SRBL,33,28,678,258.00,"174,924.00"
2019-04-24,2019042401008558,SRBL,28,28,200,259.00,"51,800.00"
2019-04-24,2019042401008557,SRBL,26,28,122,259.00,"31,598.00"
2019-04-24,2019042401008317,SRBL,26,43,11,259.00,"2,849.00"
2019-04-24,2019042401008235,SRBL,48,44,200,260.00,"52,000.00"
2019-04-24,2019042401008205,SRBL,26,22,200,259.00,"51,800.00"
2019-04-24,2019042401008145,SRBL,26,52,167,259.00,"43,253.00"
2019-04-24,2019042401008346,UFL,46,28,"2,000",195.00,"390,000.00"
2019-04-24,2019042401008345,UFL,20,28,288,196.00,"56,448.00"
2019-04-24,2019042401008468,UIC,5,34,50,867.00,"43,350.00"
2019-04-24,2019042401008467,UIC,5,34,50,867.00,"43,350.00"
2019-04-24,2019042401008425,UPCL,58,42,50,90.00,"4,500.00"
2019-04-24,2019042401008424,UPCL,58,42,50,90.00,"4,500.00"
2019-04-24,2019042401008423,UPCL,58,32,200,90.00,"18,000.00"
2019-04-24,2019042401008422,UPCL,58,32,200,90.00,"18,000.00"
2019-04-24,2019042401008421,UPCL,58,22,50,90.00,"4,500.00"
2019-04-24,2019042401008420,UPCL,58,28,100,90.00,"9,000.00"
2019-04-24,2019042401008392,UPCL,46,28,100,90.00,"9,000.00"
2019-04-24,2019042401008391,UPCL,46,28,100,90.00,"9,000.00"
2019-04-24,2019042401008390,UPCL,46,28,100,90.00,"9,000.00"
2019-04-24,2019042401008389,UPCL,46,28,90,90.00,"8,100.00"
2019-04-24,2019042401008419,UPCL,58,28,100,90.00,"9,000.00"
2019-04-24,2019042401008418,UPCL,58,28,100,90.00,"9,000.00"
2019-04-24,2019042401008417,UPCL,58,28,100,90.00,"9,000.00"
2019-04-24,2019042401008416,UPCL,58,28,100,90.00,"9,000.00"
2019-04-24,2019042401008415,UPCL,58,28,80,90.00,"7,200.00"
2019-04-24,2019042401008393,UPCL,46,28,20,90.00,"1,800.00"
2019-04-24,2019042401008606,UPPER,57,1,40,229.00,"9,160.00"
2019-04-24,2019042401008528,UPPER,57,50,404,229.00,"92,516.00"
2019-04-24,2019042401008527,UPPER,41,50,86,229.00,"19,694.00"
2019-04-24,2019042401008515,UPPER,41,1,50,229.00,"11,450.00"
2019-04-24,2019042401008396,UPPER,17,47,40,229.00,"9,160.00"
2019-04-24,2019042401008394,UPPER,17,1,50,229.00,"11,450.00"
2019-04-24,2019042401008334,UPPER,17,1,40,229.00,"9,160.00"
2019-04-24,2019042401008307,UPPER,17,1,50,229.00,"11,450.00"
2019-04-24,2019042401008300,UPPER,17,21,100,229.00,"22,900.00"
2019-04-24,2019042401008231,UPPER,17,1,40,229.00,"9,160.00"
2019-04-24,2019042401008490,UPPER,41,47,50,229.00,"11,450.00"
2019-04-24,2019042401008476,UPPER,14,57,300,230.00,"69,000.00"
2019-04-24,2019042401008464,UPPER,41,1,50,229.00,"11,450.00"
2019-04-24,2019042401008462,UPPER,41,1,40,229.00,"9,160.00"
2019-04-24,2019042401008453,UPPER,41,46,224,229.00,"51,296.00"
2019-04-24,2019042401008452,UPPER,17,46,69,229.00,"15,801.00"
2019-04-24,2019042401008275,VLBS,11,29,12,581.00,"6,972.00"
2019-04-24,2019042401008154,VLBS,28,19,10,571.00,"5,710.00"
2019-04-24,2019042401008104,ADBL,17,26,229,350.00,"80,150.00"
2019-04-24,2019042401007933,ADBL,17,19,180,350.00,"63,000.00"
2019-04-24,2019042401007717,ADBL,17,28,35,350.00,"12,250.00"
2019-04-24,2019042401007993,AKJCL,55,57,20,78.00,"1,560.00"
2019-04-24,2019042401008052,ALBSL,55,1,10,452.00,"4,520.00"
2019-04-24,2019042401007997,ALBSL,55,38,10,452.00,"4,520.00"
2019-04-24,2019042401007866,ALBSL,13,26,10,453.00,"4,530.00"
2019-04-24,2019042401007840,ALBSL,13,38,10,453.00,"4,530.00"
2019-04-24,2019042401007825,ALBSL,14,54,10,461.00,"4,610.00"
2019-04-24,2019042401007765,ALBSL,55,26,10,452.00,"4,520.00"
2019-04-24,2019042401007731,ALBSL,43,43,10,453.00,"4,530.00"
2019-04-24,2019042401008002,ALICL,42,53,100,420.00,"42,000.00"
2019-04-24,2019042401007870,ALICL,6,42,100,416.00,"41,600.00"
2019-04-24,2019042401008093,BOKL,52,14,200,291.00,"58,200.00"
2019-04-24,2019042401007901,BOKL,35,43,133,290.00,"38,570.00"
2019-04-24,2019042401007890,BOKL,35,35,50,290.00,"14,500.00"
2019-04-24,2019042401007808,BOKL,7,38,100,290.00,"29,000.00"
2019-04-24,2019042401007789,BOKL,21,38,100,290.00,"29,000.00"
2019-04-24,2019042401007733,BOKL,32,14,100,291.00,"29,100.00"
2019-04-24,2019042401007610,BOKL,44,13,35,290.00,"10,150.00"
2019-04-24,2019042401007616,BOKL,44,57,200,290.00,"58,000.00"
2019-04-24,2019042401007615,BOKL,44,6,100,290.00,"29,000.00"
2019-04-24,2019042401007614,BOKL,44,41,127,290.00,"36,830.00"
2019-04-24,2019042401007613,BOKL,44,52,"1,000",290.00,"290,000.00"
2019-04-24,2019042401007612,BOKL,44,50,400,290.00,"116,000.00"
2019-04-24,2019042401007611,BOKL,44,26,"1,500",290.00,"435,000.00"
2019-04-24,2019042401007816,BPCL,46,39,15,360.00,"5,400.00"
2019-04-24,2019042401007815,BPCL,46,7,110,360.00,"39,600.00"
2019-04-24,2019042401007767,BPCL,57,39,18,360.00,"6,480.00"
2019-04-24,2019042401007766,BPCL,57,45,22,360.00,"7,920.00"
2019-04-24,2019042401007939,CBBL,33,17,200,"1,017.00","203,400.00"
2019-04-24,2019042401007850,CBBL,54,17,450,"1,016.00","457,200.00"
2019-04-24,2019042401007787,CBBL,49,17,550,"1,016.00","558,800.00"
2019-04-24,2019042401007753,CBBL,49,13,950,"1,016.00","965,200.00"
2019-04-24,2019042401008086,CBL,14,51,500,164.00,"82,000.00"
2019-04-24,2019042401008085,CBL,14,25,"1,500",164.00,"246,000.00"
2019-04-24,2019042401007764,CBL,17,46,100,163.00,"16,300.00"
2019-04-24,2019042401007746,CBL,17,8,202,163.00,"32,926.00"
2019-04-24,2019042401008026,CCBL,37,16,10,180.00,"1,800.00"
2019-04-24,2019042401007950,CCBL,42,16,300,180.00,"54,000.00"
2019-04-24,2019042401007839,CCBL,35,21,300,179.00,"53,700.00"
2019-04-24,2019042401007838,CCBL,34,21,150,179.00,"26,850.00"
2019-04-24,2019042401007837,CCBL,41,21,150,179.00,"26,850.00"
2019-04-24,2019042401007836,CCBL,41,21,500,179.00,"89,500.00"
2019-04-24,2019042401007835,CCBL,54,21,500,179.00,"89,500.00"
2019-04-24,2019042401007834,CCBL,34,21,400,179.00,"71,600.00"
2019-04-24,2019042401007820,CCBL,14,16,550,180.00,"99,000.00"
2019-04-24,2019042401007754,CCBL,34,16,100,180.00,"18,000.00"
2019-04-24,2019042401007726,CCBL,42,16,433,180.00,"77,940.00"
2019-04-24,2019042401007725,CCBL,42,47,67,180.00,"12,060.00"
2019-04-24,2019042401007924,CEFL,39,44,70,98.00,"6,860.00"
2019-04-24,2019042401007734,CEFL,5,44,10,98.00,980.00
2019-04-24,2019042401007794,CFCL,39,42,500,111.00,"55,500.00"
2019-04-24,2019042401007627,CFCL,16,14,"1,000",110.00,"110,000.00"
2019-04-24,2019042401007626,CFCL,16,1,125,110.00,"13,750.00"
2019-04-24,2019042401007625,CFCL,16,14,"1,000",109.00,"109,000.00"
2019-04-24,2019042401008025,CHLBS,44,38,10,492.00,"4,920.00"
2019-04-24,2019042401007936,CHLBS,44,26,10,492.00,"4,920.00"
2019-04-24,2019042401007932,CHLBS,44,38,10,492.00,"4,920.00"
2019-04-24,2019042401007875,CHLBS,44,38,10,492.00,"4,920.00"
2019-04-24,2019042401007637,CHLBS,32,32,10,496.00,"4,960.00"
2019-04-24,2019042401007636,CHLBS,32,29,10,496.00,"4,960.00"
2019-04-24,2019042401007739,CIT,51,49,150,"2,486.00","372,900.00"
2019-04-24,2019042401007738,CIT,5,49,10,"2,489.00","24,890.00"
2019-04-24,2019042401007737,CIT,39,49,21,"2,490.00","52,290.00"
2019-04-24,2019042401008057,CLBSL,57,45,216,567.00,"122,472.00"
2019-04-24,2019042401008056,CLBSL,1,45,10,567.00,"5,670.00"
2019-04-24,2019042401007983,CZBIL,48,55,10,234.00,"2,340.00"
2019-04-24,2019042401007982,CZBIL,48,50,500,234.00,"117,000.00"
2019-04-24,2019042401007917,CZBIL,14,55,155,233.00,"36,115.00"
2019-04-24,2019042401007796,CZBIL,14,44,10,233.00,"2,330.00"
2019-04-24,2019042401007964,DBBL,10,58,"1,845",132.00,"243,540.00"
2019-04-24,2019042401007931,DBBL,10,56,155,132.00,"20,460.00"
2019-04-24,2019042401007874,DDBL,42,50,77,685.00,"52,745.00"
2019-04-24,2019042401007873,DDBL,42,52,23,684.00,"15,732.00"
2019-04-24,2019042401008087,EBL,6,22,100,679.00,"67,900.00"
2019-04-24,2019042401007617,EBL,14,4,10,682.00,"6,820.00"
2019-04-24,2019042401007651,EBL,6,4,110,682.00,"75,020.00"
2019-04-24,2019042401007649,EBL,58,4,500,682.00,"341,000.00"
2019-04-24,2019042401007937,EDBL,32,45,180,295.00,"53,100.00"
2019-04-24,2019042401008028,FMDBL,38,52,400,379.00,"151,600.00"
2019-04-24,2019042401008027,FMDBL,52,52,100,380.00,"38,000.00"
2019-04-24,2019042401008017,GBIME,59,44,400,320.00,"128,000.00"
2019-04-24,2019042401007992,GBIME,4,6,94,319.00,"29,986.00"
2019-04-24,2019042401007981,GBIME,4,39,51,319.00,"16,269.00"
2019-04-24,2019042401007934,GBIME,50,44,100,320.00,"32,000.00"
2019-04-24,2019042401007859,GBIME,42,44,25,320.00,"8,000.00"
2019-04-24,2019042401007777,GBIME,50,43,"1,000",320.00,"320,000.00"
2019-04-24,2019042401007776,GBIME,50,52,72,320.00,"23,040.00"
2019-04-24,2019042401007749,GBIME,42,52,28,320.00,"8,960.00"
2019-04-24,2019042401007748,GBIME,42,21,272,320.00,"87,040.00"
2019-04-24,2019042401007747,GBIME,42,45,200,320.00,"64,000.00"
2019-04-24,2019042401007913,GBLBS,1,36,30,339.00,"10,170.00"
2019-04-24,2019042401007912,GBLBS,1,36,200,339.00,"67,800.00"
2019-04-24,2019042401007911,GBLBS,52,36,200,340.00,"68,000.00"
2019-04-24,2019042401007910,GBLBS,40,36,200,340.00,"68,000.00"
2019-04-24,2019042401007909,GBLBS,17,36,200,340.00,"68,000.00"
2019-04-24,2019042401007908,GBLBS,1,36,100,340.00,"34,000.00"
2019-04-24,2019042401007907,GBLBS,51,36,100,341.00,"34,100.00"
2019-04-24,2019042401007906,GBLBS,42,36,30,341.00,"10,230.00"
2019-04-24,2019042401007905,GBLBS,19,36,100,344.00,"34,400.00"
2019-04-24,2019042401008099,GDBL,58,38,938,209.00,"196,042.00"
2019-04-24,2019042401008029,GDBL,58,37,500,207.00,"103,500.00"
2019-04-24,2019042401008020,GDBL,58,32,"2,000",208.00,"416,000.00"
2019-04-24,2019042401007773,GDBL,17,57,130,210.00,"27,300.00"
2019-04-24,2019042401007772,GDBL,17,34,500,210.00,"105,000.00"
