Date,Transact. No.,Symbol,Buyer,Seller,Quantity,Rate,Amount
2019-12-08,2019120801004353,ADBL,42,28,10,409.00,"4,090.00"
2019-12-08,2019120801004176,ADBL,45,14,276,407.00,"112,332.00"
2019-12-08,2019120801004129,ADBL,53,14,24,407.00,"9,768.00"
2019-12-08,2019120801004204,AKBSL,57,38,100,448.00,"44,800.00"
2019-12-08,2019120801004203,AKBSL,57,19,100,448.00,"44,800.00"
2019-12-08,2019120801004202,AKBSL,57,38,10,447.00,"4,470.00"
2019-12-08,2019120801004201,AKBSL,57,50,200,447.00,"89,400.00"
2019-12-08,2019120801004383,ALBSL,44,56,100,443.00,"44,300.00"
2019-12-08,2019120801004382,ALBSL,13,56,50,445.00,"22,250.00"
2019-12-08,2019120801004030,ALICL,34,45,10,341.00,"3,410.00"
2019-12-08,2019120801004068,API,25,21,12,104.00,"1,248.00"
2019-12-08,2019120801004067,API,25,40,100,103.00,"10,300.00"
2019-12-08,2019120801004066,API,25,6,50,103.00,"5,150.00"
2019-12-08,2019120801004065,API,25,41,100,103.00,"10,300.00"
2019-12-08,2019120801004064,API,25,29,10,103.00,"1,030.00"
2019-12-08,2019120801004056,API,41,25,200,102.00,"20,400.00"
2019-12-08,2019120801004468,BFC,42,19,10,87.00,870.00
2019-12-08,2019120801004492,BOKL,42,6,10,216.00,"2,160.00"
2019-12-08,2019120801004491,BOKL,42,42,380,215.00,"81,700.00"
2019-12-08,2019120801004490,BOKL,42,22,751,215.00,"161,465.00"
2019-12-08,2019120801004489,BOKL,42,6,20,213.00,"4,260.00"
2019-12-08,2019120801004147,BOKL,56,45,500,213.00,"106,500.00"
2019-12-08,2019120801004146,BOKL,21,45,500,213.00,"106,500.00"
2019-12-08,2019120801004105,BOKL,22,5,"1,700",214.00,"363,800.00"
2019-12-08,2019120801004104,BOKL,21,5,102,214.00,"21,828.00"
2019-12-08,2019120801004103,BOKL,37,5,50,214.00,"10,700.00"
2019-12-08,2019120801004102,BOKL,6,5,791,214.00,"169,274.00"
2019-12-08,2019120801004520,BPCL,45,51,11,343.00,"3,773.00"
2019-12-08,2019120801004486,BPCL,25,48,20,346.00,"6,920.00"
2019-12-08,2019120801004485,BPCL,25,47,58,346.00,"20,068.00"
2019-12-08,2019120801004450,BPCL,25,47,42,346.00,"14,532.00"
2019-12-08,2019120801004449,BPCL,25,59,30,346.00,"10,380.00"
2019-12-08,2019120801004448,BPCL,25,49,78,345.00,"26,910.00"
2019-12-08,2019120801004447,BPCL,25,19,50,344.00,"17,200.00"
2019-12-08,2019120801004427,BPCL,45,59,70,343.00,"24,010.00"
2019-12-08,2019120801004426,BPCL,38,59,20,343.00,"6,860.00"
2019-12-08,2019120801004400,BPCL,20,59,500,342.00,"171,000.00"
2019-12-08,2019120801004318,CBBL,28,53,95,792.00,"75,240.00"
2019-12-08,2019120801004317,CBBL,28,44,200,790.00,"158,000.00"
2019-12-08,2019120801004316,CBBL,28,36,35,789.00,"27,615.00"
2019-12-08,2019120801004315,CBBL,28,5,120,789.00,"94,680.00"
2019-12-08,2019120801004314,CBBL,28,42,50,788.00,"39,400.00"
2019-12-08,2019120801004388,CBL,43,47,10,140.00,"1,400.00"
2019-12-08,2019120801004361,CBL,57,49,"49,000",139.00,"6,811,000.00"
2019-12-08,2019120801004322,CBL,6,47,60,140.00,"8,400.00"
2019-12-08,2019120801004280,CBL,58,52,100,139.00,"13,900.00"
2019-12-08,2019120801004279,CBL,58,11,10,139.00,"1,390.00"
2019-12-08,2019120801004278,CBL,58,55,773,139.00,"107,447.00"
2019-12-08,2019120801004162,CBL,11,11,10,138.00,"1,380.00"
2019-12-08,2019120801004078,CBL,11,45,309,138.00,"42,642.00"
2019-12-08,2019120801004077,CBL,56,45,10,138.00,"1,380.00"
2019-12-08,2019120801004076,CBL,42,45,10,138.00,"1,380.00"
2019-12-08,2019120801004075,CBL,56,45,671,138.00,"92,598.00"
2019-12-08,2019120801004266,CBL,11,45,500,138.00,"69,000.00"
2019-12-08,2019120801004265,CBL,1,45,500,138.00,"69,000.00"
2019-12-08,2019120801004262,CBL,59,55,227,139.00,"31,553.00"
2019-12-08,2019120801004261,CBL,59,34,273,139.00,"37,947.00"
2019-12-08,2019120801004223,CBL,13,34,127,139.00,"17,653.00"
2019-12-08,2019120801004222,CBL,13,34,73,139.00,"10,147.00"
2019-12-08,2019120801004443,CCBL,41,32,112,162.00,"18,144.00"
2019-12-08,2019120801004442,CCBL,17,32,500,162.00,"81,000.00"
2019-12-08,2019120801004441,CCBL,4,32,388,162.00,"62,856.00"
2019-12-08,2019120801004429,CCBL,26,11,100,163.00,"16,300.00"
2019-12-08,2019120801004235,CHCL,39,50,90,354.00,"31,860.00"
2019-12-08,2019120801004503,CLBSL,7,50,10,540.00,"5,400.00"
2019-12-08,2019120801004139,CZBIL,44,42,70,182.00,"12,740.00"
2019-12-08,2019120801004368,DBBL,43,32,200,122.00,"24,400.00"
2019-12-08,2019120801004049,DBBL,46,32,100,122.00,"12,200.00"
2019-12-08,2019120801004048,DBBL,58,32,200,122.00,"24,400.00"
2019-12-08,2019120801004510,DDBL,56,32,200,775.00,"155,000.00"
2019-12-08,2019120801004509,DDBL,56,46,20,772.00,"15,440.00"
2019-12-08,2019120801004493,DDBL,50,53,50,770.00,"38,500.00"
2019-12-08,2019120801004463,DDBL,50,11,200,770.00,"154,000.00"
2019-12-08,2019120801004462,DDBL,50,44,500,770.00,"385,000.00"
2019-12-08,2019120801004461,DDBL,50,44,300,769.00,"230,700.00"
2019-12-08,2019120801004321,DDBL,58,34,150,766.00,"114,900.00"
2019-12-08,2019120801004088,DDBL,34,49,50,765.00,"38,250.00"
2019-12-08,2019120801004460,DDBL,50,32,200,769.00,"153,800.00"
2019-12-08,2019120801004459,DDBL,50,28,500,768.00,"384,000.00"
2019-12-08,2019120801004458,DDBL,50,39,50,768.00,"38,400.00"
2019-12-08,2019120801004457,DDBL,50,54,21,767.00,"16,107.00"
2019-12-08,2019120801004456,DDBL,50,52,21,766.00,"16,086.00"
2019-12-08,2019120801004395,DDBL,16,54,74,767.00,"56,758.00"
2019-12-08,2019120801004412,EBL,14,37,96,546.00,"52,416.00"
2019-12-08,2019120801004411,EBL,14,37,614,546.00,"335,244.00"
2019-12-08,2019120801004410,EBL,14,32,50,546.00,"27,300.00"
2019-12-08,2019120801004409,EBL,14,32,240,545.00,"130,800.00"
2019-12-08,2019120801004351,EBL,36,32,15,545.00,"8,175.00"
2019-12-08,2019120801004057,EBL,43,32,200,546.00,"109,200.00"
2019-12-08,2019120801004306,EBL,42,32,100,544.00,"54,400.00"
2019-12-08,2019120801004305,EBL,21,32,50,545.00,"27,250.00"
2019-12-08,2019120801004251,EBL,51,32,100,546.00,"54,600.00"
2019-12-08,2019120801004167,EBL,11,32,50,546.00,"27,300.00"
2019-12-08,2019120801004312,EBL,56,32,84,543.00,"45,612.00"
2019-12-08,2019120801004311,EBL,20,32,191,543.00,"103,713.00"
2019-12-08,2019120801004310,EBL,10,32,20,543.00,"10,860.00"
2019-12-08,2019120801004309,EBL,35,32,100,543.00,"54,300.00"
2019-12-08,2019120801004308,EBL,13,32,50,543.00,"27,150.00"
2019-12-08,2019120801004307,EBL,17,32,50,543.00,"27,150.00"
2019-12-08,2019120801004416,EIC,34,16,39,220.00,"8,580.00"
2019-12-08,2019120801004043,EIC,41,16,50,220.00,"11,000.00"
2019-12-08,2019120801004519,FMDBL,49,58,60,309.00,"18,540.00"
2019-12-08,2019120801004518,FMDBL,49,49,40,309.00,"12,360.00"
2019-12-08,2019120801004229,FMDBL,34,49,10,309.00,"3,090.00"
2019-12-08,2019120801004228,FMDBL,34,28,500,305.00,"152,500.00"
2019-12-08,2019120801004227,FMDBL,34,26,"1,000",304.00,"304,000.00"
2019-12-08,2019120801004338,GBLBS,47,29,10,300.00,"3,000.00"
2019-12-08,2019120801004268,GFCL,1,59,10,129.00,"1,290.00"
2019-12-08,2019120801004125,GFCL,59,47,220,131.00,"28,820.00"
2019-12-08,2019120801004124,GFCL,59,43,30,130.00,"3,900.00"
2019-12-08,2019120801004214,GILB,55,58,200,795.00,"159,000.00"
2019-12-08,2019120801004213,GILB,55,35,40,793.00,"31,720.00"
2019-12-08,2019120801004275,GLICL,25,52,24,386.00,"9,264.00"
2019-12-08,2019120801004274,GLICL,25,32,67,384.00,"25,728.00"
2019-12-08,2019120801004273,GLICL,25,26,200,382.00,"76,400.00"
2019-12-08,2019120801004272,GLICL,25,43,106,382.00,"40,492.00"
2019-12-08,2019120801004271,GLICL,25,17,23,380.00,"8,740.00"
2019-12-08,2019120801004270,GLICL,25,28,100,380.00,"38,000.00"
2019-12-08,2019120801004151,GLICL,52,41,100,371.00,"37,100.00"
2019-12-08,2019120801004142,GLICL,6,41,300,372.00,"111,600.00"
2019-12-08,2019120801004141,GLICL,52,41,100,373.00,"37,300.00"
2019-12-08,2019120801004140,GLICL,56,41,100,373.00,"37,300.00"
2019-12-08,2019120801004269,GLICL,25,33,500,380.00,"190,000.00"
2019-12-08,2019120801004255,GLICL,25,52,37,379.00,"14,023.00"
2019-12-08,2019120801004242,GLICL,39,25,10,372.00,"3,720.00"
2019-12-08,2019120801004177,GLICL,50,41,"1,250",371.00,"463,750.00"
2019-12-08,2019120801004153,GLICL,39,41,100,371.00,"37,100.00"
2019-12-08,2019120801004152,GLICL,22,41,50,371.00,"18,550.00"
2019-12-08,2019120801004474,GMFBS,19,56,10,530.00,"5,300.00"
2019-12-08,2019120801004258,HBL,17,45,166,485.00,"80,510.00"
2019-12-08,2019120801004082,HBL,36,45,30,485.00,"14,550.00"
2019-12-08,2019120801004420,HDL,56,5,50,"1,238.00","61,900.00"
2019-12-08,2019120801004419,HDL,19,5,50,"1,238.00","61,900.00"
2019-12-08,2019120801004371,HDL,34,58,20,"1,244.00","24,880.00"
2019-12-08,2019120801004178,HGI,46,6,20,249.00,"4,980.00"
2019-12-08,2019120801004154,HIDCL,4,50,680,133.00,"90,440.00"
2019-12-08,2019120801004121,HIDCL,4,50,75,133.00,"9,975.00"
2019-12-08,2019120801004120,HIDCL,4,6,159,132.00,"20,988.00"
2019-12-08,2019120801004119,HIDCL,4,26,82,132.00,"10,824.00"
2019-12-08,2019120801004097,HIDCL,29,26,50,132.00,"6,600.00"
2019-12-08,2019120801004484,ILBS,33,13,10,544.00,"5,440.00"
2019-12-08,2019120801004091,ILBS,19,32,20,535.00,"10,700.00"
2019-12-08,2019120801004090,ILBS,19,6,30,535.00,"16,050.00"
2019-12-08,2019120801004511,JBBL,49,57,10,164.00,"1,640.00"
2019-12-08,2019120801004494,JBBL,36,48,100,164.00,"16,400.00"
2019-12-08,2019120801004188,JBBL,49,26,100,163.00,"16,300.00"
2019-12-08,2019120801004187,JBBL,49,49,50,163.00,"8,150.00"
2019-12-08,2019120801004186,JBBL,49,34,126,163.00,"20,538.00"
2019-12-08,2019120801004185,JBBL,49,14,138,163.00,"22,494.00"
2019-12-08,2019120801004517,JOSHI,44,49,20,52.00,"1,040.00"
2019-12-08,2019120801004453,JSLBB,10,40,200,"1,239.00","247,800.00"
2019-12-08,2019120801004113,KBL,19,29,800,179.00,"143,200.00"
2019-12-08,2019120801004112,KBL,19,26,400,179.00,"71,600.00"
2019-12-08,2019120801004111,KBL,19,45,800,179.00,"143,200.00"
2019-12-08,2019120801004464,KPCL,1,41,10,81.00,810.00
2019-12-08,2019120801004225,KSBBL,59,32,90,133.00,"11,970.00"
2019-12-08,2019120801004107,KSBBL,26,32,200,133.00,"26,600.00"
2019-12-08,2019120801004106,KSBBL,26,32,210,133.00,"27,930.00"
2019-12-08,2019120801004026,LBBL,38,49,50,175.00,"8,750.00"
2019-12-08,2019120801004299,LBBL,32,49,300,175.00,"52,500.00"
2019-12-08,2019120801004342,LBBL,50,17,300,175.00,"52,500.00"
2019-12-08,2019120801004341,LBBL,50,49,550,175.00,"96,250.00"
2019-12-08,2019120801004343,LBBL,50,20,"2,400",175.00,"420,000.00"
2019-12-08,2019120801004515,LBL,19,57,100,218.00,"21,800.00"
2019-12-08,2019120801004508,LBL,38,21,700,217.00,"151,900.00"
2019-12-08,2019120801004502,LBL,38,47,"1,113",217.00,"241,521.00"
2019-12-08,2019120801004422,LBL,29,57,100,218.00,"21,800.00"
2019-12-08,2019120801004180,LBL,35,40,751,217.00,"162,967.00"
2019-12-08,2019120801004179,LBL,54,40,249,217.00,"54,033.00"
2019-12-08,2019120801004276,LBL,17,57,20,218.00,"4,360.00"
2019-12-08,2019120801004238,LBL,13,57,100,218.00,"21,800.00"
2019-12-08,2019120801004237,LBL,25,57,100,218.00,"21,800.00"
2019-12-08,2019120801004211,LBL,44,57,18,218.00,"3,924.00"
2019-12-08,2019120801004210,LBL,44,47,182,218.00,"39,676.00"
2019-12-08,2019120801004366,LBL,35,25,200,217.00,"43,400.00"
2019-12-08,2019120801004365,LBL,41,25,200,217.00,"43,400.00"
2019-12-08,2019120801004364,LBL,38,25,"1,000",217.00,"217,000.00"
2019-12-08,2019120801004363,LBL,19,25,100,217.00,"21,700.00"
2019-12-08,2019120801004362,LBL,35,25,249,217.00,"54,033.00"
2019-12-08,2019120801004340,LBL,6,57,80,218.00,"17,440.00"
2019-12-08,2019120801004392,LBL,38,45,51,217.00,"11,067.00"
2019-12-08,2019120801004391,LBL,41,45,200,217.00,"43,400.00"
2019-12-08,2019120801004390,LBL,21,45,100,217.00,"21,700.00"
2019-12-08,2019120801004389,LBL,18,45,149,217.00,"32,333.00"
2019-12-08,2019120801004376,LBL,32,57,500,218.00,"109,000.00"
2019-12-08,2019120801004367,LBL,18,25,351,217.00,"76,167.00"
2019-12-08,2019120801004386,LGIL,38,38,12,313.00,"3,756.00"
2019-12-08,2019120801004385,LGIL,38,48,38,313.00,"11,894.00"
2019-12-08,2019120801004506,LICN,16,59,100,969.00,"96,900.00"
2019-12-08,2019120801004156,LICN,25,28,100,970.00,"97,000.00"
2019-12-08,2019120801004155,LICN,25,59,200,969.00,"193,800.00"
2019-12-08,2019120801004044,LICN,7,28,100,970.00,"97,000.00"
2019-12-08,2019120801004164,LLBS,29,43,10,625.00,"6,250.00"
2019-12-08,2019120801004355,MBL,50,45,65,217.00,"14,105.00"
2019-12-08,2019120801004354,MBL,50,32,988,217.00,"214,396.00"
2019-12-08,2019120801004093,MBL,26,32,100,217.00,"21,700.00"
2019-12-08,2019120801004415,MEGA,43,28,10,184.00,"1,840.00"
2019-12-08,2019120801004257,MEGA,29,58,211,182.00,"38,402.00"
2019-12-08,2019120801004256,MEGA,3,58,44,183.00,"8,052.00"
2019-12-08,2019120801004254,MEGA,3,42,71,183.00,"12,993.00"
2019-12-08,2019120801004253,MEGA,26,42,44,183.00,"8,052.00"
2019-12-08,2019120801004501,MEGAPO,42,45,"20,000",101.00,"2,020,000.00"
2019-12-08,2019120801004096,MERO,6,57,50,430.00,"21,500.00"
2019-12-08,2019120801004095,MERO,6,45,40,430.00,"17,200.00"
2019-12-08,2019120801004101,MERO,6,14,180,435.00,"78,300.00"
2019-12-08,2019120801004100,MERO,6,14,30,434.00,"13,020.00"
2019-12-08,2019120801004432,MLBL,59,52,10,178.00,"1,780.00"
2019-12-08,2019120801004431,MLBL,59,35,190,177.00,"33,630.00"
2019-12-08,2019120801004260,MLBL,59,52,547,176.00,"96,272.00"
2019-12-08,2019120801004249,MLBL,59,52,453,176.00,"79,728.00"
2019-12-08,2019120801004248,MLBL,59,32,47,176.00,"8,272.00"
2019-12-08,2019120801004236,MLBL,59,4,100,175.00,"17,500.00"
2019-12-08,2019120801004226,MLBL,59,4,100,175.00,"17,500.00"
2019-12-08,2019120801004200,MLBL,59,43,200,174.00,"34,800.00"
2019-12-08,2019120801004199,MLBL,59,57,317,174.00,"55,158.00"
2019-12-08,2019120801004182,MLBL,59,57,600,174.00,"104,400.00"
2019-12-08,2019120801004470,MNBBL,57,7,42,312.00,"13,104.00"
2019-12-08,2019120801004469,MNBBL,34,7,327,312.00,"102,024.00"
2019-12-08,2019120801004465,MNBBL,34,7,613,312.00,"191,256.00"
2019-12-08,2019120801004398,MNBBL,35,7,100,313.00,"31,300.00"
2019-12-08,2019120801004350,MNBBL,34,7,60,312.00,"18,720.00"
2019-12-08,2019120801004349,MNBBL,41,7,500,312.00,"156,000.00"
2019-12-08,2019120801004037,MNBBL,28,7,367,313.00,"114,871.00"
2019-12-08,2019120801004083,MNBBL,57,44,387,313.00,"121,131.00"
2019-12-08,2019120801004079,MNBBL,41,10,200,314.00,"62,800.00"
2019-12-08,2019120801004074,MNBBL,20,10,100,314.00,"31,400.00"
2019-12-08,2019120801004055,MNBBL,57,7,"1,000",313.00,"313,000.00"
2019-12-08,2019120801004039,MNBBL,57,7,613,313.00,"191,869.00"
2019-12-08,2019120801004038,MNBBL,35,7,20,313.00,"6,260.00"
2019-12-08,2019120801004166,MNBBL,52,44,100,313.00,"31,300.00"
2019-12-08,2019120801004148,MNBBL,40,49,10,312.00,"3,120.00"
2019-12-08,2019120801004126,MNBBL,59,44,100,313.00,"31,300.00"
2019-12-08,2019120801004110,MNBBL,44,44,300,313.00,"93,900.00"
2019-12-08,2019120801004108,MNBBL,40,44,200,313.00,"62,600.00"
2019-12-08,2019120801004084,MNBBL,25,44,200,313.00,"62,600.00"
2019-12-08,2019120801004323,MNBBL,52,44,400,313.00,"125,200.00"
2019-12-08,2019120801004304,MNBBL,46,44,100,313.00,"31,300.00"
2019-12-08,2019120801004300,MNBBL,52,44,500,313.00,"156,500.00"
2019-12-08,2019120801004296,MNBBL,34,44,100,313.00,"31,300.00"
2019-12-08,2019120801004224,MNBBL,52,44,300,313.00,"93,900.00"
2019-12-08,2019120801004331,MNBBL,40,40,30,312.00,"9,360.00"
2019-12-08,2019120801004328,MNBBL,14,7,287,313.00,"89,831.00"
2019-12-08,2019120801004327,MNBBL,14,44,213,313.00,"66,669.00"
2019-12-08,2019120801004324,MNBBL,35,44,100,313.00,"31,300.00"
2019-12-08,2019120801004348,MNBBL,42,7,30,312.00,"9,360.00"
2019-12-08,2019120801004347,MNBBL,14,7,50,312.00,"15,600.00"
2019-12-08,2019120801004346,MNBBL,1,7,250,312.00,"78,000.00"
2019-12-08,2019120801004345,MNBBL,55,7,50,312.00,"15,600.00"
2019-12-08,2019120801004344,MNBBL,40,7,60,312.00,"18,720.00"
2019-12-08,2019120801004373,MSLB,5,44,10,874.00,"8,740.00"
2019-12-08,2019120801004031,MSLB,5,29,20,865.00,"17,300.00"
2019-12-08,2019120801004467,MSMBS,29,55,10,503.00,"5,030.00"
2019-12-08,2019120801004466,MSMBS,29,1,100,500.00,"50,000.00"
2019-12-08,2019120801004428,MSMBS,29,39,50,494.00,"24,700.00"
2019-12-08,2019120801004061,MSMBS,40,1,20,488.00,"9,760.00"
2019-12-08,2019120801004478,NABIL,53,44,200,729.00,"145,800.00"
2019-12-08,2019120801004246,NABIL,6,37,800,730.00,"584,000.00"
2019-12-08,2019120801004245,NABIL,6,56,112,730.00,"81,760.00"
2019-12-08,2019120801004244,NABIL,6,55,210,730.00,"153,300.00"
2019-12-08,2019120801004243,NABIL,6,44,490,728.00,"356,720.00"
2019-12-08,2019120801004230,NABIL,45,41,100,727.00,"72,700.00"
2019-12-08,2019120801004221,NABIL,45,56,183,727.00,"133,041.00"
2019-12-08,2019120801004115,NABIL,10,44,10,728.00,"7,280.00"
2019-12-08,2019120801004027,NABIL,43,56,120,727.00,"87,240.00"
2019-12-08,2019120801004284,NBB,41,42,274,200.00,"54,800.00"
2019-12-08,2019120801004283,NBB,41,16,226,200.00,"45,200.00"
2019-12-08,2019120801004072,NBB,38,16,593,200.00,"118,600.00"
2019-12-08,2019120801004071,NBB,38,28,407,200.00,"81,400.00"
2019-12-08,2019120801004504,NBL,3,57,50,312.00,"15,600.00"
2019-12-08,2019120801004483,NBL,25,57,100,312.00,"31,200.00"
2019-12-08,2019120801004472,NBL,52,57,50,312.00,"15,600.00"
2019-12-08,2019120801004397,NBL,43,57,100,312.00,"31,200.00"
2019-12-08,2019120801004396,NBL,5,57,200,312.00,"62,400.00"
2019-12-08,2019120801004378,NBL,43,8,10,313.00,"3,130.00"
2019-12-08,2019120801004212,NBL,20,39,500,312.00,"156,000.00"
2019-12-08,2019120801004128,NBL,44,39,"1,500",312.00,"468,000.00"
2019-12-08,2019120801004445,NCCB,49,32,475,198.00,"94,050.00"
2019-12-08,2019120801004433,NCCB,49,55,231,198.00,"45,738.00"
2019-12-08,2019120801004375,NCCB,49,51,100,198.00,"19,800.00"
2019-12-08,2019120801004181,NCCB,49,40,115,198.00,"22,770.00"
2019-12-08,2019120801004063,NCCB,49,55,79,198.00,"15,642.00"
2019-12-08,2019120801004123,NHPC,3,32,300,52.00,"15,600.00"
2019-12-08,2019120801004374,NIB,21,37,10,417.00,"4,170.00"
2019-12-08,2019120801004292,NIB,36,37,12,417.00,"5,004.00"
2019-12-08,2019120801004291,NIB,36,5,66,416.00,"27,456.00"
2019-12-08,2019120801004241,NIB,16,5,34,416.00,"14,144.00"
2019-12-08,2019120801004240,NIB,16,19,200,416.00,"83,200.00"
2019-12-08,2019120801004184,NIB,16,13,200,416.00,"83,200.00"
2019-12-08,2019120801004183,NIB,16,13,300,415.00,"124,500.00"
2019-12-08,2019120801004145,NIB,43,13,150,415.00,"62,250.00"
2019-12-08,2019120801004099,NIB,16,42,70,414.00,"28,980.00"
2019-12-08,2019120801004032,NIB,39,13,50,415.00,"20,750.00"
2019-12-08,2019120801004372,NIBPO,17,25,86,389.00,"33,454.00"
2019-12-08,2019120801004360,NICA,13,4,27,405.00,"10,935.00"
2019-12-08,2019120801004122,NICA,59,32,10,409.00,"4,090.00"
2019-12-08,2019120801004098,NICA,59,4,216,406.00,"87,696.00"
2019-12-08,2019120801004092,NICA,22,4,500,406.00,"203,000.00"
2019-12-08,2019120801004087,NICA,59,4,784,406.00,"318,304.00"
2019-12-08,2019120801004086,NICA,59,22,86,406.00,"34,916.00"
2019-12-08,2019120801004085,NICA,59,45,130,406.00,"52,780.00"
2019-12-08,2019120801004444,NLG,6,59,30,520.00,"15,600.00"
2019-12-08,2019120801004525,NLIC,11,35,22,886.00,"19,492.00"
2019-12-08,2019120801004524,NLIC,11,42,21,886.00,"18,606.00"
2019-12-08,2019120801004320,NLIC,46,8,100,885.00,"88,500.00"
2019-12-08,2019120801004319,NLIC,26,58,100,886.00,"88,600.00"
2019-12-08,2019120801004293,NLIC,37,42,10,886.00,"8,860.00"
2019-12-08,2019120801004219,NLIC,49,35,22,886.00,"19,492.00"
2019-12-08,2019120801004393,NLICL,43,56,10,454.00,"4,540.00"
2019-12-08,2019120801004303,NLICL,44,25,80,450.00,"36,000.00"
2019-12-08,2019120801004302,NLICL,44,56,200,450.00,"90,000.00"
2019-12-08,2019120801004301,NLICL,44,4,190,450.00,"85,500.00"
2019-12-08,2019120801004216,NLICL,39,4,10,450.00,"4,500.00"
2019-12-08,2019120801004215,NLICL,39,38,300,448.00,"134,400.00"
2019-12-08,2019120801004144,NLICL,50,48,290,446.00,"129,340.00"
2019-12-08,2019120801004143,NLICL,50,34,375,446.00,"167,250.00"
2019-12-08,2019120801004041,NLICL,21,34,363,446.00,"161,898.00"
2019-12-08,2019120801004040,NLICL,21,55,37,446.00,"16,502.00"
2019-12-08,2019120801004523,NMB,36,48,100,388.00,"38,800.00"
2019-12-08,2019120801004488,NMB,26,21,281,387.00,"108,747.00"
2019-12-08,2019120801004418,NMB,26,21,189,387.00,"73,143.00"
2019-12-08,2019120801004359,NMB,6,48,10,388.00,"3,880.00"
2019-12-08,2019120801004358,NMB,25,48,750,388.00,"291,000.00"
2019-12-08,2019120801004357,NMB,25,34,"1,800",388.00,"698,400.00"
2019-12-08,2019120801004356,NMB,25,25,450,388.00,"174,600.00"
2019-12-08,2019120801004339,NMB,26,21,620,387.00,"239,940.00"
2019-12-08,2019120801004287,NMB,35,25,500,388.00,"194,000.00"
2019-12-08,2019120801004109,NMB,38,25,50,388.00,"19,400.00"
2019-12-08,2019120801004430,NMFBS,14,34,13,"1,226.00","15,938.00"
2019-12-08,2019120801004440,NNLB,48,6,10,520.00,"5,200.00"
2019-12-08,2019120801004439,NNLB,48,28,50,510.00,"25,500.00"
2019-12-08,2019120801004206,NNLB,37,38,90,507.00,"45,630.00"
2019-12-08,2019120801004298,NNLB,58,6,10,520.00,"5,200.00"
2019-12-08,2019120801004394,NTC,28,8,20,670.00,"13,400.00"
2019-12-08,2019120801004369,NTC,41,19,50,665.00,"33,250.00"
2019-12-08,2019120801004352,NTC,41,8,20,664.00,"13,280.00"
2019-12-08,2019120801004209,NTC,28,58,10,673.00,"6,730.00"
2019-12-08,2019120801004193,NTC,28,42,50,662.00,"33,100.00"
2019-12-08,2019120801004192,NTC,28,43,25,660.00,"16,500.00"
2019-12-08,2019120801004208,NTC,28,43,60,660.00,"39,600.00"
2019-12-08,2019120801004198,NTC,28,58,35,673.00,"23,555.00"
2019-12-08,2019120801004197,NTC,28,22,30,665.00,"19,950.00"
2019-12-08,2019120801004196,NTC,28,39,10,664.00,"6,640.00"
2019-12-08,2019120801004195,NTC,28,50,30,663.00,"19,890.00"
2019-12-08,2019120801004194,NTC,28,45,30,663.00,"19,890.00"
2019-12-08,2019120801004477,NUBL,25,44,60,938.00,"56,280.00"
2019-12-08,2019120801004476,NUBL,59,44,100,938.00,"93,800.00"
2019-12-08,2019120801004282,NUBL,47,39,100,940.00,"94,000.00"
2019-12-08,2019120801004161,NUBL,17,39,120,940.00,"112,800.00"
2019-12-08,2019120801004160,NUBL,6,39,100,941.00,"94,100.00"
2019-12-08,2019120801004159,NUBL,34,39,20,941.00,"18,820.00"
2019-12-08,2019120801004326,OHL,57,25,117,420.00,"49,140.00"
2019-12-08,2019120801004325,OHL,57,28,90,420.00,"37,800.00"
2019-12-08,2019120801004438,PCBL,58,39,"1,160",273.00,"316,680.00"
2019-12-08,2019120801004295,PCBL,58,32,30,273.00,"8,190.00"
2019-12-08,2019120801004286,PCBL,6,39,60,274.00,"16,440.00"
2019-12-08,2019120801004285,PCBL,6,49,25,274.00,"6,850.00"
2019-12-08,2019120801004207,PCBL,58,43,810,273.00,"221,130.00"
2019-12-08,2019120801004507,PFL,45,34,244,142.00,"34,648.00"
2019-12-08,2019120801004130,PFL,29,34,40,142.00,"5,680.00"
2019-12-08,2019120801004522,PIC,8,55,10,373.00,"3,730.00"
2019-12-08,2019120801004521,PIC,8,55,10,373.00,"3,730.00"
2019-12-08,2019120801004455,PIC,21,20,48,368.00,"17,664.00"
2019-12-08,2019120801004454,PIC,36,20,52,369.00,"19,188.00"
2019-12-08,2019120801004234,PICL,58,56,10,376.00,"3,760.00"
2019-12-08,2019120801004233,PICL,58,56,10,375.00,"3,750.00"
2019-12-08,2019120801004232,PICL,58,56,10,375.00,"3,750.00"
2019-12-08,2019120801004231,PICL,58,45,100,374.00,"37,400.00"
2019-12-08,2019120801004060,PICL,6,56,10,372.00,"3,720.00"
2019-12-08,2019120801004042,PICL,26,28,200,370.00,"74,000.00"
2019-12-08,2019120801004452,PLIC,52,43,62,324.00,"20,088.00"
2019-12-08,2019120801004451,PLIC,48,43,219,324.00,"70,956.00"
2019-12-08,2019120801004381,PLIC,38,49,20,330.00,"6,600.00"
2019-12-08,2019120801004380,PLIC,38,34,42,328.00,"13,776.00"
2019-12-08,2019120801004379,PLIC,38,56,100,328.00,"32,800.00"
2019-12-08,2019120801004047,PLIC,43,19,75,326.00,"24,450.00"
2019-12-08,2019120801004046,PLIC,43,50,100,325.00,"32,500.00"
2019-12-08,2019120801004045,PLIC,43,59,40,325.00,"13,000.00"
2019-12-08,2019120801004408,PMHPL,56,36,10,84.00,840.00
2019-12-08,2019120801004267,PMHPL,56,40,10,84.00,840.00
2019-12-08,2019120801004407,PRVU,45,32,100,225.00,"22,500.00"
2019-12-08,2019120801004406,PRVU,45,32,500,225.00,"112,500.00"
2019-12-08,2019120801004405,PRVU,32,32,500,225.00,"112,500.00"
2019-12-08,2019120801004404,PRVU,38,32,200,225.00,"45,000.00"
2019-12-08,2019120801004403,PRVU,58,32,250,225.00,"56,250.00"
2019-12-08,2019120801004402,PRVU,42,32,200,225.00,"45,000.00"
2019-12-08,2019120801004401,PRVU,57,32,957,225.00,"215,325.00"
2019-12-08,2019120801004150,PRVU,57,45,350,225.00,"78,750.00"
2019-12-08,2019120801004059,RBCL,21,19,30,"7,890.00","236,700.00"
2019-12-08,2019120801004058,RBCL,22,19,10,"7,950.00","79,500.00"
2019-12-08,2019120801004054,RHPL,4,43,498,171.00,"85,158.00"
2019-12-08,2019120801004053,RHPL,4,40,172,171.00,"29,412.00"
2019-12-08,2019120801004052,RHPL,4,37,40,171.00,"6,840.00"
2019-12-08,2019120801004051,RHPL,4,49,40,171.00,"6,840.00"
2019-12-08,2019120801004050,RHPL,4,59,50,171.00,"8,550.00"
2019-12-08,2019120801004118,RSDC,34,26,200,296.00,"59,200.00"
2019-12-08,2019120801004297,SABSL,55,6,100,523.00,"52,300.00"
2019-12-08,2019120801004163,SABSL,41,18,10,517.00,"5,170.00"
2019-12-08,2019120801004136,SABSL,41,45,100,517.00,"51,700.00"
2019-12-08,2019120801004135,SABSL,25,45,100,518.00,"51,800.00"
2019-12-08,2019120801004294,SANIMA,42,32,407,306.00,"124,542.00"
2019-12-08,2019120801004259,SBI,20,45,51,347.00,"17,697.00"
2019-12-08,2019120801004247,SBI,10,45,100,349.00,"34,900.00"
2019-12-08,2019120801004505,SDESI,39,45,10,557.00,"5,570.00"
2019-12-08,2019120801004487,SDESI,39,39,10,550.00,"5,500.00"
2019-12-08,2019120801004399,SEF,3,41,"5,000",8.95,"44,750.00"
2019-12-08,2019120801004131,SHINE,38,4,"1,000",227.00,"227,000.00"
2019-12-08,2019120801004081,SHINE,57,4,"1,000",227.00,"227,000.00"
2019-12-08,2019120801004220,SHINE,21,48,"1,492",227.00,"338,684.00"
2019-12-08,2019120801004132,SHINE,38,4,589,227.00,"133,703.00"
2019-12-08,2019120801004446,SHIVM,10,32,300,380.00,"114,000.00"
2019-12-08,2019120801004414,SHIVM,41,32,182,380.00,"69,160.00"
2019-12-08,2019120801004413,SHIVM,41,45,18,380.00,"6,840.00"
2019-12-08,2019120801004384,SHIVM,42,45,20,380.00,"7,600.00"
2019-12-08,2019120801004116,SHIVM,16,26,12,381.00,"4,572.00"
2019-12-08,2019120801004171,SHIVM,5,45,50,380.00,"19,000.00"
2019-12-08,2019120801004170,SHIVM,42,45,50,380.00,"19,000.00"
2019-12-08,2019120801004169,SHIVM,42,45,30,380.00,"11,400.00"
2019-12-08,2019120801004168,SHIVM,38,45,22,381.00,"8,382.00"
2019-12-08,2019120801004138,SHIVM,29,6,200,382.00,"76,400.00"
2019-12-08,2019120801004117,SHIVM,38,26,28,381.00,"10,668.00"
2019-12-08,2019120801004289,SHIVM,26,58,180,379.00,"68,220.00"
2019-12-08,2019120801004288,SHIVM,35,58,20,379.00,"7,580.00"
2019-12-08,2019120801004175,SHIVM,55,45,100,380.00,"38,000.00"
2019-12-08,2019120801004174,SHIVM,45,45,110,380.00,"41,800.00"
2019-12-08,2019120801004173,SHIVM,17,45,50,380.00,"19,000.00"
2019-12-08,2019120801004172,SHIVM,42,45,50,380.00,"19,000.00"
2019-12-08,2019120801004424,SHL,14,5,"1,000",210.00,"210,000.00"
2019-12-08,2019120801004073,SHL,6,49,487,208.00,"101,296.00"
2019-12-08,2019120801004080,SHPC,43,58,100,187.00,"18,700.00"
2019-12-08,2019120801004370,SIC,55,35,20,438.00,"8,760.00"
2019-12-08,2019120801004033,SICL,35,43,32,779.00,"24,928.00"
2019-12-08,2019120801004250,SINDU,29,37,100,122.00,"12,200.00"
2019-12-08,2019120801004239,SINDU,29,1,100,120.00,"12,000.00"
2019-12-08,2019120801004495,SJCL,35,47,10,158.00,"1,580.00"
2019-12-08,2019120801004471,SJCL,56,56,20,157.00,"3,140.00"
2019-12-08,2019120801004425,SJCL,35,47,10,158.00,"1,580.00"
2019-12-08,2019120801004387,SJCL,56,56,20,157.00,"3,140.00"
2019-12-08,2019120801004277,SJCL,56,56,20,157.00,"3,140.00"
2019-12-08,2019120801004029,SJCL,38,40,10,157.00,"1,570.00"
2019-12-08,2019120801004028,SJCL,38,40,20,157.00,"3,140.00"
2019-12-08,2019120801004134,SJCL,35,47,10,158.00,"1,580.00"
2019-12-08,2019120801004133,SJCL,35,40,10,157.00,"1,570.00"
2019-12-08,2019120801004496,SKBBL,50,25,500,954.00,"477,000.00"
2019-12-08,2019120801004475,SKBBL,38,41,501,953.00,"477,453.00"
2019-12-08,2019120801004421,SKBBL,44,22,100,951.00,"95,100.00"
2019-12-08,2019120801004127,SKBBL,39,44,500,952.00,"476,000.00"
2019-12-08,2019120801004514,SLBBL,38,26,"3,750",551.00,"2,066,250.00"
2019-12-08,2019120801004513,SLBBL,6,26,100,552.00,"55,200.00"
2019-12-08,2019120801004512,SLBBL,22,26,150,553.00,"82,950.00"
2019-12-08,2019120801004500,SLBBL,44,53,100,560.00,"56,000.00"
2019-12-08,2019120801004499,SLBBL,44,50,52,560.00,"29,120.00"
2019-12-08,2019120801004498,SLBBL,44,45,90,559.00,"50,310.00"
2019-12-08,2019120801004218,SLBBL,38,16,401,551.00,"220,951.00"
2019-12-08,2019120801004217,SLBBL,6,16,50,551.00,"27,550.00"
2019-12-08,2019120801004062,SLBBL,54,39,50,550.00,"27,500.00"
2019-12-08,2019120801004497,SLBBL,44,52,25,559.00,"13,975.00"
2019-12-08,2019120801004334,SLBBL,54,57,100,558.00,"55,800.00"
2019-12-08,2019120801004333,SLBBL,54,33,500,558.00,"279,000.00"
2019-12-08,2019120801004332,SLBBL,54,28,390,557.00,"217,230.00"
2019-12-08,2019120801004417,SLICL,16,42,20,266.00,"5,320.00"
2019-12-08,2019120801004281,SLICL,16,50,120,267.00,"32,040.00"
2019-12-08,2019120801004264,SLICL,16,58,88,266.00,"23,408.00"
2019-12-08,2019120801004263,SLICL,34,58,20,266.00,"5,320.00"
2019-12-08,2019120801004337,SMB,34,41,10,456.00,"4,560.00"
2019-12-08,2019120801004481,SMFBS,34,21,10,839.00,"8,390.00"
2019-12-08,2019120801004480,SMFBS,34,49,10,835.00,"8,350.00"
2019-12-08,2019120801004479,SMFBS,34,34,40,830.00,"33,200.00"
2019-12-08,2019120801004252,SMFBS,34,34,10,830.00,"8,300.00"
2019-12-08,2019120801004070,SMFBS,57,21,10,825.00,"8,250.00"
2019-12-08,2019120801004069,SMFBS,57,6,20,823.00,"16,460.00"
2019-12-08,2019120801004437,SMFDB,34,55,10,580.00,"5,800.00"
2019-12-08,2019120801004436,SMFDB,34,58,40,577.00,"23,080.00"
2019-12-08,2019120801004435,SMFDB,34,55,60,575.00,"34,500.00"
2019-12-08,2019120801004434,SMFDB,34,44,44,570.00,"25,080.00"
2019-12-08,2019120801004149,SMFDB,34,43,100,569.00,"56,900.00"
2019-12-08,2019120801004137,SMFDB,34,49,100,568.00,"56,800.00"
2019-12-08,2019120801004313,SPARS,40,36,10,565.00,"5,650.00"
2019-12-08,2019120801004165,SPDL,44,45,174,85.00,"14,790.00"
2019-12-08,2019120801004114,SPDL,26,45,44,86.00,"3,784.00"
2019-12-08,2019120801004089,SPDL,1,45,56,87.00,"4,872.00"
2019-12-08,2019120801004482,STC,6,1,50,"1,297.00","64,850.00"
2019-12-08,2019120801004205,STC,51,35,10,"1,297.00","12,970.00"
2019-12-08,2019120801004191,STC,42,22,50,"1,294.00","64,700.00"
2019-12-08,2019120801004190,STC,42,22,20,"1,294.00","25,880.00"
2019-12-08,2019120801004189,STC,42,34,10,"1,294.00","12,940.00"
2019-12-08,2019120801004094,STC,49,51,"1,000","1,271.00","1,271,000.00"
2019-12-08,2019120801004473,TMDBL,13,34,650,145.00,"94,250.00"
2019-12-08,2019120801004377,TMDBL,13,32,100,144.00,"14,400.00"
2019-12-08,2019120801004516,UIC,5,28,20,231.00,"4,620.00"
2019-12-08,2019120801004158,UMHL,39,40,101,103.00,"10,403.00"
2019-12-08,2019120801004157,UMHL,39,40,101,103.00,"10,403.00"
2019-12-08,2019120801004423,UNHPL,17,55,200,54.00,"10,800.00"
2019-12-08,2019120801004035,UPPER,25,51,300,233.00,"69,900.00"
2019-12-08,2019120801004034,UPPER,25,40,291,233.00,"67,803.00"
2019-12-08,2019120801004329,UPPER,25,32,150,233.00,"34,950.00"
2019-12-08,2019120801004290,UPPER,19,32,50,233.00,"11,650.00"
2019-12-08,2019120801004036,UPPER,25,42,400,233.00,"93,200.00"
2019-12-08,2019120801004330,UPPER,25,14,50,234.00,"11,700.00"
2019-12-08,2019120801004336,VLBS,32,48,10,629.00,"6,290.00"
2019-12-08,2019120801004335,VLBS,32,29,100,625.00,"62,500.00"
2019-12-08,2019120801003956,ADBL,53,40,100,406.00,"40,600.00"
2019-12-08,2019120801003633,ADBL,45,37,134,405.00,"54,270.00"
2019-12-08,2019120801003746,AKBSL,52,52,110,446.00,"49,060.00"
2019-12-08,2019120801003745,AKBSL,52,13,90,445.00,"40,050.00"
2019-12-08,2019120801003744,AKBSL,52,18,10,444.00,"4,440.00"
2019-12-08,2019120801003743,AKBSL,52,57,10,444.00,"4,440.00"
2019-12-08,2019120801003695,AKBSL,49,28,10,441.00,"4,410.00"
2019-12-08,2019120801003597,AKBSL,51,43,10,440.00,"4,400.00"
2019-12-08,2019120801004019,ALBSL,34,46,350,448.00,"156,800.00"
2019-12-08,2019120801004018,ALBSL,34,1,110,448.00,"49,280.00"
2019-12-08,2019120801004017,ALBSL,34,41,30,447.00,"13,410.00"
2019-12-08,2019120801004016,ALBSL,34,39,50,447.00,"22,350.00"
2019-12-08,2019120801004015,ALBSL,34,46,90,445.00,"40,050.00"
2019-12-08,2019120801003885,ALBSL,33,25,10,444.00,"4,440.00"
2019-12-08,2019120801003878,ALBSL,33,45,100,440.00,"44,000.00"
2019-12-08,2019120801003877,ALBSL,33,21,100,439.00,"43,900.00"
2019-12-08,2019120801003870,ALBSL,33,42,10,432.00,"4,320.00"
2019-12-08,2019120801003720,ALBSL,34,21,10,427.00,"4,270.00"
2019-12-08,2019120801003892,ALICL,50,45,500,340.00,"170,000.00"
2019-12-08,2019120801003642,ALICL,26,25,100,340.00,"34,000.00"
2019-12-08,2019120801003641,ALICL,26,16,100,340.00,"34,000.00"
2019-12-08,2019120801003640,ALICL,26,57,500,340.00,"170,000.00"
2019-12-08,2019120801003639,ALICL,26,50,300,340.00,"102,000.00"
2019-12-08,2019120801003638,ALICL,26,34,"1,284",339.00,"435,276.00"
2019-12-08,2019120801003637,ALICL,26,49,100,338.00,"33,800.00"
2019-12-08,2019120801003588,ALICL,26,41,140,336.00,"47,040.00"
2019-12-08,2019120801003664,API,6,29,200,103.00,"20,600.00"
2019-12-08,2019120801003613,BOKL,26,22,100,215.00,"21,500.00"
2019-12-08,2019120801003939,BPCL,25,59,470,340.00,"159,800.00"
2019-12-08,2019120801003916,BPCL,25,34,190,342.00,"64,980.00"
2019-12-08,2019120801003906,BPCL,45,45,200,340.00,"68,000.00"
2019-12-08,2019120801003905,BPCL,45,47,170,340.00,"57,800.00"
2019-12-08,2019120801003904,BPCL,45,47,100,340.00,"34,000.00"
2019-12-08,2019120801003898,BPCL,25,59,300,339.00,"101,700.00"
2019-12-08,2019120801003831,BPCL,33,43,200,336.00,"67,200.00"
2019-12-08,2019120801003677,BPCL,43,34,12,336.00,"4,032.00"
2019-12-08,2019120801003674,BPCL,43,59,30,334.00,"10,020.00"
2019-12-08,2019120801003654,BPCL,7,59,50,334.00,"16,700.00"
2019-12-08,2019120801003653,BPCL,33,59,70,334.00,"23,380.00"
2019-12-08,2019120801003897,BPCL,25,34,22,338.00,"7,436.00"
2019-12-08,2019120801003848,BPCL,25,34,"1,078",338.00,"364,364.00"
2019-12-08,2019120801003847,BPCL,25,59,150,337.00,"50,550.00"
2019-12-08,2019120801003846,BPCL,25,59,150,337.00,"50,550.00"
2019-12-08,2019120801003845,BPCL,25,11,22,337.00,"7,414.00"
2019-12-08,2019120801003844,BPCL,25,59,100,337.00,"33,700.00"
2019-12-08,2019120801003972,CBBL,34,36,10,789.00,"7,890.00"
2019-12-08,2019120801003605,CBBL,57,7,300,783.00,"234,900.00"
2019-12-08,2019120801003858,CBL,45,34,27,139.00,"3,753.00"
2019-12-08,2019120801003937,CHCL,14,11,"1,028",355.00,"364,940.00"
2019-12-08,2019120801003936,CHCL,14,11,72,355.00,"25,560.00"
2019-12-08,2019120801003594,CHCL,39,52,150,354.00,"53,100.00"
2019-12-08,2019120801003580,CHCL,39,6,100,354.00,"35,400.00"
2019-12-08,2019120801003729,CIT,45,22,12,"1,712.00","20,544.00"
2019-12-08,2019120801003656,CIT,45,22,10,"1,712.00","17,120.00"
2019-12-08,2019120801003553,CZBIL,44,41,23,182.00,"4,186.00"
2019-12-08,2019120801003552,CZBIL,44,6,203,182.00,"36,946.00"
2019-12-08,2019120801003551,CZBIL,44,10,348,182.00,"63,336.00"
2019-12-08,2019120801003532,CZBIL,7,6,143,182.00,"26,026.00"
2019-12-08,2019120801003531,CZBIL,7,1,50,182.00,"9,100.00"
2019-12-08,2019120801003530,CZBIL,7,34,107,182.00,"19,474.00"
2019-12-08,2019120801003999,DDBL,56,43,28,766.00,"21,448.00"
2019-12-08,2019120801003998,DDBL,56,47,52,766.00,"39,832.00"
2019-12-08,2019120801003836,DDBL,36,53,14,765.00,"10,710.00"
2019-12-08,2019120801003793,DDBL,34,39,50,768.00,"38,400.00"
2019-12-08,2019120801003792,DDBL,34,53,50,768.00,"38,400.00"
2019-12-08,2019120801003663,DDBL,36,53,31,765.00,"23,715.00"
2019-12-08,2019120801003662,DDBL,36,53,19,765.00,"14,535.00"
2019-12-08,2019120801003592,DDBL,36,56,10,765.00,"7,650.00"
2019-12-08,2019120801003591,DDBL,36,47,71,764.00,"54,244.00"
2019-12-08,2019120801003647,EBL,6,37,290,547.00,"158,630.00"
2019-12-08,2019120801003646,EBL,6,34,200,547.00,"109,400.00"
2019-12-08,2019120801003645,EBL,6,32,400,546.00,"218,400.00"
2019-12-08,2019120801003940,EDBL,57,51,50,286.00,"14,300.00"
2019-12-08,2019120801003563,EDBL,49,25,30,285.00,"8,550.00"
2019-12-08,2019120801003995,EIC,3,16,50,220.00,"11,000.00"
2019-12-08,2019120801003927,FMDBL,38,36,472,305.00,"143,960.00"
2019-12-08,2019120801003926,FMDBL,38,41,200,304.00,"60,800.00"
2019-12-08,2019120801003828,FOWAD,55,19,13,"1,344.00","17,472.00"
2019-12-08,2019120801003660,FOWAD,39,34,10,"1,345.00","13,450.00"
2019-12-08,2019120801003628,GBBL,49,49,100,197.00,"19,700.00"
2019-12-08,2019120801003798,GBLBS,17,42,515,299.00,"153,985.00"
2019-12-08,2019120801003797,GBLBS,17,22,180,298.00,"53,640.00"
2019-12-08,2019120801003942,GILB,40,1,40,790.00,"31,600.00"
2019-12-08,2019120801003930,GILB,47,35,40,788.00,"31,520.00"
2019-12-08,2019120801003922,GILB,47,35,40,788.00,"31,520.00"
2019-12-08,2019120801003921,GILB,47,35,40,788.00,"31,520.00"
2019-12-08,2019120801003920,GILB,47,35,40,788.00,"31,520.00"
2019-12-08,2019120801003635,GILB,47,58,20,781.00,"15,620.00"
2019-12-08,2019120801003634,GILB,50,58,10,781.00,"7,810.00"
2019-12-08,2019120801003938,GLBSL,39,42,70,423.00,"29,610.00"
2019-12-08,2019120801003925,GLBSL,39,58,100,420.00,"42,000.00"
2019-12-08,2019120801003924,GLBSL,39,6,20,419.00,"8,380.00"
2019-12-08,2019120801003915,GLBSL,39,16,200,418.00,"83,600.00"
2019-12-08,2019120801003914,GLBSL,39,6,10,415.00,"4,150.00"
2019-12-08,2019120801003913,GLBSL,39,11,10,415.00,"4,150.00"
2019-12-08,2019120801003707,GLBSL,42,38,10,410.00,"4,100.00"
2019-12-08,2019120801004024,GLICL,34,52,10,379.00,"3,790.00"
2019-12-08,2019120801003943,GLICL,11,52,100,377.00,"37,700.00"
2019-12-08,2019120801003864,GLICL,25,52,153,379.00,"57,987.00"
2019-12-08,2019120801003863,GLICL,25,58,200,379.00,"75,800.00"
2019-12-08,2019120801003862,GLICL,25,22,30,378.00,"11,340.00"
2019-12-08,2019120801003861,GLICL,25,13,100,378.00,"37,800.00"
2019-12-08,2019120801003860,GLICL,25,10,17,377.00,"6,409.00"
2019-12-08,2019120801003841,GLICL,50,34,500,376.00,"188,000.00"
2019-12-08,2019120801003840,GLICL,50,34,500,375.00,"187,500.00"
2019-12-08,2019120801003666,GLICL,38,17,150,377.00,"56,550.00"
2019-12-08,2019120801003734,GMFBS,52,33,550,525.00,"288,750.00"
2019-12-08,2019120801003733,GMFBS,52,56,50,524.00,"26,200.00"
2019-12-08,2019120801003620,GMFBS,41,56,50,524.00,"26,200.00"
2019-12-08,2019120801003683,HBL,21,45,20,485.00,"9,700.00"
2019-12-08,2019120801004014,HDL,58,54,150,"1,240.00","186,000.00"
2019-12-08,2019120801003896,HDL,48,54,350,"1,240.00","434,000.00"
2019-12-08,2019120801003822,HDL,48,48,150,"1,240.00","186,000.00"
2019-12-08,2019120801003549,HDL,45,22,20,"1,238.00","24,760.00"
2019-12-08,2019120801003984,HGI,49,10,100,245.00,"24,500.00"
2019-12-08,2019120801003722,IGI,41,39,50,288.00,"14,400.00"
2019-12-08,2019120801003562,IGI,49,49,10,285.00,"2,850.00"
2019-12-08,2019120801003944,ILBS,45,10,10,532.00,"5,320.00"
2019-12-08,2019120801003817,ILBS,39,55,10,542.00,"5,420.00"
2019-12-08,2019120801003815,ILBS,45,59,100,535.00,"53,500.00"
2019-12-08,2019120801003801,ILBS,45,21,10,535.00,"5,350.00"
2019-12-08,2019120801003789,ILBS,45,21,90,535.00,"48,150.00"
2019-12-08,2019120801003788,ILBS,45,52,10,535.00,"5,350.00"
2019-12-08,2019120801003599,ILBS,40,11,150,524.00,"78,600.00"
2019-12-08,2019120801003598,ILBS,40,39,500,523.00,"261,500.00"
2019-12-08,2019120801003586,ILBS,40,39,30,522.00,"15,660.00"
2019-12-08,2019120801003542,ILBS,45,53,90,521.00,"46,890.00"
2019-12-08,2019120801003534,ILBS,45,35,50,520.00,"26,000.00"
2019-12-08,2019120801003757,ILBS,45,17,100,530.00,"53,000.00"
2019-12-08,2019120801003756,ILBS,45,58,10,528.00,"5,280.00"
2019-12-08,2019120801003755,ILBS,45,42,10,527.00,"5,270.00"
2019-12-08,2019120801003698,ILBS,44,28,10,524.00,"5,240.00"
2019-12-08,2019120801003686,ILBS,7,38,10,526.00,"5,260.00"
2019-12-08,2019120801003609,ILBS,58,42,10,521.00,"5,210.00"
2019-12-08,2019120801003763,ILBS,45,47,10,531.00,"5,310.00"
2019-12-08,2019120801003762,ILBS,45,34,500,531.00,"265,500.00"
2019-12-08,2019120801003761,ILBS,45,11,130,530.00,"68,900.00"
2019-12-08,2019120801003760,ILBS,45,32,10,530.00,"5,300.00"
2019-12-08,2019120801003759,ILBS,45,32,10,530.00,"5,300.00"
2019-12-08,2019120801003758,ILBS,45,13,10,530.00,"5,300.00"
2019-12-08,2019120801003787,ILBS,45,40,320,534.00,"170,880.00"
2019-12-08,2019120801003785,ILBS,45,40,280,534.00,"149,520.00"
2019-12-08,2019120801003784,ILBS,45,52,20,534.00,"10,680.00"
2019-12-08,2019120801003766,ILBS,45,14,100,532.00,"53,200.00"
2019-12-08,2019120801003765,ILBS,45,52,30,532.00,"15,960.00"
2019-12-08,2019120801003764,ILBS,45,47,10,531.00,"5,310.00"
2019-12-08,2019120801003907,JBBL,14,49,"1,288",162.00,"208,656.00"
2019-12-08,2019120801003661,JBBL,45,49,100,162.00,"16,200.00"
2019-12-08,2019120801003910,JSLBB,51,19,136,"1,223.00","166,328.00"
2019-12-08,2019120801003900,JSLBB,38,45,200,"1,238.00","247,600.00"
2019-12-08,2019120801003869,JSLBB,46,49,14,"1,223.00","17,122.00"
2019-12-08,2019120801003868,JSLBB,17,49,10,"1,223.00","12,230.00"
2019-12-08,2019120801003867,JSLBB,17,49,10,"1,225.00","12,250.00"
2019-12-08,2019120801003856,KADBL,35,34,20,181.00,"3,620.00"
2019-12-08,2019120801003849,KPCL,19,55,10,82.00,820.00
2019-12-08,2019120801003783,KPCL,1,58,10,81.00,810.00
2019-12-08,2019120801003748,KPCL,1,58,10,81.00,810.00
2019-12-08,2019120801003721,KPCL,1,58,10,81.00,810.00
2019-12-08,2019120801003610,KPCL,19,55,10,82.00,820.00
2019-12-08,2019120801003991,LBBL,33,49,100,175.00,"17,500.00"
2019-12-08,2019120801003603,LBBL,56,22,"1,030",175.00,"180,250.00"
2019-12-08,2019120801003602,LBBL,56,57,300,175.00,"52,500.00"
2019-12-08,2019120801003601,LBBL,56,1,200,175.00,"35,000.00"
2019-12-08,2019120801003564,LBBL,57,51,337,174.00,"58,638.00"
2019-12-08,2019120801003604,LBBL,56,39,175,175.00,"30,625.00"
2019-12-08,2019120801003996,LBL,51,47,200,218.00,"43,600.00"
2019-12-08,2019120801003958,LBL,45,47,100,218.00,"21,800.00"
2019-12-08,2019120801003573,LBL,35,45,20,217.00,"4,340.00"
2019-12-08,2019120801003566,LBL,52,45,100,217.00,"21,700.00"
2019-12-08,2019120801003726,LBL,38,26,842,217.00,"182,714.00"
2019-12-08,2019120801003725,LBL,38,26,158,217.00,"34,286.00"
2019-12-08,2019120801003692,LBL,56,26,"1,000",217.00,"217,000.00"
2019-12-08,2019120801003688,LBL,38,26,12,217.00,"2,604.00"
2019-12-08,2019120801003589,LBL,17,26,100,217.00,"21,700.00"
2019-12-08,2019120801003574,LBL,35,26,30,217.00,"6,510.00"
2019-12-08,2019120801003808,LBL,20,26,100,217.00,"21,700.00"
2019-12-08,2019120801003866,LBL,45,47,33,218.00,"7,194.00"
2019-12-08,2019120801003857,LBL,54,43,251,217.00,"54,467.00"
2019-12-08,2019120801003833,LBL,22,43,115,217.00,"24,955.00"
2019-12-08,2019120801003832,LBL,22,26,58,217.00,"12,586.00"
2019-12-08,2019120801004025,LICN,25,28,200,970.00,"194,000.00"
2019-12-08,2019120801003890,MBL,50,46,500,217.00,"108,500.00"
2019-12-08,2019120801003690,MBL,50,29,311,217.00,"67,487.00"
2019-12-08,2019120801003908,MEGA,26,46,23,183.00,"4,209.00"
2019-12-08,2019120801003997,MLBBL,29,41,240,483.00,"115,920.00"
2019-12-08,2019120801003826,MLBBL,32,41,10,483.00,"4,830.00"
2019-12-08,2019120801003825,MLBBL,32,17,10,477.00,"4,770.00"
2019-12-08,2019120801003824,MLBBL,32,17,50,475.00,"23,750.00"
2019-12-08,2019120801003823,MLBBL,32,51,80,475.00,"38,000.00"
2019-12-08,2019120801003835,MLBL,59,57,381,174.00,"66,294.00"
2019-12-08,2019120801003994,MNBBL,28,48,133,313.00,"41,629.00"
2019-12-08,2019120801003993,MNBBL,57,48,467,313.00,"146,171.00"
2019-12-08,2019120801003971,MNBBL,57,55,240,313.00,"75,120.00"
2019-12-08,2019120801003969,MNBBL,57,7,293,313.00,"91,709.00"
2019-12-08,2019120801003968,MNBBL,36,7,200,313.00,"62,600.00"
2019-12-08,2019120801003584,MNBBL,1,5,59,314.00,"18,526.00"
2019-12-08,2019120801003583,MNBBL,16,5,31,314.00,"9,734.00"
2019-12-08,2019120801003627,MNBBL,33,29,29,314.00,"9,106.00"
2019-12-08,2019120801003626,MNBBL,3,29,30,314.00,"9,420.00"
2019-12-08,2019120801003625,MNBBL,57,29,300,314.00,"94,200.00"
2019-12-08,2019120801003624,MNBBL,51,29,100,314.00,"31,400.00"
2019-12-08,2019120801003623,MNBBL,1,29,41,314.00,"12,874.00"
2019-12-08,2019120801003679,MNBBL,14,10,82,315.00,"25,830.00"
2019-12-08,2019120801003678,MNBBL,14,47,512,315.00,"161,280.00"
2019-12-08,2019120801003665,MNBBL,50,19,20,314.00,"6,280.00"
2019-12-08,2019120801003649,MNBBL,50,5,29,314.00,"9,106.00"
2019-12-08,2019120801003648,MNBBL,33,5,771,314.00,"242,094.00"
2019-12-08,2019120801003636,MNBBL,33,5,200,314.00,"62,800.00"
2019-12-08,2019120801003727,MNBBL,57,10,749,314.00,"235,186.00"
2019-12-08,2019120801003704,MNBBL,25,10,100,314.00,"31,400.00"
2019-12-08,2019120801003703,MNBBL,32,10,500,314.00,"157,000.00"
2019-12-08,2019120801003702,MNBBL,48,10,100,314.00,"31,400.00"
2019-12-08,2019120801003701,MNBBL,17,10,100,314.00,"31,400.00"
2019-12-08,2019120801003700,MNBBL,50,10,451,314.00,"141,614.00"
2019-12-08,2019120801003771,MNBBL,45,40,369,314.00,"115,866.00"
2019-12-08,2019120801003754,MNBBL,57,40,631,314.00,"198,134.00"
2019-12-08,2019120801003749,MNBBL,57,6,600,314.00,"188,400.00"
2019-12-08,2019120801003742,MNBBL,57,10,"3,000",314.00,"942,000.00"
2019-12-08,2019120801003737,MNBBL,57,29,20,314.00,"6,280.00"
2019-12-08,2019120801003728,MNBBL,17,10,30,315.00,"9,450.00"
2019-12-08,2019120801003820,MNBBL,29,10,116,314.00,"36,424.00"
2019-12-08,2019120801003819,MNBBL,29,7,384,314.00,"120,576.00"
2019-12-08,2019120801003807,MNBBL,59,10,40,314.00,"12,560.00"
2019-12-08,2019120801003782,MNBBL,35,7,50,314.00,"15,700.00"
2019-12-08,2019120801003780,MNBBL,45,7,566,314.00,"177,724.00"
2019-12-08,2019120801003779,MNBBL,45,4,65,314.00,"20,410.00"
2019-12-08,2019120801003874,MNBBL,45,10,85,314.00,"26,690.00"
2019-12-08,2019120801003873,MNBBL,14,53,82,313.00,"25,666.00"
2019-12-08,2019120801003871,MNBBL,43,10,"1,050",314.00,"329,700.00"
2019-12-08,2019120801003865,MNBBL,35,10,20,314.00,"6,280.00"
2019-12-08,2019120801003853,MNBBL,54,10,500,314.00,"157,000.00"
2019-12-08,2019120801003843,MNBBL,35,10,20,314.00,"6,280.00"
2019-12-08,2019120801003950,MNBBL,19,7,73,313.00,"22,849.00"
2019-12-08,2019120801003949,MNBBL,14,7,344,313.00,"107,672.00"
2019-12-08,2019120801003948,MNBBL,20,10,500,314.00,"157,000.00"
2019-12-08,2019120801003932,MNBBL,57,10,200,314.00,"62,800.00"
2019-12-08,2019120801003917,MNBBL,35,10,30,314.00,"9,420.00"
2019-12-08,2019120801003895,MNBBL,35,10,20,314.00,"6,280.00"
2019-12-08,2019120801003967,MNBBL,6,7,330,313.00,"103,290.00"
2019-12-08,2019120801003966,MNBBL,57,7,50,313.00,"15,650.00"
2019-12-08,2019120801003965,MNBBL,17,7,127,313.00,"39,751.00"
2019-12-08,2019120801003959,MNBBL,35,10,100,314.00,"31,400.00"
2019-12-08,2019120801003952,MNBBL,17,7,523,313.00,"163,699.00"
2019-12-08,2019120801003951,MNBBL,11,7,60,313.00,"18,780.00"
2019-12-08,2019120801003945,MSLB,50,34,50,862.00,"43,100.00"
2019-12-08,2019120801003955,NABIL,16,19,12,726.00,"8,712.00"
2019-12-08,2019120801003889,NABIL,16,43,220,726.00,"159,720.00"
2019-12-08,2019120801003888,NABIL,48,43,100,726.00,"72,600.00"
2019-12-08,2019120801003887,NABIL,45,43,100,726.00,"72,600.00"
2019-12-08,2019120801003886,NABIL,39,43,80,726.00,"58,080.00"
2019-12-08,2019120801003696,NABIL,39,6,30,727.00,"21,810.00"
2019-12-08,2019120801003691,NABIL,17,6,30,727.00,"21,810.00"
2019-12-08,2019120801003681,NABIL,14,6,40,727.00,"29,080.00"
2019-12-08,2019120801003629,NABIL,21,56,180,728.00,"131,040.00"
2019-12-08,2019120801003526,NABIL,16,56,407,726.00,"295,482.00"
2019-12-08,2019120801003559,NADEP,51,42,20,400.00,"8,000.00"
2019-12-08,2019120801003558,NADEP,51,29,20,400.00,"8,000.00"
2019-12-08,2019120801003557,NADEP,51,42,20,400.00,"8,000.00"
2019-12-08,2019120801003675,NBB,11,28,90,200.00,"18,000.00"
2019-12-08,2019120801003988,NBB,38,28,"1,230",200.00,"246,000.00"
2019-12-08,2019120801003987,NBB,38,13,770,200.00,"154,000.00"
2019-12-08,2019120801003893,NBB,17,28,50,200.00,"10,000.00"
2019-12-08,2019120801003827,NBL,52,8,50,313.00,"15,650.00"
2019-12-08,2019120801003964,NCCB,14,32,100,198.00,"19,800.00"
2019-12-08,2019120801003963,NCCB,58,32,"1,000",198.00,"198,000.00"
2019-12-08,2019120801003962,NCCB,45,32,100,198.00,"19,800.00"
2019-12-08,2019120801003571,NCCB,35,32,"2,972",198.00,"588,456.00"
2019-12-08,2019120801003570,NCCB,35,21,28,198.00,"5,544.00"
2019-12-08,2019120801003751,NGPL,45,51,"1,000",109.00,"109,000.00"
2019-12-08,2019120801003750,NGPL,1,51,78,109.00,"8,502.00"
2019-12-08,2019120801003687,NGPL,1,59,111,109.00,"12,099.00"
2019-12-08,2019120801003794,NHDL,1,19,10,109.00,"1,090.00"
2019-12-08,2019120801003941,NIB,40,40,1,415.00,415.00
2019-12-08,2019120801003577,NIB,46,35,23,417.00,"9,591.00"
2019-12-08,2019120801003576,NIB,46,35,21,417.00,"8,757.00"
2019-12-08,2019120801003540,NIB,16,56,851,414.00,"352,314.00"
2019-12-08,2019120801003740,NIBPO,16,17,303,387.00,"117,261.00"
2019-12-08,2019120801003739,NIBPO,28,17,425,387.00,"164,475.00"
2019-12-08,2019120801003738,NIBPO,16,17,250,387.00,"96,750.00"
2019-12-08,2019120801003673,NICA,46,22,14,406.00,"5,684.00"
2019-12-08,2019120801003612,NICA,14,6,230,405.00,"93,150.00"
2019-12-08,2019120801003611,NICA,40,6,170,405.00,"68,850.00"
2019-12-08,2019120801003600,NICA,40,4,480,405.00,"194,400.00"
2019-12-08,2019120801003585,NICA,33,4,100,405.00,"40,500.00"
2019-12-08,2019120801003582,NICA,45,4,420,405.00,"170,100.00"
2019-12-08,2019120801003581,NICA,45,4,80,405.00,"32,400.00"
2019-12-08,2019120801003947,NICL,25,50,20,275.00,"5,500.00"
2019-12-08,2019120801003946,NICL,25,34,200,270.00,"54,000.00"
2019-12-08,2019120801003894,NICL,25,34,38,270.00,"10,260.00"
2019-12-08,2019120801003883,NICL,25,35,100,265.00,"26,500.00"
2019-12-08,2019120801003882,NICL,25,7,100,264.00,"26,400.00"
2019-12-08,2019120801003689,NICL,25,41,500,262.00,"131,000.00"
2019-12-08,2019120801003881,NICL,25,26,10,264.00,"2,640.00"
2019-12-08,2019120801003880,NICL,25,56,100,263.00,"26,300.00"
2019-12-08,2019120801003879,NICL,25,10,70,263.00,"18,410.00"
2019-12-08,2019120801003791,NICL,21,10,30,263.00,"7,890.00"
2019-12-08,2019120801003790,NICL,21,10,100,263.00,"26,300.00"
2019-12-08,2019120801003697,NICL,25,58,216,262.00,"56,592.00"
2019-12-08,2019120801003982,NIL,4,39,50,380.00,"19,000.00"
2019-12-08,2019120801003981,NIL,4,39,50,380.00,"19,000.00"
2019-12-08,2019120801003980,NIL,4,39,60,380.00,"22,800.00"
2019-12-08,2019120801003979,NIL,4,39,50,380.00,"19,000.00"
2019-12-08,2019120801003978,NIL,4,39,50,380.00,"19,000.00"
2019-12-08,2019120801003977,NIL,4,39,60,380.00,"22,800.00"
2019-12-08,2019120801003731,NIL,4,51,16,380.00,"6,080.00"
2019-12-08,2019120801003724,NIL,4,51,50,380.00,"19,000.00"
2019-12-08,2019120801003550,NIL,38,1,99,379.00,"37,521.00"
2019-12-08,2019120801003976,NIL,4,39,50,380.00,"19,000.00"
2019-12-08,2019120801003975,NIL,4,39,100,380.00,"38,000.00"
2019-12-08,2019120801003770,NIL,4,51,4,380.00,"1,520.00"
2019-12-08,2019120801003769,NIL,4,44,16,380.00,"6,080.00"
2019-12-08,2019120801003747,NIL,4,44,50,380.00,"19,000.00"
2019-12-08,2019120801003732,NIL,4,44,34,380.00,"12,920.00"
2019-12-08,2019120801004008,NLBBL,25,49,35,538.00,"18,830.00"
2019-12-08,2019120801004007,NLBBL,25,47,101,538.00,"54,338.00"
2019-12-08,2019120801004006,NLBBL,25,42,64,536.00,"34,304.00"
2019-12-08,2019120801003829,NLBBL,20,55,100,535.00,"53,500.00"
2019-12-08,2019120801003712,NLIC,11,35,26,885.00,"23,010.00"
2019-12-08,2019120801003711,NLIC,11,17,100,885.00,"88,500.00"
2019-12-08,2019120801003710,NLIC,11,38,20,885.00,"17,700.00"
2019-12-08,2019120801003709,NLIC,11,41,354,885.00,"313,290.00"
2019-12-08,2019120801003644,NLIC,10,28,100,884.00,"88,400.00"
2019-12-08,2019120801003630,NLIC,13,52,20,883.00,"17,660.00"
2019-12-08,2019120801003579,NLIC,42,56,50,880.00,"44,000.00"
2019-12-08,2019120801003569,NLIC,34,56,160,880.00,"140,800.00"
2019-12-08,2019120801003568,NLIC,16,56,300,880.00,"264,000.00"
2019-12-08,2019120801003631,NLICL,44,41,45,445.00,"20,025.00"
2019-12-08,2019120801003622,NLICL,44,34,250,445.00,"111,250.00"
2019-12-08,2019120801003621,NLICL,44,25,123,445.00,"54,735.00"
2019-12-08,2019120801003616,NLICL,39,16,158,444.00,"70,152.00"
2019-12-08,2019120801003615,NLICL,39,14,100,444.00,"44,400.00"
2019-12-08,2019120801003606,NLICL,44,38,300,443.00,"132,900.00"
2019-12-08,2019120801003961,NMB,38,25,910,388.00,"353,080.00"
2019-12-08,2019120801003919,NMB,6,25,20,388.00,"7,760.00"
2019-12-08,2019120801003918,NMB,28,25,70,388.00,"27,160.00"
2019-12-08,2019120801003884,NMB,46,59,30,389.00,"11,670.00"
2019-12-08,2019120801003872,NMB,28,16,558,388.00,"216,504.00"
2019-12-08,2019120801003842,NMB,32,16,50,388.00,"19,400.00"
2019-12-08,2019120801003657,NMB,26,56,48,387.00,"18,576.00"
2019-12-08,2019120801003595,NMB,36,25,300,388.00,"116,400.00"
2019-12-08,2019120801003527,NMB,26,32,82,387.00,"31,734.00"
2019-12-08,2019120801003716,NMB,26,16,"1,392",388.00,"540,096.00"
2019-12-08,2019120801003715,NMB,26,48,220,388.00,"85,360.00"
2019-12-08,2019120801003714,NMB,26,45,250,388.00,"97,000.00"
2019-12-08,2019120801003713,NMB,26,25,638,388.00,"247,544.00"
2019-12-08,2019120801003693,NMB,17,25,50,388.00,"19,400.00"
2019-12-08,2019120801003658,NMB,28,56,652,387.00,"252,324.00"
2019-12-08,2019120801003676,NMBHF1,43,28,"19,900",8.59,"170,941.00"
2019-12-08,2019120801003685,NMBMF,11,40,20,520.00,"10,400.00"
2019-12-08,2019120801003684,NMBMF,11,58,50,520.00,"26,000.00"
2019-12-08,2019120801003960,NNLB,45,48,40,516.00,"20,640.00"
2019-12-08,2019120801003903,NNLB,58,48,10,516.00,"5,160.00"
2019-12-08,2019120801003902,NNLB,58,26,60,513.00,"30,780.00"
2019-12-08,2019120801003891,NNLB,37,7,190,510.00,"96,900.00"
2019-12-08,2019120801003806,NNLB,58,21,50,506.00,"25,300.00"
2019-12-08,2019120801003805,NNLB,58,56,100,506.00,"50,600.00"
2019-12-08,2019120801003804,NNLB,58,28,50,505.00,"25,250.00"
2019-12-08,2019120801003803,NNLB,58,28,20,505.00,"10,100.00"
2019-12-08,2019120801003802,NNLB,58,37,90,504.00,"45,360.00"
2019-12-08,2019120801003813,NNLB,58,7,10,510.00,"5,100.00"
2019-12-08,2019120801003812,NNLB,58,1,500,507.00,"253,500.00"
2019-12-08,2019120801004012,NTC,28,36,10,663.00,"6,630.00"
2019-12-08,2019120801004011,NTC,28,34,82,654.00,"53,628.00"
2019-12-08,2019120801004004,NTC,28,34,58,654.00,"37,932.00"
2019-12-08,2019120801004003,NTC,28,52,122,653.00,"79,666.00"
2019-12-08,2019120801004002,NTC,28,43,30,652.00,"19,560.00"
2019-12-08,2019120801003989,NTC,28,43,20,652.00,"13,040.00"
2019-12-08,2019120801003536,NTC,28,48,150,645.00,"96,750.00"
2019-12-08,2019120801003535,NTC,28,59,10,644.00,"6,440.00"
2019-12-08,2019120801003719,NTC,28,52,10,653.00,"6,530.00"
2019-12-08,2019120801003718,NTC,28,33,50,650.00,"32,500.00"
2019-12-08,2019120801003717,NTC,28,49,10,649.00,"6,490.00"
2019-12-08,2019120801003538,NTC,28,38,10,650.00,"6,500.00"
2019-12-08,2019120801003537,NTC,28,57,10,645.00,"6,450.00"
2019-12-08,2019120801003983,NTC,45,52,10,653.00,"6,530.00"
2019-12-08,2019120801003931,NTC,38,38,130,640.00,"83,200.00"
2019-12-08,2019120801003876,NTC,44,52,10,653.00,"6,530.00"
2019-12-08,2019120801003796,PCBL,44,48,159,272.00,"43,248.00"
2019-12-08,2019120801003795,PCBL,16,48,77,272.00,"20,944.00"
2019-12-08,2019120801003768,PCBL,16,19,322,272.00,"87,584.00"
2019-12-08,2019120801003767,PCBL,48,19,104,272.00,"28,288.00"
2019-12-08,2019120801003753,PCBL,16,58,"1,000",273.00,"273,000.00"
2019-12-08,2019120801003752,PCBL,16,54,51,273.00,"13,923.00"
2019-12-08,2019120801003781,PFL,45,1,67,141.00,"9,447.00"
2019-12-08,2019120801003800,PIC,25,58,200,370.00,"74,000.00"
2019-12-08,2019120801003556,PIC,49,54,164,367.00,"60,188.00"
2019-12-08,2019120801003555,PIC,49,45,20,367.00,"7,340.00"
2019-12-08,2019120801003554,PIC,49,45,20,367.00,"7,340.00"
2019-12-08,2019120801003839,PICL,6,22,40,369.00,"14,760.00"
2019-12-08,2019120801003838,PICL,6,28,30,365.00,"10,950.00"
2019-12-08,2019120801004009,PLIC,34,59,10,325.00,"3,250.00"
2019-12-08,2019120801003730,PLIC,35,28,421,324.00,"136,404.00"
2019-12-08,2019120801004005,PRIN,22,29,109,312.00,"34,008.00"
2019-12-08,2019120801004013,PRVU,38,6,50,226.00,"11,300.00"
2019-12-08,2019120801003818,PRVU,57,14,50,225.00,"11,250.00"
2019-12-08,2019120801003735,PRVU,36,6,150,226.00,"33,900.00"
2019-12-08,2019120801003723,PRVU,57,34,400,225.00,"90,000.00"
2019-12-08,2019120801003708,PRVU,57,6,10,225.00,"2,250.00"
2019-12-08,2019120801003560,PRVU,43,6,100,226.00,"22,600.00"
2019-12-08,2019120801003539,PRVU,57,54,200,225.00,"45,000.00"
2019-12-08,2019120801003990,RHPL,4,19,40,169.00,"6,760.00"
2019-12-08,2019120801003852,RHPL,28,28,40,170.00,"6,800.00"
2019-12-08,2019120801003851,RHPL,28,28,40,170.00,"6,800.00"
2019-12-08,2019120801003850,RHPL,28,28,40,170.00,"6,800.00"
2019-12-08,2019120801003775,RHPL,28,43,500,170.00,"85,000.00"
2019-12-08,2019120801003774,RHPL,28,14,50,170.00,"8,500.00"
2019-12-08,2019120801003773,RHPL,28,14,40,170.00,"6,800.00"
2019-12-08,2019120801003772,RHPL,28,14,40,170.00,"6,800.00"
2019-12-08,2019120801003587,RHPL,4,42,40,169.00,"6,760.00"
2019-12-08,2019120801003578,RHPL,4,42,40,169.00,"6,760.00"
2019-12-08,2019120801003541,RHPL,4,42,30,169.00,"5,070.00"
2019-12-08,2019120801003736,RLFL,21,54,12,108.00,"1,296.00"
2019-12-08,2019120801003778,RMDC,19,55,50,615.00,"30,750.00"
2019-12-08,2019120801003777,RMDC,19,34,109,614.00,"66,926.00"
2019-12-08,2019120801003776,RMDC,19,54,11,614.00,"6,754.00"
2019-12-08,2019120801003533,RRHP,40,47,10,99.00,990.00
2019-12-08,2019120801003529,RRHP,40,36,10,98.00,980.00
2019-12-08,2019120801003974,RSDC,57,26,100,296.00,"29,600.00"
2019-12-08,2019120801003741,RSDC,45,26,300,294.00,"88,200.00"
2019-12-08,2019120801003875,SABSL,41,10,10,517.00,"5,170.00"
2019-12-08,2019120801003619,SABSL,46,38,10,524.00,"5,240.00"
2019-12-08,2019120801003618,SABSL,46,45,10,523.00,"5,230.00"
2019-12-08,2019120801003617,SABSL,46,43,10,520.00,"5,200.00"
2019-12-08,2019120801003590,SABSL,41,58,10,517.00,"5,170.00"
2019-12-08,2019120801003652,SANIMA,45,7,734,306.00,"224,604.00"
2019-12-08,2019120801003651,SANIMA,45,45,"1,000",306.00,"306,000.00"
2019-12-08,2019120801003650,SANIMA,45,7,"1,000",306.00,"306,000.00"
2019-12-08,2019120801003607,SANIMA,43,10,100,305.00,"30,500.00"
2019-12-08,2019120801004023,SBI,20,43,149,347.00,"51,703.00"
2019-12-08,2019120801004022,SBI,42,43,50,347.00,"17,350.00"
2019-12-08,2019120801004021,SBI,45,43,20,347.00,"6,940.00"
2019-12-08,2019120801004020,SBI,58,43,181,347.00,"62,807.00"
2019-12-08,2019120801003834,SBI,7,19,200,348.00,"69,600.00"
2019-12-08,2019120801003699,SBI,58,45,45,350.00,"15,750.00"
2019-12-08,2019120801003970,SBL,40,43,300,284.00,"85,200.00"
2019-12-08,2019120801003830,SBL,40,45,40,284.00,"11,360.00"
2019-12-08,2019120801003672,SCB,41,42,202,526.00,"106,252.00"
2019-12-08,2019120801003671,SCB,10,42,18,526.00,"9,468.00"
2019-12-08,2019120801003670,SCB,51,42,100,527.00,"52,700.00"
2019-12-08,2019120801003669,SCB,22,42,50,527.00,"26,350.00"
2019-12-08,2019120801003668,SCB,41,42,25,527.00,"13,175.00"
2019-12-08,2019120801003667,SCB,19,42,25,527.00,"13,175.00"
2019-12-08,2019120801003596,SCB,47,35,400,528.00,"211,200.00"
2019-12-08,2019120801003821,SDESI,34,25,11,540.00,"5,940.00"
2019-12-08,2019120801003973,SHINE,38,11,17,226.00,"3,842.00"
2019-12-08,2019120801003929,SHINE,38,42,69,226.00,"15,594.00"
2019-12-08,2019120801003928,SHINE,38,42,168,226.00,"37,968.00"
2019-12-08,2019120801003706,SHINE,34,34,500,227.00,"113,500.00"
2019-12-08,2019120801003705,SHINE,34,4,66,227.00,"14,982.00"
2019-12-08,2019120801003572,SHINE,55,4,500,227.00,"113,500.00"
2019-12-08,2019120801004001,SHPC,39,46,450,186.00,"83,700.00"
2019-12-08,2019120801004000,SHPC,38,46,50,186.00,"9,300.00"
2019-12-08,2019120801003935,SHPC,38,39,200,186.00,"37,200.00"
2019-12-08,2019120801003934,SHPC,38,52,500,186.00,"93,000.00"
2019-12-08,2019120801003933,SHPC,38,4,250,186.00,"46,500.00"
2019-12-08,2019120801003546,SHPC,43,4,50,186.00,"9,300.00"
2019-12-08,2019120801003545,SHPC,43,46,500,185.00,"92,500.00"
2019-12-08,2019120801003543,SIC,19,54,93,435.00,"40,455.00"
2019-12-08,2019120801003992,SICL,42,6,100,778.00,"77,800.00"
2019-12-08,2019120801003859,SICL,33,5,100,776.00,"77,600.00"
2019-12-08,2019120801003923,SIL,4,50,20,380.00,"7,600.00"
2019-12-08,2019120801003901,SIL,4,50,50,380.00,"19,000.00"
2019-12-08,2019120801004010,SJCL,35,38,10,156.00,"1,560.00"
2019-12-08,2019120801003816,SJCL,35,28,20,156.00,"3,120.00"
2019-12-08,2019120801003799,SJCL,35,28,20,156.00,"3,120.00"
2019-12-08,2019120801003786,SJCL,35,28,20,156.00,"3,120.00"
2019-12-08,2019120801003643,SJCL,35,59,100,156.00,"15,600.00"
2019-12-08,2019120801003632,SJCL,35,42,20,156.00,"3,120.00"
2019-12-08,2019120801003593,SJCL,35,42,20,156.00,"3,120.00"
2019-12-08,2019120801003567,SJCL,35,42,20,156.00,"3,120.00"
2019-12-08,2019120801003544,SJCL,35,42,10,156.00,"1,560.00"
2019-12-08,2019120801003986,SKBBL,40,53,56,952.00,"53,312.00"
2019-12-08,2019120801003985,SKBBL,40,47,20,951.00,"19,020.00"
2019-12-08,2019120801003957,SKBBL,44,17,50,950.00,"47,500.00"
2019-12-08,2019120801003655,SKBBL,40,35,83,945.00,"78,435.00"
2019-12-08,2019120801003899,SLBBL,36,56,150,551.00,"82,650.00"
2019-12-08,2019120801003548,SLBBL,34,6,100,548.00,"54,800.00"
2019-12-08,2019120801003547,SLBBL,29,6,100,548.00,"54,800.00"
2019-12-08,2019120801003682,SLBBL,36,7,50,551.00,"27,550.00"
2019-12-08,2019120801003608,SLBBL,19,47,500,550.00,"275,000.00"
2019-12-08,2019120801003614,SLBSL,35,56,20,612.00,"12,240.00"
2019-12-08,2019120801003811,SLICL,35,17,"1,460",265.00,"386,900.00"
2019-12-08,2019120801003810,SLICL,35,38,130,264.00,"34,320.00"
2019-12-08,2019120801003809,SLICL,35,43,560,264.00,"147,840.00"
2019-12-08,2019120801003565,SLICL,55,59,150,263.00,"39,450.00"
2019-12-08,2019120801003528,SLICL,55,28,490,263.00,"128,870.00"
2019-12-08,2019120801003954,SMATA,39,33,50,510.00,"25,500.00"
2019-12-08,2019120801003953,SMATA,39,44,39,509.00,"19,851.00"
2019-12-08,2019120801003909,SMATA,41,40,22,505.00,"11,110.00"
2019-12-08,2019120801003680,SMFBS,42,21,10,822.00,"8,220.00"
2019-12-08,2019120801003561,SMFDB,10,5,100,557.00,"55,700.00"
2019-12-08,2019120801003855,SPARS,40,50,50,556.00,"27,800.00"
2019-12-08,2019120801003854,SPARS,40,35,50,555.00,"27,750.00"
2019-12-08,2019120801003694,SRBL,14,47,100,215.00,"21,500.00"
2019-12-08,2019120801003912,SWBBL,6,46,52,990.00,"51,480.00"
2019-12-08,2019120801003911,SWBBL,6,21,50,990.00,"49,500.00"
2019-12-08,2019120801003837,SWBBL,50,21,150,990.00,"148,500.00"
2019-12-08,2019120801003814,SWBBL,50,39,50,989.00,"49,450.00"
2019-12-08,2019120801003659,UPPER,44,59,50,232.00,"11,600.00"
2019-12-08,2019120801003575,UPPER,44,34,787,232.00,"182,584.00"
2019-12-08,2019120801003510,ADBL,26,37,100,405.00,"40,500.00"
2019-12-08,2019120801003500,ADBL,48,37,20,405.00,"8,100.00"
2019-12-08,2019120801003499,ADBL,45,37,11,405.00,"4,455.00"
2019-12-08,2019120801003361,ADBL,45,58,111,405.00,"44,955.00"
2019-12-08,2019120801003360,ADBL,45,32,36,405.00,"14,580.00"
2019-12-08,2019120801003170,ADBL,34,39,188,404.00,"75,952.00"
2019-12-08,2019120801003488,AHPC,51,43,20,95.00,"1,900.00"
2019-12-08,2019120801003458,AHPC,32,41,200,94.00,"18,800.00"
2019-12-08,2019120801003156,AHPC,32,6,196,94.00,"18,424.00"
2019-12-08,2019120801003224,AKBSL,48,45,250,440.00,"110,000.00"
2019-12-08,2019120801003511,ALBSL,42,56,30,433.00,"12,990.00"
2019-12-08,2019120801003382,ALBSL,52,50,500,440.00,"220,000.00"
2019-12-08,2019120801003381,ALBSL,52,43,10,440.00,"4,400.00"
2019-12-08,2019120801003380,ALBSL,52,39,10,440.00,"4,400.00"
2019-12-08,2019120801003148,ALBSL,52,49,300,440.00,"132,000.00"
2019-12-08,2019120801003147,ALBSL,52,40,100,440.00,"44,000.00"
2019-12-08,2019120801003041,ALBSL,46,48,10,425.00,"4,250.00"
2019-12-08,2019120801003031,ALBSL,8,42,10,422.00,"4,220.00"
2019-12-08,2019120801003065,ALBSL,25,32,110,433.00,"47,630.00"
2019-12-08,2019120801003064,ALBSL,25,58,10,430.00,"4,300.00"
2019-12-08,2019120801003045,ALBSL,46,29,490,430.00,"210,700.00"
2019-12-08,2019120801003044,ALBSL,46,38,70,429.00,"30,030.00"
2019-12-08,2019120801003043,ALBSL,46,38,10,425.00,"4,250.00"
2019-12-08,2019120801003042,ALBSL,46,34,100,425.00,"42,500.00"
2019-12-08,2019120801003146,ALBSL,52,39,50,439.00,"21,950.00"
2019-12-08,2019120801003145,ALBSL,52,40,60,438.00,"26,280.00"
2019-12-08,2019120801003069,ALBSL,25,40,30,438.00,"13,140.00"
2019-12-08,2019120801003068,ALBSL,25,34,40,437.00,"17,480.00"
2019-12-08,2019120801003067,ALBSL,25,52,10,435.00,"4,350.00"
2019-12-08,2019120801003066,ALBSL,25,52,100,434.00,"43,400.00"
2019-12-08,2019120801003519,ALICL,45,32,188,335.00,"62,980.00"
2019-12-08,2019120801003366,ALICL,36,41,300,336.00,"100,800.00"
2019-12-08,2019120801003345,ALICL,50,28,38,334.00,"12,692.00"
2019-12-08,2019120801003185,ALICL,22,28,12,334.00,"4,008.00"
2019-12-08,2019120801003184,ALICL,22,51,28,334.00,"9,352.00"
2019-12-08,2019120801003172,BOKL,35,22,12,215.00,"2,580.00"
2019-12-08,2019120801003144,BOKL,6,35,12,214.00,"2,568.00"
2019-12-08,2019120801003370,BPCL,34,28,22,333.00,"7,326.00"
2019-12-08,2019120801003322,BPCL,34,1,22,333.00,"7,326.00"
2019-12-08,2019120801003283,BPCL,33,55,22,335.00,"7,370.00"
2019-12-08,2019120801003282,BPCL,33,6,100,335.00,"33,500.00"
2019-12-08,2019120801003281,BPCL,33,35,66,335.00,"22,110.00"
2019-12-08,2019120801003280,BPCL,33,43,200,335.00,"67,000.00"
2019-12-08,2019120801003199,BPCL,45,53,100,334.00,"33,400.00"
2019-12-08,2019120801003091,BPCL,34,21,25,333.00,"8,325.00"
2019-12-08,2019120801003450,CBBL,57,1,136,783.00,"106,488.00"
2019-12-08,2019120801003449,CBBL,34,1,120,784.00,"94,080.00"
2019-12-08,2019120801003448,CBBL,17,1,44,785.00,"34,540.00"
2019-12-08,2019120801003474,CBL,56,11,17,138.00,"2,346.00"
2019-12-08,2019120801003452,CBL,11,34,100,139.00,"13,900.00"
2019-12-08,2019120801003451,CBL,11,34,100,139.00,"13,900.00"
2019-12-08,2019120801003350,CBL,56,32,"1,785",138.00,"246,330.00"
2019-12-08,2019120801003349,CBL,56,41,240,138.00,"33,120.00"
2019-12-08,2019120801003348,CBL,56,41,287,138.00,"39,606.00"
2019-12-08,2019120801003333,CBL,42,32,10,138.00,"1,380.00"
2019-12-08,2019120801003311,CBL,54,32,10,138.00,"1,380.00"
2019-12-08,2019120801003292,CBL,29,32,20,138.00,"2,760.00"
2019-12-08,2019120801003291,CBL,29,41,240,138.00,"33,120.00"
2019-12-08,2019120801003290,CBL,29,41,240,138.00,"33,120.00"
2019-12-08,2019120801003219,CBL,41,32,175,138.00,"24,150.00"
2019-12-08,2019120801003213,CCBL,4,58,21,162.00,"3,402.00"
2019-12-08,2019120801003160,CCBL,4,58,21,162.00,"3,402.00"
2019-12-08,2019120801003414,CHCL,37,11,10,355.00,"3,550.00"
2019-12-08,2019120801003413,CHCL,34,11,151,355.00,"53,605.00"
2019-12-08,2019120801003373,CHCL,34,28,49,355.00,"17,395.00"
2019-12-08,2019120801003372,CHCL,11,28,34,355.00,"12,070.00"
2019-12-08,2019120801003082,CHCL,11,35,80,355.00,"28,400.00"
2019-12-08,2019120801003051,CHCL,11,39,186,355.00,"66,030.00"
2019-12-08,2019120801003050,CHCL,42,39,50,355.00,"17,750.00"
2019-12-08,2019120801003049,CHCL,42,39,100,355.00,"35,500.00"
2019-12-08,2019120801003037,CHCL,48,50,110,356.00,"39,160.00"
2019-12-08,2019120801003362,CIT,45,17,30,"1,710.00","51,300.00"
2019-12-08,2019120801003315,CIT,45,17,70,"1,710.00","119,700.00"
2019-12-08,2019120801003498,CLBSL,38,52,20,535.00,"10,700.00"
2019-12-08,2019120801003497,CLBSL,38,5,87,535.00,"46,545.00"
2019-12-08,2019120801003496,CLBSL,38,17,10,534.00,"5,340.00"
2019-12-08,2019120801003417,CLBSL,44,34,196,530.00,"103,880.00"
2019-12-08,2019120801003416,CLBSL,44,39,32,530.00,"16,960.00"
2019-12-08,2019120801003415,CLBSL,44,10,100,529.00,"52,900.00"
2019-12-08,2019120801003354,CLBSL,46,11,276,527.00,"145,452.00"
2019-12-08,2019120801003347,CLBSL,46,6,92,526.00,"48,392.00"
2019-12-08,2019120801003346,CLBSL,46,5,90,525.00,"47,250.00"
2019-12-08,2019120801003183,CLBSL,57,43,100,516.00,"51,600.00"
2019-12-08,2019120801003057,CZBIL,16,39,129,181.00,"23,349.00"
2019-12-08,2019120801003056,CZBIL,37,39,236,181.00,"42,716.00"
2019-12-08,2019120801003482,DDBL,58,21,22,760.00,"16,720.00"
2019-12-08,2019120801003238,DDBL,50,57,200,759.00,"151,800.00"
2019-12-08,2019120801003353,EBL,36,32,153,546.00,"83,538.00"
2019-12-08,2019120801003352,EBL,36,32,147,545.00,"80,115.00"
2019-12-08,2019120801003138,EBL,34,32,250,544.00,"136,000.00"
2019-12-08,2019120801003318,EDBL,49,58,"1,940",285.00,"552,900.00"
2019-12-08,2019120801003153,EIC,25,16,100,218.00,"21,800.00"
2019-12-08,2019120801003152,EIC,22,16,196,218.00,"42,728.00"
2019-12-08,2019120801003077,EIC,22,41,104,218.00,"22,672.00"
2019-12-08,2019120801003169,FMDBL,37,26,200,303.00,"60,600.00"
2019-12-08,2019120801003060,FMDBL,37,21,25,303.00,"7,575.00"
2019-12-08,2019120801003363,GBBL,49,1,"1,000",197.00,"197,000.00"
2019-12-08,2019120801003495,GGBSL,53,48,10,601.00,"6,010.00"
2019-12-08,2019120801003485,GGBSL,1,11,10,601.00,"6,010.00"
2019-12-08,2019120801003275,GGBSL,16,39,10,607.00,"6,070.00"
2019-12-08,2019120801003247,GLBSL,42,42,10,410.00,"4,100.00"
2019-12-08,2019120801003367,GLICL,25,52,300,372.00,"111,600.00"
2019-12-08,2019120801003194,GLICL,5,43,100,373.00,"37,300.00"
2019-12-08,2019120801003517,GMFBS,47,56,100,523.00,"52,300.00"
2019-12-08,2019120801003502,GMFBS,47,16,500,523.00,"261,500.00"
2019-12-08,2019120801003193,GMFBS,47,16,100,523.00,"52,300.00"
2019-12-08,2019120801003192,GMFBS,47,17,30,523.00,"15,690.00"
2019-12-08,2019120801003191,GMFBS,47,41,10,518.00,"5,180.00"
2019-12-08,2019120801003190,GMFBS,47,47,10,517.00,"5,170.00"
2019-12-08,2019120801003189,GMFBS,47,37,100,515.00,"51,500.00"
2019-12-08,2019120801003188,GMFBS,47,40,30,515.00,"15,450.00"
2019-12-08,2019120801003187,GMFBS,47,42,100,514.00,"51,400.00"
2019-12-08,2019120801003186,GMFBS,47,13,20,514.00,"10,280.00"
2019-12-08,2019120801003105,GMFBS,10,42,10,505.00,"5,050.00"
2019-12-08,2019120801003329,GRDBL,35,59,10,101.00,"1,010.00"
2019-12-08,2019120801003202,GRDBL,59,59,40,101.00,"4,040.00"
2019-12-08,2019120801003201,GRDBL,59,47,40,101.00,"4,040.00"
2019-12-08,2019120801003200,GRDBL,59,55,20,101.00,"2,020.00"
2019-12-08,2019120801003453,GUFL,16,58,100,111.00,"11,100.00"
2019-12-08,2019120801003104,HBL,13,21,13,484.00,"6,292.00"
2019-12-08,2019120801003103,HBL,17,21,13,484.00,"6,292.00"
2019-12-08,2019120801003427,HDL,8,41,10,"1,231.00","12,310.00"
2019-12-08,2019120801003126,HDL,38,35,60,"1,230.00","73,800.00"
2019-12-08,2019120801003125,HDL,1,35,50,"1,230.00","61,500.00"
2019-12-08,2019120801003124,HDL,7,35,40,"1,230.00","49,200.00"
2019-12-08,2019120801003123,HDL,34,35,50,"1,231.00","61,550.00"
2019-12-08,2019120801003323,HGI,13,49,80,242.00,"19,360.00"
2019-12-08,2019120801003310,HGI,13,49,205,242.00,"49,610.00"
2019-12-08,2019120801003309,HGI,25,49,100,243.00,"24,300.00"
2019-12-08,2019120801003113,HIDCL,4,58,550,131.00,"72,050.00"
2019-12-08,2019120801003383,HPPL,19,28,10,133.00,"1,330.00"
2019-12-08,2019120801003470,HURJA,22,58,20,97.00,"1,940.00"
2019-12-08,2019120801003392,ILBS,41,43,10,521.00,"5,210.00"
2019-12-08,2019120801003385,ILBS,41,42,10,521.00,"5,210.00"
2019-12-08,2019120801003369,ILBS,41,59,28,521.00,"14,588.00"
2019-12-08,2019120801003296,ILBS,16,59,102,521.00,"53,142.00"
2019-12-08,2019120801003293,ILBS,16,1,10,521.00,"5,210.00"
2019-12-08,2019120801003277,ILBS,16,11,20,521.00,"10,420.00"
2019-12-08,2019120801003245,ILBS,16,43,10,521.00,"5,210.00"
2019-12-08,2019120801003086,ILBS,16,39,120,521.00,"62,520.00"
2019-12-08,2019120801003255,JBBL,17,49,500,161.00,"80,500.00"
2019-12-08,2019120801003254,JBBL,58,49,100,161.00,"16,100.00"
2019-12-08,2019120801003253,JBBL,46,49,500,161.00,"80,500.00"
2019-12-08,2019120801003435,JBBLPO,36,58,"10,000",113.00,"1,130,000.00"
2019-12-08,2019120801003404,JFL,43,40,41,188.00,"7,708.00"
2019-12-08,2019120801003403,JFL,17,40,60,188.00,"11,280.00"
2019-12-08,2019120801003402,JFL,58,40,50,188.00,"9,400.00"
2019-12-08,2019120801003401,JFL,6,40,10,190.00,"1,900.00"
2019-12-08,2019120801003343,JFL,6,32,234,190.00,"44,460.00"
2019-12-08,2019120801003342,JFL,1,32,10,190.00,"1,900.00"
2019-12-08,2019120801003406,JSLBB,49,43,29,"1,226.00","35,554.00"
2019-12-08,2019120801003059,JSLBB,49,41,264,"1,226.00","323,664.00"
2019-12-08,2019120801003203,KBL,26,21,25,178.00,"4,450.00"
2019-12-08,2019120801003469,KPCL,1,36,10,81.00,810.00
2019-12-08,2019120801003332,KPCL,33,41,10,80.00,800.00
2019-12-08,2019120801003320,KRBL,6,47,16,102.00,"1,632.00"
2019-12-08,2019120801003319,KRBL,6,47,29,102.00,"2,958.00"
2019-12-08,2019120801003030,KSBBL,41,58,33,133.00,"4,389.00"
2019-12-08,2019120801003267,LBBL,50,41,500,174.00,"87,000.00"
2019-12-08,2019120801003266,LBBL,50,52,341,174.00,"59,334.00"
2019-12-08,2019120801003265,LBBL,50,19,516,174.00,"89,784.00"
2019-12-08,2019120801003264,LBBL,50,45,"1,777",174.00,"309,198.00"
2019-12-08,2019120801003158,LBBL,56,21,25,173.00,"4,325.00"
2019-12-08,2019120801003503,LBL,57,45,100,217.00,"21,700.00"
2019-12-08,2019120801003487,LBL,44,45,280,217.00,"60,760.00"
2019-12-08,2019120801003486,LBL,44,47,720,217.00,"156,240.00"
2019-12-08,2019120801003468,LBL,58,47,280,217.00,"60,760.00"
2019-12-08,2019120801003467,LBL,58,44,20,217.00,"4,340.00"
2019-12-08,2019120801003456,LBL,46,41,40,216.00,"8,640.00"
2019-12-08,2019120801003107,LBL,36,47,324,217.00,"70,308.00"
2019-12-08,2019120801003214,LBL,51,51,100,217.00,"21,700.00"
2019-12-08,2019120801003155,LBL,45,47,70,217.00,"15,190.00"
2019-12-08,2019120801003154,LBL,36,47,"1,116",217.00,"242,172.00"
2019-12-08,2019120801003151,LBL,36,47,446,217.00,"96,782.00"
2019-12-08,2019120801003149,LBL,36,40,500,217.00,"108,500.00"
2019-12-08,2019120801003122,LBL,36,47,324,217.00,"70,308.00"
2019-12-08,2019120801003328,LBL,35,44,190,217.00,"41,230.00"
2019-12-08,2019120801003327,LBL,35,6,282,217.00,"61,194.00"
2019-12-08,2019120801003326,LBL,35,51,28,217.00,"6,076.00"
2019-12-08,2019120801003321,LBL,32,51,56,217.00,"12,152.00"
2019-12-08,2019120801003302,LBL,29,51,100,217.00,"21,700.00"
2019-12-08,2019120801003274,LBL,46,52,10,216.00,"2,160.00"
2019-12-08,2019120801003426,LBL,32,44,100,217.00,"21,700.00"
2019-12-08,2019120801003368,LBL,37,44,20,217.00,"4,340.00"
2019-12-08,2019120801003358,LBL,26,44,100,217.00,"21,700.00"
2019-12-08,2019120801003351,LBL,16,44,40,217.00,"8,680.00"
2019-12-08,2019120801003339,LBL,38,44,"1,000",217.00,"217,000.00"
2019-12-08,2019120801003338,LBL,35,44,30,217.00,"6,510.00"
2019-12-08,2019120801003032,LEMF,26,57,"1,100",6.89,"7,579.00"
2019-12-08,2019120801003249,LGIL,32,14,20,307.00,"6,140.00"
2019-12-08,2019120801003340,MBL,16,29,46,217.00,"9,982.00"
2019-12-08,2019120801003109,MBL,16,35,54,217.00,"11,718.00"
2019-12-08,2019120801003108,MBL,44,35,21,217.00,"4,557.00"
2019-12-08,2019120801003233,MDB,39,21,29,244.00,"7,076.00"
2019-12-08,2019120801003029,MEGA,49,58,11,183.00,"2,013.00"
2019-12-08,2019120801003073,MEGA,52,58,11,183.00,"2,013.00"
2019-12-08,2019120801003218,MEGA,29,58,11,182.00,"2,002.00"
2019-12-08,2019120801003198,MEGA,52,46,28,183.00,"5,124.00"
2019-12-08,2019120801003168,MEGA,52,58,11,183.00,"2,013.00"
2019-12-08,2019120801003252,MLBL,59,35,20,172.00,"3,440.00"
2019-12-08,2019120801003244,MLBL,38,35,10,173.00,"1,730.00"
2019-12-08,2019120801003384,MNBBL,16,40,69,314.00,"21,666.00"
2019-12-08,2019120801003359,MNBBL,36,47,300,315.00,"94,500.00"
2019-12-08,2019120801003337,MNBBL,29,29,100,314.00,"31,400.00"
2019-12-08,2019120801003336,MNBBL,29,17,140,314.00,"43,960.00"
2019-12-08,2019120801003335,MNBBL,29,14,"1,090",314.00,"342,260.00"
2019-12-08,2019120801003270,MNBBL,14,52,21,313.00,"6,573.00"
2019-12-08,2019120801003084,MNBBL,28,14,50,314.00,"15,700.00"
2019-12-08,2019120801003083,MNBBL,49,14,48,314.00,"15,072.00"
2019-12-08,2019120801003026,MNBBL,49,29,900,314.00,"282,600.00"
2019-12-08,2019120801003248,MNBBL,1,14,12,314.00,"3,768.00"
2019-12-08,2019120801003506,MSMBS,46,41,30,479.00,"14,370.00"
2019-12-08,2019120801003390,MSMBS,46,41,50,479.00,"23,950.00"
2019-12-08,2019120801003289,MSMBS,7,39,50,485.00,"24,250.00"
2019-12-08,2019120801003112,MSMBS,29,16,100,494.00,"49,400.00"
2019-12-08,2019120801003111,MSMBS,29,39,16,489.00,"7,824.00"
2019-12-08,2019120801003106,MSMBS,29,40,42,487.00,"20,454.00"
2019-12-08,2019120801003525,NABIL,36,56,20,727.00,"14,540.00"
2019-12-08,2019120801003524,NABIL,45,56,165,727.00,"119,955.00"
2019-12-08,2019120801003523,NABIL,26,56,100,727.00,"72,700.00"
2019-12-08,2019120801003430,NABIL,43,38,75,728.00,"54,600.00"
2019-12-08,2019120801003429,NABIL,43,56,100,728.00,"72,800.00"
2019-12-08,2019120801003394,NABIL,41,38,10,728.00,"7,280.00"
2019-12-08,2019120801003246,NABIL,35,49,25,728.00,"18,200.00"
2019-12-08,2019120801003171,NABIL,32,32,35,728.00,"25,480.00"
2019-12-08,2019120801003330,NABIL,14,43,100,728.00,"72,800.00"
2019-12-08,2019120801003314,NABIL,14,49,95,728.00,"69,160.00"
2019-12-08,2019120801003301,NABIL,16,19,88,726.00,"63,888.00"
2019-12-08,2019120801003300,NABIL,11,19,12,727.00,"8,724.00"
2019-12-08,2019120801003276,NABIL,39,49,10,728.00,"7,280.00"
2019-12-08,2019120801003272,NABIL,57,49,50,728.00,"36,400.00"
2019-12-08,2019120801003176,NADEP,44,1,100,400.00,"40,000.00"
2019-12-08,2019120801003175,NADEP,44,37,100,399.00,"39,900.00"
2019-12-08,2019120801003174,NADEP,44,37,100,399.00,"39,900.00"
2019-12-08,2019120801003173,NADEP,44,51,20,398.00,"7,960.00"
2019-12-08,2019120801003157,NADEP,51,42,10,394.00,"3,940.00"
2019-12-08,2019120801003237,NADEP,43,39,10,408.00,"4,080.00"
2019-12-08,2019120801003236,NADEP,43,19,10,405.00,"4,050.00"
2019-12-08,2019120801003235,NADEP,43,54,20,402.00,"8,040.00"
2019-12-08,2019120801003509,NBB,37,54,100,199.00,"19,900.00"
2019-12-08,2019120801003088,NBB,55,7,50,200.00,"10,000.00"
2019-12-08,2019120801003087,NBB,40,7,50,200.00,"10,000.00"
2019-12-08,2019120801003423,NBB,43,28,119,200.00,"23,800.00"
2019-12-08,2019120801003422,NBB,43,7,181,200.00,"36,200.00"
2019-12-08,2019120801003299,NBB,58,7,819,200.00,"163,800.00"
2019-12-08,2019120801003195,NBB,58,21,25,200.00,"5,000.00"
2019-12-08,2019120801003089,NBB,58,7,456,200.00,"91,200.00"
2019-12-08,2019120801003457,NBL,44,4,"1,500",312.00,"468,000.00"
2019-12-08,2019120801003334,NBL,29,8,"1,500",313.00,"469,500.00"
2019-12-08,2019120801003481,NGPL,26,28,205,110.00,"22,550.00"
2019-12-08,2019120801003421,NHPC,58,32,500,52.00,"26,000.00"
2019-12-08,2019120801003075,NHPC,26,21,100,51.00,"5,100.00"
2019-12-08,2019120801003476,NIB,46,34,20,417.00,"8,340.00"
2019-12-08,2019120801003389,NIB,16,11,480,414.00,"198,720.00"
2019-12-08,2019120801003388,NIB,43,11,20,414.00,"8,280.00"
2019-12-08,2019120801003375,NIB,43,11,920,414.00,"380,880.00"
2019-12-08,2019120801003374,NIB,41,11,30,415.00,"12,450.00"
2019-12-08,2019120801003209,NIB,25,34,200,417.00,"83,400.00"
2019-12-08,2019120801003208,NIB,25,50,532,417.00,"221,844.00"
2019-12-08,2019120801003207,NIB,25,42,31,417.00,"12,927.00"
2019-12-08,2019120801003206,NIB,25,25,24,416.00,"9,984.00"
2019-12-08,2019120801003205,NIB,25,13,200,416.00,"83,200.00"
2019-12-08,2019120801003204,NIB,25,43,13,416.00,"5,408.00"
2019-12-08,2019120801003520,NIBPO,44,44,"1,000",387.00,"387,000.00"
2019-12-08,2019120801003376,NICA,17,4,50,405.00,"20,250.00"
2019-12-08,2019120801003341,NICA,39,4,100,405.00,"40,500.00"
2019-12-08,2019120801003317,NICA,13,4,50,405.00,"20,250.00"
2019-12-08,2019120801003312,NICA,36,4,300,405.00,"121,500.00"
2019-12-08,2019120801003306,NICA,44,4,420,405.00,"170,100.00"
2019-12-08,2019120801003243,NICA,44,28,800,405.00,"324,000.00"
2019-12-08,2019120801003242,NICA,44,4,780,405.00,"315,900.00"
2019-12-08,2019120801003210,NICA,49,59,100,404.00,"40,400.00"
2019-12-08,2019120801003424,NICL,25,58,284,257.00,"72,988.00"
2019-12-08,2019120801003287,NLBBL,47,21,100,530.00,"53,000.00"
2019-12-08,2019120801003223,NLBBL,50,1,24,528.00,"12,672.00"
2019-12-08,2019120801003054,NLBBL,29,17,100,529.00,"52,900.00"
2019-12-08,2019120801003053,NLBBL,29,25,135,529.00,"71,415.00"
2019-12-08,2019120801003438,NLIC,16,17,200,880.00,"176,000.00"
2019-12-08,2019120801003387,NLIC,16,28,10,880.00,"8,800.00"
2019-12-08,2019120801003386,NLIC,39,28,10,881.00,"8,810.00"
2019-12-08,2019120801003285,NLIC,33,28,400,884.00,"353,600.00"
2019-12-08,2019120801003284,NLIC,33,56,100,884.00,"88,400.00"
2019-12-08,2019120801003040,NLIC,10,57,34,884.00,"30,056.00"
2019-12-08,2019120801003178,NLICL,40,38,100,440.00,"44,000.00"
2019-12-08,2019120801003177,NLICL,26,38,100,441.00,"44,100.00"
2019-12-08,2019120801003447,NMB,48,25,12,388.00,"4,656.00"
2019-12-08,2019120801003279,NMB,26,35,70,387.00,"27,090.00"
2019-12-08,2019120801003278,NMB,45,35,50,387.00,"19,350.00"
2019-12-08,2019120801003137,NMB,25,25,"1,000",388.00,"388,000.00"
2019-12-08,2019120801003136,NMB,25,16,514,388.00,"199,432.00"
2019-12-08,2019120801003135,NMB,25,7,50,388.00,"19,400.00"
2019-12-08,2019120801003128,NMB,25,45,290,387.00,"112,230.00"
2019-12-08,2019120801003127,NMB,25,45,73,387.00,"28,251.00"
2019-12-08,2019120801003055,NMB,32,32,410,387.00,"158,670.00"
2019-12-08,2019120801003048,NMB,32,45,10,387.00,"3,870.00"
2019-12-08,2019120801003047,NMB,32,25,40,387.00,"15,480.00"
2019-12-08,2019120801003134,NMB,25,34,76,388.00,"29,488.00"
2019-12-08,2019120801003133,NMB,25,34,200,388.00,"77,600.00"
2019-12-08,2019120801003132,NMB,25,21,600,388.00,"232,800.00"
2019-12-08,2019120801003131,NMB,25,58,"2,000",388.00,"776,000.00"
2019-12-08,2019120801003130,NMB,25,39,57,388.00,"22,116.00"
2019-12-08,2019120801003129,NMB,25,58,37,387.00,"14,319.00"
2019-12-08,2019120801003371,NMFBS,5,46,10,"1,237.00","12,370.00"
2019-12-08,2019120801003304,NMFBS,13,46,15,"1,240.00","18,600.00"
2019-12-08,2019120801003303,NMFBS,50,46,10,"1,240.00","12,400.00"
2019-12-08,2019120801003434,NSEWA,19,43,10,392.00,"3,920.00"
2019-12-08,2019120801003516,NTC,28,49,15,641.00,"9,615.00"
2019-12-08,2019120801003515,NTC,28,38,100,641.00,"64,100.00"
2019-12-08,2019120801003514,NTC,28,51,40,640.00,"25,600.00"
2019-12-08,2019120801003513,NTC,28,54,90,639.00,"57,510.00"
2019-12-08,2019120801003491,NTC,45,25,65,638.00,"41,470.00"
2019-12-08,2019120801003490,NTC,45,57,70,638.00,"44,660.00"
2019-12-08,2019120801003325,NUBL,50,39,222,938.00,"208,236.00"
2019-12-08,2019120801003324,NUBL,50,39,200,939.00,"187,800.00"
2019-12-08,2019120801003261,NUBL,59,58,50,940.00,"47,000.00"
2019-12-08,2019120801003241,NUBL,33,58,200,940.00,"188,000.00"
2019-12-08,2019120801003505,PCBL,16,50,41,272.00,"11,152.00"
2019-12-08,2019120801003393,PCBL,29,43,"1,190",273.00,"324,870.00"
2019-12-08,2019120801003355,PCBL,29,32,200,273.00,"54,600.00"
2019-12-08,2019120801003344,PCBL,29,43,410,273.00,"111,930.00"
2019-12-08,2019120801003181,PCBL,58,58,171,273.00,"46,683.00"
2019-12-08,2019120801003120,PCBL,16,38,129,273.00,"35,217.00"
2019-12-08,2019120801003072,PCBL,22,50,119,271.00,"32,249.00"
2019-12-08,2019120801003071,PCBL,39,50,81,271.00,"21,951.00"
2019-12-08,2019120801003119,PCBL,16,47,147,273.00,"40,131.00"
2019-12-08,2019120801003118,PCBL,16,25,100,273.00,"27,300.00"
2019-12-08,2019120801003117,PCBL,16,34,367,273.00,"100,191.00"
2019-12-08,2019120801003116,PCBL,16,58,658,273.00,"179,634.00"
2019-12-08,2019120801003115,PCBL,16,6,71,272.00,"19,312.00"
2019-12-08,2019120801003114,PCBL,16,54,88,272.00,"23,936.00"
2019-12-08,2019120801003036,PFL,45,59,13,141.00,"1,833.00"
2019-12-08,2019120801003441,PIC,49,38,234,366.00,"85,644.00"
2019-12-08,2019120801003440,PIC,49,38,308,366.00,"112,728.00"
2019-12-08,2019120801003439,PIC,42,38,75,367.00,"27,525.00"
2019-12-08,2019120801003433,PIC,53,20,95,367.00,"34,865.00"
2019-12-08,2019120801003522,PICL,54,54,100,364.00,"36,400.00"
2019-12-08,2019120801003063,PLIC,10,28,48,324.00,"15,552.00"
2019-12-08,2019120801003062,PLIC,10,34,52,324.00,"16,848.00"
2019-12-08,2019120801003461,PPCL,1,55,10,102.00,"1,020.00"
2019-12-08,2019120801003365,PRIN,17,20,170,312.00,"53,040.00"
2019-12-08,2019120801003364,PRIN,17,56,25,311.00,"7,775.00"
2019-12-08,2019120801003263,PRIN,32,56,25,311.00,"7,775.00"
2019-12-08,2019120801003121,PRIN,58,42,100,309.00,"30,900.00"
2019-12-08,2019120801003507,PRVU,58,6,15,226.00,"3,390.00"
2019-12-08,2019120801003399,PRVU,57,57,33,225.00,"7,425.00"
2019-12-08,2019120801003398,PRVU,39,57,450,225.00,"101,250.00"
2019-12-08,2019120801003397,PRVU,58,57,17,225.00,"3,825.00"
2019-12-08,2019120801003391,PRVU,58,28,216,225.00,"48,600.00"
2019-12-08,2019120801003222,PRVU,38,6,10,226.00,"2,260.00"
2019-12-08,2019120801003217,RHPC,5,49,53,71.00,"3,763.00"
2019-12-08,2019120801003508,RHPL,4,42,50,169.00,"8,450.00"
2019-12-08,2019120801003407,RHPL,4,28,40,169.00,"6,760.00"
2019-12-08,2019120801003396,RHPL,4,48,30,169.00,"5,070.00"
2019-12-08,2019120801003395,RHPL,4,42,50,169.00,"8,450.00"
2019-12-08,2019120801003297,RHPL,4,1,20,169.00,"3,380.00"
2019-12-08,2019120801003288,RHPL,4,42,40,169.00,"6,760.00"
2019-12-08,2019120801003074,RHPL,4,42,50,169.00,"8,450.00"
2019-12-08,2019120801003061,RHPL,56,56,30,170.00,"5,100.00"
2019-12-08,2019120801003052,RHPL,4,42,50,169.00,"8,450.00"
2019-12-08,2019120801003033,RHPL,4,42,40,169.00,"6,760.00"
2019-12-08,2019120801003269,RHPL,4,42,40,169.00,"6,760.00"
2019-12-08,2019120801003220,RHPL,4,59,40,169.00,"6,760.00"
2019-12-08,2019120801003215,RHPL,4,42,40,169.00,"6,760.00"
2019-12-08,2019120801003159,RHPL,4,42,50,169.00,"8,450.00"
2019-12-08,2019120801003093,RHPL,4,42,40,169.00,"6,760.00"
2019-12-08,2019120801003090,RHPL,56,56,30,170.00,"5,100.00"
2019-12-08,2019120801003239,RMDC,58,28,175,610.00,"106,750.00"
2019-12-08,2019120801003308,RRHP,42,14,10,97.00,970.00
2019-12-08,2019120801003298,RRHP,42,14,10,97.00,970.00
2019-12-08,2019120801003425,SABSL,41,28,10,517.00,"5,170.00"
2019-12-08,2019120801003405,SABSL,7,16,170,518.00,"88,060.00"
2019-12-08,2019120801003356,SABSL,53,52,10,520.00,"5,200.00"
2019-12-08,2019120801003260,SABSL,53,21,10,520.00,"5,200.00"
2019-12-08,2019120801003259,SABSL,53,21,10,520.00,"5,200.00"
2019-12-08,2019120801003258,SABSL,53,21,10,520.00,"5,200.00"
2019-12-08,2019120801003257,SABSL,53,21,10,520.00,"5,200.00"
2019-12-08,2019120801003483,SANIMA,38,38,3,305.00,915.00
2019-12-08,2019120801003418,SANIMA,43,28,464,305.00,"141,520.00"
2019-12-08,2019120801003166,SANIMA,43,28,147,305.00,"44,835.00"
2019-12-08,2019120801003165,SANIMA,44,28,100,305.00,"30,500.00"
2019-12-08,2019120801003164,SANIMA,4,28,40,305.00,"12,200.00"
2019-12-08,2019120801003163,SANIMA,4,28,100,305.00,"30,500.00"
2019-12-08,2019120801003097,SANIMA,4,46,100,305.00,"30,500.00"
2019-12-08,2019120801003096,SANIMA,44,46,200,305.00,"61,000.00"
2019-12-08,2019120801003095,SANIMA,4,46,100,305.00,"30,500.00"
2019-12-08,2019120801003094,SANIMA,45,46,"2,473",305.00,"754,265.00"
2019-12-08,2019120801003162,SANIMA,4,28,150,305.00,"45,750.00"
2019-12-08,2019120801003161,SANIMA,4,28,63,305.00,"19,215.00"
2019-12-08,2019120801003101,SANIMA,4,46,17,305.00,"5,185.00"
2019-12-08,2019120801003100,SANIMA,4,46,50,305.00,"15,250.00"
2019-12-08,2019120801003099,SANIMA,39,46,10,305.00,"3,050.00"
2019-12-08,2019120801003098,SANIMA,4,46,50,305.00,"15,250.00"
2019-12-08,2019120801003501,SAPDBL,4,25,675,119.00,"80,325.00"
2019-12-08,2019120801003460,SBL,44,49,40,283.00,"11,320.00"
2019-12-08,2019120801003379,SBL,22,38,295,282.00,"83,190.00"
2019-12-08,2019120801003378,SBL,22,6,61,282.00,"17,202.00"
2019-12-08,2019120801003377,SBL,22,38,236,282.00,"66,552.00"
2019-12-08,2019120801003313,SCB,58,49,6,527.00,"3,162.00"
2019-12-08,2019120801003076,SCB,41,40,100,528.00,"52,800.00"
2019-12-08,2019120801003256,SDESI,39,28,50,547.00,"27,350.00"
2019-12-08,2019120801003079,SDESI,34,45,10,537.00,"5,370.00"
2019-12-08,2019120801003475,SFFIL,55,39,50,173.00,"8,650.00"
2019-12-08,2019120801003459,SFFIL,43,34,205,171.00,"35,055.00"
2019-12-08,2019120801003268,SHINE,56,4,434,227.00,"98,518.00"
2019-12-08,2019120801003216,SHINE,56,4,500,227.00,"113,500.00"
2019-12-08,2019120801003092,SHINE,56,4,66,227.00,"14,982.00"
2019-12-08,2019120801003251,SHIVM,16,38,188,381.00,"71,628.00"
2019-12-08,2019120801003232,SHIVM,42,57,20,380.00,"7,600.00"
2019-12-08,2019120801003231,SHIVM,47,57,100,380.00,"38,000.00"
2019-12-08,2019120801003230,SHIVM,39,57,50,380.00,"19,000.00"
2019-12-08,2019120801003229,SHIVM,52,57,100,380.00,"38,000.00"
2019-12-08,2019120801003228,SHIVM,46,57,50,380.00,"19,000.00"
2019-12-08,2019120801003141,SHIVM,17,6,50,381.00,"19,050.00"
2019-12-08,2019120801003140,SHIVM,33,6,212,381.00,"80,772.00"
2019-12-08,2019120801003139,SHIVM,6,6,100,382.00,"38,200.00"
2019-12-08,2019120801003227,SHIVM,42,57,100,380.00,"38,000.00"
2019-12-08,2019120801003226,SHIVM,44,57,30,380.00,"11,400.00"
2019-12-08,2019120801003225,SHIVM,14,57,50,380.00,"19,000.00"
2019-12-08,2019120801003180,SHIVM,26,38,62,381.00,"23,622.00"
2019-12-08,2019120801003143,SHIVM,26,6,438,381.00,"166,878.00"
2019-12-08,2019120801003142,SHIVM,18,6,200,381.00,"76,200.00"
2019-12-08,2019120801003521,SHL,51,5,500,210.00,"105,000.00"
2019-12-08,2019120801003454,SHPC,5,46,440,184.00,"80,960.00"
2019-12-08,2019120801003331,SHPC,5,57,60,184.00,"11,040.00"
2019-12-08,2019120801003110,SHPC,29,57,490,184.00,"90,160.00"
2019-12-08,2019120801003080,SHPC,29,21,36,184.00,"6,624.00"
2019-12-08,2019120801003432,SICL,33,35,50,773.00,"38,650.00"
2019-12-08,2019120801003431,SICL,35,35,100,773.00,"77,300.00"
2019-12-08,2019120801003316,SICL,49,4,194,775.00,"150,350.00"
2019-12-08,2019120801003295,SICL,49,19,100,775.00,"77,500.00"
2019-12-08,2019120801003463,SIL,4,38,30,375.00,"11,250.00"
2019-12-08,2019120801003462,SIL,4,38,130,376.00,"48,880.00"
2019-12-08,2019120801003512,SJCL,35,42,20,156.00,"3,120.00"
2019-12-08,2019120801003437,SJCL,35,28,20,156.00,"3,120.00"
2019-12-08,2019120801003410,SJCL,35,42,10,156.00,"1,560.00"
2019-12-08,2019120801003409,SJCL,38,42,10,156.00,"1,560.00"
2019-12-08,2019120801003408,SJCL,38,48,20,156.00,"3,120.00"
2019-12-08,2019120801003307,SJCL,38,1,10,156.00,"1,560.00"
2019-12-08,2019120801003038,SJCL,38,42,10,156.00,"1,560.00"
2019-12-08,2019120801003167,SJCL,38,42,20,156.00,"3,120.00"
2019-12-08,2019120801003102,SJCL,13,59,20,157.00,"3,140.00"
2019-12-08,2019120801003085,SJCL,38,42,10,156.00,"1,560.00"
2019-12-08,2019120801003078,SJCL,38,42,10,156.00,"1,560.00"
2019-12-08,2019120801003046,SJCL,38,42,20,156.00,"3,120.00"
2019-12-08,2019120801003305,SJCL,38,42,10,156.00,"1,560.00"
2019-12-08,2019120801003273,SJCL,38,42,20,156.00,"3,120.00"
2019-12-08,2019120801003221,SJCL,38,42,20,156.00,"3,120.00"
2019-12-08,2019120801003400,SKBBL,3,41,25,940.00,"23,500.00"
2019-12-08,2019120801003039,SKBBL,44,21,25,937.00,"23,425.00"
2019-12-08,2019120801003480,SLBBL,19,56,310,550.00,"170,500.00"
2019-12-08,2019120801003473,SLBBL,29,33,20,561.00,"11,220.00"
2019-12-08,2019120801003472,SLBBL,29,20,300,561.00,"168,300.00"
2019-12-08,2019120801003471,SLBBL,29,45,10,561.00,"5,610.00"
2019-12-08,2019120801003466,SLBBL,29,52,20,560.00,"11,200.00"
2019-12-08,2019120801003234,SLBBL,45,49,10,550.00,"5,500.00"
2019-12-08,2019120801003081,SLBBL,29,8,300,550.00,"165,000.00"
2019-12-08,2019120801003465,SLBBL,29,42,20,560.00,"11,200.00"
2019-12-08,2019120801003464,SLBBL,29,59,50,560.00,"28,000.00"
2019-12-08,2019120801003240,SLBBL,19,49,190,550.00,"104,500.00"
2019-12-08,2019120801003420,SLBSL,35,42,10,612.00,"6,120.00"
2019-12-08,2019120801003271,SLICL,33,17,40,265.00,"10,600.00"
2019-12-08,2019120801003212,SLICL,33,29,130,265.00,"34,450.00"
2019-12-08,2019120801003286,SMFBS,42,42,10,822.00,"8,220.00"
2019-12-08,2019120801003070,SMFBS,42,42,10,822.00,"8,220.00"
2019-12-08,2019120801003455,SMFDB,50,16,100,547.00,"54,700.00"
2019-12-08,2019120801003412,SMFDB,32,5,110,551.00,"60,610.00"
2019-12-08,2019120801003411,SMFDB,57,5,17,551.00,"9,367.00"
2019-12-08,2019120801003294,SMFDB,57,17,50,551.00,"27,550.00"
2019-12-08,2019120801003250,SMFDB,57,49,23,551.00,"12,673.00"
2019-12-08,2019120801003150,SMFDB,22,41,54,544.00,"29,376.00"
2019-12-08,2019120801003179,SMFDB,22,49,50,544.00,"27,200.00"
2019-12-08,2019120801003211,SMFDB,32,16,81,553.00,"44,793.00"
2019-12-08,2019120801003196,SMFDB,57,6,110,551.00,"60,610.00"
2019-12-08,2019120801003182,SMFDB,32,11,250,549.00,"137,250.00"
2019-12-08,2019120801003518,SPARS,40,49,260,552.00,"143,520.00"
2019-12-08,2019120801003504,SPARS,40,49,190,552.00,"104,880.00"
2019-12-08,2019120801003494,SPARS,28,16,490,550.00,"269,500.00"
2019-12-08,2019120801003493,SPARS,28,25,20,550.00,"11,000.00"
2019-12-08,2019120801003492,SPARS,34,34,100,542.00,"54,200.00"
2019-12-08,2019120801003484,SPARS,40,42,10,541.00,"5,410.00"
2019-12-08,2019120801003262,SPARS,34,42,10,540.00,"5,400.00"
2019-12-08,2019120801003058,SPARS,34,42,10,540.00,"5,400.00"
2019-12-08,2019120801003446,SPARS,40,40,10,549.00,"5,490.00"
2019-12-08,2019120801003445,SPARS,40,6,10,545.00,"5,450.00"
2019-12-08,2019120801003444,SPARS,40,41,10,545.00,"5,450.00"
2019-12-08,2019120801003443,SPARS,40,41,10,545.00,"5,450.00"
2019-12-08,2019120801003442,SPARS,40,21,10,544.00,"5,440.00"
2019-12-08,2019120801003419,SPARS,34,43,10,540.00,"5,400.00"
2019-12-08,2019120801003489,SRBL,28,32,350,216.00,"75,600.00"
2019-12-08,2019120801003479,SRBL,28,32,50,215.00,"10,750.00"
2019-12-08,2019120801003478,SRBL,28,43,100,215.00,"21,500.00"
2019-12-08,2019120801003477,SRBL,28,28,500,215.00,"107,500.00"
2019-12-08,2019120801003197,STC,26,34,10,"1,294.00","12,940.00"
2019-12-08,2019120801003035,STC,5,19,10,"1,285.00","12,850.00"
2019-12-08,2019120801003034,STC,5,17,15,"1,284.00","19,260.00"
2019-12-08,2019120801003028,SWBBL,50,47,50,986.00,"49,300.00"
2019-12-08,2019120801003027,SWBBL,50,36,24,985.00,"23,640.00"
2019-12-08,2019120801003436,UPCL,42,36,50,73.00,"3,650.00"
2019-12-08,2019120801003428,UPPER,42,42,10,231.00,"2,310.00"
2019-12-08,2019120801003357,UPPER,42,42,302,231.00,"69,762.00"
2019-12-08,2019120801002949,ADBL,38,28,600,405.00,"243,000.00"
2019-12-08,2019120801002917,ADBL,45,28,400,405.00,"162,000.00"
2019-12-08,2019120801002806,ADBL,45,1,75,405.00,"30,375.00"
2019-12-08,2019120801002805,ADBL,45,42,165,405.00,"66,825.00"
2019-12-08,2019120801002700,ADBL,45,6,72,404.00,"29,088.00"
2019-12-08,2019120801002654,AHPC,5,43,40,95.00,"3,800.00"
2019-12-08,2019120801002904,AKBSL,52,49,10,436.00,"4,360.00"
2019-12-08,2019120801002899,AKBSL,52,49,10,436.00,"4,360.00"
2019-12-08,2019120801002844,AKBSL,49,45,100,440.00,"44,000.00"
2019-12-08,2019120801002810,AKBSL,13,13,10,439.00,"4,390.00"
2019-12-08,2019120801002733,AKBSL,48,45,190,440.00,"83,600.00"
2019-12-08,2019120801002732,AKBSL,48,47,10,440.00,"4,400.00"
2019-12-08,2019120801002652,AKBSL,32,38,10,438.00,"4,380.00"
2019-12-08,2019120801002651,AKBSL,32,55,10,438.00,"4,380.00"
2019-12-08,2019120801003001,AKPL,14,39,41,113.00,"4,633.00"
2019-12-08,2019120801003000,AKPL,14,39,100,114.00,"11,400.00"
2019-12-08,2019120801002999,AKPL,1,39,50,114.00,"5,700.00"
2019-12-08,2019120801002998,AKPL,45,39,47,115.00,"5,405.00"
2019-12-08,2019120801002607,ALBSL,38,42,10,420.00,"4,200.00"
2019-12-08,2019120801002532,ALBSL,21,21,10,424.00,"4,240.00"
2019-12-08,2019120801002803,ALICL,16,51,22,334.00,"7,348.00"
2019-12-08,2019120801002650,ALICL,37,51,50,334.00,"16,700.00"
2019-12-08,2019120801002789,API,42,29,100,103.00,"10,300.00"
2019-12-08,2019120801002642,API,42,42,100,101.00,"10,100.00"
2019-12-08,2019120801002589,API,42,25,50,101.00,"5,050.00"
2019-12-08,2019120801002693,BARUN,26,29,10,77.00,770.00
2019-12-08,2019120801002989,BOKL,6,42,158,214.00,"33,812.00"
2019-12-08,2019120801002961,BOKL,6,21,28,214.00,"5,992.00"
2019-12-08,2019120801002775,BOKL,6,34,11,214.00,"2,354.00"
2019-12-08,2019120801002774,BOKL,22,34,189,214.00,"40,446.00"
2019-12-08,2019120801002731,BOKL,16,22,100,215.00,"21,500.00"
2019-12-08,2019120801002597,BOKL,22,38,111,214.00,"23,754.00"
2019-12-08,2019120801002596,BOKL,39,38,206,214.00,"44,084.00"
2019-12-08,2019120801002535,BOKL,7,22,20,215.00,"4,300.00"
2019-12-08,2019120801002944,BPCL,25,43,354,334.00,"118,236.00"
2019-12-08,2019120801002943,BPCL,25,33,22,334.00,"7,348.00"
2019-12-08,2019120801002942,BPCL,25,40,11,334.00,"3,674.00"
2019-12-08,2019120801002984,CBBL,34,19,30,785.00,"23,550.00"
2019-12-08,2019120801002812,CBL,41,11,40,138.00,"5,520.00"
2019-12-08,2019120801002811,CBL,41,6,35,138.00,"4,830.00"
2019-12-08,2019120801002765,CBL,34,34,200,137.00,"27,400.00"
2019-12-08,2019120801002743,CBL,13,13,1,136.00,136.00
2019-12-08,2019120801002725,CBL,34,28,773,137.00,"105,901.00"
2019-12-08,2019120801002724,CBL,29,28,216,137.00,"29,592.00"
2019-12-08,2019120801002723,CBL,1,28,11,138.00,"1,518.00"
2019-12-08,2019120801002993,CCBL,4,58,21,162.00,"3,402.00"
2019-12-08,2019120801002969,CCBL,4,58,21,162.00,"3,402.00"
2019-12-08,2019120801002885,CCBL,4,6,377,162.00,"61,074.00"
2019-12-08,2019120801002842,CCBL,13,13,1,159.00,159.00
2019-12-08,2019120801002802,CCBL,4,34,151,162.00,"24,462.00"
2019-12-08,2019120801002759,CCBL,41,34,49,162.00,"7,938.00"
2019-12-08,2019120801002773,CHCL,59,39,10,359.00,"3,590.00"
2019-12-08,2019120801002926,CIT,17,50,15,"1,704.00","25,560.00"
2019-12-08,2019120801002892,CIT,5,1,33,"1,704.00","56,232.00"
2019-12-08,2019120801002841,CIT,25,56,17,"1,704.00","28,968.00"
2019-12-08,2019120801002840,CIT,45,56,50,"1,705.00","85,250.00"
2019-12-08,2019120801002839,CIT,5,56,15,"1,705.00","25,575.00"
2019-12-08,2019120801002838,CIT,45,56,17,"1,706.00","29,002.00"
2019-12-08,2019120801002568,CIT,5,52,35,"1,705.00","59,675.00"
2019-12-08,2019120801002972,CZBIL,32,34,30,182.00,"5,460.00"
2019-12-08,2019120801002938,CZBIL,37,47,10,181.00,"1,810.00"
2019-12-08,2019120801002889,DBBL,34,25,500,122.00,"61,000.00"
2019-12-08,2019120801002988,DDBL,50,50,220,756.00,"166,320.00"
2019-12-08,2019120801002924,DDBL,45,36,28,757.00,"21,196.00"
2019-12-08,2019120801002756,DDBL,22,47,2,758.00,"1,516.00"
2019-12-08,2019120801002754,DDBL,22,47,18,758.00,"13,644.00"
2019-12-08,2019120801002709,DDBL,16,56,200,760.00,"152,000.00"
2019-12-08,2019120801002708,DDBL,4,56,10,760.00,"7,600.00"
2019-12-08,2019120801002588,DDBL,1,54,100,765.00,"76,500.00"
2019-12-08,2019120801002579,DDBL,4,19,40,760.00,"30,400.00"
2019-12-08,2019120801002578,DDBL,41,5,100,765.00,"76,500.00"
2019-12-08,2019120801002571,DDBL,4,53,50,764.00,"38,200.00"
2019-12-08,2019120801002916,DHPL,51,22,261,52.00,"13,572.00"
2019-12-08,2019120801002910,DHPL,51,26,170,52.00,"8,840.00"
2019-12-08,2019120801002632,DHPL,22,22,29,53.00,"1,537.00"
2019-12-08,2019120801002804,EBL,56,32,200,544.00,"108,800.00"
2019-12-08,2019120801002799,EBL,41,32,100,545.00,"54,500.00"
2019-12-08,2019120801002670,EBL,19,32,50,545.00,"27,250.00"
2019-12-08,2019120801002669,EBL,44,32,10,545.00,"5,450.00"
2019-12-08,2019120801002668,EBL,36,32,30,546.00,"16,380.00"
2019-12-08,2019120801002667,EBL,29,32,346,546.00,"188,916.00"
2019-12-08,2019120801002688,EBL,35,32,20,545.00,"10,900.00"
2019-12-08,2019120801002672,EBL,26,32,500,545.00,"272,500.00"
2019-12-08,2019120801002671,EBL,19,32,200,545.00,"109,000.00"
2019-12-08,2019120801002657,FMDBL,37,57,122,303.00,"36,966.00"
2019-12-08,2019120801002574,FOWAD,44,19,34,"1,337.00","45,458.00"
2019-12-08,2019120801002992,GBBL,41,21,25,197.00,"4,925.00"
2019-12-08,2019120801002728,GBBL,41,14,60,197.00,"11,820.00"
2019-12-08,2019120801002727,GBBL,41,22,20,197.00,"3,940.00"
2019-12-08,2019120801002726,GBBL,41,57,90,197.00,"17,730.00"
2019-12-08,2019120801002580,GBBL,1,57,10,197.00,"1,970.00"
2019-12-08,2019120801002545,GBBL,49,44,20,196.00,"3,920.00"
2019-12-08,2019120801002950,GBLBSP,4,11,"25,000",187.00,"4,675,000.00"
2019-12-08,2019120801002890,GGBSL,36,44,10,619.00,"6,190.00"
2019-12-08,2019120801002927,GILB,44,42,86,784.00,"67,424.00"
2019-12-08,2019120801002666,GILB,50,6,19,785.00,"14,915.00"
2019-12-08,2019120801002662,GILB,44,6,154,784.00,"120,736.00"
2019-12-08,2019120801002661,GILB,44,34,50,783.00,"39,150.00"
2019-12-08,2019120801002660,GILB,44,21,10,781.00,"7,810.00"
2019-12-08,2019120801002877,GLICL,25,26,200,375.00,"75,000.00"
2019-12-08,2019120801002873,GLICL,38,26,200,375.00,"75,000.00"
2019-12-08,2019120801003007,GMFBS,54,42,10,504.00,"5,040.00"
2019-12-08,2019120801002612,GMFBS,54,42,10,504.00,"5,040.00"
2019-12-08,2019120801002539,GMFBS,19,34,10,511.00,"5,110.00"
2019-12-08,2019120801002534,GMFBS,19,51,40,510.00,"20,400.00"
2019-12-08,2019120801002887,HDL,57,33,100,"1,232.00","123,200.00"
2019-12-08,2019120801002886,HDL,53,33,50,"1,232.00","61,600.00"
2019-12-08,2019120801002711,HDL,58,54,"1,000","1,233.00","1,233,000.00"
2019-12-08,2019120801002707,HDL,55,22,10,"1,247.00","12,470.00"
2019-12-08,2019120801002570,HDL,55,34,35,"1,240.00","43,400.00"
2019-12-08,2019120801002565,HDL,55,34,100,"1,240.00","124,000.00"
2019-12-08,2019120801002529,HDL,8,34,50,"1,240.00","62,000.00"
2019-12-08,2019120801002528,HDL,40,16,50,"1,239.00","61,950.00"
2019-12-08,2019120801002975,HIDCL,4,58,61,131.00,"7,991.00"
2019-12-08,2019120801002745,HIDCL,4,50,10,131.00,"1,310.00"
2019-12-08,2019120801002684,HIDCL,4,28,63,131.00,"8,253.00"
2019-12-08,2019120801002751,HURJA,47,34,10,98.00,980.00
2019-12-08,2019120801002750,HURJA,47,42,10,98.00,980.00
2019-12-08,2019120801002976,ILBS,45,29,100,525.00,"52,500.00"
2019-12-08,2019120801002948,ILBS,16,47,10,521.00,"5,210.00"
2019-12-08,2019120801002794,ILBS,13,13,10,525.00,"5,250.00"
2019-12-08,2019120801002788,ILBS,57,38,10,525.00,"5,250.00"
2019-12-08,2019120801002787,ILBS,57,58,10,525.00,"5,250.00"
2019-12-08,2019120801002786,ILBS,57,58,10,525.00,"5,250.00"
2019-12-08,2019120801002599,ILBS,16,41,28,521.00,"14,588.00"
2019-12-08,2019120801002598,ILBS,16,41,30,521.00,"15,630.00"
