Date,Transact. No.,Symbol,Buyer,Seller,Quantity,Rate,Amount
2020-01-06,2020010601010562,ADBL,5,35,10,371.00,"3,710.00"
2020-01-06,2020010601010561,ADBL,5,39,100,370.00,"37,000.00"
2020-01-06,2020010601010560,ADBL,5,36,178,370.00,"65,860.00"
2020-01-06,2020010601010559,ADBL,5,45,17,370.00,"6,290.00"
2020-01-06,2020010601010558,ADBL,5,41,400,370.00,"148,000.00"
2020-01-06,2020010601010557,ADBL,5,41,300,370.00,"111,000.00"
2020-01-06,2020010601010556,ADBL,5,51,500,370.00,"185,000.00"
2020-01-06,2020010601010555,ADBL,5,45,148,370.00,"54,760.00"
2020-01-06,2020010601010430,ADBL,36,45,30,370.00,"11,100.00"
2020-01-06,2020010601010701,AKPL,25,48,13,116.00,"1,508.00"
2020-01-06,2020010601010700,AKPL,25,57,200,116.00,"23,200.00"
2020-01-06,2020010601010699,AKPL,25,48,368,116.00,"42,688.00"
2020-01-06,2020010601010698,AKPL,25,7,"1,000",115.00,"115,000.00"
2020-01-06,2020010601010697,AKPL,25,45,13,115.00,"1,495.00"
2020-01-06,2020010601010696,AKPL,25,34,100,114.00,"11,400.00"
2020-01-06,2020010601010676,AKPL,25,34,"1,500",114.00,"171,000.00"
2020-01-06,2020010601010726,ALBSL,34,58,50,532.00,"26,600.00"
2020-01-06,2020010601010277,ALBSL,25,21,10,526.00,"5,260.00"
2020-01-06,2020010601010237,ALBSL,34,46,50,531.00,"26,550.00"
2020-01-06,2020010601010583,ALBSL,42,46,100,525.00,"52,500.00"
2020-01-06,2020010601010548,ALBSL,34,46,140,531.00,"74,340.00"
2020-01-06,2020010601010544,ALBSL,25,46,35,526.00,"18,410.00"
2020-01-06,2020010601010393,ALBSL,25,22,100,526.00,"52,600.00"
2020-01-06,2020010601010661,ALICL,38,16,445,380.00,"169,100.00"
2020-01-06,2020010601010582,ALICL,57,1,100,382.00,"38,200.00"
2020-01-06,2020010601010469,ALICL,38,16,555,380.00,"210,900.00"
2020-01-06,2020010601010468,ALICL,26,16,355,380.00,"134,900.00"
2020-01-06,2020010601010431,ALICL,59,46,50,381.00,"19,050.00"
2020-01-06,2020010601010478,API,25,43,72,111.00,"7,992.00"
2020-01-06,2020010601010477,API,25,11,100,110.00,"11,000.00"
2020-01-06,2020010601010476,API,25,34,29,110.00,"3,190.00"
2020-01-06,2020010601010475,API,25,37,300,110.00,"33,000.00"
2020-01-06,2020010601010474,API,25,6,100,110.00,"11,000.00"
2020-01-06,2020010601010473,API,25,38,500,110.00,"55,000.00"
2020-01-06,2020010601010403,API,13,25,110,107.00,"11,770.00"
2020-01-06,2020010601010402,API,19,25,390,108.00,"42,120.00"
2020-01-06,2020010601010472,API,25,34,29,110.00,"3,190.00"
2020-01-06,2020010601010443,API,25,42,100,109.00,"10,900.00"
2020-01-06,2020010601010442,API,25,6,11,109.00,"1,199.00"
2020-01-06,2020010601010441,API,25,6,242,109.00,"26,378.00"
2020-01-06,2020010601010440,API,25,13,17,109.00,"1,853.00"
2020-01-06,2020010601010439,API,25,58,500,109.00,"54,500.00"
2020-01-06,2020010601010618,BFC,35,59,100,86.00,"8,600.00"
2020-01-06,2020010601010414,BOKL,42,40,10,223.00,"2,230.00"
2020-01-06,2020010601010413,BOKL,42,59,280,222.00,"62,160.00"
2020-01-06,2020010601010385,BOKL,34,42,"2,000",220.00,"440,000.00"
2020-01-06,2020010601010343,BOKL,42,40,10,223.00,"2,230.00"
2020-01-06,2020010601010342,BOKL,42,47,150,222.00,"33,300.00"
2020-01-06,2020010601010326,BOKL,42,45,200,222.00,"44,400.00"
2020-01-06,2020010601010325,BOKL,42,45,187,221.00,"41,327.00"
2020-01-06,2020010601010497,BPCL,33,22,10,308.00,"3,080.00"
2020-01-06,2020010601010377,BPCL,49,3,31,305.00,"9,455.00"
2020-01-06,2020010601010376,BPCL,49,3,100,306.00,"30,600.00"
2020-01-06,2020010601010375,BPCL,43,3,22,306.00,"6,732.00"
2020-01-06,2020010601010374,BPCL,43,3,25,306.00,"7,650.00"
2020-01-06,2020010601010373,BPCL,43,3,11,306.00,"3,366.00"
2020-01-06,2020010601010372,BPCL,43,3,11,306.00,"3,366.00"
2020-01-06,2020010601010642,CBBL,4,49,45,830.00,"37,350.00"
2020-01-06,2020010601010610,CBBL,4,34,200,829.00,"165,800.00"
2020-01-06,2020010601010432,CBBL,46,41,100,828.00,"82,800.00"
2020-01-06,2020010601010254,CBBL,4,38,10,827.00,"8,270.00"
2020-01-06,2020010601010253,CBBL,42,38,40,827.00,"33,080.00"
2020-01-06,2020010601010457,CBL,43,58,10,138.00,"1,380.00"
2020-01-06,2020010601010417,CBL,34,59,"1,000",137.00,"137,000.00"
2020-01-06,2020010601010390,CBL,34,49,22,137.00,"3,014.00"
2020-01-06,2020010601010464,CCBL,41,16,197,167.00,"32,899.00"
2020-01-06,2020010601010463,CCBL,46,16,"1,000",167.00,"167,000.00"
2020-01-06,2020010601010462,CCBL,4,16,803,167.00,"134,101.00"
2020-01-06,2020010601010516,CHCL,45,13,400,364.00,"145,600.00"
2020-01-06,2020010601010359,CIT,40,58,150,"2,102.00","315,300.00"
2020-01-06,2020010601010327,CIT,43,11,358,"2,100.00","751,800.00"
2020-01-06,2020010601010311,CIT,43,54,100,"2,100.00","210,000.00"
2020-01-06,2020010601010427,CZBIL,50,16,200,195.00,"39,000.00"
2020-01-06,2020010601010426,CZBIL,41,16,500,195.00,"97,500.00"
2020-01-06,2020010601010378,CZBIL,47,14,20,196.00,"3,920.00"
2020-01-06,2020010601010671,DBBL,51,56,10,144.00,"1,440.00"
2020-01-06,2020010601010508,EBL,4,29,13,558.00,"7,254.00"
2020-01-06,2020010601010338,EBL,39,29,50,559.00,"27,950.00"
2020-01-06,2020010601010337,EBL,41,29,200,559.00,"111,800.00"
2020-01-06,2020010601010245,EBL,58,44,463,560.00,"259,280.00"
2020-01-06,2020010601010551,EIC,33,39,50,272.00,"13,600.00"
2020-01-06,2020010601010550,EIC,17,39,50,272.00,"13,600.00"
2020-01-06,2020010601010291,EIC,43,17,250,274.00,"68,500.00"
2020-01-06,2020010601010718,FMDBL,42,14,500,347.00,"173,500.00"
2020-01-06,2020010601010717,FMDBL,42,56,172,347.00,"59,684.00"
2020-01-06,2020010601010712,FMDBL,33,56,50,347.00,"17,350.00"
2020-01-06,2020010601010711,FMDBL,33,33,50,347.00,"17,350.00"
2020-01-06,2020010601010371,FMDBL,37,33,340,347.00,"117,980.00"
2020-01-06,2020010601010335,FMDBL,25,16,351,345.00,"121,095.00"
2020-01-06,2020010601010334,FMDBL,56,16,49,345.00,"16,905.00"
2020-01-06,2020010601010719,FOWAD,14,39,20,"1,117.00","22,340.00"
2020-01-06,2020010601010682,FOWAD,53,39,10,"1,117.00","11,170.00"
2020-01-06,2020010601010268,GBBL,22,51,70,209.00,"14,630.00"
2020-01-06,2020010601010668,GBLBS,32,58,"1,000",357.00,"357,000.00"
2020-01-06,2020010601010667,GBLBS,21,58,30,357.00,"10,710.00"
2020-01-06,2020010601010666,GBLBS,14,58,500,358.00,"179,000.00"
2020-01-06,2020010601010665,GBLBS,4,58,299,359.00,"107,341.00"
2020-01-06,2020010601010664,GBLBS,47,58,100,359.00,"35,900.00"
2020-01-06,2020010601010663,GBLBS,5,58,500,359.00,"179,500.00"
2020-01-06,2020010601010328,GBLBS,39,34,49,363.00,"17,787.00"
2020-01-06,2020010601010630,GBLBS,26,58,284,362.00,"102,808.00"
2020-01-06,2020010601010333,GBLBS,26,34,"1,066",362.00,"385,892.00"
2020-01-06,2020010601010332,GBLBS,41,34,"1,000",362.00,"362,000.00"
2020-01-06,2020010601010331,GBLBS,38,34,100,362.00,"36,200.00"
2020-01-06,2020010601010330,GBLBS,28,34,300,362.00,"108,600.00"
2020-01-06,2020010601010329,GBLBS,6,34,485,362.00,"175,570.00"
2020-01-06,2020010601010636,GBLBS,53,58,100,360.00,"36,000.00"
2020-01-06,2020010601010635,GBLBS,56,58,"1,000",360.00,"360,000.00"
2020-01-06,2020010601010634,GBLBS,5,58,500,360.00,"180,000.00"
2020-01-06,2020010601010633,GBLBS,48,58,"2,000",361.00,"722,000.00"
2020-01-06,2020010601010632,GBLBS,46,58,"1,000",361.00,"361,000.00"
2020-01-06,2020010601010631,GBLBS,46,58,110,361.00,"39,710.00"
2020-01-06,2020010601010662,GBLBS,38,58,200,359.00,"71,800.00"
2020-01-06,2020010601010641,GBLBS,19,58,250,360.00,"90,000.00"
2020-01-06,2020010601010640,GBLBS,26,58,60,360.00,"21,600.00"
2020-01-06,2020010601010639,GBLBS,21,58,20,360.00,"7,200.00"
2020-01-06,2020010601010638,GBLBS,26,58,500,360.00,"180,000.00"
2020-01-06,2020010601010637,GBLBS,55,58,100,360.00,"36,000.00"
2020-01-06,2020010601010370,GILB,28,44,10,949.00,"9,490.00"
2020-01-06,2020010601010339,GILB,28,34,10,942.00,"9,420.00"
2020-01-06,2020010601010504,GLICL,17,57,200,461.00,"92,200.00"
2020-01-06,2020010601010494,GLICL,47,29,20,463.00,"9,260.00"
2020-01-06,2020010601010235,GLICL,17,38,135,461.00,"62,235.00"
2020-01-06,2020010601010234,GLICL,7,38,65,461.00,"29,965.00"
2020-01-06,2020010601010455,GMFBS,58,1,30,611.00,"18,330.00"
2020-01-06,2020010601010454,GMFBS,58,38,20,610.00,"12,200.00"
2020-01-06,2020010601010453,GMFBS,58,38,10,610.00,"6,100.00"
2020-01-06,2020010601010452,GMFBS,58,33,10,609.00,"6,090.00"
2020-01-06,2020010601010451,GMFBS,58,34,10,608.00,"6,080.00"
2020-01-06,2020010601010450,GMFBS,58,28,100,608.00,"60,800.00"
2020-01-06,2020010601010449,GMFBS,58,56,10,605.00,"6,050.00"
2020-01-06,2020010601010448,GMFBS,58,4,10,605.00,"6,050.00"
2020-01-06,2020010601010447,GMFBS,58,33,70,605.00,"42,350.00"
2020-01-06,2020010601010295,GMFIL,41,42,490,117.00,"57,330.00"
2020-01-06,2020010601010721,HDL,38,52,90,"1,211.00","108,990.00"
2020-01-06,2020010601010506,HDL,38,52,60,"1,214.00","72,840.00"
2020-01-06,2020010601010505,HDL,38,28,50,"1,213.00","60,650.00"
2020-01-06,2020010601010267,HGI,58,45,280,289.00,"80,920.00"
2020-01-06,2020010601010627,HIDCL,50,44,10,136.00,"1,360.00"
2020-01-06,2020010601010626,HIDCL,50,6,31,135.00,"4,185.00"
2020-01-06,2020010601010709,ILBS,18,33,274,583.00,"159,742.00"
2020-01-06,2020010601010690,ILBS,22,33,100,583.00,"58,300.00"
2020-01-06,2020010601010576,JBBL,42,36,106,153.00,"16,218.00"
2020-01-06,2020010601010575,JBBL,42,35,94,153.00,"14,382.00"
2020-01-06,2020010601010351,JBBL,57,35,100,153.00,"15,300.00"
2020-01-06,2020010601010400,JFL,25,16,50,161.00,"8,050.00"
2020-01-06,2020010601010399,JFL,17,16,100,161.00,"16,100.00"
2020-01-06,2020010601010501,JOSHI,17,6,20,65.00,"1,300.00"
2020-01-06,2020010601010500,JOSHI,17,6,20,65.00,"1,300.00"
2020-01-06,2020010601010617,JSLBB,51,45,10,"1,235.00","12,350.00"
2020-01-06,2020010601010707,KBL,58,55,625,186.00,"116,250.00"
2020-01-06,2020010601010706,KBL,58,43,133,185.00,"24,605.00"
2020-01-06,2020010601010705,KBL,58,43,"1,000",185.00,"185,000.00"
2020-01-06,2020010601010704,KBL,58,19,142,185.00,"26,270.00"
2020-01-06,2020010601010703,KBL,58,35,100,185.00,"18,500.00"
2020-01-06,2020010601010678,KBL,58,34,50,185.00,"9,250.00"
2020-01-06,2020010601010316,KBL,56,26,200,185.00,"37,000.00"
2020-01-06,2020010601010315,KBL,56,26,50,185.00,"9,250.00"
2020-01-06,2020010601010677,KBL,58,43,358,185.00,"66,230.00"
2020-01-06,2020010601010436,KBL,58,43,642,185.00,"118,770.00"
2020-01-06,2020010601010435,KBL,58,55,100,185.00,"18,500.00"
2020-01-06,2020010601010434,KBL,58,26,258,185.00,"47,730.00"
2020-01-06,2020010601010433,KBL,58,43,"2,000",184.00,"368,000.00"
2020-01-06,2020010601010341,KBL,58,47,12,184.00,"2,208.00"
2020-01-06,2020010601010241,KPCL,45,42,10,85.00,850.00
2020-01-06,2020010601010240,KPCL,45,41,10,85.00,850.00
2020-01-06,2020010601010577,KSBBL,58,57,63,139.00,"8,757.00"
2020-01-06,2020010601010525,KSBBL,21,40,317,136.00,"43,112.00"
2020-01-06,2020010601010524,KSBBL,58,40,938,136.00,"127,568.00"
2020-01-06,2020010601010523,KSBBL,22,40,100,137.00,"13,700.00"
2020-01-06,2020010601010522,KSBBL,32,40,100,137.00,"13,700.00"
2020-01-06,2020010601010521,KSBBL,21,40,110,137.00,"15,070.00"
2020-01-06,2020010601010520,KSBBL,17,40,400,137.00,"54,800.00"
2020-01-06,2020010601010692,LBBL,33,45,"1,909",198.00,"377,982.00"
2020-01-06,2020010601010649,LBBL,17,45,91,198.00,"18,018.00"
2020-01-06,2020010601010625,LBBL,17,42,909,198.00,"179,982.00"
2020-01-06,2020010601010624,LBBL,1,42,20,198.00,"3,960.00"
2020-01-06,2020010601010623,LBBL,51,42,471,198.00,"93,258.00"
2020-01-06,2020010601010243,LBBL,17,25,316,198.00,"62,568.00"
2020-01-06,2020010601010242,LBBL,17,42,100,198.00,"19,800.00"
2020-01-06,2020010601010498,LBBL,25,28,10,199.00,"1,990.00"
2020-01-06,2020010601010422,LBBL,51,29,29,198.00,"5,742.00"
2020-01-06,2020010601010609,LICN,45,58,30,"1,099.00","32,970.00"
2020-01-06,2020010601010608,LICN,47,58,10,"1,100.00","11,000.00"
2020-01-06,2020010601010607,LICN,25,58,10,"1,100.00","11,000.00"
2020-01-06,2020010601010547,LICN,25,56,10,"1,102.00","11,020.00"
2020-01-06,2020010601010365,LICN,45,57,20,"1,099.00","21,980.00"
2020-01-06,2020010601010244,LICN,45,5,75,"1,099.00","82,425.00"
2020-01-06,2020010601010685,MBL,49,49,"20,000",220.00,"4,400,000.00"
2020-01-06,2020010601010545,MBL,49,49,"50,000",220.00,"11,000,000.00"
2020-01-06,2020010601010513,MBL,29,29,39,222.00,"8,658.00"
2020-01-06,2020010601010479,MBL,29,49,298,222.00,"66,156.00"
2020-01-06,2020010601010418,MBL,49,49,"25,000",220.00,"5,500,000.00"
2020-01-06,2020010601010356,MBL,49,49,"15,000",220.00,"3,300,000.00"
2020-01-06,2020010601010260,MBL,50,49,300,223.00,"66,900.00"
2020-01-06,2020010601010259,MBL,43,49,"1,000",223.00,"223,000.00"
2020-01-06,2020010601010258,MBL,21,49,218,223.00,"48,614.00"
2020-01-06,2020010601010257,MBL,50,49,500,223.00,"111,500.00"
2020-01-06,2020010601010256,MBL,6,49,342,223.00,"76,266.00"
2020-01-06,2020010601010255,MBL,45,49,305,223.00,"68,015.00"
2020-01-06,2020010601010266,MBL,50,49,"2,000",222.00,"444,000.00"
2020-01-06,2020010601010265,MBL,26,49,500,222.00,"111,000.00"
2020-01-06,2020010601010264,MBL,49,49,200,222.00,"44,400.00"
2020-01-06,2020010601010263,MBL,57,49,323,222.00,"71,706.00"
2020-01-06,2020010601010262,MBL,47,49,14,222.00,"3,108.00"
2020-01-06,2020010601010261,MBL,14,49,"1,000",223.00,"223,000.00"
2020-01-06,2020010601010406,MDB,25,6,100,257.00,"25,700.00"
2020-01-06,2020010601010405,MDB,35,6,11,257.00,"2,827.00"
2020-01-06,2020010601010629,MEGA,43,1,10,193.00,"1,930.00"
2020-01-06,2020010601010599,MEGA,35,47,200,192.00,"38,400.00"
2020-01-06,2020010601010598,MEGA,35,50,500,192.00,"96,000.00"
2020-01-06,2020010601010597,MEGA,35,1,60,192.00,"11,520.00"
2020-01-06,2020010601010596,MEGA,35,1,60,192.00,"11,520.00"
2020-01-06,2020010601010595,MEGA,35,1,60,192.00,"11,520.00"
2020-01-06,2020010601010285,MEGA,29,55,500,191.00,"95,500.00"
2020-01-06,2020010601010284,MEGA,29,44,106,191.00,"20,246.00"
2020-01-06,2020010601010283,MEGA,29,25,200,191.00,"38,200.00"
2020-01-06,2020010601010306,MEGA,35,48,36,191.00,"6,876.00"
2020-01-06,2020010601010290,MEGA,29,48,114,191.00,"21,774.00"
2020-01-06,2020010601010289,MEGA,29,34,500,191.00,"95,500.00"
2020-01-06,2020010601010288,MEGA,29,34,500,191.00,"95,500.00"
2020-01-06,2020010601010287,MEGA,29,25,500,191.00,"95,500.00"
2020-01-06,2020010601010286,MEGA,29,57,200,191.00,"38,200.00"
2020-01-06,2020010601010344,MEGA,35,28,"2,000",191.00,"382,000.00"
2020-01-06,2020010601010340,MEGA,43,26,10,192.00,"1,920.00"
2020-01-06,2020010601010310,MEGA,35,48,44,191.00,"8,404.00"
2020-01-06,2020010601010309,MEGA,35,48,33,191.00,"6,303.00"
2020-01-06,2020010601010308,MEGA,35,42,200,191.00,"38,200.00"
2020-01-06,2020010601010307,MEGA,35,21,500,191.00,"95,500.00"
2020-01-06,2020010601010588,MEGA,35,57,500,192.00,"96,000.00"
2020-01-06,2020010601010587,MEGA,35,28,"1,000",192.00,"192,000.00"
2020-01-06,2020010601010586,MEGA,35,42,625,192.00,"120,000.00"
2020-01-06,2020010601010585,MEGA,35,26,780,192.00,"149,760.00"
2020-01-06,2020010601010512,MEGA,43,26,10,192.00,"1,920.00"
2020-01-06,2020010601010507,MEGA,35,49,350,191.00,"66,850.00"
2020-01-06,2020010601010594,MEGA,35,1,200,192.00,"38,400.00"
2020-01-06,2020010601010593,MEGA,35,1,15,192.00,"2,880.00"
2020-01-06,2020010601010592,MEGA,35,1,200,192.00,"38,400.00"
2020-01-06,2020010601010591,MEGA,35,37,500,192.00,"96,000.00"
2020-01-06,2020010601010590,MEGA,35,40,"1,000",192.00,"192,000.00"
2020-01-06,2020010601010589,MEGA,35,59,"1,000",192.00,"192,000.00"
2020-01-06,2020010601010660,MERO,58,19,100,490.00,"49,000.00"
2020-01-06,2020010601010659,MERO,58,45,190,490.00,"93,100.00"
2020-01-06,2020010601010658,MERO,58,59,50,489.00,"24,450.00"
2020-01-06,2020010601010643,MERO,38,19,500,486.00,"243,000.00"
2020-01-06,2020010601010355,MERO,34,45,10,490.00,"4,900.00"
2020-01-06,2020010601010354,MERO,34,32,"1,027",486.00,"499,122.00"
2020-01-06,2020010601010336,MERO,4,45,140,485.00,"67,900.00"
2020-01-06,2020010601010236,MERO,17,32,10,486.00,"4,860.00"
2020-01-06,2020010601010571,MNBBL,33,16,123,285.00,"35,055.00"
2020-01-06,2020010601010570,MNBBL,33,43,59,284.00,"16,756.00"
2020-01-06,2020010601010541,MNBBL,34,49,112,283.00,"31,696.00"
2020-01-06,2020010601010320,MNBBL,22,49,50,283.00,"14,150.00"
2020-01-06,2020010601010305,MNBBL,55,49,38,283.00,"10,754.00"
2020-01-06,2020010601010421,MSMBS,36,32,50,599.00,"29,950.00"
2020-01-06,2020010601010420,MSMBS,36,29,50,599.00,"29,950.00"
2020-01-06,2020010601010419,MSMBS,36,58,20,592.00,"11,840.00"
2020-01-06,2020010601010395,MSMBS,55,36,100,590.00,"59,000.00"
2020-01-06,2020010601010281,MSMBS,26,36,10,590.00,"5,900.00"
2020-01-06,2020010601010280,MSMBS,26,49,90,590.00,"53,100.00"
2020-01-06,2020010601010621,NABIL,43,25,10,713.00,"7,130.00"
2020-01-06,2020010601010620,NABIL,43,11,150,713.00,"106,950.00"
2020-01-06,2020010601010619,NABIL,43,49,293,713.00,"208,909.00"
2020-01-06,2020010601010578,NABIL,25,42,20,712.00,"14,240.00"
2020-01-06,2020010601010553,NABIL,7,49,135,713.00,"96,255.00"
2020-01-06,2020010601010348,NABIL,38,49,30,713.00,"21,390.00"
2020-01-06,2020010601010324,NABIL,6,49,42,713.00,"29,946.00"
2020-01-06,2020010601010323,NABIL,6,6,50,713.00,"35,650.00"
2020-01-06,2020010601010322,NABIL,6,11,42,713.00,"29,946.00"
2020-01-06,2020010601010304,NABIL,26,11,300,713.00,"213,900.00"
2020-01-06,2020010601010272,NABIL,37,11,100,713.00,"71,300.00"
2020-01-06,2020010601010314,NADEP,21,41,20,519.00,"10,380.00"
2020-01-06,2020010601010282,NADEP,17,11,10,524.00,"5,240.00"
2020-01-06,2020010601010567,NBB,56,13,50,196.00,"9,800.00"
2020-01-06,2020010601010527,NBB,28,13,10,196.00,"1,960.00"
2020-01-06,2020010601010725,NBL,33,45,100,274.00,"27,400.00"
2020-01-06,2020010601010684,NBL,14,45,50,274.00,"13,700.00"
2020-01-06,2020010601010492,NBL,46,29,30,273.00,"8,190.00"
2020-01-06,2020010601010349,NBL,34,45,425,274.00,"116,450.00"
2020-01-06,2020010601010716,NCCB,51,42,500,204.00,"102,000.00"
2020-01-06,2020010601010615,NCCB,56,56,"2,000",205.00,"410,000.00"
2020-01-06,2020010601010614,NCCB,50,56,500,205.00,"102,500.00"
2020-01-06,2020010601010613,NCCB,41,56,"1,000",205.00,"205,000.00"
2020-01-06,2020010601010612,NCCB,44,56,"5,000",205.00,"1,025,000.00"
2020-01-06,2020010601010611,NCCB,44,56,500,205.00,"102,500.00"
2020-01-06,2020010601010554,NCCB,44,56,50,206.00,"10,300.00"
2020-01-06,2020010601010429,NFS,57,11,120,135.00,"16,200.00"
2020-01-06,2020010601010238,NFS,49,11,200,135.00,"27,000.00"
2020-01-06,2020010601010252,NHDL,56,25,10,112.00,"1,120.00"
2020-01-06,2020010601010689,NIB,50,56,11,401.00,"4,411.00"
2020-01-06,2020010601010467,NIB,50,1,100,402.00,"40,200.00"
2020-01-06,2020010601010389,NIB,19,17,500,401.00,"200,500.00"
2020-01-06,2020010601010648,NIBPO,4,17,487,376.00,"183,112.00"
2020-01-06,2020010601010503,NIBPO,28,17,513,376.00,"192,888.00"
2020-01-06,2020010601010670,NICA,56,58,300,440.00,"132,000.00"
2020-01-06,2020010601010600,NICA,39,54,11,438.00,"4,818.00"
2020-01-06,2020010601010531,NICA,39,19,12,438.00,"5,256.00"
2020-01-06,2020010601010530,NICA,58,19,88,439.00,"38,632.00"
2020-01-06,2020010601010493,NICA,42,58,50,440.00,"22,000.00"
2020-01-06,2020010601010404,NICA,58,59,100,439.00,"43,900.00"
2020-01-06,2020010601010233,NICA,34,57,10,440.00,"4,400.00"
2020-01-06,2020010601010386,NICA,56,58,500,439.00,"219,500.00"
2020-01-06,2020010601010363,NICA,58,51,72,439.00,"31,608.00"
2020-01-06,2020010601010276,NICA,25,51,100,439.00,"43,900.00"
2020-01-06,2020010601010275,NICA,58,51,500,439.00,"219,500.00"
2020-01-06,2020010601010274,NICA,49,51,828,439.00,"363,492.00"
2020-01-06,2020010601010239,NICA,34,58,90,440.00,"39,600.00"
2020-01-06,2020010601010672,NICL,21,42,20,313.00,"6,260.00"
2020-01-06,2020010601010412,NICL,39,16,66,317.00,"20,922.00"
2020-01-06,2020010601010411,NICL,39,56,100,317.00,"31,700.00"
2020-01-06,2020010601010410,NICL,39,47,34,316.00,"10,744.00"
2020-01-06,2020010601010702,NIL,57,47,500,404.00,"202,000.00"
2020-01-06,2020010601010656,NIL,58,47,100,404.00,"40,400.00"
2020-01-06,2020010601010566,NIL,29,47,233,404.00,"94,132.00"
2020-01-06,2020010601010565,NIL,29,6,267,404.00,"107,868.00"
2020-01-06,2020010601010546,NIL,47,6,100,404.00,"40,400.00"
2020-01-06,2020010601010517,NIL,47,6,33,404.00,"13,332.00"
2020-01-06,2020010601010294,NIL,25,46,100,403.00,"40,300.00"
2020-01-06,2020010601010496,NIL,28,55,179,403.00,"72,137.00"
2020-01-06,2020010601010409,NIL,47,55,200,403.00,"80,600.00"
2020-01-06,2020010601010350,NIL,7,55,500,403.00,"201,500.00"
2020-01-06,2020010601010319,NIL,57,55,121,403.00,"48,763.00"
2020-01-06,2020010601010318,NIL,57,19,125,403.00,"50,375.00"
2020-01-06,2020010601010317,NIL,57,46,24,403.00,"9,672.00"
2020-01-06,2020010601010364,NLBBL,51,53,100,529.00,"52,900.00"
2020-01-06,2020010601010292,NLBBL,52,45,100,530.00,"53,000.00"
2020-01-06,2020010601010529,NLG,6,56,12,614.00,"7,368.00"
2020-01-06,2020010601010528,NLG,6,19,156,610.00,"95,160.00"
2020-01-06,2020010601010251,NLG,55,29,57,606.00,"34,542.00"
2020-01-06,2020010601010651,NLIC,14,7,19,966.00,"18,354.00"
2020-01-06,2020010601010650,NLIC,14,19,141,965.00,"136,065.00"
2020-01-06,2020010601010515,NLIC,6,19,30,965.00,"28,950.00"
2020-01-06,2020010601010514,NLIC,37,19,50,965.00,"48,250.00"
2020-01-06,2020010601010407,NLIC,39,22,20,967.00,"19,340.00"
2020-01-06,2020010601010552,NLICL,43,45,10,491.00,"4,910.00"
2020-01-06,2020010601010416,NLICL,34,57,70,490.00,"34,300.00"
2020-01-06,2020010601010674,NMB,43,21,97,334.00,"32,398.00"
2020-01-06,2020010601010673,NMB,41,21,103,334.00,"34,402.00"
2020-01-06,2020010601010495,NMB,34,10,100,335.00,"33,500.00"
2020-01-06,2020010601010490,NMB,41,57,182,334.00,"60,788.00"
2020-01-06,2020010601010471,NMB,58,57,500,334.00,"167,000.00"
2020-01-06,2020010601010466,NMB,42,57,18,334.00,"6,012.00"
2020-01-06,2020010601010465,NMB,42,54,82,334.00,"27,388.00"
2020-01-06,2020010601010425,NMB,7,54,290,334.00,"96,860.00"
2020-01-06,2020010601010347,NMB,48,54,500,334.00,"167,000.00"
2020-01-06,2020010601010346,NMB,53,54,100,334.00,"33,400.00"
2020-01-06,2020010601010345,NMB,53,54,28,334.00,"9,352.00"
2020-01-06,2020010601010491,NMBHF1,56,57,"5,000",8.90,"44,500.00"
2020-01-06,2020010601010679,NMBMF,59,19,10,630.00,"6,300.00"
2020-01-06,2020010601010549,NMBMF,21,6,90,625.00,"56,250.00"
2020-01-06,2020010601010526,NMBMF,11,6,10,625.00,"6,250.00"
2020-01-06,2020010601010296,NNLB,7,32,45,531.00,"23,895.00"
2020-01-06,2020010601010387,NTC,54,59,50,618.00,"30,900.00"
2020-01-06,2020010601010360,NTC,43,59,10,618.00,"6,180.00"
2020-01-06,2020010601010269,NTC,19,42,30,612.00,"18,360.00"
2020-01-06,2020010601010569,NUBL,17,29,140,822.00,"115,080.00"
2020-01-06,2020010601010602,OHL,34,19,10,476.00,"4,760.00"
2020-01-06,2020010601010715,PCBL,11,1,429,245.00,"105,105.00"
2020-01-06,2020010601010628,PCBL,11,34,71,244.00,"17,324.00"
2020-01-06,2020010601010249,PCBL,13,59,271,243.00,"65,853.00"
2020-01-06,2020010601010652,PFL,13,55,900,135.00,"121,500.00"
2020-01-06,2020010601010444,PFL,13,13,100,134.00,"13,400.00"
2020-01-06,2020010601010446,PIC,42,35,50,417.00,"20,850.00"
2020-01-06,2020010601010445,PIC,56,35,50,417.00,"20,850.00"
2020-01-06,2020010601010584,PICL,6,42,20,439.00,"8,780.00"
2020-01-06,2020010601010519,PICL,7,41,152,436.00,"66,272.00"
2020-01-06,2020010601010518,PICL,7,41,90,437.00,"39,330.00"
2020-01-06,2020010601010384,PLIC,42,48,306,374.00,"114,444.00"
2020-01-06,2020010601010383,PLIC,38,48,500,374.00,"187,000.00"
2020-01-06,2020010601010382,PLIC,6,48,589,375.00,"220,875.00"
2020-01-06,2020010601010710,PRVU,25,57,"3,000",234.00,"702,000.00"
2020-01-06,2020010601010616,PRVU,25,42,100,236.00,"23,600.00"
2020-01-06,2020010601010539,PRVU,25,59,290,235.00,"68,150.00"
2020-01-06,2020010601010538,PRVU,25,6,"1,000",235.00,"235,000.00"
2020-01-06,2020010601010537,PRVU,25,38,"1,500",235.00,"352,500.00"
2020-01-06,2020010601010229,PRVU,35,34,"3,000",234.00,"702,000.00"
2020-01-06,2020010601010228,PRVU,35,28,134,234.00,"31,356.00"
2020-01-06,2020010601010227,PRVU,35,28,106,234.00,"24,804.00"
2020-01-06,2020010601010428,PRVU,35,59,500,233.00,"116,500.00"
2020-01-06,2020010601010392,PRVU,35,43,"2,000",233.00,"466,000.00"
2020-01-06,2020010601010391,PRVU,35,25,179,233.00,"41,707.00"
2020-01-06,2020010601010232,PRVU,35,43,40,234.00,"9,360.00"
2020-01-06,2020010601010231,PRVU,35,44,"1,512",234.00,"353,808.00"
2020-01-06,2020010601010230,PRVU,35,36,600,234.00,"140,400.00"
2020-01-06,2020010601010536,PRVU,25,25,"1,000",235.00,"235,000.00"
2020-01-06,2020010601010535,PRVU,25,28,100,235.00,"23,500.00"
2020-01-06,2020010601010534,PRVU,25,42,300,235.00,"70,500.00"
2020-01-06,2020010601010533,PRVU,25,25,200,235.00,"47,000.00"
2020-01-06,2020010601010488,PRVU,35,36,"6,000",233.00,"1,398,000.00"
2020-01-06,2020010601010470,PRVU,35,29,25,233.00,"5,825.00"
2020-01-06,2020010601010714,RBCL,47,57,10,"8,511.00","85,110.00"
2020-01-06,2020010601010657,RBCL,47,42,10,"8,511.00","85,110.00"
2020-01-06,2020010601010408,RBCL,39,6,10,"8,520.00","85,200.00"
2020-01-06,2020010601010461,RHPL,7,59,500,169.00,"84,500.00"
2020-01-06,2020010601010460,RHPL,54,41,40,169.00,"6,760.00"
2020-01-06,2020010601010459,RHPL,54,21,10,169.00,"1,690.00"
2020-01-06,2020010601010312,RHPL,49,21,40,168.00,"6,720.00"
2020-01-06,2020010601010647,RMDC,42,33,100,560.00,"56,000.00"
2020-01-06,2020010601010358,RMDC,8,33,300,560.00,"168,000.00"
2020-01-06,2020010601010675,SABSL,52,21,10,611.00,"6,110.00"
2020-01-06,2020010601010713,SANIMA,14,42,100,326.00,"32,600.00"
2020-01-06,2020010601010279,SANIMA,40,42,100,326.00,"32,600.00"
2020-01-06,2020010601010278,SANIMA,40,34,400,326.00,"130,400.00"
2020-01-06,2020010601010693,SBI,25,42,10,386.00,"3,860.00"
2020-01-06,2020010601010688,SBI,39,19,90,385.00,"34,650.00"
2020-01-06,2020010601010687,SBI,39,37,100,385.00,"38,500.00"
2020-01-06,2020010601010415,SBI,39,40,297,383.00,"113,751.00"
2020-01-06,2020010601010357,SBI,39,17,203,383.00,"77,749.00"
2020-01-06,2020010601010622,SBL,14,45,20,297.00,"5,940.00"
2020-01-06,2020010601010568,SBL,14,59,417,295.00,"123,015.00"
2020-01-06,2020010601010540,SBL,14,59,100,295.00,"29,500.00"
2020-01-06,2020010601010532,SBL,11,59,100,295.00,"29,500.00"
2020-01-06,2020010601010681,SCB,34,4,10,567.00,"5,670.00"
2020-01-06,2020010601010680,SCB,34,43,20,566.00,"11,320.00"
2020-01-06,2020010601010293,SCB,54,43,30,566.00,"16,980.00"
2020-01-06,2020010601010708,SHINE,42,59,10,235.00,"2,350.00"
2020-01-06,2020010601010321,SHINE,49,5,100,234.00,"23,400.00"
2020-01-06,2020010601010720,SHIVM,45,51,10,484.00,"4,840.00"
2020-01-06,2020010601010669,SHIVM,55,57,50,480.00,"24,000.00"
2020-01-06,2020010601010655,SHIVM,32,51,117,484.00,"56,628.00"
2020-01-06,2020010601010654,SHIVM,32,52,283,483.00,"136,689.00"
2020-01-06,2020010601010653,SHIVM,32,50,100,483.00,"48,300.00"
2020-01-06,2020010601010606,SHIVM,32,50,200,483.00,"96,600.00"
2020-01-06,2020010601010271,SHIVM,21,45,500,480.00,"240,000.00"
2020-01-06,2020010601010302,SHIVM,6,45,50,479.00,"23,950.00"
2020-01-06,2020010601010301,SHIVM,33,45,200,479.00,"95,800.00"
2020-01-06,2020010601010300,SHIVM,28,45,200,480.00,"96,000.00"
2020-01-06,2020010601010299,SHIVM,39,45,100,480.00,"48,000.00"
2020-01-06,2020010601010298,SHIVM,21,45,38,480.00,"18,240.00"
2020-01-06,2020010601010297,SHIVM,14,55,40,481.00,"19,240.00"
2020-01-06,2020010601010368,SHIVM,7,45,100,479.00,"47,900.00"
2020-01-06,2020010601010367,SHIVM,28,45,300,479.00,"143,700.00"
2020-01-06,2020010601010366,SHIVM,58,45,88,479.00,"42,152.00"
2020-01-06,2020010601010362,SHIVM,25,58,160,480.00,"76,800.00"
2020-01-06,2020010601010361,SHIVM,25,57,15,480.00,"7,200.00"
2020-01-06,2020010601010303,SHIVM,58,45,412,479.00,"197,348.00"
2020-01-06,2020010601010502,SHIVM,32,52,225,480.00,"108,000.00"
2020-01-06,2020010601010456,SHIVM,39,55,110,481.00,"52,910.00"
2020-01-06,2020010601010438,SHIVM,32,16,275,480.00,"132,000.00"
2020-01-06,2020010601010437,SHIVM,35,16,25,480.00,"12,000.00"
2020-01-06,2020010601010388,SHIVM,53,55,150,481.00,"72,150.00"
2020-01-06,2020010601010369,SHIVM,14,45,412,479.00,"197,348.00"
2020-01-06,2020010601010605,SHIVM,32,34,150,482.00,"72,300.00"
2020-01-06,2020010601010604,SHIVM,32,22,100,482.00,"48,200.00"
2020-01-06,2020010601010603,SHIVM,32,6,50,482.00,"24,100.00"
2020-01-06,2020010601010581,SHIVM,44,45,82,479.00,"39,278.00"
2020-01-06,2020010601010580,SHIVM,14,45,88,479.00,"42,152.00"
2020-01-06,2020010601010579,SHIVM,41,45,100,480.00,"48,000.00"
2020-01-06,2020010601010487,SIC,32,38,25,509.00,"12,725.00"
2020-01-06,2020010601010574,SICL,55,39,88,864.00,"76,032.00"
2020-01-06,2020010601010573,SICL,55,49,60,863.00,"51,780.00"
2020-01-06,2020010601010572,SICL,55,6,22,863.00,"18,986.00"
2020-01-06,2020010601010499,SICL,42,49,10,863.00,"8,630.00"
2020-01-06,2020010601010691,SIFC,43,57,200,141.00,"28,200.00"
2020-01-06,2020010601010273,SJCL,14,21,20,157.00,"3,140.00"
2020-01-06,2020010601010645,SKBBL,4,38,150,870.00,"130,500.00"
2020-01-06,2020010601010644,SKBBL,19,38,50,872.00,"43,600.00"
2020-01-06,2020010601010394,SKBBL,4,42,340,870.00,"295,800.00"
2020-01-06,2020010601010564,SLBBL,58,33,10,619.00,"6,190.00"
2020-01-06,2020010601010563,SLBBL,58,41,100,619.00,"61,900.00"
2020-01-06,2020010601010511,SLBBL,58,32,100,618.00,"61,800.00"
2020-01-06,2020010601010510,SLBBL,58,35,50,617.00,"30,850.00"
2020-01-06,2020010601010509,SLBBL,58,49,40,616.00,"24,640.00"
2020-01-06,2020010601010486,SLBBL,58,37,493,615.00,"303,195.00"
2020-01-06,2020010601010353,SLBBL,58,22,100,611.00,"61,100.00"
2020-01-06,2020010601010352,SLBBL,58,57,151,611.00,"92,261.00"
2020-01-06,2020010601010313,SLBBL,40,21,77,610.00,"46,970.00"
2020-01-06,2020010601010485,SLBBL,58,7,63,615.00,"38,745.00"
2020-01-06,2020010601010484,SLBBL,58,45,100,615.00,"61,500.00"
2020-01-06,2020010601010483,SLBBL,58,38,300,615.00,"184,500.00"
2020-01-06,2020010601010482,SLBBL,58,20,50,615.00,"30,750.00"
2020-01-06,2020010601010481,SLBBL,58,41,350,614.00,"214,900.00"
2020-01-06,2020010601010480,SLBBL,58,39,500,612.00,"306,000.00"
2020-01-06,2020010601010601,SLICL,38,22,50,309.00,"15,450.00"
2020-01-06,2020010601010398,SMFBS,33,28,10,980.00,"9,800.00"
2020-01-06,2020010601010397,SMFBS,33,38,10,980.00,"9,800.00"
2020-01-06,2020010601010396,SMFBS,33,38,10,980.00,"9,800.00"
2020-01-06,2020010601010695,SMFDB,46,14,200,579.00,"115,800.00"
2020-01-06,2020010601010694,SMFDB,46,45,80,578.00,"46,240.00"
2020-01-06,2020010601010724,SRBL,34,50,10,229.00,"2,290.00"
2020-01-06,2020010601010723,SRBL,34,45,50,228.00,"11,400.00"
2020-01-06,2020010601010722,SRBL,34,26,150,228.00,"34,200.00"
2020-01-06,2020010601010686,STC,25,38,10,"1,964.00","19,640.00"
2020-01-06,2020010601010489,STC,5,16,50,"1,950.00","97,500.00"
2020-01-06,2020010601010424,STC,25,39,10,"1,932.00","19,320.00"
2020-01-06,2020010601010423,STC,3,39,10,"1,932.00","19,320.00"
2020-01-06,2020010601010543,SWBBL,4,34,127,899.00,"114,173.00"
2020-01-06,2020010601010542,SWBBL,4,53,123,899.00,"110,577.00"
2020-01-06,2020010601010458,SWBBL,4,22,50,895.00,"44,750.00"
2020-01-06,2020010601010401,SWBBL,4,38,200,895.00,"179,000.00"
2020-01-06,2020010601010248,SWBBL,4,53,377,899.00,"338,923.00"
2020-01-06,2020010601010247,SWBBL,4,43,50,899.00,"44,950.00"
2020-01-06,2020010601010246,SWBBL,4,48,73,898.00,"65,554.00"
2020-01-06,2020010601010646,TRH,3,3,200,284.00,"56,800.00"
2020-01-06,2020010601010683,UIC,5,29,10,298.00,"2,980.00"
2020-01-06,2020010601010250,UPPER,21,10,342,237.00,"81,054.00"
2020-01-06,2020010601010381,UPPER,44,7,"1,602",236.00,"378,072.00"
2020-01-06,2020010601010380,UPPER,44,21,40,236.00,"9,440.00"
2020-01-06,2020010601010379,UPPER,44,10,358,236.00,"84,488.00"
2020-01-06,2020010601010270,VLBS,34,43,13,729.00,"9,477.00"
2020-01-06,2020010601010173,ADBL,51,34,66,368.00,"24,288.00"
2020-01-06,2020010601010096,ADBL,38,45,11,370.00,"4,070.00"
2020-01-06,2020010601009832,ADBL,55,45,500,370.00,"185,000.00"
2020-01-06,2020010601010100,ALBSL,25,21,10,526.00,"5,260.00"
2020-01-06,2020010601009940,ALBSL,25,41,10,526.00,"5,260.00"
2020-01-06,2020010601009875,ALBSL,25,46,10,531.00,"5,310.00"
2020-01-06,2020010601010209,ALICL,26,51,50,380.00,"19,000.00"
2020-01-06,2020010601009866,ALICL,18,46,100,381.00,"38,100.00"
2020-01-06,2020010601009979,API,19,41,10,108.00,"1,080.00"
2020-01-06,2020010601009981,BOKL,34,42,399,220.00,"87,780.00"
2020-01-06,2020010601009976,BOKL,34,42,"1,500",220.00,"330,000.00"
2020-01-06,2020010601009865,BOKL,34,6,101,220.00,"22,220.00"
2020-01-06,2020010601009864,BOKL,25,6,49,221.00,"10,829.00"
2020-01-06,2020010601009857,BPCL,49,7,390,305.00,"118,950.00"
2020-01-06,2020010601009856,BPCL,42,7,250,306.00,"76,500.00"
2020-01-06,2020010601009855,BPCL,20,7,260,306.00,"79,560.00"
2020-01-06,2020010601010171,CBBL,42,38,150,828.00,"124,200.00"
2020-01-06,2020010601010169,CBBL,4,42,460,830.00,"381,800.00"
2020-01-06,2020010601010135,CBBL,52,42,40,830.00,"33,200.00"
2020-01-06,2020010601010016,CBBL,39,34,10,832.00,"8,320.00"
2020-01-06,2020010601010006,CBBL,26,4,50,830.00,"41,500.00"
2020-01-06,2020010601010010,CBL,34,57,"1,000",137.00,"137,000.00"
2020-01-06,2020010601010005,CBL,17,58,100,138.00,"13,800.00"
2020-01-06,2020010601009915,CCBL,4,57,187,167.00,"31,229.00"
2020-01-06,2020010601009914,CCBL,42,57,100,167.00,"16,700.00"
2020-01-06,2020010601009913,CCBL,7,57,213,167.00,"35,571.00"
2020-01-06,2020010601009763,CCBL,7,41,10,167.00,"1,670.00"
2020-01-06,2020010601010086,CFCL,28,45,36,123.00,"4,428.00"
2020-01-06,2020010601010085,CFCL,28,45,40,123.00,"4,920.00"
2020-01-06,2020010601009738,CFCL,43,45,10,123.00,"1,230.00"
2020-01-06,2020010601009863,CHCL,45,33,528,363.00,"191,664.00"
2020-01-06,2020010601009766,CHCL,39,33,100,363.00,"36,300.00"
2020-01-06,2020010601010039,CHL,51,48,10,87.00,870.00
2020-01-06,2020010601010018,CIT,16,11,107,"2,100.00","224,700.00"
2020-01-06,2020010601009895,CIT,43,28,58,"2,100.00","121,800.00"
2020-01-06,2020010601009894,CIT,43,17,30,"2,100.00","63,000.00"
2020-01-06,2020010601009893,CIT,43,46,50,"2,100.00","105,000.00"
2020-01-06,2020010601009892,CIT,43,54,40,"2,100.00","84,000.00"
2020-01-06,2020010601009891,CIT,43,54,40,"2,100.00","84,000.00"
2020-01-06,2020010601009890,CIT,43,42,25,"2,100.00","52,500.00"
2020-01-06,2020010601009860,CIT,14,49,20,"2,098.00","41,960.00"
2020-01-06,2020010601009835,CIT,11,42,75,"2,100.00","157,500.00"
2020-01-06,2020010601009834,CIT,11,53,10,"2,098.00","20,980.00"
2020-01-06,2020010601009833,CIT,11,54,15,"2,095.00","31,425.00"
2020-01-06,2020010601009748,CZBIL,58,14,59,196.00,"11,564.00"
2020-01-06,2020010601009737,CZBIL,58,29,23,195.00,"4,485.00"
2020-01-06,2020010601010131,DDBL,46,38,14,911.00,"12,754.00"
2020-01-06,2020010601010130,DDBL,45,38,90,912.00,"82,080.00"
2020-01-06,2020010601010072,DDBL,45,54,10,912.00,"9,120.00"
2020-01-06,2020010601009801,DDBL,46,45,170,911.00,"154,870.00"
2020-01-06,2020010601010207,EBL,35,44,77,560.00,"43,120.00"
2020-01-06,2020010601010206,EBL,16,44,20,561.00,"11,220.00"
2020-01-06,2020010601010205,EBL,17,44,90,561.00,"50,490.00"
2020-01-06,2020010601010204,EBL,58,44,500,561.00,"280,500.00"
2020-01-06,2020010601010203,EBL,26,44,50,561.00,"28,050.00"
2020-01-06,2020010601010013,EBL,16,54,15,563.00,"8,445.00"
2020-01-06,2020010601009910,EBL,5,54,100,563.00,"56,300.00"
2020-01-06,2020010601009776,EBL,16,38,80,562.00,"44,960.00"
2020-01-06,2020010601010161,EBL,49,58,100,562.00,"56,200.00"
2020-01-06,2020010601010068,EBL,51,29,500,563.00,"281,500.00"
2020-01-06,2020010601010025,EBL,16,29,737,563.00,"414,931.00"
2020-01-06,2020010601010015,EBL,16,4,100,563.00,"56,300.00"
2020-01-06,2020010601010014,EBL,16,8,148,563.00,"83,324.00"
2020-01-06,2020010601010202,FMDBL,56,39,"1,000",345.00,"345,000.00"
2020-01-06,2020010601010198,FMDBL,36,33,100,347.00,"34,700.00"
2020-01-06,2020010601010186,FMDBL,56,33,10,347.00,"3,470.00"
2020-01-06,2020010601010172,FMDBL,56,26,11,345.00,"3,795.00"
2020-01-06,2020010601010152,FMDBL,56,44,10,348.00,"3,480.00"
2020-01-06,2020010601010129,FMDBL,54,56,100,346.00,"34,600.00"
2020-01-06,2020010601010128,FMDBL,42,56,405,346.00,"140,130.00"
2020-01-06,2020010601009781,FMDBL,54,44,85,348.00,"29,580.00"
2020-01-06,2020010601010163,GBBL,5,51,294,209.00,"61,446.00"
2020-01-06,2020010601009909,GBBL,5,50,711,208.00,"147,888.00"
2020-01-06,2020010601009908,GBBL,38,50,100,208.00,"20,800.00"
2020-01-06,2020010601009907,GBBL,5,50,591,208.00,"122,928.00"
2020-01-06,2020010601009782,GBBL,5,1,360,208.00,"74,880.00"
2020-01-06,2020010601009735,GBBL,5,38,49,208.00,"10,192.00"
2020-01-06,2020010601010140,GBLBS,39,16,415,363.00,"150,645.00"
2020-01-06,2020010601010095,GBLBS,39,25,350,363.00,"127,050.00"
2020-01-06,2020010601010091,GBLBS,39,6,50,363.00,"18,150.00"
2020-01-06,2020010601009982,GBLBS,39,7,136,363.00,"49,368.00"
2020-01-06,2020010601009980,GBLBS,39,34,699,364.00,"254,436.00"
2020-01-06,2020010601009960,GBLBS,6,32,15,362.00,"5,430.00"
2020-01-06,2020010601009743,GBLBS,52,10,80,365.00,"29,200.00"
2020-01-06,2020010601009734,GBLBS,52,14,20,365.00,"7,300.00"
2020-01-06,2020010601009922,GBLBS,39,7,50,363.00,"18,150.00"
2020-01-06,2020010601009921,GBLBS,59,7,300,363.00,"108,900.00"
2020-01-06,2020010601009747,GBLBS,39,34,111,364.00,"40,404.00"
2020-01-06,2020010601009746,GBLBS,53,34,"1,000",364.00,"364,000.00"
2020-01-06,2020010601009745,GBLBS,49,34,100,364.00,"36,400.00"
2020-01-06,2020010601009744,GBLBS,39,34,90,364.00,"32,760.00"
2020-01-06,2020010601009923,GILB,49,41,10,924.00,"9,240.00"
2020-01-06,2020010601009826,GLBSL,7,19,130,494.00,"64,220.00"
2020-01-06,2020010601009825,GLBSL,7,44,10,494.00,"4,940.00"
2020-01-06,2020010601009824,GLBSL,7,58,480,493.00,"236,640.00"
2020-01-06,2020010601009823,GLBSL,7,36,80,492.00,"39,360.00"
2020-01-06,2020010601010179,GLICL,7,17,350,462.00,"161,700.00"
2020-01-06,2020010601009896,GLICL,7,46,100,461.00,"46,100.00"
2020-01-06,2020010601009793,GLICL,7,35,35,461.00,"16,135.00"
2020-01-06,2020010601009792,GLICL,34,35,200,461.00,"92,200.00"
2020-01-06,2020010601009791,GLICL,52,35,100,461.00,"46,100.00"
2020-01-06,2020010601009790,GLICL,7,35,50,461.00,"23,050.00"
2020-01-06,2020010601009789,GLICL,57,35,20,461.00,"9,220.00"
2020-01-06,2020010601010063,GMFBS,34,32,140,604.00,"84,560.00"
2020-01-06,2020010601009977,GMFBS,34,41,10,604.00,"6,040.00"
2020-01-06,2020010601009885,GMFBS,34,55,100,604.00,"60,400.00"
2020-01-06,2020010601010055,GMFIL,58,6,"1,000",117.00,"117,000.00"
2020-01-06,2020010601010054,GMFIL,35,6,100,117.00,"11,700.00"
2020-01-06,2020010601010053,GMFIL,45,6,50,117.00,"5,850.00"
2020-01-06,2020010601009959,GMFIL,43,6,"1,000",117.00,"117,000.00"
2020-01-06,2020010601009958,GMFIL,1,6,700,117.00,"81,900.00"
2020-01-06,2020010601009957,GMFIL,39,6,200,117.00,"23,400.00"
2020-01-06,2020010601009956,GMFIL,47,6,100,117.00,"11,700.00"
2020-01-06,2020010601009749,GUFL,6,56,500,110.00,"55,000.00"
2020-01-06,2020010601010052,HBL,14,49,500,528.00,"264,000.00"
2020-01-06,2020010601010051,HBL,14,43,25,527.00,"13,175.00"
2020-01-06,2020010601010050,HBL,14,41,100,527.00,"52,700.00"
2020-01-06,2020010601010049,HBL,14,56,424,527.00,"223,448.00"
2020-01-06,2020010601009949,HBL,5,56,100,527.00,"52,700.00"
2020-01-06,2020010601009888,HBL,46,56,15,527.00,"7,905.00"
2020-01-06,2020010601009887,HBL,46,43,25,526.00,"13,150.00"
2020-01-06,2020010601010073,HDL,47,52,50,"1,211.00","60,550.00"
2020-01-06,2020010601010094,HGI,11,45,100,290.00,"29,000.00"
2020-01-06,2020010601010195,HIDCL,36,6,969,135.00,"130,815.00"
2020-01-06,2020010601010048,HIDCL,36,43,31,135.00,"4,185.00"
2020-01-06,2020010601010079,HPPL,18,48,20,146.00,"2,920.00"
2020-01-06,2020010601009889,HPPL,18,1,270,147.00,"39,690.00"
2020-01-06,2020010601009736,HURJA,41,41,10,103.00,"1,030.00"
2020-01-06,2020010601009883,IGI,44,26,100,319.00,"31,900.00"
2020-01-06,2020010601009882,IGI,44,21,100,319.00,"31,900.00"
2020-01-06,2020010601009872,IGI,44,56,100,316.00,"31,600.00"
2020-01-06,2020010601010001,ILBS,45,21,10,582.00,"5,820.00"
2020-01-06,2020010601010069,JBBL,57,35,306,153.00,"46,818.00"
2020-01-06,2020010601009995,JBBL,57,32,194,153.00,"29,682.00"
2020-01-06,2020010601009970,JOSHI,36,48,20,63.00,"1,260.00"
2020-01-06,2020010601010155,KBL,58,43,793,184.00,"145,912.00"
2020-01-06,2020010601010154,KBL,49,43,600,184.00,"110,400.00"
2020-01-06,2020010601010153,KBL,58,43,607,184.00,"111,688.00"
2020-01-06,2020010601009968,KBL,58,56,"2,393",184.00,"440,312.00"
2020-01-06,2020010601009967,KBL,58,56,"5,000",184.00,"920,000.00"
2020-01-06,2020010601009966,KBL,58,56,"1,607",184.00,"295,688.00"
2020-01-06,2020010601009904,KBL,34,29,200,185.00,"37,000.00"
2020-01-06,2020010601009903,KBL,34,1,300,185.00,"55,500.00"
2020-01-06,2020010601009880,KBL,58,25,332,184.00,"61,088.00"
2020-01-06,2020010601009879,KBL,58,25,68,184.00,"12,512.00"
2020-01-06,2020010601009869,KBL,58,29,58,185.00,"10,730.00"
2020-01-06,2020010601009961,KBL,58,26,492,185.00,"91,020.00"
2020-01-06,2020010601009954,KBL,34,1,500,185.00,"92,500.00"
2020-01-06,2020010601009953,KBL,34,42,250,185.00,"46,250.00"
2020-01-06,2020010601009952,KBL,34,47,200,185.00,"37,000.00"
2020-01-06,2020010601009951,KBL,34,29,48,185.00,"8,880.00"
2020-01-06,2020010601009924,KBL,58,42,61,184.00,"11,224.00"
2020-01-06,2020010601010145,KPCL,38,21,10,84.00,840.00
2020-01-06,2020010601010062,KPCL,38,41,10,84.00,840.00
2020-01-06,2020010601009972,KSBBL,50,6,485,138.00,"66,930.00"
2020-01-06,2020010601010183,LBBL,42,42,100,198.00,"19,800.00"
2020-01-06,2020010601010182,LBBL,41,42,"2,300",198.00,"455,400.00"
2020-01-06,2020010601010148,LBBL,20,59,600,198.00,"118,800.00"
2020-01-06,2020010601010106,LBBL,22,59,391,198.00,"77,418.00"
2020-01-06,2020010601010105,LBBL,22,55,500,198.00,"99,000.00"
2020-01-06,2020010601010104,LBBL,22,33,109,198.00,"21,582.00"
2020-01-06,2020010601009969,LBBL,53,44,189,198.00,"37,422.00"
2020-01-06,2020010601009950,LBBL,34,44,500,198.00,"99,000.00"
2020-01-06,2020010601009902,LBBL,57,44,500,198.00,"99,000.00"
2020-01-06,2020010601009877,LBBL,34,44,500,198.00,"99,000.00"
2020-01-06,2020010601009731,LBBL,34,44,100,198.00,"19,800.00"
2020-01-06,2020010601009727,LBBL,16,44,"1,030",198.00,"203,940.00"
2020-01-06,2020010601010099,LBBL,21,33,80,198.00,"15,840.00"
2020-01-06,2020010601010071,LBBL,53,33,"1,500",198.00,"297,000.00"
2020-01-06,2020010601010056,LBBL,53,33,311,198.00,"61,578.00"
2020-01-06,2020010601010041,LBBL,53,33,500,198.00,"99,000.00"
2020-01-06,2020010601010027,LBBL,34,33,500,198.00,"99,000.00"
2020-01-06,2020010601010026,LBBL,35,33,"1,000",198.00,"198,000.00"
2020-01-06,2020010601010029,LICN,33,5,100,"1,100.00","110,000.00"
2020-01-06,2020010601010028,LICN,50,5,50,"1,100.00","55,000.00"
2020-01-06,2020010601009867,LICN,50,5,75,"1,102.00","82,650.00"
2020-01-06,2020010601009836,LICN,50,29,345,"1,102.00","380,190.00"
2020-01-06,2020010601010078,MBL,43,4,"1,000",224.00,"224,000.00"
2020-01-06,2020010601010077,MBL,38,4,200,224.00,"44,800.00"
2020-01-06,2020010601010076,MBL,26,4,50,224.00,"11,200.00"
2020-01-06,2020010601010075,MBL,21,4,300,224.00,"67,200.00"
2020-01-06,2020010601010074,MBL,54,4,50,224.00,"11,200.00"
2020-01-06,2020010601010174,MDB,6,19,50,258.00,"12,900.00"
2020-01-06,2020010601010019,MEGA,29,43,41,190.00,"7,790.00"
2020-01-06,2020010601009741,MEGA,22,13,200,191.00,"38,200.00"
2020-01-06,2020010601009740,MEGA,29,38,100,190.00,"19,000.00"
2020-01-06,2020010601009933,MEGA,35,35,"7,110",190.00,"1,350,900.00"
2020-01-06,2020010601009925,MEGA,45,13,65,191.00,"12,415.00"
2020-01-06,2020010601009876,MEGA,29,45,65,190.00,"12,350.00"
2020-01-06,2020010601009831,MEGA,45,13,65,191.00,"12,415.00"
2020-01-06,2020010601009827,MEGA,29,45,65,190.00,"12,350.00"
2020-01-06,2020010601010189,MERO,18,32,180,486.00,"87,480.00"
2020-01-06,2020010601010132,MERO,18,16,20,486.00,"9,720.00"
2020-01-06,2020010601010004,MERO,34,43,10,494.00,"4,940.00"
2020-01-06,2020010601009993,MERO,34,56,260,490.00,"127,400.00"
2020-01-06,2020010601009992,MERO,34,48,100,490.00,"49,000.00"
2020-01-06,2020010601009985,MERO,34,59,33,489.00,"16,137.00"
2020-01-06,2020010601009984,MERO,34,32,200,489.00,"97,800.00"
2020-01-06,2020010601009983,MERO,34,57,100,488.00,"48,800.00"
2020-01-06,2020010601009991,MERO,34,43,24,490.00,"11,760.00"
2020-01-06,2020010601009990,MERO,34,57,16,490.00,"7,840.00"
2020-01-06,2020010601009989,MERO,34,8,200,490.00,"98,000.00"
2020-01-06,2020010601009988,MERO,34,46,39,490.00,"19,110.00"
2020-01-06,2020010601009987,MERO,34,36,352,490.00,"172,480.00"
2020-01-06,2020010601009986,MERO,34,45,50,489.00,"24,450.00"
2020-01-06,2020010601009905,MHNL,29,59,40,87.00,"3,480.00"
2020-01-06,2020010601010080,MSMBS,34,49,10,590.00,"5,900.00"
2020-01-06,2020010601009757,NABIL,6,29,166,712.00,"118,192.00"
2020-01-06,2020010601009756,NABIL,42,29,350,712.00,"249,200.00"
2020-01-06,2020010601009755,NABIL,22,29,20,712.00,"14,240.00"
2020-01-06,2020010601009754,NABIL,54,29,55,712.00,"39,160.00"
2020-01-06,2020010601010162,NADEP,11,16,10,520.00,"5,200.00"
2020-01-06,2020010601010093,NADEP,11,41,10,520.00,"5,200.00"
2020-01-06,2020010601009778,NADEP,42,41,10,518.00,"5,180.00"
2020-01-06,2020010601009777,NADEP,29,41,10,519.00,"5,190.00"
2020-01-06,2020010601010200,NBL,46,58,"2,000",273.00,"546,000.00"
2020-01-06,2020010601009920,NBL,57,34,214,272.00,"58,208.00"
2020-01-06,2020010601009919,NBL,14,34,"1,000",272.00,"272,000.00"
2020-01-06,2020010601009918,NBL,4,34,200,272.00,"54,400.00"
2020-01-06,2020010601009917,NBL,4,34,86,272.00,"23,392.00"
2020-01-06,2020010601009774,NBL,14,45,20,274.00,"5,480.00"
2020-01-06,2020010601009773,NBL,14,34,80,274.00,"21,920.00"
2020-01-06,2020010601009772,NBL,14,58,"1,000",273.00,"273,000.00"
2020-01-06,2020010601009886,NHPC,37,34,100,51.00,"5,100.00"
2020-01-06,2020010601010180,NIB,45,45,44,400.00,"17,600.00"
2020-01-06,2020010601010046,NIB,45,45,44,400.00,"17,600.00"
2020-01-06,2020010601009955,NIB,22,57,11,400.00,"4,400.00"
2020-01-06,2020010601009930,NIBSF1,47,28,"9,000",8.30,"74,700.00"
2020-01-06,2020010601010159,NICA,56,48,60,440.00,"26,400.00"
2020-01-06,2020010601010158,NICA,56,45,20,440.00,"8,800.00"
2020-01-06,2020010601010157,NICA,56,5,20,440.00,"8,800.00"
2020-01-06,2020010601010098,NICA,51,5,480,440.00,"211,200.00"
2020-01-06,2020010601010097,NICA,51,49,20,440.00,"8,800.00"
2020-01-06,2020010601010084,NICA,49,34,"1,072",439.00,"470,608.00"
2020-01-06,2020010601010009,NICA,56,10,"1,000",440.00,"440,000.00"
2020-01-06,2020010601009994,NICA,52,42,100,440.00,"44,000.00"
2020-01-06,2020010601009822,NICA,49,39,100,439.00,"43,900.00"
2020-01-06,2020010601009821,NICA,50,39,500,440.00,"220,000.00"
2020-01-06,2020010601009820,NICA,48,39,500,440.00,"220,000.00"
2020-01-06,2020010601009780,NICL,44,46,100,318.00,"31,800.00"
2020-01-06,2020010601009779,NICL,44,57,40,318.00,"12,720.00"
2020-01-06,2020010601010199,NIL,36,45,30,402.00,"12,060.00"
2020-01-06,2020010601010176,NIL,36,21,154,402.00,"61,908.00"
2020-01-06,2020010601010175,NIL,6,21,775,402.00,"311,550.00"
2020-01-06,2020010601010167,NIL,47,46,100,403.00,"40,300.00"
2020-01-06,2020010601010166,NIL,47,13,100,403.00,"40,300.00"
2020-01-06,2020010601010088,NIL,6,35,112,402.00,"45,024.00"
2020-01-06,2020010601009759,NIL,21,5,50,402.00,"20,100.00"
2020-01-06,2020010601009758,NIL,38,5,133,402.00,"53,466.00"
2020-01-06,2020010601010045,NIL,19,13,100,403.00,"40,300.00"
2020-01-06,2020010601009931,NIL,28,13,500,403.00,"201,500.00"
2020-01-06,2020010601009800,NIL,6,33,"1,103",402.00,"443,406.00"
2020-01-06,2020010601009796,NIL,1,13,224,403.00,"90,272.00"
2020-01-06,2020010601009761,NIL,6,5,10,402.00,"4,020.00"
2020-01-06,2020010601009760,NIL,57,5,75,402.00,"30,150.00"
2020-01-06,2020010601010082,NLG,19,29,409,607.00,"248,263.00"
2020-01-06,2020010601010081,NLG,47,29,130,608.00,"79,040.00"
2020-01-06,2020010601010119,NLIC,38,34,"1,000",964.00,"964,000.00"
2020-01-06,2020010601010118,NLIC,57,34,150,964.00,"144,600.00"
2020-01-06,2020010601010117,NLIC,42,34,50,964.00,"48,200.00"
2020-01-06,2020010601010116,NLIC,45,34,20,964.00,"19,280.00"
2020-01-06,2020010601010115,NLIC,35,34,80,964.00,"77,120.00"
2020-01-06,2020010601010114,NLIC,42,34,400,965.00,"386,000.00"
2020-01-06,2020010601009874,NLIC,51,44,10,967.00,"9,670.00"
2020-01-06,2020010601009830,NLIC,50,44,35,967.00,"33,845.00"
2020-01-06,2020010601009806,NLIC,50,32,65,967.00,"62,855.00"
2020-01-06,2020010601010107,NLIC,32,34,143,966.00,"138,138.00"
2020-01-06,2020010601010000,NLIC,56,6,200,968.00,"193,600.00"
2020-01-06,2020010601009937,NLIC,36,6,10,968.00,"9,680.00"
2020-01-06,2020010601009936,NLIC,36,34,35,968.00,"33,880.00"
2020-01-06,2020010601009935,NLIC,36,43,50,968.00,"48,400.00"
2020-01-06,2020010601009934,NLIC,36,44,105,967.00,"101,535.00"
2020-01-06,2020010601010113,NLIC,51,34,60,965.00,"57,900.00"
2020-01-06,2020010601010112,NLIC,25,34,50,965.00,"48,250.00"
2020-01-06,2020010601010111,NLIC,38,34,75,965.00,"72,375.00"
2020-01-06,2020010601010110,NLIC,20,34,150,965.00,"144,750.00"
2020-01-06,2020010601010109,NLIC,35,34,500,966.00,"483,000.00"
2020-01-06,2020010601010108,NLIC,48,34,30,966.00,"28,980.00"
2020-01-06,2020010601010043,NLICL,21,57,80,490.00,"39,200.00"
2020-01-06,2020010601009818,NLICL,26,45,25,491.00,"12,275.00"
2020-01-06,2020010601009794,NLICL,26,45,30,491.00,"14,730.00"
2020-01-06,2020010601010194,NMB,53,34,22,334.00,"7,348.00"
2020-01-06,2020010601010160,NMB,29,10,500,335.00,"167,500.00"
2020-01-06,2020010601010090,NMB,53,22,150,334.00,"50,100.00"
2020-01-06,2020010601010087,NMB,53,16,50,334.00,"16,700.00"
2020-01-06,2020010601009871,NMB,55,57,500,334.00,"167,000.00"
2020-01-06,2020010601009870,NMB,13,57,100,334.00,"33,400.00"
2020-01-06,2020010601009768,NMB,45,10,191,335.00,"63,985.00"
2020-01-06,2020010601010185,NNLB,25,32,10,531.00,"5,310.00"
2020-01-06,2020010601009947,NTC,7,48,55,611.00,"33,605.00"
2020-01-06,2020010601009946,NTC,44,48,100,612.00,"61,200.00"
2020-01-06,2020010601009945,NTC,17,48,50,612.00,"30,600.00"
2020-01-06,2020010601009944,NTC,19,48,200,612.00,"122,400.00"
2020-01-06,2020010601009943,NTC,51,48,165,615.00,"101,475.00"
2020-01-06,2020010601009942,NTC,41,48,50,615.00,"30,750.00"
2020-01-06,2020010601009941,NTC,4,48,50,617.00,"30,850.00"
2020-01-06,2020010601009819,NUBL,57,29,150,825.00,"123,750.00"
2020-01-06,2020010601009803,OHL,14,38,200,465.00,"93,000.00"
2020-01-06,2020010601009802,OHL,45,38,328,468.00,"153,504.00"
2020-01-06,2020010601009765,OHL,45,38,172,468.00,"80,496.00"
2020-01-06,2020010601009764,OHL,44,38,100,469.00,"46,900.00"
2020-01-06,2020010601009928,OHL,34,38,10,465.00,"4,650.00"
2020-01-06,2020010601009927,OHL,44,38,200,465.00,"93,000.00"
2020-01-06,2020010601009926,OHL,36,38,98,465.00,"45,570.00"
2020-01-06,2020010601009805,OHL,36,38,302,465.00,"140,430.00"
2020-01-06,2020010601009804,OHL,44,38,100,465.00,"46,500.00"
2020-01-06,2020010601009974,OHL,1,52,165,463.00,"76,395.00"
2020-01-06,2020010601009973,OHL,52,52,435,464.00,"201,840.00"
2020-01-06,2020010601009929,OHL,52,38,65,464.00,"30,160.00"
2020-01-06,2020010601010188,PCBL,13,11,240,243.00,"58,320.00"
2020-01-06,2020010601010187,PCBL,13,11,10,243.00,"2,430.00"
2020-01-06,2020010601009873,PCBL,45,45,165,243.00,"40,095.00"
2020-01-06,2020010601009786,PCBL,13,56,190,243.00,"46,170.00"
2020-01-06,2020010601009785,PCBL,44,56,50,243.00,"12,150.00"
2020-01-06,2020010601009784,PCBL,11,56,398,243.00,"96,714.00"
2020-01-06,2020010601009783,PCBL,13,56,208,243.00,"50,544.00"
2020-01-06,2020010601009999,PFL,13,57,61,134.00,"8,174.00"
2020-01-06,2020010601009998,PFL,13,45,400,134.00,"53,600.00"
2020-01-06,2020010601009978,PFL,59,57,39,134.00,"5,226.00"
2020-01-06,2020010601010042,PIC,32,26,50,417.00,"20,850.00"
2020-01-06,2020010601009809,PIC,22,5,18,420.00,"7,560.00"
2020-01-06,2020010601009808,PIC,22,44,11,420.00,"4,620.00"
2020-01-06,2020010601009807,PIC,22,44,11,420.00,"4,620.00"
2020-01-06,2020010601009859,PICL,7,18,110,437.00,"48,070.00"
2020-01-06,2020010601009751,PICL,34,41,33,440.00,"14,520.00"
2020-01-06,2020010601009750,PICL,34,41,151,440.00,"66,440.00"
2020-01-06,2020010601010067,PLIC,6,25,500,375.00,"187,500.00"
2020-01-06,2020010601009975,PLIC,6,29,100,375.00,"37,500.00"
2020-01-06,2020010601009795,PROFL,28,41,10,96.00,960.00
2020-01-06,2020010601010226,PRVU,35,53,224,234.00,"52,416.00"
2020-01-06,2020010601010225,PRVU,35,40,"2,000",234.00,"468,000.00"
2020-01-06,2020010601010224,PRVU,35,33,200,234.00,"46,800.00"
2020-01-06,2020010601010223,PRVU,35,51,500,234.00,"117,000.00"
2020-01-06,2020010601010222,PRVU,35,29,350,234.00,"81,900.00"
2020-01-06,2020010601010221,PRVU,35,44,"3,000",233.00,"699,000.00"
2020-01-06,2020010601009906,PRVU,25,26,400,233.00,"93,200.00"
2020-01-06,2020010601010214,PRVU,35,26,"1,013",233.00,"236,029.00"
2020-01-06,2020010601010213,PRVU,35,32,576,233.00,"134,208.00"
2020-01-06,2020010601010038,PRVU,8,34,250,232.00,"58,000.00"
2020-01-06,2020010601010220,PRVU,35,47,127,233.00,"29,591.00"
2020-01-06,2020010601010219,PRVU,35,14,938,233.00,"218,554.00"
2020-01-06,2020010601010218,PRVU,35,33,100,233.00,"23,300.00"
2020-01-06,2020010601010217,PRVU,35,59,50,233.00,"11,650.00"
2020-01-06,2020010601010216,PRVU,35,45,30,233.00,"6,990.00"
2020-01-06,2020010601010215,PRVU,35,14,500,233.00,"116,500.00"
2020-01-06,2020010601009858,RADHI,45,48,11,140.00,"1,540.00"
2020-01-06,2020010601009878,RBCL,34,18,30,"8,513.00","255,390.00"
2020-01-06,2020010601009742,RBCLPO,8,32,30,"7,600.00","228,000.00"
2020-01-06,2020010601010201,RHPL,56,21,30,169.00,"5,070.00"
2020-01-06,2020010601010156,RHPL,56,41,40,169.00,"6,760.00"
2020-01-06,2020010601010134,RHPL,56,41,40,169.00,"6,760.00"
2020-01-06,2020010601010092,RHPL,56,21,30,169.00,"5,070.00"
2020-01-06,2020010601009971,RHPL,56,21,40,169.00,"6,760.00"
2020-01-06,2020010601009911,RHPL,56,21,40,169.00,"6,760.00"
2020-01-06,2020010601009775,RHPL,56,5,30,169.00,"5,070.00"
2020-01-06,2020010601009762,RHPL,56,41,40,169.00,"6,760.00"
2020-01-06,2020010601010125,RMDC,50,33,100,560.00,"56,000.00"
2020-01-06,2020010601010124,RMDC,11,33,100,561.00,"56,100.00"
2020-01-06,2020010601010123,RMDC,55,33,100,561.00,"56,100.00"
2020-01-06,2020010601010144,RSDC,46,38,200,349.00,"69,800.00"
2020-01-06,2020010601010143,RSDC,34,38,300,350.00,"105,000.00"
2020-01-06,2020010601010193,SABSL,34,46,30,622.00,"18,660.00"
2020-01-06,2020010601010192,SABSL,34,57,10,622.00,"6,220.00"
2020-01-06,2020010601010191,SABSL,34,21,10,622.00,"6,220.00"
2020-01-06,2020010601010003,SABSL,28,41,10,612.00,"6,120.00"
2020-01-06,2020010601009900,SANIMA,14,57,400,325.00,"130,000.00"
2020-01-06,2020010601009899,SANIMA,14,57,500,325.00,"162,500.00"
2020-01-06,2020010601009898,SANIMA,14,59,300,325.00,"97,500.00"
2020-01-06,2020010601009897,SANIMA,14,45,960,325.00,"312,000.00"
2020-01-06,2020010601010102,SBI,25,19,10,385.00,"3,850.00"
2020-01-06,2020010601010066,SBL,38,45,300,297.00,"89,100.00"
2020-01-06,2020010601010065,SBL,38,34,200,297.00,"59,400.00"
2020-01-06,2020010601009932,SCB,5,39,100,567.00,"56,700.00"
2020-01-06,2020010601010070,SDESI,26,38,30,645.00,"19,350.00"
2020-01-06,2020010601010017,SDESI,5,38,153,645.00,"98,685.00"
2020-01-06,2020010601010008,SDESI,5,38,37,645.00,"23,865.00"
2020-01-06,2020010601010007,SDESI,5,57,13,644.00,"8,372.00"
2020-01-06,2020010601009996,SDESI,5,38,50,645.00,"32,250.00"
2020-01-06,2020010601009829,SDESI,25,42,12,650.00,"7,800.00"
2020-01-06,2020010601009799,SDESI,25,59,277,644.00,"178,388.00"
2020-01-06,2020010601009798,SDESI,25,36,200,642.00,"128,400.00"
2020-01-06,2020010601009797,SDESI,25,26,23,641.00,"14,743.00"
2020-01-06,2020010601009729,SDESI,25,59,30,644.00,"19,320.00"
2020-01-06,2020010601009728,SDESI,25,14,70,643.00,"45,010.00"
2020-01-06,2020010601009828,SDESI,25,42,38,645.00,"24,510.00"
2020-01-06,2020010601009814,SDESI,25,42,62,645.00,"39,990.00"
2020-01-06,2020010601009813,SDESI,25,17,100,645.00,"64,500.00"
2020-01-06,2020010601009812,SDESI,25,39,95,645.00,"61,275.00"
2020-01-06,2020010601009811,SDESI,25,36,50,645.00,"32,250.00"
2020-01-06,2020010601009810,SDESI,25,59,193,644.00,"124,292.00"
2020-01-06,2020010601010197,SHINE,55,5,100,234.00,"23,400.00"
2020-01-06,2020010601010196,SHINE,41,5,300,234.00,"70,200.00"
2020-01-06,2020010601010211,SHIVM,21,40,462,480.00,"221,760.00"
2020-01-06,2020010601010210,SHIVM,36,40,38,480.00,"18,240.00"
2020-01-06,2020010601010177,SHIVM,36,36,12,480.00,"5,760.00"
2020-01-06,2020010601010170,SHIVM,21,36,10,480.00,"4,800.00"
2020-01-06,2020010601010164,SHIVM,28,36,200,480.00,"96,000.00"
2020-01-06,2020010601010151,SHIVM,21,36,200,480.00,"96,000.00"
2020-01-06,2020010601009938,SHIVM,57,38,500,483.00,"241,500.00"
2020-01-06,2020010601009881,SHIVM,1,38,500,483.00,"241,500.00"
2020-01-06,2020010601009868,SHIVM,28,51,500,484.00,"242,000.00"
2020-01-06,2020010601009862,SHIVM,50,5,100,483.00,"48,300.00"
2020-01-06,2020010601009788,SHIVM,44,51,80,484.00,"38,720.00"
2020-01-06,2020010601009771,SHIVM,44,47,50,484.00,"24,200.00"
2020-01-06,2020010601010035,SHIVM,32,58,"1,000",481.00,"481,000.00"
2020-01-06,2020010601010034,SHIVM,47,58,100,481.00,"48,100.00"
2020-01-06,2020010601010033,SHIVM,57,58,200,481.00,"96,200.00"
2020-01-06,2020010601010032,SHIVM,42,58,300,482.00,"144,600.00"
2020-01-06,2020010601010031,SHIVM,43,58,800,482.00,"385,600.00"
2020-01-06,2020010601010030,SHIVM,17,58,100,482.00,"48,200.00"
2020-01-06,2020010601010060,SHIVM,21,58,100,480.00,"48,000.00"
2020-01-06,2020010601010059,SHIVM,56,58,100,480.00,"48,000.00"
2020-01-06,2020010601010058,SHIVM,29,58,50,480.00,"24,000.00"
2020-01-06,2020010601010057,SHIVM,3,58,993,481.00,"477,633.00"
2020-01-06,2020010601010037,SHIVM,3,58,707,481.00,"340,067.00"
2020-01-06,2020010601010036,SHIVM,19,58,500,481.00,"240,500.00"
2020-01-06,2020010601010150,SHIVM,32,36,878,480.00,"421,440.00"
2020-01-06,2020010601010149,SHIVM,44,36,200,480.00,"96,000.00"
2020-01-06,2020010601010147,SHIVM,32,46,122,480.00,"58,560.00"
2020-01-06,2020010601010146,SHIVM,57,46,378,480.00,"181,440.00"
2020-01-06,2020010601010089,SHIVM,57,38,400,480.00,"192,000.00"
2020-01-06,2020010601010061,SHIVM,57,58,222,480.00,"106,560.00"
2020-01-06,2020010601010127,SHL,46,34,399,199.00,"79,401.00"
2020-01-06,2020010601010126,SHL,46,52,200,199.00,"39,800.00"
2020-01-06,2020010601010064,SHL,46,10,"1,000",198.00,"198,000.00"
2020-01-06,2020010601010040,SHL,45,52,100,197.00,"19,700.00"
2020-01-06,2020010601010103,SHPC,56,14,10,174.00,"1,740.00"
2020-01-06,2020010601010133,SICL,55,33,50,860.00,"43,000.00"
2020-01-06,2020010601009912,SICL,55,57,10,858.00,"8,580.00"
2020-01-06,2020010601010101,SIFC,6,32,100,142.00,"14,200.00"
2020-01-06,2020010601009948,SIFC,40,6,"1,500",141.00,"211,500.00"
2020-01-06,2020010601010184,SJCL,14,14,20,157.00,"3,140.00"
2020-01-06,2020010601010181,SJCL,14,41,20,157.00,"3,140.00"
2020-01-06,2020010601010168,SJCL,14,41,20,157.00,"3,140.00"
2020-01-06,2020010601010165,SJCL,14,14,20,157.00,"3,140.00"
2020-01-06,2020010601010044,SJCL,14,14,20,157.00,"3,140.00"
2020-01-06,2020010601009817,SJCL,14,41,10,157.00,"1,570.00"
2020-01-06,2020010601009767,SJCL,14,51,20,157.00,"3,140.00"
2020-01-06,2020010601009739,SJCL,14,51,20,157.00,"3,140.00"
2020-01-06,2020010601009730,SJCL,14,48,20,157.00,"3,140.00"
2020-01-06,2020010601009861,SJCL,14,5,20,157.00,"3,140.00"
2020-01-06,2020010601010178,SKBBL,37,42,160,870.00,"139,200.00"
2020-01-06,2020010601010083,SKBBL,37,58,40,870.00,"34,800.00"
2020-01-06,2020010601009997,SLBBL,49,44,100,609.00,"60,900.00"
2020-01-06,2020010601010122,SLBBL,58,21,223,610.00,"136,030.00"
2020-01-06,2020010601010121,SLBBL,58,39,10,610.00,"6,100.00"
2020-01-06,2020010601010120,SLBBL,58,44,67,609.00,"40,803.00"
2020-01-06,2020010601010047,SLBBL,53,44,100,609.00,"60,900.00"
2020-01-06,2020010601010023,SLICL,42,22,452,307.00,"138,764.00"
2020-01-06,2020010601010022,SLICL,35,22,20,307.00,"6,140.00"
2020-01-06,2020010601010021,SLICL,58,22,150,307.00,"46,050.00"
2020-01-06,2020010601010020,SLICL,43,22,378,307.00,"116,046.00"
2020-01-06,2020010601010002,SLICL,36,43,42,308.00,"12,936.00"
2020-01-06,2020010601009965,SPARS,25,34,80,608.00,"48,640.00"
2020-01-06,2020010601009964,SPARS,25,33,10,607.00,"6,070.00"
2020-01-06,2020010601009963,SPARS,25,32,100,607.00,"60,700.00"
2020-01-06,2020010601009962,SPARS,25,21,10,605.00,"6,050.00"
2020-01-06,2020010601010024,SRBL,50,57,102,227.00,"23,154.00"
2020-01-06,2020010601010142,TMDBL,19,52,100,154.00,"15,400.00"
2020-01-06,2020010601010141,TMDBL,59,52,300,154.00,"46,200.00"
2020-01-06,2020010601009733,TRH,17,28,"1,010",285.00,"287,850.00"
2020-01-06,2020010601009732,TRH,17,45,150,285.00,"42,750.00"
2020-01-06,2020010601010212,UNHPL,38,19,40,58.00,"2,320.00"
2020-01-06,2020010601009854,UPCL,41,56,"1,000",71.00,"71,000.00"
2020-01-06,2020010601009853,UPCL,46,56,11,71.00,781.00
2020-01-06,2020010601009852,UPCL,1,56,500,71.00,"35,500.00"
2020-01-06,2020010601009851,UPCL,14,56,"1,000",71.00,"71,000.00"
2020-01-06,2020010601009850,UPCL,36,56,"1,000",71.00,"71,000.00"
2020-01-06,2020010601009849,UPCL,47,56,100,71.00,"7,100.00"
2020-01-06,2020010601009842,UPCL,20,56,500,72.00,"36,000.00"
2020-01-06,2020010601009841,UPCL,43,56,500,72.00,"36,000.00"
2020-01-06,2020010601009840,UPCL,50,56,260,72.00,"18,720.00"
2020-01-06,2020010601009839,UPCL,47,56,100,72.00,"7,200.00"
2020-01-06,2020010601009838,UPCL,36,56,500,72.00,"36,000.00"
2020-01-06,2020010601009837,UPCL,21,56,30,72.00,"2,160.00"
2020-01-06,2020010601009848,UPCL,41,56,300,71.00,"21,300.00"
2020-01-06,2020010601009847,UPCL,49,56,"1,000",71.00,"71,000.00"
2020-01-06,2020010601009846,UPCL,29,56,500,71.00,"35,500.00"
2020-01-06,2020010601009845,UPCL,6,56,70,72.00,"5,040.00"
2020-01-06,2020010601009844,UPCL,41,56,500,72.00,"36,000.00"
2020-01-06,2020010601009843,UPCL,48,56,"1,000",72.00,"72,000.00"
2020-01-06,2020010601010208,UPPER,21,41,50,237.00,"11,850.00"
2020-01-06,2020010601010190,UPPER,21,41,40,237.00,"9,480.00"
2020-01-06,2020010601010139,UPPER,28,45,30,238.00,"7,140.00"
2020-01-06,2020010601010138,UPPER,28,55,40,238.00,"9,520.00"
2020-01-06,2020010601010137,UPPER,28,39,30,238.00,"7,140.00"
2020-01-06,2020010601009787,UPPER,21,1,48,237.00,"11,376.00"
2020-01-06,2020010601009770,UPPER,21,52,52,237.00,"12,324.00"
2020-01-06,2020010601009769,UPPER,21,41,50,236.00,"11,800.00"
2020-01-06,2020010601009753,UPPER,45,38,428,235.00,"100,580.00"
2020-01-06,2020010601009752,UPPER,43,38,122,235.00,"28,670.00"
2020-01-06,2020010601009884,UPPER,21,5,200,237.00,"47,400.00"
2020-01-06,2020010601009816,UPPER,52,21,12,238.00,"2,856.00"
2020-01-06,2020010601009815,UPPER,52,21,40,238.00,"9,520.00"
2020-01-06,2020010601010012,UPPER,21,21,50,237.00,"11,850.00"
2020-01-06,2020010601010011,UPPER,21,41,10,237.00,"2,370.00"
2020-01-06,2020010601009939,UPPER,21,21,40,237.00,"9,480.00"
2020-01-06,2020010601009916,UPPER,21,48,40,237.00,"9,480.00"
2020-01-06,2020010601009901,UPPER,21,41,40,237.00,"9,480.00"
2020-01-06,2020010601010136,UPPER,21,21,38,237.00,"9,006.00"
2020-01-06,2020010601009675,ADBL,21,45,30,370.00,"11,100.00"
2020-01-06,2020010601009508,ADBL,14,57,"1,000",369.00,"369,000.00"
2020-01-06,2020010601009497,ADBL,51,48,25,368.00,"9,200.00"
2020-01-06,2020010601009496,ADBL,38,48,25,368.00,"9,200.00"
2020-01-06,2020010601009660,AKPL,34,3,41,113.00,"4,633.00"
2020-01-06,2020010601009576,AKPL,25,34,300,114.00,"34,200.00"
2020-01-06,2020010601009554,AKPL,6,48,100,113.00,"11,300.00"
2020-01-06,2020010601009553,AKPL,36,48,200,113.00,"22,600.00"
2020-01-06,2020010601009552,AKPL,46,48,300,113.00,"33,900.00"
2020-01-06,2020010601009551,AKPL,17,48,150,113.00,"16,950.00"
2020-01-06,2020010601009550,AKPL,25,48,100,113.00,"11,300.00"
2020-01-06,2020010601009233,AKPL,43,34,100,114.00,"11,400.00"
2020-01-06,2020010601009556,ALBSL,36,46,50,526.00,"26,300.00"
2020-01-06,2020010601009555,ALBSL,21,46,90,527.00,"47,430.00"
2020-01-06,2020010601009449,ALICL,42,29,500,381.00,"190,500.00"
2020-01-06,2020010601009448,ALICL,44,29,210,381.00,"80,010.00"
2020-01-06,2020010601009447,ALICL,16,29,200,381.00,"76,200.00"
2020-01-06,2020010601009446,ALICL,50,29,34,381.00,"12,954.00"
2020-01-06,2020010601009506,BBC,25,34,20,"1,862.00","37,240.00"
2020-01-06,2020010601009283,BFC,18,45,300,85.00,"25,500.00"
2020-01-06,2020010601009700,BOKL,25,38,59,219.00,"12,921.00"
2020-01-06,2020010601009699,BOKL,43,38,100,220.00,"22,000.00"
2020-01-06,2020010601009698,BOKL,49,38,50,220.00,"11,000.00"
2020-01-06,2020010601009697,BOKL,22,38,100,220.00,"22,000.00"
2020-01-06,2020010601009696,BOKL,22,38,200,221.00,"44,200.00"
2020-01-06,2020010601009417,BOKL,33,42,500,222.00,"111,000.00"
2020-01-06,2020010601009350,BOKL,47,52,250,221.00,"55,250.00"
2020-01-06,2020010601009349,BOKL,47,49,350,221.00,"77,350.00"
2020-01-06,2020010601009348,BOKL,47,28,362,221.00,"80,002.00"
2020-01-06,2020010601009347,BOKL,47,17,500,221.00,"110,500.00"
2020-01-06,2020010601009346,BOKL,47,56,15,221.00,"3,315.00"
2020-01-06,2020010601009328,BOKL,14,40,115,220.00,"25,300.00"
2020-01-06,2020010601009578,BPCL,6,48,55,307.00,"16,885.00"
2020-01-06,2020010601009511,CBL,11,17,763,136.00,"103,768.00"
2020-01-06,2020010601009510,CBL,51,17,237,136.00,"32,232.00"
2020-01-06,2020010601009478,CBL,34,59,300,137.00,"41,100.00"
2020-01-06,2020010601009477,CBL,34,54,50,137.00,"6,850.00"
2020-01-06,2020010601009476,CBL,34,56,486,137.00,"66,582.00"
2020-01-06,2020010601009416,CBL,51,25,100,136.00,"13,600.00"
2020-01-06,2020010601009644,CCBL,59,56,100,169.00,"16,900.00"
2020-01-06,2020010601009643,CCBL,59,33,200,169.00,"33,800.00"
2020-01-06,2020010601009642,CCBL,59,51,300,169.00,"50,700.00"
2020-01-06,2020010601009641,CCBL,59,48,28,169.00,"4,732.00"
2020-01-06,2020010601009640,CCBL,59,28,500,169.00,"84,500.00"
2020-01-06,2020010601009639,CCBL,59,1,40,169.00,"6,760.00"
2020-01-06,2020010601009638,CCBL,59,25,100,169.00,"16,900.00"
2020-01-06,2020010601009603,CCBL,7,41,10,167.00,"1,670.00"
2020-01-06,2020010601009424,CCBL,7,49,67,167.00,"11,189.00"
2020-01-06,2020010601009423,CCBL,40,49,30,167.00,"5,010.00"
2020-01-06,2020010601009351,CCBL,49,56,497,168.00,"83,496.00"
2020-01-06,2020010601009704,CHCL,13,33,50,363.00,"18,150.00"
2020-01-06,2020010601009539,CHCL,25,13,150,364.00,"54,600.00"
2020-01-06,2020010601009398,CHCL,42,13,250,363.00,"90,750.00"
2020-01-06,2020010601009397,CHCL,13,13,200,363.00,"72,600.00"
2020-01-06,2020010601009703,CIT,32,57,39,"2,086.00","81,354.00"
2020-01-06,2020010601009659,CIT,14,57,40,"2,086.00","83,440.00"
2020-01-06,2020010601009658,CIT,11,57,100,"2,086.00","208,600.00"
2020-01-06,2020010601009657,CIT,45,57,10,"2,086.00","20,860.00"
2020-01-06,2020010601009656,CIT,16,57,11,"2,090.00","22,990.00"
2020-01-06,2020010601009655,CIT,32,57,50,"2,090.00","104,500.00"
2020-01-06,2020010601009583,CIT,16,29,289,"2,091.00","604,299.00"
2020-01-06,2020010601009567,CIT,32,45,50,"2,090.00","104,500.00"
2020-01-06,2020010601009515,CIT,4,17,20,"2,088.00","41,760.00"
2020-01-06,2020010601009487,CIT,50,17,30,"2,088.00","62,640.00"
2020-01-06,2020010601009713,CZBIL,56,38,60,193.00,"11,580.00"
2020-01-06,2020010601009712,CZBIL,45,38,"1,000",194.00,"194,000.00"
2020-01-06,2020010601009620,CZBIL,46,29,"1,000",195.00,"195,000.00"
2020-01-06,2020010601009455,CZBIL,42,25,200,195.00,"39,000.00"
2020-01-06,2020010601009454,CZBIL,46,25,500,195.00,"97,500.00"
2020-01-06,2020010601009261,CZBIL,38,7,500,195.00,"97,500.00"
2020-01-06,2020010601009718,DBBL,4,38,616,142.00,"87,472.00"
2020-01-06,2020010601009558,DBBL,56,56,"3,000",143.00,"429,000.00"
2020-01-06,2020010601009541,DBBL,32,56,500,143.00,"71,500.00"
2020-01-06,2020010601009540,DBBL,58,56,100,143.00,"14,300.00"
2020-01-06,2020010601009505,DBBL,56,56,"3,000",143.00,"429,000.00"
2020-01-06,2020010601009471,DBBL,56,56,"3,000",143.00,"429,000.00"
2020-01-06,2020010601009421,DBBL,49,56,200,143.00,"28,600.00"
2020-01-06,2020010601009661,DDBL,46,32,82,911.00,"74,702.00"
2020-01-06,2020010601009618,DDBL,42,32,150,912.00,"136,800.00"
2020-01-06,2020010601009617,DDBL,49,32,268,912.00,"244,416.00"
2020-01-06,2020010601009580,DDBL,57,53,308,915.00,"281,820.00"
2020-01-06,2020010601009579,DDBL,57,6,355,915.00,"324,825.00"
2020-01-06,2020010601009562,DDBL,49,6,195,915.00,"178,425.00"
2020-01-06,2020010601009299,DDBL,26,50,30,914.00,"27,420.00"
2020-01-06,2020010601009336,DDBL,49,32,10,915.00,"9,150.00"
2020-01-06,2020010601009335,DDBL,49,20,30,915.00,"27,450.00"
2020-01-06,2020010601009334,DDBL,49,45,50,915.00,"45,750.00"
2020-01-06,2020010601009333,DDBL,49,5,68,915.00,"62,220.00"
2020-01-06,2020010601009332,DDBL,49,50,120,914.00,"109,680.00"
2020-01-06,2020010601009331,DDBL,49,19,154,914.00,"140,756.00"
2020-01-06,2020010601009561,DDBL,49,6,165,915.00,"150,975.00"
2020-01-06,2020010601009560,DDBL,49,58,140,915.00,"128,100.00"
2020-01-06,2020010601009514,DDBL,26,58,10,915.00,"9,150.00"
2020-01-06,2020010601009377,DDBL,52,58,50,915.00,"45,750.00"
2020-01-06,2020010601009338,DDBL,49,25,100,915.00,"91,500.00"
2020-01-06,2020010601009337,DDBL,49,55,200,915.00,"183,000.00"
2020-01-06,2020010601009489,EBL,20,54,85,563.00,"47,855.00"
2020-01-06,2020010601009488,EBL,20,45,15,563.00,"8,445.00"
2020-01-06,2020010601009320,EBL,48,37,150,562.00,"84,300.00"
2020-01-06,2020010601009637,EIC,49,42,270,275.00,"74,250.00"
2020-01-06,2020010601009636,EIC,49,44,100,275.00,"27,500.00"
2020-01-06,2020010601009635,EIC,49,22,500,275.00,"137,500.00"
2020-01-06,2020010601009634,EIC,49,8,20,274.00,"5,480.00"
2020-01-06,2020010601009633,EIC,49,49,100,274.00,"27,400.00"
2020-01-06,2020010601009632,EIC,49,49,10,274.00,"2,740.00"
2020-01-06,2020010601009509,FMDBL,56,44,10,348.00,"3,480.00"
2020-01-06,2020010601009491,FMDBL,42,34,95,346.00,"32,870.00"
2020-01-06,2020010601009490,FMDBL,47,34,50,346.00,"17,300.00"
2020-01-06,2020010601009387,FMDBL,54,44,100,348.00,"34,800.00"
2020-01-06,2020010601009227,FMDBL,22,44,130,348.00,"45,240.00"
2020-01-06,2020010601009536,FOWAD,53,16,50,"1,100.00","55,000.00"
2020-01-06,2020010601009535,FOWAD,13,16,150,"1,100.00","165,000.00"
2020-01-06,2020010601009534,FOWAD,41,16,12,"1,100.00","13,200.00"
2020-01-06,2020010601009533,FOWAD,51,16,95,"1,105.00","104,975.00"
2020-01-06,2020010601009532,FOWAD,45,16,30,"1,105.00","33,150.00"
2020-01-06,2020010601009531,FOWAD,28,16,100,"1,105.00","110,500.00"
2020-01-06,2020010601009524,FOWAD,14,16,50,"1,107.00","55,350.00"
2020-01-06,2020010601009523,FOWAD,17,16,30,"1,107.00","33,210.00"
2020-01-06,2020010601009522,FOWAD,57,16,40,"1,108.00","44,320.00"
2020-01-06,2020010601009521,FOWAD,49,16,100,"1,109.00","110,900.00"
2020-01-06,2020010601009530,FOWAD,39,16,50,"1,105.00","55,250.00"
2020-01-06,2020010601009529,FOWAD,47,16,50,"1,106.00","55,300.00"
2020-01-06,2020010601009528,FOWAD,47,16,50,"1,106.00","55,300.00"
2020-01-06,2020010601009527,FOWAD,47,16,100,"1,106.00","110,600.00"
2020-01-06,2020010601009526,FOWAD,47,16,50,"1,106.00","55,300.00"
2020-01-06,2020010601009525,FOWAD,47,16,50,"1,106.00","55,300.00"
2020-01-06,2020010601009645,GBBL,41,51,50,209.00,"10,450.00"
2020-01-06,2020010601009549,GBBL,5,17,500,208.00,"104,000.00"
2020-01-06,2020010601009409,GBBL,52,51,50,209.00,"10,450.00"
2020-01-06,2020010601009388,GBBL,26,51,50,209.00,"10,450.00"
2020-01-06,2020010601009717,GBLBS,59,16,35,366.00,"12,810.00"
2020-01-06,2020010601009581,GBLBS,59,47,15,366.00,"5,490.00"
2020-01-06,2020010601009411,GBLBS,19,29,500,367.00,"183,500.00"
2020-01-06,2020010601009408,GBLBS,33,58,900,365.00,"328,500.00"
2020-01-06,2020010601009407,GBLBS,58,58,100,366.00,"36,600.00"
2020-01-06,2020010601009406,GBLBS,25,58,500,366.00,"183,000.00"
2020-01-06,2020010601009516,GMFBS,34,39,50,604.00,"30,200.00"
2020-01-06,2020010601009425,GMFBS,59,28,300,604.00,"181,200.00"
2020-01-06,2020010601009300,GMFBS,59,19,300,604.00,"181,200.00"
2020-01-06,2020010601009270,GMFBS,59,8,20,603.00,"12,060.00"
2020-01-06,2020010601009269,GMFBS,59,25,200,603.00,"120,600.00"
2020-01-06,2020010601009268,GMFBS,59,45,50,600.00,"30,000.00"
2020-01-06,2020010601009267,GMFBS,59,56,10,599.00,"5,990.00"
2020-01-06,2020010601009251,GMFBS,59,56,290,599.00,"173,710.00"
2020-01-06,2020010601009250,GMFBS,59,21,10,598.00,"5,980.00"
2020-01-06,2020010601009651,HBL,34,34,95,525.00,"49,875.00"
2020-01-06,2020010601009650,HBL,34,52,50,525.00,"26,250.00"
2020-01-06,2020010601009649,HBL,34,54,200,524.00,"104,800.00"
2020-01-06,2020010601009621,HBL,36,29,400,523.00,"209,200.00"
2020-01-06,2020010601009317,HBL,46,5,100,523.00,"52,300.00"
2020-01-06,2020010601009316,HBL,46,22,20,522.00,"10,440.00"
2020-01-06,2020010601009315,HBL,46,45,50,522.00,"26,100.00"
2020-01-06,2020010601009403,HDL,59,34,100,"1,210.00","121,000.00"
2020-01-06,2020010601009293,HDL,43,37,90,"1,208.00","108,720.00"
2020-01-06,2020010601009292,HDL,11,37,20,"1,208.00","24,160.00"
2020-01-06,2020010601009282,HDL,19,37,30,"1,209.00","36,270.00"
2020-01-06,2020010601009281,HDL,50,37,50,"1,209.00","60,450.00"
2020-01-06,2020010601009280,HDL,19,37,10,"1,209.00","12,090.00"
2020-01-06,2020010601009395,HGI,41,45,200,290.00,"58,000.00"
2020-01-06,2020010601009585,HPPL,18,44,500,149.00,"74,500.00"
2020-01-06,2020010601009584,HPPL,18,52,200,148.00,"29,600.00"
2020-01-06,2020010601009575,HPPL,18,18,10,147.00,"1,470.00"
2020-01-06,2020010601009363,HPPL,18,42,10,145.00,"1,450.00"
2020-01-06,2020010601009362,HPPL,18,48,10,145.00,"1,450.00"
2020-01-06,2020010601009396,ICFC,48,35,500,150.00,"75,000.00"
2020-01-06,2020010601009653,IGI,52,41,10,315.00,"3,150.00"
2020-01-06,2020010601009238,IGI,52,53,100,315.00,"31,500.00"
2020-01-06,2020010601009705,ILBS,45,57,10,582.00,"5,820.00"
2020-01-06,2020010601009386,ILBS,45,21,10,582.00,"5,820.00"
2020-01-06,2020010601009325,ILBS,45,41,10,582.00,"5,820.00"
2020-01-06,2020010601009537,JBBL,44,17,"1,000",152.00,"152,000.00"
2020-01-06,2020010601009318,JBBL,44,51,"2,000",152.00,"304,000.00"
2020-01-06,2020010601009294,JBBL,44,48,354,152.00,"53,808.00"
2020-01-06,2020010601009710,JFL,39,48,500,162.00,"81,000.00"
2020-01-06,2020010601009688,KADBL,4,4,500,220.00,"110,000.00"
2020-01-06,2020010601009695,KBL,6,29,194,185.00,"35,890.00"
2020-01-06,2020010601009694,KBL,6,19,148,185.00,"27,380.00"
2020-01-06,2020010601009693,KBL,6,14,26,185.00,"4,810.00"
2020-01-06,2020010601009692,KBL,6,54,632,185.00,"116,920.00"
2020-01-06,2020010601009689,KBL,58,32,100,184.00,"18,400.00"
2020-01-06,2020010601009605,KBL,58,54,100,185.00,"18,500.00"
2020-01-06,2020010601009265,KBL,58,54,268,185.00,"49,580.00"
2020-01-06,2020010601009264,KBL,58,49,100,185.00,"18,500.00"
2020-01-06,2020010601009263,KBL,58,4,632,185.00,"116,920.00"
2020-01-06,2020010601009256,KBL,58,43,12,184.00,"2,208.00"
2020-01-06,2020010601009247,KBL,49,43,988,184.00,"181,792.00"
2020-01-06,2020010601009246,KBL,49,51,212,184.00,"39,008.00"
2020-01-06,2020010601009600,KBL,58,56,"1,832",184.00,"337,088.00"
2020-01-06,2020010601009599,KBL,58,56,"2,000",184.00,"368,000.00"
2020-01-06,2020010601009598,KBL,51,56,300,184.00,"55,200.00"
2020-01-06,2020010601009597,KBL,58,56,868,184.00,"159,712.00"
2020-01-06,2020010601009426,KBL,58,25,100,184.00,"18,400.00"
2020-01-06,2020010601009326,KBL,58,22,20,184.00,"3,680.00"
2020-01-06,2020010601009339,KKHC,41,48,16,49.98,799.68
2020-01-06,2020010601009451,KPCL,45,41,10,84.00,840.00
2020-01-06,2020010601009361,KPCL,45,41,10,84.00,840.00
2020-01-06,2020010601009322,KPCL,45,48,10,84.00,840.00
2020-01-06,2020010601009664,KSBBL,32,40,500,137.00,"68,500.00"
2020-01-06,2020010601009266,KSBBL,58,4,15,136.00,"2,040.00"
2020-01-06,2020010601009726,LBBL,16,41,"1,170",198.00,"231,660.00"
2020-01-06,2020010601009676,LBBL,57,44,181,198.00,"35,838.00"
2020-01-06,2020010601009671,LBBL,57,25,819,198.00,"162,162.00"
2020-01-06,2020010601009652,LBBL,28,26,21,197.00,"4,137.00"
2020-01-06,2020010601009619,LBBL,28,26,21,197.00,"4,137.00"
2020-01-06,2020010601009437,LBBL,28,38,500,198.00,"99,000.00"
2020-01-06,2020010601009436,LBBL,28,44,77,198.00,"15,246.00"
2020-01-06,2020010601009295,LBBL,26,44,"1,000",198.00,"198,000.00"
2020-01-06,2020010601009602,LBBL,28,25,22,197.00,"4,334.00"
2020-01-06,2020010601009601,LBBL,41,25,78,197.00,"15,366.00"
2020-01-06,2020010601009571,LBBL,41,5,250,197.00,"49,250.00"
2020-01-06,2020010601009440,LBBL,28,25,181,198.00,"35,838.00"
2020-01-06,2020010601009439,LBBL,28,28,200,198.00,"39,600.00"
2020-01-06,2020010601009438,LBBL,28,5,42,198.00,"8,316.00"
2020-01-06,2020010601009456,LBL,26,19,50,199.00,"9,950.00"
2020-01-06,2020010601009430,LBL,40,19,71,199.00,"14,129.00"
2020-01-06,2020010601009429,LBL,40,41,500,199.00,"99,500.00"
2020-01-06,2020010601009428,LBL,40,17,429,199.00,"85,371.00"
2020-01-06,2020010601009427,LBL,40,35,"1,000",198.00,"198,000.00"
2020-01-06,2020010601009410,LEMF,55,48,"4,000",7.11,"28,440.00"
2020-01-06,2020010601009389,LEMF,11,48,"1,000",7.12,"7,120.00"
2020-01-06,2020010601009566,LICN,50,6,30,"1,100.00","33,000.00"
2020-01-06,2020010601009321,MBL,22,4,300,225.00,"67,500.00"
2020-01-06,2020010601009672,MEGA,29,20,10,190.00,"1,900.00"
2020-01-06,2020010601009616,MEGA,45,13,64,191.00,"12,224.00"
2020-01-06,2020010601009586,MEGA,29,45,64,190.00,"12,160.00"
2020-01-06,2020010601009548,MEGA,58,13,500,191.00,"95,500.00"
2020-01-06,2020010601009452,MEGA,29,25,100,190.00,"19,000.00"
2020-01-06,2020010601009352,MEGA,49,51,318,190.00,"60,420.00"
2020-01-06,2020010601009358,MEGA,49,8,200,190.00,"38,000.00"
2020-01-06,2020010601009357,MEGA,49,41,125,190.00,"23,750.00"
2020-01-06,2020010601009356,MEGA,49,53,606,190.00,"115,140.00"
2020-01-06,2020010601009355,MEGA,49,35,"1,000",190.00,"190,000.00"
2020-01-06,2020010601009354,MEGA,49,1,136,190.00,"25,840.00"
2020-01-06,2020010601009353,MEGA,49,38,50,190.00,"9,500.00"
2020-01-06,2020010601009433,MEGA,29,26,935,190.00,"177,650.00"
2020-01-06,2020010601009431,MEGA,49,41,10,189.00,"1,890.00"
2020-01-06,2020010601009412,MEGA,49,49,34,189.00,"6,426.00"
2020-01-06,2020010601009359,MEGA,49,26,565,190.00,"107,350.00"
2020-01-06,2020010601009604,MERO,26,22,40,482.00,"19,280.00"
2020-01-06,2020010601009432,MERO,26,32,50,485.00,"24,250.00"
2020-01-06,2020010601009340,MFIL,43,1,10,145.00,"1,450.00"
2020-01-06,2020010601009706,MNBBL,55,11,62,283.00,"17,546.00"
2020-01-06,2020010601009725,NABIL,54,11,50,713.00,"35,650.00"
2020-01-06,2020010601009701,NABIL,25,11,24,713.00,"17,112.00"
2020-01-06,2020010601009480,NABIL,54,25,45,712.00,"32,040.00"
2020-01-06,2020010601009479,NABIL,29,25,12,712.00,"8,544.00"
2020-01-06,2020010601009414,NABIL,26,11,10,713.00,"7,130.00"
2020-01-06,2020010601009413,NABIL,26,32,20,712.00,"14,240.00"
2020-01-06,2020010601009329,NABIL,29,32,20,712.00,"14,240.00"
2020-01-06,2020010601009319,NABIL,29,43,100,712.00,"71,200.00"
2020-01-06,2020010601009289,NABIL,29,16,568,712.00,"404,416.00"
2020-01-06,2020010601009288,NABIL,19,16,15,712.00,"10,680.00"
2020-01-06,2020010601009287,NABIL,42,16,100,712.00,"71,200.00"
2020-01-06,2020010601009286,NABIL,8,16,17,712.00,"12,104.00"
2020-01-06,2020010601009596,NADEP,48,32,20,519.00,"10,380.00"
2020-01-06,2020010601009557,NADEP,18,41,10,520.00,"5,200.00"
2020-01-06,2020010601009472,NADEP,18,41,10,520.00,"5,200.00"
2020-01-06,2020010601009674,NBB,21,56,300,195.00,"58,500.00"
2020-01-06,2020010601009673,NBB,56,56,32,195.00,"6,240.00"
2020-01-06,2020010601009402,NBB,56,49,18,195.00,"3,510.00"
2020-01-06,2020010601009276,NBB,58,36,500,196.00,"98,000.00"
2020-01-06,2020010601009275,NBB,58,25,500,196.00,"98,000.00"
2020-01-06,2020010601009274,NBB,58,22,100,196.00,"19,600.00"
2020-01-06,2020010601009273,NBB,58,43,50,196.00,"9,800.00"
2020-01-06,2020010601009272,NBB,58,25,100,196.00,"19,600.00"
2020-01-06,2020010601009271,NBB,58,17,483,196.00,"94,668.00"
2020-01-06,2020010601009547,NBL,14,52,200,273.00,"54,600.00"
2020-01-06,2020010601009627,NCCB,41,56,50,206.00,"10,300.00"
2020-01-06,2020010601009374,NCCB,34,56,500,205.00,"102,500.00"
2020-01-06,2020010601009373,NCCB,44,56,500,205.00,"102,500.00"
2020-01-06,2020010601009372,NCCB,14,56,"1,000",205.00,"205,000.00"
2020-01-06,2020010601009371,NCCB,29,56,100,205.00,"20,500.00"
2020-01-06,2020010601009370,NCCB,32,56,321,205.00,"65,805.00"
2020-01-06,2020010601009369,NCCB,44,56,"1,100",205.00,"225,500.00"
2020-01-06,2020010601009255,NCCB,44,13,"1,900",205.00,"389,500.00"
2020-01-06,2020010601009254,NCCB,1,13,100,206.00,"20,600.00"
2020-01-06,2020010601009327,NGPL,41,21,154,111.00,"17,094.00"
2020-01-06,2020010601009709,NIB,54,57,50,402.00,"20,100.00"
2020-01-06,2020010601009323,NIB,37,25,90,402.00,"36,180.00"
2020-01-06,2020010601009573,NIBLPF,55,58,"5,153",6.93,"35,710.29"
2020-01-06,2020010601009572,NIBLPF,55,38,"2,005",6.92,"13,874.60"
2020-01-06,2020010601009470,NIBPO,4,6,200,375.00,"75,000.00"
2020-01-06,2020010601009239,NIBSF1,33,28,"1,000",8.31,"8,310.00"
2020-01-06,2020010601009663,NICA,46,49,11,441.00,"4,851.00"
2020-01-06,2020010601009662,NICA,46,16,20,440.00,"8,800.00"
2020-01-06,2020010601009565,NICA,56,5,370,440.00,"162,800.00"
2020-01-06,2020010601009543,NICA,58,5,50,440.00,"22,000.00"
2020-01-06,2020010601009504,NICA,25,33,208,440.00,"91,520.00"
2020-01-06,2020010601009503,NICA,25,25,300,440.00,"132,000.00"
2020-01-06,2020010601009306,NICA,58,44,200,440.00,"88,000.00"
2020-01-06,2020010601009305,NICA,58,58,238,440.00,"104,720.00"
2020-01-06,2020010601009291,NICA,58,58,762,440.00,"335,280.00"
2020-01-06,2020010601009290,NICA,58,32,238,440.00,"104,720.00"
2020-01-06,2020010601009242,NICA,7,49,41,439.00,"17,999.00"
2020-01-06,2020010601009241,NICA,7,28,309,439.00,"135,651.00"
2020-01-06,2020010601009420,NICA,50,48,62,440.00,"27,280.00"
2020-01-06,2020010601009419,NICA,50,52,500,440.00,"220,000.00"
2020-01-06,2020010601009418,NICA,50,28,438,440.00,"192,720.00"
2020-01-06,2020010601009314,NICA,58,28,562,440.00,"247,280.00"
2020-01-06,2020010601009313,NICA,58,6,438,440.00,"192,720.00"
2020-01-06,2020010601009307,NICA,58,6,562,440.00,"247,280.00"
2020-01-06,2020010601009462,NICA,33,21,10,440.00,"4,400.00"
2020-01-06,2020010601009461,NICA,33,50,400,440.00,"176,000.00"
2020-01-06,2020010601009460,NICA,33,37,300,440.00,"132,000.00"
2020-01-06,2020010601009459,NICA,33,16,200,440.00,"88,000.00"
2020-01-06,2020010601009458,NICA,33,39,500,440.00,"220,000.00"
2020-01-06,2020010601009457,NICA,33,48,33,440.00,"14,520.00"
2020-01-06,2020010601009468,NICA,33,55,"1,707",440.00,"751,080.00"
2020-01-06,2020010601009467,NICA,33,49,300,440.00,"132,000.00"
2020-01-06,2020010601009466,NICA,33,22,500,440.00,"220,000.00"
2020-01-06,2020010601009465,NICA,33,11,500,440.00,"220,000.00"
2020-01-06,2020010601009464,NICA,33,21,50,440.00,"22,000.00"
2020-01-06,2020010601009463,NICA,33,56,500,440.00,"220,000.00"
2020-01-06,2020010601009486,NICA,53,33,292,440.00,"128,480.00"
2020-01-06,2020010601009485,NICA,53,35,100,440.00,"44,000.00"
2020-01-06,2020010601009484,NICA,53,35,100,440.00,"44,000.00"
2020-01-06,2020010601009483,NICA,53,47,125,440.00,"55,000.00"
2020-01-06,2020010601009482,NICA,53,43,109,440.00,"47,960.00"
2020-01-06,2020010601009481,NICA,53,55,274,440.00,"120,560.00"
2020-01-06,2020010601009665,NICL,41,57,50,318.00,"15,900.00"
2020-01-06,2020010601009310,NICL,39,57,10,318.00,"3,180.00"
2020-01-06,2020010601009232,NICL,53,49,80,316.00,"25,280.00"
2020-01-06,2020010601009231,NICL,53,57,500,316.00,"158,000.00"
2020-01-06,2020010601009230,NICL,53,43,100,316.00,"31,600.00"
2020-01-06,2020010601009723,NIL,38,41,67,402.00,"26,934.00"
2020-01-06,2020010601009722,NIL,1,41,100,402.00,"40,200.00"
2020-01-06,2020010601009721,NIL,14,41,50,402.00,"20,100.00"
2020-01-06,2020010601009720,NIL,7,41,264,402.00,"106,128.00"
2020-01-06,2020010601009719,NIL,44,41,19,403.00,"7,657.00"
2020-01-06,2020010601009613,NIL,44,13,310,403.00,"124,930.00"
2020-01-06,2020010601009259,NIL,58,40,200,404.00,"80,800.00"
2020-01-06,2020010601009245,NIL,58,40,629,404.00,"254,116.00"
2020-01-06,2020010601009244,NIL,52,40,220,404.00,"88,880.00"
2020-01-06,2020010601009367,NIL,34,40,100,403.00,"40,300.00"
2020-01-06,2020010601009366,NIL,35,40,500,403.00,"201,500.00"
2020-01-06,2020010601009365,NIL,16,40,10,403.00,"4,030.00"
2020-01-06,2020010601009364,NIL,58,40,171,404.00,"69,084.00"
2020-01-06,2020010601009344,NIL,8,55,29,405.00,"11,745.00"
2020-01-06,2020010601009343,NIL,8,43,26,405.00,"10,530.00"
2020-01-06,2020010601009574,NIL,44,38,112,403.00,"45,136.00"
2020-01-06,2020010601009564,NIL,44,13,59,403.00,"23,777.00"
2020-01-06,2020010601009563,NIL,36,13,441,403.00,"177,723.00"
2020-01-06,2020010601009538,NIL,36,38,59,403.00,"23,777.00"
2020-01-06,2020010601009453,NIL,7,40,236,402.00,"94,872.00"
2020-01-06,2020010601009368,NIL,39,40,100,403.00,"40,300.00"
2020-01-06,2020010601009342,NLG,26,57,100,610.00,"61,000.00"
2020-01-06,2020010601009615,NLIC,50,28,400,967.00,"386,800.00"
2020-01-06,2020010601009608,NLIC,32,25,24,966.00,"23,184.00"
2020-01-06,2020010601009607,NLIC,32,14,333,966.00,"321,678.00"
2020-01-06,2020010601009595,NLIC,32,14,11,966.00,"10,626.00"
2020-01-06,2020010601009594,NLIC,32,54,489,966.00,"472,374.00"
2020-01-06,2020010601009716,NLICL,45,57,100,492.00,"49,200.00"
2020-01-06,2020010601009715,NLICL,45,6,100,492.00,"49,200.00"
2020-01-06,2020010601009624,NMB,43,13,300,334.00,"100,200.00"
2020-01-06,2020010601009623,NMB,54,13,481,334.00,"160,654.00"
2020-01-06,2020010601009606,NMB,54,45,191,334.00,"63,794.00"
2020-01-06,2020010601009592,NMB,54,35,100,334.00,"33,400.00"
2020-01-06,2020010601009591,NMB,54,37,12,334.00,"4,008.00"
2020-01-06,2020010601009590,NMB,54,33,100,334.00,"33,400.00"
2020-01-06,2020010601009376,NMB,22,53,29,334.00,"9,686.00"
2020-01-06,2020010601009375,NMB,22,53,171,334.00,"57,114.00"
2020-01-06,2020010601009589,NMB,54,56,200,334.00,"66,800.00"
2020-01-06,2020010601009588,NMB,54,4,916,334.00,"305,944.00"
2020-01-06,2020010601009475,NMB,52,4,84,334.00,"28,056.00"
2020-01-06,2020010601009474,NMB,52,22,100,334.00,"33,400.00"
2020-01-06,2020010601009473,NMB,52,53,116,334.00,"38,744.00"
2020-01-06,2020010601009445,NMB,17,53,55,334.00,"18,370.00"
2020-01-06,2020010601009401,NMBHF1,5,6,"3,000",8.80,"26,400.00"
2020-01-06,2020010601009400,NMBHF1,5,28,"2,892",8.79,"25,420.68"
2020-01-06,2020010601009707,NUBL,40,11,70,825.00,"57,750.00"
2020-01-06,2020010601009237,NUBL,10,11,130,825.00,"107,250.00"
2020-01-06,2020010601009236,NUBL,10,50,600,825.00,"495,000.00"
2020-01-06,2020010601009235,NUBL,10,37,100,825.00,"82,500.00"
2020-01-06,2020010601009234,NUBL,10,49,170,825.00,"140,250.00"
2020-01-06,2020010601009249,OHL,19,38,50,475.00,"23,750.00"
2020-01-06,2020010601009609,PCBL,37,45,206,244.00,"50,264.00"
2020-01-06,2020010601009399,PCBL,52,45,50,244.00,"12,200.00"
2020-01-06,2020010601009345,PCBL,13,52,400,243.00,"97,200.00"
2020-01-06,2020010601009258,PCBL,51,45,104,244.00,"25,376.00"
2020-01-06,2020010601009257,PCBL,51,45,426,244.00,"103,944.00"
2020-01-06,2020010601009260,PFL,14,48,500,133.00,"66,500.00"
2020-01-06,2020010601009666,PLIC,26,6,10,375.00,"3,750.00"
2020-01-06,2020010601009520,PLIC,26,53,43,375.00,"16,125.00"
2020-01-06,2020010601009284,PMHPL,46,21,10,87.00,870.00
2020-01-06,2020010601009303,PPCL,6,48,10,112.00,"1,120.00"
2020-01-06,2020010601009391,PRIN,7,53,100,337.00,"33,700.00"
2020-01-06,2020010601009390,PRIN,7,43,123,337.00,"41,451.00"
2020-01-06,2020010601009714,PRVU,53,56,"1,000",232.00,"232,000.00"
2020-01-06,2020010601009685,PRVU,53,43,300,232.00,"69,600.00"
2020-01-06,2020010601009684,PRVU,42,43,500,232.00,"116,000.00"
2020-01-06,2020010601009683,PRVU,41,43,200,232.00,"46,400.00"
2020-01-06,2020010601009669,PRVU,22,26,87,233.00,"20,271.00"
2020-01-06,2020010601009668,PRVU,22,29,113,233.00,"26,329.00"
2020-01-06,2020010601009296,PRVU,54,56,320,231.00,"73,920.00"
2020-01-06,2020010601009229,PRVU,54,13,"1,593",231.00,"367,983.00"
2020-01-06,2020010601009228,PRVU,56,13,407,231.00,"94,017.00"
2020-01-06,2020010601009517,PRVU,54,34,87,233.00,"20,271.00"
2020-01-06,2020010601009492,PRVU,28,34,10,233.00,"2,330.00"
2020-01-06,2020010601009394,PRVU,41,44,"1,800",232.00,"417,600.00"
2020-01-06,2020010601009393,PRVU,22,44,200,232.00,"46,400.00"
2020-01-06,2020010601009302,PRVU,58,44,"2,000",232.00,"464,000.00"
2020-01-06,2020010601009301,PRVU,58,43,988,232.00,"229,216.00"
2020-01-06,2020010601009625,PRVU,37,29,500,233.00,"116,500.00"
2020-01-06,2020010601009542,PRVU,17,29,100,233.00,"23,300.00"
2020-01-06,2020010601009519,PRVU,14,29,287,233.00,"66,871.00"
2020-01-06,2020010601009518,PRVU,14,34,213,233.00,"49,629.00"
2020-01-06,2020010601009691,RADHI,52,56,12,141.00,"1,692.00"
2020-01-06,2020010601009690,RADHI,52,44,12,141.00,"1,692.00"
2020-01-06,2020010601009311,RBCL,21,45,20,"8,513.00","170,260.00"
2020-01-06,2020010601009498,RHPC,49,45,363,71.00,"25,773.00"
2020-01-06,2020010601009253,RHPC,49,32,19,71.00,"1,349.00"
2020-01-06,2020010601009252,RHPC,49,7,18,71.00,"1,278.00"
2020-01-06,2020010601009724,RHPL,56,48,10,169.00,"1,690.00"
2020-01-06,2020010601009622,RHPL,56,48,30,169.00,"5,070.00"
2020-01-06,2020010601009559,RHPL,56,41,40,169.00,"6,760.00"
2020-01-06,2020010601009404,RHPL,56,21,40,169.00,"6,760.00"
2020-01-06,2020010601009240,RHPL,56,41,40,169.00,"6,760.00"
2020-01-06,2020010601009630,RMDC,55,58,400,561.00,"224,400.00"
2020-01-06,2020010601009629,RMDC,53,58,100,562.00,"56,200.00"
2020-01-06,2020010601009593,RRHP,42,48,10,97.00,970.00
2020-01-06,2020010601009612,SABSL,21,46,20,613.00,"12,260.00"
2020-01-06,2020010601009611,SABSL,28,46,50,614.00,"30,700.00"
2020-01-06,2020010601009610,SABSL,25,46,40,615.00,"24,600.00"
2020-01-06,2020010601009405,SABSL,25,41,10,615.00,"6,150.00"
2020-01-06,2020010601009495,SANIMA,58,45,20,325.00,"6,500.00"
2020-01-06,2020010601009341,SANIMA,53,22,40,323.00,"12,920.00"
2020-01-06,2020010601009309,SANIMA,38,56,200,324.00,"64,800.00"
2020-01-06,2020010601009308,SANIMA,38,6,369,324.00,"119,556.00"
2020-01-06,2020010601009708,SAPDBL,43,34,10,131.00,"1,310.00"
2020-01-06,2020010601009587,SBI,26,45,50,380.00,"19,000.00"
2020-01-06,2020010601009546,SBI,50,56,55,382.00,"21,010.00"
2020-01-06,2020010601009545,SBI,50,40,400,382.00,"152,800.00"
2020-01-06,2020010601009544,SBI,50,13,220,381.00,"83,820.00"
2020-01-06,2020010601009304,SBI,7,13,10,380.00,"3,800.00"
2020-01-06,2020010601009298,SBI,58,13,257,380.00,"97,660.00"
2020-01-06,2020010601009297,SBI,40,13,13,381.00,"4,953.00"
2020-01-06,2020010601009570,SBL,29,25,80,295.00,"23,600.00"
2020-01-06,2020010601009569,SBL,33,25,20,295.00,"5,900.00"
2020-01-06,2020010601009568,SBL,33,39,50,295.00,"14,750.00"
2020-01-06,2020010601009512,SBL,33,42,230,295.00,"67,850.00"
2020-01-06,2020010601009450,SBL,26,45,50,297.00,"14,850.00"
2020-01-06,2020010601009681,SCB,54,25,20,565.00,"11,300.00"
2020-01-06,2020010601009614,SCB,26,25,30,565.00,"16,950.00"
2020-01-06,2020010601009494,SCB,26,17,20,565.00,"11,300.00"
2020-01-06,2020010601009312,SCB,16,13,10,561.00,"5,610.00"
2020-01-06,2020010601009711,SDESI,25,14,50,643.00,"32,150.00"
2020-01-06,2020010601009667,SDESI,25,14,100,643.00,"64,300.00"
2020-01-06,2020010601009654,SDESI,25,14,100,643.00,"64,300.00"
2020-01-06,2020010601009626,SDESI,5,38,100,642.00,"64,200.00"
2020-01-06,2020010601009680,SEF,3,58,"3,000",9.03,"27,090.00"
2020-01-06,2020010601009679,SEF,3,6,"1,000",9.02,"9,020.00"
2020-01-06,2020010601009513,SHINE,4,4,"1,900",234.00,"444,600.00"
2020-01-06,2020010601009330,SHINE,45,25,174,234.00,"40,716.00"
2020-01-06,2020010601009687,SHIVM,44,48,370,484.00,"179,080.00"
2020-01-06,2020010601009686,SHIVM,21,48,130,484.00,"62,920.00"
2020-01-06,2020010601009631,SHIVM,14,45,10,485.00,"4,850.00"
2020-01-06,2020010601009628,SHIVM,21,48,170,484.00,"82,280.00"
2020-01-06,2020010601009577,SHIVM,50,32,50,483.00,"24,150.00"
2020-01-06,2020010601009385,SHIVM,21,46,280,485.00,"135,800.00"
2020-01-06,2020010601009279,SHIVM,38,48,230,486.00,"111,780.00"
2020-01-06,2020010601009277,SHIVM,38,48,50,486.00,"24,300.00"
2020-01-06,2020010601009248,SHIVM,38,46,220,485.00,"106,700.00"
2020-01-06,2020010601009682,SHL,19,19,100,197.00,"19,700.00"
2020-01-06,2020010601009381,SHL,45,50,250,198.00,"49,500.00"
2020-01-06,2020010601009670,SIFC,6,6,"3,000",141.00,"423,000.00"
2020-01-06,2020010601009392,SIL,21,6,300,422.00,"126,600.00"
2020-01-06,2020010601009582,SJCL,14,41,20,157.00,"3,140.00"
2020-01-06,2020010601009324,SJCL,14,14,20,157.00,"3,140.00"
2020-01-06,2020010601009262,SJCL,14,41,20,157.00,"3,140.00"
2020-01-06,2020010601009422,SJCL,14,21,20,157.00,"3,140.00"
2020-01-06,2020010601009415,SJCL,14,14,20,157.00,"3,140.00"
2020-01-06,2020010601009469,SKBBL,26,58,50,870.00,"43,500.00"
2020-01-06,2020010601009435,SKBBL,44,28,14,874.00,"12,236.00"
2020-01-06,2020010601009434,SKBBL,44,58,16,873.00,"13,968.00"
2020-01-06,2020010601009278,SLBBL,38,39,100,610.00,"61,000.00"
2020-01-06,2020010601009493,SMFDB,54,59,58,579.00,"33,582.00"
2020-01-06,2020010601009360,SPARS,44,41,10,597.00,"5,970.00"
2020-01-06,2020010601009678,SRBL,50,50,"1,960",227.00,"444,920.00"
2020-01-06,2020010601009677,SRBL,29,50,"1,040",227.00,"236,080.00"
2020-01-06,2020010601009648,SRBL,29,35,600,227.00,"136,200.00"
2020-01-06,2020010601009647,SRBL,29,26,90,227.00,"20,430.00"
2020-01-06,2020010601009646,SRBL,29,26,270,227.00,"61,290.00"
2020-01-06,2020010601009379,SRBL,50,13,14,226.00,"3,164.00"
2020-01-06,2020010601009378,SRBL,38,13,200,226.00,"45,200.00"
2020-01-06,2020010601009507,STC,58,38,170,"1,930.00","328,100.00"
2020-01-06,2020010601009444,STC,58,59,30,"1,930.00","57,900.00"
2020-01-06,2020010601009443,STC,38,59,200,"1,931.00","386,200.00"
2020-01-06,2020010601009442,STC,59,59,50,"1,931.00","96,550.00"
2020-01-06,2020010601009441,STC,47,59,20,"1,932.00","38,640.00"
2020-01-06,2020010601009243,TMDBL,59,25,700,154.00,"107,800.00"
2020-01-06,2020010601009702,UFL,6,7,46,167.00,"7,682.00"
2020-01-06,2020010601009384,UIC,42,13,470,296.00,"139,120.00"
2020-01-06,2020010601009383,UIC,58,13,30,296.00,"8,880.00"
2020-01-06,2020010601009382,UIC,41,13,300,296.00,"88,800.00"
2020-01-06,2020010601009285,UPCL,21,48,50,72.00,"3,600.00"
2020-01-06,2020010601009502,UPPER,25,43,25,238.00,"5,950.00"
2020-01-06,2020010601009501,UPPER,25,41,50,236.00,"11,800.00"
2020-01-06,2020010601009500,UPPER,25,21,50,236.00,"11,800.00"
2020-01-06,2020010601009499,UPPER,25,21,30,236.00,"7,080.00"
2020-01-06,2020010601009380,UPPER,48,21,20,236.00,"4,720.00"
2020-01-06,2020010601008937,ADBL,8,45,100,370.00,"37,000.00"
2020-01-06,2020010601008917,ADBL,49,45,181,370.00,"66,970.00"
2020-01-06,2020010601008916,ADBL,49,51,394,370.00,"145,780.00"
2020-01-06,2020010601008915,ADBL,49,42,25,369.00,"9,225.00"
2020-01-06,2020010601008882,ADBL,3,51,100,370.00,"37,000.00"
2020-01-06,2020010601008748,ADBL,49,45,172,369.00,"63,468.00"
2020-01-06,2020010601009181,ALBSL,21,21,10,527.00,"5,270.00"
2020-01-06,2020010601009174,ALBSL,13,14,320,530.00,"169,600.00"
2020-01-06,2020010601009020,ALBSL,25,14,180,527.00,"94,860.00"
2020-01-06,2020010601008823,ALBSL,25,21,10,527.00,"5,270.00"
2020-01-06,2020010601008728,ALBSL,25,6,20,533.00,"10,660.00"
2020-01-06,2020010601008727,ALBSL,25,58,710,533.00,"378,430.00"
2020-01-06,2020010601009197,ALICL,50,43,125,381.00,"47,625.00"
2020-01-06,2020010601008927,ALICL,50,49,24,381.00,"9,144.00"
2020-01-06,2020010601008908,ALICL,50,25,100,381.00,"38,100.00"
2020-01-06,2020010601009161,API,13,58,27,107.00,"2,889.00"
2020-01-06,2020010601008847,API,25,58,"2,000",107.00,"214,000.00"
2020-01-06,2020010601008922,BFC,42,45,100,85.00,"8,500.00"
2020-01-06,2020010601009133,BOKL,49,40,150,220.00,"33,000.00"
2020-01-06,2020010601009118,BOKL,25,16,169,219.00,"37,011.00"
2020-01-06,2020010601009099,BPCL,43,22,10,308.00,"3,080.00"
2020-01-06,2020010601008904,CBBL,38,45,10,830.00,"8,300.00"
2020-01-06,2020010601008903,CBBL,38,25,100,830.00,"83,000.00"
2020-01-06,2020010601008902,CBBL,38,45,79,830.00,"65,570.00"
2020-01-06,2020010601008931,CBL,34,56,500,137.00,"68,500.00"
2020-01-06,2020010601009209,CCBL,11,56,"1,000",168.00,"168,000.00"
2020-01-06,2020010601009208,CCBL,45,56,227,168.00,"38,136.00"
2020-01-06,2020010601008940,CCBL,45,59,73,168.00,"12,264.00"
2020-01-06,2020010601008939,CCBL,51,59,99,168.00,"16,632.00"
2020-01-06,2020010601009183,CMF1,42,43,260,9.14,"2,376.40"
2020-01-06,2020010601009194,CORBL,43,47,100,117.00,"11,700.00"
2020-01-06,2020010601009160,CZBIL,45,59,336,195.00,"65,520.00"
2020-01-06,2020010601008868,CZBIL,56,14,100,195.00,"19,500.00"
2020-01-06,2020010601008867,CZBIL,56,25,204,195.00,"39,780.00"
2020-01-06,2020010601008866,CZBIL,56,45,500,195.00,"97,500.00"
2020-01-06,2020010601008865,CZBIL,56,19,100,195.00,"19,500.00"
2020-01-06,2020010601008864,CZBIL,56,53,386,195.00,"75,270.00"
2020-01-06,2020010601008822,CZBIL,56,17,400,194.00,"77,600.00"
2020-01-06,2020010601008760,CZBIL,14,17,100,194.00,"19,400.00"
2020-01-06,2020010601008891,DBBL,34,59,150,145.00,"21,750.00"
2020-01-06,2020010601008795,DBBL,4,35,100,146.00,"14,600.00"
2020-01-06,2020010601008794,DBBL,4,51,400,145.00,"58,000.00"
2020-01-06,2020010601008793,DBBL,4,41,"1,000",145.00,"145,000.00"
2020-01-06,2020010601008792,DBBL,4,54,"1,000",145.00,"145,000.00"
2020-01-06,2020010601008791,DBBL,4,42,148,145.00,"21,460.00"
2020-01-06,2020010601008790,DBBL,4,35,105,144.00,"15,120.00"
2020-01-06,2020010601008789,DBBL,4,21,500,144.00,"72,000.00"
2020-01-06,2020010601008788,DBBL,4,50,447,144.00,"64,368.00"
2020-01-06,2020010601008787,DBBL,4,13,500,144.00,"72,000.00"
2020-01-06,2020010601008786,DBBL,4,44,527,143.00,"75,361.00"
2020-01-06,2020010601008785,DBBL,4,41,273,143.00,"39,039.00"
2020-01-06,2020010601009201,DDBL,46,39,30,911.00,"27,330.00"
2020-01-06,2020010601009003,DDBL,8,19,200,912.00,"182,400.00"
2020-01-06,2020010601008983,DDBL,19,5,60,915.00,"54,900.00"
2020-01-06,2020010601008936,DDBL,49,29,12,914.00,"10,968.00"
2020-01-06,2020010601008935,DDBL,49,41,299,914.00,"273,286.00"
2020-01-06,2020010601008934,DDBL,49,51,10,913.00,"9,130.00"
2020-01-06,2020010601008933,DDBL,49,45,75,913.00,"68,475.00"
2020-01-06,2020010601008832,DDBL,14,45,25,913.00,"22,825.00"
2020-01-06,2020010601008831,DDBL,14,45,75,913.00,"68,475.00"
2020-01-06,2020010601009156,DHPL,7,34,50,51.00,"2,550.00"
2020-01-06,2020010601009187,EBL,48,16,87,562.00,"48,894.00"
2020-01-06,2020010601009186,EBL,48,38,100,562.00,"56,200.00"
2020-01-06,2020010601009185,EBL,48,44,50,562.00,"28,100.00"
2020-01-06,2020010601009120,EBL,48,52,100,561.00,"56,100.00"
2020-01-06,2020010601009066,EBL,35,29,50,560.00,"28,000.00"
2020-01-06,2020010601008845,EBL,35,36,73,560.00,"40,880.00"
2020-01-06,2020010601009196,EIC,39,49,25,273.00,"6,825.00"
2020-01-06,2020010601009226,FMDBL,22,39,70,348.00,"24,360.00"
2020-01-06,2020010601009199,FMDBL,56,39,10,348.00,"3,480.00"
2020-01-06,2020010601009162,FMDBL,56,47,340,345.00,"117,300.00"
2020-01-06,2020010601009113,FMDBL,26,39,320,348.00,"111,360.00"
2020-01-06,2020010601009112,FMDBL,26,1,43,348.00,"14,964.00"
2020-01-06,2020010601009111,FMDBL,26,11,234,348.00,"81,432.00"
2020-01-06,2020010601009046,FMDBL,36,49,260,347.00,"90,220.00"
2020-01-06,2020010601008730,FMDBL,56,49,10,347.00,"3,470.00"
2020-01-06,2020010601009110,FMDBL,26,47,175,348.00,"60,900.00"
2020-01-06,2020010601009109,FMDBL,26,57,141,348.00,"49,068.00"
2020-01-06,2020010601009108,FMDBL,26,25,87,348.00,"30,276.00"
2020-01-06,2020010601009092,FMDBL,56,57,10,348.00,"3,480.00"
2020-01-06,2020010601009091,FMDBL,56,7,17,347.00,"5,899.00"
2020-01-06,2020010601009047,FMDBL,36,16,680,347.00,"235,960.00"
2020-01-06,2020010601008953,FOWAD,57,10,10,"1,108.00","11,080.00"
2020-01-06,2020010601008741,FOWAD,13,16,185,"1,122.00","207,570.00"
2020-01-06,2020010601008740,FOWAD,13,55,20,"1,120.00","22,400.00"
2020-01-06,2020010601008739,FOWAD,13,5,50,"1,119.00","55,950.00"
2020-01-06,2020010601008738,FOWAD,13,34,140,"1,116.00","156,240.00"
2020-01-06,2020010601008737,FOWAD,13,6,70,"1,115.00","78,050.00"
2020-01-06,2020010601008736,FOWAD,13,4,49,"1,115.00","54,635.00"
2020-01-06,2020010601008875,GBBL,5,39,80,208.00,"16,640.00"
2020-01-06,2020010601008874,GBBL,5,40,200,208.00,"41,600.00"
2020-01-06,2020010601008873,GBBL,5,14,215,208.00,"44,720.00"
2020-01-06,2020010601009048,GBLBS,39,34,89,368.00,"32,752.00"
2020-01-06,2020010601009010,GBLBS,39,34,200,368.00,"73,600.00"
2020-01-06,2020010601008920,GBLBS,37,34,500,368.00,"184,000.00"
2020-01-06,2020010601008750,GBLBS,39,34,400,368.00,"147,200.00"
2020-01-06,2020010601008729,GBLBS,39,6,100,368.00,"36,800.00"
2020-01-06,2020010601008804,GFCL,59,47,40,128.00,"5,120.00"
2020-01-06,2020010601008860,GILB,55,48,50,938.00,"46,900.00"
2020-01-06,2020010601008859,GILB,55,42,21,938.00,"19,698.00"
2020-01-06,2020010601008858,GILB,55,41,170,938.00,"159,460.00"
2020-01-06,2020010601008857,GILB,55,47,100,938.00,"93,800.00"
2020-01-06,2020010601008826,GILB,40,18,46,930.00,"42,780.00"
2020-01-06,2020010601008825,GILB,40,41,250,929.00,"232,250.00"
2020-01-06,2020010601008930,GLBSL,38,43,30,490.00,"14,700.00"
2020-01-06,2020010601008896,GLBSL,38,58,500,488.00,"244,000.00"
2020-01-06,2020010601008895,GLBSL,38,58,72,488.00,"35,136.00"
2020-01-06,2020010601009011,GLICL,38,6,152,462.00,"70,224.00"
2020-01-06,2020010601008962,GLICL,53,6,348,462.00,"160,776.00"
2020-01-06,2020010601008810,GMFBS,58,44,10,603.00,"6,030.00"
2020-01-06,2020010601008809,GMFBS,58,55,10,600.00,"6,000.00"
2020-01-06,2020010601008808,GMFBS,58,44,10,600.00,"6,000.00"
2020-01-06,2020010601008807,GMFBS,58,21,10,600.00,"6,000.00"
2020-01-06,2020010601008806,GMFBS,58,51,10,599.00,"5,990.00"
