Date,Transact. No.,Symbol,Buyer,Seller,Quantity,Rate,Amount
2020-01-13,2020011301019243,ADBL,56,33,30,379.00,"11,370.00"
2020-01-13,2020011301019102,ADBL,35,49,100,377.00,"37,700.00"
2020-01-13,2020011301019086,ADBL,7,36,55,376.00,"20,680.00"
2020-01-13,2020011301019085,ADBL,52,36,400,376.00,"150,400.00"
2020-01-13,2020011301019006,ADBL,52,29,100,376.00,"37,600.00"
2020-01-13,2020011301019282,AKPL,50,22,883,128.00,"113,024.00"
2020-01-13,2020011301019281,AKPL,21,22,500,128.00,"64,000.00"
2020-01-13,2020011301019280,AKPL,4,22,100,128.00,"12,800.00"
2020-01-13,2020011301019279,AKPL,19,22,517,129.00,"66,693.00"
2020-01-13,2020011301019242,AKPL,19,49,483,129.00,"62,307.00"
2020-01-13,2020011301018973,AKPL,19,49,17,129.00,"2,193.00"
2020-01-13,2020011301018951,AKPL,19,25,983,129.00,"126,807.00"
2020-01-13,2020011301018950,AKPL,58,25,54,129.00,"6,966.00"
2020-01-13,2020011301018854,ALBSL,57,53,20,629.00,"12,580.00"
2020-01-13,2020011301019312,ALICL,36,6,13,424.00,"5,512.00"
2020-01-13,2020011301018879,ALICL,56,45,241,425.00,"102,425.00"
2020-01-13,2020011301018878,ALICL,56,20,100,425.00,"42,500.00"
2020-01-13,2020011301018877,ALICL,56,45,59,421.00,"24,839.00"
2020-01-13,2020011301019208,API,25,16,20,124.00,"2,480.00"
2020-01-13,2020011301019276,BOKL,42,3,10,234.00,"2,340.00"
2020-01-13,2020011301019248,BOKL,37,6,500,233.00,"116,500.00"
2020-01-13,2020011301019247,BOKL,37,13,71,233.00,"16,543.00"
2020-01-13,2020011301019215,BOKL,56,13,30,233.00,"6,990.00"
2020-01-13,2020011301019151,BOKL,16,5,960,231.00,"221,760.00"
2020-01-13,2020011301019150,BOKL,14,5,40,232.00,"9,280.00"
2020-01-13,2020011301018915,BOKL,16,49,90,232.00,"20,880.00"
2020-01-13,2020011301019140,BOKL,14,40,460,232.00,"106,720.00"
2020-01-13,2020011301019139,BOKL,25,40,40,232.00,"9,280.00"
2020-01-13,2020011301019068,BOKL,25,5,460,232.00,"106,720.00"
2020-01-13,2020011301019067,BOKL,38,5,300,232.00,"69,600.00"
2020-01-13,2020011301019066,BOKL,16,5,240,232.00,"55,680.00"
2020-01-13,2020011301019005,BOKL,16,50,180,232.00,"41,760.00"
2020-01-13,2020011301019339,BPCL,38,41,10,336.00,"3,360.00"
2020-01-13,2020011301019296,BPCL,8,49,350,332.00,"116,200.00"
2020-01-13,2020011301019295,BPCL,8,49,40,331.00,"13,240.00"
2020-01-13,2020011301019176,BPCL,38,49,50,331.00,"16,550.00"
2020-01-13,2020011301019035,BPCL,38,49,10,331.00,"3,310.00"
2020-01-13,2020011301018998,BPCL,50,49,15,332.00,"4,980.00"
2020-01-13,2020011301018962,CBBL,26,25,40,890.00,"35,600.00"
2020-01-13,2020011301018961,CBBL,41,25,160,890.00,"142,400.00"
2020-01-13,2020011301019182,CBL,43,35,10,141.00,"1,410.00"
2020-01-13,2020011301018935,CBL,3,49,"1,000",140.00,"140,000.00"
2020-01-13,2020011301019065,CCBL,7,38,545,178.00,"97,010.00"
2020-01-13,2020011301019055,CCBL,7,3,"1,000",178.00,"178,000.00"
2020-01-13,2020011301018856,CCBL,41,45,50,179.00,"8,950.00"
2020-01-13,2020011301019048,CFCL,59,25,100,140.00,"14,000.00"
2020-01-13,2020011301019034,CFCL,59,42,100,140.00,"14,000.00"
2020-01-13,2020011301019033,CFCL,59,54,101,140.00,"14,140.00"
2020-01-13,2020011301019032,CFCL,59,26,20,140.00,"2,800.00"
2020-01-13,2020011301019031,CFCL,59,26,50,140.00,"7,000.00"
2020-01-13,2020011301019030,CFCL,59,4,101,140.00,"14,140.00"
2020-01-13,2020011301019029,CFCL,59,48,49,139.00,"6,811.00"
2020-01-13,2020011301019236,CIT,56,41,10,"2,140.00","21,400.00"
2020-01-13,2020011301019158,CIT,37,46,121,"2,130.00","257,730.00"
2020-01-13,2020011301019157,CIT,22,46,50,"2,131.00","106,550.00"
2020-01-13,2020011301019053,CIT,7,17,100,"2,132.00","213,200.00"
2020-01-13,2020011301019310,CZBIL,44,51,824,203.00,"167,272.00"
2020-01-13,2020011301019309,CZBIL,44,10,10,203.00,"2,030.00"
2020-01-13,2020011301019191,DBBL,26,34,10,144.00,"1,440.00"
2020-01-13,2020011301019214,DDBL,36,22,12,"1,038.00","12,456.00"
2020-01-13,2020011301018934,DDBL,49,34,500,"1,030.00","515,000.00"
2020-01-13,2020011301019249,EBL,26,29,100,604.00,"60,400.00"
2020-01-13,2020011301019064,EBL,25,35,100,605.00,"60,500.00"
2020-01-13,2020011301019087,EIC,48,33,100,317.00,"31,700.00"
2020-01-13,2020011301019061,EIC,22,35,69,315.00,"21,735.00"
2020-01-13,2020011301019060,EIC,59,35,100,315.00,"31,500.00"
2020-01-13,2020011301018977,EIC,42,17,158,320.00,"50,560.00"
2020-01-13,2020011301018976,EIC,42,50,92,319.00,"29,348.00"
2020-01-13,2020011301018952,EIC,59,17,200,315.00,"63,000.00"
2020-01-13,2020011301019293,FMDBL,18,53,50,408.00,"20,400.00"
2020-01-13,2020011301019292,FMDBL,18,20,46,408.00,"18,768.00"
2020-01-13,2020011301019291,FMDBL,18,6,400,408.00,"163,200.00"
2020-01-13,2020011301019290,FMDBL,18,57,140,408.00,"57,120.00"
2020-01-13,2020011301019103,FMDBL,50,21,50,405.00,"20,250.00"
2020-01-13,2020011301019056,FMDBL,35,57,900,404.00,"363,600.00"
2020-01-13,2020011301018939,FMDBL,37,57,100,404.00,"40,400.00"
2020-01-13,2020011301018943,FOWAD,47,46,50,"1,230.00","61,500.00"
2020-01-13,2020011301018891,FOWAD,10,36,98,"1,223.00","119,854.00"
2020-01-13,2020011301018890,FOWAD,37,36,100,"1,224.00","122,400.00"
2020-01-13,2020011301018889,FOWAD,40,36,100,"1,225.00","122,500.00"
2020-01-13,2020011301018898,GBBL,32,32,500,229.00,"114,500.00"
2020-01-13,2020011301019303,GBLBS,45,38,15,400.00,"6,000.00"
2020-01-13,2020011301019252,GBLBS,10,38,"1,000",400.00,"400,000.00"
2020-01-13,2020011301019198,GBLBS,39,17,50,398.00,"19,900.00"
2020-01-13,2020011301019197,GBLBS,39,58,65,398.00,"25,870.00"
2020-01-13,2020011301019190,GBLBS,38,6,120,394.00,"47,280.00"
2020-01-13,2020011301019189,GBLBS,57,6,500,395.00,"197,500.00"
2020-01-13,2020011301018909,GBLBS,42,19,50,397.00,"19,850.00"
2020-01-13,2020011301018899,GBLBS,26,58,50,398.00,"19,900.00"
2020-01-13,2020011301018893,GBLBS,48,58,85,398.00,"33,830.00"
2020-01-13,2020011301018892,GBLBS,48,1,15,398.00,"5,970.00"
2020-01-13,2020011301019188,GBLBS,33,6,20,396.00,"7,920.00"
2020-01-13,2020011301019187,GBLBS,33,6,30,396.00,"11,880.00"
2020-01-13,2020011301019137,GBLBS,29,19,90,397.00,"35,730.00"
2020-01-13,2020011301019073,GBLBS,48,19,150,397.00,"59,550.00"
2020-01-13,2020011301018967,GBLBS,1,19,100,397.00,"39,700.00"
2020-01-13,2020011301018910,GBLBS,47,19,10,397.00,"3,970.00"
2020-01-13,2020011301019289,GILB,34,45,11,"1,107.00","12,177.00"
2020-01-13,2020011301019175,GILB,7,55,20,"1,110.00","22,200.00"
2020-01-13,2020011301019148,GILB,7,40,23,"1,110.00","25,530.00"
2020-01-13,2020011301019000,GILB,22,55,80,"1,111.00","88,880.00"
2020-01-13,2020011301018958,GILB,22,19,46,"1,111.00","51,106.00"
2020-01-13,2020011301018888,GLBSL,52,7,285,616.00,"175,560.00"
2020-01-13,2020011301018887,GLBSL,6,7,50,616.00,"30,800.00"
2020-01-13,2020011301018886,GLBSL,47,7,30,616.00,"18,480.00"
2020-01-13,2020011301018885,GLBSL,21,7,35,620.00,"21,700.00"
2020-01-13,2020011301019269,GLICL,6,22,300,542.00,"162,600.00"
2020-01-13,2020011301019196,GLICL,6,53,100,540.00,"54,000.00"
2020-01-13,2020011301019141,GLICL,54,22,300,542.00,"162,600.00"
2020-01-13,2020011301019136,GLICL,6,48,100,540.00,"54,000.00"
2020-01-13,2020011301019024,GLICL,45,53,300,531.00,"159,300.00"
2020-01-13,2020011301018955,GLICL,6,53,200,532.00,"106,400.00"
2020-01-13,2020011301018953,GLICL,6,7,300,532.00,"159,600.00"
2020-01-13,2020011301019129,GRDBL,46,58,220,109.00,"23,980.00"
2020-01-13,2020011301019128,GRDBL,48,58,300,109.00,"32,700.00"
2020-01-13,2020011301019127,GRDBL,38,58,100,109.00,"10,900.00"
2020-01-13,2020011301019126,GRDBL,14,58,300,109.00,"32,700.00"
2020-01-13,2020011301019125,GRDBL,52,58,50,109.00,"5,450.00"
2020-01-13,2020011301019124,GRDBL,26,58,"1,000",110.00,"110,000.00"
2020-01-13,2020011301019123,GRDBL,29,58,30,111.00,"3,330.00"
2020-01-13,2020011301019219,HBL,57,16,61,569.00,"34,709.00"
2020-01-13,2020011301019174,HBL,38,16,40,570.00,"22,800.00"
2020-01-13,2020011301019134,HDL,51,36,50,"1,224.00","61,200.00"
2020-01-13,2020011301019038,HDL,45,13,300,"1,220.00","366,000.00"
2020-01-13,2020011301018997,HGI,43,21,85,328.00,"27,880.00"
2020-01-13,2020011301018996,HGI,32,21,15,328.00,"4,920.00"
2020-01-13,2020011301019298,HIDCL,56,36,50,140.00,"7,000.00"
2020-01-13,2020011301019155,HIDCL,8,34,100,141.00,"14,100.00"
2020-01-13,2020011301019250,HPPL,50,39,10,160.00,"1,600.00"
2020-01-13,2020011301019058,HPPL,38,28,70,154.00,"10,780.00"
2020-01-13,2020011301019057,HPPL,55,28,70,155.00,"10,850.00"
2020-01-13,2020011301018965,HPPL,55,50,30,155.00,"4,650.00"
2020-01-13,2020011301019076,ICFC,49,38,50,161.00,"8,050.00"
2020-01-13,2020011301019130,IGI,38,44,10,369.00,"3,690.00"
2020-01-13,2020011301019204,ILBS,45,57,20,672.00,"13,440.00"
2020-01-13,2020011301019203,ILBS,58,57,200,673.00,"134,600.00"
2020-01-13,2020011301019202,ILBS,52,57,20,674.00,"13,480.00"
2020-01-13,2020011301019201,ILBS,46,57,50,675.00,"33,750.00"
2020-01-13,2020011301019200,ILBS,52,57,10,676.00,"6,760.00"
2020-01-13,2020011301018938,JBBL,51,51,885,162.00,"143,370.00"
2020-01-13,2020011301018937,JBBL,26,51,50,162.00,"8,100.00"
2020-01-13,2020011301018936,JBBL,47,51,46,162.00,"7,452.00"
2020-01-13,2020011301019288,KBL,33,28,"1,600",192.00,"307,200.00"
2020-01-13,2020011301019287,KBL,59,28,400,193.00,"77,200.00"
2020-01-13,2020011301018942,KBL,19,39,100,195.00,"19,500.00"
2020-01-13,2020011301018971,KPCL,13,26,360,87.00,"31,320.00"
2020-01-13,2020011301018970,KPCL,45,26,380,87.00,"33,060.00"
2020-01-13,2020011301019319,KRBL,37,39,500,110.00,"55,000.00"
2020-01-13,2020011301018960,LBBL,4,16,18,183.00,"3,294.00"
2020-01-13,2020011301018896,LBL,22,49,30,208.00,"6,240.00"
2020-01-13,2020011301018895,LBL,28,49,169,208.00,"35,152.00"
2020-01-13,2020011301019338,LGIL,56,58,100,395.00,"39,500.00"
2020-01-13,2020011301019337,LGIL,56,6,200,395.00,"79,000.00"
2020-01-13,2020011301019336,LGIL,56,17,500,395.00,"197,500.00"
2020-01-13,2020011301019299,LGIL,56,34,200,392.00,"78,400.00"
2020-01-13,2020011301018986,LGIL,50,17,200,385.00,"77,000.00"
2020-01-13,2020011301019131,LICN,25,34,10,"1,169.00","11,690.00"
2020-01-13,2020011301018954,LICN,48,53,400,"1,160.00","464,000.00"
2020-01-13,2020011301019330,LLBS,49,28,322,853.00,"274,666.00"
2020-01-13,2020011301019329,LLBS,49,26,204,853.00,"174,012.00"
2020-01-13,2020011301019328,LLBS,49,44,24,852.00,"20,448.00"
2020-01-13,2020011301018964,MBL,1,25,300,233.00,"69,900.00"
2020-01-13,2020011301018963,MBL,1,16,209,233.00,"48,697.00"
2020-01-13,2020011301018949,MBL,48,45,400,232.00,"92,800.00"
2020-01-13,2020011301018876,MBL,6,16,691,233.00,"161,003.00"
2020-01-13,2020011301018875,MBL,6,38,"1,309",233.00,"304,997.00"
2020-01-13,2020011301019275,MEGA,43,25,22,204.00,"4,488.00"
2020-01-13,2020011301019274,MEGA,43,57,150,203.00,"30,450.00"
2020-01-13,2020011301019273,MEGA,43,1,500,203.00,"101,500.00"
2020-01-13,2020011301019272,MEGA,43,41,453,203.00,"91,959.00"
2020-01-13,2020011301019271,MEGA,43,48,200,203.00,"40,600.00"
2020-01-13,2020011301018863,MEGA,10,36,50,203.00,"10,150.00"
2020-01-13,2020011301018851,MEGA,37,36,200,203.00,"40,600.00"
2020-01-13,2020011301019270,MEGA,43,36,195,203.00,"39,585.00"
2020-01-13,2020011301019025,MEGA,45,44,109,202.00,"22,018.00"
2020-01-13,2020011301019333,MERO,28,5,10,610.00,"6,100.00"
2020-01-13,2020011301019332,MERO,28,32,50,603.00,"30,150.00"
2020-01-13,2020011301018917,MERO,14,53,200,608.00,"121,600.00"
2020-01-13,2020011301019054,MERO,1,53,50,608.00,"30,400.00"
2020-01-13,2020011301019045,MERO,42,53,50,608.00,"30,400.00"
2020-01-13,2020011301019043,MERO,28,53,20,608.00,"12,160.00"
2020-01-13,2020011301019026,MERO,28,5,20,610.00,"12,200.00"
2020-01-13,2020011301019008,MERO,28,32,279,608.00,"169,632.00"
2020-01-13,2020011301019007,MERO,37,32,20,608.00,"12,160.00"
2020-01-13,2020011301019240,MERO,40,32,100,603.00,"60,300.00"
2020-01-13,2020011301019239,MERO,38,32,400,604.00,"241,600.00"
2020-01-13,2020011301019238,MERO,1,32,50,608.00,"30,400.00"
2020-01-13,2020011301019178,MERO,28,5,20,610.00,"12,200.00"
2020-01-13,2020011301019081,MERO,38,29,200,604.00,"120,800.00"
2020-01-13,2020011301018884,MFIL,33,11,500,155.00,"77,500.00"
2020-01-13,2020011301018883,MFIL,33,34,250,155.00,"38,750.00"
2020-01-13,2020011301018969,MLBBL,34,48,90,607.00,"54,630.00"
2020-01-13,2020011301018968,MLBBL,55,48,110,608.00,"66,880.00"
2020-01-13,2020011301018920,MLBBL,55,48,90,608.00,"54,720.00"
2020-01-13,2020011301018919,MLBBL,52,48,100,609.00,"60,900.00"
2020-01-13,2020011301018918,MLBBL,22,48,10,609.00,"6,090.00"
2020-01-13,2020011301018865,MLBBL,5,48,100,613.00,"61,300.00"
2020-01-13,2020011301018864,MLBBL,40,48,100,614.00,"61,400.00"
2020-01-13,2020011301018995,MLBL,26,16,32,190.00,"6,080.00"
2020-01-13,2020011301018858,MLBL,26,13,400,190.00,"76,000.00"
2020-01-13,2020011301018857,MLBL,14,13,100,191.00,"19,100.00"
2020-01-13,2020011301019170,MNBBL,48,57,193,306.00,"59,058.00"
2020-01-13,2020011301019169,MNBBL,41,57,100,306.00,"30,600.00"
2020-01-13,2020011301019168,MNBBL,28,57,500,306.00,"153,000.00"
2020-01-13,2020011301019167,MNBBL,34,57,100,306.00,"30,600.00"
2020-01-13,2020011301019166,MNBBL,41,57,100,306.00,"30,600.00"
2020-01-13,2020011301019165,MNBBL,7,57,55,306.00,"16,830.00"
2020-01-13,2020011301018866,MNBBL,37,49,100,307.00,"30,700.00"
2020-01-13,2020011301019164,MNBBL,57,57,500,306.00,"153,000.00"
2020-01-13,2020011301019163,MNBBL,57,57,10,307.00,"3,070.00"
2020-01-13,2020011301019162,MNBBL,56,57,20,307.00,"6,140.00"
2020-01-13,2020011301019161,MNBBL,28,57,500,307.00,"153,500.00"
2020-01-13,2020011301019160,MNBBL,37,57,652,307.00,"200,164.00"
2020-01-13,2020011301019075,MNBBL,57,26,10,309.00,"3,090.00"
2020-01-13,2020011301019326,NABIL,35,35,10,730.00,"7,300.00"
2020-01-13,2020011301019119,NABIL,57,50,21,726.00,"15,246.00"
2020-01-13,2020011301019118,NABIL,34,50,20,726.00,"14,520.00"
2020-01-13,2020011301019117,NABIL,40,50,100,726.00,"72,600.00"
2020-01-13,2020011301019116,NABIL,36,50,26,726.00,"18,876.00"
2020-01-13,2020011301019115,NABIL,6,50,100,728.00,"72,800.00"
2020-01-13,2020011301019096,NABIL,34,35,63,728.00,"45,864.00"
2020-01-13,2020011301019095,NABIL,43,35,60,729.00,"43,740.00"
2020-01-13,2020011301019094,NABIL,14,35,60,730.00,"43,800.00"
2020-01-13,2020011301019093,NABIL,21,35,50,730.00,"36,500.00"
2020-01-13,2020011301019092,NABIL,1,35,500,730.00,"365,000.00"
2020-01-13,2020011301018956,NABIL,1,35,500,732.00,"366,000.00"
2020-01-13,2020011301019114,NABIL,35,50,233,728.00,"169,624.00"
2020-01-13,2020011301019101,NABIL,35,35,767,728.00,"558,376.00"
2020-01-13,2020011301019100,NABIL,55,35,200,728.00,"145,600.00"
2020-01-13,2020011301019099,NABIL,58,35,100,728.00,"72,800.00"
2020-01-13,2020011301019098,NABIL,45,35,100,728.00,"72,800.00"
2020-01-13,2020011301019097,NABIL,43,35,100,728.00,"72,800.00"
2020-01-13,2020011301019304,NADEP,53,18,10,619.00,"6,190.00"
2020-01-13,2020011301019283,NADEP,43,49,50,612.00,"30,600.00"
2020-01-13,2020011301019037,NADEP,16,58,261,611.00,"159,471.00"
2020-01-13,2020011301019036,NADEP,16,58,239,611.00,"146,029.00"
2020-01-13,2020011301018981,NADEP,16,6,61,611.00,"37,271.00"
2020-01-13,2020011301018980,NADEP,16,6,29,611.00,"17,719.00"
2020-01-13,2020011301018979,NADEP,47,6,10,612.00,"6,120.00"
2020-01-13,2020011301019318,NBB,1,3,850,201.00,"170,850.00"
2020-01-13,2020011301019317,NBB,32,3,300,201.00,"60,300.00"
2020-01-13,2020011301019316,NBB,56,3,300,201.00,"60,300.00"
2020-01-13,2020011301019315,NBB,33,3,"1,000",202.00,"202,000.00"
2020-01-13,2020011301019314,NBB,55,3,200,202.00,"40,400.00"
2020-01-13,2020011301019003,NBB,34,3,500,203.00,"101,500.00"
2020-01-13,2020011301019002,NBB,52,3,50,203.00,"10,150.00"
2020-01-13,2020011301019001,NBB,16,3,500,203.00,"101,500.00"
2020-01-13,2020011301019313,NBB,26,3,300,202.00,"60,600.00"
2020-01-13,2020011301019004,NBB,7,3,"1,000",203.00,"203,000.00"
2020-01-13,2020011301019348,NBL,33,33,100,279.00,"27,900.00"
2020-01-13,2020011301019286,NBL,41,49,500,278.00,"139,000.00"
2020-01-13,2020011301019285,NBL,56,49,100,278.00,"27,800.00"
2020-01-13,2020011301019284,NBL,33,49,100,278.00,"27,800.00"
2020-01-13,2020011301018993,NBL,33,33,"1,119",279.00,"312,201.00"
2020-01-13,2020011301018972,NBL,33,51,"2,000",279.00,"558,000.00"
2020-01-13,2020011301018957,NBL,33,45,100,279.00,"27,900.00"
2020-01-13,2020011301018948,NBL,33,43,200,279.00,"55,800.00"
2020-01-13,2020011301018947,NBL,33,49,"1,000",279.00,"279,000.00"
2020-01-13,2020011301018946,NBL,33,32,581,279.00,"162,099.00"
2020-01-13,2020011301019147,NCCB,33,51,"1,000",220.00,"220,000.00"
2020-01-13,2020011301019074,NCCB,50,36,93,219.00,"20,367.00"
2020-01-13,2020011301019019,NCCB,50,16,13,219.00,"2,847.00"
2020-01-13,2020011301018916,NCCB,50,56,35,219.00,"7,665.00"
2020-01-13,2020011301018874,NCCB,49,51,100,220.00,"22,000.00"
2020-01-13,2020011301019237,NGPL,50,34,10,118.00,"1,180.00"
2020-01-13,2020011301019255,NHDL,33,56,500,122.00,"61,000.00"
2020-01-13,2020011301019254,NHDL,55,56,160,122.00,"19,520.00"
2020-01-13,2020011301019195,NHDL,43,56,10,124.00,"1,240.00"
2020-01-13,2020011301019142,NHPC,58,45,10,55.00,550.00
2020-01-13,2020011301019349,NIB,1,6,100,412.00,"41,200.00"
2020-01-13,2020011301019023,NIB,42,6,100,412.00,"41,200.00"
2020-01-13,2020011301019325,NICA,38,49,980,450.00,"441,000.00"
2020-01-13,2020011301019324,NICA,49,49,20,450.00,"9,000.00"
2020-01-13,2020011301019323,NICA,49,7,30,450.00,"13,500.00"
2020-01-13,2020011301019322,NICA,49,7,170,450.00,"76,500.00"
2020-01-13,2020011301019321,NICA,38,7,300,450.00,"135,000.00"
2020-01-13,2020011301019230,NICA,41,53,"1,000",450.00,"450,000.00"
2020-01-13,2020011301019046,NICA,40,49,250,451.00,"112,750.00"
2020-01-13,2020011301019041,NICA,53,49,50,451.00,"22,550.00"
2020-01-13,2020011301019040,NICA,53,34,950,451.00,"428,450.00"
2020-01-13,2020011301018908,NICA,49,34,50,451.00,"22,550.00"
2020-01-13,2020011301018853,NICA,37,3,60,450.00,"27,000.00"
2020-01-13,2020011301018852,NICA,49,3,40,451.00,"18,040.00"
2020-01-13,2020011301019229,NICA,33,53,100,450.00,"45,000.00"
2020-01-13,2020011301019228,NICA,49,53,"1,100",450.00,"495,000.00"
2020-01-13,2020011301019227,NICA,37,53,796,450.00,"358,200.00"
2020-01-13,2020011301019226,NICA,32,34,50,451.00,"22,550.00"
2020-01-13,2020011301019153,NICA,40,34,52,451.00,"23,452.00"
2020-01-13,2020011301019047,NICA,40,58,50,451.00,"22,550.00"
2020-01-13,2020011301019331,NICL,14,38,200,332.00,"66,400.00"
2020-01-13,2020011301019107,NICL,43,57,10,338.00,"3,380.00"
2020-01-13,2020011301018994,NICL,44,38,100,334.00,"33,400.00"
2020-01-13,2020011301018907,NICL,43,58,"1,500",332.00,"498,000.00"
2020-01-13,2020011301018872,NICL,44,38,200,334.00,"66,800.00"
2020-01-13,2020011301018871,NICL,56,38,200,334.00,"66,800.00"
2020-01-13,2020011301018906,NICL,52,58,100,332.00,"33,200.00"
2020-01-13,2020011301018905,NICL,44,58,50,332.00,"16,600.00"
2020-01-13,2020011301018904,NICL,56,58,"1,000",332.00,"332,000.00"
2020-01-13,2020011301018903,NICL,7,58,300,332.00,"99,600.00"
2020-01-13,2020011301018902,NICL,39,58,50,333.00,"16,650.00"
2020-01-13,2020011301018901,NICL,14,58,"1,000",333.00,"333,000.00"
2020-01-13,2020011301019122,NIL,49,38,10,435.00,"4,350.00"
2020-01-13,2020011301019121,NIL,49,11,100,431.00,"43,100.00"
2020-01-13,2020011301019049,NIL,38,52,20,428.00,"8,560.00"
2020-01-13,2020011301019145,NLBBL,50,21,100,629.00,"62,900.00"
2020-01-13,2020011301019144,NLBBL,50,5,175,629.00,"110,075.00"
2020-01-13,2020011301018966,NLG,55,49,300,705.00,"211,500.00"
2020-01-13,2020011301019346,NLIC,51,48,10,"1,001.00","10,010.00"
2020-01-13,2020011301019341,NLIC,45,34,10,"1,010.00","10,100.00"
2020-01-13,2020011301019133,NLIC,33,17,100,"1,000.00","100,000.00"
2020-01-13,2020011301019132,NLIC,45,17,100,"1,000.00","100,000.00"
2020-01-13,2020011301019091,NLIC,36,17,100,"1,000.00","100,000.00"
2020-01-13,2020011301019090,NLIC,14,17,50,"1,001.00","50,050.00"
2020-01-13,2020011301018930,NLIC,59,57,100,"1,001.00","100,100.00"
2020-01-13,2020011301018929,NLIC,50,57,100,"1,001.00","100,100.00"
2020-01-13,2020011301018928,NLIC,52,57,100,"1,002.00","100,200.00"
2020-01-13,2020011301018927,NLIC,38,57,50,"1,003.00","50,150.00"
2020-01-13,2020011301018926,NLIC,51,57,12,"1,004.00","12,048.00"
2020-01-13,2020011301018925,NLIC,39,57,50,"1,005.00","50,250.00"
2020-01-13,2020011301019089,NLIC,57,17,50,"1,001.00","50,050.00"
2020-01-13,2020011301019009,NLIC,38,34,300,"1,010.00","303,000.00"
2020-01-13,2020011301018985,NLIC,33,58,50,"1,009.00","50,450.00"
2020-01-13,2020011301018933,NLIC,25,57,38,"1,001.00","38,038.00"
2020-01-13,2020011301018932,NLIC,32,57,200,"1,001.00","200,200.00"
2020-01-13,2020011301018931,NLIC,26,57,200,"1,001.00","200,200.00"
2020-01-13,2020011301019268,NLICL,58,25,100,574.00,"57,400.00"
2020-01-13,2020011301019267,NLICL,58,34,55,574.00,"31,570.00"
2020-01-13,2020011301019234,NLICL,58,53,26,563.00,"14,638.00"
2020-01-13,2020011301019233,NLICL,58,53,62,563.00,"34,906.00"
2020-01-13,2020011301019111,NLICL,44,53,18,563.00,"10,134.00"
2020-01-13,2020011301019110,NLICL,44,41,82,563.00,"46,166.00"
2020-01-13,2020011301018984,NLICL,56,20,43,573.00,"24,639.00"
2020-01-13,2020011301018983,NLICL,56,48,64,573.00,"36,672.00"
2020-01-13,2020011301018982,NLICL,56,6,93,572.00,"53,196.00"
2020-01-13,2020011301018923,NLICL,56,6,57,572.00,"32,604.00"
2020-01-13,2020011301018900,NLICL,56,53,143,572.00,"81,796.00"
2020-01-13,2020011301019320,NMB,40,45,200,362.00,"72,400.00"
2020-01-13,2020011301019179,NMB,26,45,50,362.00,"18,100.00"
2020-01-13,2020011301019220,NMBMF,34,33,10,808.00,"8,080.00"
2020-01-13,2020011301019152,NMBMF,34,21,10,799.00,"7,990.00"
2020-01-13,2020011301019109,NMBMF,28,21,10,784.00,"7,840.00"
2020-01-13,2020011301019051,NMBMF,34,41,10,799.00,"7,990.00"
2020-01-13,2020011301019347,NNLB,37,38,50,620.00,"31,000.00"
2020-01-13,2020011301019350,NTC,59,58,13,645.00,"8,385.00"
2020-01-13,2020011301018882,NTC,43,4,10,656.00,"6,560.00"
2020-01-13,2020011301018881,NTC,43,41,50,655.00,"32,750.00"
2020-01-13,2020011301018880,NTC,43,32,280,654.00,"183,120.00"
2020-01-13,2020011301019069,NTC,59,34,10,655.00,"6,550.00"
2020-01-13,2020011301019018,NTC,59,58,480,645.00,"309,600.00"
2020-01-13,2020011301019017,NTC,4,58,200,645.00,"129,000.00"
2020-01-13,2020011301019016,NTC,14,58,10,646.00,"6,460.00"
2020-01-13,2020011301019194,NUBL,49,17,300,900.00,"270,000.00"
2020-01-13,2020011301019135,NUBL,5,13,20,901.00,"18,020.00"
2020-01-13,2020011301019253,OHL,11,46,31,495.00,"15,345.00"
2020-01-13,2020011301018862,OHL,56,25,200,495.00,"99,000.00"
2020-01-13,2020011301019028,PFL,7,59,300,148.00,"44,400.00"
2020-01-13,2020011301019159,PIC,29,26,36,477.00,"17,172.00"
2020-01-13,2020011301019113,PIC,44,26,50,477.00,"23,850.00"
2020-01-13,2020011301019080,PIC,16,26,314,477.00,"149,778.00"
2020-01-13,2020011301019063,PIC,16,39,103,477.00,"49,131.00"
2020-01-13,2020011301019062,PIC,16,40,83,475.00,"39,425.00"
2020-01-13,2020011301019027,PIC,16,57,597,474.00,"282,978.00"
2020-01-13,2020011301018914,PIC,51,57,83,474.00,"39,342.00"
2020-01-13,2020011301019138,PICL,58,14,15,550.00,"8,250.00"
2020-01-13,2020011301019039,PMHPL,32,16,10,89.00,890.00
2020-01-13,2020011301019241,PPCL,10,48,40,123.00,"4,920.00"
2020-01-13,2020011301019294,PRIN,59,41,370,385.00,"142,450.00"
2020-01-13,2020011301019246,PRIN,17,17,100,379.00,"37,900.00"
2020-01-13,2020011301019245,PRIN,46,17,100,379.00,"37,900.00"
2020-01-13,2020011301019244,PRIN,21,17,50,380.00,"19,000.00"
2020-01-13,2020011301019180,PRIN,59,41,100,385.00,"38,500.00"
2020-01-13,2020011301019050,PRIN,45,41,30,385.00,"11,550.00"
2020-01-13,2020011301019011,PRIN,41,59,200,380.00,"76,000.00"
2020-01-13,2020011301019181,PROFL,34,35,10,103.00,"1,030.00"
2020-01-13,2020011301019327,PRVU,57,34,100,244.00,"24,400.00"
2020-01-13,2020011301019173,PRVU,1,34,200,244.00,"48,800.00"
2020-01-13,2020011301019059,PRVU,16,16,32,243.00,"7,776.00"
2020-01-13,2020011301019154,RHPC,28,48,10,76.00,760.00
2020-01-13,2020011301019015,RHPL,43,44,170,183.00,"31,110.00"
2020-01-13,2020011301019014,RHPL,43,25,30,182.00,"5,460.00"
2020-01-13,2020011301018992,RHPL,43,25,10,182.00,"1,820.00"
2020-01-13,2020011301018991,RHPL,43,58,100,182.00,"18,200.00"
2020-01-13,2020011301018990,RHPL,43,33,500,181.00,"90,500.00"
2020-01-13,2020011301018989,RHPL,43,45,200,180.00,"36,000.00"
2020-01-13,2020011301018988,RHPL,43,58,160,180.00,"28,800.00"
2020-01-13,2020011301018987,RHPL,43,35,30,179.00,"5,370.00"
2020-01-13,2020011301018870,RHPL,43,58,340,180.00,"61,200.00"
2020-01-13,2020011301018869,RHPL,43,13,240,180.00,"43,200.00"
2020-01-13,2020011301018868,RHPL,43,47,10,180.00,"1,800.00"
2020-01-13,2020011301018867,RHPL,43,14,40,180.00,"7,200.00"
2020-01-13,2020011301019213,RMDC,25,53,50,630.00,"31,500.00"
2020-01-13,2020011301019211,RMDC,55,53,100,630.00,"63,000.00"
2020-01-13,2020011301019210,RMDC,42,53,200,630.00,"126,000.00"
2020-01-13,2020011301019209,RMDC,40,53,500,630.00,"315,000.00"
2020-01-13,2020011301019193,RMDC,22,19,40,631.00,"25,240.00"
2020-01-13,2020011301019192,RMDC,57,19,200,631.00,"126,200.00"
2020-01-13,2020011301019072,RMDC,34,26,100,632.00,"63,200.00"
2020-01-13,2020011301019071,RMDC,48,26,100,634.00,"63,400.00"
2020-01-13,2020011301019177,RRHP,42,16,10,100.00,"1,000.00"
2020-01-13,2020011301019256,RSDC,7,19,200,410.00,"82,000.00"
2020-01-13,2020011301019084,RSDC,20,6,43,409.00,"17,587.00"
2020-01-13,2020011301019079,SABSL,13,38,10,725.00,"7,250.00"
2020-01-13,2020011301019078,SABSL,13,1,10,724.00,"7,240.00"
2020-01-13,2020011301019021,SABSL,35,17,10,718.00,"7,180.00"
2020-01-13,2020011301019235,SANIMA,4,34,"1,800",346.00,"622,800.00"
2020-01-13,2020011301019143,SANIMA,4,25,200,346.00,"69,200.00"
2020-01-13,2020011301018911,SANIMA,44,25,200,346.00,"69,200.00"
2020-01-13,2020011301019232,SBI,38,35,700,405.00,"283,500.00"
2020-01-13,2020011301019231,SBI,38,17,300,405.00,"121,500.00"
2020-01-13,2020011301019344,SBL,38,45,440,315.00,"138,600.00"
2020-01-13,2020011301019343,SBL,38,58,"1,000",315.00,"315,000.00"
2020-01-13,2020011301019342,SBL,38,36,"1,000",315.00,"315,000.00"
2020-01-13,2020011301019052,SBL,57,53,76,314.00,"23,864.00"
2020-01-13,2020011301019088,SCB,38,16,40,590.00,"23,600.00"
2020-01-13,2020011301019010,SCB,38,40,200,590.00,"118,000.00"
2020-01-13,2020011301019186,SDESI,33,22,117,748.00,"87,516.00"
2020-01-13,2020011301019185,SDESI,34,22,100,748.00,"74,800.00"
2020-01-13,2020011301019184,SDESI,38,22,27,751.00,"20,277.00"
2020-01-13,2020011301019183,SDESI,45,22,10,751.00,"7,510.00"
2020-01-13,2020011301019106,SDESI,45,16,17,751.00,"12,767.00"
2020-01-13,2020011301019082,SDESI,34,16,10,751.00,"7,510.00"
2020-01-13,2020011301019070,SFFIL,47,45,200,202.00,"40,400.00"
2020-01-13,2020011301019156,SHINE,46,19,100,255.00,"25,500.00"
2020-01-13,2020011301019311,SHIVM,32,28,100,491.00,"49,100.00"
2020-01-13,2020011301019297,SHIVM,14,28,17,491.00,"8,347.00"
2020-01-13,2020011301019266,SHIVM,32,28,80,491.00,"39,280.00"
2020-01-13,2020011301019265,SHIVM,32,35,100,490.00,"49,000.00"
2020-01-13,2020011301019264,SHIVM,32,38,200,490.00,"98,000.00"
2020-01-13,2020011301019263,SHIVM,32,58,20,490.00,"9,800.00"
2020-01-13,2020011301018859,SHIVM,32,1,100,489.00,"48,900.00"
2020-01-13,2020011301019013,SHIVM,14,35,100,488.00,"48,800.00"
2020-01-13,2020011301019012,SHIVM,32,35,50,489.00,"24,450.00"
2020-01-13,2020011301018974,SHIVM,32,5,200,489.00,"97,800.00"
2020-01-13,2020011301018945,SHIVM,6,58,30,490.00,"14,700.00"
2020-01-13,2020011301018861,SHIVM,32,34,50,489.00,"24,450.00"
2020-01-13,2020011301018860,SHIVM,32,36,100,489.00,"48,900.00"
2020-01-13,2020011301019224,SHIVM,35,35,20,488.00,"9,760.00"
2020-01-13,2020011301019222,SHIVM,32,58,100,490.00,"49,000.00"
2020-01-13,2020011301019221,SHIVM,32,35,100,489.00,"48,900.00"
2020-01-13,2020011301019216,SHIVM,51,35,100,489.00,"48,900.00"
2020-01-13,2020011301019077,SHIVM,14,47,300,487.00,"146,100.00"
2020-01-13,2020011301019022,SHIVM,32,58,50,490.00,"24,500.00"
2020-01-13,2020011301018959,SHPC,49,50,200,202.00,"40,400.00"
2020-01-13,2020011301018897,SHPC,49,58,50,202.00,"10,100.00"
2020-01-13,2020011301019334,SICL,42,17,10,947.00,"9,470.00"
2020-01-13,2020011301019308,SICL,25,41,30,940.00,"28,200.00"
2020-01-13,2020011301019307,SICL,45,41,20,940.00,"18,800.00"
2020-01-13,2020011301019306,SICL,7,41,30,941.00,"28,230.00"
2020-01-13,2020011301018913,SICL,56,46,40,945.00,"37,800.00"
2020-01-13,2020011301019305,SICL,7,41,20,941.00,"18,820.00"
2020-01-13,2020011301019251,SIL,56,25,500,487.00,"243,500.00"
2020-01-13,2020011301018975,SIL,56,58,500,480.00,"240,000.00"
2020-01-13,2020011301019340,SJCL,56,58,10,168.00,"1,680.00"
2020-01-13,2020011301018922,SJCL,16,55,20,167.00,"3,340.00"
2020-01-13,2020011301019212,SJCL,16,6,20,167.00,"3,340.00"
2020-01-13,2020011301019172,SJCL,16,35,20,167.00,"3,340.00"
2020-01-13,2020011301019146,SJCL,16,36,50,167.00,"8,350.00"
2020-01-13,2020011301019120,SJCL,16,44,20,167.00,"3,340.00"
2020-01-13,2020011301019225,SKBBL,34,57,10,950.00,"9,500.00"
2020-01-13,2020011301018941,SKBBL,47,5,177,936.00,"165,672.00"
2020-01-13,2020011301018940,SKBBL,34,5,323,937.00,"302,651.00"
2020-01-13,2020011301019278,SLBBL,57,48,10,696.00,"6,960.00"
2020-01-13,2020011301019044,SLBBL,22,58,100,690.00,"69,000.00"
2020-01-13,2020011301019335,SLBSL,58,48,95,748.00,"71,060.00"
2020-01-13,2020011301019302,SLBSL,14,48,100,750.00,"75,000.00"
2020-01-13,2020011301019301,SLBSL,22,48,50,751.00,"37,550.00"
2020-01-13,2020011301019300,SLBSL,5,48,30,760.00,"22,800.00"
2020-01-13,2020011301019207,SLICL,45,10,11,345.00,"3,795.00"
2020-01-13,2020011301019206,SLICL,45,25,50,344.00,"17,200.00"
2020-01-13,2020011301019205,SLICL,45,42,14,344.00,"4,816.00"
2020-01-13,2020011301019112,SLICL,56,46,100,343.00,"34,300.00"
2020-01-13,2020011301018999,SLICL,57,16,69,337.00,"23,253.00"
2020-01-13,2020011301019277,SMATA,44,51,10,712.00,"7,120.00"
2020-01-13,2020011301018978,SMB,45,7,10,720.00,"7,200.00"
2020-01-13,2020011301018912,SMB,45,40,10,706.00,"7,060.00"
2020-01-13,2020011301019020,SMFBS,22,48,50,"1,025.00","51,250.00"
2020-01-13,2020011301019261,SPARS,7,59,10,704.00,"7,040.00"
2020-01-13,2020011301019218,SPARS,21,55,60,708.00,"42,480.00"
2020-01-13,2020011301018924,SPARS,21,16,300,708.00,"212,400.00"
2020-01-13,2020011301019345,STC,51,5,10,"2,110.00","21,100.00"
2020-01-13,2020011301019217,STC,19,44,30,"2,112.00","63,360.00"
2020-01-13,2020011301018855,TMDBL,34,16,40,166.00,"6,640.00"
2020-01-13,2020011301018944,UFL,16,40,400,172.00,"68,800.00"
2020-01-13,2020011301019262,UIC,5,57,10,350.00,"3,500.00"
2020-01-13,2020011301019108,UPCL,19,29,100,76.00,"7,600.00"
2020-01-13,2020011301018921,UPCL,34,36,760,75.00,"57,000.00"
2020-01-13,2020011301019223,UPPER,53,33,"1,000",249.00,"249,000.00"
2020-01-13,2020011301019171,UPPER,7,44,50,248.00,"12,400.00"
2020-01-13,2020011301019105,UPPER,7,33,585,249.00,"145,665.00"
2020-01-13,2020011301019104,UPPER,7,50,415,249.00,"103,335.00"
2020-01-13,2020011301018873,UPPER,7,55,50,248.00,"12,400.00"
2020-01-13,2020011301019083,UPPER,10,50,500,249.00,"124,500.00"
2020-01-13,2020011301019042,UPPER,7,16,72,248.00,"17,856.00"
2020-01-13,2020011301018894,UPPER,7,16,40,248.00,"9,920.00"
2020-01-13,2020011301019260,WOMI,14,58,39,950.00,"37,050.00"
2020-01-13,2020011301019259,WOMI,14,38,20,948.00,"18,960.00"
2020-01-13,2020011301019258,WOMI,14,10,50,948.00,"47,400.00"
2020-01-13,2020011301019257,WOMI,14,21,30,945.00,"28,350.00"
2020-01-13,2020011301019199,WOMI,45,21,50,945.00,"47,250.00"
2020-01-13,2020011301019149,WOMI,14,34,61,935.00,"57,035.00"
2020-01-13,2020011301018821,ADBL,36,34,261,376.00,"98,136.00"
2020-01-13,2020011301018748,ADBL,49,49,200,377.00,"75,400.00"
2020-01-13,2020011301018747,ADBL,49,49,200,377.00,"75,400.00"
2020-01-13,2020011301018735,ADBL,37,34,100,378.00,"37,800.00"
2020-01-13,2020011301018628,ADBL,49,17,800,377.00,"301,600.00"
2020-01-13,2020011301018445,ADBL,52,33,500,378.00,"189,000.00"
2020-01-13,2020011301018444,ADBL,32,33,139,378.00,"52,542.00"
2020-01-13,2020011301018418,ADBL,32,39,134,378.00,"50,652.00"
2020-01-13,2020011301018587,AHPC,45,16,198,95.00,"18,810.00"
2020-01-13,2020011301018566,AHPC,45,32,68,95.00,"6,460.00"
2020-01-13,2020011301018565,AHPC,14,32,40,95.00,"3,800.00"
2020-01-13,2020011301018396,AHPC,45,58,100,96.00,"9,600.00"
2020-01-13,2020011301018840,ALBSL,34,55,20,620.00,"12,400.00"
2020-01-13,2020011301018799,ALBSL,34,57,121,609.00,"73,689.00"
2020-01-13,2020011301018749,ALBSL,57,57,10,609.00,"6,090.00"
2020-01-13,2020011301018709,ALBSL,34,25,20,599.00,"11,980.00"
2020-01-13,2020011301018644,ALBSL,18,25,200,599.00,"119,800.00"
2020-01-13,2020011301018643,ALBSL,33,25,80,600.00,"48,000.00"
2020-01-13,2020011301018642,ALBSL,52,25,100,600.00,"60,000.00"
2020-01-13,2020011301018641,ALBSL,14,25,200,602.00,"120,400.00"
2020-01-13,2020011301018640,ALBSL,39,25,50,603.00,"30,150.00"
2020-01-13,2020011301018639,ALICL,16,3,20,420.00,"8,400.00"
2020-01-13,2020011301018390,ALICL,16,16,207,420.00,"86,940.00"
2020-01-13,2020011301018360,ALICL,44,45,50,421.00,"21,050.00"
2020-01-13,2020011301018359,ALICL,4,45,191,421.00,"80,411.00"
2020-01-13,2020011301018812,API,37,19,324,123.00,"39,852.00"
2020-01-13,2020011301018805,API,37,39,200,123.00,"24,600.00"
2020-01-13,2020011301018657,API,25,29,20,125.00,"2,500.00"
2020-01-13,2020011301018654,API,37,25,115,123.00,"14,145.00"
2020-01-13,2020011301018624,API,37,25,"2,361",123.00,"290,403.00"
2020-01-13,2020011301018401,API,58,41,500,125.00,"62,500.00"
2020-01-13,2020011301018568,API,16,25,268,124.00,"33,232.00"
2020-01-13,2020011301018528,API,16,11,732,124.00,"90,768.00"
2020-01-13,2020011301018527,API,1,11,71,124.00,"8,804.00"
2020-01-13,2020011301018525,API,42,29,30,125.00,"3,750.00"
2020-01-13,2020011301018524,API,58,29,200,125.00,"25,000.00"
2020-01-13,2020011301018518,API,58,50,300,125.00,"37,500.00"
2020-01-13,2020011301018623,API,14,25,50,123.00,"6,150.00"
2020-01-13,2020011301018622,API,50,25,30,123.00,"3,690.00"
2020-01-13,2020011301018572,API,50,25,970,123.00,"119,310.00"
2020-01-13,2020011301018571,API,50,25,500,123.00,"61,500.00"
2020-01-13,2020011301018570,API,7,25,56,123.00,"6,888.00"
2020-01-13,2020011301018569,API,50,25,500,124.00,"62,000.00"
2020-01-13,2020011301018634,BARUN,55,44,200,95.00,"19,000.00"
2020-01-13,2020011301018633,BARUN,55,13,100,95.00,"9,500.00"
2020-01-13,2020011301018631,BARUN,55,21,94,94.00,"8,836.00"
2020-01-13,2020011301018399,BARUN,55,40,100,94.00,"9,400.00"
2020-01-13,2020011301018729,BPCL,28,36,200,330.00,"66,000.00"
2020-01-13,2020011301018728,BPCL,40,36,70,330.00,"23,100.00"
2020-01-13,2020011301018727,BPCL,45,36,500,330.00,"165,000.00"
2020-01-13,2020011301018626,BPCL,34,36,500,331.00,"165,500.00"
2020-01-13,2020011301018625,BPCL,41,36,500,332.00,"166,000.00"
2020-01-13,2020011301018597,BPCL,26,49,65,333.00,"21,645.00"
2020-01-13,2020011301018610,CBBL,41,26,40,890.00,"35,600.00"
2020-01-13,2020011301018818,CCBL,56,45,100,179.00,"17,900.00"
2020-01-13,2020011301018742,CCBL,7,45,400,178.00,"71,200.00"
2020-01-13,2020011301018732,CCBL,7,48,23,178.00,"4,094.00"
2020-01-13,2020011301018660,CCBL,7,13,100,178.00,"17,800.00"
2020-01-13,2020011301018659,CCBL,7,50,500,178.00,"89,000.00"
2020-01-13,2020011301018658,CCBL,7,45,166,178.00,"29,548.00"
2020-01-13,2020011301018559,CCBL,32,58,51,177.00,"9,027.00"
2020-01-13,2020011301018429,CCBL,32,1,200,177.00,"35,400.00"
2020-01-13,2020011301018407,CCBL,55,48,21,177.00,"3,717.00"
2020-01-13,2020011301018766,CHCL,45,50,145,426.00,"61,770.00"
2020-01-13,2020011301018486,CZBIL,59,53,206,202.00,"41,612.00"
2020-01-13,2020011301018485,CZBIL,42,53,100,202.00,"20,200.00"
2020-01-13,2020011301018484,CZBIL,38,53,300,202.00,"60,600.00"
2020-01-13,2020011301018483,CZBIL,21,53,200,202.00,"40,400.00"
2020-01-13,2020011301018482,CZBIL,34,53,500,202.00,"101,000.00"
2020-01-13,2020011301018481,CZBIL,29,53,50,202.00,"10,100.00"
2020-01-13,2020011301018480,CZBIL,38,53,272,202.00,"54,944.00"
2020-01-13,2020011301018479,CZBIL,52,53,500,202.00,"101,000.00"
2020-01-13,2020011301018478,CZBIL,34,53,872,202.00,"176,144.00"
2020-01-13,2020011301018725,DDBL,49,53,176,"1,030.00","181,280.00"
2020-01-13,2020011301018724,DDBL,13,53,200,"1,030.00","206,000.00"
2020-01-13,2020011301018723,DDBL,48,53,40,"1,030.00","41,200.00"
2020-01-13,2020011301018722,DDBL,6,53,50,"1,033.00","51,650.00"
2020-01-13,2020011301018721,DDBL,45,53,50,"1,034.00","51,700.00"
2020-01-13,2020011301018720,DDBL,29,53,484,"1,035.00","500,940.00"
2020-01-13,2020011301018536,DDBL,58,46,50,"1,035.00","51,750.00"
2020-01-13,2020011301018389,DDBL,58,6,50,"1,035.00","51,750.00"
2020-01-13,2020011301018701,DDBL,29,19,16,"1,035.00","16,560.00"
2020-01-13,2020011301018681,DDBL,48,19,84,"1,035.00","86,940.00"
2020-01-13,2020011301018540,DDBL,48,46,16,"1,035.00","16,560.00"
2020-01-13,2020011301018539,DDBL,44,46,100,"1,035.00","103,500.00"
2020-01-13,2020011301018538,DDBL,33,46,100,"1,035.00","103,500.00"
2020-01-13,2020011301018537,DDBL,28,46,30,"1,035.00","31,050.00"
2020-01-13,2020011301018686,EBL,59,35,100,605.00,"60,500.00"
2020-01-13,2020011301018677,EBL,59,35,100,605.00,"60,500.00"
2020-01-13,2020011301018555,EIC,36,6,85,315.00,"26,775.00"
2020-01-13,2020011301018477,EIC,36,17,395,315.00,"124,425.00"
2020-01-13,2020011301018476,EIC,39,17,160,316.00,"50,560.00"
2020-01-13,2020011301018475,EIC,32,17,100,316.00,"31,600.00"
2020-01-13,2020011301018474,EIC,25,17,45,316.00,"14,220.00"
2020-01-13,2020011301018473,EIC,38,17,300,316.00,"94,800.00"
2020-01-13,2020011301018391,EIC,56,26,150,320.00,"48,000.00"
2020-01-13,2020011301018435,EIC,16,17,"1,000",317.00,"317,000.00"
2020-01-13,2020011301018434,EIC,19,17,500,318.00,"159,000.00"
2020-01-13,2020011301018403,EIC,38,17,"1,000",319.00,"319,000.00"
2020-01-13,2020011301018402,EIC,52,17,190,319.00,"60,610.00"
2020-01-13,2020011301018393,EIC,52,26,310,319.00,"98,890.00"
2020-01-13,2020011301018392,EIC,53,26,40,320.00,"12,800.00"
2020-01-13,2020011301018844,FMDBL,54,42,150,402.00,"60,300.00"
2020-01-13,2020011301018817,FMDBL,14,56,306,403.00,"123,318.00"
2020-01-13,2020011301018745,FMDBL,54,3,140,402.00,"56,280.00"
2020-01-13,2020011301018744,FMDBL,34,3,68,402.00,"27,336.00"
2020-01-13,2020011301018612,FMDBL,45,56,100,403.00,"40,300.00"
2020-01-13,2020011301018611,FMDBL,26,56,26,403.00,"10,478.00"
2020-01-13,2020011301018604,FMDBL,26,38,500,403.00,"201,500.00"
2020-01-13,2020011301018550,FMDBL,41,21,240,404.00,"96,960.00"
2020-01-13,2020011301018549,FMDBL,45,21,30,404.00,"12,120.00"
2020-01-13,2020011301018758,FOWAD,40,59,50,"1,225.00","61,250.00"
2020-01-13,2020011301018646,FOWAD,40,28,47,"1,225.00","57,575.00"
2020-01-13,2020011301018645,FOWAD,17,28,10,"1,225.00","12,250.00"
2020-01-13,2020011301018564,FOWAD,45,46,10,"1,230.00","12,300.00"
2020-01-13,2020011301018632,GBBL,4,16,40,228.00,"9,120.00"
2020-01-13,2020011301018811,GBLBS,42,6,100,397.00,"39,700.00"
2020-01-13,2020011301018734,GBLBS,42,52,100,397.00,"39,700.00"
2020-01-13,2020011301018667,GBLBS,33,48,30,397.00,"11,910.00"
2020-01-13,2020011301018596,GBLBS,1,48,50,397.00,"19,850.00"
2020-01-13,2020011301018581,GBLBS,38,40,20,394.00,"7,880.00"
2020-01-13,2020011301018567,GBLBS,44,38,250,395.00,"98,750.00"
2020-01-13,2020011301018423,GBLBS,50,6,50,395.00,"19,750.00"
2020-01-13,2020011301018551,GBLBS,47,38,50,395.00,"19,750.00"
2020-01-13,2020011301018512,GBLBS,8,38,100,395.00,"39,500.00"
2020-01-13,2020011301018511,GBLBS,56,38,100,395.00,"39,500.00"
2020-01-13,2020011301018494,GBLBS,57,58,100,396.00,"39,600.00"
2020-01-13,2020011301018425,GBLBS,38,6,135,394.00,"53,190.00"
2020-01-13,2020011301018424,GBLBS,40,6,15,394.00,"5,910.00"
2020-01-13,2020011301018718,GGBSL,38,13,50,835.00,"41,750.00"
2020-01-13,2020011301018352,GGBSL,50,13,50,820.00,"41,000.00"
2020-01-13,2020011301018351,GGBSL,43,13,20,820.00,"16,400.00"
2020-01-13,2020011301018490,GILB,22,33,70,"1,111.00","77,770.00"
2020-01-13,2020011301018730,GIMES1,21,26,"4,000",7.48,"29,920.00"
2020-01-13,2020011301018613,GIMES1,42,26,"1,000",7.48,"7,480.00"
2020-01-13,2020011301018816,GLBSL,21,48,110,620.00,"68,200.00"
2020-01-13,2020011301018815,GLBSL,51,48,190,621.00,"117,990.00"
2020-01-13,2020011301018739,GLBSL,51,26,10,621.00,"6,210.00"
2020-01-13,2020011301018700,GLBSL,51,48,200,621.00,"124,200.00"
2020-01-13,2020011301018653,GLICL,6,6,100,532.00,"53,200.00"
2020-01-13,2020011301018652,GLICL,6,6,761,532.00,"404,852.00"
2020-01-13,2020011301018680,GMFBS,14,55,10,678.00,"6,780.00"
2020-01-13,2020011301018419,GMFBS,28,5,52,680.00,"35,360.00"
2020-01-13,2020011301018498,GRDBL,52,59,55,113.00,"6,215.00"
2020-01-13,2020011301018663,HDL,38,50,60,"1,216.00","72,960.00"
2020-01-13,2020011301018662,HDL,45,50,10,"1,217.00","12,170.00"
2020-01-13,2020011301018405,HIDCL,53,49,"1,000",140.00,"140,000.00"
2020-01-13,2020011301018404,HIDCL,55,49,300,140.00,"42,000.00"
2020-01-13,2020011301018377,HIDCL,7,49,500,142.00,"71,000.00"
2020-01-13,2020011301018374,HIDCL,26,49,50,142.00,"7,100.00"
2020-01-13,2020011301018373,HIDCL,51,49,"1,000",142.00,"142,000.00"
2020-01-13,2020011301018775,ILBS,52,26,10,676.00,"6,760.00"
2020-01-13,2020011301018705,ILBS,52,55,10,676.00,"6,760.00"
2020-01-13,2020011301018491,ILBS,57,19,10,680.00,"6,800.00"
2020-01-13,2020011301018615,JOSHI,6,29,100,65.00,"6,500.00"
2020-01-13,2020011301018388,JSLBB,34,13,200,"1,400.00","280,000.00"
2020-01-13,2020011301018387,JSLBB,40,13,100,"1,400.00","140,000.00"
2020-01-13,2020011301018386,JSLBB,22,13,23,"1,400.00","32,200.00"
2020-01-13,2020011301018819,KBL,54,32,"1,000",194.00,"194,000.00"
2020-01-13,2020011301018810,KBL,36,6,50,193.00,"9,650.00"
2020-01-13,2020011301018809,KBL,46,6,500,193.00,"96,500.00"
2020-01-13,2020011301018808,KBL,58,6,305,193.00,"58,865.00"
2020-01-13,2020011301018849,KPCL,22,26,111,88.00,"9,768.00"
2020-01-13,2020011301018848,KPCL,58,26,80,88.00,"7,040.00"
2020-01-13,2020011301018746,KPCL,58,49,10,88.00,880.00
2020-01-13,2020011301018487,KPCL,58,49,10,88.00,880.00
2020-01-13,2020011301018702,KPCL,58,16,10,88.00,880.00
2020-01-13,2020011301018741,KSBBL,34,16,74,145.00,"10,730.00"
2020-01-13,2020011301018740,KSBBL,32,16,13,147.00,"1,911.00"
2020-01-13,2020011301018367,LBBL,45,34,500,184.00,"92,000.00"
2020-01-13,2020011301018366,LBBL,42,34,210,184.00,"38,640.00"
2020-01-13,2020011301018365,LBBL,10,34,463,184.00,"85,192.00"
2020-01-13,2020011301018675,LBBL,4,41,781,183.00,"142,923.00"
2020-01-13,2020011301018655,LBBL,4,17,500,183.00,"91,500.00"
2020-01-13,2020011301018369,LBBL,32,34,500,184.00,"92,000.00"
2020-01-13,2020011301018368,LBBL,45,34,"1,000",184.00,"184,000.00"
2020-01-13,2020011301018495,LGIL,56,38,266,388.00,"103,208.00"
2020-01-13,2020011301018827,LICN,25,34,10,"1,169.00","11,690.00"
2020-01-13,2020011301018428,LICN,48,46,100,"1,160.00","116,000.00"
2020-01-13,2020011301018427,LICN,26,46,100,"1,161.00","116,100.00"
2020-01-13,2020011301018426,LICN,57,46,37,"1,162.00","42,994.00"
2020-01-13,2020011301018547,MBL,48,45,185,232.00,"42,920.00"
2020-01-13,2020011301018546,MBL,48,45,500,232.00,"116,000.00"
2020-01-13,2020011301018545,MBL,3,45,315,232.00,"73,080.00"
2020-01-13,2020011301018826,MEGA,33,1,200,202.00,"40,400.00"
2020-01-13,2020011301018804,MEGA,33,49,200,202.00,"40,400.00"
2020-01-13,2020011301018707,MEGA,33,1,100,202.00,"20,200.00"
2020-01-13,2020011301018433,MEGA,56,57,350,201.00,"70,350.00"
2020-01-13,2020011301018620,MERO,28,5,17,610.00,"10,370.00"
2020-01-13,2020011301018619,MERO,28,48,33,604.00,"19,932.00"
2020-01-13,2020011301018563,MERO,43,53,100,604.00,"60,400.00"
2020-01-13,2020011301018544,MERO,43,53,30,604.00,"18,120.00"
2020-01-13,2020011301018543,MERO,19,53,10,605.00,"6,050.00"
2020-01-13,2020011301018542,MERO,14,53,10,605.00,"6,050.00"
2020-01-13,2020011301018541,MERO,25,53,50,606.00,"30,300.00"
2020-01-13,2020011301018448,MERO,32,34,100,613.00,"61,300.00"
2020-01-13,2020011301018618,MHNL,19,32,30,93.00,"2,790.00"
2020-01-13,2020011301018504,MHNL,19,58,180,94.00,"16,920.00"
2020-01-13,2020011301018638,MLBBL,11,6,30,622.00,"18,660.00"
2020-01-13,2020011301018637,MLBBL,11,13,20,621.00,"12,420.00"
2020-01-13,2020011301018699,MNBBL,37,57,248,307.00,"76,136.00"
2020-01-13,2020011301018698,MNBBL,25,57,200,307.00,"61,400.00"
2020-01-13,2020011301018697,MNBBL,29,57,51,307.00,"15,657.00"
2020-01-13,2020011301018696,MNBBL,51,57,250,307.00,"76,750.00"
2020-01-13,2020011301018695,MNBBL,53,57,500,308.00,"154,000.00"
2020-01-13,2020011301018694,MNBBL,59,57,"1,000",308.00,"308,000.00"
2020-01-13,2020011301018355,MNBBL,3,17,325,309.00,"100,425.00"
2020-01-13,2020011301018354,MNBBL,46,17,175,309.00,"54,075.00"
2020-01-13,2020011301018353,MNBBL,51,17,200,310.00,"62,000.00"
2020-01-13,2020011301018358,MNBBL,49,17,50,309.00,"15,450.00"
2020-01-13,2020011301018357,MNBBL,21,17,100,309.00,"30,900.00"
2020-01-13,2020011301018356,MNBBL,14,17,150,309.00,"46,350.00"
2020-01-13,2020011301018693,MNBBL,42,57,150,309.00,"46,350.00"
2020-01-13,2020011301018692,MNBBL,49,57,100,309.00,"30,900.00"
2020-01-13,2020011301018820,MSLB,33,52,10,956.00,"9,560.00"
2020-01-13,2020011301018814,MSLB,33,14,146,944.00,"137,824.00"
2020-01-13,2020011301018813,MSLB,51,14,50,945.00,"47,250.00"
2020-01-13,2020011301018778,MSLB,33,32,119,946.00,"112,574.00"
2020-01-13,2020011301018691,MSLB,33,58,75,946.00,"70,950.00"
2020-01-13,2020011301018656,MSLB,28,53,17,956.00,"16,252.00"
2020-01-13,2020011301018606,MSLB,28,53,100,956.00,"95,600.00"
2020-01-13,2020011301018450,NABIL,56,52,100,730.00,"73,000.00"
2020-01-13,2020011301018715,NADEP,16,18,101,611.00,"61,711.00"
2020-01-13,2020011301018714,NADEP,42,18,100,612.00,"61,200.00"
2020-01-13,2020011301018713,NADEP,54,18,50,612.00,"30,600.00"
2020-01-13,2020011301018712,NADEP,43,18,200,612.00,"122,400.00"
2020-01-13,2020011301018850,NBB,14,45,500,203.00,"101,500.00"
2020-01-13,2020011301018842,NBB,51,52,50,204.00,"10,200.00"
2020-01-13,2020011301018841,NBB,51,6,200,204.00,"40,800.00"
2020-01-13,2020011301018375,NBB,53,6,100,204.00,"20,400.00"
2020-01-13,2020011301018769,NBB,10,6,200,204.00,"40,800.00"
2020-01-13,2020011301018665,NBB,14,34,"1,500",203.00,"304,500.00"
2020-01-13,2020011301018828,NBL,39,32,124,279.00,"34,596.00"
2020-01-13,2020011301018752,NBL,39,49,"1,000",278.00,"278,000.00"
2020-01-13,2020011301018751,NBL,39,33,"1,476",278.00,"410,328.00"
2020-01-13,2020011301018614,NBL,39,33,50,278.00,"13,900.00"
2020-01-13,2020011301018516,NBL,16,17,400,277.00,"110,800.00"
2020-01-13,2020011301018503,NBL,50,33,500,278.00,"139,000.00"
2020-01-13,2020011301018439,NBL,16,25,200,277.00,"55,400.00"
2020-01-13,2020011301018379,NBL,59,33,"2,974",278.00,"826,772.00"
2020-01-13,2020011301018364,NBL,59,49,26,278.00,"7,228.00"
2020-01-13,2020011301018363,NBL,51,49,974,278.00,"270,772.00"
2020-01-13,2020011301018838,NCCB,50,51,"1,868",220.00,"410,960.00"
2020-01-13,2020011301018711,NCCB,50,49,132,220.00,"29,040.00"
2020-01-13,2020011301018710,NCCB,57,49,68,220.00,"14,960.00"
2020-01-13,2020011301018666,NCCB,57,51,231,220.00,"50,820.00"
2020-01-13,2020011301018585,NCCB,57,14,201,220.00,"44,220.00"
2020-01-13,2020011301018584,NCCB,59,14,100,220.00,"22,000.00"
2020-01-13,2020011301018372,NCCB,50,25,"1,000",219.00,"219,000.00"
2020-01-13,2020011301018679,NHPC,38,58,28,53.00,"1,484.00"
2020-01-13,2020011301018553,NIBLPF,32,26,505,7.10,"3,585.50"
2020-01-13,2020011301018552,NIBLPF,22,26,"1,010",7.10,"7,171.00"
2020-01-13,2020011301018719,NICA,41,57,20,452.00,"9,040.00"
2020-01-13,2020011301018573,NICA,41,47,50,451.00,"22,550.00"
2020-01-13,2020011301018526,NICA,38,47,450,451.00,"202,950.00"
2020-01-13,2020011301018514,NICA,38,32,50,451.00,"22,550.00"
2020-01-13,2020011301018493,NICA,54,53,115,451.00,"51,865.00"
2020-01-13,2020011301018492,NICA,38,53,185,451.00,"83,435.00"
2020-01-13,2020011301018452,NICA,38,46,20,451.00,"9,020.00"
2020-01-13,2020011301018385,NICA,38,53,295,451.00,"133,045.00"
2020-01-13,2020011301018384,NICA,38,53,25,451.00,"11,275.00"
2020-01-13,2020011301018847,NICL,59,52,200,335.00,"67,000.00"
2020-01-13,2020011301018846,NICL,36,52,100,335.00,"33,500.00"
2020-01-13,2020011301018845,NICL,14,52,200,335.00,"67,000.00"
2020-01-13,2020011301018765,NICL,14,16,300,335.00,"100,500.00"
2020-01-13,2020011301018408,NICL,14,32,35,338.00,"11,830.00"
2020-01-13,2020011301018661,NIL,57,44,954,420.00,"400,680.00"
2020-01-13,2020011301018621,NIL,37,44,300,420.00,"126,000.00"
2020-01-13,2020011301018589,NIL,57,44,19,420.00,"7,980.00"
2020-01-13,2020011301018557,NIL,57,39,381,419.00,"159,639.00"
2020-01-13,2020011301018449,NIL,57,57,100,416.00,"41,600.00"
2020-01-13,2020011301018430,NIL,14,57,400,416.00,"166,400.00"
2020-01-13,2020011301018371,NLBBL,52,38,10,630.00,"6,300.00"
2020-01-13,2020011301018839,NLG,55,35,200,705.00,"141,000.00"
2020-01-13,2020011301018768,NLG,55,34,10,705.00,"7,050.00"
2020-01-13,2020011301018767,NLG,37,34,190,706.00,"134,140.00"
2020-01-13,2020011301018519,NLG,37,34,23,708.00,"16,284.00"
2020-01-13,2020011301018382,NLG,37,1,177,708.00,"125,316.00"
2020-01-13,2020011301018381,NLG,28,1,100,710.00,"71,000.00"
2020-01-13,2020011301018380,NLG,48,1,723,710.00,"513,330.00"
2020-01-13,2020011301018690,NLG,37,21,10,706.00,"7,060.00"
2020-01-13,2020011301018521,NLG,55,34,416,705.00,"293,280.00"
2020-01-13,2020011301018520,NLG,40,34,72,708.00,"50,976.00"
2020-01-13,2020011301018737,NLIC,56,44,200,"1,005.00","201,000.00"
2020-01-13,2020011301018736,NLIC,56,38,74,"1,005.00","74,370.00"
2020-01-13,2020011301018676,NLIC,56,7,300,"1,005.00","301,500.00"
2020-01-13,2020011301018548,NLIC,6,38,58,"1,005.00","58,290.00"
2020-01-13,2020011301018530,NLIC,6,55,42,"1,005.00","42,210.00"
2020-01-13,2020011301018529,NLIC,6,28,100,"1,005.00","100,500.00"
2020-01-13,2020011301018446,NLIC,51,44,28,"1,004.00","28,112.00"
2020-01-13,2020011301018409,NLIC,38,53,50,"1,003.00","50,150.00"
2020-01-13,2020011301018803,NLICL,56,35,200,572.00,"114,400.00"
2020-01-13,2020011301018802,NLICL,56,48,100,571.00,"57,100.00"
2020-01-13,2020011301018801,NLICL,56,34,200,570.00,"114,000.00"
2020-01-13,2020011301018782,NMB,37,7,100,362.00,"36,200.00"
2020-01-13,2020011301018682,NMB,29,1,100,361.00,"36,100.00"
2020-01-13,2020011301018651,NMB,29,36,553,361.00,"199,633.00"
2020-01-13,2020011301018650,NMB,48,36,818,362.00,"296,116.00"
2020-01-13,2020011301018649,NMB,43,36,100,362.00,"36,200.00"
2020-01-13,2020011301018648,NMB,41,36,500,362.00,"181,000.00"
2020-01-13,2020011301018647,NMB,42,36,29,362.00,"10,498.00"
2020-01-13,2020011301018608,NMB,33,38,70,363.00,"25,410.00"
2020-01-13,2020011301018607,NMB,33,55,30,363.00,"10,890.00"
2020-01-13,2020011301018558,NMB,19,55,100,363.00,"36,300.00"
2020-01-13,2020011301018451,NMB,45,55,100,363.00,"36,300.00"
2020-01-13,2020011301018580,NMBHF1,22,26,"2,382",9.06,"21,580.92"
2020-01-13,2020011301018562,NNLB,38,48,40,611.00,"24,440.00"
2020-01-13,2020011301018561,NNLB,10,48,100,612.00,"61,200.00"
2020-01-13,2020011301018837,NTC,43,32,20,654.00,"13,080.00"
2020-01-13,2020011301018836,NTC,43,51,10,653.00,"6,530.00"
2020-01-13,2020011301018835,NTC,43,32,90,653.00,"58,770.00"
2020-01-13,2020011301018436,NTC,6,32,85,648.00,"55,080.00"
2020-01-13,2020011301018507,NTC,6,58,585,647.00,"378,495.00"
2020-01-13,2020011301018506,NTC,50,58,130,647.00,"84,110.00"
2020-01-13,2020011301018505,NTC,34,58,285,648.00,"184,680.00"
2020-01-13,2020011301018437,NTC,34,32,215,648.00,"139,320.00"
2020-01-13,2020011301018834,NTC,43,52,100,651.00,"65,100.00"
2020-01-13,2020011301018833,NTC,43,46,100,650.00,"65,000.00"
2020-01-13,2020011301018832,NTC,43,14,200,650.00,"130,000.00"
2020-01-13,2020011301018831,NTC,43,57,90,650.00,"58,500.00"
2020-01-13,2020011301018830,NTC,43,32,100,649.00,"64,900.00"
2020-01-13,2020011301018829,NTC,43,54,150,648.00,"97,200.00"
2020-01-13,2020011301018823,OHL,56,17,200,495.00,"99,000.00"
2020-01-13,2020011301018731,OHL,56,25,200,495.00,"99,000.00"
2020-01-13,2020011301018664,PCBL,4,58,300,263.00,"78,900.00"
2020-01-13,2020011301018605,PCBL,25,53,100,264.00,"26,400.00"
2020-01-13,2020011301018601,PCBL,25,53,100,264.00,"26,400.00"
2020-01-13,2020011301018600,PCBL,37,53,300,264.00,"79,200.00"
2020-01-13,2020011301018599,PCBL,48,53,500,264.00,"132,000.00"
2020-01-13,2020011301018598,PCBL,39,53,66,264.00,"17,424.00"
2020-01-13,2020011301018794,PIC,21,40,10,470.00,"4,700.00"
2020-01-13,2020011301018793,PIC,50,40,200,470.00,"94,000.00"
2020-01-13,2020011301018792,PIC,6,40,100,472.00,"47,200.00"
2020-01-13,2020011301018791,PIC,10,40,100,473.00,"47,300.00"
2020-01-13,2020011301018790,PIC,57,40,200,474.00,"94,800.00"
2020-01-13,2020011301018789,PIC,39,40,20,475.00,"9,500.00"
2020-01-13,2020011301018574,PIC,56,38,248,478.00,"118,544.00"
2020-01-13,2020011301018788,PIC,49,40,30,475.00,"14,250.00"
2020-01-13,2020011301018777,PIC,52,39,30,477.00,"14,310.00"
2020-01-13,2020011301018776,PIC,38,39,17,477.00,"8,109.00"
2020-01-13,2020011301018593,PIC,17,40,190,478.00,"90,820.00"
2020-01-13,2020011301018592,PIC,56,40,78,478.00,"37,284.00"
2020-01-13,2020011301018575,PIC,56,58,74,478.00,"35,372.00"
2020-01-13,2020011301018786,PICL,57,11,80,540.00,"43,200.00"
2020-01-13,2020011301018785,PICL,54,11,20,542.00,"10,840.00"
2020-01-13,2020011301018398,PICL,56,42,300,550.00,"165,000.00"
2020-01-13,2020011301018397,PICL,56,6,10,550.00,"5,500.00"
2020-01-13,2020011301018717,PLIC,57,6,64,418.00,"26,752.00"
2020-01-13,2020011301018716,PLIC,26,6,136,418.00,"56,848.00"
2020-01-13,2020011301018432,PLIC,26,33,64,418.00,"26,752.00"
2020-01-13,2020011301018431,PLIC,42,33,136,418.00,"56,848.00"
2020-01-13,2020011301018378,PLIC,29,33,200,419.00,"83,800.00"
2020-01-13,2020011301018796,PMHPL,45,26,10,88.00,880.00
2020-01-13,2020011301018783,PMHPL,45,49,10,88.00,880.00
2020-01-13,2020011301018636,PMHPL,59,26,10,89.00,890.00
2020-01-13,2020011301018798,PPCL,10,7,10,124.00,"1,240.00"
2020-01-13,2020011301018797,PPCL,10,32,20,124.00,"2,480.00"
2020-01-13,2020011301018704,PRIN,37,59,100,380.00,"38,000.00"
2020-01-13,2020011301018595,PRIN,20,59,150,380.00,"57,000.00"
2020-01-13,2020011301018594,PRIN,42,59,50,380.00,"19,000.00"
2020-01-13,2020011301018509,PROFL,18,35,100,102.00,"10,200.00"
2020-01-13,2020011301018508,PROFL,18,35,200,102.00,"20,400.00"
2020-01-13,2020011301018683,PRVU,54,34,620,244.00,"151,280.00"
2020-01-13,2020011301018588,PRVU,54,51,300,244.00,"73,200.00"
2020-01-13,2020011301018534,PRVU,54,51,560,244.00,"136,640.00"
2020-01-13,2020011301018533,PRVU,54,51,520,244.00,"126,880.00"
2020-01-13,2020011301018806,RBCL,33,51,30,"9,066.00","271,980.00"
2020-01-13,2020011301018556,RHPC,29,42,435,75.00,"32,625.00"
2020-01-13,2020011301018370,RHPC,29,42,65,75.00,"4,875.00"
2020-01-13,2020011301018824,RHPL,43,55,30,179.00,"5,370.00"
2020-01-13,2020011301018800,RHPL,43,49,50,179.00,"8,950.00"
2020-01-13,2020011301018764,RHPL,43,34,10,179.00,"1,790.00"
2020-01-13,2020011301018763,RHPL,43,55,150,178.00,"26,700.00"
2020-01-13,2020011301018762,RHPL,43,26,90,178.00,"16,020.00"
2020-01-13,2020011301018761,RHPL,43,51,"1,000",177.00,"177,000.00"
2020-01-13,2020011301018760,RHPL,43,51,"1,000",177.00,"177,000.00"
2020-01-13,2020011301018759,RHPL,43,16,40,177.00,"7,080.00"
2020-01-13,2020011301018591,RHPL,56,55,30,176.00,"5,280.00"
2020-01-13,2020011301018510,RHPL,56,49,40,176.00,"7,040.00"
2020-01-13,2020011301018807,RRHP,42,26,10,100.00,"1,000.00"
2020-01-13,2020011301018673,RRHP,42,26,10,100.00,"1,000.00"
2020-01-13,2020011301018535,RRHP,42,49,10,100.00,"1,000.00"
2020-01-13,2020011301018743,RSDC,57,57,10,415.00,"4,150.00"
2020-01-13,2020011301018395,RSDC,21,57,10,415.00,"4,150.00"
2020-01-13,2020011301018394,RSDC,21,57,20,414.00,"8,280.00"
2020-01-13,2020011301018733,SABSL,35,55,10,718.00,"7,180.00"
2020-01-13,2020011301018703,SABSL,35,17,300,718.00,"215,400.00"
2020-01-13,2020011301018590,SABSL,35,38,10,718.00,"7,180.00"
2020-01-13,2020011301018560,SABSL,35,49,10,718.00,"7,180.00"
2020-01-13,2020011301018706,SANIMA,59,25,100,346.00,"34,600.00"
2020-01-13,2020011301018627,SANIMA,43,32,465,346.00,"160,890.00"
2020-01-13,2020011301018523,SBI,6,52,264,404.00,"106,656.00"
2020-01-13,2020011301018522,SBI,45,52,67,405.00,"27,135.00"
2020-01-13,2020011301018467,SBI,45,17,133,405.00,"53,865.00"
2020-01-13,2020011301018466,SBI,4,17,67,405.00,"27,135.00"
2020-01-13,2020011301018738,SBL,53,53,500,314.00,"157,000.00"
2020-01-13,2020011301018689,SBL,16,53,"1,500",314.00,"471,000.00"
2020-01-13,2020011301018688,SBL,8,53,900,314.00,"282,600.00"
2020-01-13,2020011301018687,SBL,25,53,24,315.00,"7,560.00"
2020-01-13,2020011301018532,SBL,25,32,276,315.00,"86,940.00"
2020-01-13,2020011301018531,SBL,4,32,724,315.00,"228,060.00"
2020-01-13,2020011301018517,SBL,4,32,"1,000",315.00,"315,000.00"
2020-01-13,2020011301018583,SDESI,48,18,50,750.00,"37,500.00"
2020-01-13,2020011301018582,SDESI,14,18,90,750.00,"67,500.00"
2020-01-13,2020011301018843,SFFIL,34,29,80,204.00,"16,320.00"
2020-01-13,2020011301018772,SHINE,46,41,400,255.00,"102,000.00"
2020-01-13,2020011301018771,SHINE,50,41,247,255.00,"62,985.00"
2020-01-13,2020011301018770,SHINE,54,41,153,255.00,"39,015.00"
2020-01-13,2020011301018376,SHINE,54,59,174,255.00,"44,370.00"
2020-01-13,2020011301018674,SHIVM,28,37,50,488.00,"24,400.00"
2020-01-13,2020011301018617,SHIVM,28,38,200,488.00,"97,600.00"
2020-01-13,2020011301018513,SHIVM,14,35,300,488.00,"146,400.00"
2020-01-13,2020011301018447,SHIVM,14,58,100,487.00,"48,700.00"
2020-01-13,2020011301018421,SHIVM,14,25,370,487.00,"180,190.00"
2020-01-13,2020011301018420,SHIVM,28,25,130,487.00,"63,310.00"
2020-01-13,2020011301018465,SHL,1,16,100,204.00,"20,400.00"
2020-01-13,2020011301018464,SHL,1,16,200,204.00,"40,800.00"
2020-01-13,2020011301018463,SHL,1,16,200,204.00,"40,800.00"
2020-01-13,2020011301018501,SHPC,49,14,100,202.00,"20,200.00"
2020-01-13,2020011301018500,SHPC,19,14,100,202.00,"20,200.00"
2020-01-13,2020011301018499,SHPC,55,14,300,202.00,"60,600.00"
2020-01-13,2020011301018757,SIC,54,34,72,600.00,"43,200.00"
2020-01-13,2020011301018756,SIC,33,34,100,600.00,"60,000.00"
2020-01-13,2020011301018755,SIC,58,34,200,600.00,"120,000.00"
2020-01-13,2020011301018472,SIC,38,6,60,601.00,"36,060.00"
2020-01-13,2020011301018471,SIC,41,6,30,601.00,"18,030.00"
2020-01-13,2020011301018361,SIL,56,6,100,484.00,"48,400.00"
2020-01-13,2020011301018825,SJCL,16,49,20,167.00,"3,340.00"
2020-01-13,2020011301018822,SJCL,16,16,20,167.00,"3,340.00"
2020-01-13,2020011301018635,SJCL,16,55,10,167.00,"1,670.00"
2020-01-13,2020011301018462,SJCL,16,8,10,167.00,"1,670.00"
2020-01-13,2020011301018750,SKBBL,34,51,50,937.00,"46,850.00"
2020-01-13,2020011301018603,SKBBL,34,38,127,937.00,"118,999.00"
2020-01-13,2020011301018602,SKBBL,51,38,55,939.00,"51,645.00"
2020-01-13,2020011301018502,SKBBL,42,55,67,940.00,"62,980.00"
2020-01-13,2020011301018438,SLBBL,47,58,500,691.00,"345,500.00"
2020-01-13,2020011301018400,SLBBL,42,58,260,696.00,"180,960.00"
2020-01-13,2020011301018576,SLBBL,50,58,57,690.00,"39,330.00"
2020-01-13,2020011301018454,SLBBL,50,58,200,690.00,"138,000.00"
2020-01-13,2020011301018453,SLBBL,54,58,500,690.00,"345,000.00"
2020-01-13,2020011301018609,SLBBL,8,58,78,687.00,"53,586.00"
2020-01-13,2020011301018795,SLBSL,5,55,10,765.00,"7,650.00"
2020-01-13,2020011301018781,SLICL,33,17,"1,000",340.00,"340,000.00"
2020-01-13,2020011301018780,SLICL,33,20,200,340.00,"68,000.00"
2020-01-13,2020011301018779,SLICL,33,46,200,338.00,"67,600.00"
2020-01-13,2020011301018672,SLICL,58,38,200,336.00,"67,200.00"
2020-01-13,2020011301018671,SLICL,28,38,500,336.00,"168,000.00"
2020-01-13,2020011301018670,SLICL,16,38,200,336.00,"67,200.00"
2020-01-13,2020011301018669,SLICL,13,38,11,336.00,"3,696.00"
2020-01-13,2020011301018668,SLICL,48,38,85,337.00,"28,645.00"
2020-01-13,2020011301018470,SLICL,48,34,15,337.00,"5,055.00"
2020-01-13,2020011301018469,SLICL,10,34,19,337.00,"6,403.00"
2020-01-13,2020011301018468,SLICL,26,34,50,337.00,"16,850.00"
2020-01-13,2020011301018586,SMATA,39,49,51,712.00,"36,312.00"
2020-01-13,2020011301018417,SMATA,44,49,50,712.00,"35,600.00"
2020-01-13,2020011301018416,SMATA,19,49,200,712.00,"142,400.00"
2020-01-13,2020011301018415,SMATA,51,49,75,712.00,"53,400.00"
2020-01-13,2020011301018414,SMATA,58,49,10,712.00,"7,120.00"
2020-01-13,2020011301018413,SMATA,20,49,25,712.00,"17,800.00"
2020-01-13,2020011301018412,SMATA,51,49,50,714.00,"35,700.00"
2020-01-13,2020011301018411,SMATA,22,49,71,715.00,"50,765.00"
2020-01-13,2020011301018410,SMATA,47,49,10,715.00,"7,150.00"
2020-01-13,2020011301018754,SMFDB,22,14,70,670.00,"46,900.00"
2020-01-13,2020011301018753,SMFDB,51,14,75,670.00,"50,250.00"
2020-01-13,2020011301018630,SMFDB,17,14,100,671.00,"67,100.00"
2020-01-13,2020011301018629,SMFDB,48,14,15,677.00,"10,155.00"
2020-01-13,2020011301018383,SPDL,56,16,10,93.00,930.00
2020-01-13,2020011301018784,SRBL,28,17,10,240.00,"2,400.00"
2020-01-13,2020011301018515,SRBL,10,6,900,238.00,"214,200.00"
2020-01-13,2020011301018787,SWBBL,22,7,62,981.00,"60,822.00"
2020-01-13,2020011301018554,SWBBL,4,44,50,988.00,"49,400.00"
2020-01-13,2020011301018362,UFL,16,40,500,172.00,"86,000.00"
2020-01-13,2020011301018497,UIC,11,6,590,346.00,"204,140.00"
2020-01-13,2020011301018496,UIC,32,6,10,346.00,"3,460.00"
2020-01-13,2020011301018678,UPCL,34,32,50,75.00,"3,750.00"
2020-01-13,2020011301018774,UPPER,7,59,759,248.00,"188,232.00"
2020-01-13,2020011301018773,UPPER,50,59,141,248.00,"34,968.00"
2020-01-13,2020011301018708,UPPER,50,32,50,248.00,"12,400.00"
2020-01-13,2020011301018441,UPPER,28,33,785,249.00,"195,465.00"
2020-01-13,2020011301018440,UPPER,16,33,"1,000",249.00,"249,000.00"
2020-01-13,2020011301018422,UPPER,28,8,50,249.00,"12,450.00"
2020-01-13,2020011301018443,UPPER,6,33,"1,000",249.00,"249,000.00"
2020-01-13,2020011301018442,UPPER,57,33,200,249.00,"49,800.00"
2020-01-13,2020011301018685,UPPER,50,50,85,249.00,"21,165.00"
2020-01-13,2020011301018684,UPPER,50,33,15,249.00,"3,735.00"
2020-01-13,2020011301018616,UPPER,50,13,100,248.00,"24,800.00"
2020-01-13,2020011301018579,UPPER,50,8,40,248.00,"9,920.00"
2020-01-13,2020011301018578,VLBS,45,32,42,794.00,"33,348.00"
2020-01-13,2020011301018577,VLBS,51,32,65,794.00,"51,610.00"
2020-01-13,2020011301018726,WOMI,45,47,50,944.00,"47,200.00"
2020-01-13,2020011301018489,WOMI,45,25,279,926.00,"258,354.00"
2020-01-13,2020011301018488,WOMI,26,25,50,926.00,"46,300.00"
2020-01-13,2020011301018461,WOMI,36,25,200,930.00,"186,000.00"
2020-01-13,2020011301018460,WOMI,45,25,210,930.00,"195,300.00"
2020-01-13,2020011301018459,WOMI,21,25,300,932.00,"279,600.00"
2020-01-13,2020011301018458,WOMI,58,25,50,935.00,"46,750.00"
2020-01-13,2020011301018457,WOMI,51,25,40,936.00,"37,440.00"
2020-01-13,2020011301018456,WOMI,11,25,38,938.00,"35,644.00"
2020-01-13,2020011301018455,WOMI,40,25,33,940.00,"31,020.00"
2020-01-13,2020011301018406,WOMI,40,8,67,940.00,"62,980.00"
2020-01-13,2020011301018279,ADBL,32,6,227,378.00,"85,806.00"
2020-01-13,2020011301018278,ADBL,43,6,100,378.00,"37,800.00"
2020-01-13,2020011301018277,ADBL,52,6,489,378.00,"184,842.00"
2020-01-13,2020011301018276,ADBL,34,6,184,379.00,"69,736.00"
2020-01-13,2020011301017939,ADBL,34,41,186,379.00,"70,494.00"
2020-01-13,2020011301017938,ADBL,49,41,14,379.00,"5,306.00"
2020-01-13,2020011301018293,AKPL,58,10,500,129.00,"64,500.00"
2020-01-13,2020011301018265,AKPL,56,1,190,130.00,"24,700.00"
2020-01-13,2020011301018198,AKPL,56,1,500,130.00,"65,000.00"
2020-01-13,2020011301018197,AKPL,56,6,75,130.00,"9,750.00"
2020-01-13,2020011301018196,AKPL,25,6,190,130.00,"24,700.00"
2020-01-13,2020011301018048,AKPL,58,1,526,129.00,"67,854.00"
2020-01-13,2020011301018046,AKPL,58,4,920,129.00,"118,680.00"
2020-01-13,2020011301018301,ALICL,4,16,693,422.00,"292,446.00"
2020-01-13,2020011301018292,ALICL,4,34,207,422.00,"87,354.00"
2020-01-13,2020011301017867,ALICL,4,19,100,422.00,"42,200.00"
2020-01-13,2020011301018107,API,1,1,200,124.00,"24,800.00"
2020-01-13,2020011301018085,API,57,33,269,125.00,"33,625.00"
2020-01-13,2020011301018063,API,57,45,50,125.00,"6,250.00"
2020-01-13,2020011301018038,API,57,49,78,125.00,"9,750.00"
2020-01-13,2020011301018009,API,57,58,103,125.00,"12,875.00"
2020-01-13,2020011301018008,API,16,58,300,125.00,"37,500.00"
2020-01-13,2020011301018007,API,58,58,500,125.00,"62,500.00"
2020-01-13,2020011301018006,API,56,58,397,125.00,"49,625.00"
2020-01-13,2020011301018226,BARUN,55,21,245,94.00,"23,030.00"
2020-01-13,2020011301017871,BARUN,55,59,10,94.00,940.00
2020-01-13,2020011301017870,BARUN,55,6,10,94.00,940.00
2020-01-13,2020011301017869,BARUN,55,59,42,94.00,"3,948.00"
2020-01-13,2020011301018044,BFC,52,59,500,97.00,"48,500.00"
2020-01-13,2020011301018193,BOKL,16,19,10,232.00,"2,320.00"
2020-01-13,2020011301018171,BOKL,42,19,193,233.00,"44,969.00"
2020-01-13,2020011301018170,BOKL,6,19,20,233.00,"4,660.00"
2020-01-13,2020011301018169,BOKL,16,19,60,233.00,"13,980.00"
2020-01-13,2020011301017940,BOKL,16,6,20,233.00,"4,660.00"
2020-01-13,2020011301017928,BOKL,16,39,12,233.00,"2,796.00"
2020-01-13,2020011301018164,BPCL,26,49,685,333.00,"228,105.00"
2020-01-13,2020011301018163,BPCL,29,49,100,333.00,"33,300.00"
2020-01-13,2020011301018162,BPCL,28,49,915,333.00,"304,695.00"
2020-01-13,2020011301018062,BPCL,5,35,112,336.00,"37,632.00"
2020-01-13,2020011301018257,CBBL,4,32,412,890.00,"366,680.00"
2020-01-13,2020011301017963,CBBL,4,46,500,890.00,"445,000.00"
2020-01-13,2020011301018159,CBL,3,22,263,140.00,"36,820.00"
2020-01-13,2020011301018158,CBL,51,22,200,140.00,"28,000.00"
2020-01-13,2020011301018157,CBL,34,22,37,140.00,"5,180.00"
2020-01-13,2020011301018220,CCBL,53,45,100,178.00,"17,800.00"
2020-01-13,2020011301018174,CCBL,35,45,40,178.00,"7,120.00"
2020-01-13,2020011301018138,CCBL,35,45,40,178.00,"7,120.00"
2020-01-13,2020011301018147,CFCL,4,44,600,138.00,"82,800.00"
2020-01-13,2020011301017935,CFCL,4,34,101,138.00,"13,938.00"
2020-01-13,2020011301017878,CHCL,58,11,100,430.00,"43,000.00"
2020-01-13,2020011301018056,CIT,37,58,69,"2,130.00","146,970.00"
2020-01-13,2020011301018055,CIT,37,58,31,"2,130.00","66,030.00"
2020-01-13,2020011301018039,CIT,42,34,50,"2,132.00","106,600.00"
2020-01-13,2020011301017987,CIT,37,58,69,"2,130.00","146,970.00"
2020-01-13,2020011301017986,CIT,57,58,31,"2,133.00","66,123.00"
2020-01-13,2020011301017945,CIT,57,25,19,"2,133.00","40,527.00"
2020-01-13,2020011301017930,CIT,43,58,50,"2,135.00","106,750.00"
2020-01-13,2020011301017929,CIT,48,58,50,"2,135.00","106,750.00"
2020-01-13,2020011301017908,CIT,57,25,35,"2,136.00","74,760.00"
2020-01-13,2020011301017852,CIT,57,58,15,"2,136.00","32,040.00"
2020-01-13,2020011301017851,CIT,42,58,100,"2,136.00","213,600.00"
2020-01-13,2020011301018191,CZBIL,34,37,32,202.00,"6,464.00"
2020-01-13,2020011301018012,CZBIL,34,50,900,202.00,"181,800.00"
2020-01-13,2020011301018011,CZBIL,49,50,100,203.00,"20,300.00"
2020-01-13,2020011301017989,DBBL,56,51,"1,760",143.00,"251,680.00"
2020-01-13,2020011301018088,DDBL,44,43,100,"1,040.00","104,000.00"
2020-01-13,2020011301017950,DDBL,4,33,649,"1,036.00","672,364.00"
2020-01-13,2020011301017918,DDBL,4,40,134,"1,036.00","138,824.00"
2020-01-13,2020011301018300,EBL,10,34,100,609.00,"60,900.00"
2020-01-13,2020011301017925,EBL,45,36,325,604.00,"196,300.00"
2020-01-13,2020011301018289,EIC,56,32,50,320.00,"16,000.00"
2020-01-13,2020011301018111,FMDBL,5,53,100,408.00,"40,800.00"
2020-01-13,2020011301018108,FMDBL,26,7,34,403.00,"13,702.00"
2020-01-13,2020011301018102,FMDBL,26,26,440,403.00,"177,320.00"
2020-01-13,2020011301018086,FMDBL,20,50,200,404.00,"80,800.00"
2020-01-13,2020011301018155,GBLBS,4,32,15,393.00,"5,895.00"
2020-01-13,2020011301018126,GBLBS,4,25,105,393.00,"41,265.00"
2020-01-13,2020011301018106,GBLBS,56,52,200,395.00,"79,000.00"
2020-01-13,2020011301018105,GBLBS,39,52,100,395.00,"39,500.00"
2020-01-13,2020011301018104,GBLBS,25,52,200,396.00,"79,200.00"
2020-01-13,2020011301018076,GBLBS,44,48,400,397.00,"158,800.00"
2020-01-13,2020011301017863,GBLBS,29,45,30,399.00,"11,970.00"
2020-01-13,2020011301018075,GBLBS,45,48,10,398.00,"3,980.00"
2020-01-13,2020011301018074,GBLBS,45,48,10,398.00,"3,980.00"
2020-01-13,2020011301018020,GBLBS,44,42,100,397.00,"39,700.00"
2020-01-13,2020011301018019,GBLBS,34,42,100,397.00,"39,700.00"
2020-01-13,2020011301017927,GBLBS,34,13,300,397.00,"119,100.00"
2020-01-13,2020011301017890,GBLBS,34,1,100,397.00,"39,700.00"
2020-01-13,2020011301018350,GGBSL,3,13,30,827.00,"24,810.00"
2020-01-13,2020011301018349,GGBSL,57,13,31,828.00,"25,668.00"
2020-01-13,2020011301018087,GGBSL,42,1,10,830.00,"8,300.00"
2020-01-13,2020011301017887,GGBSL,42,48,110,829.00,"91,190.00"
2020-01-13,2020011301018228,GGBSL,42,13,60,829.00,"49,740.00"
2020-01-13,2020011301018194,GLBSL,51,7,100,621.00,"62,100.00"
2020-01-13,2020011301018100,GLICL,6,38,480,532.00,"255,360.00"
2020-01-13,2020011301018099,GLICL,45,38,10,535.00,"5,350.00"
2020-01-13,2020011301018098,GLICL,45,38,10,535.00,"5,350.00"
2020-01-13,2020011301018304,GMFBS,28,42,200,680.00,"136,000.00"
2020-01-13,2020011301017861,GMFBS,28,26,100,680.00,"68,000.00"
2020-01-13,2020011301017926,GUFL,59,41,109,119.00,"12,971.00"
2020-01-13,2020011301017894,GUFL,59,41,300,119.00,"35,700.00"
2020-01-13,2020011301017866,GUFL,59,43,"1,000",120.00,"120,000.00"
2020-01-13,2020011301018190,HBL,17,26,11,569.00,"6,259.00"
2020-01-13,2020011301018340,HDL,45,40,150,"1,215.00","182,250.00"
2020-01-13,2020011301018339,HDL,37,40,100,"1,215.00","121,500.00"
2020-01-13,2020011301018338,HDL,52,40,100,"1,216.00","121,600.00"
2020-01-13,2020011301018337,HDL,22,40,50,"1,216.00","60,800.00"
2020-01-13,2020011301017907,HDL,43,13,50,"1,220.00","61,000.00"
2020-01-13,2020011301017906,HDL,33,13,50,"1,220.00","61,000.00"
2020-01-13,2020011301017899,HDL,45,13,15,"1,221.00","18,315.00"
2020-01-13,2020011301017898,HDL,45,13,10,"1,221.00","12,210.00"
2020-01-13,2020011301017897,HDL,10,13,500,"1,222.00","611,000.00"
2020-01-13,2020011301017896,HDL,42,13,30,"1,222.00","36,660.00"
2020-01-13,2020011301017905,HDL,49,13,200,"1,220.00","244,000.00"
2020-01-13,2020011301017904,HDL,44,13,30,"1,220.00","36,600.00"
2020-01-13,2020011301017903,HDL,38,13,200,"1,220.00","244,000.00"
2020-01-13,2020011301017902,HDL,45,13,20,"1,220.00","24,400.00"
2020-01-13,2020011301017901,HDL,14,13,100,"1,220.00","122,000.00"
2020-01-13,2020011301017900,HDL,45,13,30,"1,220.00","36,600.00"
2020-01-13,2020011301018036,HIDCL,6,49,100,143.00,"14,300.00"
2020-01-13,2020011301018035,HIDCL,55,49,300,143.00,"42,900.00"
2020-01-13,2020011301018034,HIDCL,55,49,108,143.00,"15,444.00"
2020-01-13,2020011301017912,HIDCL,55,45,92,143.00,"13,156.00"
2020-01-13,2020011301017911,HIDCL,28,45,408,143.00,"58,344.00"
2020-01-13,2020011301017998,IGI,51,44,100,363.00,"36,300.00"
2020-01-13,2020011301018003,IGI,1,44,300,362.00,"108,600.00"
2020-01-13,2020011301018002,IGI,45,44,20,363.00,"7,260.00"
2020-01-13,2020011301018001,IGI,8,44,100,363.00,"36,300.00"
2020-01-13,2020011301018000,IGI,58,44,50,363.00,"18,150.00"
2020-01-13,2020011301017999,IGI,58,44,100,363.00,"36,300.00"
2020-01-13,2020011301018283,JBBL,43,21,187,163.00,"30,481.00"
2020-01-13,2020011301017877,JOSHI,6,58,20,66.00,"1,320.00"
2020-01-13,2020011301018291,JSLBB,22,47,27,"1,400.00","37,800.00"
2020-01-13,2020011301018268,JSLBB,22,58,50,"1,400.00","70,000.00"
2020-01-13,2020011301018256,JSLBB,44,58,50,"1,401.00","70,050.00"
2020-01-13,2020011301018101,JSLBB,44,6,50,"1,401.00","70,050.00"
2020-01-13,2020011301018051,JSLBB,34,6,41,"1,405.00","57,605.00"
2020-01-13,2020011301018302,KADBL,8,45,10,248.00,"2,480.00"
2020-01-13,2020011301018345,KBL,58,41,195,193.00,"37,635.00"
2020-01-13,2020011301018344,KBL,41,41,"1,000",193.00,"193,000.00"
2020-01-13,2020011301018343,KBL,51,41,500,193.00,"96,500.00"
2020-01-13,2020011301018342,KBL,25,41,100,193.00,"19,300.00"
2020-01-13,2020011301018221,KBL,38,45,"1,937",194.00,"375,778.00"
2020-01-13,2020011301017988,KBL,33,32,"3,332",195.00,"649,740.00"
2020-01-13,2020011301017856,KBL,38,25,63,194.00,"12,222.00"
2020-01-13,2020011301017855,KBL,32,25,50,194.00,"9,700.00"
2020-01-13,2020011301018341,KBL,51,41,205,193.00,"39,565.00"
2020-01-13,2020011301018225,KBL,51,45,295,193.00,"56,935.00"
2020-01-13,2020011301018224,KBL,28,45,"1,000",193.00,"193,000.00"
2020-01-13,2020011301018223,KBL,32,45,"1,000",193.00,"193,000.00"
2020-01-13,2020011301018222,KBL,57,45,500,193.00,"96,500.00"
2020-01-13,2020011301018175,KPCL,58,49,10,88.00,880.00
2020-01-13,2020011301018156,KPCL,58,55,250,88.00,"22,000.00"
2020-01-13,2020011301017885,KPCL,58,58,10,88.00,880.00
2020-01-13,2020011301018050,KPCL,58,49,10,88.00,880.00
2020-01-13,2020011301018119,KPCL,58,16,10,88.00,880.00
2020-01-13,2020011301018114,KPCL,58,49,10,88.00,880.00
2020-01-13,2020011301018043,KRBL,38,39,340,110.00,"37,400.00"
2020-01-13,2020011301018154,LBBL,26,41,100,185.00,"18,500.00"
2020-01-13,2020011301018208,LBL,43,41,500,209.00,"104,500.00"
2020-01-13,2020011301018141,LBL,6,41,100,209.00,"20,900.00"
2020-01-13,2020011301018267,LGIL,32,53,25,382.00,"9,550.00"
2020-01-13,2020011301018266,LGIL,6,53,60,382.00,"22,920.00"
2020-01-13,2020011301017923,LGIL,11,10,511,382.00,"195,202.00"
2020-01-13,2020011301017893,LGIL,33,38,"1,000",380.00,"380,000.00"
2020-01-13,2020011301018258,LICN,57,37,14,"1,162.00","16,268.00"
2020-01-13,2020011301018217,LICN,43,34,20,"1,169.00","23,380.00"
2020-01-13,2020011301018161,LLBS,59,26,135,853.00,"115,155.00"
2020-01-13,2020011301018078,LLBS,59,8,24,853.00,"20,472.00"
2020-01-13,2020011301018332,LVF1,52,6,"10,000",9.33,"93,300.00"
2020-01-13,2020011301018331,LVF1,28,6,"10,000",9.33,"93,300.00"
2020-01-13,2020011301018298,LVF1,21,6,"3,000",9.35,"28,050.00"
2020-01-13,2020011301018297,LVF1,14,6,"3,000",9.36,"28,080.00"
2020-01-13,2020011301018296,LVF1,39,6,300,9.38,"2,814.00"
2020-01-13,2020011301018295,LVF1,21,6,"3,000",9.40,"28,200.00"
2020-01-13,2020011301018294,LVF1,48,6,500,9.43,"4,715.00"
2020-01-13,2020011301018168,MBL,6,38,691,233.00,"161,003.00"
2020-01-13,2020011301018054,MBL,6,25,309,233.00,"71,997.00"
2020-01-13,2020011301018053,MBL,49,25,125,233.00,"29,125.00"
2020-01-13,2020011301018052,MBL,6,25,566,233.00,"131,878.00"
2020-01-13,2020011301018255,MEGA,52,52,100,202.00,"20,200.00"
2020-01-13,2020011301018254,MEGA,52,1,100,202.00,"20,200.00"
2020-01-13,2020011301018176,MEGA,52,59,505,202.00,"102,010.00"
2020-01-13,2020011301017854,MEGA,49,55,200,202.00,"40,400.00"
2020-01-13,2020011301018037,MEGA,59,1,100,202.00,"20,200.00"
2020-01-13,2020011301017884,MEGA,49,36,555,203.00,"112,665.00"
2020-01-13,2020011301018336,MERO,40,45,140,610.00,"85,400.00"
2020-01-13,2020011301018219,MERO,28,34,14,613.00,"8,582.00"
2020-01-13,2020011301018218,MERO,28,37,16,610.00,"9,760.00"
2020-01-13,2020011301018124,MERO,14,37,90,605.00,"54,450.00"
2020-01-13,2020011301017981,MFIL,38,25,28,156.00,"4,368.00"
2020-01-13,2020011301017913,MHNL,19,58,40,94.00,"3,760.00"
2020-01-13,2020011301018014,MLBBL,57,48,50,610.00,"30,500.00"
2020-01-13,2020011301017881,MLBBL,57,45,50,610.00,"30,500.00"
2020-01-13,2020011301017880,MLBBL,55,45,50,610.00,"30,500.00"
2020-01-13,2020011301017879,MLBBL,1,45,50,610.00,"30,500.00"
2020-01-13,2020011301018346,MLBL,14,39,50,191.00,"9,550.00"
2020-01-13,2020011301018212,MLBL,14,47,300,191.00,"57,300.00"
2020-01-13,2020011301018202,MLBL,14,52,335,191.00,"63,985.00"
2020-01-13,2020011301017997,MLBL,26,25,209,192.00,"40,128.00"
2020-01-13,2020011301018144,MLBL,14,35,215,191.00,"41,065.00"
2020-01-13,2020011301018143,MLBL,22,35,188,191.00,"35,908.00"
2020-01-13,2020011301018115,MLBL,26,47,418,192.00,"80,256.00"
2020-01-13,2020011301018148,MNBBL,46,6,100,309.00,"30,900.00"
2020-01-13,2020011301018096,MNBBL,57,48,10,313.00,"3,130.00"
2020-01-13,2020011301018082,MNBBL,57,11,50,312.00,"15,600.00"
2020-01-13,2020011301018059,MNBBL,57,1,12,310.00,"3,720.00"
2020-01-13,2020011301017968,MNBBL,53,53,"1,000",310.00,"310,000.00"
2020-01-13,2020011301018272,MSLB,28,36,283,956.00,"270,548.00"
2020-01-13,2020011301018271,MSLB,33,36,100,958.00,"95,800.00"
2020-01-13,2020011301018270,MSLB,40,36,17,958.00,"16,286.00"
2020-01-13,2020011301018199,NADEP,25,45,28,612.00,"17,136.00"
2020-01-13,2020011301018187,NADEP,26,45,145,613.00,"88,885.00"
2020-01-13,2020011301018186,NADEP,32,45,27,615.00,"16,605.00"
2020-01-13,2020011301018172,NADEP,32,57,23,615.00,"14,145.00"
2020-01-13,2020011301018325,NBB,53,6,100,204.00,"20,400.00"
2020-01-13,2020011301018233,NBB,25,6,"1,000",204.00,"204,000.00"
2020-01-13,2020011301018232,NBB,25,6,400,204.00,"81,600.00"
2020-01-13,2020011301018211,NBB,25,19,600,204.00,"122,400.00"
2020-01-13,2020011301018210,NBB,10,19,100,204.00,"20,400.00"
2020-01-13,2020011301017970,NBB,22,32,50,204.00,"10,200.00"
2020-01-13,2020011301017969,NBB,16,32,647,204.00,"131,988.00"
2020-01-13,2020011301018245,NBL,51,33,26,278.00,"7,228.00"
2020-01-13,2020011301018244,NBL,25,33,"1,000",278.00,"278,000.00"
2020-01-13,2020011301018243,NBL,41,33,500,278.00,"139,000.00"
2020-01-13,2020011301018242,NBL,55,33,"3,000",278.00,"834,000.00"
2020-01-13,2020011301018241,NBL,42,33,100,278.00,"27,800.00"
2020-01-13,2020011301018240,NBL,42,33,100,278.00,"27,800.00"
2020-01-13,2020011301018179,NBL,57,32,295,279.00,"82,305.00"
2020-01-13,2020011301018178,NBL,57,56,205,279.00,"57,195.00"
2020-01-13,2020011301018132,NBL,49,56,100,279.00,"27,900.00"
2020-01-13,2020011301018125,NBL,26,56,45,279.00,"12,555.00"
2020-01-13,2020011301018239,NBL,44,33,500,278.00,"139,000.00"
2020-01-13,2020011301018238,NBL,39,33,"1,000",278.00,"278,000.00"
2020-01-13,2020011301018237,NBL,52,33,108,278.00,"30,024.00"
2020-01-13,2020011301018236,NBL,29,33,"3,000",278.00,"834,000.00"
2020-01-13,2020011301018235,NBL,44,33,500,278.00,"139,000.00"
2020-01-13,2020011301018234,NBL,6,33,166,278.00,"46,148.00"
2020-01-13,2020011301018274,NCCB,29,36,500,220.00,"110,000.00"
2020-01-13,2020011301018204,NCCB,50,53,500,220.00,"110,000.00"
2020-01-13,2020011301018203,NCCB,50,17,"1,000",220.00,"220,000.00"
2020-01-13,2020011301018122,NCCB,7,32,161,220.00,"35,420.00"
2020-01-13,2020011301018121,NCCB,7,49,100,220.00,"22,000.00"
2020-01-13,2020011301018120,NCCB,7,25,500,220.00,"110,000.00"
2020-01-13,2020011301017864,NCCB,6,32,452,220.00,"99,440.00"
2020-01-13,2020011301018042,NGPL,17,53,11,116.00,"1,276.00"
2020-01-13,2020011301018079,NHPC,38,41,100,53.00,"5,300.00"
2020-01-13,2020011301018139,NIB,26,38,45,413.00,"18,585.00"
2020-01-13,2020011301018067,NIB,51,38,50,413.00,"20,650.00"
2020-01-13,2020011301018010,NIB,26,38,300,413.00,"123,900.00"
2020-01-13,2020011301017915,NIB,1,42,17,411.00,"6,987.00"
2020-01-13,2020011301018348,NICA,38,38,175,451.00,"78,925.00"
2020-01-13,2020011301018321,NICA,38,25,300,451.00,"135,300.00"
2020-01-13,2020011301018320,NICA,38,16,500,451.00,"225,500.00"
2020-01-13,2020011301018288,NICA,37,53,144,450.00,"64,800.00"
2020-01-13,2020011301018287,NICA,45,53,150,450.00,"67,500.00"
2020-01-13,2020011301018286,NICA,38,53,206,450.00,"92,700.00"
2020-01-13,2020011301018123,NICA,25,21,50,451.00,"22,550.00"
2020-01-13,2020011301018089,NICA,25,28,500,451.00,"225,500.00"
2020-01-13,2020011301018262,NICL,14,57,277,335.00,"92,795.00"
2020-01-13,2020011301018207,NICL,46,16,500,334.00,"167,000.00"
2020-01-13,2020011301018165,NICL,29,57,23,335.00,"7,705.00"
2020-01-13,2020011301017958,NICL,29,52,977,335.00,"327,295.00"
2020-01-13,2020011301017957,NICL,44,52,100,335.00,"33,500.00"
2020-01-13,2020011301017956,NICL,14,52,500,335.00,"167,500.00"
2020-01-13,2020011301017955,NICL,16,52,500,335.00,"167,500.00"
2020-01-13,2020011301017954,NICL,16,52,723,335.00,"242,205.00"
2020-01-13,2020011301018195,NIL,55,39,100,416.00,"41,600.00"
2020-01-13,2020011301018026,NIL,25,44,100,420.00,"42,000.00"
2020-01-13,2020011301018347,NLBBL,28,5,50,621.00,"31,050.00"
2020-01-13,2020011301018303,NLBBL,28,34,16,621.00,"9,936.00"
2020-01-13,2020011301018285,NLIC,56,25,20,"1,002.00","20,040.00"
2020-01-13,2020011301018284,NLIC,56,8,22,"1,002.00","22,044.00"
2020-01-13,2020011301018248,NLIC,56,19,43,"1,002.00","43,086.00"
2020-01-13,2020011301018247,NLIC,45,19,50,"1,002.00","50,100.00"
2020-01-13,2020011301018246,NLIC,19,19,49,"1,002.00","49,098.00"
2020-01-13,2020011301018214,NLIC,32,44,300,"1,003.00","300,900.00"
2020-01-13,2020011301017873,NLIC,17,38,10,"1,004.00","10,040.00"
2020-01-13,2020011301018213,NLIC,57,44,272,"1,003.00","272,816.00"
2020-01-13,2020011301018201,NLIC,57,38,28,"1,003.00","28,084.00"
2020-01-13,2020011301018173,NLIC,57,57,450,"1,003.00","451,350.00"
2020-01-13,2020011301018153,NLIC,57,38,550,"1,003.00","551,650.00"
2020-01-13,2020011301018152,NLIC,39,38,50,"1,005.00","50,250.00"
2020-01-13,2020011301017874,NLIC,19,38,51,"1,002.00","51,102.00"
2020-01-13,2020011301018192,NLICL,56,45,205,574.00,"117,670.00"
2020-01-13,2020011301018095,NLICL,58,16,100,569.00,"56,900.00"
2020-01-13,2020011301018094,NLICL,58,16,205,568.00,"116,440.00"
2020-01-13,2020011301018093,NLICL,58,22,400,565.00,"226,000.00"
2020-01-13,2020011301018092,NLICL,58,38,150,564.00,"84,600.00"
2020-01-13,2020011301018069,NLICL,58,38,150,564.00,"84,600.00"
2020-01-13,2020011301018319,NMB,42,6,221,362.00,"80,002.00"
2020-01-13,2020011301018318,NMB,45,6,300,362.00,"108,600.00"
2020-01-13,2020011301018317,NMB,41,6,100,362.00,"36,200.00"
2020-01-13,2020011301018316,NMB,17,6,379,362.00,"137,198.00"
2020-01-13,2020011301018185,NMB,17,22,51,362.00,"18,462.00"
2020-01-13,2020011301018184,NMB,21,22,149,362.00,"53,938.00"
2020-01-13,2020011301017947,NMB,17,53,70,362.00,"25,340.00"
2020-01-13,2020011301017946,NMB,1,53,30,362.00,"10,860.00"
2020-01-13,2020011301018329,NMFBS,51,28,18,"1,402.00","25,236.00"
2020-01-13,2020011301018328,NMFBS,25,28,50,"1,405.00","70,250.00"
2020-01-13,2020011301018327,NMFBS,45,28,10,"1,406.00","14,060.00"
2020-01-13,2020011301018326,NMFBS,42,28,10,"1,425.00","14,250.00"
2020-01-13,2020011301018029,NMFBS,45,33,281,"1,430.00","401,830.00"
2020-01-13,2020011301018028,NMFBS,41,33,250,"1,431.00","357,750.00"
2020-01-13,2020011301018027,NMFBS,33,33,180,"1,431.00","257,580.00"
2020-01-13,2020011301017983,NMFBS,47,33,10,"1,458.00","14,580.00"
2020-01-13,2020011301017982,NMFBS,55,33,15,"1,459.00","21,885.00"
2020-01-13,2020011301018142,NNLB,36,48,100,619.00,"61,900.00"
2020-01-13,2020011301018110,NSEWA,6,48,10,605.00,"6,050.00"
2020-01-13,2020011301018109,NSEWA,58,48,20,610.00,"12,200.00"
2020-01-13,2020011301017951,NSEWA,58,48,100,610.00,"61,000.00"
2020-01-13,2020011301018083,NTC,43,57,10,650.00,"6,500.00"
2020-01-13,2020011301018057,NUBL,26,49,30,901.00,"27,030.00"
2020-01-13,2020011301018049,NUBL,4,38,500,902.00,"451,000.00"
2020-01-13,2020011301017975,OHL,38,7,100,496.00,"49,600.00"
2020-01-13,2020011301017974,OHL,22,7,500,496.00,"248,000.00"
2020-01-13,2020011301017973,OHL,26,7,100,497.00,"49,700.00"
2020-01-13,2020011301017972,OHL,42,7,100,497.00,"49,700.00"
2020-01-13,2020011301017971,OHL,10,7,100,497.00,"49,700.00"
2020-01-13,2020011301018264,PCBL,39,19,641,264.00,"169,224.00"
2020-01-13,2020011301018167,PCBL,39,40,93,264.00,"24,552.00"
2020-01-13,2020011301018166,PCBL,16,40,63,264.00,"16,632.00"
2020-01-13,2020011301018136,PCBL,16,16,12,264.00,"3,168.00"
2020-01-13,2020011301018005,PCBL,43,48,102,265.00,"27,030.00"
2020-01-13,2020011301018004,PCBL,1,48,700,265.00,"185,500.00"
2020-01-13,2020011301018064,PFL,40,53,172,147.00,"25,284.00"
2020-01-13,2020011301017889,PIC,38,57,83,477.00,"39,591.00"
2020-01-13,2020011301017888,PIC,32,57,10,478.00,"4,780.00"
2020-01-13,2020011301017882,PICL,57,11,50,540.00,"27,000.00"
2020-01-13,2020011301017862,PICL,57,11,100,540.00,"54,000.00"
2020-01-13,2020011301018323,PLIC,29,53,800,419.00,"335,200.00"
2020-01-13,2020011301018322,PLIC,57,53,200,420.00,"84,000.00"
2020-01-13,2020011301018017,PLIC,46,25,55,420.00,"23,100.00"
2020-01-13,2020011301018016,PLIC,38,25,37,420.00,"15,540.00"
2020-01-13,2020011301017985,PLIC,38,39,163,420.00,"68,460.00"
2020-01-13,2020011301017984,PLIC,26,39,60,420.00,"25,200.00"
2020-01-13,2020011301017853,PLIC,58,6,100,421.00,"42,100.00"
2020-01-13,2020011301017961,PLIC,32,35,100,421.00,"42,100.00"
2020-01-13,2020011301017960,PLIC,58,35,150,421.00,"63,150.00"
2020-01-13,2020011301017948,PLIC,51,45,50,422.00,"21,100.00"
2020-01-13,2020011301017936,PLIC,58,45,50,421.00,"21,050.00"
2020-01-13,2020011301018215,PMHPL,59,16,10,89.00,890.00
2020-01-13,2020011301018189,PMHPL,59,49,10,89.00,890.00
2020-01-13,2020011301018134,PMHPL,59,1,10,89.00,890.00
2020-01-13,2020011301018128,PMHPL,59,49,10,89.00,890.00
2020-01-13,2020011301018065,PMHPL,45,49,10,88.00,880.00
2020-01-13,2020011301017924,PMHPL,45,58,10,88.00,880.00
2020-01-13,2020011301018183,PPCL,10,53,30,126.00,"3,780.00"
2020-01-13,2020011301017932,PROFL,18,34,800,102.00,"81,600.00"
2020-01-13,2020011301018137,PRVU,16,47,108,243.00,"26,244.00"
2020-01-13,2020011301018129,PRVU,16,53,500,243.00,"121,500.00"
2020-01-13,2020011301018060,PRVU,52,51,350,244.00,"85,400.00"
2020-01-13,2020011301018025,PRVU,52,51,650,244.00,"158,600.00"
2020-01-13,2020011301018024,PRVU,42,51,100,244.00,"24,400.00"
2020-01-13,2020011301018023,PRVU,26,51,50,244.00,"12,200.00"
2020-01-13,2020011301017944,PRVU,34,51,900,244.00,"219,600.00"
2020-01-13,2020011301017943,PRVU,51,51,500,244.00,"122,000.00"
2020-01-13,2020011301017942,PRVU,57,51,500,244.00,"122,000.00"
2020-01-13,2020011301017941,PRVU,59,51,100,244.00,"24,400.00"
2020-01-13,2020011301017976,PRVU,34,51,100,244.00,"24,400.00"
2020-01-13,2020011301018022,PRVU,55,51,"1,000",244.00,"244,000.00"
2020-01-13,2020011301018021,PRVU,29,51,200,244.00,"48,800.00"
2020-01-13,2020011301017980,PRVU,29,51,800,244.00,"195,200.00"
2020-01-13,2020011301017979,PRVU,43,51,100,244.00,"24,400.00"
2020-01-13,2020011301017978,PRVU,50,51,500,244.00,"122,000.00"
2020-01-13,2020011301017977,PRVU,48,51,500,244.00,"122,000.00"
2020-01-13,2020011301017917,RBCL,33,38,20,"9,066.00","181,320.00"
2020-01-13,2020011301017916,RBCL,7,38,10,"9,067.00","90,670.00"
2020-01-13,2020011301018182,RBCLPO,4,44,80,"8,416.00","673,280.00"
2020-01-13,2020011301018181,RBCLPO,4,32,20,"8,400.00","168,000.00"
2020-01-13,2020011301018180,RBCLPO,4,28,10,"8,399.00","83,990.00"
2020-01-13,2020011301018280,RHPC,29,59,435,75.00,"32,625.00"
2020-01-13,2020011301018275,RHPC,36,16,81,75.00,"6,075.00"
2020-01-13,2020011301018231,RHPC,36,59,19,75.00,"1,425.00"
2020-01-13,2020011301018230,RHPC,45,59,781,75.00,"58,575.00"
2020-01-13,2020011301018216,RHPC,42,48,"1,000",76.00,"76,000.00"
2020-01-13,2020011301018200,RHPC,45,49,15,75.00,"1,125.00"
2020-01-13,2020011301018084,RHPC,45,41,204,75.00,"15,300.00"
2020-01-13,2020011301017990,RHPC,39,54,"1,000",76.00,"76,000.00"
2020-01-13,2020011301018227,RHPL,43,26,10,178.00,"1,780.00"
2020-01-13,2020011301018209,RHPL,56,49,40,176.00,"7,040.00"
2020-01-13,2020011301018206,RHPL,56,40,40,176.00,"7,040.00"
2020-01-13,2020011301018113,RHPL,56,1,400,176.00,"70,400.00"
2020-01-13,2020011301018112,RHPL,56,1,600,176.00,"105,600.00"
2020-01-13,2020011301018097,RHPL,56,1,40,176.00,"7,040.00"
2020-01-13,2020011301018090,RHPL,56,49,50,176.00,"8,800.00"
2020-01-13,2020011301017964,RLFL,36,32,127,118.00,"14,986.00"
2020-01-13,2020011301017895,RRHP,47,56,100,102.00,"10,200.00"
2020-01-13,2020011301017962,RRHP,42,16,10,100.00,"1,000.00"
2020-01-13,2020011301017934,RRHP,42,58,10,100.00,"1,000.00"
2020-01-13,2020011301018249,RSDC,39,57,200,410.00,"82,000.00"
2020-01-13,2020011301018273,SABSL,14,41,190,720.00,"136,800.00"
2020-01-13,2020011301018229,SABSL,14,49,10,720.00,"7,200.00"
2020-01-13,2020011301018312,SANIMA,43,16,35,346.00,"12,110.00"
2020-01-13,2020011301018311,SANIMA,4,16,65,346.00,"22,490.00"
2020-01-13,2020011301018146,SANIMA,4,38,435,346.00,"150,510.00"
2020-01-13,2020011301018068,SANIMA,4,22,500,346.00,"173,000.00"
2020-01-13,2020011301018335,SBI,4,36,300,405.00,"121,500.00"
2020-01-13,2020011301018077,SBI,34,52,20,407.00,"8,140.00"
2020-01-13,2020011301018151,SBL,52,53,200,316.00,"63,200.00"
2020-01-13,2020011301018130,SBL,13,53,300,316.00,"94,800.00"
2020-01-13,2020011301017883,SBL,4,41,276,315.00,"86,940.00"
2020-01-13,2020011301018205,SCB,38,26,11,590.00,"6,490.00"
2020-01-13,2020011301018133,SCB,53,40,20,593.00,"11,860.00"
2020-01-13,2020011301018058,SCB,34,1,10,592.00,"5,920.00"
2020-01-13,2020011301017993,SCB,1,16,40,589.00,"23,560.00"
2020-01-13,2020011301017992,SCB,58,16,20,590.00,"11,800.00"
2020-01-13,2020011301018080,SHINE,54,48,16,255.00,"4,080.00"
2020-01-13,2020011301018040,SHINE,54,16,157,255.00,"40,035.00"
2020-01-13,2020011301018334,SHIVM,28,58,330,487.00,"160,710.00"
2020-01-13,2020011301018290,SHIVM,58,35,230,488.00,"112,240.00"
2020-01-13,2020011301018260,SHIVM,58,26,270,488.00,"131,760.00"
2020-01-13,2020011301018259,SHIVM,25,26,30,488.00,"14,640.00"
2020-01-13,2020011301018253,SHIVM,25,45,170,488.00,"82,960.00"
2020-01-13,2020011301018252,SHIVM,16,45,200,488.00,"97,600.00"
2020-01-13,2020011301018251,SHIVM,53,45,50,488.00,"24,400.00"
2020-01-13,2020011301018041,SHL,11,45,150,205.00,"30,750.00"
2020-01-13,2020011301018018,SHL,46,17,500,204.00,"102,000.00"
2020-01-13,2020011301017953,SHL,11,45,100,205.00,"20,500.00"
2020-01-13,2020011301018127,SHPC,55,48,200,202.00,"40,400.00"
2020-01-13,2020011301018013,SHPC,55,25,50,202.00,"10,100.00"
2020-01-13,2020011301017868,SHPC,55,50,200,202.00,"40,400.00"
2020-01-13,2020011301017865,SHPC,55,48,200,202.00,"40,400.00"
2020-01-13,2020011301018263,SIC,56,44,72,608.00,"43,776.00"
2020-01-13,2020011301018030,SICL,47,38,400,941.00,"376,400.00"
2020-01-13,2020011301018072,SICL,40,45,200,940.00,"188,000.00"
2020-01-13,2020011301018071,SICL,45,45,12,940.00,"11,280.00"
2020-01-13,2020011301018070,SICL,56,45,300,945.00,"283,500.00"
2020-01-13,2020011301018033,SICL,45,38,38,940.00,"35,720.00"
2020-01-13,2020011301018032,SICL,35,38,200,940.00,"188,000.00"
2020-01-13,2020011301018031,SICL,50,38,200,940.00,"188,000.00"
2020-01-13,2020011301018188,SICL,7,6,62,940.00,"58,280.00"
2020-01-13,2020011301018073,SICL,7,45,38,940.00,"35,720.00"
2020-01-13,2020011301017931,SIL,55,38,40,475.00,"19,000.00"
2020-01-13,2020011301017860,SIL,55,44,203,475.00,"96,425.00"
2020-01-13,2020011301017859,SIL,44,44,497,475.00,"236,075.00"
2020-01-13,2020011301017858,SIL,41,44,300,476.00,"142,800.00"
2020-01-13,2020011301018103,SINDU,52,41,400,128.00,"51,200.00"
2020-01-13,2020011301018330,SJCL,55,37,20,167.00,"3,340.00"
2020-01-13,2020011301018261,SJCL,55,49,20,167.00,"3,340.00"
2020-01-13,2020011301018145,SJCL,55,49,20,167.00,"3,340.00"
2020-01-13,2020011301017875,SJCL,37,58,200,168.00,"33,600.00"
2020-01-13,2020011301018116,SJCL,55,1,20,167.00,"3,340.00"
2020-01-13,2020011301017892,SJCL,51,58,300,168.00,"50,400.00"
2020-01-13,2020011301017891,SJCL,37,58,830,168.00,"139,440.00"
2020-01-13,2020011301017876,SJCL,37,58,140,168.00,"23,520.00"
2020-01-13,2020011301018118,SKBBL,43,55,100,940.00,"94,000.00"
2020-01-13,2020011301018117,SKBBL,29,55,180,940.00,"169,200.00"
2020-01-13,2020011301017910,SKBBL,29,26,125,940.00,"117,500.00"
2020-01-13,2020011301017909,SKBBL,45,26,25,941.00,"23,525.00"
2020-01-13,2020011301018315,SLBBL,52,48,50,697.00,"34,850.00"
2020-01-13,2020011301018314,SLBBL,26,48,100,698.00,"69,800.00"
2020-01-13,2020011301018313,SLBBL,6,48,10,698.00,"6,980.00"
2020-01-13,2020011301017996,SLBBL,25,16,100,699.00,"69,900.00"
2020-01-13,2020011301017995,SLBBL,41,16,20,699.00,"13,980.00"
2020-01-13,2020011301018150,SLBBL,6,57,40,698.00,"27,920.00"
2020-01-13,2020011301018149,SLBBL,6,57,20,699.00,"13,980.00"
2020-01-13,2020011301018140,SLBBL,57,41,10,710.00,"7,100.00"
2020-01-13,2020011301018066,SLBSL,5,37,10,760.00,"7,600.00"
2020-01-13,2020011301018061,SLICL,39,46,100,338.00,"33,800.00"
2020-01-13,2020011301018047,SLICL,26,32,50,337.00,"16,850.00"
2020-01-13,2020011301018269,SMATA,22,6,19,715.00,"13,585.00"
2020-01-13,2020011301018091,SMATA,57,16,38,722.00,"27,436.00"
2020-01-13,2020011301017921,SMATA,28,22,100,730.00,"73,000.00"
2020-01-13,2020011301017920,SMATA,44,22,200,730.00,"146,000.00"
2020-01-13,2020011301017919,SMATA,56,22,100,730.00,"73,000.00"
2020-01-13,2020011301018250,SMB,41,48,50,693.00,"34,650.00"
2020-01-13,2020011301018177,SMFDB,50,57,100,678.00,"67,800.00"
2020-01-13,2020011301018307,SPARS,21,22,140,708.00,"99,120.00"
2020-01-13,2020011301018306,SPARS,47,22,20,708.00,"14,160.00"
2020-01-13,2020011301018305,SPARS,48,22,40,710.00,"28,400.00"
2020-01-13,2020011301018282,SPARS,48,49,10,710.00,"7,100.00"
2020-01-13,2020011301018324,STC,26,1,10,"2,113.00","21,130.00"
2020-01-13,2020011301018310,SWBBL,4,7,143,988.00,"141,284.00"
2020-01-13,2020011301018309,SWBBL,38,7,30,988.00,"29,640.00"
2020-01-13,2020011301018308,SWBBL,17,7,26,990.00,"25,740.00"
2020-01-13,2020011301017994,SWBBL,4,38,22,990.00,"21,780.00"
2020-01-13,2020011301017959,SWBBL,4,38,33,990.00,"32,670.00"
2020-01-13,2020011301017937,SWBBL,4,32,125,990.00,"123,750.00"
2020-01-13,2020011301017857,SWBBL,4,38,50,990.00,"49,500.00"
2020-01-13,2020011301017933,SWBBL,4,38,43,990.00,"42,570.00"
2020-01-13,2020011301017922,SWBBL,4,38,40,990.00,"39,600.00"
2020-01-13,2020011301017914,SWBBL,4,38,42,990.00,"41,580.00"
2020-01-13,2020011301017886,SWBBL,4,38,50,990.00,"49,500.00"
2020-01-13,2020011301017872,SWBBL,4,38,50,990.00,"49,500.00"
2020-01-13,2020011301018081,TMDBL,34,16,85,166.00,"14,110.00"
2020-01-13,2020011301017967,TMDBL,34,52,280,166.00,"46,480.00"
2020-01-13,2020011301017966,TMDBL,22,52,200,166.00,"33,200.00"
2020-01-13,2020011301017965,TMDBL,52,52,20,166.00,"3,320.00"
2020-01-13,2020011301018131,UFL,16,40,500,172.00,"86,000.00"
2020-01-13,2020011301018160,UIC,55,21,60,352.00,"21,120.00"
2020-01-13,2020011301017949,UIC,55,35,140,352.00,"49,280.00"
2020-01-13,2020011301018299,UPCL,34,19,100,75.00,"7,500.00"
2020-01-13,2020011301018045,UPCL,34,53,50,75.00,"3,750.00"
2020-01-13,2020011301017991,UPCL,34,40,170,75.00,"12,750.00"
2020-01-13,2020011301017952,UPCL,34,58,100,75.00,"7,500.00"
2020-01-13,2020011301018281,UPPER,28,19,50,249.00,"12,450.00"
2020-01-13,2020011301018135,UPPER,16,51,466,250.00,"116,500.00"
2020-01-13,2020011301018333,WOMI,11,21,22,938.00,"20,636.00"
2020-01-13,2020011301018015,WOMI,34,32,10,938.00,"9,380.00"
2020-01-13,2020011301017846,AKJCL,39,58,20,59.00,"1,180.00"
2020-01-13,2020011301017427,AKJCL,39,58,20,59.00,"1,180.00"
2020-01-13,2020011301017749,AKPL,58,6,35,130.00,"4,550.00"
2020-01-13,2020011301017428,AKPL,58,25,100,130.00,"13,000.00"
2020-01-13,2020011301017388,AKPL,58,49,365,130.00,"47,450.00"
2020-01-13,2020011301017387,AKPL,58,49,"2,000",130.00,"260,000.00"
2020-01-13,2020011301017386,AKPL,21,49,135,130.00,"17,550.00"
2020-01-13,2020011301017819,ALBSL,45,57,19,609.00,"11,571.00"
2020-01-13,2020011301017771,ALBSL,45,57,200,610.00,"122,000.00"
2020-01-13,2020011301017770,ALBSL,20,57,100,611.00,"61,100.00"
2020-01-13,2020011301017769,ALBSL,13,57,50,612.00,"30,600.00"
2020-01-13,2020011301017756,ALBSL,51,55,20,620.00,"12,400.00"
2020-01-13,2020011301017672,ALBSL,43,55,50,625.00,"31,250.00"
2020-01-13,2020011301017442,ALBSL,58,58,10,620.00,"6,200.00"
2020-01-13,2020011301017510,ALICL,4,44,709,421.00,"298,489.00"
2020-01-13,2020011301017509,ALICL,4,44,291,422.00,"122,802.00"
2020-01-13,2020011301017491,ALICL,4,19,209,422.00,"88,198.00"
2020-01-13,2020011301017405,ALICL,6,34,20,426.00,"8,520.00"
2020-01-13,2020011301017404,ALICL,16,34,500,426.00,"213,000.00"
2020-01-13,2020011301017403,ALICL,57,34,273,426.00,"116,298.00"
2020-01-13,2020011301017360,ALICL,57,5,26,426.00,"11,076.00"
2020-01-13,2020011301017827,BOKL,16,17,858,233.00,"199,914.00"
2020-01-13,2020011301017420,BOKL,16,6,50,233.00,"11,650.00"
2020-01-13,2020011301017758,BPCL,26,45,50,334.00,"16,700.00"
2020-01-13,2020011301017450,CBBL,29,26,100,890.00,"89,000.00"
2020-01-13,2020011301017449,CBBL,19,26,50,890.00,"44,500.00"
2020-01-13,2020011301017448,CBBL,22,26,200,890.00,"178,000.00"
2020-01-13,2020011301017447,CBBL,32,26,50,890.00,"44,500.00"
2020-01-13,2020011301017446,CBBL,19,26,150,891.00,"133,650.00"
2020-01-13,2020011301017445,CBBL,41,26,39,891.00,"34,749.00"
2020-01-13,2020011301017451,CBBL,42,26,111,889.00,"98,679.00"
2020-01-13,2020011301017697,CBL,34,53,670,140.00,"93,800.00"
2020-01-13,2020011301017696,CBL,57,53,500,140.00,"70,000.00"
2020-01-13,2020011301017695,CBL,29,53,200,140.00,"28,000.00"
2020-01-13,2020011301017694,CBL,7,53,200,140.00,"28,000.00"
2020-01-13,2020011301017693,CBL,19,53,50,140.00,"7,000.00"
2020-01-13,2020011301017692,CBL,40,53,500,140.00,"70,000.00"
2020-01-13,2020011301017548,CBL,40,49,59,141.00,"8,319.00"
2020-01-13,2020011301017353,CBL,40,53,941,141.00,"132,681.00"
2020-01-13,2020011301017352,CBL,40,53,159,141.00,"22,419.00"
2020-01-13,2020011301017691,CBL,58,53,"2,000",140.00,"280,000.00"
2020-01-13,2020011301017690,CBL,51,53,500,140.00,"70,000.00"
2020-01-13,2020011301017689,CBL,41,53,"1,000",140.00,"140,000.00"
2020-01-13,2020011301017688,CBL,19,53,"1,000",140.00,"140,000.00"
2020-01-13,2020011301017687,CBL,21,53,300,140.00,"42,000.00"
2020-01-13,2020011301017686,CBL,4,53,"3,080",140.00,"431,200.00"
2020-01-13,2020011301017741,CCBL,7,45,"1,629",178.00,"289,962.00"
2020-01-13,2020011301017740,CCBL,4,45,"2,000",178.00,"356,000.00"
2020-01-13,2020011301017739,CCBL,13,45,300,178.00,"53,400.00"
2020-01-13,2020011301017738,CCBL,29,45,400,178.00,"71,200.00"
2020-01-13,2020011301017737,CCBL,45,45,300,178.00,"53,400.00"
2020-01-13,2020011301017736,CCBL,28,45,525,178.00,"93,450.00"
2020-01-13,2020011301017658,CCBL,7,34,371,179.00,"66,409.00"
2020-01-13,2020011301017614,CCBL,28,7,65,178.00,"11,570.00"
2020-01-13,2020011301017452,CCBL,14,7,"1,000",179.00,"179,000.00"
2020-01-13,2020011301017657,CHCL,45,51,180,426.00,"76,680.00"
2020-01-13,2020011301017650,CHCL,58,51,200,431.00,"86,200.00"
2020-01-13,2020011301017649,CHCL,58,28,40,431.00,"17,240.00"
2020-01-13,2020011301017648,CHCL,58,53,120,431.00,"51,720.00"
2020-01-13,2020011301017422,CHCL,45,28,174,426.00,"74,124.00"
2020-01-13,2020011301017421,CHCL,53,28,24,428.00,"10,272.00"
2020-01-13,2020011301017850,CIT,33,58,224,"2,137.00","478,688.00"
2020-01-13,2020011301017813,CIT,33,58,276,"2,137.00","589,812.00"
2020-01-13,2020011301017812,CIT,7,58,24,"2,138.00","51,312.00"
2020-01-13,2020011301017748,CIT,28,41,100,"2,138.00","213,800.00"
2020-01-13,2020011301017747,CIT,52,41,50,"2,138.00","106,900.00"
2020-01-13,2020011301017497,CORBL,32,10,200,126.00,"25,200.00"
2020-01-13,2020011301017839,CZBIL,34,43,196,202.00,"39,592.00"
2020-01-13,2020011301017838,CZBIL,29,43,100,203.00,"20,300.00"
2020-01-13,2020011301017682,CZBIL,22,43,23,203.00,"4,669.00"
2020-01-13,2020011301017681,CZBIL,34,43,385,203.00,"78,155.00"
2020-01-13,2020011301017702,DDBL,4,35,210,"1,036.00","217,560.00"
2020-01-13,2020011301017608,DDBL,45,33,20,"1,036.00","20,720.00"
2020-01-13,2020011301017505,DDBL,43,33,11,"1,036.00","11,396.00"
2020-01-13,2020011301017504,DDBL,47,33,200,"1,036.00","207,200.00"
2020-01-13,2020011301017465,DDBL,34,41,200,"1,036.00","207,200.00"
2020-01-13,2020011301017464,DDBL,39,41,100,"1,036.00","103,600.00"
2020-01-13,2020011301017437,DDBL,20,33,250,"1,038.00","259,500.00"
2020-01-13,2020011301017436,DDBL,49,33,200,"1,038.00","207,600.00"
2020-01-13,2020011301017435,DDBL,49,33,500,"1,038.00","519,000.00"
2020-01-13,2020011301017356,DDBL,44,33,202,"1,040.00","210,080.00"
2020-01-13,2020011301017563,EBL,44,36,100,605.00,"60,500.00"
2020-01-13,2020011301017562,EBL,42,36,100,605.00,"60,500.00"
2020-01-13,2020011301017561,EBL,14,36,150,606.00,"90,900.00"
2020-01-13,2020011301017351,EBL,14,19,200,606.00,"121,200.00"
2020-01-13,2020011301017634,EIC,7,26,428,322.00,"137,816.00"
2020-01-13,2020011301017541,EIC,7,40,72,322.00,"23,184.00"
2020-01-13,2020011301017540,EIC,41,40,20,322.00,"6,440.00"
2020-01-13,2020011301017539,EIC,13,40,80,324.00,"25,920.00"
2020-01-13,2020011301017538,EIC,16,40,100,324.00,"32,400.00"
2020-01-13,2020011301017537,EIC,45,40,28,325.00,"9,100.00"
2020-01-13,2020011301017359,EIC,45,17,22,325.00,"7,150.00"
2020-01-13,2020011301017358,EIC,41,17,678,325.00,"220,350.00"
2020-01-13,2020011301017357,EIC,13,17,200,326.00,"65,200.00"
2020-01-13,2020011301017603,FMDBL,34,34,32,402.00,"12,864.00"
2020-01-13,2020011301017602,FMDBL,39,34,100,403.00,"40,300.00"
2020-01-13,2020011301017601,FMDBL,48,34,50,403.00,"20,150.00"
2020-01-13,2020011301017600,FMDBL,36,34,100,403.00,"40,300.00"
2020-01-13,2020011301017599,FMDBL,21,34,18,403.00,"7,254.00"
2020-01-13,2020011301017556,FMDBL,21,37,82,403.00,"33,046.00"
2020-01-13,2020011301017479,FMDBL,43,45,278,404.00,"112,312.00"
2020-01-13,2020011301017478,FMDBL,43,46,100,404.00,"40,400.00"
2020-01-13,2020011301017555,FMDBL,5,37,200,403.00,"80,600.00"
2020-01-13,2020011301017554,FMDBL,5,37,159,403.00,"64,077.00"
2020-01-13,2020011301017536,FMDBL,5,39,41,403.00,"16,523.00"
2020-01-13,2020011301017535,FMDBL,17,39,78,404.00,"31,512.00"
2020-01-13,2020011301017499,FMDBL,17,45,22,404.00,"8,888.00"
2020-01-13,2020011301017480,FMDBL,45,45,500,404.00,"202,000.00"
2020-01-13,2020011301017717,GBLBS,56,45,50,399.00,"19,950.00"
2020-01-13,2020011301017598,GBLBS,56,1,50,399.00,"19,950.00"
2020-01-13,2020011301017558,GBLBS,43,44,100,400.00,"40,000.00"
2020-01-13,2020011301017557,GBLBS,43,52,100,400.00,"40,000.00"
