Date,Transact. No.,Symbol,Buyer,Seller,Quantity,Rate,Amount
2020-10-13,2020101304001570,BBC,42,42,10,"1,682.00","16,820.00"
2020-10-13,2020101304001552,CMF1,45,17,"1,240",9.81,"12,164.40"
2020-10-13,2020101304001551,CMF1,45,58,"7,160",9.80,"70,168.00"
2020-10-13,2020101304001526,CMF1,45,19,"1,600",9.65,"15,440.00"
2020-10-13,2020101304001486,CMF1,43,55,"1,050",9.60,"10,080.00"
2020-10-13,2020101304001442,CMF1,32,55,450,9.62,"4,329.00"
2020-10-13,2020101304001426,CMF1,32,55,"1,300",9.62,"12,506.00"
2020-10-13,2020101304001417,CMF1,32,14,"2,000",9.62,"19,240.00"
2020-10-13,2020101304001206,CMF1,1,22,"10,000",9.66,"96,600.00"
2020-10-13,2020101304001595,GIMES1,45,34,"8,500",9.95,"84,575.00"
2020-10-13,2020101304001594,GIMES1,45,17,"1,000",9.95,"9,950.00"
2020-10-13,2020101304001593,GIMES1,45,38,500,9.95,"4,975.00"
2020-10-13,2020101304001565,GIMES1,45,38,"5,000",9.95,"49,750.00"
2020-10-13,2020101304001564,GIMES1,45,5,"5,000",9.94,"49,700.00"
2020-10-13,2020101304001558,GIMES1,45,34,"10,000",9.93,"99,300.00"
2020-10-13,2020101304001255,GIMES1,34,13,110,9.89,"1,087.90"
2020-10-13,2020101304001254,GIMES1,7,13,890,9.89,"8,802.10"
2020-10-13,2020101304001117,LEMF,32,13,"1,000",8.94,"8,940.00"
2020-10-13,2020101304001432,LUK,48,34,400,9.00,"3,600.00"
2020-10-13,2020101304001421,LUK,48,34,500,9.00,"4,500.00"
2020-10-13,2020101304001393,LUK,6,51,500,8.90,"4,450.00"
2020-10-13,2020101304001319,LUK,6,34,200,8.89,"1,778.00"
2020-10-13,2020101304001233,LUK,53,45,100,8.75,875.00
2020-10-13,2020101304001128,LUK,32,21,200,8.90,"1,780.00"
2020-10-13,2020101304001127,LUK,32,52,200,8.90,"1,780.00"
2020-10-13,2020101304001126,LUK,32,54,100,8.90,890.00
2020-10-13,2020101304001592,NBF2,39,55,"7,700",8.89,"68,453.00"
2020-10-13,2020101304001591,NBF2,8,55,"2,000",8.92,"17,840.00"
2020-10-13,2020101304001590,NBF2,13,55,"3,000",8.92,"26,760.00"
2020-10-13,2020101304001589,NBF2,32,55,"1,050",8.93,"9,376.50"
2020-10-13,2020101304001588,NBF2,55,55,"1,250",8.94,"11,175.00"
2020-10-13,2020101304001577,NBF2,16,52,"2,800",8.95,"25,060.00"
2020-10-13,2020101304001509,NBF2,32,49,"1,000",8.93,"8,930.00"
2020-10-13,2020101304001507,NBF2,53,52,200,8.95,"1,790.00"
2020-10-13,2020101304001140,NBF2,32,6,100,8.91,891.00
2020-10-13,2020101304001125,NBF2,32,38,150,8.91,"1,336.50"
2020-10-13,2020101304001416,NEF,32,52,483,8.76,"4,231.08"
2020-10-13,2020101304001318,NEF,25,42,"1,000",8.85,"8,850.00"
2020-10-13,2020101304001317,NEF,25,37,"1,207",8.85,"10,681.95"
2020-10-13,2020101304001547,NIBLPF,53,10,101,9.09,918.09
2020-10-13,2020101304001523,NIBLPF,53,48,760,9.05,"6,878.00"
2020-10-13,2020101304001522,NIBLPF,53,7,"1,729",9.05,"15,647.45"
2020-10-13,2020101304001521,NIBLPF,53,17,"5,000",8.99,"44,950.00"
2020-10-13,2020101304001520,NIBLPF,53,43,"2,410",8.92,"21,497.20"
2020-10-13,2020101304001502,NIBLPF,48,43,115,8.92,"1,025.80"
2020-10-13,2020101304001473,NIBPO,32,6,"1,300",361.00,"469,300.00"
2020-10-13,2020101304001472,NIBPO,47,47,7,357.00,"2,499.00"
2020-10-13,2020101304001414,NIBPO,11,57,270,362.00,"97,740.00"
2020-10-13,2020101304001378,NIBPO,49,58,493,359.00,"176,987.00"
2020-10-13,2020101304001376,NIBPO,49,58,500,360.00,"180,000.00"
2020-10-13,2020101304001375,NIBPO,19,58,172,360.00,"61,920.00"
2020-10-13,2020101304001273,NIBPO,43,47,59,362.00,"21,358.00"
2020-10-13,2020101304001267,NIBPO,43,47,50,362.00,"18,100.00"
2020-10-13,2020101304001116,NIBPO,32,55,"1,000",363.00,"363,000.00"
2020-10-13,2020101304001115,NIBPO,32,47,31,363.00,"11,253.00"
2020-10-13,2020101304001114,NIBPO,32,47,15,363.00,"5,445.00"
2020-10-13,2020101304001302,NIBPO,43,47,11,362.00,"3,982.00"
2020-10-13,2020101304001300,NIBPO,43,47,13,362.00,"4,706.00"
2020-10-13,2020101304001295,NIBPO,43,47,27,362.00,"9,774.00"
2020-10-13,2020101304001294,NIBPO,43,4,300,362.00,"108,600.00"
2020-10-13,2020101304001293,NIBPO,43,47,30,362.00,"10,860.00"
2020-10-13,2020101304001287,NIBPO,43,47,37,362.00,"13,394.00"
2020-10-13,2020101304001374,NIBPO,49,58,127,360.00,"45,720.00"
2020-10-13,2020101304001373,NIBPO,43,58,708,361.00,"255,588.00"
2020-10-13,2020101304001372,NIBPO,1,58,"1,000",361.00,"361,000.00"
2020-10-13,2020101304001346,NIBPO,43,14,369,362.00,"133,578.00"
2020-10-13,2020101304001324,NIBPO,43,47,50,362.00,"18,100.00"
2020-10-13,2020101304001306,NIBPO,43,34,54,362.00,"19,548.00"
2020-10-13,2020101304001443,NIBSF1,28,28,"1,000",9.70,"9,700.00"
2020-10-13,2020101304001397,NIBSF1,28,6,"1,000",9.70,"9,700.00"
2020-10-13,2020101304001389,NIBSF1,28,52,900,9.70,"8,730.00"
2020-10-13,2020101304001492,NICBF,14,55,"1,500",9.10,"13,650.00"
2020-10-13,2020101304001479,NICBF,32,29,100,9.00,900.00
2020-10-13,2020101304001468,NICBF,32,49,"1,000",9.00,"9,000.00"
2020-10-13,2020101304001321,NICD83/84,26,36,25,"1,051.00","26,275.00"
2020-10-13,2020101304001425,NICGF,1,55,"1,500",9.41,"14,115.00"
2020-10-13,2020101304001415,NICGF,6,22,500,9.54,"4,770.00"
2020-10-13,2020101304001403,NICGF,6,57,900,9.54,"8,586.00"
2020-10-13,2020101304001151,NICGF,57,57,100,9.54,954.00
2020-10-13,2020101304001569,NMBHF1,45,14,"4,449",9.35,"41,598.15"
2020-10-13,2020101304001435,NMBHF1,45,14,"4,466",9.35,"41,757.10"
2020-10-13,2020101304001381,NMBHF1,45,22,216,9.35,"2,019.60"
2020-10-13,2020101304001377,NMBHF1,34,22,200,9.35,"1,870.00"
2020-10-13,2020101304001561,RBCLPO,3,59,50,"10,207.00","510,350.00"
2020-10-13,2020101304001560,RBCLPO,6,59,10,"10,208.00","102,080.00"
2020-10-13,2020101304001540,RBCLPO,6,34,18,"10,208.00","183,744.00"
2020-10-13,2020101304001478,RBCLPO,40,34,40,"10,210.00","408,400.00"
2020-10-13,2020101304001477,RBCLPO,26,34,40,"10,210.00","408,400.00"
2020-10-13,2020101304001411,RBCLPO,3,32,40,"10,210.00","408,400.00"
2020-10-13,2020101304001410,RBCLPO,3,32,10,"10,210.00","102,100.00"
2020-10-13,2020101304001596,RLI,42,55,10,606.00,"6,060.00"
2020-10-13,2020101304001587,RLI,38,44,100,607.00,"60,700.00"
2020-10-13,2020101304001586,RLI,58,44,10,606.00,"6,060.00"
2020-10-13,2020101304001585,RLI,21,44,10,606.00,"6,060.00"
2020-10-13,2020101304001584,RLI,21,58,10,606.00,"6,060.00"
2020-10-13,2020101304001582,RLI,21,42,10,606.00,"6,060.00"
2020-10-13,2020101304001099,RLI,34,47,10,606.00,"6,060.00"
2020-10-13,2020101304001098,RLI,34,49,10,606.00,"6,060.00"
2020-10-13,2020101304001097,RLI,34,38,10,606.00,"6,060.00"
2020-10-13,2020101304001105,RLI,34,38,10,606.00,"6,060.00"
2020-10-13,2020101304001104,RLI,34,36,10,606.00,"6,060.00"
2020-10-13,2020101304001103,RLI,34,21,10,606.00,"6,060.00"
2020-10-13,2020101304001102,RLI,34,49,10,606.00,"6,060.00"
2020-10-13,2020101304001101,RLI,34,21,10,606.00,"6,060.00"
2020-10-13,2020101304001100,RLI,34,6,10,606.00,"6,060.00"
2020-10-13,2020101304001112,RLI,34,21,10,606.00,"6,060.00"
2020-10-13,2020101304001110,RLI,34,58,10,606.00,"6,060.00"
2020-10-13,2020101304001109,RLI,34,47,10,606.00,"6,060.00"
2020-10-13,2020101304001108,RLI,34,21,10,606.00,"6,060.00"
2020-10-13,2020101304001107,RLI,34,47,10,606.00,"6,060.00"
2020-10-13,2020101304001106,RLI,34,21,10,606.00,"6,060.00"
2020-10-13,2020101304001122,RLI,34,21,10,606.00,"6,060.00"
2020-10-13,2020101304001121,RLI,46,42,10,607.00,"6,070.00"
2020-10-13,2020101304001120,RLI,46,55,10,607.00,"6,070.00"
2020-10-13,2020101304001119,RLI,46,42,10,607.00,"6,070.00"
2020-10-13,2020101304001118,RLI,34,54,10,606.00,"6,060.00"
2020-10-13,2020101304001113,RLI,34,47,10,606.00,"6,060.00"
2020-10-13,2020101304001132,RLI,45,54,10,607.00,"6,070.00"
2020-10-13,2020101304001131,RLI,45,54,10,607.00,"6,070.00"
2020-10-13,2020101304001130,RLI,45,54,10,607.00,"6,070.00"
2020-10-13,2020101304001129,RLI,45,45,10,607.00,"6,070.00"
2020-10-13,2020101304001124,RLI,38,56,10,607.00,"6,070.00"
2020-10-13,2020101304001123,RLI,38,35,10,607.00,"6,070.00"
2020-10-13,2020101304001138,RLI,42,49,10,606.00,"6,060.00"
2020-10-13,2020101304001137,RLI,45,53,10,607.00,"6,070.00"
2020-10-13,2020101304001136,RLI,45,56,10,607.00,"6,070.00"
2020-10-13,2020101304001135,RLI,45,56,10,607.00,"6,070.00"
2020-10-13,2020101304001134,RLI,45,6,10,607.00,"6,070.00"
2020-10-13,2020101304001133,RLI,45,6,10,607.00,"6,070.00"
2020-10-13,2020101304001146,RLI,42,51,10,606.00,"6,060.00"
2020-10-13,2020101304001145,RLI,42,4,10,606.00,"6,060.00"
2020-10-13,2020101304001143,RLI,42,40,10,606.00,"6,060.00"
2020-10-13,2020101304001142,RLI,42,21,10,606.00,"6,060.00"
2020-10-13,2020101304001141,RLI,42,56,10,606.00,"6,060.00"
2020-10-13,2020101304001139,RLI,42,14,10,606.00,"6,060.00"
2020-10-13,2020101304001154,RLI,42,49,10,606.00,"6,060.00"
2020-10-13,2020101304001153,RLI,42,22,10,606.00,"6,060.00"
2020-10-13,2020101304001152,RLI,42,11,10,606.00,"6,060.00"
2020-10-13,2020101304001150,RLI,42,58,10,606.00,"6,060.00"
2020-10-13,2020101304001148,RLI,42,39,10,606.00,"6,060.00"
2020-10-13,2020101304001147,RLI,42,47,10,606.00,"6,060.00"
2020-10-13,2020101304001160,RLI,42,44,10,606.00,"6,060.00"
2020-10-13,2020101304001159,RLI,42,39,10,606.00,"6,060.00"
2020-10-13,2020101304001158,RLI,42,44,10,606.00,"6,060.00"
2020-10-13,2020101304001157,RLI,42,56,10,606.00,"6,060.00"
2020-10-13,2020101304001156,RLI,42,44,10,606.00,"6,060.00"
2020-10-13,2020101304001155,RLI,42,44,10,606.00,"6,060.00"
2020-10-13,2020101304001166,RLI,43,6,500,606.00,"303,000.00"
2020-10-13,2020101304001165,RLI,25,6,10,606.00,"6,060.00"
2020-10-13,2020101304001164,RLI,25,6,100,606.00,"60,600.00"
2020-10-13,2020101304001163,RLI,8,6,100,606.00,"60,600.00"
2020-10-13,2020101304001162,RLI,36,6,25,606.00,"15,150.00"
2020-10-13,2020101304001161,RLI,42,6,310,606.00,"187,860.00"
2020-10-13,2020101304001172,RLI,45,44,10,606.00,"6,060.00"
2020-10-13,2020101304001171,RLI,45,38,10,606.00,"6,060.00"
2020-10-13,2020101304001170,RLI,45,38,10,606.00,"6,060.00"
2020-10-13,2020101304001169,RLI,40,6,25,606.00,"15,150.00"
2020-10-13,2020101304001168,RLI,43,6,50,606.00,"30,300.00"
2020-10-13,2020101304001167,RLI,38,6,50,606.00,"30,300.00"
2020-10-13,2020101304001178,RLI,25,45,30,607.00,"18,210.00"
2020-10-13,2020101304001177,RLI,25,13,10,607.00,"6,070.00"
2020-10-13,2020101304001176,RLI,25,52,10,607.00,"6,070.00"
2020-10-13,2020101304001175,RLI,25,47,10,607.00,"6,070.00"
2020-10-13,2020101304001174,RLI,45,22,10,606.00,"6,060.00"
2020-10-13,2020101304001173,RLI,45,49,10,606.00,"6,060.00"
2020-10-13,2020101304001184,RLI,45,14,260,606.00,"157,560.00"
2020-10-13,2020101304001183,RLI,45,21,10,606.00,"6,060.00"
2020-10-13,2020101304001182,RLI,45,57,10,606.00,"6,060.00"
2020-10-13,2020101304001181,RLI,45,13,10,606.00,"6,060.00"
2020-10-13,2020101304001180,RLI,45,48,10,606.00,"6,060.00"
2020-10-13,2020101304001179,RLI,45,38,10,606.00,"6,060.00"
2020-10-13,2020101304001190,RLI,45,6,10,606.00,"6,060.00"
2020-10-13,2020101304001189,RLI,57,35,100,607.00,"60,700.00"
2020-10-13,2020101304001188,RLI,45,38,10,606.00,"6,060.00"
2020-10-13,2020101304001187,RLI,45,21,10,606.00,"6,060.00"
2020-10-13,2020101304001186,RLI,45,1,10,606.00,"6,060.00"
2020-10-13,2020101304001185,RLI,45,58,10,606.00,"6,060.00"
2020-10-13,2020101304001196,RLI,45,45,10,606.00,"6,060.00"
2020-10-13,2020101304001195,RLI,45,45,10,606.00,"6,060.00"
2020-10-13,2020101304001194,RLI,45,49,10,606.00,"6,060.00"
2020-10-13,2020101304001193,RLI,45,38,10,606.00,"6,060.00"
2020-10-13,2020101304001192,RLI,45,22,10,606.00,"6,060.00"
2020-10-13,2020101304001191,RLI,45,16,10,606.00,"6,060.00"
2020-10-13,2020101304001202,RLI,37,22,10,606.00,"6,060.00"
2020-10-13,2020101304001201,RLI,37,58,10,606.00,"6,060.00"
2020-10-13,2020101304001200,RLI,37,29,10,606.00,"6,060.00"
2020-10-13,2020101304001199,RLI,45,45,10,606.00,"6,060.00"
2020-10-13,2020101304001198,RLI,45,41,10,606.00,"6,060.00"
2020-10-13,2020101304001197,RLI,45,5,10,606.00,"6,060.00"
2020-10-13,2020101304001209,RLI,37,17,20,606.00,"12,120.00"
2020-10-13,2020101304001208,RLI,37,57,10,606.00,"6,060.00"
2020-10-13,2020101304001207,RLI,37,22,10,606.00,"6,060.00"
2020-10-13,2020101304001205,RLI,37,38,10,606.00,"6,060.00"
2020-10-13,2020101304001204,RLI,37,13,10,606.00,"6,060.00"
2020-10-13,2020101304001203,RLI,37,38,10,606.00,"6,060.00"
2020-10-13,2020101304001215,RLI,49,49,10,605.00,"6,050.00"
2020-10-13,2020101304001214,RLI,49,38,10,605.00,"6,050.00"
2020-10-13,2020101304001213,RLI,49,17,10,605.00,"6,050.00"
2020-10-13,2020101304001212,RLI,49,22,10,605.00,"6,050.00"
2020-10-13,2020101304001211,RLI,40,45,10,606.00,"6,060.00"
2020-10-13,2020101304001210,RLI,40,17,90,606.00,"54,540.00"
2020-10-13,2020101304001221,RLI,49,38,10,605.00,"6,050.00"
2020-10-13,2020101304001220,RLI,49,22,10,605.00,"6,050.00"
2020-10-13,2020101304001219,RLI,49,44,10,605.00,"6,050.00"
2020-10-13,2020101304001218,RLI,49,40,10,605.00,"6,050.00"
2020-10-13,2020101304001217,RLI,49,17,10,605.00,"6,050.00"
2020-10-13,2020101304001216,RLI,49,38,10,605.00,"6,050.00"
2020-10-13,2020101304001227,RLI,49,45,10,605.00,"6,050.00"
2020-10-13,2020101304001226,RLI,38,54,10,606.00,"6,060.00"
2020-10-13,2020101304001225,RLI,49,22,10,605.00,"6,050.00"
2020-10-13,2020101304001224,RLI,49,42,10,605.00,"6,050.00"
2020-10-13,2020101304001223,RLI,49,21,10,605.00,"6,050.00"
2020-10-13,2020101304001222,RLI,49,38,10,605.00,"6,050.00"
2020-10-13,2020101304001234,RLI,44,21,10,606.00,"6,060.00"
2020-10-13,2020101304001232,RLI,44,38,10,606.00,"6,060.00"
2020-10-13,2020101304001231,RLI,44,49,10,606.00,"6,060.00"
2020-10-13,2020101304001230,RLI,44,22,10,606.00,"6,060.00"
2020-10-13,2020101304001229,RLI,44,38,10,606.00,"6,060.00"
2020-10-13,2020101304001228,RLI,49,19,10,605.00,"6,050.00"
2020-10-13,2020101304001240,RLI,44,57,10,606.00,"6,060.00"
2020-10-13,2020101304001239,RLI,44,35,10,606.00,"6,060.00"
2020-10-13,2020101304001238,RLI,44,22,10,606.00,"6,060.00"
2020-10-13,2020101304001237,RLI,44,38,10,606.00,"6,060.00"
2020-10-13,2020101304001236,RLI,44,49,10,606.00,"6,060.00"
2020-10-13,2020101304001235,RLI,44,38,10,606.00,"6,060.00"
2020-10-13,2020101304001246,RLI,42,49,10,606.00,"6,060.00"
2020-10-13,2020101304001245,RLI,42,22,10,606.00,"6,060.00"
2020-10-13,2020101304001244,RLI,44,38,10,606.00,"6,060.00"
2020-10-13,2020101304001243,RLI,44,55,10,606.00,"6,060.00"
2020-10-13,2020101304001242,RLI,44,20,10,606.00,"6,060.00"
2020-10-13,2020101304001241,RLI,44,19,10,606.00,"6,060.00"
2020-10-13,2020101304001252,RLI,25,45,10,607.00,"6,070.00"
2020-10-13,2020101304001251,RLI,25,45,10,607.00,"6,070.00"
2020-10-13,2020101304001250,RLI,25,52,10,607.00,"6,070.00"
2020-10-13,2020101304001249,RLI,25,45,10,607.00,"6,070.00"
2020-10-13,2020101304001248,RLI,25,4,10,607.00,"6,070.00"
2020-10-13,2020101304001247,RLI,6,38,10,606.00,"6,060.00"
2020-10-13,2020101304001260,RLI,49,49,10,605.00,"6,050.00"
2020-10-13,2020101304001259,RLI,49,44,10,605.00,"6,050.00"
2020-10-13,2020101304001258,RLI,49,22,10,605.00,"6,050.00"
2020-10-13,2020101304001257,RLI,49,19,10,605.00,"6,050.00"
2020-10-13,2020101304001256,RLI,49,16,10,605.00,"6,050.00"
2020-10-13,2020101304001253,RLI,25,28,10,607.00,"6,070.00"
2020-10-13,2020101304001266,RLI,34,34,165,606.00,"99,990.00"
2020-10-13,2020101304001265,RLI,34,5,10,606.00,"6,060.00"
2020-10-13,2020101304001264,RLI,34,29,10,606.00,"6,060.00"
2020-10-13,2020101304001263,RLI,38,22,10,606.00,"6,060.00"
2020-10-13,2020101304001262,RLI,38,21,10,606.00,"6,060.00"
2020-10-13,2020101304001261,RLI,38,26,10,606.00,"6,060.00"
2020-10-13,2020101304001275,RLI,34,20,10,606.00,"6,060.00"
2020-10-13,2020101304001274,RLI,34,20,10,606.00,"6,060.00"
2020-10-13,2020101304001272,RLI,34,20,10,606.00,"6,060.00"
2020-10-13,2020101304001271,RLI,34,20,10,606.00,"6,060.00"
2020-10-13,2020101304001270,RLI,34,21,10,606.00,"6,060.00"
2020-10-13,2020101304001268,RLI,34,34,500,606.00,"303,000.00"
2020-10-13,2020101304001281,RLI,53,13,10,607.00,"6,070.00"
2020-10-13,2020101304001280,RLI,34,34,500,606.00,"303,000.00"
2020-10-13,2020101304001279,RLI,34,20,10,606.00,"6,060.00"
2020-10-13,2020101304001278,RLI,34,13,10,606.00,"6,060.00"
2020-10-13,2020101304001277,RLI,34,21,10,606.00,"6,060.00"
2020-10-13,2020101304001276,RLI,34,58,10,606.00,"6,060.00"
2020-10-13,2020101304001288,RLI,53,20,10,607.00,"6,070.00"
2020-10-13,2020101304001286,RLI,53,20,10,607.00,"6,070.00"
2020-10-13,2020101304001285,RLI,53,14,10,607.00,"6,070.00"
2020-10-13,2020101304001284,RLI,53,20,10,607.00,"6,070.00"
2020-10-13,2020101304001283,RLI,53,6,10,607.00,"6,070.00"
2020-10-13,2020101304001282,RLI,53,25,10,607.00,"6,070.00"
2020-10-13,2020101304001297,RLI,34,8,10,606.00,"6,060.00"
2020-10-13,2020101304001296,RLI,34,14,10,606.00,"6,060.00"
2020-10-13,2020101304001292,RLI,34,21,10,606.00,"6,060.00"
2020-10-13,2020101304001291,RLI,53,7,10,607.00,"6,070.00"
2020-10-13,2020101304001290,RLI,53,20,10,607.00,"6,070.00"
2020-10-13,2020101304001289,RLI,53,45,10,607.00,"6,070.00"
2020-10-13,2020101304001307,RLI,34,47,10,606.00,"6,060.00"
2020-10-13,2020101304001305,RLI,34,38,10,606.00,"6,060.00"
2020-10-13,2020101304001304,RLI,34,39,10,606.00,"6,060.00"
2020-10-13,2020101304001303,RLI,34,29,10,606.00,"6,060.00"
2020-10-13,2020101304001301,RLI,34,32,10,606.00,"6,060.00"
2020-10-13,2020101304001299,RLI,34,59,10,606.00,"6,060.00"
2020-10-13,2020101304001313,RLI,34,40,10,606.00,"6,060.00"
2020-10-13,2020101304001312,RLI,34,49,10,606.00,"6,060.00"
2020-10-13,2020101304001311,RLI,34,58,10,606.00,"6,060.00"
2020-10-13,2020101304001310,RLI,34,55,10,606.00,"6,060.00"
2020-10-13,2020101304001309,RLI,34,8,10,606.00,"6,060.00"
2020-10-13,2020101304001308,RLI,34,29,10,606.00,"6,060.00"
2020-10-13,2020101304001323,RLI,34,8,10,606.00,"6,060.00"
2020-10-13,2020101304001322,RLI,34,38,10,606.00,"6,060.00"
2020-10-13,2020101304001320,RLI,34,38,10,606.00,"6,060.00"
2020-10-13,2020101304001316,RLI,34,58,10,606.00,"6,060.00"
2020-10-13,2020101304001315,RLI,34,29,10,606.00,"6,060.00"
2020-10-13,2020101304001314,RLI,34,58,10,606.00,"6,060.00"
2020-10-13,2020101304001330,RLI,55,40,10,606.00,"6,060.00"
2020-10-13,2020101304001329,RLI,55,38,10,606.00,"6,060.00"
2020-10-13,2020101304001328,RLI,55,28,10,606.00,"6,060.00"
2020-10-13,2020101304001327,RLI,40,32,10,606.00,"6,060.00"
2020-10-13,2020101304001326,RLI,40,29,10,606.00,"6,060.00"
2020-10-13,2020101304001325,RLI,34,25,10,606.00,"6,060.00"
2020-10-13,2020101304001336,RLI,55,29,10,606.00,"6,060.00"
2020-10-13,2020101304001335,RLI,55,50,10,606.00,"6,060.00"
2020-10-13,2020101304001334,RLI,55,49,10,606.00,"6,060.00"
2020-10-13,2020101304001333,RLI,55,38,10,606.00,"6,060.00"
2020-10-13,2020101304001332,RLI,55,40,10,606.00,"6,060.00"
2020-10-13,2020101304001331,RLI,55,42,10,606.00,"6,060.00"
2020-10-13,2020101304001342,RLI,55,21,10,606.00,"6,060.00"
2020-10-13,2020101304001341,RLI,55,25,10,606.00,"6,060.00"
2020-10-13,2020101304001340,RLI,55,38,10,606.00,"6,060.00"
2020-10-13,2020101304001339,RLI,55,4,10,606.00,"6,060.00"
2020-10-13,2020101304001338,RLI,55,39,10,606.00,"6,060.00"
2020-10-13,2020101304001337,RLI,55,38,10,606.00,"6,060.00"
2020-10-13,2020101304001349,RLI,43,21,10,606.00,"6,060.00"
2020-10-13,2020101304001348,RLI,43,21,10,606.00,"6,060.00"
2020-10-13,2020101304001347,RLI,43,21,10,606.00,"6,060.00"
2020-10-13,2020101304001345,RLI,43,13,10,606.00,"6,060.00"
2020-10-13,2020101304001344,RLI,43,21,10,606.00,"6,060.00"
2020-10-13,2020101304001343,RLI,43,39,10,606.00,"6,060.00"
2020-10-13,2020101304001355,RLI,43,21,10,606.00,"6,060.00"
2020-10-13,2020101304001354,RLI,43,58,10,606.00,"6,060.00"
2020-10-13,2020101304001353,RLI,43,29,10,606.00,"6,060.00"
2020-10-13,2020101304001352,RLI,43,21,10,606.00,"6,060.00"
2020-10-13,2020101304001351,RLI,43,51,100,606.00,"60,600.00"
2020-10-13,2020101304001350,RLI,43,21,10,606.00,"6,060.00"
2020-10-13,2020101304001361,RLI,43,21,10,606.00,"6,060.00"
2020-10-13,2020101304001360,RLI,43,56,10,606.00,"6,060.00"
2020-10-13,2020101304001359,RLI,43,21,10,606.00,"6,060.00"
2020-10-13,2020101304001358,RLI,43,21,10,606.00,"6,060.00"
2020-10-13,2020101304001357,RLI,43,56,10,606.00,"6,060.00"
2020-10-13,2020101304001356,RLI,43,32,10,606.00,"6,060.00"
2020-10-13,2020101304001367,RLI,43,39,10,606.00,"6,060.00"
2020-10-13,2020101304001366,RLI,43,16,10,606.00,"6,060.00"
2020-10-13,2020101304001365,RLI,43,54,10,606.00,"6,060.00"
2020-10-13,2020101304001364,RLI,43,21,10,606.00,"6,060.00"
2020-10-13,2020101304001363,RLI,43,8,10,606.00,"6,060.00"
2020-10-13,2020101304001362,RLI,43,56,10,606.00,"6,060.00"
2020-10-13,2020101304001380,RLI,43,8,10,606.00,"6,060.00"
2020-10-13,2020101304001379,RLI,43,54,10,606.00,"6,060.00"
2020-10-13,2020101304001371,RLI,43,17,10,606.00,"6,060.00"
2020-10-13,2020101304001370,RLI,43,39,10,606.00,"6,060.00"
2020-10-13,2020101304001369,RLI,43,54,10,606.00,"6,060.00"
2020-10-13,2020101304001368,RLI,43,38,10,606.00,"6,060.00"
2020-10-13,2020101304001387,RLI,43,54,10,606.00,"6,060.00"
2020-10-13,2020101304001386,RLI,43,54,10,606.00,"6,060.00"
2020-10-13,2020101304001385,RLI,43,16,10,606.00,"6,060.00"
2020-10-13,2020101304001384,RLI,43,22,10,606.00,"6,060.00"
2020-10-13,2020101304001383,RLI,43,34,10,606.00,"6,060.00"
2020-10-13,2020101304001382,RLI,43,38,10,606.00,"6,060.00"
2020-10-13,2020101304001395,RLI,43,29,10,606.00,"6,060.00"
2020-10-13,2020101304001394,RLI,43,56,10,606.00,"6,060.00"
2020-10-13,2020101304001392,RLI,43,56,10,606.00,"6,060.00"
2020-10-13,2020101304001391,RLI,43,8,10,606.00,"6,060.00"
2020-10-13,2020101304001390,RLI,43,39,10,606.00,"6,060.00"
2020-10-13,2020101304001388,RLI,43,38,10,606.00,"6,060.00"
2020-10-13,2020101304001402,RLI,43,8,10,606.00,"6,060.00"
2020-10-13,2020101304001401,RLI,43,16,10,606.00,"6,060.00"
2020-10-13,2020101304001400,RLI,43,21,10,606.00,"6,060.00"
2020-10-13,2020101304001399,RLI,43,22,10,606.00,"6,060.00"
2020-10-13,2020101304001398,RLI,43,52,10,606.00,"6,060.00"
2020-10-13,2020101304001396,RLI,43,56,10,606.00,"6,060.00"
2020-10-13,2020101304001409,RLI,43,8,10,606.00,"6,060.00"
2020-10-13,2020101304001408,RLI,43,56,10,606.00,"6,060.00"
2020-10-13,2020101304001407,RLI,43,52,10,606.00,"6,060.00"
2020-10-13,2020101304001406,RLI,43,8,10,606.00,"6,060.00"
2020-10-13,2020101304001405,RLI,43,39,10,606.00,"6,060.00"
2020-10-13,2020101304001404,RLI,43,16,10,606.00,"6,060.00"
2020-10-13,2020101304001422,RLI,43,32,10,606.00,"6,060.00"
2020-10-13,2020101304001420,RLI,43,44,60,606.00,"36,360.00"
2020-10-13,2020101304001419,RLI,43,19,10,606.00,"6,060.00"
2020-10-13,2020101304001418,RLI,43,3,10,606.00,"6,060.00"
2020-10-13,2020101304001413,RLI,43,48,10,606.00,"6,060.00"
2020-10-13,2020101304001412,RLI,43,38,10,606.00,"6,060.00"
2020-10-13,2020101304001430,RLI,43,3,10,606.00,"6,060.00"
2020-10-13,2020101304001429,RLI,43,58,10,606.00,"6,060.00"
2020-10-13,2020101304001428,RLI,43,34,10,606.00,"6,060.00"
2020-10-13,2020101304001427,RLI,43,39,10,606.00,"6,060.00"
2020-10-13,2020101304001424,RLI,43,5,10,606.00,"6,060.00"
2020-10-13,2020101304001423,RLI,43,3,10,606.00,"6,060.00"
2020-10-13,2020101304001438,RLI,43,22,10,606.00,"6,060.00"
2020-10-13,2020101304001437,RLI,43,3,10,606.00,"6,060.00"
2020-10-13,2020101304001436,RLI,43,58,10,606.00,"6,060.00"
2020-10-13,2020101304001434,RLI,43,38,10,606.00,"6,060.00"
2020-10-13,2020101304001433,RLI,43,16,10,606.00,"6,060.00"
2020-10-13,2020101304001431,RLI,43,16,10,606.00,"6,060.00"
2020-10-13,2020101304001446,RLI,43,38,10,606.00,"6,060.00"
2020-10-13,2020101304001445,RLI,43,58,10,606.00,"6,060.00"
2020-10-13,2020101304001444,RLI,43,3,10,606.00,"6,060.00"
2020-10-13,2020101304001441,RLI,43,50,10,606.00,"6,060.00"
2020-10-13,2020101304001440,RLI,43,3,10,606.00,"6,060.00"
2020-10-13,2020101304001439,RLI,43,45,10,606.00,"6,060.00"
2020-10-13,2020101304001452,RLI,43,22,10,606.00,"6,060.00"
2020-10-13,2020101304001451,RLI,43,35,10,606.00,"6,060.00"
2020-10-13,2020101304001450,RLI,43,22,10,606.00,"6,060.00"
2020-10-13,2020101304001449,RLI,43,58,10,606.00,"6,060.00"
2020-10-13,2020101304001448,RLI,43,22,10,606.00,"6,060.00"
2020-10-13,2020101304001447,RLI,43,25,10,606.00,"6,060.00"
2020-10-13,2020101304001458,RLI,41,22,10,606.00,"6,060.00"
2020-10-13,2020101304001457,RLI,41,13,10,606.00,"6,060.00"
2020-10-13,2020101304001456,RLI,41,38,10,606.00,"6,060.00"
2020-10-13,2020101304001455,RLI,41,58,10,606.00,"6,060.00"
2020-10-13,2020101304001454,RLI,43,49,10,606.00,"6,060.00"
2020-10-13,2020101304001453,RLI,43,34,10,606.00,"6,060.00"
2020-10-13,2020101304001465,RLI,41,58,10,606.00,"6,060.00"
2020-10-13,2020101304001463,RLI,41,16,10,606.00,"6,060.00"
2020-10-13,2020101304001462,RLI,41,19,10,606.00,"6,060.00"
2020-10-13,2020101304001461,RLI,41,58,10,606.00,"6,060.00"
2020-10-13,2020101304001460,RLI,41,3,10,606.00,"6,060.00"
2020-10-13,2020101304001459,RLI,41,50,10,606.00,"6,060.00"
2020-10-13,2020101304001474,RLI,25,26,10,606.00,"6,060.00"
2020-10-13,2020101304001471,RLI,38,36,10,606.00,"6,060.00"
2020-10-13,2020101304001470,RLI,38,38,10,606.00,"6,060.00"
2020-10-13,2020101304001469,RLI,38,3,10,606.00,"6,060.00"
2020-10-13,2020101304001467,RLI,38,21,10,606.00,"6,060.00"
2020-10-13,2020101304001466,RLI,38,46,10,606.00,"6,060.00"
2020-10-13,2020101304001483,RLI,35,16,10,607.00,"6,070.00"
2020-10-13,2020101304001482,RLI,35,42,10,607.00,"6,070.00"
2020-10-13,2020101304001481,RLI,22,49,10,607.00,"6,070.00"
2020-10-13,2020101304001480,RLI,49,3,10,605.00,"6,050.00"
2020-10-13,2020101304001476,RLI,45,6,10,606.00,"6,060.00"
2020-10-13,2020101304001475,RLI,25,42,10,606.00,"6,060.00"
2020-10-13,2020101304001490,RLI,49,3,10,605.00,"6,050.00"
2020-10-13,2020101304001489,RLI,35,50,25,607.00,"15,175.00"
2020-10-13,2020101304001488,RLI,35,19,10,607.00,"6,070.00"
2020-10-13,2020101304001487,RLI,35,55,20,607.00,"12,140.00"
2020-10-13,2020101304001485,RLI,35,54,10,607.00,"6,070.00"
2020-10-13,2020101304001484,RLI,35,16,10,607.00,"6,070.00"
2020-10-13,2020101304001497,RLI,41,44,10,605.00,"6,050.00"
2020-10-13,2020101304001496,RLI,41,20,10,605.00,"6,050.00"
2020-10-13,2020101304001495,RLI,49,3,10,605.00,"6,050.00"
2020-10-13,2020101304001494,RLI,49,46,10,605.00,"6,050.00"
2020-10-13,2020101304001493,RLI,49,55,10,605.00,"6,050.00"
2020-10-13,2020101304001491,RLI,19,50,10,606.00,"6,060.00"
2020-10-13,2020101304001504,RLI,41,46,10,605.00,"6,050.00"
2020-10-13,2020101304001503,RLI,41,26,10,605.00,"6,050.00"
2020-10-13,2020101304001501,RLI,41,46,10,605.00,"6,050.00"
2020-10-13,2020101304001500,RLI,41,20,10,605.00,"6,050.00"
2020-10-13,2020101304001499,RLI,41,58,10,605.00,"6,050.00"
2020-10-13,2020101304001498,RLI,41,3,10,605.00,"6,050.00"
2020-10-13,2020101304001512,RLI,36,21,10,605.00,"6,050.00"
2020-10-13,2020101304001511,RLI,36,4,10,605.00,"6,050.00"
2020-10-13,2020101304001510,RLI,36,38,10,605.00,"6,050.00"
2020-10-13,2020101304001508,RLI,36,3,10,605.00,"6,050.00"
2020-10-13,2020101304001506,RLI,41,41,10,605.00,"6,050.00"
2020-10-13,2020101304001505,RLI,41,20,10,605.00,"6,050.00"
2020-10-13,2020101304001518,RLI,21,42,10,605.00,"6,050.00"
2020-10-13,2020101304001517,RLI,36,16,30,605.00,"18,150.00"
2020-10-13,2020101304001516,RLI,49,50,15,606.00,"9,090.00"
2020-10-13,2020101304001515,RLI,36,58,10,605.00,"6,050.00"
2020-10-13,2020101304001514,RLI,36,25,10,605.00,"6,050.00"
2020-10-13,2020101304001513,RLI,36,20,10,605.00,"6,050.00"
2020-10-13,2020101304001529,RLI,25,29,10,606.00,"6,060.00"
2020-10-13,2020101304001528,RLI,25,50,94,606.00,"56,964.00"
2020-10-13,2020101304001527,RLI,22,20,10,605.00,"6,050.00"
2020-10-13,2020101304001525,RLI,22,1,10,605.00,"6,050.00"
2020-10-13,2020101304001524,RLI,22,3,10,605.00,"6,050.00"
2020-10-13,2020101304001519,RLI,21,58,10,605.00,"6,050.00"
2020-10-13,2020101304001535,RLI,25,34,10,606.00,"6,060.00"
2020-10-13,2020101304001534,RLI,25,51,10,606.00,"6,060.00"
2020-10-13,2020101304001533,RLI,25,34,10,606.00,"6,060.00"
2020-10-13,2020101304001532,RLI,25,51,10,606.00,"6,060.00"
2020-10-13,2020101304001531,RLI,25,34,10,606.00,"6,060.00"
2020-10-13,2020101304001530,RLI,25,47,10,606.00,"6,060.00"
2020-10-13,2020101304001542,RLI,14,58,10,606.00,"6,060.00"
2020-10-13,2020101304001541,RLI,14,21,10,606.00,"6,060.00"
2020-10-13,2020101304001539,RLI,22,21,10,605.00,"6,050.00"
2020-10-13,2020101304001538,RLI,22,1,10,605.00,"6,050.00"
2020-10-13,2020101304001537,RLI,22,58,10,605.00,"6,050.00"
2020-10-13,2020101304001536,RLI,25,34,10,606.00,"6,060.00"
2020-10-13,2020101304001549,RLI,42,42,10,606.00,"6,060.00"
2020-10-13,2020101304001548,RLI,42,20,10,606.00,"6,060.00"
2020-10-13,2020101304001546,RLI,42,38,10,606.00,"6,060.00"
2020-10-13,2020101304001545,RLI,14,52,10,606.00,"6,060.00"
2020-10-13,2020101304001544,RLI,14,3,10,606.00,"6,060.00"
2020-10-13,2020101304001543,RLI,14,25,10,606.00,"6,060.00"
2020-10-13,2020101304001557,RLI,42,35,10,606.00,"6,060.00"
2020-10-13,2020101304001556,RLI,26,44,50,607.00,"30,350.00"
2020-10-13,2020101304001555,RLI,26,42,10,607.00,"6,070.00"
2020-10-13,2020101304001554,RLI,42,45,10,606.00,"6,060.00"
2020-10-13,2020101304001553,RLI,42,39,10,606.00,"6,060.00"
2020-10-13,2020101304001550,RLI,42,25,10,606.00,"6,060.00"
2020-10-13,2020101304001574,RLI,21,50,10,606.00,"6,060.00"
2020-10-13,2020101304001571,RLI,21,58,10,606.00,"6,060.00"
2020-10-13,2020101304001566,RLI,42,44,10,606.00,"6,060.00"
2020-10-13,2020101304001563,RLI,42,20,10,606.00,"6,060.00"
2020-10-13,2020101304001562,RLI,42,59,10,606.00,"6,060.00"
2020-10-13,2020101304001559,RLI,6,44,10,607.00,"6,070.00"
2020-10-13,2020101304001581,RLI,21,16,10,606.00,"6,060.00"
2020-10-13,2020101304001580,RLI,21,41,10,606.00,"6,060.00"
2020-10-13,2020101304001579,RLI,21,20,10,606.00,"6,060.00"
2020-10-13,2020101304001578,RLI,49,44,10,607.00,"6,070.00"
2020-10-13,2020101304001576,RLI,21,32,10,606.00,"6,060.00"
2020-10-13,2020101304001575,RLI,21,46,10,606.00,"6,060.00"
2020-10-13,2020101304001573,SAEF,32,7,"1,500",10.43,"15,645.00"
2020-10-13,2020101304001572,SAEF,33,7,"3,000",10.44,"31,320.00"
2020-10-13,2020101304001568,SAEF,16,38,"4,000",10.45,"41,800.00"
2020-10-13,2020101304001567,SAEF,49,38,"10,000",10.45,"104,500.00"
2020-10-13,2020101304001464,SEF,34,16,"4,000",9.20,"36,800.00"
2020-10-13,2020101304001298,SEF,6,52,400,9.30,"3,720.00"
2020-10-13,2020101304001269,SEF,56,33,"1,500",9.16,"13,740.00"
2020-10-13,2020101304001149,SEF,56,6,100,9.16,916.00
2020-10-13,2020101304001111,SEF,56,45,"1,000",9.16,"9,160.00"
2020-10-13,2020101304001144,SFMF,17,36,100,9.40,940.00
2020-10-13,2020101304001583,STC,16,48,20,"3,445.00","68,900.00"
2020-10-13,2020101304000669,CMF1,53,43,"10,000",9.84,"98,400.00"
2020-10-13,2020101304000751,JBBLPO,34,47,"2,565",111.00,"284,715.00"
2020-10-13,2020101304000738,LEMF,32,46,"1,000",8.78,"8,780.00"
2020-10-13,2020101304000953,LUK,53,55,500,8.75,"4,375.00"
2020-10-13,2020101304000947,LUK,53,42,100,8.75,875.00
2020-10-13,2020101304000914,LUK,53,58,100,8.75,875.00
2020-10-13,2020101304000851,LUK,7,14,400,8.76,"3,504.00"
2020-10-13,2020101304000796,LUK,50,21,510,8.74,"4,457.40"
2020-10-13,2020101304000802,NBF2,32,3,"2,000",8.88,"17,760.00"
2020-10-13,2020101304000774,NBF2,34,48,100,8.88,888.00
2020-10-13,2020101304000850,NCCBPO,34,41,"10,996",116.00,"1,275,536.00"
2020-10-13,2020101304000849,NCCBPO,34,41,"10,734",116.00,"1,245,144.00"
2020-10-13,2020101304001052,NEF,25,37,441,8.80,"3,880.80"
2020-10-13,2020101304001013,NEF,16,37,766,8.80,"6,740.80"
2020-10-13,2020101304001012,NEF,16,46,241,8.80,"2,120.80"
2020-10-13,2020101304000782,NEF,1,48,"1,114",8.71,"9,702.94"
2020-10-13,2020101304000781,NEF,50,48,"1,100",8.75,"9,625.00"
2020-10-13,2020101304000780,NEF,34,48,200,8.75,"1,750.00"
2020-10-13,2020101304000698,NEF,25,46,241,8.80,"2,120.80"
2020-10-13,2020101304000690,NEF,25,13,338,8.80,"2,974.40"
2020-10-13,2020101304000689,NEF,25,17,707,8.80,"6,221.60"
2020-10-13,2020101304000688,NEF,47,17,259,8.80,"2,279.20"
2020-10-13,2020101304001065,NIBLPF,56,8,505,8.82,"4,454.10"
2020-10-13,2020101304000932,NIBLPF,58,29,483,8.81,"4,255.23"
2020-10-13,2020101304000867,NIBLPF,58,8,505,8.90,"4,494.50"
2020-10-13,2020101304000866,NIBLPF,58,53,303,8.90,"2,696.70"
2020-10-13,2020101304000856,NIBLPF,56,53,"2,222",8.90,"19,775.80"
2020-10-13,2020101304000855,NIBLPF,56,54,253,8.90,"2,251.70"
2020-10-13,2020101304000854,NIBLPF,56,56,"2,525",8.89,"22,447.25"
2020-10-13,2020101304001051,NIBPO,43,47,14,362.00,"5,068.00"
2020-10-13,2020101304001050,NIBPO,43,47,54,362.00,"19,548.00"
2020-10-13,2020101304001049,NIBPO,43,47,114,362.00,"41,268.00"
2020-10-13,2020101304001048,NIBPO,43,47,13,362.00,"4,706.00"
2020-10-13,2020101304001047,NIBPO,43,47,97,362.00,"35,114.00"
2020-10-13,2020101304000985,NIBPO,39,47,97,362.00,"35,114.00"
2020-10-13,2020101304000979,NIBPO,39,47,58,362.00,"20,996.00"
2020-10-13,2020101304000978,NIBPO,39,47,13,362.00,"4,706.00"
2020-10-13,2020101304000928,NIBPO,32,42,608,362.00,"220,096.00"
2020-10-13,2020101304000927,NIBPO,32,4,16,362.00,"5,792.00"
2020-10-13,2020101304000742,NIBSF1,28,14,500,9.70,"4,850.00"
2020-10-13,2020101304000680,NIBSF1,28,49,"2,000",9.70,"19,400.00"
2020-10-13,2020101304000670,NIBSF1,6,14,"1,500",9.75,"14,625.00"
2020-10-13,2020101304001008,NICAD8283,4,58,510,"1,085.00","553,350.00"
2020-10-13,2020101304000898,NICBF,32,58,400,9.00,"3,600.00"
2020-10-13,2020101304000897,NICBF,3,58,100,9.15,915.00
2020-10-13,2020101304000891,NICGF,1,55,"1,500",9.41,"14,115.00"
2020-10-13,2020101304000691,NICGF,48,17,500,9.50,"4,750.00"
2020-10-13,2020101304001032,NMB50,16,55,"1,500",9.30,"13,950.00"
2020-10-13,2020101304000970,NMB50,32,17,500,9.21,"4,605.00"
2020-10-13,2020101304000766,NMB50,45,29,300,9.22,"2,766.00"
2020-10-13,2020101304000765,NMB50,45,57,100,9.22,922.00
2020-10-13,2020101304000770,NMBHF1,34,22,416,9.41,"3,914.56"
2020-10-13,2020101304000769,NMBHF1,34,13,416,9.41,"3,914.56"
2020-10-13,2020101304001096,RLI,34,56,10,606.00,"6,060.00"
2020-10-13,2020101304001095,RLI,34,47,10,606.00,"6,060.00"
2020-10-13,2020101304001094,RLI,34,21,10,606.00,"6,060.00"
2020-10-13,2020101304001093,RLI,34,21,10,606.00,"6,060.00"
2020-10-13,2020101304001092,RLI,34,38,10,606.00,"6,060.00"
2020-10-13,2020101304001091,RLI,34,33,10,606.00,"6,060.00"
2020-10-13,2020101304000602,RLI,29,55,10,609.00,"6,090.00"
2020-10-13,2020101304000601,RLI,29,45,10,608.00,"6,080.00"
2020-10-13,2020101304000600,RLI,29,58,10,608.00,"6,080.00"
2020-10-13,2020101304000599,RLI,29,52,10,608.00,"6,080.00"
2020-10-13,2020101304000598,RLI,29,4,10,608.00,"6,080.00"
2020-10-13,2020101304000597,RLI,29,49,10,608.00,"6,080.00"
2020-10-13,2020101304000608,RLI,29,36,10,609.00,"6,090.00"
2020-10-13,2020101304000607,RLI,29,4,10,609.00,"6,090.00"
2020-10-13,2020101304000606,RLI,29,5,10,609.00,"6,090.00"
2020-10-13,2020101304000605,RLI,29,55,10,609.00,"6,090.00"
2020-10-13,2020101304000604,RLI,29,55,10,609.00,"6,090.00"
2020-10-13,2020101304000603,RLI,29,41,10,609.00,"6,090.00"
2020-10-13,2020101304000614,RLI,29,22,310,610.00,"189,100.00"
2020-10-13,2020101304000613,RLI,29,42,10,610.00,"6,100.00"
2020-10-13,2020101304000612,RLI,29,47,10,610.00,"6,100.00"
2020-10-13,2020101304000611,RLI,29,13,130,609.00,"79,170.00"
2020-10-13,2020101304000610,RLI,29,42,10,609.00,"6,090.00"
2020-10-13,2020101304000609,RLI,29,42,10,609.00,"6,090.00"
2020-10-13,2020101304000620,RLI,29,58,10,610.00,"6,100.00"
2020-10-13,2020101304000619,RLI,29,51,10,610.00,"6,100.00"
2020-10-13,2020101304000618,RLI,29,58,10,610.00,"6,100.00"
2020-10-13,2020101304000617,RLI,29,55,10,610.00,"6,100.00"
2020-10-13,2020101304000616,RLI,29,41,10,610.00,"6,100.00"
2020-10-13,2020101304000615,RLI,29,11,10,610.00,"6,100.00"
2020-10-13,2020101304000626,RLI,29,36,10,610.00,"6,100.00"
2020-10-13,2020101304000625,RLI,29,51,10,610.00,"6,100.00"
2020-10-13,2020101304000624,RLI,29,21,10,610.00,"6,100.00"
2020-10-13,2020101304000623,RLI,29,17,50,610.00,"30,500.00"
2020-10-13,2020101304000622,RLI,29,48,10,610.00,"6,100.00"
2020-10-13,2020101304000621,RLI,29,44,10,610.00,"6,100.00"
2020-10-13,2020101304000632,RLI,29,22,10,610.00,"6,100.00"
2020-10-13,2020101304000631,RLI,29,59,10,610.00,"6,100.00"
2020-10-13,2020101304000630,RLI,29,50,10,610.00,"6,100.00"
2020-10-13,2020101304000629,RLI,29,53,10,610.00,"6,100.00"
2020-10-13,2020101304000628,RLI,29,53,10,610.00,"6,100.00"
2020-10-13,2020101304000627,RLI,29,56,10,610.00,"6,100.00"
2020-10-13,2020101304000638,RLI,29,55,10,610.00,"6,100.00"
2020-10-13,2020101304000637,RLI,29,58,10,610.00,"6,100.00"
2020-10-13,2020101304000636,RLI,29,47,10,610.00,"6,100.00"
2020-10-13,2020101304000635,RLI,29,5,10,610.00,"6,100.00"
2020-10-13,2020101304000634,RLI,29,48,10,610.00,"6,100.00"
2020-10-13,2020101304000633,RLI,29,32,10,610.00,"6,100.00"
2020-10-13,2020101304000644,RLI,44,19,10,610.00,"6,100.00"
2020-10-13,2020101304000643,RLI,1,20,10,606.00,"6,060.00"
2020-10-13,2020101304000642,RLI,1,28,10,606.00,"6,060.00"
2020-10-13,2020101304000641,RLI,1,6,10,606.00,"6,060.00"
2020-10-13,2020101304000640,RLI,29,6,10,610.00,"6,100.00"
2020-10-13,2020101304000639,RLI,29,6,10,610.00,"6,100.00"
2020-10-13,2020101304000650,RLI,44,58,10,610.00,"6,100.00"
2020-10-13,2020101304000649,RLI,44,17,10,610.00,"6,100.00"
2020-10-13,2020101304000648,RLI,44,6,10,610.00,"6,100.00"
2020-10-13,2020101304000647,RLI,44,6,10,610.00,"6,100.00"
2020-10-13,2020101304000646,RLI,44,17,10,610.00,"6,100.00"
2020-10-13,2020101304000645,RLI,44,34,10,610.00,"6,100.00"
2020-10-13,2020101304000656,RLI,44,35,10,610.00,"6,100.00"
2020-10-13,2020101304000655,RLI,44,47,10,610.00,"6,100.00"
2020-10-13,2020101304000654,RLI,44,41,10,610.00,"6,100.00"
2020-10-13,2020101304000653,RLI,44,17,10,610.00,"6,100.00"
2020-10-13,2020101304000652,RLI,44,47,10,610.00,"6,100.00"
2020-10-13,2020101304000651,RLI,44,45,10,610.00,"6,100.00"
2020-10-13,2020101304000662,RLI,44,54,10,610.00,"6,100.00"
2020-10-13,2020101304000661,RLI,44,54,10,610.00,"6,100.00"
2020-10-13,2020101304000660,RLI,44,54,10,610.00,"6,100.00"
2020-10-13,2020101304000659,RLI,44,25,10,610.00,"6,100.00"
2020-10-13,2020101304000658,RLI,44,42,10,610.00,"6,100.00"
2020-10-13,2020101304000657,RLI,44,47,10,610.00,"6,100.00"
2020-10-13,2020101304000681,RLI,54,28,10,607.00,"6,070.00"
2020-10-13,2020101304000679,RLI,48,48,10,608.00,"6,080.00"
2020-10-13,2020101304000672,RLI,54,45,10,607.00,"6,070.00"
2020-10-13,2020101304000671,RLI,54,39,10,607.00,"6,070.00"
2020-10-13,2020101304000666,RLI,54,52,10,607.00,"6,070.00"
2020-10-13,2020101304000663,RLI,44,13,10,610.00,"6,100.00"
2020-10-13,2020101304000692,RLI,54,45,10,607.00,"6,070.00"
2020-10-13,2020101304000687,RLI,54,17,10,607.00,"6,070.00"
2020-10-13,2020101304000685,RLI,54,39,10,607.00,"6,070.00"
2020-10-13,2020101304000684,RLI,54,17,10,607.00,"6,070.00"
2020-10-13,2020101304000683,RLI,54,18,10,607.00,"6,070.00"
2020-10-13,2020101304000682,RLI,54,18,10,607.00,"6,070.00"
2020-10-13,2020101304000699,RLI,54,7,10,607.00,"6,070.00"
2020-10-13,2020101304000697,RLI,54,17,10,607.00,"6,070.00"
2020-10-13,2020101304000696,RLI,54,57,10,607.00,"6,070.00"
2020-10-13,2020101304000695,RLI,54,18,10,607.00,"6,070.00"
2020-10-13,2020101304000694,RLI,54,7,10,607.00,"6,070.00"
2020-10-13,2020101304000693,RLI,54,6,10,607.00,"6,070.00"
2020-10-13,2020101304000706,RLI,54,48,10,607.00,"6,070.00"
2020-10-13,2020101304000705,RLI,54,3,10,607.00,"6,070.00"
2020-10-13,2020101304000704,RLI,54,34,10,607.00,"6,070.00"
2020-10-13,2020101304000703,RLI,54,39,10,607.00,"6,070.00"
2020-10-13,2020101304000702,RLI,54,11,10,607.00,"6,070.00"
2020-10-13,2020101304000701,RLI,54,54,10,607.00,"6,070.00"
2020-10-13,2020101304000715,RLI,54,7,10,607.00,"6,070.00"
2020-10-13,2020101304000714,RLI,54,51,10,607.00,"6,070.00"
2020-10-13,2020101304000713,RLI,54,47,10,607.00,"6,070.00"
2020-10-13,2020101304000712,RLI,54,59,10,607.00,"6,070.00"
2020-10-13,2020101304000708,RLI,54,7,10,607.00,"6,070.00"
2020-10-13,2020101304000707,RLI,54,51,10,607.00,"6,070.00"
2020-10-13,2020101304000721,RLI,54,51,10,607.00,"6,070.00"
2020-10-13,2020101304000720,RLI,54,7,10,607.00,"6,070.00"
2020-10-13,2020101304000719,RLI,54,47,10,607.00,"6,070.00"
2020-10-13,2020101304000718,RLI,25,52,10,608.00,"6,080.00"
2020-10-13,2020101304000717,RLI,25,35,10,608.00,"6,080.00"
2020-10-13,2020101304000716,RLI,25,49,10,608.00,"6,080.00"
2020-10-13,2020101304000730,RLI,54,11,10,607.00,"6,070.00"
2020-10-13,2020101304000729,RLI,54,48,10,607.00,"6,070.00"
2020-10-13,2020101304000728,RLI,54,36,10,607.00,"6,070.00"
2020-10-13,2020101304000727,RLI,54,7,10,607.00,"6,070.00"
2020-10-13,2020101304000726,RLI,54,57,10,607.00,"6,070.00"
2020-10-13,2020101304000725,RLI,54,56,10,607.00,"6,070.00"
2020-10-13,2020101304000736,RLI,54,25,10,607.00,"6,070.00"
2020-10-13,2020101304000735,RLI,54,53,10,607.00,"6,070.00"
2020-10-13,2020101304000734,RLI,54,56,10,607.00,"6,070.00"
2020-10-13,2020101304000733,RLI,54,38,10,607.00,"6,070.00"
2020-10-13,2020101304000732,RLI,54,7,10,607.00,"6,070.00"
2020-10-13,2020101304000731,RLI,54,58,10,607.00,"6,070.00"
2020-10-13,2020101304000744,RLI,41,14,10,608.00,"6,080.00"
2020-10-13,2020101304000743,RLI,54,5,10,607.00,"6,070.00"
2020-10-13,2020101304000741,RLI,54,58,10,607.00,"6,070.00"
2020-10-13,2020101304000740,RLI,54,4,10,607.00,"6,070.00"
2020-10-13,2020101304000739,RLI,54,11,10,607.00,"6,070.00"
2020-10-13,2020101304000737,RLI,54,47,10,607.00,"6,070.00"
2020-10-13,2020101304000750,RLI,41,18,10,608.00,"6,080.00"
2020-10-13,2020101304000749,RLI,41,42,10,608.00,"6,080.00"
2020-10-13,2020101304000748,RLI,41,32,10,608.00,"6,080.00"
2020-10-13,2020101304000747,RLI,41,58,10,608.00,"6,080.00"
2020-10-13,2020101304000746,RLI,41,38,10,608.00,"6,080.00"
2020-10-13,2020101304000745,RLI,41,51,10,608.00,"6,080.00"
2020-10-13,2020101304000759,RLI,3,52,10,608.00,"6,080.00"
2020-10-13,2020101304000758,RLI,3,45,10,608.00,"6,080.00"
2020-10-13,2020101304000757,RLI,3,21,10,608.00,"6,080.00"
2020-10-13,2020101304000755,RLI,3,49,10,608.00,"6,080.00"
2020-10-13,2020101304000754,RLI,3,18,10,608.00,"6,080.00"
2020-10-13,2020101304000753,RLI,3,18,10,608.00,"6,080.00"
2020-10-13,2020101304000771,RLI,54,45,10,607.00,"6,070.00"
2020-10-13,2020101304000764,RLI,54,34,10,607.00,"6,070.00"
2020-10-13,2020101304000763,RLI,3,34,10,608.00,"6,080.00"
2020-10-13,2020101304000762,RLI,3,45,10,608.00,"6,080.00"
2020-10-13,2020101304000761,RLI,3,36,10,608.00,"6,080.00"
2020-10-13,2020101304000760,RLI,3,18,10,608.00,"6,080.00"
2020-10-13,2020101304000778,RLI,54,32,10,607.00,"6,070.00"
2020-10-13,2020101304000777,RLI,54,49,10,607.00,"6,070.00"
2020-10-13,2020101304000776,RLI,54,32,10,607.00,"6,070.00"
2020-10-13,2020101304000775,RLI,54,45,10,607.00,"6,070.00"
2020-10-13,2020101304000773,RLI,54,32,10,607.00,"6,070.00"
2020-10-13,2020101304000772,RLI,54,57,10,607.00,"6,070.00"
2020-10-13,2020101304000787,RLI,41,59,10,608.00,"6,080.00"
2020-10-13,2020101304000786,RLI,41,18,10,608.00,"6,080.00"
2020-10-13,2020101304000785,RLI,54,32,10,607.00,"6,070.00"
2020-10-13,2020101304000784,RLI,54,39,10,607.00,"6,070.00"
2020-10-13,2020101304000783,RLI,54,45,10,607.00,"6,070.00"
2020-10-13,2020101304000779,RLI,54,26,10,607.00,"6,070.00"
2020-10-13,2020101304000793,RLI,42,45,10,607.00,"6,070.00"
2020-10-13,2020101304000792,RLI,42,13,10,607.00,"6,070.00"
2020-10-13,2020101304000791,RLI,42,32,10,607.00,"6,070.00"
2020-10-13,2020101304000790,RLI,36,45,10,607.00,"6,070.00"
2020-10-13,2020101304000789,RLI,36,26,10,607.00,"6,070.00"
2020-10-13,2020101304000788,RLI,41,18,10,608.00,"6,080.00"
2020-10-13,2020101304000800,RLI,41,32,10,608.00,"6,080.00"
2020-10-13,2020101304000799,RLI,41,18,10,608.00,"6,080.00"
2020-10-13,2020101304000798,RLI,6,26,10,607.00,"6,070.00"
2020-10-13,2020101304000797,RLI,6,38,10,607.00,"6,070.00"
2020-10-13,2020101304000795,RLI,42,26,10,607.00,"6,070.00"
2020-10-13,2020101304000794,RLI,42,26,10,607.00,"6,070.00"
2020-10-13,2020101304000807,RLI,47,26,10,607.00,"6,070.00"
2020-10-13,2020101304000806,RLI,47,14,10,607.00,"6,070.00"
2020-10-13,2020101304000805,RLI,47,44,10,607.00,"6,070.00"
2020-10-13,2020101304000804,RLI,47,26,10,607.00,"6,070.00"
2020-10-13,2020101304000803,RLI,47,32,10,607.00,"6,070.00"
2020-10-13,2020101304000801,RLI,41,26,10,608.00,"6,080.00"
2020-10-13,2020101304000813,RLI,47,48,10,607.00,"6,070.00"
2020-10-13,2020101304000812,RLI,47,48,10,607.00,"6,070.00"
2020-10-13,2020101304000811,RLI,35,4,10,608.00,"6,080.00"
2020-10-13,2020101304000810,RLI,47,46,10,607.00,"6,070.00"
2020-10-13,2020101304000809,RLI,47,35,10,607.00,"6,070.00"
2020-10-13,2020101304000808,RLI,47,45,10,607.00,"6,070.00"
2020-10-13,2020101304000820,RLI,59,17,10,607.00,"6,070.00"
2020-10-13,2020101304000819,RLI,59,36,10,607.00,"6,070.00"
2020-10-13,2020101304000818,RLI,59,36,10,607.00,"6,070.00"
2020-10-13,2020101304000817,RLI,59,36,10,607.00,"6,070.00"
2020-10-13,2020101304000816,RLI,59,39,10,607.00,"6,070.00"
2020-10-13,2020101304000815,RLI,59,33,10,607.00,"6,070.00"
2020-10-13,2020101304000826,RLI,52,33,10,607.00,"6,070.00"
2020-10-13,2020101304000825,RLI,34,17,10,607.00,"6,070.00"
2020-10-13,2020101304000824,RLI,59,36,10,607.00,"6,070.00"
2020-10-13,2020101304000823,RLI,59,17,10,607.00,"6,070.00"
2020-10-13,2020101304000822,RLI,59,48,10,607.00,"6,070.00"
2020-10-13,2020101304000821,RLI,59,32,10,607.00,"6,070.00"
2020-10-13,2020101304000832,RLI,49,46,10,607.00,"6,070.00"
2020-10-13,2020101304000831,RLI,49,54,10,607.00,"6,070.00"
2020-10-13,2020101304000830,RLI,52,36,10,607.00,"6,070.00"
2020-10-13,2020101304000829,RLI,52,39,10,607.00,"6,070.00"
2020-10-13,2020101304000828,RLI,52,48,10,607.00,"6,070.00"
2020-10-13,2020101304000827,RLI,52,17,10,607.00,"6,070.00"
2020-10-13,2020101304000838,RLI,49,51,10,607.00,"6,070.00"
2020-10-13,2020101304000837,RLI,49,32,10,607.00,"6,070.00"
2020-10-13,2020101304000836,RLI,49,32,10,607.00,"6,070.00"
2020-10-13,2020101304000835,RLI,49,32,10,607.00,"6,070.00"
2020-10-13,2020101304000834,RLI,49,13,10,607.00,"6,070.00"
2020-10-13,2020101304000833,RLI,49,36,10,607.00,"6,070.00"
2020-10-13,2020101304000844,RLI,51,29,10,607.00,"6,070.00"
2020-10-13,2020101304000843,RLI,51,46,10,607.00,"6,070.00"
2020-10-13,2020101304000842,RLI,41,32,10,607.00,"6,070.00"
2020-10-13,2020101304000841,RLI,41,32,10,607.00,"6,070.00"
2020-10-13,2020101304000840,RLI,41,46,10,607.00,"6,070.00"
2020-10-13,2020101304000839,RLI,41,21,10,607.00,"6,070.00"
2020-10-13,2020101304000853,RLI,13,29,10,607.00,"6,070.00"
2020-10-13,2020101304000852,RLI,13,32,10,607.00,"6,070.00"
2020-10-13,2020101304000848,RLI,13,32,10,607.00,"6,070.00"
2020-10-13,2020101304000847,RLI,51,11,10,607.00,"6,070.00"
2020-10-13,2020101304000846,RLI,51,5,10,607.00,"6,070.00"
2020-10-13,2020101304000845,RLI,51,45,10,607.00,"6,070.00"
2020-10-13,2020101304000862,RLI,13,59,10,607.00,"6,070.00"
2020-10-13,2020101304000861,RLI,13,52,10,607.00,"6,070.00"
2020-10-13,2020101304000860,RLI,13,39,10,607.00,"6,070.00"
2020-10-13,2020101304000859,RLI,13,59,10,607.00,"6,070.00"
2020-10-13,2020101304000858,RLI,13,5,10,607.00,"6,070.00"
2020-10-13,2020101304000857,RLI,13,32,10,607.00,"6,070.00"
2020-10-13,2020101304000870,RLI,26,38,10,607.00,"6,070.00"
2020-10-13,2020101304000869,RLI,26,52,10,607.00,"6,070.00"
2020-10-13,2020101304000868,RLI,26,4,10,607.00,"6,070.00"
2020-10-13,2020101304000865,RLI,13,59,10,607.00,"6,070.00"
2020-10-13,2020101304000864,RLI,36,42,10,608.00,"6,080.00"
2020-10-13,2020101304000863,RLI,36,45,10,608.00,"6,080.00"
2020-10-13,2020101304000876,RLI,26,47,10,607.00,"6,070.00"
2020-10-13,2020101304000875,RLI,26,38,10,607.00,"6,070.00"
2020-10-13,2020101304000874,RLI,26,52,10,607.00,"6,070.00"
2020-10-13,2020101304000873,RLI,26,46,10,607.00,"6,070.00"
2020-10-13,2020101304000872,RLI,41,13,10,608.00,"6,080.00"
2020-10-13,2020101304000871,RLI,41,51,10,608.00,"6,080.00"
2020-10-13,2020101304000882,RLI,1,38,10,606.00,"6,060.00"
2020-10-13,2020101304000881,RLI,41,1,10,608.00,"6,080.00"
2020-10-13,2020101304000880,RLI,41,49,10,608.00,"6,080.00"
2020-10-13,2020101304000879,RLI,26,38,10,607.00,"6,070.00"
2020-10-13,2020101304000878,RLI,26,38,10,607.00,"6,070.00"
2020-10-13,2020101304000877,RLI,26,39,10,607.00,"6,070.00"
2020-10-13,2020101304000888,RLI,1,39,10,606.00,"6,060.00"
2020-10-13,2020101304000887,RLI,41,58,10,608.00,"6,080.00"
2020-10-13,2020101304000886,RLI,41,51,10,607.00,"6,070.00"
2020-10-13,2020101304000885,RLI,1,38,10,606.00,"6,060.00"
2020-10-13,2020101304000884,RLI,41,47,10,608.00,"6,080.00"
2020-10-13,2020101304000883,RLI,41,38,10,608.00,"6,080.00"
2020-10-13,2020101304000896,RLI,41,46,10,608.00,"6,080.00"
2020-10-13,2020101304000895,RLI,41,50,10,608.00,"6,080.00"
2020-10-13,2020101304000894,RLI,41,4,10,608.00,"6,080.00"
2020-10-13,2020101304000893,RLI,41,26,10,608.00,"6,080.00"
2020-10-13,2020101304000890,RLI,41,4,10,608.00,"6,080.00"
2020-10-13,2020101304000889,RLI,41,47,10,608.00,"6,080.00"
2020-10-13,2020101304000904,RLI,34,39,10,606.00,"6,060.00"
2020-10-13,2020101304000903,RLI,34,37,10,606.00,"6,060.00"
2020-10-13,2020101304000902,RLI,34,39,10,606.00,"6,060.00"
2020-10-13,2020101304000901,RLI,34,37,10,606.00,"6,060.00"
2020-10-13,2020101304000900,RLI,41,13,10,608.00,"6,080.00"
2020-10-13,2020101304000899,RLI,34,4,10,606.00,"6,060.00"
2020-10-13,2020101304000912,RLI,34,34,10,606.00,"6,060.00"
2020-10-13,2020101304000911,RLI,34,52,10,606.00,"6,060.00"
2020-10-13,2020101304000910,RLI,34,26,10,606.00,"6,060.00"
2020-10-13,2020101304000907,RLI,34,54,10,606.00,"6,060.00"
2020-10-13,2020101304000906,RLI,34,13,10,606.00,"6,060.00"
2020-10-13,2020101304000905,RLI,34,35,10,606.00,"6,060.00"
2020-10-13,2020101304000919,RLI,34,11,10,606.00,"6,060.00"
2020-10-13,2020101304000918,RLI,34,18,10,606.00,"6,060.00"
2020-10-13,2020101304000917,RLI,34,57,10,606.00,"6,060.00"
2020-10-13,2020101304000916,RLI,34,11,10,606.00,"6,060.00"
2020-10-13,2020101304000915,RLI,34,41,10,606.00,"6,060.00"
2020-10-13,2020101304000913,RLI,34,38,10,606.00,"6,060.00"
2020-10-13,2020101304000925,RLI,34,11,10,606.00,"6,060.00"
2020-10-13,2020101304000924,RLI,34,39,10,606.00,"6,060.00"
2020-10-13,2020101304000923,RLI,34,18,10,606.00,"6,060.00"
2020-10-13,2020101304000922,RLI,34,47,10,606.00,"6,060.00"
2020-10-13,2020101304000921,RLI,34,46,10,606.00,"6,060.00"
2020-10-13,2020101304000920,RLI,34,18,10,606.00,"6,060.00"
2020-10-13,2020101304000934,RLI,34,18,10,606.00,"6,060.00"
2020-10-13,2020101304000933,RLI,34,21,10,606.00,"6,060.00"
2020-10-13,2020101304000931,RLI,34,7,10,606.00,"6,060.00"
2020-10-13,2020101304000930,RLI,34,11,10,606.00,"6,060.00"
2020-10-13,2020101304000929,RLI,34,18,10,606.00,"6,060.00"
2020-10-13,2020101304000926,RLI,34,18,10,606.00,"6,060.00"
2020-10-13,2020101304000940,RLI,34,11,10,606.00,"6,060.00"
2020-10-13,2020101304000939,RLI,34,18,10,606.00,"6,060.00"
2020-10-13,2020101304000938,RLI,34,42,10,606.00,"6,060.00"
2020-10-13,2020101304000937,RLI,34,18,10,606.00,"6,060.00"
2020-10-13,2020101304000936,RLI,34,38,10,606.00,"6,060.00"
2020-10-13,2020101304000935,RLI,34,11,10,606.00,"6,060.00"
2020-10-13,2020101304000946,RLI,34,39,10,606.00,"6,060.00"
2020-10-13,2020101304000945,RLI,34,26,10,606.00,"6,060.00"
2020-10-13,2020101304000944,RLI,34,11,10,606.00,"6,060.00"
2020-10-13,2020101304000943,RLI,34,46,10,606.00,"6,060.00"
2020-10-13,2020101304000942,RLI,34,42,10,606.00,"6,060.00"
2020-10-13,2020101304000941,RLI,34,18,10,606.00,"6,060.00"
2020-10-13,2020101304000954,RLI,34,42,10,606.00,"6,060.00"
2020-10-13,2020101304000952,RLI,34,11,10,606.00,"6,060.00"
2020-10-13,2020101304000951,RLI,44,21,10,607.00,"6,070.00"
2020-10-13,2020101304000950,RLI,44,11,50,607.00,"30,350.00"
2020-10-13,2020101304000949,RLI,34,38,10,606.00,"6,060.00"
2020-10-13,2020101304000948,RLI,34,11,10,606.00,"6,060.00"
2020-10-13,2020101304000960,RLI,34,46,10,606.00,"6,060.00"
2020-10-13,2020101304000959,RLI,34,18,10,606.00,"6,060.00"
2020-10-13,2020101304000958,RLI,34,18,10,606.00,"6,060.00"
2020-10-13,2020101304000957,RLI,34,18,10,606.00,"6,060.00"
2020-10-13,2020101304000956,RLI,34,4,10,606.00,"6,060.00"
2020-10-13,2020101304000955,RLI,34,1,10,606.00,"6,060.00"
2020-10-13,2020101304000966,RLI,34,36,10,606.00,"6,060.00"
2020-10-13,2020101304000965,RLI,34,46,10,606.00,"6,060.00"
2020-10-13,2020101304000964,RLI,34,55,10,606.00,"6,060.00"
2020-10-13,2020101304000963,RLI,34,18,10,606.00,"6,060.00"
2020-10-13,2020101304000962,RLI,34,18,10,606.00,"6,060.00"
2020-10-13,2020101304000961,RLI,34,49,10,606.00,"6,060.00"
2020-10-13,2020101304000974,RLI,34,48,10,606.00,"6,060.00"
2020-10-13,2020101304000972,RLI,34,16,10,606.00,"6,060.00"
2020-10-13,2020101304000971,RLI,34,36,10,606.00,"6,060.00"
2020-10-13,2020101304000969,RLI,34,36,10,606.00,"6,060.00"
2020-10-13,2020101304000968,RLI,34,36,10,606.00,"6,060.00"
2020-10-13,2020101304000967,RLI,34,17,10,606.00,"6,060.00"
2020-10-13,2020101304000982,RLI,34,44,10,606.00,"6,060.00"
2020-10-13,2020101304000981,RLI,34,51,10,606.00,"6,060.00"
2020-10-13,2020101304000980,RLI,34,4,10,606.00,"6,060.00"
2020-10-13,2020101304000977,RLI,34,46,10,606.00,"6,060.00"
2020-10-13,2020101304000976,RLI,34,51,10,606.00,"6,060.00"
2020-10-13,2020101304000975,RLI,34,21,10,606.00,"6,060.00"
2020-10-13,2020101304000989,RLI,43,57,10,607.00,"6,070.00"
2020-10-13,2020101304000988,RLI,43,45,10,607.00,"6,070.00"
2020-10-13,2020101304000987,RLI,34,46,10,606.00,"6,060.00"
2020-10-13,2020101304000986,RLI,34,42,10,606.00,"6,060.00"
2020-10-13,2020101304000984,RLI,34,51,10,606.00,"6,060.00"
2020-10-13,2020101304000983,RLI,34,46,10,606.00,"6,060.00"
2020-10-13,2020101304000995,RLI,34,11,10,606.00,"6,060.00"
2020-10-13,2020101304000994,RLI,34,51,10,606.00,"6,060.00"
2020-10-13,2020101304000993,RLI,34,16,10,606.00,"6,060.00"
2020-10-13,2020101304000992,RLI,43,46,10,607.00,"6,070.00"
2020-10-13,2020101304000991,RLI,43,59,10,607.00,"6,070.00"
2020-10-13,2020101304000990,RLI,43,22,10,607.00,"6,070.00"
2020-10-13,2020101304001001,RLI,34,46,10,606.00,"6,060.00"
2020-10-13,2020101304001000,RLI,34,36,10,606.00,"6,060.00"
2020-10-13,2020101304000999,RLI,34,46,10,606.00,"6,060.00"
2020-10-13,2020101304000998,RLI,40,51,10,607.00,"6,070.00"
2020-10-13,2020101304000997,RLI,34,46,10,606.00,"6,060.00"
2020-10-13,2020101304000996,RLI,34,28,10,606.00,"6,060.00"
2020-10-13,2020101304001007,RLI,34,42,10,606.00,"6,060.00"
2020-10-13,2020101304001006,RLI,34,46,10,606.00,"6,060.00"
2020-10-13,2020101304001005,RLI,40,21,10,607.00,"6,070.00"
2020-10-13,2020101304001004,RLI,34,48,10,606.00,"6,060.00"
2020-10-13,2020101304001003,RLI,34,21,10,606.00,"6,060.00"
2020-10-13,2020101304001002,RLI,34,46,10,606.00,"6,060.00"
2020-10-13,2020101304001016,RLI,40,41,10,607.00,"6,070.00"
2020-10-13,2020101304001015,RLI,40,21,10,607.00,"6,070.00"
2020-10-13,2020101304001014,RLI,40,40,10,607.00,"6,070.00"
2020-10-13,2020101304001011,RLI,40,58,10,607.00,"6,070.00"
2020-10-13,2020101304001010,RLI,34,44,10,606.00,"6,060.00"
2020-10-13,2020101304001009,RLI,34,40,10,606.00,"6,060.00"
2020-10-13,2020101304001022,RLI,56,21,10,606.00,"6,060.00"
2020-10-13,2020101304001021,RLI,56,58,90,606.00,"54,540.00"
2020-10-13,2020101304001020,RLI,34,58,120,606.00,"72,720.00"
2020-10-13,2020101304001019,RLI,34,58,40,607.00,"24,280.00"
2020-10-13,2020101304001018,RLI,40,58,50,607.00,"30,350.00"
2020-10-13,2020101304001017,RLI,40,34,10,607.00,"6,070.00"
2020-10-13,2020101304001028,RLI,59,49,10,606.00,"6,060.00"
2020-10-13,2020101304001027,RLI,59,6,10,606.00,"6,060.00"
2020-10-13,2020101304001026,RLI,43,6,30,606.00,"18,180.00"
2020-10-13,2020101304001025,RLI,17,6,10,606.00,"6,060.00"
2020-10-13,2020101304001024,RLI,43,6,50,606.00,"30,300.00"
2020-10-13,2020101304001023,RLI,50,6,100,606.00,"60,600.00"
2020-10-13,2020101304001035,RLI,34,58,10,606.00,"6,060.00"
2020-10-13,2020101304001034,RLI,42,49,10,607.00,"6,070.00"
2020-10-13,2020101304001033,RLI,42,4,10,607.00,"6,070.00"
2020-10-13,2020101304001031,RLI,59,8,10,606.00,"6,060.00"
2020-10-13,2020101304001030,RLI,59,58,10,606.00,"6,060.00"
2020-10-13,2020101304001029,RLI,59,21,10,606.00,"6,060.00"
2020-10-13,2020101304001041,RLI,34,4,10,606.00,"6,060.00"
2020-10-13,2020101304001040,RLI,34,39,10,606.00,"6,060.00"
2020-10-13,2020101304001039,RLI,34,34,10,606.00,"6,060.00"
2020-10-13,2020101304001038,RLI,34,16,10,606.00,"6,060.00"
2020-10-13,2020101304001037,RLI,6,54,10,606.00,"6,060.00"
2020-10-13,2020101304001036,RLI,6,39,10,606.00,"6,060.00"
2020-10-13,2020101304001053,RLI,34,39,10,606.00,"6,060.00"
2020-10-13,2020101304001046,RLI,34,38,10,606.00,"6,060.00"
2020-10-13,2020101304001045,RLI,34,54,10,606.00,"6,060.00"
2020-10-13,2020101304001044,RLI,34,49,10,606.00,"6,060.00"
2020-10-13,2020101304001043,RLI,34,53,10,606.00,"6,060.00"
2020-10-13,2020101304001042,RLI,34,21,10,606.00,"6,060.00"
2020-10-13,2020101304001059,RLI,32,14,200,606.00,"121,200.00"
2020-10-13,2020101304001058,RLI,34,57,10,606.00,"6,060.00"
2020-10-13,2020101304001057,RLI,34,57,10,606.00,"6,060.00"
2020-10-13,2020101304001056,RLI,34,21,10,606.00,"6,060.00"
2020-10-13,2020101304001055,RLI,34,3,10,606.00,"6,060.00"
2020-10-13,2020101304001054,RLI,34,38,10,606.00,"6,060.00"
2020-10-13,2020101304001066,RLI,34,53,10,606.00,"6,060.00"
2020-10-13,2020101304001064,RLI,34,49,10,606.00,"6,060.00"
2020-10-13,2020101304001063,RLI,34,38,10,606.00,"6,060.00"
2020-10-13,2020101304001062,RLI,34,21,10,606.00,"6,060.00"
2020-10-13,2020101304001061,RLI,34,38,10,606.00,"6,060.00"
2020-10-13,2020101304001060,RLI,34,14,100,606.00,"60,600.00"
2020-10-13,2020101304001072,RLI,34,39,10,606.00,"6,060.00"
2020-10-13,2020101304001071,RLI,34,39,10,606.00,"6,060.00"
2020-10-13,2020101304001070,RLI,34,21,10,606.00,"6,060.00"
2020-10-13,2020101304001069,RLI,34,44,10,606.00,"6,060.00"
2020-10-13,2020101304001068,RLI,34,16,10,606.00,"6,060.00"
2020-10-13,2020101304001067,RLI,34,7,10,606.00,"6,060.00"
2020-10-13,2020101304001078,RLI,34,48,10,606.00,"6,060.00"
2020-10-13,2020101304001077,RLI,34,44,10,606.00,"6,060.00"
2020-10-13,2020101304001076,RLI,34,35,10,606.00,"6,060.00"
2020-10-13,2020101304001075,RLI,34,45,10,606.00,"6,060.00"
2020-10-13,2020101304001074,RLI,25,28,10,607.00,"6,070.00"
2020-10-13,2020101304001073,RLI,34,49,10,606.00,"6,060.00"
2020-10-13,2020101304001084,RLI,34,33,10,606.00,"6,060.00"
2020-10-13,2020101304001083,RLI,34,49,10,606.00,"6,060.00"
2020-10-13,2020101304001082,RLI,34,48,10,606.00,"6,060.00"
2020-10-13,2020101304001081,RLI,34,47,10,606.00,"6,060.00"
2020-10-13,2020101304001080,RLI,34,13,10,606.00,"6,060.00"
2020-10-13,2020101304001079,RLI,34,21,10,606.00,"6,060.00"
2020-10-13,2020101304001090,RLI,34,21,10,606.00,"6,060.00"
2020-10-13,2020101304001089,RLI,34,21,10,606.00,"6,060.00"
2020-10-13,2020101304001088,RLI,34,38,10,606.00,"6,060.00"
2020-10-13,2020101304001087,RLI,34,47,10,606.00,"6,060.00"
2020-10-13,2020101304001086,RLI,34,21,10,606.00,"6,060.00"
2020-10-13,2020101304001085,RLI,34,21,10,606.00,"6,060.00"
2020-10-13,2020101304000756,SAEF,53,47,"10,000",10.49,"104,900.00"
2020-10-13,2020101304000678,SAEF,33,45,"3,000",10.55,"31,650.00"
2020-10-13,2020101304000677,SAEF,33,42,"2,000",10.55,"21,100.00"
2020-10-13,2020101304000676,SAEF,33,57,100,10.55,"1,055.00"
2020-10-13,2020101304000675,SAEF,33,57,"5,000",10.55,"52,750.00"
2020-10-13,2020101304000674,SAEF,33,58,"5,000",10.55,"52,750.00"
2020-10-13,2020101304000673,SAEF,33,55,"1,000",10.55,"10,550.00"
2020-10-13,2020101304000668,SAEF,33,41,"1,100",10.54,"11,594.00"
2020-10-13,2020101304000667,SAEF,33,59,"1,500",10.54,"15,810.00"
2020-10-13,2020101304000665,SAEF,45,59,"1,000",10.50,"10,500.00"
2020-10-13,2020101304000664,SAEF,45,34,"1,900",10.50,"19,950.00"
2020-10-13,2020101304000909,SAND2085,41,28,90,"1,025.00","92,250.00"
2020-10-13,2020101304000908,SAND2085,14,28,110,"1,025.00","112,750.00"
2020-10-13,2020101304000814,SBIBD86,11,32,10,"1,020.00","10,200.00"
2020-10-13,2020101304000768,SEF,56,38,"1,000",9.13,"9,130.00"
2020-10-13,2020101304000767,SEF,32,38,"4,500",9.14,"41,130.00"
2020-10-13,2020101304000752,SEF,32,57,500,9.14,"4,570.00"
2020-10-13,2020101304000724,SEF,39,38,"4,500",9.20,"41,400.00"
2020-10-13,2020101304000723,SEF,39,11,"1,000",9.20,"9,200.00"
2020-10-13,2020101304000722,SEF,39,36,500,9.20,"4,600.00"
2020-10-13,2020101304000711,SEF,16,38,"4,700",9.12,"42,864.00"
2020-10-13,2020101304000710,SEF,43,38,"5,000",9.13,"45,650.00"
2020-10-13,2020101304000709,SEF,13,38,300,9.15,"2,745.00"
2020-10-13,2020101304000700,SEF,13,41,500,9.15,"4,575.00"
2020-10-13,2020101304000686,SEF,13,13,"1,000",9.15,"9,150.00"
2020-10-13,2020101304000973,SFMF,17,17,500,9.40,"4,700.00"
2020-10-13,2020101304000892,STC,42,46,20,"3,445.00","68,900.00"
2020-10-13,2020101304000467,CMF1,53,58,"10,000",9.85,"98,500.00"
2020-10-13,2020101304000383,CMF1,43,55,200,9.90,"1,980.00"
2020-10-13,2020101304000381,CMF1,45,17,"4,790",9.80,"46,942.00"
2020-10-13,2020101304000374,CMF1,45,11,"2,500",9.79,"24,475.00"
2020-10-13,2020101304000373,CMF1,45,11,"2,500",9.79,"24,475.00"
2020-10-13,2020101304000372,CMF1,45,11,"1,500",9.79,"14,685.00"
2020-10-13,2020101304000337,CMF1,43,17,210,9.80,"2,058.00"
2020-10-13,2020101304000336,CMF1,43,57,290,9.79,"2,839.10"
2020-10-13,2020101304000308,CMF1,45,17,"4,800",9.79,"46,992.00"
2020-10-13,2020101304000198,CMF1,43,17,200,9.79,"1,958.00"
2020-10-13,2020101304000172,CMF1,32,38,"1,000",9.62,"9,620.00"
2020-10-13,2020101304000161,CMF1,32,33,250,9.62,"2,405.00"
2020-10-13,2020101304000422,GIMES1,22,38,100,9.97,997.00
2020-10-13,2020101304000411,LEMF,29,13,"1,000",8.77,"8,770.00"
2020-10-13,2020101304000571,LUK,50,56,100,8.74,874.00
2020-10-13,2020101304000417,LUK,8,26,"1,800",8.74,"15,732.00"
2020-10-13,2020101304000122,LUK,32,57,100,8.73,873.00
2020-10-13,2020101304000556,NBF2,34,40,100,8.88,888.00
2020-10-13,2020101304000364,NBF2,45,6,"3,000",9.00,"27,000.00"
2020-10-13,2020101304000356,NBF2,45,32,"1,400",9.00,"12,600.00"
2020-10-13,2020101304000355,NBF2,45,22,300,9.00,"2,700.00"
2020-10-13,2020101304000354,NBF2,45,6,"2,000",9.00,"18,000.00"
2020-10-13,2020101304000101,NBF2,53,17,200,9.00,"1,800.00"
2020-10-13,2020101304000353,NBF2,45,6,"1,000",9.00,"9,000.00"
2020-10-13,2020101304000352,NBF2,45,3,"3,000",8.87,"26,610.00"
2020-10-13,2020101304000315,NBF2,14,53,100,8.87,887.00
2020-10-13,2020101304000236,NBF2,48,22,200,8.86,"1,772.00"
2020-10-13,2020101304000180,NBF2,48,57,300,8.86,"2,658.00"
2020-10-13,2020101304000125,NBF2,32,57,700,8.83,"6,181.00"
2020-10-13,2020101304000545,NEF,47,46,241,8.80,"2,120.80"
2020-10-13,2020101304000434,NEF,22,35,155,8.84,"1,370.20"
2020-10-13,2020101304000212,NEF,39,14,"1,207",8.67,"10,464.69"
2020-10-13,2020101304000205,NEF,39,55,"2,414",8.67,"20,929.38"
2020-10-13,2020101304000126,NEF,32,13,338,8.66,"2,927.08"
2020-10-13,2020101304000214,NIBLPF,32,55,"2,525",8.73,"22,043.25"
2020-10-13,2020101304000210,NIBLPF,32,14,253,8.73,"2,208.69"
2020-10-13,2020101304000562,NIBPO,49,49,373,360.00,"134,280.00"
2020-10-13,2020101304000561,NIBPO,49,49,424,360.00,"152,640.00"
2020-10-13,2020101304000532,NIBPO,43,26,"1,000",361.00,"361,000.00"
2020-10-13,2020101304000304,NIBPO,49,47,76,360.00,"27,360.00"
2020-10-13,2020101304000303,NIBPO,49,29,"1,500",360.00,"540,000.00"
2020-10-13,2020101304000238,NIBPO,37,29,500,360.00,"180,000.00"
2020-10-13,2020101304000175,NIBPO,32,55,"1,000",362.00,"362,000.00"
2020-10-13,2020101304000131,NIBPO,34,47,11,358.00,"3,938.00"
2020-10-13,2020101304000129,NIBPO,34,47,16,358.00,"5,728.00"
2020-10-13,2020101304000127,NIBPO,34,17,15,358.00,"5,370.00"
2020-10-13,2020101304000326,NIBSF1,6,32,"1,500",9.75,"14,625.00"
2020-10-13,2020101304000221,NICAD8283,13,57,50,"1,076.00","53,800.00"
2020-10-13,2020101304000568,NICGF,48,59,500,9.50,"4,750.00"
2020-10-13,2020101304000558,NICGF,57,58,"1,000",9.50,"9,500.00"
2020-10-13,2020101304000163,NICGF,32,33,500,9.40,"4,700.00"
2020-10-13,2020101304000119,NICGF,32,41,500,9.40,"4,700.00"
2020-10-13,2020101304000367,NMB50,32,51,100,9.21,921.00
2020-10-13,2020101304000324,NMB50,32,41,100,9.21,921.00
2020-10-13,2020101304000168,NMB50,32,33,500,9.21,"4,605.00"
2020-10-13,2020101304000149,NMBHF1,39,13,416,9.25,"3,848.00"
2020-10-13,2020101304000366,RBCLPO,40,48,10,"10,350.00","103,500.00"
2020-10-13,2020101304000365,RBCLPO,40,49,20,"10,349.00","206,980.00"
2020-10-13,2020101304000596,RLI,29,46,10,608.00,"6,080.00"
2020-10-13,2020101304000595,RLI,29,22,10,608.00,"6,080.00"
2020-10-13,2020101304000594,RLI,29,16,10,608.00,"6,080.00"
2020-10-13,2020101304000593,RLI,29,13,10,608.00,"6,080.00"
2020-10-13,2020101304000592,RLI,29,44,10,608.00,"6,080.00"
2020-10-13,2020101304000591,RLI,29,36,10,608.00,"6,080.00"
2020-10-13,2020101304000098,RLI,32,8,10,607.00,"6,070.00"
2020-10-13,2020101304000097,RLI,32,42,10,607.00,"6,070.00"
2020-10-13,2020101304000107,RLI,32,38,10,607.00,"6,070.00"
2020-10-13,2020101304000106,RLI,32,35,10,607.00,"6,070.00"
2020-10-13,2020101304000104,RLI,32,38,10,607.00,"6,070.00"
2020-10-13,2020101304000103,RLI,32,48,10,607.00,"6,070.00"
2020-10-13,2020101304000100,RLI,32,29,10,607.00,"6,070.00"
2020-10-13,2020101304000099,RLI,32,36,10,607.00,"6,070.00"
2020-10-13,2020101304000115,RLI,5,38,10,607.00,"6,070.00"
2020-10-13,2020101304000114,RLI,5,44,300,607.00,"182,100.00"
2020-10-13,2020101304000113,RLI,5,57,10,607.00,"6,070.00"
2020-10-13,2020101304000111,RLI,32,13,10,607.00,"6,070.00"
2020-10-13,2020101304000110,RLI,32,38,10,607.00,"6,070.00"
2020-10-13,2020101304000109,RLI,32,1,10,607.00,"6,070.00"
2020-10-13,2020101304000128,RLI,5,35,10,607.00,"6,070.00"
2020-10-13,2020101304000124,RLI,5,36,10,607.00,"6,070.00"
2020-10-13,2020101304000123,RLI,5,29,10,607.00,"6,070.00"
2020-10-13,2020101304000118,RLI,5,45,10,607.00,"6,070.00"
2020-10-13,2020101304000117,RLI,5,58,10,607.00,"6,070.00"
2020-10-13,2020101304000116,RLI,5,32,10,607.00,"6,070.00"
2020-10-13,2020101304000136,RLI,47,39,10,608.00,"6,080.00"
2020-10-13,2020101304000135,RLI,5,36,10,607.00,"6,070.00"
2020-10-13,2020101304000134,RLI,5,59,10,607.00,"6,070.00"
2020-10-13,2020101304000133,RLI,5,38,10,607.00,"6,070.00"
2020-10-13,2020101304000132,RLI,5,32,10,607.00,"6,070.00"
2020-10-13,2020101304000130,RLI,5,35,10,607.00,"6,070.00"
2020-10-13,2020101304000142,RLI,47,38,10,608.00,"6,080.00"
2020-10-13,2020101304000141,RLI,47,59,10,608.00,"6,080.00"
2020-10-13,2020101304000140,RLI,47,52,10,608.00,"6,080.00"
2020-10-13,2020101304000139,RLI,47,48,10,608.00,"6,080.00"
2020-10-13,2020101304000138,RLI,47,21,10,608.00,"6,080.00"
2020-10-13,2020101304000137,RLI,47,25,10,608.00,"6,080.00"
2020-10-13,2020101304000148,RLI,5,58,10,607.00,"6,070.00"
2020-10-13,2020101304000147,RLI,5,38,10,607.00,"6,070.00"
2020-10-13,2020101304000146,RLI,5,6,10,607.00,"6,070.00"
2020-10-13,2020101304000145,RLI,47,38,10,608.00,"6,080.00"
2020-10-13,2020101304000144,RLI,47,55,10,608.00,"6,080.00"
2020-10-13,2020101304000143,RLI,47,45,10,608.00,"6,080.00"
2020-10-13,2020101304000155,RLI,47,14,10,608.00,"6,080.00"
2020-10-13,2020101304000154,RLI,47,4,10,608.00,"6,080.00"
2020-10-13,2020101304000153,RLI,47,38,10,608.00,"6,080.00"
2020-10-13,2020101304000152,RLI,47,29,10,608.00,"6,080.00"
2020-10-13,2020101304000151,RLI,47,1,10,608.00,"6,080.00"
2020-10-13,2020101304000150,RLI,5,38,10,607.00,"6,070.00"
2020-10-13,2020101304000162,RLI,47,38,10,608.00,"6,080.00"
2020-10-13,2020101304000160,RLI,47,38,10,608.00,"6,080.00"
2020-10-13,2020101304000159,RLI,47,44,10,608.00,"6,080.00"
2020-10-13,2020101304000158,RLI,47,41,10,608.00,"6,080.00"
2020-10-13,2020101304000157,RLI,47,58,10,608.00,"6,080.00"
2020-10-13,2020101304000156,RLI,47,38,10,608.00,"6,080.00"
2020-10-13,2020101304000170,RLI,47,29,10,608.00,"6,080.00"
2020-10-13,2020101304000169,RLI,47,38,10,608.00,"6,080.00"
2020-10-13,2020101304000167,RLI,47,39,10,608.00,"6,080.00"
2020-10-13,2020101304000166,RLI,47,6,10,608.00,"6,080.00"
2020-10-13,2020101304000165,RLI,47,58,10,608.00,"6,080.00"
2020-10-13,2020101304000164,RLI,47,38,10,608.00,"6,080.00"
2020-10-13,2020101304000179,RLI,5,57,10,607.00,"6,070.00"
2020-10-13,2020101304000178,RLI,5,58,10,607.00,"6,070.00"
2020-10-13,2020101304000177,RLI,5,36,10,607.00,"6,070.00"
2020-10-13,2020101304000176,RLI,47,42,10,608.00,"6,080.00"
2020-10-13,2020101304000173,RLI,47,57,10,608.00,"6,080.00"
2020-10-13,2020101304000171,RLI,47,39,10,608.00,"6,080.00"
2020-10-13,2020101304000186,RLI,43,36,10,607.00,"6,070.00"
2020-10-13,2020101304000185,RLI,43,52,10,607.00,"6,070.00"
2020-10-13,2020101304000184,RLI,43,38,10,607.00,"6,070.00"
2020-10-13,2020101304000183,RLI,29,55,10,607.00,"6,070.00"
2020-10-13,2020101304000182,RLI,29,1,10,607.00,"6,070.00"
2020-10-13,2020101304000181,RLI,29,52,10,607.00,"6,070.00"
2020-10-13,2020101304000196,RLI,43,29,10,607.00,"6,070.00"
2020-10-13,2020101304000195,RLI,43,58,10,607.00,"6,070.00"
2020-10-13,2020101304000190,RLI,43,21,10,607.00,"6,070.00"
2020-10-13,2020101304000189,RLI,43,52,10,607.00,"6,070.00"
2020-10-13,2020101304000188,RLI,43,36,10,607.00,"6,070.00"
2020-10-13,2020101304000187,RLI,43,58,10,607.00,"6,070.00"
2020-10-13,2020101304000203,RLI,51,21,10,607.00,"6,070.00"
2020-10-13,2020101304000202,RLI,51,1,10,607.00,"6,070.00"
2020-10-13,2020101304000201,RLI,10,41,10,607.00,"6,070.00"
2020-10-13,2020101304000200,RLI,48,49,10,607.00,"6,070.00"
2020-10-13,2020101304000199,RLI,45,58,10,607.00,"6,070.00"
2020-10-13,2020101304000197,RLI,43,21,10,607.00,"6,070.00"
2020-10-13,2020101304000211,RLI,51,21,10,607.00,"6,070.00"
2020-10-13,2020101304000209,RLI,51,7,10,607.00,"6,070.00"
2020-10-13,2020101304000208,RLI,51,58,10,607.00,"6,070.00"
2020-10-13,2020101304000207,RLI,51,21,10,607.00,"6,070.00"
2020-10-13,2020101304000206,RLI,51,21,10,607.00,"6,070.00"
2020-10-13,2020101304000204,RLI,51,38,10,607.00,"6,070.00"
2020-10-13,2020101304000219,RLI,28,3,10,607.00,"6,070.00"
2020-10-13,2020101304000218,RLI,28,58,10,607.00,"6,070.00"
2020-10-13,2020101304000217,RLI,28,29,10,607.00,"6,070.00"
2020-10-13,2020101304000216,RLI,28,29,10,607.00,"6,070.00"
2020-10-13,2020101304000215,RLI,51,6,10,607.00,"6,070.00"
2020-10-13,2020101304000213,RLI,51,55,10,607.00,"6,070.00"
2020-10-13,2020101304000226,RLI,28,55,10,607.00,"6,070.00"
2020-10-13,2020101304000225,RLI,28,42,10,607.00,"6,070.00"
2020-10-13,2020101304000224,RLI,28,3,10,607.00,"6,070.00"
2020-10-13,2020101304000223,RLI,28,58,10,607.00,"6,070.00"
2020-10-13,2020101304000222,RLI,28,58,10,607.00,"6,070.00"
2020-10-13,2020101304000220,RLI,28,29,10,607.00,"6,070.00"
2020-10-13,2020101304000232,RLI,28,58,10,607.00,"6,070.00"
2020-10-13,2020101304000231,RLI,28,58,10,607.00,"6,070.00"
2020-10-13,2020101304000230,RLI,28,46,10,607.00,"6,070.00"
2020-10-13,2020101304000229,RLI,28,41,10,607.00,"6,070.00"
2020-10-13,2020101304000228,RLI,28,35,10,607.00,"6,070.00"
2020-10-13,2020101304000227,RLI,28,3,10,607.00,"6,070.00"
2020-10-13,2020101304000240,RLI,28,44,10,607.00,"6,070.00"
2020-10-13,2020101304000239,RLI,11,21,10,608.00,"6,080.00"
2020-10-13,2020101304000237,RLI,11,38,10,608.00,"6,080.00"
2020-10-13,2020101304000235,RLI,28,26,10,607.00,"6,070.00"
2020-10-13,2020101304000234,RLI,28,41,10,607.00,"6,070.00"
2020-10-13,2020101304000233,RLI,28,48,10,607.00,"6,070.00"
2020-10-13,2020101304000246,RLI,28,39,10,607.00,"6,070.00"
2020-10-13,2020101304000245,RLI,28,55,10,607.00,"6,070.00"
2020-10-13,2020101304000244,RLI,28,35,10,607.00,"6,070.00"
2020-10-13,2020101304000243,RLI,28,41,10,607.00,"6,070.00"
2020-10-13,2020101304000242,RLI,28,58,10,607.00,"6,070.00"
2020-10-13,2020101304000241,RLI,28,38,10,607.00,"6,070.00"
2020-10-13,2020101304000252,RLI,10,55,10,607.00,"6,070.00"
2020-10-13,2020101304000251,RLI,28,11,46,607.00,"27,922.00"
2020-10-13,2020101304000250,RLI,28,55,10,607.00,"6,070.00"
2020-10-13,2020101304000249,RLI,28,34,10,607.00,"6,070.00"
2020-10-13,2020101304000248,RLI,28,55,10,607.00,"6,070.00"
2020-10-13,2020101304000247,RLI,28,38,10,607.00,"6,070.00"
2020-10-13,2020101304000258,RLI,8,44,181,607.00,"109,867.00"
2020-10-13,2020101304000257,RLI,34,3,10,607.00,"6,070.00"
2020-10-13,2020101304000256,RLI,10,58,10,607.00,"6,070.00"
2020-10-13,2020101304000255,RLI,10,58,10,607.00,"6,070.00"
2020-10-13,2020101304000254,RLI,10,47,10,607.00,"6,070.00"
2020-10-13,2020101304000253,RLI,10,41,10,607.00,"6,070.00"
2020-10-13,2020101304000264,RLI,34,48,10,607.00,"6,070.00"
2020-10-13,2020101304000263,RLI,34,20,10,607.00,"6,070.00"
2020-10-13,2020101304000262,RLI,34,58,10,607.00,"6,070.00"
2020-10-13,2020101304000261,RLI,34,45,10,607.00,"6,070.00"
2020-10-13,2020101304000260,RLI,34,29,10,607.00,"6,070.00"
2020-10-13,2020101304000259,RLI,34,44,119,607.00,"72,233.00"
2020-10-13,2020101304000270,RLI,34,46,10,607.00,"6,070.00"
2020-10-13,2020101304000269,RLI,34,22,10,607.00,"6,070.00"
2020-10-13,2020101304000268,RLI,34,13,10,607.00,"6,070.00"
2020-10-13,2020101304000267,RLI,34,3,10,607.00,"6,070.00"
2020-10-13,2020101304000266,RLI,34,33,10,607.00,"6,070.00"
2020-10-13,2020101304000265,RLI,34,42,10,607.00,"6,070.00"
2020-10-13,2020101304000278,RLI,17,49,10,608.00,"6,080.00"
2020-10-13,2020101304000277,RLI,34,20,10,607.00,"6,070.00"
2020-10-13,2020101304000275,RLI,34,7,10,607.00,"6,070.00"
2020-10-13,2020101304000274,RLI,6,49,10,608.00,"6,080.00"
2020-10-13,2020101304000273,RLI,34,20,10,607.00,"6,070.00"
2020-10-13,2020101304000272,RLI,34,51,10,608.00,"6,080.00"
2020-10-13,2020101304000284,RLI,34,36,10,607.00,"6,070.00"
2020-10-13,2020101304000283,RLI,34,21,10,607.00,"6,070.00"
2020-10-13,2020101304000282,RLI,34,21,10,607.00,"6,070.00"
2020-10-13,2020101304000281,RLI,34,35,10,607.00,"6,070.00"
2020-10-13,2020101304000280,RLI,34,21,10,607.00,"6,070.00"
2020-10-13,2020101304000279,RLI,34,6,10,607.00,"6,070.00"
2020-10-13,2020101304000290,RLI,34,45,10,607.00,"6,070.00"
2020-10-13,2020101304000289,RLI,34,21,10,607.00,"6,070.00"
2020-10-13,2020101304000288,RLI,34,38,10,607.00,"6,070.00"
2020-10-13,2020101304000287,RLI,34,28,10,607.00,"6,070.00"
2020-10-13,2020101304000286,RLI,34,21,10,607.00,"6,070.00"
2020-10-13,2020101304000285,RLI,34,41,10,607.00,"6,070.00"
2020-10-13,2020101304000298,RLI,34,29,10,607.00,"6,070.00"
2020-10-13,2020101304000295,RLI,34,52,10,607.00,"6,070.00"
2020-10-13,2020101304000294,RLI,34,45,10,607.00,"6,070.00"
2020-10-13,2020101304000293,RLI,34,3,10,607.00,"6,070.00"
2020-10-13,2020101304000292,RLI,34,40,10,607.00,"6,070.00"
2020-10-13,2020101304000291,RLI,34,17,10,607.00,"6,070.00"
2020-10-13,2020101304000306,RLI,28,46,10,607.00,"6,070.00"
2020-10-13,2020101304000305,RLI,34,20,10,607.00,"6,070.00"
2020-10-13,2020101304000302,RLI,34,40,10,607.00,"6,070.00"
2020-10-13,2020101304000301,RLI,34,1,10,607.00,"6,070.00"
2020-10-13,2020101304000300,RLI,34,53,10,607.00,"6,070.00"
2020-10-13,2020101304000299,RLI,34,47,10,607.00,"6,070.00"
2020-10-13,2020101304000313,RLI,28,18,10,607.00,"6,070.00"
2020-10-13,2020101304000312,RLI,28,42,10,607.00,"6,070.00"
2020-10-13,2020101304000311,RLI,28,54,10,607.00,"6,070.00"
2020-10-13,2020101304000310,RLI,28,58,10,607.00,"6,070.00"
2020-10-13,2020101304000309,RLI,28,42,10,607.00,"6,070.00"
2020-10-13,2020101304000307,RLI,28,42,10,607.00,"6,070.00"
2020-10-13,2020101304000322,RLI,45,4,10,607.00,"6,070.00"
2020-10-13,2020101304000321,RLI,40,46,10,607.00,"6,070.00"
2020-10-13,2020101304000320,RLI,40,6,10,607.00,"6,070.00"
2020-10-13,2020101304000318,RLI,28,25,10,607.00,"6,070.00"
2020-10-13,2020101304000316,RLI,28,58,10,607.00,"6,070.00"
2020-10-13,2020101304000314,RLI,28,26,10,607.00,"6,070.00"
2020-10-13,2020101304000330,RLI,45,21,10,607.00,"6,070.00"
2020-10-13,2020101304000329,RLI,45,34,10,607.00,"6,070.00"
2020-10-13,2020101304000328,RLI,45,53,10,607.00,"6,070.00"
2020-10-13,2020101304000327,RLI,45,13,10,607.00,"6,070.00"
2020-10-13,2020101304000325,RLI,45,44,10,607.00,"6,070.00"
2020-10-13,2020101304000323,RLI,45,1,10,607.00,"6,070.00"
2020-10-13,2020101304000338,RLI,45,29,10,607.00,"6,070.00"
2020-10-13,2020101304000335,RLI,45,58,10,607.00,"6,070.00"
2020-10-13,2020101304000334,RLI,45,21,10,607.00,"6,070.00"
2020-10-13,2020101304000333,RLI,45,58,10,607.00,"6,070.00"
2020-10-13,2020101304000332,RLI,45,52,10,607.00,"6,070.00"
2020-10-13,2020101304000331,RLI,45,48,10,607.00,"6,070.00"
2020-10-13,2020101304000344,RLI,47,3,10,607.00,"6,070.00"
2020-10-13,2020101304000343,RLI,47,46,10,607.00,"6,070.00"
2020-10-13,2020101304000342,RLI,47,58,10,607.00,"6,070.00"
2020-10-13,2020101304000341,RLI,47,44,110,607.00,"66,770.00"
2020-10-13,2020101304000340,RLI,57,44,10,607.00,"6,070.00"
2020-10-13,2020101304000339,RLI,45,44,70,607.00,"42,490.00"
2020-10-13,2020101304000350,RLI,47,7,10,607.00,"6,070.00"
2020-10-13,2020101304000349,RLI,47,57,10,607.00,"6,070.00"
2020-10-13,2020101304000348,RLI,47,58,10,607.00,"6,070.00"
2020-10-13,2020101304000347,RLI,47,58,10,607.00,"6,070.00"
2020-10-13,2020101304000346,RLI,47,29,10,607.00,"6,070.00"
2020-10-13,2020101304000345,RLI,47,58,10,607.00,"6,070.00"
2020-10-13,2020101304000361,RLI,44,44,50,607.00,"30,350.00"
2020-10-13,2020101304000360,RLI,44,46,10,607.00,"6,070.00"
2020-10-13,2020101304000359,RLI,44,29,10,607.00,"6,070.00"
2020-10-13,2020101304000358,RLI,44,58,10,607.00,"6,070.00"
2020-10-13,2020101304000357,RLI,44,38,10,607.00,"6,070.00"
2020-10-13,2020101304000351,RLI,44,34,10,607.00,"6,070.00"
2020-10-13,2020101304000371,RLI,41,42,10,607.00,"6,070.00"
2020-10-13,2020101304000370,RLI,41,42,10,607.00,"6,070.00"
2020-10-13,2020101304000369,RLI,41,58,10,607.00,"6,070.00"
2020-10-13,2020101304000368,RLI,41,59,10,607.00,"6,070.00"
2020-10-13,2020101304000363,RLI,41,3,10,607.00,"6,070.00"
2020-10-13,2020101304000362,RLI,41,44,40,607.00,"24,280.00"
2020-10-13,2020101304000380,RLI,41,51,10,607.00,"6,070.00"
2020-10-13,2020101304000379,RLI,41,42,10,607.00,"6,070.00"
2020-10-13,2020101304000378,RLI,41,50,10,607.00,"6,070.00"
2020-10-13,2020101304000377,RLI,41,42,10,607.00,"6,070.00"
2020-10-13,2020101304000376,RLI,41,59,10,607.00,"6,070.00"
2020-10-13,2020101304000375,RLI,41,29,10,607.00,"6,070.00"
2020-10-13,2020101304000388,RLI,41,36,10,607.00,"6,070.00"
2020-10-13,2020101304000387,RLI,41,58,10,607.00,"6,070.00"
2020-10-13,2020101304000386,RLI,41,5,10,607.00,"6,070.00"
2020-10-13,2020101304000385,RLI,41,6,10,607.00,"6,070.00"
2020-10-13,2020101304000384,RLI,41,57,10,607.00,"6,070.00"
2020-10-13,2020101304000382,RLI,41,7,10,607.00,"6,070.00"
2020-10-13,2020101304000395,RLI,41,38,10,607.00,"6,070.00"
2020-10-13,2020101304000394,RLI,41,34,10,607.00,"6,070.00"
2020-10-13,2020101304000393,RLI,41,5,10,607.00,"6,070.00"
2020-10-13,2020101304000392,RLI,41,42,10,607.00,"6,070.00"
2020-10-13,2020101304000390,RLI,41,5,10,607.00,"6,070.00"
2020-10-13,2020101304000389,RLI,41,13,10,607.00,"6,070.00"
2020-10-13,2020101304000401,RLI,41,45,10,607.00,"6,070.00"
2020-10-13,2020101304000400,RLI,41,45,10,607.00,"6,070.00"
2020-10-13,2020101304000399,RLI,41,7,10,607.00,"6,070.00"
2020-10-13,2020101304000398,RLI,41,29,10,607.00,"6,070.00"
2020-10-13,2020101304000397,RLI,41,21,10,607.00,"6,070.00"
2020-10-13,2020101304000396,RLI,41,49,10,607.00,"6,070.00"
2020-10-13,2020101304000407,RLI,41,7,10,607.00,"6,070.00"
2020-10-13,2020101304000406,RLI,41,45,10,607.00,"6,070.00"
2020-10-13,2020101304000405,RLI,41,53,10,607.00,"6,070.00"
2020-10-13,2020101304000404,RLI,41,49,10,607.00,"6,070.00"
2020-10-13,2020101304000403,RLI,41,53,10,607.00,"6,070.00"
2020-10-13,2020101304000402,RLI,41,29,10,607.00,"6,070.00"
2020-10-13,2020101304000414,RLI,41,29,10,607.00,"6,070.00"
2020-10-13,2020101304000413,RLI,41,53,10,607.00,"6,070.00"
2020-10-13,2020101304000412,RLI,41,57,10,607.00,"6,070.00"
2020-10-13,2020101304000410,RLI,41,29,10,607.00,"6,070.00"
2020-10-13,2020101304000409,RLI,41,56,10,607.00,"6,070.00"
2020-10-13,2020101304000408,RLI,41,36,10,607.00,"6,070.00"
2020-10-13,2020101304000421,RLI,14,41,40,607.00,"24,280.00"
2020-10-13,2020101304000420,RLI,41,41,20,607.00,"12,140.00"
2020-10-13,2020101304000419,RLI,41,21,10,607.00,"6,070.00"
2020-10-13,2020101304000418,RLI,41,29,10,607.00,"6,070.00"
2020-10-13,2020101304000416,RLI,41,7,10,607.00,"6,070.00"
2020-10-13,2020101304000415,RLI,34,49,10,608.00,"6,080.00"
2020-10-13,2020101304000428,RLI,48,48,5,607.00,"3,035.00"
2020-10-13,2020101304000427,RLI,26,4,10,607.00,"6,070.00"
2020-10-13,2020101304000426,RLI,26,58,10,607.00,"6,070.00"
2020-10-13,2020101304000425,RLI,26,29,10,607.00,"6,070.00"
2020-10-13,2020101304000424,RLI,26,19,10,607.00,"6,070.00"
2020-10-13,2020101304000423,RLI,14,29,10,607.00,"6,070.00"
2020-10-13,2020101304000435,RLI,26,58,10,607.00,"6,070.00"
2020-10-13,2020101304000433,RLI,26,52,10,607.00,"6,070.00"
2020-10-13,2020101304000432,RLI,26,56,10,607.00,"6,070.00"
2020-10-13,2020101304000431,RLI,26,29,10,607.00,"6,070.00"
2020-10-13,2020101304000430,RLI,26,53,10,607.00,"6,070.00"
2020-10-13,2020101304000429,RLI,26,57,10,607.00,"6,070.00"
2020-10-13,2020101304000441,RLI,32,38,10,607.00,"6,070.00"
2020-10-13,2020101304000440,RLI,32,41,10,607.00,"6,070.00"
2020-10-13,2020101304000439,RLI,32,29,10,607.00,"6,070.00"
2020-10-13,2020101304000438,RLI,32,50,10,607.00,"6,070.00"
2020-10-13,2020101304000437,RLI,32,56,10,607.00,"6,070.00"
2020-10-13,2020101304000436,RLI,32,58,10,607.00,"6,070.00"
2020-10-13,2020101304000447,RLI,59,58,10,608.00,"6,080.00"
2020-10-13,2020101304000446,RLI,59,35,10,608.00,"6,080.00"
2020-10-13,2020101304000445,RLI,59,32,10,608.00,"6,080.00"
2020-10-13,2020101304000444,RLI,59,49,10,608.00,"6,080.00"
2020-10-13,2020101304000443,RLI,32,49,10,607.00,"6,070.00"
2020-10-13,2020101304000442,RLI,32,29,10,607.00,"6,070.00"
2020-10-13,2020101304000453,RLI,59,34,10,608.00,"6,080.00"
2020-10-13,2020101304000452,RLI,59,3,60,608.00,"36,480.00"
2020-10-13,2020101304000451,RLI,59,43,10,608.00,"6,080.00"
2020-10-13,2020101304000450,RLI,59,52,10,608.00,"6,080.00"
2020-10-13,2020101304000449,RLI,59,52,10,608.00,"6,080.00"
2020-10-13,2020101304000448,RLI,59,25,10,608.00,"6,080.00"
2020-10-13,2020101304000459,RLI,32,35,10,607.00,"6,070.00"
2020-10-13,2020101304000458,RLI,59,58,10,608.00,"6,080.00"
2020-10-13,2020101304000457,RLI,59,58,10,608.00,"6,080.00"
2020-10-13,2020101304000456,RLI,59,1,10,608.00,"6,080.00"
2020-10-13,2020101304000455,RLI,59,58,10,608.00,"6,080.00"
2020-10-13,2020101304000454,RLI,59,22,10,608.00,"6,080.00"
2020-10-13,2020101304000465,RLI,32,44,10,607.00,"6,070.00"
2020-10-13,2020101304000464,RLI,32,41,10,607.00,"6,070.00"
2020-10-13,2020101304000463,RLI,32,44,10,607.00,"6,070.00"
2020-10-13,2020101304000462,RLI,32,29,10,607.00,"6,070.00"
2020-10-13,2020101304000461,RLI,32,21,10,607.00,"6,070.00"
2020-10-13,2020101304000460,RLI,32,46,10,607.00,"6,070.00"
2020-10-13,2020101304000474,RLI,32,44,10,607.00,"6,070.00"
2020-10-13,2020101304000472,RLI,32,39,10,607.00,"6,070.00"
2020-10-13,2020101304000471,RLI,32,44,10,607.00,"6,070.00"
2020-10-13,2020101304000469,RLI,32,49,10,607.00,"6,070.00"
2020-10-13,2020101304000468,RLI,32,44,10,607.00,"6,070.00"
2020-10-13,2020101304000466,RLI,32,46,10,607.00,"6,070.00"
2020-10-13,2020101304000480,RLI,34,17,10,608.00,"6,080.00"
2020-10-13,2020101304000479,RLI,32,38,10,607.00,"6,070.00"
2020-10-13,2020101304000478,RLI,32,3,10,607.00,"6,070.00"
2020-10-13,2020101304000477,RLI,32,42,10,607.00,"6,070.00"
2020-10-13,2020101304000476,RLI,32,59,10,607.00,"6,070.00"
2020-10-13,2020101304000475,RLI,32,46,10,607.00,"6,070.00"
2020-10-13,2020101304000486,RLI,49,29,10,607.00,"6,070.00"
2020-10-13,2020101304000485,RLI,1,44,10,606.00,"6,060.00"
2020-10-13,2020101304000484,RLI,32,44,10,607.00,"6,070.00"
2020-10-13,2020101304000483,RLI,32,29,10,607.00,"6,070.00"
2020-10-13,2020101304000482,RLI,32,22,10,607.00,"6,070.00"
2020-10-13,2020101304000481,RLI,32,44,10,607.00,"6,070.00"
2020-10-13,2020101304000492,RLI,34,49,10,608.00,"6,080.00"
2020-10-13,2020101304000491,RLI,41,28,10,607.00,"6,070.00"
2020-10-13,2020101304000490,RLI,41,29,10,607.00,"6,070.00"
2020-10-13,2020101304000489,RLI,41,3,10,607.00,"6,070.00"
2020-10-13,2020101304000488,RLI,1,38,10,606.00,"6,060.00"
2020-10-13,2020101304000487,RLI,49,32,10,607.00,"6,070.00"
2020-10-13,2020101304000498,RLI,41,42,10,607.00,"6,070.00"
2020-10-13,2020101304000497,RLI,41,29,10,607.00,"6,070.00"
2020-10-13,2020101304000496,RLI,41,29,10,607.00,"6,070.00"
2020-10-13,2020101304000495,RLI,41,29,10,607.00,"6,070.00"
2020-10-13,2020101304000494,RLI,41,33,10,607.00,"6,070.00"
2020-10-13,2020101304000493,RLI,41,29,10,607.00,"6,070.00"
2020-10-13,2020101304000504,RLI,43,29,10,607.00,"6,070.00"
2020-10-13,2020101304000503,RLI,43,29,10,607.00,"6,070.00"
2020-10-13,2020101304000502,RLI,43,29,10,607.00,"6,070.00"
2020-10-13,2020101304000501,RLI,41,57,10,607.00,"6,070.00"
2020-10-13,2020101304000500,RLI,41,8,10,607.00,"6,070.00"
2020-10-13,2020101304000499,RLI,41,29,10,607.00,"6,070.00"
2020-10-13,2020101304000510,RLI,44,29,10,607.00,"6,070.00"
2020-10-13,2020101304000509,RLI,44,57,10,607.00,"6,070.00"
2020-10-13,2020101304000508,RLI,1,36,10,606.00,"6,060.00"
2020-10-13,2020101304000507,RLI,1,56,10,606.00,"6,060.00"
2020-10-13,2020101304000506,RLI,43,58,10,607.00,"6,070.00"
2020-10-13,2020101304000505,RLI,43,29,10,607.00,"6,070.00"
2020-10-13,2020101304000516,RLI,1,20,10,606.00,"6,060.00"
2020-10-13,2020101304000515,RLI,1,49,10,606.00,"6,060.00"
2020-10-13,2020101304000514,RLI,44,45,10,608.00,"6,080.00"
2020-10-13,2020101304000513,RLI,44,14,10,608.00,"6,080.00"
2020-10-13,2020101304000512,RLI,1,20,10,606.00,"6,060.00"
2020-10-13,2020101304000511,RLI,1,57,10,606.00,"6,060.00"
2020-10-13,2020101304000523,RLI,56,19,10,606.00,"6,060.00"
2020-10-13,2020101304000521,RLI,56,36,10,606.00,"6,060.00"
2020-10-13,2020101304000520,RLI,56,20,10,606.00,"6,060.00"
2020-10-13,2020101304000519,RLI,56,21,10,606.00,"6,060.00"
2020-10-13,2020101304000518,RLI,56,20,10,606.00,"6,060.00"
2020-10-13,2020101304000517,RLI,56,22,10,606.00,"6,060.00"
2020-10-13,2020101304000530,RLI,1,29,10,606.00,"6,060.00"
2020-10-13,2020101304000529,RLI,1,29,10,606.00,"6,060.00"
2020-10-13,2020101304000528,RLI,56,41,10,606.00,"6,060.00"
2020-10-13,2020101304000526,RLI,56,4,10,606.00,"6,060.00"
2020-10-13,2020101304000525,RLI,56,6,10,606.00,"6,060.00"
2020-10-13,2020101304000524,RLI,56,36,10,606.00,"6,060.00"
2020-10-13,2020101304000537,RLI,1,40,10,606.00,"6,060.00"
2020-10-13,2020101304000536,RLI,1,20,10,606.00,"6,060.00"
2020-10-13,2020101304000535,RLI,35,14,10,607.00,"6,070.00"
2020-10-13,2020101304000534,RLI,35,14,10,607.00,"6,070.00"
2020-10-13,2020101304000533,RLI,1,17,10,606.00,"6,060.00"
2020-10-13,2020101304000531,RLI,1,34,10,606.00,"6,060.00"
2020-10-13,2020101304000543,RLI,45,29,10,607.00,"6,070.00"
2020-10-13,2020101304000542,RLI,45,52,10,607.00,"6,070.00"
2020-10-13,2020101304000541,RLI,45,20,10,607.00,"6,070.00"
2020-10-13,2020101304000540,RLI,45,14,10,607.00,"6,070.00"
2020-10-13,2020101304000539,RLI,1,20,10,606.00,"6,060.00"
2020-10-13,2020101304000538,RLI,1,29,10,606.00,"6,060.00"
2020-10-13,2020101304000550,RLI,45,20,10,607.00,"6,070.00"
2020-10-13,2020101304000549,RLI,45,4,10,607.00,"6,070.00"
2020-10-13,2020101304000548,RLI,45,49,10,607.00,"6,070.00"
2020-10-13,2020101304000547,RLI,45,56,10,607.00,"6,070.00"
2020-10-13,2020101304000546,RLI,45,20,10,607.00,"6,070.00"
2020-10-13,2020101304000544,RLI,45,20,10,607.00,"6,070.00"
2020-10-13,2020101304000557,RLI,41,56,10,607.00,"6,070.00"
2020-10-13,2020101304000555,RLI,41,38,10,607.00,"6,070.00"
2020-10-13,2020101304000554,RLI,41,45,10,607.00,"6,070.00"
2020-10-13,2020101304000553,RLI,41,35,10,607.00,"6,070.00"
2020-10-13,2020101304000552,RLI,41,29,10,607.00,"6,070.00"
2020-10-13,2020101304000551,RLI,1,52,10,606.00,"6,060.00"
2020-10-13,2020101304000566,RLI,1,59,10,606.00,"6,060.00"
2020-10-13,2020101304000565,RLI,1,40,10,606.00,"6,060.00"
2020-10-13,2020101304000564,RLI,1,59,10,606.00,"6,060.00"
2020-10-13,2020101304000563,RLI,1,56,10,606.00,"6,060.00"
2020-10-13,2020101304000560,RLI,1,32,10,606.00,"6,060.00"
2020-10-13,2020101304000559,RLI,1,17,10,606.00,"6,060.00"
2020-10-13,2020101304000574,RLI,1,1,10,606.00,"6,060.00"
2020-10-13,2020101304000573,RLI,1,1,10,606.00,"6,060.00"
2020-10-13,2020101304000572,RLI,1,21,10,606.00,"6,060.00"
2020-10-13,2020101304000570,RLI,1,56,10,606.00,"6,060.00"
2020-10-13,2020101304000569,RLI,1,56,10,606.00,"6,060.00"
2020-10-13,2020101304000567,RLI,1,14,10,606.00,"6,060.00"
2020-10-13,2020101304000583,RLI,1,56,10,606.00,"6,060.00"
2020-10-13,2020101304000582,RLI,1,41,10,606.00,"6,060.00"
2020-10-13,2020101304000578,RLI,1,56,10,606.00,"6,060.00"
2020-10-13,2020101304000577,RLI,1,34,10,606.00,"6,060.00"
2020-10-13,2020101304000576,RLI,1,32,10,606.00,"6,060.00"
2020-10-13,2020101304000575,RLI,1,6,10,606.00,"6,060.00"
2020-10-13,2020101304000590,RLI,29,44,10,607.00,"6,070.00"
2020-10-13,2020101304000589,RLI,29,3,10,607.00,"6,070.00"
2020-10-13,2020101304000588,RLI,29,3,10,607.00,"6,070.00"
2020-10-13,2020101304000587,RLI,29,13,10,607.00,"6,070.00"
2020-10-13,2020101304000586,RLI,1,28,10,606.00,"6,060.00"
2020-10-13,2020101304000585,RLI,1,45,10,606.00,"6,060.00"
2020-10-13,2020101304000584,SAEF,45,34,"10,000",10.50,"105,000.00"
2020-10-13,2020101304000581,SAEF,45,34,"8,500",10.50,"89,250.00"
2020-10-13,2020101304000580,SAEF,45,11,"1,000",10.50,"10,500.00"
2020-10-13,2020101304000579,SAEF,45,57,500,10.45,"5,225.00"
2020-10-13,2020101304000317,SAEF,32,26,500,10.43,"5,215.00"
2020-10-13,2020101304000297,SAEF,33,32,"1,000",10.44,"10,440.00"
2020-10-13,2020101304000296,SAEF,33,11,400,10.44,"4,176.00"
2020-10-13,2020101304000276,SAEF,33,11,"2,500",10.44,"26,100.00"
2020-10-13,2020101304000112,SAEF,33,34,"1,500",10.44,"15,660.00"
2020-10-13,2020101304000108,SAEF,33,20,"1,000",10.44,"10,440.00"
2020-10-13,2020101304000102,SAND2085,13,21,25,"1,021.00","25,525.00"
2020-10-13,2020101304000522,SEF,56,58,"2,500",9.20,"23,000.00"
2020-10-13,2020101304000391,SEF,32,35,"1,000",9.20,"9,200.00"
2020-10-13,2020101304000319,SEF,6,58,500,9.30,"4,650.00"
2020-10-13,2020101304000271,SEF,6,11,"2,100",9.30,"19,530.00"
2020-10-13,2020101304000174,SEF,32,33,"4,000",9.31,"37,240.00"
2020-10-13,2020101304000105,SEF,45,57,"5,000",9.35,"46,750.00"
2020-10-13,2020101304000527,SFMF,17,36,100,9.40,940.00
2020-10-13,2020101304000473,STC,34,45,30,"3,395.00","101,850.00"
2020-10-13,2020101304000470,STC,5,45,10,"3,395.00","33,950.00"
2020-10-13,2020101304000194,STC,16,40,10,"3,380.00","33,800.00"
2020-10-13,2020101304000193,STC,10,40,10,"3,380.00","33,800.00"
2020-10-13,2020101304000192,STC,38,40,10,"3,381.00","33,810.00"
2020-10-13,2020101304000191,STC,26,40,30,"3,381.00","101,430.00"
2020-10-13,2020101304000121,STC,26,40,10,"3,381.00","33,810.00"
2020-10-13,2020101304000120,STC,37,40,50,"3,382.00","169,100.00"
2020-10-13,2020101303011268,ALBSL,57,49,19,802.00,"15,238.00"
2020-10-13,2020101303011267,ALBSL,35,49,30,802.00,"24,060.00"
2020-10-13,2020101303011237,ALBSL,35,52,70,802.00,"56,140.00"
2020-10-13,2020101303011216,ALBSL,33,52,30,802.00,"24,060.00"
2020-10-13,2020101303011041,ALBSL,42,19,20,801.00,"16,020.00"
2020-10-13,2020101303010921,ALBSL,35,19,110,802.00,"88,220.00"
2020-10-13,2020101303011280,ALICL,44,52,300,715.00,"214,500.00"
2020-10-13,2020101303011243,ALICL,44,25,120,715.00,"85,800.00"
2020-10-13,2020101303011242,ALICL,35,25,20,715.00,"14,300.00"
2020-10-13,2020101303011241,ALICL,4,25,200,715.00,"143,000.00"
2020-10-13,2020101303011104,BFC,32,16,50,142.00,"7,100.00"
2020-10-13,2020101303011103,BFC,46,16,200,142.00,"28,400.00"
2020-10-13,2020101303011102,BFC,49,16,100,142.00,"14,200.00"
2020-10-13,2020101303011101,BFC,19,16,150,142.00,"21,300.00"
2020-10-13,2020101303011100,BFC,56,16,100,142.00,"14,200.00"
2020-10-13,2020101303011099,BFC,25,16,400,142.00,"56,800.00"
2020-10-13,2020101303011067,BFC,25,17,50,142.00,"7,100.00"
2020-10-13,2020101303010983,BFC,25,26,50,142.00,"7,100.00"
2020-10-13,2020101303010982,BFC,25,26,100,142.00,"14,200.00"
2020-10-13,2020101303011201,CBBL,43,25,25,"1,113.00","27,825.00"
2020-10-13,2020101303011307,CFCL,54,45,100,164.00,"16,400.00"
2020-10-13,2020101303010940,CFCL,3,29,127,163.00,"20,701.00"
2020-10-13,2020101303010939,CFCL,41,29,100,163.00,"16,300.00"
2020-10-13,2020101303010938,CFCL,32,29,200,163.00,"32,600.00"
2020-10-13,2020101303011283,CIT,35,4,20,"3,470.00","69,400.00"
2020-10-13,2020101303011256,CIT,35,44,10,"3,473.00","34,730.00"
2020-10-13,2020101303011197,CIT,35,59,30,"3,469.00","104,070.00"
2020-10-13,2020101303011196,CIT,41,34,10,"3,465.00","34,650.00"
2020-10-13,2020101303011195,CIT,49,34,10,"3,466.00","34,660.00"
2020-10-13,2020101304000035,CMF1,32,58,"2,500",9.80,"24,500.00"
2020-10-13,2020101304000019,CMF1,43,42,100,9.80,980.00
2020-10-13,2020101303011087,DDBL,43,25,"1,000",851.00,"851,000.00"
2020-10-13,2020101303011016,DDBL,41,35,295,851.00,"251,045.00"
2020-10-13,2020101303011015,DDBL,51,35,100,851.00,"85,100.00"
2020-10-13,2020101303011014,DDBL,34,35,50,851.00,"42,550.00"
2020-10-13,2020101303011013,DDBL,26,35,35,851.00,"29,785.00"
2020-10-13,2020101303011012,DDBL,5,35,10,851.00,"8,510.00"
2020-10-13,2020101303011011,DDBL,41,35,10,851.00,"8,510.00"
2020-10-13,2020101303011212,EDBL,25,47,20,330.00,"6,600.00"
2020-10-13,2020101303011164,EDBL,25,38,373,324.00,"120,852.00"
2020-10-13,2020101303011052,EDBL,51,38,200,324.00,"64,800.00"
2020-10-13,2020101303010914,EDBL,25,38,20,329.00,"6,580.00"
2020-10-13,2020101303011251,FMDBL,59,28,91,564.00,"51,324.00"
2020-10-13,2020101303011250,FMDBL,56,28,30,564.00,"16,920.00"
2020-10-13,2020101303011234,FMDBL,1,25,250,565.00,"141,250.00"
2020-10-13,2020101303010944,FMDBL,13,32,75,567.00,"42,525.00"
2020-10-13,2020101303010943,FMDBL,50,32,50,567.00,"28,350.00"
2020-10-13,2020101303010942,FMDBL,13,32,222,567.00,"125,874.00"
2020-10-13,2020101303011002,FMDBL,49,28,50,567.00,"28,350.00"
2020-10-13,2020101303011001,FMDBL,53,28,20,567.00,"11,340.00"
2020-10-13,2020101303011000,FMDBL,41,28,15,567.00,"8,505.00"
2020-10-13,2020101303010999,FMDBL,11,28,50,567.00,"28,350.00"
2020-10-13,2020101303010998,FMDBL,14,28,50,567.00,"28,350.00"
2020-10-13,2020101303010997,FMDBL,13,28,725,567.00,"411,075.00"
2020-10-13,2020101303011036,FMDBL,13,1,810,566.00,"458,460.00"
2020-10-13,2020101303011035,FMDBL,13,1,"1,500",566.00,"849,000.00"
2020-10-13,2020101303011034,FMDBL,44,1,300,566.00,"169,800.00"
2020-10-13,2020101303011033,FMDBL,59,1,190,566.00,"107,540.00"
2020-10-13,2020101303011032,FMDBL,38,1,200,566.00,"113,200.00"
2020-10-13,2020101303011003,FMDBL,52,28,126,567.00,"71,442.00"
2020-10-13,2020101303011227,FMDBL,28,25,10,565.00,"5,650.00"
2020-10-13,2020101303011226,FMDBL,42,25,16,565.00,"9,040.00"
2020-10-13,2020101303011225,FMDBL,35,25,200,565.00,"113,000.00"
2020-10-13,2020101303011224,FMDBL,53,25,10,566.00,"5,660.00"
2020-10-13,2020101303011223,FMDBL,56,25,50,566.00,"28,300.00"
2020-10-13,2020101303011222,FMDBL,13,25,690,566.00,"390,540.00"
2020-10-13,2020101303011233,FMDBL,45,25,600,565.00,"339,000.00"
2020-10-13,2020101303011232,FMDBL,38,25,50,565.00,"28,250.00"
2020-10-13,2020101303011231,FMDBL,25,25,90,565.00,"50,850.00"
2020-10-13,2020101303011230,FMDBL,35,25,100,565.00,"56,500.00"
2020-10-13,2020101303011229,FMDBL,56,25,50,565.00,"28,250.00"
2020-10-13,2020101303011228,FMDBL,3,25,25,565.00,"14,125.00"
2020-10-13,2020101303011169,FOWAD,33,45,239,"1,537.00","367,343.00"
2020-10-13,2020101303011049,FOWAD,48,45,50,"1,537.00","76,850.00"
2020-10-13,2020101303011039,FOWAD,19,32,18,"1,540.00","27,720.00"
2020-10-13,2020101303011260,GBBL,16,17,850,268.00,"227,800.00"
2020-10-13,2020101303011259,GBBL,16,6,150,268.00,"40,200.00"
2020-10-13,2020101303011194,GBBL,52,47,24,267.00,"6,408.00"
2020-10-13,2020101303011190,GBBL,38,6,350,268.00,"93,800.00"
2020-10-13,2020101303011295,GBLBS,57,38,67,515.00,"34,505.00"
2020-10-13,2020101303011286,GBLBS,57,36,33,515.00,"16,995.00"
2020-10-13,2020101303011285,GBLBS,34,36,50,515.00,"25,750.00"
2020-10-13,2020101303011284,GBLBS,17,36,17,515.00,"8,755.00"
2020-10-13,2020101303011181,GBLBS,44,46,100,516.00,"51,600.00"
2020-10-13,2020101303011054,GBLBS,17,35,33,515.00,"16,995.00"
2020-10-13,2020101303011053,GBLBS,44,35,17,515.00,"8,755.00"
2020-10-13,2020101303011038,GBLBS,44,42,410,515.00,"211,150.00"
2020-10-13,2020101303010972,GBLBS,44,37,205,515.00,"105,575.00"
2020-10-13,2020101303011312,GFCL,28,34,100,193.00,"19,300.00"
2020-10-13,2020101303011261,GFCL,28,35,100,193.00,"19,300.00"
2020-10-13,2020101303011288,GILB,57,33,213,"1,255.00","267,315.00"
2020-10-13,2020101303011275,GILB,44,33,20,"1,255.00","25,100.00"
2020-10-13,2020101303011200,GILB,57,33,10,"1,255.00","12,550.00"
2020-10-13,2020101304000087,GIMES1,3,33,"3,100",10.00,"31,000.00"
2020-10-13,2020101304000086,GIMES1,3,42,"1,000",10.00,"10,000.00"
2020-10-13,2020101304000085,GIMES1,3,34,900,10.00,"9,000.00"
2020-10-13,2020101304000079,GIMES1,38,34,100,10.00,"1,000.00"
2020-10-13,2020101303011074,GLICL,46,51,149,610.00,"90,890.00"
2020-10-13,2020101303011193,GMFBS,25,25,10,815.00,"8,150.00"
2020-10-13,2020101303011044,GMFBS,25,21,12,810.00,"9,720.00"
2020-10-13,2020101303011043,GMFBS,40,21,30,810.00,"24,300.00"
2020-10-13,2020101303010930,GMFBS,40,35,10,810.00,"8,100.00"
2020-10-13,2020101303011188,GMFIL,45,28,10,180.00,"1,800.00"
2020-10-13,2020101303011165,GMFIL,38,28,10,180.00,"1,800.00"
2020-10-13,2020101303011047,GMFIL,45,52,28,178.00,"4,984.00"
2020-10-13,2020101303011209,GRDBL,6,33,430,159.00,"68,370.00"
2020-10-13,2020101303011208,GRDBL,6,52,100,158.00,"15,800.00"
2020-10-13,2020101303011207,GRDBL,6,52,100,158.00,"15,800.00"
2020-10-13,2020101303011206,GRDBL,6,39,100,158.00,"15,800.00"
2020-10-13,2020101303011205,GRDBL,6,20,270,158.00,"42,660.00"
2020-10-13,2020101303011061,GRDBL,35,20,300,158.00,"47,400.00"
2020-10-13,2020101303011308,GUFL,37,5,500,152.00,"76,000.00"
2020-10-13,2020101303011066,GUFL,22,55,100,152.00,"15,200.00"
2020-10-13,2020101303011048,GUFL,37,49,300,151.00,"45,300.00"
2020-10-13,2020101303010941,GUFL,32,33,500,152.00,"76,000.00"
2020-10-13,2020101303011310,HIDCL,46,35,10,186.00,"1,860.00"
2020-10-13,2020101303011305,HIDCL,48,28,11,185.00,"2,035.00"
2020-10-13,2020101303011026,HIDCL,48,16,20,185.00,"3,700.00"
2020-10-13,2020101303010987,HIDCL,51,16,10,185.00,"1,850.00"
2020-10-13,2020101303010981,HIDCL,46,22,18,184.00,"3,312.00"
2020-10-13,2020101303010936,HIDCL,58,45,114,185.00,"21,090.00"
2020-10-13,2020101303011303,ICFC,58,49,10,262.00,"2,620.00"
2020-10-13,2020101303011302,ICFC,58,51,115,262.00,"30,130.00"
2020-10-13,2020101303011301,ICFC,58,51,100,261.00,"26,100.00"
2020-10-13,2020101303011300,ICFC,58,43,335,261.00,"87,435.00"
2020-10-13,2020101303011299,ICFC,58,55,"2,000",260.00,"520,000.00"
2020-10-13,2020101303011298,ICFC,58,43,990,260.00,"257,400.00"
2020-10-13,2020101303010970,ICFC,55,52,100,257.00,"25,700.00"
2020-10-13,2020101303011116,ICFC,58,34,274,258.00,"70,692.00"
2020-10-13,2020101303011115,ICFC,58,41,90,258.00,"23,220.00"
2020-10-13,2020101303011083,ICFC,58,49,"25,000",257.00,"6,425,000.00"
2020-10-13,2020101303011065,ICFC,57,55,"2,000",257.00,"514,000.00"
2020-10-13,2020101303011028,ICFC,57,52,"1,400",257.00,"359,800.00"
2020-10-13,2020101303011004,ICFC,58,17,"1,490",255.00,"379,950.00"
2020-10-13,2020101303011122,ICFC,58,44,"1,000",258.00,"258,000.00"
2020-10-13,2020101303011121,ICFC,58,50,300,258.00,"77,400.00"
2020-10-13,2020101303011120,ICFC,58,38,32,258.00,"8,256.00"
2020-10-13,2020101303011119,ICFC,58,50,"2,580",258.00,"665,640.00"
2020-10-13,2020101303011118,ICFC,58,25,300,258.00,"77,400.00"
2020-10-13,2020101303011117,ICFC,58,57,100,258.00,"25,800.00"
2020-10-13,2020101303011128,ICFC,58,45,10,259.00,"2,590.00"
2020-10-13,2020101303011127,ICFC,58,17,100,259.00,"25,900.00"
2020-10-13,2020101303011126,ICFC,58,49,"1,000",259.00,"259,000.00"
2020-10-13,2020101303011125,ICFC,58,17,990,259.00,"256,410.00"
2020-10-13,2020101303011124,ICFC,58,34,20,258.00,"5,160.00"
2020-10-13,2020101303011123,ICFC,58,32,200,258.00,"51,600.00"
2020-10-13,2020101303011134,ICFC,58,13,50,260.00,"13,000.00"
2020-10-13,2020101303011133,ICFC,58,21,200,260.00,"52,000.00"
2020-10-13,2020101303011132,ICFC,58,1,135,260.00,"35,100.00"
2020-10-13,2020101303011131,ICFC,58,19,50,260.00,"13,000.00"
2020-10-13,2020101303011130,ICFC,58,46,"1,000",260.00,"260,000.00"
2020-10-13,2020101303011129,ICFC,58,51,"1,728",260.00,"449,280.00"
2020-10-13,2020101303011211,ICFC,6,43,10,260.00,"2,600.00"
2020-10-13,2020101303011180,ICFC,16,38,100,258.00,"25,800.00"
2020-10-13,2020101303011138,ICFC,16,55,"1,000",258.00,"258,000.00"
2020-10-13,2020101303011137,ICFC,58,43,665,261.00,"173,565.00"
2020-10-13,2020101303011136,ICFC,58,22,176,260.00,"45,760.00"
2020-10-13,2020101303011135,ICFC,58,21,"1,000",260.00,"260,000.00"
2020-10-13,2020101303011297,ICFC,58,43,450,259.00,"116,550.00"
2020-10-13,2020101303011294,ICFC,16,43,500,259.00,"129,500.00"
2020-10-13,2020101303011277,ICFC,6,43,50,259.00,"12,950.00"
2020-10-13,2020101303011276,ICFC,6,52,100,258.00,"25,800.00"
2020-10-13,2020101303011218,ICFC,16,52,"1,000",258.00,"258,000.00"
2020-10-13,2020101303011217,ICFC,16,52,400,258.00,"103,200.00"
2020-10-13,2020101303010915,ILBS,57,41,10,816.00,"8,160.00"
2020-10-13,2020101303011304,JBBL,17,57,150,217.00,"32,550.00"
2020-10-13,2020101303011296,JBBL,3,57,10,217.00,"2,170.00"
2020-10-13,2020101303011282,JBBL,10,35,"1,500",217.00,"325,500.00"
2020-10-13,2020101303011266,JBBL,58,50,100,216.00,"21,600.00"
2020-10-13,2020101303011215,JBBL,58,25,200,216.00,"43,200.00"
2020-10-13,2020101303011204,JBBL,39,35,500,217.00,"108,500.00"
