Date,Transact. No.,Symbol,Buyer,Seller,Quantity,Rate,Amount
2021-01-12,2021011203016644,ALICL,18,38,200,"1,021.00","204,200.00"
2021-01-12,2021011203016377,ALICL,56,38,10,"1,021.00","10,210.00"
2021-01-12,2021011203016369,ALICL,55,38,100,"1,021.00","102,100.00"
2021-01-12,2021011203016296,ALICL,34,16,64,"1,023.00","65,472.00"
2021-01-12,2021011203016295,ALICL,34,29,10,"1,023.00","10,230.00"
2021-01-12,2021011203016294,ALICL,34,51,26,"1,023.00","26,598.00"
2021-01-12,2021011203016273,ALICL,34,51,50,"1,023.00","51,150.00"
2021-01-12,2021011203016272,ALICL,34,44,100,"1,022.00","102,200.00"
2021-01-12,2021011203016271,ALICL,34,43,50,"1,022.00","51,100.00"
2021-01-12,2021011203016233,ALICL,34,43,200,"1,022.00","204,400.00"
2021-01-12,2021011203016229,ALICL,21,17,10,"1,020.00","10,200.00"
2021-01-12,2021011203016535,BFC,57,42,200,143.00,"28,600.00"
2021-01-12,2021011203016367,BFC,21,42,40,143.00,"5,720.00"
2021-01-12,2021011203016262,CBBL,49,6,15,"1,234.00","18,510.00"
2021-01-12,2021011203016241,CBBL,35,6,530,"1,232.00","652,960.00"
2021-01-12,2021011203016240,CBBL,56,6,200,"1,232.00","246,400.00"
2021-01-12,2021011203016239,CBBL,39,6,100,"1,233.00","123,300.00"
2021-01-12,2021011203016199,CBBL,52,50,50,"1,237.00","61,850.00"
2021-01-12,2021011203016646,CIT,26,41,10,"3,441.00","34,410.00"
2021-01-12,2021011203016606,CIT,8,41,10,"3,441.00","34,410.00"
2021-01-12,2021011203016370,CIT,58,41,29,"3,436.00","99,644.00"
2021-01-12,2021011203016365,CIT,41,41,100,"3,441.00","344,100.00"
2021-01-12,2021011203016301,CIT,41,41,10,"3,437.00","34,370.00"
2021-01-12,2021011203016300,CIT,26,41,27,"3,441.00","92,907.00"
2021-01-12,2021011203016299,CIT,26,55,23,"3,441.00","79,143.00"
2021-01-12,2021011203016276,CMF2,43,57,100,10.20,"1,020.00"
2021-01-12,2021011203016196,CORBL,34,33,10,310.00,"3,100.00"
2021-01-12,2021011203016612,DDBL,50,13,10,"1,475.00","14,750.00"
2021-01-12,2021011203016366,DDBL,45,33,68,"1,474.00","100,232.00"
2021-01-12,2021011203016298,DDBL,50,33,82,"1,474.00","120,868.00"
2021-01-12,2021011203016285,DDBL,50,44,18,"1,474.00","26,532.00"
2021-01-12,2021011203016284,DDBL,40,44,82,"1,474.00","120,868.00"
2021-01-12,2021011203016211,DDBL,6,13,37,"1,475.00","54,575.00"
2021-01-12,2021011203016210,DDBL,6,50,50,"1,475.00","73,750.00"
2021-01-12,2021011203016209,DDBL,6,22,25,"1,475.00","36,875.00"
2021-01-12,2021011203016208,DDBL,6,45,62,"1,475.00","91,450.00"
2021-01-12,2021011203016207,DDBL,6,45,26,"1,475.00","38,350.00"
2021-01-12,2021011203016327,EDBL,16,43,50,369.00,"18,450.00"
2021-01-12,2021011203016326,EDBL,16,10,160,369.00,"59,040.00"
2021-01-12,2021011203016562,FMDBL,25,57,30,632.00,"18,960.00"
2021-01-12,2021011203016382,FOWAD,44,42,50,"2,288.00","114,400.00"
2021-01-12,2021011203016381,FOWAD,26,42,20,"2,288.00","45,760.00"
2021-01-12,2021011203016575,GBBL,45,4,365,325.00,"118,625.00"
2021-01-12,2021011203016520,GBLBS,33,19,100,619.00,"61,900.00"
2021-01-12,2021011203016519,GBLBS,25,19,100,619.00,"61,900.00"
2021-01-12,2021011203016518,GBLBS,3,19,85,619.00,"52,615.00"
2021-01-12,2021011203016460,GBLBS,17,45,285,620.00,"176,700.00"
2021-01-12,2021011203016459,GBLBS,17,34,15,620.00,"9,300.00"
2021-01-12,2021011203016174,GBLBS,3,42,15,618.00,"9,270.00"
2021-01-12,2021011203016557,GFCL,39,11,10,207.00,"2,070.00"
2021-01-12,2021011203016397,GFCL,51,25,50,206.00,"10,300.00"
2021-01-12,2021011203016396,GFCL,51,25,50,206.00,"10,300.00"
2021-01-12,2021011203016384,GFCL,51,21,700,206.00,"144,200.00"
2021-01-12,2021011203016483,GILB,38,37,30,"1,439.00","43,170.00"
2021-01-12,2021011203016604,GLICL,50,1,400,647.00,"258,800.00"
2021-01-12,2021011203016570,GLICL,50,6,500,647.00,"323,500.00"
2021-01-12,2021011203016541,GLICL,50,57,200,647.00,"129,400.00"
2021-01-12,2021011203016522,GLICL,50,43,31,647.00,"20,057.00"
2021-01-12,2021011203016521,GLICL,49,48,25,648.00,"16,200.00"
2021-01-12,2021011203016476,GLICL,56,48,50,648.00,"32,400.00"
2021-01-12,2021011203016448,GLICL,28,48,100,648.00,"64,800.00"
2021-01-12,2021011203016440,GLICL,50,6,120,647.00,"77,640.00"
2021-01-12,2021011203016439,GLICL,21,6,130,647.00,"84,110.00"
2021-01-12,2021011203016393,GLICL,21,32,21,647.00,"13,587.00"
2021-01-12,2021011203016282,GLICL,21,34,100,647.00,"64,700.00"
2021-01-12,2021011203016527,GRDBL,48,34,60,158.00,"9,480.00"
2021-01-12,2021011203016526,GRDBL,48,21,20,158.00,"3,160.00"
2021-01-12,2021011203016481,GRDBL,3,3,45,157.00,"7,065.00"
2021-01-12,2021011203016480,GRDBL,58,3,250,157.00,"39,250.00"
2021-01-12,2021011203016479,GRDBL,53,3,105,157.00,"16,485.00"
2021-01-12,2021011203016238,GRDBL,53,36,805,157.00,"126,385.00"
2021-01-12,2021011203016550,GUFL,28,44,461,253.00,"116,633.00"
2021-01-12,2021011203016549,GUFL,28,57,39,253.00,"9,867.00"
2021-01-12,2021011203016415,GUFL,39,57,10,253.00,"2,530.00"
2021-01-12,2021011203016386,GUFL,49,13,27,252.00,"6,804.00"
2021-01-12,2021011203016385,GUFL,57,13,73,252.00,"18,396.00"
2021-01-12,2021011203016279,GUFL,57,41,427,252.00,"107,604.00"
2021-01-12,2021011203016173,GUFL,8,41,250,252.00,"63,000.00"
2021-01-12,2021011203016278,GUFL,8,41,73,252.00,"18,396.00"
2021-01-12,2021011203016232,GUFL,29,57,301,253.00,"76,153.00"
2021-01-12,2021011203016231,GUFL,29,59,100,253.00,"25,300.00"
2021-01-12,2021011203016230,GUFL,29,58,599,253.00,"151,547.00"
2021-01-12,2021011203016221,GUFL,39,58,10,253.00,"2,530.00"
2021-01-12,2021011203016198,GUFL,21,58,100,253.00,"25,300.00"
2021-01-12,2021011203016594,HIDCL,6,46,500,275.00,"137,500.00"
2021-01-12,2021011203016593,HIDCL,6,56,11,275.00,"3,025.00"
2021-01-12,2021011203016592,HIDCL,6,53,500,275.00,"137,500.00"
2021-01-12,2021011203016591,HIDCL,6,56,500,275.00,"137,500.00"
2021-01-12,2021011203016590,HIDCL,6,22,20,275.00,"5,500.00"
2021-01-12,2021011203016589,HIDCL,6,4,200,275.00,"55,000.00"
2021-01-12,2021011203016395,HIDCL,34,16,"1,000",274.00,"274,000.00"
2021-01-12,2021011203016348,HIDCL,54,16,85,274.00,"23,290.00"
2021-01-12,2021011203016197,HIDCL,34,16,"1,000",274.00,"274,000.00"
2021-01-12,2021011203016588,HIDCL,6,3,159,275.00,"43,725.00"
2021-01-12,2021011203016587,HIDCL,6,58,11,275.00,"3,025.00"
2021-01-12,2021011203016531,HIDCL,35,21,100,274.00,"27,400.00"
2021-01-12,2021011203016530,HIDCL,35,46,40,274.00,"10,960.00"
2021-01-12,2021011203016529,HIDCL,35,16,334,274.00,"91,516.00"
2021-01-12,2021011203016437,HIDCL,51,16,500,274.00,"137,000.00"
2021-01-12,2021011203016576,ICFC,43,49,100,270.00,"27,000.00"
2021-01-12,2021011203016291,ICFC,50,25,190,269.00,"51,110.00"
2021-01-12,2021011203016290,ICFC,22,25,321,269.00,"86,349.00"
2021-01-12,2021011203016205,ICFC,14,49,45,270.00,"12,150.00"
2021-01-12,2021011203016583,ILBS,13,14,100,"1,165.00","116,500.00"
2021-01-12,2021011203016582,ILBS,41,14,100,"1,165.00","116,500.00"
2021-01-12,2021011203016581,ILBS,18,14,200,"1,165.00","233,000.00"
2021-01-12,2021011203016580,ILBS,56,14,28,"1,165.00","32,620.00"
2021-01-12,2021011203016579,ILBS,13,14,250,"1,166.00","291,500.00"
2021-01-12,2021011203016645,JBBL,40,35,100,241.00,"24,100.00"
2021-01-12,2021011203016613,JBBL,42,46,"1,000",242.00,"242,000.00"
2021-01-12,2021011203016586,JBBL,40,14,330,241.00,"79,530.00"
2021-01-12,2021011203016585,JBBL,52,14,670,241.00,"161,470.00"
2021-01-12,2021011203016578,JBBL,34,46,100,242.00,"24,200.00"
2021-01-12,2021011203016567,JBBL,52,44,330,241.00,"79,530.00"
2021-01-12,2021011203016202,JBBL,6,19,60,241.00,"14,460.00"
2021-01-12,2021011203016201,JBBL,6,51,620,241.00,"149,420.00"
2021-01-12,2021011203016200,JBBL,6,8,320,241.00,"77,120.00"
2021-01-12,2021011203016180,JBBL,52,8,10,241.00,"2,410.00"
2021-01-12,2021011203016334,JBBL,46,19,"2,430",241.00,"585,630.00"
2021-01-12,2021011203016313,JBBL,35,19,10,241.00,"2,410.00"
2021-01-12,2021011203016288,JBBL,43,19,500,241.00,"120,500.00"
2021-01-12,2021011203016237,JBBL,47,57,38,240.00,"9,120.00"
2021-01-12,2021011203016236,JBBL,21,57,200,240.00,"48,000.00"
2021-01-12,2021011203016235,JBBL,22,57,262,240.00,"62,880.00"
2021-01-12,2021011203016545,JBBL,46,34,10,241.00,"2,410.00"
2021-01-12,2021011203016444,JBBL,59,46,200,242.00,"48,400.00"
2021-01-12,2021011203016338,JBBL,46,55,500,241.00,"120,500.00"
2021-01-12,2021011203016337,JBBL,46,39,700,241.00,"168,700.00"
2021-01-12,2021011203016336,JBBL,46,33,160,241.00,"38,560.00"
2021-01-12,2021011203016335,JBBL,46,45,"2,000",241.00,"482,000.00"
2021-01-12,2021011203016566,JBBL,11,44,10,241.00,"2,410.00"
2021-01-12,2021011203016565,JBBL,28,44,160,241.00,"38,560.00"
2021-01-12,2021011203016564,JBBL,29,44,500,241.00,"120,500.00"
2021-01-12,2021011203016563,JBBL,44,44,"1,000",241.00,"241,000.00"
2021-01-12,2021011203016553,JBBL,34,46,50,242.00,"12,100.00"
2021-01-12,2021011203016546,JBBL,28,34,40,241.00,"9,640.00"
2021-01-12,2021011203016443,JSLBB,43,5,60,"2,220.00","133,200.00"
2021-01-12,2021011203016394,JSLBB,38,45,10,"2,235.00","22,350.00"
2021-01-12,2021011203016245,JSLBB,43,17,40,"2,220.00","88,800.00"
2021-01-12,2021011203016572,KLBSL,16,52,22,"1,175.00","25,850.00"
2021-01-12,2021011203016547,KLBSL,16,25,20,"1,180.00","23,600.00"
2021-01-12,2021011203016548,KMCDB,39,47,10,967.00,"9,670.00"
2021-01-12,2021011203016333,KRBL,59,34,100,144.00,"14,400.00"
2021-01-12,2021011203016226,KSBBL,47,28,84,237.00,"19,908.00"
2021-01-12,2021011203016350,LBBL,28,5,19,227.00,"4,313.00"
2021-01-12,2021011203016349,LBBL,45,5,181,227.00,"41,087.00"
2021-01-12,2021011203016630,LICN,47,22,10,"2,135.00","21,350.00"
2021-01-12,2021011203016628,LICN,45,22,200,"2,135.00","427,000.00"
2021-01-12,2021011203016597,LICN,25,22,10,"2,135.00","21,350.00"
2021-01-12,2021011203016584,LICN,55,22,200,"2,135.00","427,000.00"
2021-01-12,2021011203016552,LICN,36,37,50,"2,132.00","106,600.00"
2021-01-12,2021011203016551,LICN,21,37,10,"2,132.00","21,320.00"
2021-01-12,2021011203016368,LICN,45,1,100,"2,132.00","213,200.00"
2021-01-12,2021011203016172,LICN,21,22,72,"2,135.00","153,720.00"
2021-01-12,2021011203016171,LICN,21,1,78,"2,135.00","166,530.00"
2021-01-12,2021011203016170,LICN,21,10,40,"2,135.00","85,400.00"
2021-01-12,2021011203016169,LICN,21,35,50,"2,134.00","106,700.00"
2021-01-12,2021011203016344,LLBS,50,21,20,"1,400.00","28,000.00"
2021-01-12,2021011203016343,LLBS,50,43,119,"1,400.00","166,600.00"
2021-01-12,2021011203016342,LLBS,50,18,126,"1,395.00","175,770.00"
2021-01-12,2021011203016341,LLBS,50,17,200,"1,395.00","279,000.00"
2021-01-12,2021011203016340,LLBS,50,58,13,"1,390.00","18,070.00"
2021-01-12,2021011203016339,LLBS,50,19,20,"1,390.00","27,800.00"
2021-01-12,2021011203016438,MDB,7,48,100,342.00,"34,200.00"
2021-01-12,2021011203016346,MDB,7,25,100,342.00,"34,200.00"
2021-01-12,2021011203016345,MDB,7,34,120,342.00,"41,040.00"
2021-01-12,2021011203016601,MERO,34,56,10,"1,030.00","10,300.00"
2021-01-12,2021011203016281,MERO,41,19,20,"1,020.00","20,400.00"
2021-01-12,2021011203016280,MERO,42,19,200,"1,020.00","204,000.00"
2021-01-12,2021011203016175,MERO,42,7,42,"1,020.00","42,840.00"
2021-01-12,2021011203016571,MFIL,53,34,166,334.00,"55,444.00"
2021-01-12,2021011203016261,MLBBL,55,38,199,"1,301.00","258,899.00"
2021-01-12,2021011203016648,MLBL,36,45,10,274.00,"2,740.00"
2021-01-12,2021011203016647,MLBL,57,45,190,274.00,"52,060.00"
2021-01-12,2021011203016544,MLBL,57,7,500,274.00,"137,000.00"
2021-01-12,2021011203016359,MLBL,57,21,50,274.00,"13,700.00"
2021-01-12,2021011203016603,MMFDB,42,17,200,"1,421.00","284,200.00"
2021-01-12,2021011203016179,MMFDB,34,1,32,"1,449.00","46,368.00"
2021-01-12,2021011203016178,MMFDB,34,46,248,"1,421.00","352,408.00"
2021-01-12,2021011203016177,MMFDB,34,21,100,"1,421.00","142,100.00"
2021-01-12,2021011203016176,MMFDB,34,3,20,"1,421.00","28,420.00"
2021-01-12,2021011203016574,MNBBL,25,33,100,374.00,"37,400.00"
2021-01-12,2021011203016528,MNBBL,38,8,50,373.00,"18,650.00"
2021-01-12,2021011203016466,MNBBL,38,40,117,373.00,"43,641.00"
2021-01-12,2021011203016465,MNBBL,57,40,50,373.00,"18,650.00"
2021-01-12,2021011203016464,MNBBL,59,40,100,373.00,"37,300.00"
2021-01-12,2021011203016463,MNBBL,16,40,100,373.00,"37,300.00"
2021-01-12,2021011203016462,MNBBL,6,40,633,373.00,"236,109.00"
2021-01-12,2021011203016461,MNBBL,6,29,260,373.00,"96,980.00"
2021-01-12,2021011203016436,MNBBL,57,33,25,374.00,"9,350.00"
2021-01-12,2021011203016212,MNBBL,6,34,260,373.00,"96,980.00"
2021-01-12,2021011203016458,MSLB,14,40,16,"1,670.00","26,720.00"
2021-01-12,2021011203016457,MSLB,45,40,10,"1,671.00","16,710.00"
2021-01-12,2021011203016610,NABBC,41,42,20,829.00,"16,580.00"
2021-01-12,2021011203016602,NABBC,34,42,100,829.00,"82,900.00"
2021-01-12,2021011203016536,NABBC,43,42,30,829.00,"24,870.00"
2021-01-12,2021011203016268,NABBC,41,13,15,829.00,"12,435.00"
2021-01-12,2021011203016267,NABBC,41,59,15,829.00,"12,435.00"
2021-01-12,2021011203016308,NBF2,43,10,"2,300",10.15,"23,345.00"
2021-01-12,2021011203016307,NBF2,43,58,100,10.09,"1,009.00"
2021-01-12,2021011203016306,NBF2,43,47,200,10.05,"2,010.00"
2021-01-12,2021011203016305,NBF2,43,47,100,10.05,"1,005.00"
2021-01-12,2021011203016304,NBF2,43,39,500,10.05,"5,025.00"
2021-01-12,2021011203016303,NBF2,43,11,"1,000",10.05,"10,050.00"
2021-01-12,2021011203016302,NBF2,43,37,800,10.05,"8,040.00"
2021-01-12,2021011203016376,NFS,34,44,88,245.00,"21,560.00"
2021-01-12,2021011203016375,NFS,32,44,592,245.00,"145,040.00"
2021-01-12,2021011203016374,NFS,32,44,80,246.00,"19,680.00"
2021-01-12,2021011203016373,NFS,32,44,80,246.00,"19,680.00"
2021-01-12,2021011203016372,NFS,32,44,80,246.00,"19,680.00"
2021-01-12,2021011203016371,NFS,32,44,80,246.00,"19,680.00"
2021-01-12,2021011203016410,NIBLPF,21,14,"2,000",10.76,"21,520.00"
2021-01-12,2021011203016325,NIBLPF,21,14,"2,000",10.76,"21,520.00"
2021-01-12,2021011203016203,NIBLPF,21,14,"2,000",10.76,"21,520.00"
2021-01-12,2021011203016475,NICBF,39,58,400,10.30,"4,120.00"
2021-01-12,2021011203016596,NLBBL,50,49,865,"1,176.00","1,017,240.00"
2021-01-12,2021011203016265,NLBBL,3,41,426,"1,175.00","500,550.00"
2021-01-12,2021011203016627,NLIC,33,17,120,"2,414.00","289,680.00"
2021-01-12,2021011203016435,NLIC,52,6,476,"2,420.00","1,151,920.00"
2021-01-12,2021011203016434,NLIC,52,55,10,"2,420.00","24,200.00"
2021-01-12,2021011203016433,NLIC,52,52,190,"2,420.00","459,800.00"
2021-01-12,2021011203016432,NLIC,52,53,10,"2,420.00","24,200.00"
2021-01-12,2021011203016431,NLIC,52,42,52,"2,420.00","125,840.00"
2021-01-12,2021011203016362,NLIC,6,34,22,"2,416.00","53,152.00"
2021-01-12,2021011203016314,NLIC,6,17,12,"2,416.00","28,992.00"
2021-01-12,2021011203016286,NLIC,6,42,22,"2,416.00","53,152.00"
2021-01-12,2021011203016244,NLIC,6,35,260,"2,416.00","628,160.00"
2021-01-12,2021011203016243,NLIC,40,35,10,"2,416.00","24,160.00"
2021-01-12,2021011203016242,NLIC,19,35,230,"2,416.00","555,680.00"
2021-01-12,2021011203016418,NLIC,52,37,"1,000","2,416.00","2,416,000.00"
2021-01-12,2021011203016417,NLIC,52,21,22,"2,415.00","53,130.00"
2021-01-12,2021011203016390,NLIC,33,52,45,"2,414.00","108,630.00"
2021-01-12,2021011203016389,NLIC,28,52,10,"2,414.00","24,140.00"
2021-01-12,2021011203016388,NLIC,43,52,21,"2,414.00","50,694.00"
2021-01-12,2021011203016387,NLIC,6,52,24,"2,416.00","57,984.00"
2021-01-12,2021011203016424,NLIC,52,38,50,"2,417.00","120,850.00"
2021-01-12,2021011203016423,NLIC,52,37,50,"2,417.00","120,850.00"
2021-01-12,2021011203016422,NLIC,52,28,26,"2,417.00","62,842.00"
2021-01-12,2021011203016421,NLIC,52,38,22,"2,417.00","53,174.00"
2021-01-12,2021011203016420,NLIC,52,34,100,"2,417.00","241,700.00"
2021-01-12,2021011203016419,NLIC,52,45,10,"2,416.00","24,160.00"
2021-01-12,2021011203016430,NLIC,52,50,10,"2,420.00","24,200.00"
2021-01-12,2021011203016429,NLIC,52,25,22,"2,420.00","53,240.00"
2021-01-12,2021011203016428,NLIC,52,46,100,"2,419.00","241,900.00"
2021-01-12,2021011203016427,NLIC,52,39,50,"2,419.00","120,950.00"
2021-01-12,2021011203016426,NLIC,52,5,200,"2,418.00","483,600.00"
2021-01-12,2021011203016425,NLIC,52,58,300,"2,418.00","725,400.00"
2021-01-12,2021011203016626,NLICL,4,39,230,"1,180.00","271,400.00"
2021-01-12,2021011203016607,NLICL,56,39,65,"1,180.00","76,700.00"
2021-01-12,2021011203016605,NLICL,50,39,300,"1,180.00","354,000.00"
2021-01-12,2021011203016223,NLICL,52,39,300,"1,180.00","354,000.00"
2021-01-12,2021011203016573,NMBMF,28,32,60,"1,042.00","62,520.00"
2021-01-12,2021011203016414,NMBMF,28,10,690,"1,042.00","718,980.00"
2021-01-12,2021011203016413,NMBMF,25,10,30,"1,042.00","31,260.00"
2021-01-12,2021011203016412,NMBMF,50,10,280,"1,042.00","291,760.00"
2021-01-12,2021011203016332,NMBMF,50,55,20,"1,042.00","20,840.00"
2021-01-12,2021011203016598,NMFBS,33,21,10,"2,374.00","23,740.00"
2021-01-12,2021011203016254,NMFBS,39,21,26,"2,375.00","61,750.00"
2021-01-12,2021011203016650,NRIC,34,14,30,"1,535.00","46,050.00"
2021-01-12,2021011203016649,NRIC,25,14,10,"1,536.00","15,360.00"
2021-01-12,2021011203016616,NRIC,55,53,40,"1,538.00","61,520.00"
2021-01-12,2021011203016615,NRIC,55,50,50,"1,538.00","76,900.00"
2021-01-12,2021011203016614,NRIC,55,52,10,"1,538.00","15,380.00"
2021-01-12,2021011203016561,NRIC,34,14,45,"1,535.00","69,075.00"
2021-01-12,2021011203016264,NRIC,25,46,10,"1,537.00","15,370.00"
2021-01-12,2021011203016263,NRIC,25,46,10,"1,537.00","15,370.00"
2021-01-12,2021011203016222,NRIC,57,46,20,"1,537.00","30,740.00"
2021-01-12,2021011203016206,NRIC,21,46,30,"1,537.00","46,110.00"
2021-01-12,2021011203016322,NRIC,45,32,75,"1,536.00","115,200.00"
2021-01-12,2021011203016321,NRIC,45,32,500,"1,536.00","768,000.00"
2021-01-12,2021011203016320,NRIC,34,32,150,"1,536.00","230,400.00"
2021-01-12,2021011203016319,NRIC,50,32,100,"1,536.00","153,600.00"
2021-01-12,2021011203016318,NRIC,36,32,50,"1,536.00","76,800.00"
2021-01-12,2021011203016317,NRIC,39,32,30,"1,536.00","46,080.00"
2021-01-12,2021011203016445,NRIC,25,35,100,"1,537.00","153,700.00"
2021-01-12,2021011203016330,NRIC,52,52,10,"1,538.00","15,380.00"
2021-01-12,2021011203016329,NRIC,52,28,110,"1,538.00","169,180.00"
2021-01-12,2021011203016328,NRIC,52,46,380,"1,537.00","584,060.00"
2021-01-12,2021011203016324,NRIC,8,32,20,"1,535.00","30,700.00"
2021-01-12,2021011203016323,NRIC,1,32,75,"1,535.00","115,125.00"
2021-01-12,2021011203016502,NRIC,26,48,60,"1,535.00","92,100.00"
2021-01-12,2021011203016501,NRIC,8,48,682,"1,535.00","1,046,870.00"
2021-01-12,2021011203016500,NRIC,41,48,462,"1,536.00","709,632.00"
2021-01-12,2021011203016494,NRIC,41,32,38,"1,536.00","58,368.00"
2021-01-12,2021011203016482,NRIC,53,32,22,"1,536.00","33,792.00"
2021-01-12,2021011203016447,NRIC,51,32,10,"1,537.00","15,370.00"
2021-01-12,2021011203016508,NRIC,43,48,30,"1,535.00","46,050.00"
2021-01-12,2021011203016507,NRIC,43,48,30,"1,535.00","46,050.00"
2021-01-12,2021011203016506,NRIC,43,48,30,"1,535.00","46,050.00"
2021-01-12,2021011203016505,NRIC,43,48,30,"1,535.00","46,050.00"
2021-01-12,2021011203016504,NRIC,59,48,100,"1,535.00","153,500.00"
2021-01-12,2021011203016503,NRIC,57,48,50,"1,535.00","76,750.00"
2021-01-12,2021011203016514,NRIC,29,48,50,"1,535.00","76,750.00"
2021-01-12,2021011203016513,NRIC,45,48,200,"1,535.00","307,000.00"
2021-01-12,2021011203016512,NRIC,26,48,100,"1,535.00","153,500.00"
2021-01-12,2021011203016511,NRIC,21,48,100,"1,535.00","153,500.00"
2021-01-12,2021011203016510,NRIC,16,48,80,"1,535.00","122,800.00"
2021-01-12,2021011203016509,NRIC,43,48,30,"1,535.00","46,050.00"
2021-01-12,2021011203016560,NRIC,39,14,35,"1,535.00","53,725.00"
2021-01-12,2021011203016559,NRIC,17,14,25,"1,535.00","38,375.00"
2021-01-12,2021011203016558,NRIC,4,14,75,"1,536.00","115,200.00"
2021-01-12,2021011203016517,NRIC,17,48,275,"1,535.00","422,125.00"
2021-01-12,2021011203016516,NRIC,18,48,100,"1,535.00","153,500.00"
2021-01-12,2021011203016515,NRIC,39,48,91,"1,535.00","139,685.00"
2021-01-12,2021011203016608,NRN,6,21,10,357.00,"3,570.00"
2021-01-12,2021011203016534,NRN,6,43,10,357.00,"3,570.00"
2021-01-12,2021011203016498,NRN,6,41,50,357.00,"17,850.00"
2021-01-12,2021011203016497,NRN,32,41,100,357.00,"35,700.00"
2021-01-12,2021011203016496,NRN,41,41,100,357.00,"35,700.00"
2021-01-12,2021011203016495,NRN,43,41,40,357.00,"14,280.00"
2021-01-12,2021011203016540,NTC,57,28,50,"1,253.00","62,650.00"
2021-01-12,2021011203016539,NTC,50,28,100,"1,253.00","125,300.00"
2021-01-12,2021011203016538,NTC,35,28,10,"1,253.00","12,530.00"
2021-01-12,2021011203016537,NTC,45,28,55,"1,253.00","68,915.00"
2021-01-12,2021011203016532,NTC,56,37,50,"1,255.00","62,750.00"
2021-01-12,2021011203016499,NTC,35,37,100,"1,255.00","125,500.00"
2021-01-12,2021011203016274,NTC,42,59,15,"1,254.00","18,810.00"
2021-01-12,2021011203016468,NTC,8,3,100,"1,254.00","125,400.00"
2021-01-12,2021011203016467,NTC,21,3,15,"1,254.00","18,810.00"
2021-01-12,2021011203016454,NTC,26,37,50,"1,255.00","62,750.00"
2021-01-12,2021011203016383,NTC,1,37,100,"1,255.00","125,500.00"
2021-01-12,2021011203016378,NTC,54,37,200,"1,255.00","251,000.00"
2021-01-12,2021011203016275,NTC,21,59,35,"1,254.00","43,890.00"
2021-01-12,2021011203016474,NTC,45,3,145,"1,253.00","181,685.00"
2021-01-12,2021011203016473,NTC,57,3,10,"1,253.00","12,530.00"
2021-01-12,2021011203016472,NTC,13,3,100,"1,253.00","125,300.00"
2021-01-12,2021011203016471,NTC,38,3,10,"1,253.00","12,530.00"
2021-01-12,2021011203016470,NTC,22,3,20,"1,253.00","25,060.00"
2021-01-12,2021011203016469,NTC,48,3,100,"1,254.00","125,400.00"
2021-01-12,2021011203016625,NUBL,49,38,600,"1,340.00","804,000.00"
2021-01-12,2021011203016624,NUBL,49,50,460,"1,340.00","616,400.00"
2021-01-12,2021011203016623,NUBL,49,52,50,"1,340.00","67,000.00"
2021-01-12,2021011203016622,NUBL,49,6,"2,000","1,340.00","2,680,000.00"
2021-01-12,2021011203016621,NUBL,49,38,25,"1,340.00","33,500.00"
2021-01-12,2021011203016620,NUBL,49,50,180,"1,339.00","241,020.00"
2021-01-12,2021011203016401,NUBL,48,6,100,"1,330.00","133,000.00"
2021-01-12,2021011203016400,NUBL,35,6,11,"1,330.00","14,630.00"
2021-01-12,2021011203016399,NUBL,38,6,15,"1,331.00","19,965.00"
2021-01-12,2021011203016619,NUBL,49,49,40,"1,339.00","53,560.00"
2021-01-12,2021011203016618,NUBL,49,51,80,"1,338.00","107,040.00"
2021-01-12,2021011203016617,NUBL,49,32,83,"1,335.00","110,805.00"
2021-01-12,2021011203016404,NUBL,49,6,344,"1,325.00","455,800.00"
2021-01-12,2021011203016403,NUBL,58,6,30,"1,325.00","39,750.00"
2021-01-12,2021011203016402,NUBL,34,6,500,"1,326.00","663,000.00"
2021-01-12,2021011203016629,PFL,13,50,10,198.00,"1,980.00"
2021-01-12,2021011203016453,PFL,52,40,24,197.00,"4,728.00"
2021-01-12,2021011204000017,PLI,48,51,10,247.00,"2,470.00"
2021-01-12,2021011204000016,PLI,48,10,10,247.00,"2,470.00"
2021-01-12,2021011204000015,PLI,48,57,10,247.00,"2,470.00"
2021-01-12,2021011204000014,PLI,48,48,10,247.00,"2,470.00"
2021-01-12,2021011204000013,PLI,48,57,10,247.00,"2,470.00"
2021-01-12,2021011204000012,PLI,48,17,10,247.00,"2,470.00"
2021-01-12,2021011204000005,PLI,48,50,10,245.00,"2,450.00"
2021-01-12,2021011204000004,PLI,35,42,10,241.00,"2,410.00"
2021-01-12,2021011204000003,PLI,35,41,10,237.00,"2,370.00"
2021-01-12,2021011204000002,PLI,48,4,10,233.00,"2,330.00"
2021-01-12,2021011204000001,PLI,35,17,10,229.00,"2,290.00"
2021-01-12,2021011204000011,PLI,17,48,5,245.00,"1,225.00"
2021-01-12,2021011204000010,PLI,48,37,10,247.00,"2,470.00"
2021-01-12,2021011204000009,PLI,48,41,10,247.00,"2,470.00"
2021-01-12,2021011204000008,PLI,48,22,10,247.00,"2,470.00"
2021-01-12,2021011204000007,PLI,48,22,10,247.00,"2,470.00"
2021-01-12,2021011204000006,PLI,48,17,10,247.00,"2,470.00"
2021-01-12,2021011203016600,PLIC,39,28,150,808.00,"121,200.00"
2021-01-12,2021011203016398,PLIC,39,57,240,809.00,"194,160.00"
2021-01-12,2021011203016364,PLIC,17,38,100,807.00,"80,700.00"
2021-01-12,2021011203016363,PLIC,26,38,100,807.00,"80,700.00"
2021-01-12,2021011203016257,PLIC,39,57,48,809.00,"38,832.00"
2021-01-12,2021011203016256,PLIC,39,35,30,808.00,"24,240.00"
2021-01-12,2021011203016255,PLIC,39,20,82,808.00,"66,256.00"
2021-01-12,2021011203016204,PLIC,26,1,100,807.00,"80,700.00"
2021-01-12,2021011203016477,RLFL,11,45,30,182.00,"5,460.00"
2021-01-12,2021011203016411,RLFL,49,45,47,182.00,"8,554.00"
2021-01-12,2021011203016360,RLFL,38,45,100,182.00,"18,200.00"
2021-01-12,2021011203016611,RLI,1,45,50,632.00,"31,600.00"
2021-01-12,2021011203016609,RLI,57,34,600,633.00,"379,800.00"
2021-01-12,2021011203016595,RLI,1,40,10,632.00,"6,320.00"
2021-01-12,2021011203016409,RLI,1,39,10,632.00,"6,320.00"
2021-01-12,2021011203016408,RLI,1,33,10,632.00,"6,320.00"
2021-01-12,2021011203016407,RLI,1,52,20,632.00,"12,640.00"
2021-01-12,2021011203016168,RLI,26,34,160,633.00,"101,280.00"
2021-01-12,2021011203016316,RLI,49,52,10,631.00,"6,310.00"
2021-01-12,2021011203016310,RLI,48,52,100,632.00,"63,200.00"
2021-01-12,2021011203016309,RLI,49,52,380,632.00,"240,160.00"
2021-01-12,2021011203016289,RLI,49,39,10,631.00,"6,310.00"
2021-01-12,2021011203016277,RLI,49,48,10,631.00,"6,310.00"
2021-01-12,2021011203016181,RLI,49,44,10,631.00,"6,310.00"
2021-01-12,2021011203016631,RMDC,28,6,200,"1,151.00","230,200.00"
2021-01-12,2021011203016569,RSDC,34,46,110,677.00,"74,470.00"
2021-01-12,2021011203016568,RSDC,21,46,90,677.00,"60,930.00"
2021-01-12,2021011203016525,RSDC,21,45,10,677.00,"6,770.00"
2021-01-12,2021011203016478,RSDC,38,1,25,675.00,"16,875.00"
2021-01-12,2021011203016297,RSDC,17,49,50,676.00,"33,800.00"
2021-01-12,2021011203016234,RSDC,38,35,80,675.00,"54,000.00"
2021-01-12,2021011203016228,RSDC,38,46,20,675.00,"13,500.00"
2021-01-12,2021011203016227,RSDC,38,46,80,675.00,"54,000.00"
2021-01-12,2021011203016452,RSDC,38,50,290,675.00,"195,750.00"
2021-01-12,2021011203016451,RSDC,5,50,80,676.00,"54,080.00"
2021-01-12,2021011203016450,RSDC,17,50,30,676.00,"20,280.00"
2021-01-12,2021011203016449,RSDC,48,50,100,677.00,"67,700.00"
2021-01-12,2021011203016406,RSDC,38,45,5,677.00,"3,385.00"
2021-01-12,2021011203016405,RSDC,19,45,10,677.00,"6,770.00"
2021-01-12,2021011203016347,SABSL,45,17,85,"1,132.00","96,220.00"
2021-01-12,2021011203016287,SABSL,16,42,20,"1,115.00","22,300.00"
2021-01-12,2021011203016599,SADBL,46,11,100,203.00,"20,300.00"
2021-01-12,2021011203016392,SADBL,28,16,10,204.00,"2,040.00"
2021-01-12,2021011203016193,SADBL,39,7,25,203.00,"5,075.00"
2021-01-12,2021011203016195,SADBL,39,28,10,203.00,"2,030.00"
2021-01-12,2021011203016194,SADBL,39,35,100,203.00,"20,300.00"
2021-01-12,2021011203016293,SAEF,21,59,900,12.00,"10,800.00"
2021-01-12,2021011203016292,SAEF,21,34,100,12.00,"1,200.00"
2021-01-12,2021011203016577,SAPDBL,35,6,10,158.00,"1,580.00"
2021-01-12,2021011203016643,SDLBSL,41,17,10,"1,238.00","12,380.00"
2021-01-12,2021011203016642,SDLBSL,41,58,10,"1,238.00","12,380.00"
2021-01-12,2021011203016641,SDLBSL,41,7,10,"1,235.00","12,350.00"
2021-01-12,2021011203016640,SDLBSL,41,44,10,"1,235.00","12,350.00"
2021-01-12,2021011203016639,SDLBSL,41,34,50,"1,234.00","61,700.00"
2021-01-12,2021011203016638,SDLBSL,41,1,100,"1,233.00","123,300.00"
2021-01-12,2021011203016214,SDLBSL,41,48,45,"1,180.00","53,100.00"
2021-01-12,2021011203016213,SDLBSL,41,38,25,"1,180.00","29,500.00"
2021-01-12,2021011203016220,SDLBSL,41,36,305,"1,190.00","362,950.00"
2021-01-12,2021011203016219,SDLBSL,41,8,10,"1,190.00","11,900.00"
2021-01-12,2021011203016218,SDLBSL,41,40,95,"1,189.00","112,955.00"
2021-01-12,2021011203016217,SDLBSL,41,16,250,"1,186.00","296,500.00"
2021-01-12,2021011203016216,SDLBSL,41,16,100,"1,185.00","118,500.00"
2021-01-12,2021011203016215,SDLBSL,41,11,170,"1,183.00","201,110.00"
2021-01-12,2021011203016356,SDLBSL,41,36,200,"1,198.00","239,600.00"
2021-01-12,2021011203016355,SDLBSL,41,22,10,"1,198.00","11,980.00"
2021-01-12,2021011203016354,SDLBSL,41,41,50,"1,198.00","59,900.00"
2021-01-12,2021011203016353,SDLBSL,41,38,10,"1,193.00","11,930.00"
2021-01-12,2021011203016352,SDLBSL,41,16,200,"1,193.00","238,600.00"
2021-01-12,2021011203016351,SDLBSL,41,36,10,"1,190.00","11,900.00"
2021-01-12,2021011203016487,SDLBSL,41,47,10,"1,217.00","12,170.00"
2021-01-12,2021011203016486,SDLBSL,41,47,10,"1,217.00","12,170.00"
2021-01-12,2021011203016485,SDLBSL,41,47,64,"1,217.00","77,888.00"
2021-01-12,2021011203016484,SDLBSL,41,7,100,"1,216.00","121,600.00"
2021-01-12,2021011203016358,SDLBSL,41,29,110,"1,210.00","133,100.00"
2021-01-12,2021011203016357,SDLBSL,41,1,30,"1,198.00","35,940.00"
2021-01-12,2021011203016493,SDLBSL,41,36,150,"1,230.00","184,500.00"
2021-01-12,2021011203016492,SDLBSL,41,25,50,"1,217.00","60,850.00"
2021-01-12,2021011203016491,SDLBSL,41,6,10,"1,217.00","12,170.00"
2021-01-12,2021011203016490,SDLBSL,41,45,16,"1,217.00","19,472.00"
2021-01-12,2021011203016489,SDLBSL,41,3,20,"1,217.00","24,340.00"
2021-01-12,2021011203016488,SDLBSL,41,49,70,"1,217.00","85,190.00"
2021-01-12,2021011203016637,SDLBSL,41,53,10,"1,230.00","12,300.00"
2021-01-12,2021011203016636,SDLBSL,41,36,10,"1,230.00","12,300.00"
2021-01-12,2021011203016635,SDLBSL,41,38,10,"1,213.00","12,130.00"
2021-01-12,2021011203016634,SDLBSL,41,6,50,"1,213.00","60,650.00"
2021-01-12,2021011203016633,SDLBSL,41,33,200,"1,213.00","242,600.00"
2021-01-12,2021011203016632,SDLBSL,41,42,30,"1,212.00","36,360.00"
2021-01-12,2021011203016253,SEF,1,14,"2,000",10.76,"21,520.00"
2021-01-12,2021011203016252,SEF,1,14,"1,000",10.76,"10,760.00"
2021-01-12,2021011203016251,SEF,1,47,"20,000",10.76,"215,200.00"
2021-01-12,2021011203016250,SEF,1,39,"3,950",10.76,"42,502.00"
2021-01-12,2021011203016249,SEF,1,44,"2,000",10.75,"21,500.00"
2021-01-12,2021011203016248,SEF,1,41,"5,000",10.75,"53,750.00"
2021-01-12,2021011203016247,SEF,1,42,"2,000",10.75,"21,500.00"
2021-01-12,2021011203016246,SEF,1,39,"13,000",10.75,"139,750.00"
2021-01-12,2021011203016456,SHINE,57,3,113,254.00,"28,702.00"
2021-01-12,2021011203016455,SHINE,18,3,227,254.00,"57,658.00"
2021-01-12,2021011203016442,SHINE,18,48,23,254.00,"5,842.00"
2021-01-12,2021011203016441,SHINE,57,48,77,254.00,"19,558.00"
2021-01-12,2021011203016391,SHINE,57,51,210,254.00,"53,340.00"
2021-01-12,2021011203016524,SIFC,20,43,"1,000",184.00,"184,000.00"
2021-01-12,2021011203016523,SIFC,20,5,100,184.00,"18,400.00"
2021-01-12,2021011203016380,SIFC,41,18,"1,000",184.00,"184,000.00"
2021-01-12,2021011203016555,SLBBL,20,45,10,"1,170.00","11,700.00"
2021-01-12,2021011203016554,SLBBL,20,17,20,"1,170.00","23,400.00"
2021-01-12,2021011203016331,SLBBL,51,34,165,"1,168.00","192,720.00"
2021-01-12,2021011203016266,SLBBL,51,42,90,"1,168.00","105,120.00"
2021-01-12,2021011203016416,SLBSL,57,18,13,"1,026.00","13,338.00"
2021-01-12,2021011203016556,SLICL,56,48,150,741.00,"111,150.00"
2021-01-12,2021011203016315,SLICL,17,45,30,740.00,"22,200.00"
2021-01-12,2021011203016270,SLICL,56,48,150,741.00,"111,150.00"
2021-01-12,2021011203016269,SLICL,56,6,50,741.00,"37,050.00"
2021-01-12,2021011203016260,SLICL,35,6,150,741.00,"111,150.00"
2021-01-12,2021011203016259,SLICL,35,32,10,741.00,"7,410.00"
2021-01-12,2021011203016187,SLICL,17,41,300,740.00,"222,000.00"
2021-01-12,2021011203016186,SLICL,17,42,10,740.00,"7,400.00"
2021-01-12,2021011203016185,SLICL,17,32,500,740.00,"370,000.00"
2021-01-12,2021011203016184,SLICL,17,42,100,740.00,"74,000.00"
2021-01-12,2021011203016183,SLICL,17,41,100,740.00,"74,000.00"
2021-01-12,2021011203016182,SLICL,17,5,500,740.00,"370,000.00"
2021-01-12,2021011203016258,SLICL,35,34,40,741.00,"29,640.00"
2021-01-12,2021011203016192,SLICL,17,4,100,740.00,"74,000.00"
2021-01-12,2021011203016191,SLICL,17,25,25,740.00,"18,500.00"
2021-01-12,2021011203016190,SLICL,17,25,30,740.00,"22,200.00"
2021-01-12,2021011203016189,SLICL,17,49,100,740.00,"74,000.00"
2021-01-12,2021011203016188,SLICL,17,52,35,740.00,"25,900.00"
2021-01-12,2021011203016225,SMFDB,49,19,10,"1,030.00","10,300.00"
2021-01-12,2021011203016224,SMFDB,49,44,500,"1,029.00","514,500.00"
2021-01-12,2021011203016543,STC,34,17,10,"6,900.00","69,000.00"
2021-01-12,2021011203016542,STC,34,19,10,"6,890.00","68,900.00"
2021-01-12,2021011203016533,STC,49,55,10,"6,850.00","68,500.00"
2021-01-12,2021011203016379,SWBBL,1,48,20,"1,680.00","33,600.00"
2021-01-12,2021011203016361,USLB,56,52,10,"1,422.00","14,220.00"
2021-01-12,2021011203016312,USLB,56,38,148,"1,414.00","209,272.00"
2021-01-12,2021011203016311,USLB,56,38,190,"1,414.00","268,660.00"
2021-01-12,2021011203016446,VLBS,3,28,10,"1,119.00","11,190.00"
2021-01-12,2021011203016283,VLBS,21,36,50,"1,115.00","55,750.00"
2021-01-12,2021011203016105,ALBSL,47,20,11,"1,260.00","13,860.00"
2021-01-12,2021011203016068,ALBSL,47,39,52,"1,256.00","65,312.00"
2021-01-12,2021011203015939,ALBSL,47,57,100,"1,256.00","125,600.00"
2021-01-12,2021011203015918,ALICL,49,34,150,"1,021.00","153,150.00"
2021-01-12,2021011203015917,ALICL,49,56,150,"1,021.00","153,150.00"
2021-01-12,2021011203015916,ALICL,49,50,200,"1,021.00","204,200.00"
2021-01-12,2021011203016122,BBC,36,58,50,"2,764.00","138,200.00"
2021-01-12,2021011203016080,BBC,36,58,210,"2,764.00","580,440.00"
2021-01-12,2021011203016079,BBC,36,55,40,"2,760.00","110,400.00"
2021-01-12,2021011203016011,BBC,35,41,10,"2,750.00","27,500.00"
2021-01-12,2021011203016010,BBC,52,41,10,"2,750.00","27,500.00"
2021-01-12,2021011203016009,BBC,22,41,10,"2,750.00","27,500.00"
2021-01-12,2021011203016091,BFC,3,42,100,143.00,"14,300.00"
2021-01-12,2021011203016088,CBBL,29,6,35,"1,234.00","43,190.00"
2021-01-12,2021011203016087,CBBL,29,3,50,"1,234.00","61,700.00"
2021-01-12,2021011203015940,CBBL,49,6,40,"1,235.00","49,400.00"
2021-01-12,2021011203015816,CBBL,45,6,10,"1,235.00","12,350.00"
2021-01-12,2021011203015815,CBBL,37,6,60,"1,235.00","74,100.00"
2021-01-12,2021011203015814,CBBL,37,6,70,"1,235.00","86,450.00"
2021-01-12,2021011203015813,CBBL,37,6,70,"1,235.00","86,450.00"
2021-01-12,2021011203015812,CBBL,16,6,100,"1,236.00","123,600.00"
2021-01-12,2021011203015866,CFCL,28,34,60,184.00,"11,040.00"
2021-01-12,2021011203015865,CFCL,28,13,600,184.00,"110,400.00"
2021-01-12,2021011203016126,CIT,32,57,10,"3,436.00","34,360.00"
2021-01-12,2021011203016047,CIT,45,55,40,"3,441.00","137,640.00"
2021-01-12,2021011203016027,CIT,42,55,100,"3,441.00","344,100.00"
2021-01-12,2021011203016014,CIT,57,55,110,"3,441.00","378,510.00"
2021-01-12,2021011203016006,CIT,22,55,30,"3,441.00","103,230.00"
2021-01-12,2021011203016005,CIT,38,55,25,"3,441.00","86,025.00"
2021-01-12,2021011203015681,CIT,55,6,12,"3,441.00","41,292.00"
2021-01-12,2021011203015788,CIT,11,48,10,"3,440.00","34,400.00"
2021-01-12,2021011203015787,CIT,22,48,10,"3,440.00","34,400.00"
2021-01-12,2021011203015747,CIT,49,6,40,"3,441.00","137,640.00"
2021-01-12,2021011203015684,CIT,25,6,10,"3,441.00","34,410.00"
2021-01-12,2021011203015683,CIT,34,6,30,"3,441.00","103,230.00"
2021-01-12,2021011203015682,CIT,34,6,30,"3,441.00","103,230.00"
2021-01-12,2021011203016004,CIT,42,55,172,"3,441.00","591,852.00"
2021-01-12,2021011203015928,CIT,42,45,280,"3,441.00","963,480.00"
2021-01-12,2021011203015850,CIT,42,6,48,"3,441.00","165,168.00"
2021-01-12,2021011203015791,CIT,11,48,10,"3,440.00","34,400.00"
2021-01-12,2021011203015790,CIT,11,48,10,"3,440.00","34,400.00"
2021-01-12,2021011203015789,CIT,11,48,10,"3,440.00","34,400.00"
2021-01-12,2021011203016073,DDBL,40,33,100,"1,474.00","147,400.00"
2021-01-12,2021011203016063,DDBL,40,53,118,"1,474.00","173,932.00"
2021-01-12,2021011203016062,DDBL,52,53,50,"1,474.00","73,700.00"
2021-01-12,2021011203016061,DDBL,45,53,100,"1,474.00","147,400.00"
2021-01-12,2021011203016060,DDBL,32,53,22,"1,474.00","32,428.00"
2021-01-12,2021011203016000,DDBL,32,42,80,"1,474.00","117,920.00"
2021-01-12,2021011203015854,DDBL,32,49,21,"1,474.00","30,954.00"
2021-01-12,2021011203015853,DDBL,32,35,77,"1,474.00","113,498.00"
2021-01-12,2021011203016076,FMDBL,11,48,100,631.00,"63,100.00"
2021-01-12,2021011203016031,FMDBL,38,42,100,629.00,"62,900.00"
2021-01-12,2021011203016012,FMDBL,40,34,100,630.00,"63,000.00"
2021-01-12,2021011203015919,FMDBL,59,36,100,628.00,"62,800.00"
2021-01-12,2021011203015781,FMDBL,59,6,16,628.00,"10,048.00"
2021-01-12,2021011203015780,FMDBL,33,6,500,628.00,"314,000.00"
2021-01-12,2021011203015773,FMDBL,25,6,500,629.00,"314,500.00"
2021-01-12,2021011203015772,FMDBL,57,6,34,630.00,"21,420.00"
2021-01-12,2021011203015754,FMDBL,38,6,200,631.00,"126,200.00"
2021-01-12,2021011203015752,FMDBL,57,33,133,630.00,"83,790.00"
2021-01-12,2021011203015779,FMDBL,50,6,500,628.00,"314,000.00"
2021-01-12,2021011203015778,FMDBL,50,6,500,628.00,"314,000.00"
2021-01-12,2021011203015777,FMDBL,43,6,100,628.00,"62,800.00"
2021-01-12,2021011203015776,FMDBL,43,6,500,628.00,"314,000.00"
2021-01-12,2021011203015775,FMDBL,25,6,150,629.00,"94,350.00"
2021-01-12,2021011203015774,FMDBL,57,6,200,629.00,"125,800.00"
2021-01-12,2021011203016030,GBBL,45,4,600,325.00,"195,000.00"
2021-01-12,2021011203015691,GBBL,1,4,300,325.00,"97,500.00"
2021-01-12,2021011203016106,GBLBS,35,52,100,619.00,"61,900.00"
2021-01-12,2021011203015930,GBLBS,33,47,10,617.00,"6,170.00"
2021-01-12,2021011203015671,GBLBS,3,10,265,617.00,"163,505.00"
2021-01-12,2021011203016072,GFCL,39,11,10,207.00,"2,070.00"
2021-01-12,2021011203016065,GFCL,51,22,100,206.00,"20,600.00"
2021-01-12,2021011203015808,GFCL,51,45,150,206.00,"30,900.00"
2021-01-12,2021011203015807,GFCL,21,45,50,206.00,"10,300.00"
2021-01-12,2021011203015806,GFCL,1,45,100,206.00,"20,600.00"
2021-01-12,2021011203015805,GFCL,58,45,200,206.00,"41,200.00"
2021-01-12,2021011203016121,GLICL,21,55,200,647.00,"129,400.00"
2021-01-12,2021011203016120,GLICL,21,34,21,647.00,"13,587.00"
2021-01-12,2021011203016119,GLICL,21,44,28,647.00,"18,116.00"
2021-01-12,2021011203016095,GLICL,25,44,200,647.00,"129,400.00"
2021-01-12,2021011203016093,GLICL,45,53,100,646.00,"64,600.00"
2021-01-12,2021011203016044,GLICL,43,44,200,647.00,"129,400.00"
2021-01-12,2021011203015841,GLICL,50,44,"1,092",647.00,"706,524.00"
2021-01-12,2021011203015811,GLICL,56,3,34,648.00,"22,032.00"
2021-01-12,2021011203015810,GLICL,56,25,16,648.00,"10,368.00"
2021-01-12,2021011203015771,GLICL,50,1,500,647.00,"323,500.00"
2021-01-12,2021011203015693,GLICL,50,17,105,647.00,"67,935.00"
2021-01-12,2021011203016034,GLICL,29,44,100,647.00,"64,700.00"
2021-01-12,2021011203016021,GLICL,45,53,20,646.00,"12,920.00"
2021-01-12,2021011203015943,GLICL,16,44,180,647.00,"116,460.00"
2021-01-12,2021011203015904,GLICL,17,44,500,647.00,"323,500.00"
2021-01-12,2021011203015892,GLICL,43,44,500,647.00,"323,500.00"
2021-01-12,2021011203015842,GLICL,32,44,200,647.00,"129,400.00"
2021-01-12,2021011203015680,GMFBS,53,39,55,"1,186.00","65,230.00"
2021-01-12,2021011203015679,GMFBS,53,56,10,"1,185.00","11,850.00"
2021-01-12,2021011203015678,GMFBS,53,36,10,"1,185.00","11,850.00"
2021-01-12,2021011203015677,GMFBS,53,41,20,"1,185.00","23,700.00"
2021-01-12,2021011203015901,GMFIL,46,57,120,191.00,"22,920.00"
2021-01-12,2021011203015900,GMFIL,57,57,80,191.00,"15,280.00"
2021-01-12,2021011203016151,GUFL,8,17,100,252.00,"25,200.00"
2021-01-12,2021011203016017,GUFL,19,58,500,253.00,"126,500.00"
2021-01-12,2021011203015902,GUFL,6,58,50,253.00,"12,650.00"
2021-01-12,2021011203015839,GUFL,17,58,300,253.00,"75,900.00"
2021-01-12,2021011203015753,GUFL,34,58,500,253.00,"126,500.00"
2021-01-12,2021011203015687,GUFL,39,58,10,253.00,"2,530.00"
2021-01-12,2021011203016112,HIDCL,34,16,"1,000",274.00,"274,000.00"
2021-01-12,2021011203015924,HIDCL,51,55,"1,000",273.00,"273,000.00"
2021-01-12,2021011203015744,HIDCL,51,1,159,273.00,"43,407.00"
2021-01-12,2021011203015859,ICFC,57,49,100,270.00,"27,000.00"
2021-01-12,2021011203015809,ICFC,22,50,50,269.00,"13,450.00"
2021-01-12,2021011203015770,ILBS,26,51,11,"1,170.00","12,870.00"
2021-01-12,2021011203016145,JBBL,13,8,170,241.00,"40,970.00"
2021-01-12,2021011203016144,JBBL,13,44,230,241.00,"55,430.00"
2021-01-12,2021011203016143,JBBL,13,50,100,241.00,"24,100.00"
2021-01-12,2021011203016116,JBBL,22,17,100,240.00,"24,000.00"
2021-01-12,2021011203016041,JBBL,44,22,362,241.00,"87,242.00"
2021-01-12,2021011203016040,JBBL,44,34,30,241.00,"7,230.00"
2021-01-12,2021011203015708,JBBL,51,21,18,241.00,"4,338.00"
2021-01-12,2021011203015707,JBBL,51,42,751,241.00,"180,991.00"
2021-01-12,2021011203015689,JBBL,26,26,11,240.00,"2,640.00"
2021-01-12,2021011203015732,JBBL,52,46,37,241.00,"8,917.00"
2021-01-12,2021011203015731,JBBL,52,6,19,241.00,"4,579.00"
2021-01-12,2021011203015713,JBBL,22,34,138,240.00,"33,120.00"
2021-01-12,2021011203015712,JBBL,49,34,150,240.00,"36,000.00"
2021-01-12,2021011203015711,JBBL,26,34,12,240.00,"2,880.00"
2021-01-12,2021011203015709,JBBL,51,6,231,241.00,"55,671.00"
2021-01-12,2021011203015848,JBBL,38,38,74,241.00,"17,834.00"
2021-01-12,2021011203015847,JBBL,38,22,20,241.00,"4,820.00"
2021-01-12,2021011203015846,JBBL,38,35,250,241.00,"60,250.00"
2021-01-12,2021011203015845,JBBL,38,17,156,241.00,"37,596.00"
2021-01-12,2021011203015837,JBBL,47,17,200,241.00,"48,200.00"
2021-01-12,2021011203015733,JBBL,52,17,144,241.00,"34,704.00"
2021-01-12,2021011203016007,JBBL,52,17,92,241.00,"22,172.00"
2021-01-12,2021011203015911,JBBL,44,17,208,241.00,"50,128.00"
2021-01-12,2021011203015910,JBBL,44,39,16,241.00,"3,856.00"
2021-01-12,2021011203015909,JBBL,44,37,100,241.00,"24,100.00"
2021-01-12,2021011203015908,JBBL,44,22,150,241.00,"36,150.00"
2021-01-12,2021011203015907,JBBL,44,38,26,241.00,"6,266.00"
2021-01-12,2021011203016039,JBBL,44,19,300,241.00,"72,300.00"
2021-01-12,2021011203016038,JBBL,44,41,100,241.00,"24,100.00"
2021-01-12,2021011203016037,JBBL,44,26,274,241.00,"66,034.00"
2021-01-12,2021011203016036,JBBL,44,21,45,241.00,"10,845.00"
2021-01-12,2021011203016035,JBBL,44,52,400,241.00,"96,400.00"
2021-01-12,2021011203016015,JBBL,21,52,100,241.00,"24,100.00"
2021-01-12,2021011203016146,JFL,38,16,220,254.00,"55,880.00"
2021-01-12,2021011203015923,JFL,38,51,200,253.00,"50,600.00"
2021-01-12,2021011203015922,JFL,38,57,175,253.00,"44,275.00"
2021-01-12,2021011203015921,JFL,38,59,46,253.00,"11,638.00"
2021-01-12,2021011203016051,JSLBB,43,16,100,"2,225.00","222,500.00"
2021-01-12,2021011203016090,KLBSL,26,25,20,"1,180.00","23,600.00"
2021-01-12,2021011203016139,KMCDB,37,28,244,953.00,"232,532.00"
2021-01-12,2021011203016138,KMCDB,26,28,117,953.00,"111,501.00"
2021-01-12,2021011203016137,KMCDB,38,28,20,954.00,"19,080.00"
2021-01-12,2021011203016136,KMCDB,49,28,50,954.00,"47,700.00"
2021-01-12,2021011203016135,KMCDB,42,28,59,955.00,"56,345.00"
2021-01-12,2021011203016134,KMCDB,51,28,60,956.00,"57,360.00"
2021-01-12,2021011203016133,KMCDB,19,28,150,957.00,"143,550.00"
2021-01-12,2021011203016132,KMCDB,41,28,40,957.00,"38,280.00"
2021-01-12,2021011203016131,KMCDB,6,28,80,958.00,"76,640.00"
2021-01-12,2021011203016130,KMCDB,51,28,30,959.00,"28,770.00"
2021-01-12,2021011203016129,KMCDB,13,28,100,960.00,"96,000.00"
2021-01-12,2021011203016128,KMCDB,52,28,50,961.00,"48,050.00"
2021-01-12,2021011203015938,KRBL,21,26,62,143.00,"8,866.00"
2021-01-12,2021011203016058,KSBBL,49,17,94,237.00,"22,278.00"
2021-01-12,2021011203016057,KSBBL,49,45,500,237.00,"118,500.00"
2021-01-12,2021011203016056,KSBBL,49,13,100,237.00,"23,700.00"
2021-01-12,2021011203016055,KSBBL,49,58,226,237.00,"53,562.00"
2021-01-12,2021011203016054,KSBBL,49,38,100,237.00,"23,700.00"
2021-01-12,2021011203016053,KSBBL,49,34,497,237.00,"117,789.00"
2021-01-12,2021011203015695,KSBBL,41,34,100,237.00,"23,700.00"
2021-01-12,2021011203015706,LBBL,11,40,488,229.00,"111,752.00"
2021-01-12,2021011203015705,LBBL,11,11,12,229.00,"2,748.00"
2021-01-12,2021011203016110,LICN,47,35,50,"2,134.00","106,700.00"
2021-01-12,2021011203015894,LLBS,21,45,10,"1,388.00","13,880.00"
2021-01-12,2021011203015893,LLBS,21,42,100,"1,388.00","138,800.00"
2021-01-12,2021011203016111,MERO,42,11,43,"1,020.00","43,860.00"
2021-01-12,2021011203016067,MERO,42,11,43,"1,020.00","43,860.00"
2021-01-12,2021011203015927,MERO,34,56,10,"1,030.00","10,300.00"
2021-01-12,2021011203015867,MERO,42,48,43,"1,020.00","43,860.00"
2021-01-12,2021011203015765,MERO,42,35,250,"1,027.00","256,750.00"
2021-01-12,2021011203016097,MFIL,53,55,875,335.00,"293,125.00"
2021-01-12,2021011203016096,MFIL,53,33,625,335.00,"209,375.00"
2021-01-12,2021011203016066,MFIL,56,33,100,335.00,"33,500.00"
2021-01-12,2021011203015926,MFIL,26,33,275,335.00,"92,125.00"
2021-01-12,2021011203015925,MFIL,26,35,65,335.00,"21,775.00"
2021-01-12,2021011203016163,MLBBL,59,38,401,"1,301.00","521,701.00"
2021-01-12,2021011203016113,MLBBL,59,55,13,"1,315.00","17,095.00"
2021-01-12,2021011203015920,MLBL,57,52,200,274.00,"54,800.00"
2021-01-12,2021011203015903,MLBL,57,5,60,274.00,"16,440.00"
2021-01-12,2021011203015734,MLBL,8,56,187,274.00,"51,238.00"
2021-01-12,2021011203016029,MMFDB,21,3,80,"1,421.00","113,680.00"
2021-01-12,2021011203016028,MMFDB,21,20,20,"1,421.00","28,420.00"
2021-01-12,2021011203015951,MMFDB,20,37,45,"1,394.00","62,730.00"
2021-01-12,2021011203015950,MMFDB,20,38,100,"1,394.00","139,400.00"
2021-01-12,2021011203015949,MMFDB,20,11,36,"1,394.00","50,184.00"
2021-01-12,2021011203015948,MMFDB,20,40,10,"1,394.00","13,940.00"
2021-01-12,2021011203015820,MMFDB,20,35,78,"1,337.00","104,286.00"
2021-01-12,2021011203015819,MMFDB,20,35,100,"1,336.00","133,600.00"
2021-01-12,2021011203015818,MMFDB,20,19,136,"1,335.00","181,560.00"
2021-01-12,2021011203015741,MMFDB,46,59,100,"1,326.00","132,600.00"
2021-01-12,2021011203015740,MMFDB,46,38,50,"1,325.00","66,250.00"
2021-01-12,2021011203015826,MMFDB,20,52,100,"1,340.00","134,000.00"
2021-01-12,2021011203015825,MMFDB,20,14,24,"1,340.00","32,160.00"
2021-01-12,2021011203015824,MMFDB,20,35,200,"1,339.00","267,800.00"
2021-01-12,2021011203015823,MMFDB,20,25,50,"1,339.00","66,950.00"
2021-01-12,2021011203015822,MMFDB,20,46,450,"1,338.00","602,100.00"
2021-01-12,2021011203015821,MMFDB,20,52,100,"1,337.00","133,700.00"
2021-01-12,2021011203015832,MMFDB,20,41,219,"1,350.00","295,650.00"
2021-01-12,2021011203015831,MMFDB,20,45,125,"1,348.00","168,500.00"
2021-01-12,2021011203015830,MMFDB,20,25,100,"1,345.00","134,500.00"
2021-01-12,2021011203015829,MMFDB,20,54,256,"1,342.00","343,552.00"
2021-01-12,2021011203015828,MMFDB,20,59,20,"1,342.00","26,840.00"
2021-01-12,2021011203015827,MMFDB,20,25,100,"1,342.00","134,200.00"
2021-01-12,2021011203015870,MMFDB,20,45,135,"1,350.00","182,250.00"
2021-01-12,2021011203015869,MMFDB,20,56,639,"1,350.00","862,650.00"
2021-01-12,2021011203015836,MMFDB,20,56,361,"1,350.00","487,350.00"
2021-01-12,2021011203015835,MMFDB,20,10,500,"1,350.00","675,000.00"
2021-01-12,2021011203015834,MMFDB,20,34,71,"1,350.00","95,850.00"
2021-01-12,2021011203015833,MMFDB,20,41,10,"1,350.00","13,500.00"
2021-01-12,2021011203015876,MMFDB,20,46,300,"1,353.00","405,900.00"
2021-01-12,2021011203015875,MMFDB,20,26,50,"1,352.00","67,600.00"
2021-01-12,2021011203015874,MMFDB,20,38,100,"1,352.00","135,200.00"
2021-01-12,2021011203015873,MMFDB,20,21,100,"1,352.00","135,200.00"
2021-01-12,2021011203015872,MMFDB,20,50,150,"1,352.00","202,800.00"
2021-01-12,2021011203015871,MMFDB,20,58,500,"1,350.00","675,000.00"
2021-01-12,2021011203015882,MMFDB,20,41,65,"1,364.00","88,660.00"
2021-01-12,2021011203015881,MMFDB,20,25,200,"1,361.00","272,200.00"
2021-01-12,2021011203015880,MMFDB,20,3,100,"1,361.00","136,100.00"
2021-01-12,2021011203015879,MMFDB,20,29,200,"1,361.00","272,200.00"
2021-01-12,2021011203015878,MMFDB,20,10,50,"1,360.00","68,000.00"
2021-01-12,2021011203015877,MMFDB,20,52,130,"1,355.00","176,150.00"
2021-01-12,2021011203015888,MMFDB,20,50,50,"1,366.00","68,300.00"
2021-01-12,2021011203015887,MMFDB,20,28,15,"1,366.00","20,490.00"
2021-01-12,2021011203015886,MMFDB,20,58,25,"1,366.00","34,150.00"
2021-01-12,2021011203015885,MMFDB,20,41,15,"1,366.00","20,490.00"
2021-01-12,2021011203015884,MMFDB,20,17,150,"1,365.00","204,750.00"
2021-01-12,2021011203015883,MMFDB,20,14,20,"1,364.00","27,280.00"
2021-01-12,2021011203015947,MMFDB,20,29,126,"1,394.00","175,644.00"
2021-01-12,2021011203015946,MMFDB,20,49,86,"1,394.00","119,884.00"
2021-01-12,2021011203015945,MMFDB,20,49,200,"1,394.00","278,800.00"
2021-01-12,2021011203015944,MMFDB,20,49,"1,000","1,393.00","1,393,000.00"
2021-01-12,2021011203015890,MMFDB,20,11,37,"1,366.00","50,542.00"
2021-01-12,2021011203015889,MMFDB,20,45,100,"1,366.00","136,600.00"
2021-01-12,2021011203016142,MNBBL,6,34,50,373.00,"18,650.00"
2021-01-12,2021011203015840,MNBBL,6,17,300,373.00,"111,900.00"
2021-01-12,2021011203015755,MNBBL,6,35,"1,000",373.00,"373,000.00"
2021-01-12,2021011203016094,MPFL,46,4,90,170.00,"15,300.00"
2021-01-12,2021011203015750,MPFL,34,4,500,170.00,"85,000.00"
2021-01-12,2021011203015749,MPFL,43,4,500,170.00,"85,000.00"
2021-01-12,2021011203015748,MPFL,51,4,97,170.00,"16,490.00"
2021-01-12,2021011203016083,NABBC,45,59,25,829.00,"20,725.00"
2021-01-12,2021011203016082,NABBC,45,52,25,825.00,"20,625.00"
2021-01-12,2021011203016042,NABBC,51,52,25,825.00,"20,625.00"
2021-01-12,2021011203015802,NABBC,21,52,10,830.00,"8,300.00"
2021-01-12,2021011203015782,NABBC,43,52,100,830.00,"83,000.00"
2021-01-12,2021011203015694,NABBC,45,3,50,821.00,"41,050.00"
2021-01-12,2021011203015688,NABBC,57,52,50,830.00,"41,500.00"
2021-01-12,2021011203015999,NBF2,43,37,"19,200",10.05,"192,960.00"
2021-01-12,2021011203015998,NBF2,43,34,"1,500",10.05,"15,075.00"
2021-01-12,2021011203015997,NBF2,43,10,"13,800",10.05,"138,690.00"
2021-01-12,2021011203015996,NBF2,43,29,700,10.04,"7,028.00"
2021-01-12,2021011203015995,NBF2,43,41,800,10.00,"8,000.00"
2021-01-12,2021011203015994,NBF2,43,43,"9,000",10.00,"90,000.00"
2021-01-12,2021011203016069,NEF,29,33,966,10.31,"9,959.46"
2021-01-12,2021011203016125,NIBLPF,21,14,"2,000",10.76,"21,520.00"
2021-01-12,2021011203016050,NIBLPF,21,14,"1,242",10.76,"13,363.92"
2021-01-12,2021011203016049,NIBLPF,21,49,253,10.76,"2,722.28"
2021-01-12,2021011203016048,NIBLPF,21,26,505,10.75,"5,428.75"
2021-01-12,2021011203016002,NIBLPF,13,33,505,10.66,"5,383.30"
2021-01-12,2021011203015794,NICBF,17,45,200,10.19,"2,038.00"
2021-01-12,2021011203016166,NICGF,43,6,800,10.94,"8,752.00"
2021-01-12,2021011203016165,NICGF,47,6,"1,500",10.94,"16,410.00"
2021-01-12,2021011203016046,NLBBL,3,34,23,"1,175.00","27,025.00"
2021-01-12,2021011203016045,NLBBL,3,1,84,"1,174.00","98,616.00"
2021-01-12,2021011203015803,NLBBL,7,35,82,"1,173.00","96,186.00"
2021-01-12,2021011203016154,NLIC,19,25,240,"2,416.00","579,840.00"
2021-01-12,2021011203016124,NLIC,4,6,40,"2,415.00","96,600.00"
2021-01-12,2021011203016118,NLIC,4,21,10,"2,415.00","24,150.00"
2021-01-12,2021011203016064,NLIC,36,45,100,"2,414.00","241,400.00"
2021-01-12,2021011203015936,NLIC,6,50,660,"2,413.00","1,592,580.00"
2021-01-12,2021011203015935,NLIC,45,50,50,"2,413.00","120,650.00"
2021-01-12,2021011203015674,NLIC,32,21,22,"2,416.00","53,152.00"
2021-01-12,2021011203015673,NLIC,32,52,65,"2,416.00","157,040.00"
2021-01-12,2021011203015672,NLIC,32,34,10,"2,416.00","24,160.00"
2021-01-12,2021011203015668,NLIC,22,16,3,"2,415.00","7,245.00"
2021-01-12,2021011203015934,NLIC,45,50,50,"2,414.00","120,700.00"
2021-01-12,2021011203015933,NLIC,47,50,20,"2,414.00","48,280.00"
2021-01-12,2021011203015932,NLIC,5,50,200,"2,416.00","483,200.00"
2021-01-12,2021011203015931,NLIC,47,50,20,"2,416.00","48,320.00"
2021-01-12,2021011203015838,NLIC,32,44,200,"2,416.00","483,200.00"
2021-01-12,2021011203015675,NLIC,32,22,200,"2,416.00","483,200.00"
2021-01-12,2021011203016115,NLICL,21,39,100,"1,180.00","118,000.00"
2021-01-12,2021011203016114,NLICL,26,39,65,"1,180.00","76,700.00"
2021-01-12,2021011203016022,NLICL,26,11,235,"1,180.00","277,300.00"
2021-01-12,2021011203016013,NLICL,48,50,15,"1,179.00","17,685.00"
2021-01-12,2021011203015959,NLICL,56,54,200,"1,179.00","235,800.00"
2021-01-12,2021011203015958,NLICL,33,54,200,"1,179.00","235,800.00"
2021-01-12,2021011203015704,NLICL,56,18,24,"1,180.00","28,320.00"
2021-01-12,2021011203015703,NLICL,56,25,100,"1,180.00","118,000.00"
2021-01-12,2021011203015942,NLICL,45,11,65,"1,180.00","76,700.00"
2021-01-12,2021011203015899,NLICL,45,11,30,"1,180.00","35,400.00"
2021-01-12,2021011203015868,NLICL,25,11,14,"1,180.00","16,520.00"
2021-01-12,2021011203015856,NLICL,52,11,500,"1,180.00","590,000.00"
2021-01-12,2021011203015855,NLICL,56,11,156,"1,180.00","184,080.00"
2021-01-12,2021011203015761,NLICL,56,43,200,"1,180.00","236,000.00"
2021-01-12,2021011203015913,NMBHF1,17,47,738,10.35,"7,638.30"
2021-01-12,2021011203015912,NMBHF1,17,47,"3,423",10.35,"35,428.05"
2021-01-12,2021011203016109,NMBMF,25,32,100,"1,043.00","104,300.00"
2021-01-12,2021011203016100,NMBMF,17,32,20,"1,043.00","20,860.00"
2021-01-12,2021011203016099,NMBMF,1,32,300,"1,043.00","312,900.00"
2021-01-12,2021011203016098,NMBMF,42,32,10,"1,043.00","10,430.00"
2021-01-12,2021011203016081,NMBMF,49,3,50,"1,043.00","52,150.00"
2021-01-12,2021011203015941,NMBMF,49,32,100,"1,043.00","104,300.00"
2021-01-12,2021011203015864,NMBMF,49,32,50,"1,043.00","52,150.00"
2021-01-12,2021011203015863,NMBMF,57,32,50,"1,044.00","52,200.00"
2021-01-12,2021011203016149,NMFBS,49,26,26,"2,350.00","61,100.00"
2021-01-12,2021011203016148,NMFBS,59,26,74,"2,350.00","173,900.00"
2021-01-12,2021011203016092,NRIC,25,28,10,"1,538.00","15,380.00"
2021-01-12,2021011203016089,NRIC,1,21,325,"1,535.00","498,875.00"
2021-01-12,2021011203016086,NRIC,1,34,100,"1,535.00","153,500.00"
2021-01-12,2021011203016085,NRIC,59,34,50,"1,536.00","76,800.00"
2021-01-12,2021011203016084,NRIC,6,34,50,"1,536.00","76,800.00"
2021-01-12,2021011203016052,NRIC,19,3,200,"1,539.00","307,800.00"
2021-01-12,2021011203015676,NRIC,39,3,10,"1,539.00","15,390.00"
2021-01-12,2021011203015717,NRIC,52,59,25,"1,537.00","38,425.00"
2021-01-12,2021011203015716,NRIC,1,59,30,"1,537.00","46,110.00"
2021-01-12,2021011203015715,NRIC,57,59,100,"1,537.00","153,700.00"
2021-01-12,2021011203015714,NRIC,45,59,181,"1,537.00","278,197.00"
2021-01-12,2021011203015710,NRIC,37,3,70,"1,539.00","107,730.00"
2021-01-12,2021011203015692,NRIC,48,3,60,"1,539.00","92,340.00"
2021-01-12,2021011203015723,NRIC,51,59,50,"1,536.00","76,800.00"
2021-01-12,2021011203015722,NRIC,35,59,"1,000","1,536.00","1,536,000.00"
2021-01-12,2021011203015721,NRIC,21,59,30,"1,536.00","46,080.00"
2021-01-12,2021011203015720,NRIC,18,59,50,"1,536.00","76,800.00"
2021-01-12,2021011203015719,NRIC,7,59,50,"1,537.00","76,850.00"
2021-01-12,2021011203015718,NRIC,34,59,140,"1,537.00","215,180.00"
2021-01-12,2021011203015729,NRIC,1,59,450,"1,535.00","690,750.00"
2021-01-12,2021011203015728,NRIC,16,59,200,"1,535.00","307,000.00"
2021-01-12,2021011203015727,NRIC,10,59,500,"1,535.00","767,500.00"
2021-01-12,2021011203015726,NRIC,44,59,389,"1,535.00","597,115.00"
2021-01-12,2021011203015725,NRIC,25,59,10,"1,536.00","15,360.00"
2021-01-12,2021011203015724,NRIC,21,59,105,"1,536.00","161,280.00"
2021-01-12,2021011203015955,NRIC,48,13,100,"1,538.00","153,800.00"
2021-01-12,2021011203015954,NRIC,48,13,30,"1,538.00","46,140.00"
2021-01-12,2021011203015953,NRIC,57,13,10,"1,538.00","15,380.00"
2021-01-12,2021011203015795,NRIC,1,5,50,"1,535.00","76,750.00"
2021-01-12,2021011203015767,NRIC,25,3,15,"1,539.00","23,085.00"
2021-01-12,2021011203015766,NRIC,25,54,40,"1,538.00","61,520.00"
2021-01-12,2021011203015739,NRN,34,32,90,358.00,"32,220.00"
2021-01-12,2021011203015738,NRN,38,32,140,358.00,"50,120.00"
2021-01-12,2021011203015737,NRN,41,32,60,358.00,"21,480.00"
2021-01-12,2021011203015736,NRN,22,32,600,358.00,"214,800.00"
2021-01-12,2021011203015735,NRN,46,32,50,358.00,"17,900.00"
2021-01-12,2021011203015702,NRN,42,5,10,359.00,"3,590.00"
2021-01-12,2021011203015701,NRN,42,8,10,359.00,"3,590.00"
2021-01-12,2021011203015915,NTC,35,45,100,"1,255.00","125,500.00"
2021-01-12,2021011203015746,NTC,47,19,100,"1,255.00","125,500.00"
2021-01-12,2021011203015745,NTC,21,19,100,"1,255.00","125,500.00"
2021-01-12,2021011203016071,NUBL,39,32,217,"1,335.00","289,695.00"
2021-01-12,2021011203016070,NUBL,39,45,83,"1,334.00","110,722.00"
2021-01-12,2021011203015730,OHL,34,49,10,475.00,"4,750.00"
2021-01-12,2021011203016075,PFL,52,13,317,197.00,"62,449.00"
2021-01-12,2021011203016074,PFL,53,13,683,197.00,"134,551.00"
2021-01-12,2021011203015898,PFL,10,50,283,198.00,"56,034.00"
2021-01-12,2021011203015897,PFL,10,38,11,198.00,"2,178.00"
2021-01-12,2021011203015896,PFL,10,38,27,198.00,"5,346.00"
2021-01-12,2021011203015895,PFL,10,32,179,198.00,"35,442.00"
2021-01-12,2021011203015891,PFL,39,32,10,198.00,"1,980.00"
2021-01-12,2021011203016141,PLIC,39,20,40,808.00,"32,320.00"
2021-01-12,2021011203016140,PLIC,39,59,40,808.00,"32,320.00"
2021-01-12,2021011203016101,PLIC,25,53,100,807.00,"80,700.00"
2021-01-12,2021011203016026,PLIC,39,59,130,808.00,"105,040.00"
2021-01-12,2021011203015906,PLIC,39,59,130,808.00,"105,040.00"
2021-01-12,2021011203015905,PLIC,39,53,50,808.00,"40,400.00"
2021-01-12,2021011203015756,PLIC,6,20,94,808.00,"75,952.00"
2021-01-12,2021011203015764,PLIC,39,53,36,808.00,"29,088.00"
2021-01-12,2021011203015763,PLIC,39,55,50,808.00,"40,400.00"
2021-01-12,2021011203015762,PLIC,39,1,94,808.00,"75,952.00"
2021-01-12,2021011203015759,PLIC,6,1,106,808.00,"85,648.00"
2021-01-12,2021011203015758,PLIC,6,14,50,808.00,"40,400.00"
2021-01-12,2021011203015757,PLIC,6,14,50,808.00,"40,400.00"
2021-01-12,2021011203016167,RLI,26,34,80,632.00,"50,560.00"
2021-01-12,2021011203016016,RLI,1,34,70,632.00,"44,240.00"
2021-01-12,2021011203016008,RLI,1,38,10,632.00,"6,320.00"
2021-01-12,2021011203015993,RLI,5,57,220,635.00,"139,700.00"
2021-01-12,2021011203015992,RLI,5,29,10,635.00,"6,350.00"
2021-01-12,2021011203015991,RLI,5,6,40,635.00,"25,400.00"
2021-01-12,2021011203015743,RLI,6,3,10,631.00,"6,310.00"
2021-01-12,2021011203015699,RLI,57,14,10,633.00,"6,330.00"
2021-01-12,2021011203015698,RLI,57,51,10,633.00,"6,330.00"
2021-01-12,2021011203015697,RLI,57,51,100,632.00,"63,200.00"
2021-01-12,2021011203015696,RLI,57,47,10,632.00,"6,320.00"
2021-01-12,2021011203015960,RLI,5,52,70,633.00,"44,310.00"
2021-01-12,2021011203015957,RLI,38,52,30,633.00,"18,990.00"
2021-01-12,2021011203015929,RLI,1,43,10,632.00,"6,320.00"
2021-01-12,2021011203015914,RLI,1,48,10,632.00,"6,320.00"
2021-01-12,2021011203015760,RLI,49,59,10,631.00,"6,310.00"
2021-01-12,2021011203015751,RLI,6,48,10,631.00,"6,310.00"
2021-01-12,2021011203015966,RLI,5,22,250,635.00,"158,750.00"
2021-01-12,2021011203015965,RLI,5,51,10,634.00,"6,340.00"
2021-01-12,2021011203015964,RLI,5,35,200,634.00,"126,800.00"
2021-01-12,2021011203015963,RLI,5,52,10,634.00,"6,340.00"
2021-01-12,2021011203015962,RLI,5,33,510,634.00,"323,340.00"
2021-01-12,2021011203015961,RLI,5,4,10,633.00,"6,330.00"
2021-01-12,2021011203015972,RLI,5,22,10,635.00,"6,350.00"
2021-01-12,2021011203015971,RLI,5,22,10,635.00,"6,350.00"
2021-01-12,2021011203015970,RLI,5,7,10,635.00,"6,350.00"
2021-01-12,2021011203015969,RLI,5,39,10,635.00,"6,350.00"
2021-01-12,2021011203015968,RLI,5,58,10,635.00,"6,350.00"
2021-01-12,2021011203015967,RLI,5,32,10,635.00,"6,350.00"
2021-01-12,2021011203015978,RLI,5,45,10,635.00,"6,350.00"
2021-01-12,2021011203015977,RLI,5,22,10,635.00,"6,350.00"
2021-01-12,2021011203015976,RLI,5,22,10,635.00,"6,350.00"
2021-01-12,2021011203015975,RLI,5,25,250,635.00,"158,750.00"
2021-01-12,2021011203015974,RLI,5,32,10,635.00,"6,350.00"
2021-01-12,2021011203015973,RLI,5,38,10,635.00,"6,350.00"
2021-01-12,2021011203015984,RLI,5,58,10,635.00,"6,350.00"
2021-01-12,2021011203015983,RLI,5,50,10,635.00,"6,350.00"
2021-01-12,2021011203015982,RLI,5,41,10,635.00,"6,350.00"
2021-01-12,2021011203015981,RLI,5,42,10,635.00,"6,350.00"
2021-01-12,2021011203015980,RLI,5,25,10,635.00,"6,350.00"
2021-01-12,2021011203015979,RLI,5,51,10,635.00,"6,350.00"
2021-01-12,2021011203015990,RLI,5,45,100,635.00,"63,500.00"
2021-01-12,2021011203015989,RLI,5,42,10,635.00,"6,350.00"
2021-01-12,2021011203015988,RLI,5,34,10,635.00,"6,350.00"
2021-01-12,2021011203015987,RLI,5,42,110,635.00,"69,850.00"
2021-01-12,2021011203015986,RLI,5,17,10,635.00,"6,350.00"
2021-01-12,2021011203015985,RLI,5,38,10,635.00,"6,350.00"
2021-01-12,2021011203016104,RMDC,17,48,10,"1,155.00","11,550.00"
2021-01-12,2021011203015690,RMDC,44,6,90,"1,160.00","104,400.00"
2021-01-12,2021011203016123,RSDC,38,57,20,675.00,"13,500.00"
2021-01-12,2021011203016108,RSDC,21,39,5,675.00,"3,375.00"
2021-01-12,2021011203016107,RSDC,25,39,100,675.00,"67,500.00"
2021-01-12,2021011203016043,RSDC,37,35,20,676.00,"13,520.00"
2021-01-12,2021011203016020,RSDC,37,49,80,676.00,"54,080.00"
2021-01-12,2021011203016019,RSDC,42,49,20,676.00,"13,520.00"
2021-01-12,2021011203015860,RSDC,22,39,1,680.00,680.00
2021-01-12,2021011203015742,RSDC,42,19,80,676.00,"54,080.00"
2021-01-12,2021011203016150,SABSL,17,17,15,"1,132.00","16,980.00"
2021-01-12,2021011203016025,SABSL,17,57,79,"1,132.00","89,428.00"
2021-01-12,2021011203016024,SABSL,17,21,33,"1,130.00","37,290.00"
2021-01-12,2021011203015769,SABSL,42,57,48,"1,132.00","54,336.00"
2021-01-12,2021011203015768,SABSL,42,39,152,"1,130.00","171,760.00"
2021-01-12,2021011203016153,SADBL,20,29,865,202.00,"174,730.00"
2021-01-12,2021011203016152,SADBL,44,29,135,202.00,"27,270.00"
2021-01-12,2021011203016127,SADBL,44,48,100,202.00,"20,200.00"
2021-01-12,2021011203016003,SADBL,35,54,100,203.00,"20,300.00"
2021-01-12,2021011203015952,SADBL,39,16,300,204.00,"61,200.00"
2021-01-12,2021011203015857,SADBL,35,35,400,203.00,"81,200.00"
2021-01-12,2021011203015852,SADBL,35,59,500,203.00,"101,500.00"
2021-01-12,2021011203015851,SADBL,39,59,500,203.00,"101,500.00"
2021-01-12,2021011203015700,SADBL,39,34,"1,000",204.00,"204,000.00"
2021-01-12,2021011203015796,SAEF,45,33,200,11.93,"2,386.00"
2021-01-12,2021011203015858,SAEF,45,37,200,11.95,"2,390.00"
2021-01-12,2021011203015801,SAEF,45,28,"1,000",11.95,"11,950.00"
2021-01-12,2021011203015800,SAEF,45,41,"5,000",11.95,"59,750.00"
2021-01-12,2021011203015799,SAEF,45,41,"5,000",11.93,"59,650.00"
2021-01-12,2021011203015798,SAEF,45,40,100,11.93,"1,193.00"
2021-01-12,2021011203015797,SAEF,45,54,500,11.93,"5,965.00"
2021-01-12,2021011203016164,SAPDBL,21,21,285,157.00,"44,745.00"
2021-01-12,2021011203016059,SAPDBL,51,21,200,157.00,"31,400.00"
2021-01-12,2021011203016023,SDLBSL,8,33,10,"1,170.00","11,700.00"
2021-01-12,2021011203015817,SDLBSL,8,3,10,"1,170.00","11,700.00"
2021-01-12,2021011203015793,SDLBSL,19,38,75,"1,180.00","88,500.00"
2021-01-12,2021011203015792,SDLBSL,19,20,25,"1,179.00","29,475.00"
2021-01-12,2021011203016078,SEF,45,14,"7,500",10.71,"80,325.00"
2021-01-12,2021011203016077,SEF,45,57,"1,000",10.70,"10,700.00"
2021-01-12,2021011203015849,SEF,1,26,400,10.60,"4,240.00"
2021-01-12,2021011203015861,SFCL,40,25,100,147.00,"14,700.00"
2021-01-12,2021011203016162,SKBBL,42,17,100,"1,495.00","149,500.00"
2021-01-12,2021011203016161,SKBBL,42,48,30,"1,494.00","44,820.00"
2021-01-12,2021011203016155,SLBBL,34,34,26,"1,166.00","30,316.00"
2021-01-12,2021011203016117,SLBBL,34,42,10,"1,169.00","11,690.00"
2021-01-12,2021011203015956,SLBBL,34,55,11,"1,166.00","12,826.00"
2021-01-12,2021011203015937,SLBBL,44,39,200,"1,168.00","233,600.00"
2021-01-12,2021011203015804,SLBBL,39,42,100,"1,167.00","116,700.00"
2021-01-12,2021011203016103,SLBSL,29,42,82,"1,026.00","84,132.00"
2021-01-12,2021011203016033,SLICL,26,33,20,739.00,"14,780.00"
2021-01-12,2021011203016032,SLICL,26,25,133,739.00,"98,287.00"
2021-01-12,2021011203016018,SLICL,41,4,300,739.00,"221,700.00"
2021-01-12,2021011203016001,SLICL,56,4,200,739.00,"147,800.00"
2021-01-12,2021011203015786,SLICL,28,41,500,738.00,"369,000.00"
2021-01-12,2021011203015785,SLICL,28,49,84,738.00,"61,992.00"
2021-01-12,2021011203015784,SLICL,28,4,100,737.00,"73,700.00"
2021-01-12,2021011203015783,SLICL,28,46,100,737.00,"73,700.00"
2021-01-12,2021011203015670,SLICL,21,52,91,737.00,"67,067.00"
2021-01-12,2021011203015669,SLICL,21,17,39,737.00,"28,743.00"
2021-01-12,2021011203015862,SMB,47,11,97,"1,255.00","121,735.00"
2021-01-12,2021011203015686,SMFDB,49,44,200,"1,020.00","204,000.00"
2021-01-12,2021011203015685,SMFDB,21,44,50,"1,020.00","51,000.00"
2021-01-12,2021011203015844,STC,56,44,10,"6,840.00","68,400.00"
2021-01-12,2021011203015843,STC,34,44,10,"6,841.00","68,410.00"
2021-01-12,2021011203016160,SWBBL,3,6,100,"1,683.00","168,300.00"
2021-01-12,2021011203016159,SWBBL,41,6,200,"1,683.00","336,600.00"
2021-01-12,2021011203016158,SWBBL,42,6,209,"1,683.00","351,747.00"
2021-01-12,2021011203016157,SWBBL,40,6,200,"1,684.00","336,800.00"
2021-01-12,2021011203016156,SWBBL,13,6,100,"1,685.00","168,500.00"
2021-01-12,2021011203016147,SWBBL,13,38,100,"1,685.00","168,500.00"
2021-01-12,2021011203016102,USLB,14,57,109,"1,405.00","153,145.00"
2021-01-12,2021011203015651,ALBSL,47,34,12,"1,256.00","15,072.00"
2021-01-12,2021011203015599,ALICL,21,59,100,"1,020.00","102,000.00"
2021-01-12,2021011203015598,ALICL,21,49,159,"1,020.00","162,180.00"
2021-01-12,2021011203015506,ALICL,22,49,100,"1,020.00","102,000.00"
2021-01-12,2021011203015487,ALICL,36,49,150,"1,020.00","153,000.00"
2021-01-12,2021011203015385,ALICL,42,49,521,"1,020.00","531,420.00"
2021-01-12,2021011203015341,ALICL,42,13,149,"1,020.00","151,980.00"
2021-01-12,2021011203015204,ALICL,50,50,144,"1,020.00","146,880.00"
2021-01-12,2021011203015203,ALICL,50,42,50,"1,020.00","51,000.00"
2021-01-12,2021011203015202,ALICL,50,50,100,"1,020.00","102,000.00"
2021-01-12,2021011203015201,ALICL,50,50,153,"1,018.00","155,754.00"
2021-01-12,2021011203015182,ALICL,8,50,47,"1,018.00","47,846.00"
2021-01-12,2021011203015340,ALICL,42,43,10,"1,020.00","10,200.00"
2021-01-12,2021011203015339,ALICL,42,42,100,"1,020.00","102,000.00"
2021-01-12,2021011203015338,ALICL,42,19,100,"1,020.00","102,000.00"
2021-01-12,2021011203015337,ALICL,42,46,120,"1,020.00","122,400.00"
2021-01-12,2021011203015206,ALICL,50,58,"1,000","1,020.00","1,020,000.00"
2021-01-12,2021011203015205,ALICL,50,22,50,"1,020.00","51,000.00"
2021-01-12,2021011203015290,BBC,22,38,10,"2,750.00","27,500.00"
2021-01-12,2021011203015307,BFC,21,42,40,143.00,"5,720.00"
2021-01-12,2021011203015387,CBBL,21,47,190,"1,237.00","235,030.00"
2021-01-12,2021011203015386,CBBL,45,47,10,"1,237.00","12,370.00"
2021-01-12,2021011203015269,CBBL,13,6,70,"1,238.00","86,660.00"
2021-01-12,2021011203015253,CBBL,45,41,90,"1,237.00","111,330.00"
2021-01-12,2021011203015360,CFCL,36,10,155,184.00,"28,520.00"
2021-01-12,2021011203015359,CFCL,36,51,100,184.00,"18,400.00"
2021-01-12,2021011203015358,CFCL,36,49,132,184.00,"24,288.00"
2021-01-12,2021011203015357,CFCL,36,38,100,184.00,"18,400.00"
2021-01-12,2021011203015356,CFCL,36,14,13,184.00,"2,392.00"
2021-01-12,2021011203015538,CIT,39,53,10,"3,445.00","34,450.00"
2021-01-12,2021011203015508,CIT,3,21,15,"3,446.00","51,690.00"
2021-01-12,2021011203015393,CIT,21,21,86,"3,446.00","296,356.00"
2021-01-12,2021011203015392,CIT,21,41,54,"3,445.00","186,030.00"
2021-01-12,2021011203015315,CIT,25,8,10,"3,444.00","34,440.00"
2021-01-12,2021011203015314,CIT,28,8,10,"3,444.00","34,440.00"
2021-01-12,2021011203015281,CIT,56,41,30,"3,445.00","103,350.00"
2021-01-12,2021011203015267,CIT,49,41,30,"3,445.00","103,350.00"
2021-01-12,2021011203015266,CIT,57,57,34,"3,447.00","117,198.00"
2021-01-12,2021011203015263,CIT,57,6,50,"3,447.00","172,350.00"
2021-01-12,2021011203015181,CIT,13,6,50,"3,447.00","172,350.00"
2021-01-12,2021011203015283,CMF2,17,41,"9,200",10.05,"92,460.00"
2021-01-12,2021011203015282,CMF2,43,41,800,10.10,"8,080.00"
2021-01-12,2021011203015517,DDBL,3,57,50,"1,473.00","73,650.00"
2021-01-12,2021011203015390,DDBL,3,38,100,"1,473.00","147,300.00"
2021-01-12,2021011203015638,FMDBL,57,29,100,630.00,"63,000.00"
2021-01-12,2021011203015637,FMDBL,57,41,100,630.00,"63,000.00"
2021-01-12,2021011203015636,FMDBL,57,6,633,630.00,"398,790.00"
2021-01-12,2021011203015597,FMDBL,11,6,200,630.00,"126,000.00"
2021-01-12,2021011203015564,FMDBL,49,6,100,630.00,"63,000.00"
2021-01-12,2021011203015563,FMDBL,34,6,100,630.00,"63,000.00"
2021-01-12,2021011203015446,FMDBL,49,19,80,630.00,"50,400.00"
2021-01-12,2021011203015379,FMDBL,49,11,63,630.00,"39,690.00"
2021-01-12,2021011203015378,FMDBL,45,11,92,631.00,"58,052.00"
2021-01-12,2021011203015377,FMDBL,17,11,95,632.00,"60,040.00"
2021-01-12,2021011203015235,FMDBL,17,33,50,632.00,"31,600.00"
2021-01-12,2021011203015562,FMDBL,42,6,10,630.00,"6,300.00"
2021-01-12,2021011203015561,FMDBL,10,6,200,630.00,"126,000.00"
2021-01-12,2021011203015560,FMDBL,56,6,400,630.00,"252,000.00"
2021-01-12,2021011203015559,FMDBL,49,6,157,630.00,"98,910.00"
2021-01-12,2021011203015558,FMDBL,49,46,100,630.00,"63,000.00"
2021-01-12,2021011203015542,FMDBL,49,13,100,630.00,"63,000.00"
2021-01-12,2021011203015641,FOWAD,51,32,50,"2,287.00","114,350.00"
2021-01-12,2021011203015382,GBBL,46,4,200,325.00,"65,000.00"
2021-01-12,2021011203015376,GBBL,13,4,50,325.00,"16,250.00"
2021-01-12,2021011203015207,GBBL,44,4,200,325.00,"65,000.00"
2021-01-12,2021011203015187,GBBL,28,4,100,325.00,"32,500.00"
2021-01-12,2021011203015596,GBLBS,4,10,100,617.00,"61,700.00"
2021-01-12,2021011203015591,GBLBS,11,10,50,617.00,"30,850.00"
2021-01-12,2021011203015590,GBLBS,17,10,85,617.00,"52,445.00"
2021-01-12,2021011203015317,GBLBS,17,51,15,617.00,"9,255.00"
2021-01-12,2021011203015467,GFCL,58,11,40,207.00,"8,280.00"
2021-01-12,2021011203015466,GFCL,57,11,200,207.00,"41,400.00"
2021-01-12,2021011203015495,GILB,3,3,2,"1,435.00","2,870.00"
2021-01-12,2021011203015391,GILB,51,37,10,"1,439.00","14,390.00"
2021-01-12,2021011203015260,GILB,3,3,2,"1,430.00","2,860.00"
2021-01-12,2021011203015192,GILB,43,58,40,"1,430.00","57,200.00"
2021-01-12,2021011203015219,GILB,14,51,60,"1,435.00","86,100.00"
2021-01-12,2021011203015218,GILB,14,45,10,"1,435.00","14,350.00"
2021-01-12,2021011203015217,GILB,14,49,50,"1,434.00","71,700.00"
2021-01-12,2021011203015216,GILB,14,51,100,"1,433.00","143,300.00"
2021-01-12,2021011203015215,GILB,14,42,54,"1,432.00","77,328.00"
2021-01-12,2021011203015193,GILB,43,58,17,"1,430.00","24,310.00"
2021-01-12,2021011203015333,GIMES1,49,49,"25,100",12.28,"308,228.00"
2021-01-12,2021011203015332,GIMES1,7,49,"1,900",12.29,"23,351.00"
2021-01-12,2021011203015640,GLBSL,33,22,30,908.00,"27,240.00"
2021-01-12,2021011203015639,GLBSL,33,43,333,908.00,"302,364.00"
2021-01-12,2021011203015655,GLICL,50,13,50,647.00,"32,350.00"
2021-01-12,2021011203015629,GLICL,50,25,29,647.00,"18,763.00"
2021-01-12,2021011203015628,GLICL,50,41,100,647.00,"64,700.00"
2021-01-12,2021011203015627,GLICL,50,38,100,647.00,"64,700.00"
2021-01-12,2021011203015626,GLICL,50,37,"3,024",647.00,"1,956,528.00"
2021-01-12,2021011203015502,GLICL,45,43,20,646.00,"12,920.00"
2021-01-12,2021011203015346,GLICL,43,55,110,646.00,"71,060.00"
2021-01-12,2021011203015345,GLICL,43,57,10,646.00,"6,460.00"
2021-01-12,2021011203015285,GLICL,43,1,101,645.00,"65,145.00"
2021-01-12,2021011203015279,GLICL,56,51,36,643.00,"23,148.00"
2021-01-12,2021011203015278,GLICL,40,51,16,643.00,"10,288.00"
2021-01-12,2021011203015169,GMFIL,57,52,100,191.00,"19,100.00"
2021-01-12,2021011203015551,GRDBL,32,21,10,158.00,"1,580.00"
2021-01-12,2021011203015603,GUFL,8,44,577,252.00,"145,404.00"
2021-01-12,2021011203015575,GUFL,32,44,23,252.00,"5,796.00"
2021-01-12,2021011203015498,GUFL,34,56,50,251.00,"12,550.00"
2021-01-12,2021011203015484,GUFL,34,44,400,252.00,"100,800.00"
2021-01-12,2021011203015331,GUFL,34,4,100,251.00,"25,100.00"
2021-01-12,2021011203015239,GUFL,51,25,20,251.00,"5,020.00"
2021-01-12,2021011203015642,HIDCL,51,28,200,273.00,"54,600.00"
2021-01-12,2021011203015611,HIDCL,51,1,242,273.00,"66,066.00"
2021-01-12,2021011203015556,HIDCL,1,1,100,273.00,"27,300.00"
2021-01-12,2021011203015545,HIDCL,51,1,"2,258",273.00,"616,434.00"
2021-01-12,2021011203015535,HIDCL,51,53,300,273.00,"81,900.00"
2021-01-12,2021011203015527,HIDCL,34,16,"1,081",274.00,"296,194.00"
2021-01-12,2021011203015199,HIDCL,51,20,61,273.00,"16,653.00"
2021-01-12,2021011203015320,HIDCL,17,6,150,274.00,"41,100.00"
2021-01-12,2021011203015319,HIDCL,17,45,168,274.00,"46,032.00"
2021-01-12,2021011203015287,HIDCL,51,21,61,273.00,"16,653.00"
2021-01-12,2021011203015270,HIDCL,38,45,30,274.00,"8,220.00"
2021-01-12,2021011203015228,HIDCL,51,1,40,273.00,"10,920.00"
2021-01-12,2021011203015200,HIDCL,51,55,"1,000",273.00,"273,000.00"
2021-01-12,2021011203015336,HIDCL,51,33,"1,200",273.00,"327,600.00"
2021-01-12,2021011203015325,HIDCL,17,40,310,274.00,"84,940.00"
2021-01-12,2021011203015324,HIDCL,17,42,50,274.00,"13,700.00"
2021-01-12,2021011203015323,HIDCL,17,39,61,274.00,"16,714.00"
2021-01-12,2021011203015322,HIDCL,17,4,200,274.00,"54,800.00"
2021-01-12,2021011203015321,HIDCL,17,1,61,274.00,"16,714.00"
2021-01-12,2021011203015520,HIDCL,34,22,500,274.00,"137,000.00"
2021-01-12,2021011203015519,HIDCL,34,42,50,274.00,"13,700.00"
2021-01-12,2021011203015518,HIDCL,34,40,85,274.00,"23,290.00"
2021-01-12,2021011203015429,HIDCL,51,48,30,273.00,"8,190.00"
2021-01-12,2021011203015362,HIDCL,38,40,200,274.00,"54,800.00"
2021-01-12,2021011203015344,HIDCL,51,45,50,273.00,"13,650.00"
2021-01-12,2021011203015526,HIDCL,34,43,132,274.00,"36,168.00"
2021-01-12,2021011203015525,HIDCL,34,49,67,274.00,"18,358.00"
2021-01-12,2021011203015524,HIDCL,34,49,67,274.00,"18,358.00"
2021-01-12,2021011203015523,HIDCL,34,25,900,274.00,"246,600.00"
2021-01-12,2021011203015522,HIDCL,34,28,55,274.00,"15,070.00"
2021-01-12,2021011203015521,HIDCL,34,11,63,274.00,"17,262.00"
2021-01-12,2021011203015557,ICFC,22,22,13,269.00,"3,497.00"
2021-01-12,2021011203015632,ILBS,35,38,30,"1,166.00","34,980.00"
2021-01-12,2021011203015554,ILBS,18,38,61,"1,169.00","71,309.00"
2021-01-12,2021011203015455,ILBS,21,38,89,"1,169.00","104,041.00"
2021-01-12,2021011203015454,ILBS,21,17,11,"1,169.00","12,859.00"
2021-01-12,2021011203015373,ILBS,35,35,966,"1,166.00","1,126,356.00"
2021-01-12,2021011203015372,ILBS,41,35,100,"1,167.00","116,700.00"
2021-01-12,2021011203015647,JBBL,26,43,77,240.00,"18,480.00"
2021-01-12,2021011203015646,JBBL,56,43,23,240.00,"5,520.00"
2021-01-12,2021011203015645,JBBL,10,42,"1,171",241.00,"282,211.00"
2021-01-12,2021011203015644,JBBL,10,36,64,241.00,"15,424.00"
2021-01-12,2021011203015643,JBBL,10,57,365,241.00,"87,965.00"
2021-01-12,2021011203015618,JBBL,45,57,"1,000",241.00,"241,000.00"
2021-01-12,2021011203015189,JBBL,33,42,14,241.00,"3,374.00"
2021-01-12,2021011203015188,JBBL,33,44,"1,300",241.00,"313,300.00"
2021-01-12,2021011203015303,JBBL,41,57,13,241.00,"3,133.00"
2021-01-12,2021011203015264,JBBL,41,5,100,240.00,"24,000.00"
2021-01-12,2021011203015245,JBBL,36,57,"1,000",241.00,"241,000.00"
2021-01-12,2021011203015230,JBBL,43,57,200,241.00,"48,200.00"
2021-01-12,2021011203015191,JBBL,33,57,186,241.00,"44,826.00"
2021-01-12,2021011203015190,JBBL,33,40,500,241.00,"120,500.00"
2021-01-12,2021011203015528,JBBL,41,57,100,240.00,"24,000.00"
2021-01-12,2021011203015470,JBBL,19,57,100,241.00,"24,100.00"
2021-01-12,2021011203015469,JBBL,38,57,15,241.00,"3,615.00"
2021-01-12,2021011203015462,JBBL,41,25,500,240.00,"120,000.00"
2021-01-12,2021011203015351,JBBL,45,57,10,241.00,"2,410.00"
2021-01-12,2021011203015347,JBBL,47,57,11,241.00,"2,651.00"
2021-01-12,2021011203015610,JBBL,57,57,100,241.00,"24,100.00"
2021-01-12,2021011203015553,JBBL,39,57,500,241.00,"120,500.00"
2021-01-12,2021011203015539,JBBL,56,21,32,240.00,"7,680.00"
2021-01-12,2021011203015531,JBBL,56,1,145,240.00,"34,800.00"
2021-01-12,2021011203015530,JBBL,25,1,50,240.00,"12,000.00"
2021-01-12,2021011203015529,JBBL,41,1,55,240.00,"13,200.00"
2021-01-12,2021011203015555,JFL,32,41,55,252.00,"13,860.00"
2021-01-12,2021011203015463,JFL,47,22,50,251.00,"12,550.00"
2021-01-12,2021011203015299,JFL,47,22,89,251.00,"22,339.00"
2021-01-12,2021011203015631,KMCDB,29,47,20,967.00,"19,340.00"
2021-01-12,2021011203015630,KMCDB,25,47,100,967.00,"96,700.00"
2021-01-12,2021011203015612,KMCDB,29,44,10,967.00,"9,670.00"
2021-01-12,2021011203015439,KMCDB,25,25,80,968.00,"77,440.00"
2021-01-12,2021011203015438,KMCDB,25,56,20,967.00,"19,340.00"
2021-01-12,2021011203015431,KMCDB,22,39,8,968.00,"7,744.00"
2021-01-12,2021011203015430,KMCDB,25,56,10,967.00,"9,670.00"
2021-01-12,2021011203015578,KRBL,52,34,10,144.00,"1,440.00"
2021-01-12,2021011203015658,KSBBL,38,34,200,237.00,"47,400.00"
2021-01-12,2021011203015552,KSBBL,50,19,150,236.00,"35,400.00"
2021-01-12,2021011203015453,KSBBL,50,21,50,236.00,"11,800.00"
2021-01-12,2021011203015404,KSBBL,50,50,64,236.00,"15,104.00"
2021-01-12,2021011203015403,KSBBL,56,50,81,236.00,"19,116.00"
2021-01-12,2021011203015402,KSBBL,39,50,50,236.00,"11,800.00"
2021-01-12,2021011203015395,KSBBL,29,50,185,236.00,"43,660.00"
2021-01-12,2021011203015241,KSBBL,29,22,90,236.00,"21,240.00"
2021-01-12,2021011203015401,KSBBL,19,50,500,236.00,"118,000.00"
2021-01-12,2021011203015400,KSBBL,57,50,300,236.00,"70,800.00"
2021-01-12,2021011203015399,KSBBL,53,50,50,236.00,"11,800.00"
2021-01-12,2021011203015398,KSBBL,52,50,20,236.00,"4,720.00"
2021-01-12,2021011203015397,KSBBL,57,50,"1,600",236.00,"377,600.00"
2021-01-12,2021011203015396,KSBBL,34,50,150,236.00,"35,400.00"
2021-01-12,2021011203015288,LBBL,45,17,119,227.00,"27,013.00"
2021-01-12,2021011203015316,LICN,25,10,10,"2,135.00","21,350.00"
2021-01-12,2021011203015313,LICN,35,17,62,"2,120.00","131,440.00"
2021-01-12,2021011203015312,LICN,19,17,120,"2,120.00","254,400.00"
2021-01-12,2021011203015265,LICN,19,37,80,"2,120.00","169,600.00"
2021-01-12,2021011203015242,LICN,45,37,200,"2,120.00","424,000.00"
2021-01-12,2021011203015220,MDB,53,51,15,341.00,"5,115.00"
2021-01-12,2021011203015305,MERO,33,38,350,"1,025.00","358,750.00"
2021-01-12,2021011203015240,MERO,45,35,357,"1,025.00","365,925.00"
2021-01-12,2021011203015461,MERO,42,50,500,"1,027.00","513,500.00"
2021-01-12,2021011203015460,MERO,42,44,50,"1,027.00","51,350.00"
2021-01-12,2021011203015459,MERO,42,50,100,"1,025.00","102,500.00"
2021-01-12,2021011203015584,MFIL,42,35,85,335.00,"28,475.00"
2021-01-12,2021011203015583,MFIL,17,33,50,334.00,"16,700.00"
2021-01-12,2021011203015582,MFIL,29,33,150,334.00,"50,100.00"
2021-01-12,2021011203015581,MFIL,48,33,100,334.00,"33,400.00"
2021-01-12,2021011203015580,MFIL,45,33,200,334.00,"66,800.00"
2021-01-12,2021011203015549,MLBL,52,56,13,274.00,"3,562.00"
2021-01-12,2021011203015548,MLBL,52,36,500,274.00,"137,000.00"
2021-01-12,2021011203015547,MLBL,52,42,695,274.00,"190,430.00"
2021-01-12,2021011203015546,MLBL,52,25,592,274.00,"162,208.00"
2021-01-12,2021011203015497,MLBL,45,21,151,273.00,"41,223.00"
2021-01-12,2021011203015496,MLBL,22,21,49,273.00,"13,377.00"
2021-01-12,2021011203015184,MLBL,19,34,85,274.00,"23,290.00"
2021-01-12,2021011203015328,MLBL,52,33,200,274.00,"54,800.00"
2021-01-12,2021011203015327,MLBL,52,34,111,274.00,"30,414.00"
2021-01-12,2021011203015227,MLBL,46,34,20,274.00,"5,480.00"
2021-01-12,2021011203015210,MLBL,22,42,116,273.00,"31,668.00"
2021-01-12,2021011203015449,MLBL,52,56,51,274.00,"13,974.00"
2021-01-12,2021011203015448,MLBL,52,6,311,274.00,"85,214.00"
2021-01-12,2021011203015443,MLBL,22,17,100,273.00,"27,300.00"
2021-01-12,2021011203015407,MLBL,17,6,100,274.00,"27,400.00"
2021-01-12,2021011203015330,MLBL,52,6,89,274.00,"24,386.00"
2021-01-12,2021011203015329,MLBL,52,58,"1,000",274.00,"274,000.00"
2021-01-12,2021011203015452,MLBL,52,25,408,274.00,"111,792.00"
2021-01-12,2021011203015451,MLBL,52,34,"1,000",274.00,"274,000.00"
2021-01-12,2021011203015450,MLBL,52,32,30,274.00,"8,220.00"
2021-01-12,2021011203015648,MMFDB,22,38,100,"1,325.00","132,500.00"
2021-01-12,2021011203015468,MMFDB,22,39,6,"1,337.00","8,022.00"
2021-01-12,2021011203015652,MNBBL,6,45,100,373.00,"37,300.00"
2021-01-12,2021011203015565,MNBBL,49,33,100,374.00,"37,400.00"
2021-01-12,2021011203015499,MNBBL,6,3,100,373.00,"37,300.00"
2021-01-12,2021011203015486,MNBBL,6,45,100,373.00,"37,300.00"
2021-01-12,2021011203015480,MNBBL,6,17,100,373.00,"37,300.00"
2021-01-12,2021011203015335,MNBBL,6,42,100,373.00,"37,300.00"
2021-01-12,2021011203015246,MNBBL,25,33,20,374.00,"7,480.00"
2021-01-12,2021011203015259,MPFL,51,45,703,170.00,"119,510.00"
2021-01-12,2021011203015258,MPFL,10,45,150,170.00,"25,500.00"
2021-01-12,2021011203015257,MPFL,26,45,147,170.00,"24,990.00"
2021-01-12,2021011203015226,MPFL,8,4,20,171.00,"3,420.00"
2021-01-12,2021011203015602,NABBC,39,52,45,830.00,"37,350.00"
2021-01-12,2021011203015601,NABBC,39,50,25,829.00,"20,725.00"
2021-01-12,2021011203015600,NABBC,39,42,30,829.00,"24,870.00"
2021-01-12,2021011203015485,NBF2,8,21,100,9.93,993.00
2021-01-12,2021011203015586,NEF,35,36,483,10.35,"4,999.05"
2021-01-12,2021011203015585,NEF,35,36,483,10.35,"4,999.05"
2021-01-12,2021011203015413,NEF,29,52,300,10.31,"3,093.00"
2021-01-12,2021011203015442,NIBLPF,13,17,"8,180",10.66,"87,198.80"
2021-01-12,2021011203015441,NIBLPF,34,17,"1,820",10.67,"19,419.40"
2021-01-12,2021011203015177,NICGF,43,10,200,10.94,"2,188.00"
2021-01-12,2021011203015176,NICGF,47,10,"2,500",10.94,"27,350.00"
2021-01-12,2021011203015175,NICGF,47,10,"2,500",10.94,"27,350.00"
2021-01-12,2021011203015667,NLIC,34,16,200,"2,415.00","483,000.00"
2021-01-12,2021011203015666,NLIC,50,16,197,"2,415.00","475,755.00"
2021-01-12,2021011203015607,NLIC,50,55,20,"2,415.00","48,300.00"
2021-01-12,2021011203015606,NLIC,50,45,50,"2,415.00","120,750.00"
2021-01-12,2021011203015605,NLIC,50,34,60,"2,415.00","144,900.00"
2021-01-12,2021011203015604,NLIC,50,41,48,"2,415.00","115,920.00"
2021-01-12,2021011203015352,NLIC,50,54,233,"2,414.00","562,462.00"
2021-01-12,2021011203015271,NLIC,6,57,50,"2,415.00","120,750.00"
2021-01-12,2021011203015198,NLIC,57,57,25,"2,415.00","60,375.00"
2021-01-12,2021011203015541,NLIC,22,38,22,"2,414.00","53,108.00"
2021-01-12,2021011203015507,NLIC,56,41,100,"2,415.00","241,500.00"
2021-01-12,2021011203015411,NLIC,25,51,10,"2,414.00","24,140.00"
2021-01-12,2021011203015355,NLIC,34,54,103,"2,412.00","248,436.00"
2021-01-12,2021011203015354,NLIC,48,54,25,"2,413.00","60,325.00"
2021-01-12,2021011203015353,NLIC,25,54,329,"2,413.00","793,877.00"
2021-01-12,2021011203015571,NLIC,21,41,52,"2,415.00","125,580.00"
2021-01-12,2021011203015570,NLIC,21,52,22,"2,415.00","53,130.00"
2021-01-12,2021011203015569,NLIC,21,53,50,"2,415.00","120,750.00"
2021-01-12,2021011203015568,NLIC,21,41,35,"2,415.00","84,525.00"
2021-01-12,2021011203015567,NLIC,21,46,66,"2,415.00","159,390.00"
2021-01-12,2021011203015566,NLIC,21,57,75,"2,415.00","181,125.00"
2021-01-12,2021011203015665,NLICL,56,5,20,"1,180.00","23,600.00"
2021-01-12,2021011203015664,NLICL,19,5,10,"1,182.00","11,820.00"
2021-01-12,2021011203015620,NLICL,32,10,200,"1,180.00","236,000.00"
2021-01-12,2021011203015478,NLICL,48,17,188,"1,178.00","221,464.00"
2021-01-12,2021011203015477,NLICL,21,17,100,"1,179.00","117,900.00"
2021-01-12,2021011203015476,NLICL,6,17,125,"1,179.00","147,375.00"
2021-01-12,2021011203015444,NLICL,39,45,120,"1,181.00","141,720.00"
2021-01-12,2021011203015384,NLICL,37,45,50,"1,181.00","59,050.00"
2021-01-12,2021011203015306,NLICL,26,35,100,"1,181.00","118,100.00"
2021-01-12,2021011203015302,NLICL,28,56,10,"1,182.00","11,820.00"
2021-01-12,2021011203015250,NLICL,25,56,20,"1,182.00","23,640.00"
2021-01-12,2021011203015231,NLICL,19,39,25,"1,183.00","29,575.00"
2021-01-12,2021011203015475,NLICL,49,17,120,"1,180.00","141,600.00"
2021-01-12,2021011203015474,NLICL,49,17,100,"1,180.00","118,000.00"
2021-01-12,2021011203015473,NLICL,21,17,10,"1,180.00","11,800.00"
2021-01-12,2021011203015472,NLICL,21,17,100,"1,180.00","118,000.00"
2021-01-12,2021011203015471,NLICL,52,17,72,"1,180.00","84,960.00"
2021-01-12,2021011203015445,NLICL,39,56,50,"1,181.00","59,050.00"
2021-01-12,2021011203015237,NMB50,47,49,"23,000",10.55,"242,650.00"
2021-01-12,2021011203015236,NMB50,47,49,"1,000",10.56,"10,560.00"
2021-01-12,2021011203015609,NMBHF1,56,33,416,10.35,"4,305.60"
2021-01-12,2021011203015550,NMBMF,22,39,4,"1,050.00","4,200.00"
2021-01-12,2021011203015197,NMBMF,33,46,50,"1,043.00","52,150.00"
2021-01-12,2021011203015482,NMFBS,33,22,22,"2,379.00","52,338.00"
2021-01-12,2021011203015437,NMFBS,33,33,197,"2,370.00","466,890.00"
2021-01-12,2021011203015436,NMFBS,33,36,50,"2,361.00","118,050.00"
2021-01-12,2021011203015435,NMFBS,33,36,17,"2,360.00","40,120.00"
2021-01-12,2021011203015434,NMFBS,33,42,20,"2,360.00","47,200.00"
2021-01-12,2021011203015433,NMFBS,33,38,16,"2,360.00","37,760.00"
2021-01-12,2021011203015367,NMFBS,33,22,26,"2,355.00","61,230.00"
2021-01-12,2021011203015366,NMFBS,33,17,50,"2,354.00","117,700.00"
2021-01-12,2021011203015432,NMFBS,33,58,50,"2,359.00","117,950.00"
2021-01-12,2021011203015375,NMFBS,59,13,13,"2,350.00","30,550.00"
2021-01-12,2021011203015371,NMFBS,33,58,20,"2,359.00","47,180.00"
2021-01-12,2021011203015370,NMFBS,33,34,26,"2,358.00","61,308.00"
2021-01-12,2021011203015369,NMFBS,33,36,50,"2,355.00","117,750.00"
2021-01-12,2021011203015368,NMFBS,33,14,26,"2,355.00","61,230.00"
2021-01-12,2021011203015663,NRIC,50,3,16,"1,539.00","24,624.00"
2021-01-12,2021011203015662,NRIC,6,3,170,"1,539.00","261,630.00"
2021-01-12,2021011203015661,NRIC,6,42,30,"1,538.00","46,140.00"
2021-01-12,2021011203015625,NRIC,53,42,10,"1,538.00","15,380.00"
2021-01-12,2021011203015624,NRIC,45,42,50,"1,538.00","76,900.00"
2021-01-12,2021011203015623,NRIC,32,42,90,"1,538.00","138,420.00"
2021-01-12,2021011203015262,NRIC,55,36,100,"1,537.00","153,700.00"
2021-01-12,2021011203015243,NRIC,53,21,10,"1,537.00","15,370.00"
2021-01-12,2021011203015172,NRIC,53,47,14,"1,537.00","21,518.00"
2021-01-12,2021011203015171,NRIC,51,47,26,"1,538.00","39,988.00"
2021-01-12,2021011203015410,NRIC,59,45,50,"1,538.00","76,900.00"
2021-01-12,2021011203015297,NRIC,45,42,379,"1,537.00","582,523.00"
2021-01-12,2021011203015296,NRIC,40,42,10,"1,537.00","15,370.00"
2021-01-12,2021011203015295,NRIC,25,42,50,"1,537.00","76,850.00"
2021-01-12,2021011203015294,NRIC,53,42,16,"1,537.00","24,592.00"
2021-01-12,2021011203015268,NRIC,36,3,85,"1,539.00","130,815.00"
2021-01-12,2021011203015481,NRIC,49,38,100,"1,538.00","153,800.00"
2021-01-12,2021011203015458,NRIC,45,50,440,"1,537.00","676,280.00"
2021-01-12,2021011203015457,NRIC,48,50,20,"1,538.00","30,760.00"
2021-01-12,2021011203015456,NRIC,59,50,60,"1,538.00","92,280.00"
2021-01-12,2021011203015447,NRIC,59,45,60,"1,538.00","92,280.00"
2021-01-12,2021011203015440,NRIC,59,38,30,"1,538.00","46,140.00"
2021-01-12,2021011203015622,NRIC,32,3,10,"1,538.00","15,380.00"
2021-01-12,2021011203015621,NRIC,57,3,40,"1,538.00","61,520.00"
2021-01-12,2021011203015543,NRIC,57,32,10,"1,538.00","15,380.00"
2021-01-12,2021011203015540,NRIC,7,32,30,"1,538.00","46,140.00"
2021-01-12,2021011203015537,NRIC,7,38,20,"1,538.00","30,760.00"
2021-01-12,2021011203015536,NRIC,51,38,30,"1,538.00","46,140.00"
2021-01-12,2021011203015660,NRN,46,3,10,358.00,"3,580.00"
2021-01-12,2021011203015576,NRN,46,49,10,358.00,"3,580.00"
2021-01-12,2021011203015516,NRN,35,51,10,359.00,"3,590.00"
2021-01-12,2021011203015515,NRN,35,46,10,359.00,"3,590.00"
2021-01-12,2021011203015514,NRN,35,42,10,359.00,"3,590.00"
2021-01-12,2021011203015513,NRN,35,42,10,359.00,"3,590.00"
2021-01-12,2021011203015300,NRN,45,42,100,358.00,"35,800.00"
2021-01-12,2021011203015280,NRN,22,16,10,358.00,"3,580.00"
2021-01-12,2021011203015221,NRN,22,47,10,358.00,"3,580.00"
2021-01-12,2021011203015185,NRN,22,50,10,358.00,"3,580.00"
2021-01-12,2021011203015170,NRN,22,33,10,358.00,"3,580.00"
2021-01-12,2021011203015512,NRN,35,42,10,359.00,"3,590.00"
2021-01-12,2021011203015511,NRN,35,49,66,359.00,"23,694.00"
2021-01-12,2021011203015465,NRN,46,48,10,358.00,"3,580.00"
2021-01-12,2021011203015394,NRN,46,16,10,358.00,"3,580.00"
2021-01-12,2021011203015380,NRN,46,49,10,358.00,"3,580.00"
2021-01-12,2021011203015301,NRN,46,42,550,358.00,"196,900.00"
2021-01-12,2021011203015633,NTC,21,55,50,"1,255.00","62,750.00"
2021-01-12,2021011203015589,NTC,42,21,200,"1,254.00","250,800.00"
2021-01-12,2021011203015588,NTC,8,21,50,"1,254.00","62,700.00"
2021-01-12,2021011203015587,NTC,57,21,50,"1,255.00","62,750.00"
2021-01-12,2021011203015505,NTC,42,32,21,"1,255.00","26,355.00"
2021-01-12,2021011203015504,NTC,49,32,50,"1,255.00","62,750.00"
2021-01-12,2021011203015194,NTC,29,50,75,"1,255.00","94,125.00"
2021-01-12,2021011203015503,NTC,35,32,20,"1,255.00","25,100.00"
2021-01-12,2021011203015292,NTC,48,35,75,"1,257.00","94,275.00"
2021-01-12,2021011203015291,NTC,48,19,75,"1,254.00","94,050.00"
2021-01-12,2021011203015244,NTC,35,50,95,"1,255.00","119,225.00"
2021-01-12,2021011203015238,NTC,52,50,10,"1,255.00","12,550.00"
2021-01-12,2021011203015229,NTC,29,50,25,"1,255.00","31,375.00"
2021-01-12,2021011203015289,NUBL,38,41,35,"1,331.00","46,585.00"
2021-01-12,2021011203015256,OHL,48,22,47,472.00,"22,184.00"
2021-01-12,2021011203015255,OHL,45,22,10,472.00,"4,720.00"
2021-01-12,2021011203015254,OHL,38,22,100,472.00,"47,200.00"
2021-01-12,2021011203015619,PFL,53,3,16,197.00,"3,152.00"
2021-01-12,2021011203015464,PFL,53,48,301,197.00,"59,297.00"
2021-01-12,2021011203015412,PFL,13,32,200,198.00,"39,600.00"
2021-01-12,2021011203015650,PLIC,39,25,18,807.00,"14,526.00"
2021-01-12,2021011203015649,PLIC,39,48,182,807.00,"146,874.00"
2021-01-12,2021011203015634,PLIC,17,3,500,806.00,"403,000.00"
2021-01-12,2021011203015534,PLIC,39,48,218,807.00,"175,926.00"
2021-01-12,2021011203015533,PLIC,39,55,242,807.00,"195,294.00"
2021-01-12,2021011203015510,PLIC,45,55,33,807.00,"26,631.00"
2021-01-12,2021011203015249,PLIC,39,35,150,806.00,"120,900.00"
2021-01-12,2021011203015409,PLIC,39,55,25,807.00,"20,175.00"
2021-01-12,2021011203015408,PLIC,39,59,75,807.00,"60,525.00"
2021-01-12,2021011203015365,PLIC,45,35,40,806.00,"32,240.00"
2021-01-12,2021011203015364,PLIC,45,43,20,806.00,"16,120.00"
2021-01-12,2021011203015363,PLIC,45,35,257,806.00,"207,142.00"
2021-01-12,2021011203015304,PLIC,39,35,100,806.00,"80,600.00"
2021-01-12,2021011203015483,RLFL,57,37,670,182.00,"121,940.00"
2021-01-12,2021011203015383,RLFL,16,37,300,182.00,"54,600.00"
2021-01-12,2021011203015261,RLFL,35,37,"4,000",182.00,"728,000.00"
2021-01-12,2021011203015224,RLFL,44,37,20,182.00,"3,640.00"
2021-01-12,2021011203015223,RLFL,57,37,10,183.00,"1,830.00"
2021-01-12,2021011203015579,RLI,40,41,10,632.00,"6,320.00"
2021-01-12,2021011203015488,RLI,40,57,100,632.00,"63,200.00"
2021-01-12,2021011203015479,RLI,40,51,20,632.00,"12,640.00"
2021-01-12,2021011203015381,RLI,35,59,10,632.00,"6,320.00"
2021-01-12,2021011203015350,RLI,35,59,10,632.00,"6,320.00"
2021-01-12,2021011203015349,RLI,6,59,90,632.00,"56,880.00"
2021-01-12,2021011203015334,RLI,6,37,10,632.00,"6,320.00"
2021-01-12,2021011203015247,RLI,6,48,10,631.00,"6,310.00"
2021-01-12,2021011203015209,RLI,16,37,90,632.00,"56,880.00"
2021-01-12,2021011203015208,RLI,16,6,10,632.00,"6,320.00"
2021-01-12,2021011203015174,RLI,6,39,108,631.00,"68,148.00"
2021-01-12,2021011203015173,RLI,13,39,102,632.00,"64,464.00"
2021-01-12,2021011203015274,RMDC,28,35,350,"1,151.00","402,850.00"
2021-01-12,2021011203015273,RMDC,45,35,50,"1,151.00","57,550.00"
2021-01-12,2021011203015272,RMDC,53,35,100,"1,152.00","115,200.00"
2021-01-12,2021011203015659,RSDC,32,44,60,676.00,"40,560.00"
2021-01-12,2021011203015654,RSDC,32,41,40,676.00,"27,040.00"
2021-01-12,2021011203015635,RSDC,5,45,30,677.00,"20,310.00"
2021-01-12,2021011203015608,RSDC,21,4,95,677.00,"64,315.00"
2021-01-12,2021011203015389,RSDC,38,4,75,677.00,"50,775.00"
2021-01-12,2021011203015388,RSDC,49,4,30,677.00,"20,310.00"
2021-01-12,2021011203015343,RSDC,49,45,70,677.00,"47,390.00"
2021-01-12,2021011203015342,RSDC,58,45,30,677.00,"20,310.00"
2021-01-12,2021011203015298,RSDC,52,52,55,678.00,"37,290.00"
2021-01-12,2021011203015275,RSDC,58,45,80,677.00,"54,160.00"
2021-01-12,2021011203015222,RSDC,21,52,150,678.00,"101,700.00"
2021-01-12,2021011203015196,RSDC,34,52,100,678.00,"67,800.00"
2021-01-12,2021011203015657,SABSL,58,57,51,"1,132.00","57,732.00"
2021-01-12,2021011203015656,SABSL,29,57,19,"1,132.00","21,508.00"
2021-01-12,2021011203015594,SABSL,32,44,69,"1,144.00","78,936.00"
2021-01-12,2021011203015593,SABSL,32,22,40,"1,144.00","45,760.00"
2021-01-12,2021011203015592,SABSL,32,10,30,"1,143.00","34,290.00"
2021-01-12,2021011203015428,SADBL,36,32,"2,694",204.00,"549,576.00"
2021-01-12,2021011203015427,SADBL,36,28,500,204.00,"102,000.00"
2021-01-12,2021011203015426,SADBL,36,6,"2,612",204.00,"532,848.00"
2021-01-12,2021011203015425,SADBL,36,16,500,204.00,"102,000.00"
2021-01-12,2021011203015424,SADBL,36,17,100,204.00,"20,400.00"
2021-01-12,2021011203015423,SADBL,36,52,50,204.00,"10,200.00"
2021-01-12,2021011203015416,SADBL,36,57,305,204.00,"62,220.00"
2021-01-12,2021011203015415,SADBL,36,47,10,204.00,"2,040.00"
2021-01-12,2021011203015361,SADBL,39,48,500,203.00,"101,500.00"
2021-01-12,2021011203015168,SADBL,44,10,65,202.00,"13,130.00"
2021-01-12,2021011203015422,SADBL,36,32,100,204.00,"20,400.00"
2021-01-12,2021011203015421,SADBL,36,48,100,204.00,"20,400.00"
2021-01-12,2021011203015420,SADBL,36,21,"1,000",204.00,"204,000.00"
2021-01-12,2021011203015419,SADBL,36,11,100,204.00,"20,400.00"
2021-01-12,2021011203015418,SADBL,36,45,"1,500",204.00,"306,000.00"
2021-01-12,2021011203015417,SADBL,36,41,429,204.00,"87,516.00"
2021-01-12,2021011203015653,SAEF,45,42,"8,500",11.90,"101,150.00"
2021-01-12,2021011203015494,SAEF,21,35,"3,000",11.90,"35,700.00"
2021-01-12,2021011203015493,SAEF,21,19,"7,000",11.89,"83,230.00"
2021-01-12,2021011203015492,SAEF,21,41,"1,500",11.89,"17,835.00"
2021-01-12,2021011203015491,SAEF,21,17,"5,000",11.88,"59,400.00"
2021-01-12,2021011203015490,SAEF,21,45,"2,000",11.88,"23,760.00"
2021-01-12,2021011203015489,SAEF,21,43,500,11.88,"5,940.00"
2021-01-12,2021011203015577,SDLBSL,19,21,100,"1,179.00","117,900.00"
2021-01-12,2021011203015509,SDLBSL,19,25,95,"1,178.00","111,910.00"
2021-01-12,2021011203015406,SDLBSL,19,13,10,"1,175.00","11,750.00"
2021-01-12,2021011203015405,SDLBSL,19,40,94,"1,175.00","110,450.00"
2021-01-12,2021011203015310,SDLBSL,8,35,10,"1,170.00","11,700.00"
2021-01-12,2021011203015309,SDLBSL,8,49,10,"1,169.00","11,690.00"
2021-01-12,2021011203015308,SDLBSL,8,14,10,"1,168.00","11,680.00"
2021-01-12,2021011203015348,SEF,1,34,500,10.60,"5,300.00"
2021-01-12,2021011203015318,SFMF,18,59,"99,000",10.41,"1,030,590.00"
2021-01-12,2021011203015234,SHINE,57,21,213,254.00,"54,102.00"
2021-01-12,2021011203015233,SHINE,54,21,10,254.00,"2,540.00"
2021-01-12,2021011203015232,SHINE,57,21,277,254.00,"70,358.00"
2021-01-12,2021011203015374,SHL,1,44,188,197.00,"37,036.00"
2021-01-12,2021011203015248,SHL,21,22,100,198.00,"19,800.00"
2021-01-12,2021011203015183,SKBBL,22,17,54,"1,491.00","80,514.00"
2021-01-12,2021011203015311,SLBBL,35,16,150,"1,166.00","174,900.00"
2021-01-12,2021011203015277,SLBBL,35,16,100,"1,166.00","116,600.00"
2021-01-12,2021011203015276,SLBBL,22,16,50,"1,166.00","58,300.00"
2021-01-12,2021011203015195,SLBBL,22,48,50,"1,166.00","58,300.00"
2021-01-12,2021011203015573,SLBSL,29,38,87,"1,033.00","89,871.00"
2021-01-12,2021011203015572,SLBSL,29,20,13,"1,030.00","13,390.00"
2021-01-12,2021011203015595,SLICL,21,4,100,736.00,"73,600.00"
2021-01-12,2021011203015574,SLICL,21,59,70,736.00,"51,520.00"
2021-01-12,2021011203015544,SLICL,29,59,30,736.00,"22,080.00"
2021-01-12,2021011203015532,SLICL,49,25,35,735.00,"25,725.00"
2021-01-12,2021011203015284,SLICL,49,14,150,735.00,"110,250.00"
2021-01-12,2021011203015214,SLICL,6,17,161,737.00,"118,657.00"
2021-01-12,2021011203015213,SLICL,6,16,200,737.00,"147,400.00"
2021-01-12,2021011203015212,SLICL,6,57,100,736.00,"73,600.00"
2021-01-12,2021011203015211,SLICL,6,4,39,736.00,"28,704.00"
2021-01-12,2021011203015616,SMFBS,20,57,12,"1,499.00","17,988.00"
2021-01-12,2021011203015615,SMFBS,20,21,50,"1,498.00","74,900.00"
2021-01-12,2021011203015614,SMFBS,20,45,200,"1,497.00","299,400.00"
2021-01-12,2021011203015613,SMFBS,20,53,20,"1,496.00","29,920.00"
2021-01-12,2021011203015326,SMFBS,42,46,10,"1,497.00","14,970.00"
2021-01-12,2021011203015252,SNLB,45,38,200,"1,087.00","217,400.00"
2021-01-12,2021011203015251,SNLB,45,54,100,"1,087.00","108,700.00"
2021-01-12,2021011203015225,SNLB,34,44,100,"1,079.00","107,900.00"
2021-01-12,2021011203015180,SNLB,34,17,10,"1,079.00","10,790.00"
2021-01-12,2021011203015179,SNLB,34,33,50,"1,079.00","53,950.00"
2021-01-12,2021011203015178,SNLB,34,50,432,"1,079.00","466,128.00"
2021-01-12,2021011203015617,STC,34,52,10,"6,850.00","68,500.00"
2021-01-12,2021011203015414,SWBBL,52,44,100,"1,690.00","169,000.00"
2021-01-12,2021011203015293,SWBBL,42,53,24,"1,683.00","40,392.00"
2021-01-12,2021011203015286,SWBBL,20,26,202,"1,684.00","340,168.00"
2021-01-12,2021011203015186,SWBBL,39,26,100,"1,684.00","168,400.00"
2021-01-12,2021011203015501,USLB,10,38,100,"1,414.00","141,400.00"
2021-01-12,2021011203015500,USLB,10,38,10,"1,414.00","14,140.00"
2021-01-12,2021011203015155,ALBSL,38,34,38,"1,275.00","48,450.00"
2021-01-12,2021011203015154,ALBSL,25,34,20,"1,279.00","25,580.00"
2021-01-12,2021011203015153,ALBSL,59,34,16,"1,279.00","20,464.00"
2021-01-12,2021011203014735,ALBSL,38,34,100,"1,280.00","128,000.00"
2021-01-12,2021011203015163,ALICL,8,25,100,"1,018.00","101,800.00"
2021-01-12,2021011203015157,ALICL,8,56,200,"1,018.00","203,600.00"
2021-01-12,2021011203015080,ALICL,8,32,100,"1,018.00","101,800.00"
2021-01-12,2021011203014882,ALICL,55,50,70,"1,020.00","71,400.00"
2021-01-12,2021011203014835,ALICL,8,3,20,"1,018.00","20,360.00"
2021-01-12,2021011203014826,ALICL,56,50,30,"1,020.00","30,600.00"
2021-01-12,2021011203014715,ALICL,8,51,33,"1,018.00","33,594.00"
2021-01-12,2021011203014679,ALICL,44,14,500,"1,020.00","510,000.00"
2021-01-12,2021011203015159,BBC,45,47,20,"2,750.00","55,000.00"
2021-01-12,2021011203015158,BBC,45,47,10,"2,751.00","27,510.00"
2021-01-12,2021011203015034,BFC,58,22,100,142.00,"14,200.00"
2021-01-12,2021011203015001,CBBL,54,6,80,"1,238.00","99,040.00"
2021-01-12,2021011203014947,CBBL,6,6,250,"1,238.00","309,500.00"
2021-01-12,2021011203014931,CBBL,45,6,20,"1,238.00","24,760.00"
2021-01-12,2021011203014930,CBBL,6,6,250,"1,238.00","309,500.00"
2021-01-12,2021011203014929,CBBL,58,6,500,"1,238.00","619,000.00"
2021-01-12,2021011203015070,CFCL,33,14,17,184.00,"3,128.00"
2021-01-12,2021011203015069,CFCL,33,45,50,184.00,"9,200.00"
2021-01-12,2021011203015068,CFCL,33,46,100,183.00,"18,300.00"
2021-01-12,2021011203015067,CFCL,33,46,33,183.00,"6,039.00"
2021-01-12,2021011203014921,CFCL,39,46,10,183.00,"1,830.00"
2021-01-12,2021011203014905,CFCL,16,46,57,183.00,"10,431.00"
2021-01-12,2021011203014904,CFCL,16,34,100,183.00,"18,300.00"
2021-01-12,2021011203014903,CFCL,16,52,200,183.00,"36,600.00"
2021-01-12,2021011203014902,CFCL,16,45,143,183.00,"26,169.00"
2021-01-12,2021011203014742,CFCL,13,13,217,182.00,"39,494.00"
2021-01-12,2021011203015121,CIT,44,41,75,"3,447.00","258,525.00"
2021-01-12,2021011203015081,CIT,19,6,30,"3,448.00","103,440.00"
2021-01-12,2021011203015061,CIT,44,8,25,"3,447.00","86,175.00"
2021-01-12,2021011203014730,CIT,22,41,47,"3,447.00","162,009.00"
2021-01-12,2021011203014714,CIT,40,41,52,"3,445.00","179,140.00"
2021-01-12,2021011203015161,DDBL,45,6,215,"1,473.00","316,695.00"
2021-01-12,2021011203015092,DDBL,45,6,45,"1,473.00","66,285.00"
2021-01-12,2021011203014757,DDBL,38,6,250,"1,473.00","368,250.00"
2021-01-12,2021011203014741,DDBL,38,6,195,"1,473.00","287,235.00"
2021-01-12,2021011203014740,DDBL,38,58,25,"1,472.00","36,800.00"
2021-01-12,2021011203014739,DDBL,38,58,30,"1,472.00","44,160.00"
2021-01-12,2021011203014858,EDBL,45,58,15,367.00,"5,505.00"
2021-01-12,2021011203015145,FMDBL,17,18,25,632.00,"15,800.00"
2021-01-12,2021011203015125,FMDBL,17,51,30,632.00,"18,960.00"
2021-01-12,2021011203015101,FMDBL,17,38,300,632.00,"189,600.00"
2021-01-12,2021011203015100,FMDBL,42,38,200,632.00,"126,400.00"
2021-01-12,2021011203014899,FMDBL,17,25,300,635.00,"190,500.00"
2021-01-12,2021011203014868,FMDBL,17,34,100,635.00,"63,500.00"
2021-01-12,2021011203014808,FMDBL,17,38,50,635.00,"31,750.00"
2021-01-12,2021011203014782,FMDBL,17,14,50,632.00,"31,600.00"
2021-01-12,2021011203014737,FMDBL,45,52,198,631.00,"124,938.00"
2021-01-12,2021011203014736,FMDBL,40,52,52,632.00,"32,864.00"
2021-01-12,2021011203014713,FMDBL,40,25,200,632.00,"126,400.00"
2021-01-12,2021011203015115,FOWAD,21,58,20,"2,285.00","45,700.00"
2021-01-12,2021011203015114,FOWAD,40,58,75,"2,286.00","171,450.00"
2021-01-12,2021011203014954,FOWAD,26,59,100,"2,290.00","229,000.00"
2021-01-12,2021011203014917,GBBL,59,58,463,324.00,"150,012.00"
2021-01-12,2021011203014916,GBBL,34,58,"1,000",324.00,"324,000.00"
2021-01-12,2021011203014915,GBBL,34,58,437,324.00,"141,588.00"
2021-01-12,2021011203014908,GBBL,44,4,300,325.00,"97,500.00"
2021-01-12,2021011203014878,GBBL,49,4,200,325.00,"65,000.00"
2021-01-12,2021011203014884,GBLBS,42,39,10,616.00,"6,160.00"
2021-01-12,2021011203015134,GLICL,40,16,84,643.00,"54,012.00"
2021-01-12,2021011203015133,GLICL,52,16,220,643.00,"141,460.00"
2021-01-12,2021011203015132,GLICL,52,16,293,643.00,"188,399.00"
2021-01-12,2021011203015131,GLICL,6,16,300,644.00,"193,200.00"
2021-01-12,2021011203015120,GLICL,42,37,10,647.00,"6,470.00"
2021-01-12,2021011203014997,GLICL,56,46,30,646.00,"19,380.00"
2021-01-12,2021011203014723,GLICL,42,44,100,645.00,"64,500.00"
