Date,Transact. No.,Symbol,Buyer,Seller,Quantity,Rate,Amount
2019-03-26,2019032601004611,ADBL,43,28,"3,297",294.00,"969,318.00"
2019-03-26,2019032601004610,ADBL,11,28,500,294.00,"147,000.00"
2019-03-26,2019032601004609,ADBL,58,28,203,294.00,"59,682.00"
2019-03-26,2019032601004599,ADBL,54,33,50,295.00,"14,750.00"
2019-03-26,2019032601004474,ADBL,28,33,10,295.00,"2,950.00"
2019-03-26,2019032601004399,ADBL,43,28,480,295.00,"141,600.00"
2019-03-26,2019032601004262,ADBL,44,28,20,295.00,"5,900.00"
2019-03-26,2019032601004155,ADBL,28,28,10,295.00,"2,950.00"
2019-03-26,2019032601004154,ADBL,28,10,63,294.00,"18,522.00"
2019-03-26,2019032601004372,ADBL,44,28,20,295.00,"5,900.00"
2019-03-26,2019032601004354,ADBL,43,42,350,295.00,"103,250.00"
2019-03-26,2019032601004353,ADBL,43,28,220,295.00,"64,900.00"
2019-03-26,2019032601004336,ADBL,58,46,197,294.00,"57,918.00"
2019-03-26,2019032601004305,ADBL,8,28,100,295.00,"29,500.00"
2019-03-26,2019032601004290,ADBL,58,4,100,294.00,"29,400.00"
2019-03-26,2019032601004398,AHPC,46,21,300,103.00,"30,900.00"
2019-03-26,2019032601004258,AHPC,46,10,200,103.00,"20,600.00"
2019-03-26,2019032601004516,AKJCL,41,47,10,80.00,800.00
2019-03-26,2019032601004146,AKJCL,41,58,10,80.00,800.00
2019-03-26,2019032601004136,AKJCL,49,58,10,80.00,800.00
2019-03-26,2019032601004135,AKJCL,49,39,10,80.00,800.00
2019-03-26,2019032601004602,AKPL,53,51,13,169.00,"2,197.00"
2019-03-26,2019032601004558,AKPL,53,51,13,169.00,"2,197.00"
2019-03-26,2019032601004608,ALBSL,58,39,10,489.00,"4,890.00"
2019-03-26,2019032601004607,ALBSL,58,25,10,488.00,"4,880.00"
2019-03-26,2019032601004490,ALBSL,19,21,10,485.00,"4,850.00"
2019-03-26,2019032601004471,ALBSL,44,1,10,487.00,"4,870.00"
2019-03-26,2019032601004150,ALBSL,54,26,10,486.00,"4,860.00"
2019-03-26,2019032601004141,ALBSL,54,21,10,486.00,"4,860.00"
2019-03-26,2019032601004137,ALBSL,54,26,10,486.00,"4,860.00"
2019-03-26,2019032601004129,ALBSL,54,21,10,486.00,"4,860.00"
2019-03-26,2019032601004128,ALBSL,54,21,10,486.00,"4,860.00"
2019-03-26,2019032601004121,ALBSL,54,21,10,486.00,"4,860.00"
2019-03-26,2019032601004250,ALBSL,19,21,10,485.00,"4,850.00"
2019-03-26,2019032601004242,ALBSL,19,21,10,485.00,"4,850.00"
2019-03-26,2019032601004240,ALBSL,19,33,10,485.00,"4,850.00"
2019-03-26,2019032601004232,ALBSL,19,29,10,485.00,"4,850.00"
2019-03-26,2019032601004168,ALBSL,54,21,10,486.00,"4,860.00"
2019-03-26,2019032601004167,ALBSL,54,26,10,486.00,"4,860.00"
2019-03-26,2019032601004449,ALBSL,19,58,10,485.00,"4,850.00"
2019-03-26,2019032601004352,ALBSL,19,48,10,485.00,"4,850.00"
2019-03-26,2019032601004329,ALBSL,19,1,10,485.00,"4,850.00"
2019-03-26,2019032601004320,ALBSL,19,21,10,485.00,"4,850.00"
2019-03-26,2019032601004284,ALBSL,19,33,10,485.00,"4,850.00"
2019-03-26,2019032601004255,ALBSL,19,21,10,485.00,"4,850.00"
2019-03-26,2019032601004464,ALBSL,44,58,10,487.00,"4,870.00"
2019-03-26,2019032601004463,ALBSL,44,58,10,487.00,"4,870.00"
2019-03-26,2019032601004462,ALBSL,44,58,10,487.00,"4,870.00"
2019-03-26,2019032601004461,ALBSL,44,37,10,487.00,"4,870.00"
2019-03-26,2019032601004460,ALBSL,44,37,10,487.00,"4,870.00"
2019-03-26,2019032601004459,ALBSL,44,58,10,486.00,"4,860.00"
2019-03-26,2019032601004470,ALBSL,44,58,10,487.00,"4,870.00"
2019-03-26,2019032601004469,ALBSL,44,1,10,487.00,"4,870.00"
2019-03-26,2019032601004468,ALBSL,44,25,10,487.00,"4,870.00"
2019-03-26,2019032601004467,ALBSL,44,39,10,487.00,"4,870.00"
2019-03-26,2019032601004466,ALBSL,44,39,10,487.00,"4,870.00"
2019-03-26,2019032601004465,ALBSL,44,39,10,487.00,"4,870.00"
2019-03-26,2019032601004453,API,25,33,30,134.00,"4,020.00"
2019-03-26,2019032601004355,API,25,43,50,135.00,"6,750.00"
2019-03-26,2019032601004270,API,25,59,950,133.00,"126,350.00"
2019-03-26,2019032601004201,API,25,59,30,133.00,"3,990.00"
2019-03-26,2019032601004387,BARUN,26,21,10,97.00,970.00
2019-03-26,2019032601004254,BHBL,58,59,11,144.00,"1,584.00"
2019-03-26,2019032601004498,BOKL,32,6,"1,978",243.00,"480,654.00"
2019-03-26,2019032601004331,BOKL,44,6,22,243.00,"5,346.00"
2019-03-26,2019032601004293,BOKL,44,6,178,243.00,"43,254.00"
2019-03-26,2019032601004291,BOKL,21,6,"1,000",243.00,"243,000.00"
2019-03-26,2019032601004277,BOKL,57,6,500,243.00,"121,500.00"
2019-03-26,2019032601004487,BPCL,36,21,22,360.00,"7,920.00"
2019-03-26,2019032601004383,BPCL,36,49,10,360.00,"3,600.00"
2019-03-26,2019032601004382,BPCL,36,48,11,360.00,"3,960.00"
2019-03-26,2019032601004381,BPCL,36,48,11,360.00,"3,960.00"
2019-03-26,2019032601004380,BPCL,36,48,11,360.00,"3,960.00"
2019-03-26,2019032601004379,BPCL,36,48,11,360.00,"3,960.00"
2019-03-26,2019032601004378,BPCL,36,33,182,359.00,"65,338.00"
2019-03-26,2019032601004324,BPCL,36,33,250,359.00,"89,750.00"
2019-03-26,2019032601004138,BPCL,37,51,11,358.00,"3,938.00"
2019-03-26,2019032601004543,CBBL,54,33,77,879.00,"67,683.00"
2019-03-26,2019032601004542,CBBL,6,33,107,879.00,"94,053.00"
2019-03-26,2019032601004485,CBBL,6,33,16,880.00,"14,080.00"
2019-03-26,2019032601004307,CBBL,6,17,34,880.00,"29,920.00"
2019-03-26,2019032601004497,CBL,58,46,"1,031",155.00,"159,805.00"
2019-03-26,2019032601004238,CBL,57,34,500,156.00,"78,000.00"
2019-03-26,2019032601004385,CCBL,41,57,300,163.00,"48,900.00"
2019-03-26,2019032601004287,CCBL,41,44,213,163.00,"34,719.00"
2019-03-26,2019032601004202,CCBL,41,49,10,163.00,"1,630.00"
2019-03-26,2019032601004143,CCBL,41,1,119,163.00,"19,397.00"
2019-03-26,2019032601004132,CCBL,41,5,197,163.00,"32,111.00"
2019-03-26,2019032601004400,CHCL,14,11,499,504.00,"251,496.00"
2019-03-26,2019032601004166,CHCL,52,49,100,505.00,"50,500.00"
2019-03-26,2019032601004139,CHCL,39,11,200,503.00,"100,600.00"
2019-03-26,2019032601004304,CHLBS,42,26,40,533.00,"21,320.00"
2019-03-26,2019032601004303,CHLBS,51,26,10,533.00,"5,330.00"
2019-03-26,2019032601004276,CHLBS,35,26,100,534.00,"53,400.00"
2019-03-26,2019032601004188,CHLBS,51,26,10,533.00,"5,330.00"
2019-03-26,2019032601004124,CHLBS,51,26,10,533.00,"5,330.00"
2019-03-26,2019032601004373,CIT,21,44,100,"2,630.00","263,000.00"
2019-03-26,2019032601004280,CIT,33,44,50,"2,630.00","131,500.00"
2019-03-26,2019032601004576,CZBIL,55,6,10,209.00,"2,090.00"
2019-03-26,2019032601004560,CZBIL,29,42,54,207.00,"11,178.00"
2019-03-26,2019032601004161,CZBIL,29,42,34,207.00,"7,038.00"
2019-03-26,2019032601004160,CZBIL,54,42,100,208.00,"20,800.00"
2019-03-26,2019032601004159,CZBIL,45,42,100,208.00,"20,800.00"
2019-03-26,2019032601004583,DDBL,43,44,100,583.00,"58,300.00"
2019-03-26,2019032601004546,DDBL,25,44,110,583.00,"64,130.00"
2019-03-26,2019032601004388,DDBL,39,44,150,582.00,"87,300.00"
2019-03-26,2019032601004337,DDBL,25,29,72,580.00,"41,760.00"
2019-03-26,2019032601004394,EBL,58,41,77,555.00,"42,735.00"
2019-03-26,2019032601004215,EBL,36,57,100,553.00,"55,300.00"
2019-03-26,2019032601004219,EBL,36,41,234,555.00,"129,870.00"
2019-03-26,2019032601004218,EBL,36,58,30,555.00,"16,650.00"
2019-03-26,2019032601004217,EBL,36,44,500,555.00,"277,500.00"
2019-03-26,2019032601004216,EBL,36,38,136,554.00,"75,344.00"
2019-03-26,2019032601004479,FOWAD,42,51,180,"1,507.00","271,260.00"
2019-03-26,2019032601004478,FOWAD,17,51,120,"1,509.00","181,080.00"
2019-03-26,2019032601004495,GBIME,45,34,100,261.00,"26,100.00"
2019-03-26,2019032601004482,GBIME,41,44,200,261.00,"52,200.00"
2019-03-26,2019032601004325,GBIME,41,44,100,261.00,"26,100.00"
2019-03-26,2019032601004318,GBIME,22,25,645,260.00,"167,700.00"
2019-03-26,2019032601004317,GBIME,39,25,100,260.00,"26,000.00"
2019-03-26,2019032601004316,GBIME,42,25,65,260.00,"16,900.00"
2019-03-26,2019032601004315,GBIME,52,25,190,260.00,"49,400.00"
2019-03-26,2019032601004157,GBIME,22,44,300,261.00,"78,300.00"
2019-03-26,2019032601004131,GBIME,52,44,310,260.00,"80,600.00"
2019-03-26,2019032601004567,GBLBS,52,32,200,443.00,"88,600.00"
2019-03-26,2019032601004529,GBLBS,44,32,200,443.00,"88,600.00"
2019-03-26,2019032601004528,GBLBS,28,32,50,443.00,"22,150.00"
2019-03-26,2019032601004527,GBLBS,53,32,100,443.00,"44,300.00"
2019-03-26,2019032601004526,GBLBS,1,32,20,443.00,"8,860.00"
2019-03-26,2019032601004525,GBLBS,38,32,100,444.00,"44,400.00"
2019-03-26,2019032601004524,GBLBS,32,32,50,444.00,"22,200.00"
2019-03-26,2019032601004309,GBLBS,1,42,10,443.00,"4,430.00"
2019-03-26,2019032601004504,GDBL,42,49,39,186.00,"7,254.00"
2019-03-26,2019032601004503,GDBL,37,49,161,187.00,"30,107.00"
2019-03-26,2019032601004481,GDBL,45,32,"1,000",187.00,"187,000.00"
2019-03-26,2019032601004502,GIMES1,39,34,"1,000",7.76,"7,760.00"
2019-03-26,2019032601004501,GIMES1,42,34,"1,000",7.77,"7,770.00"
2019-03-26,2019032601004500,GIMES1,56,34,"1,500",7.78,"11,670.00"
2019-03-26,2019032601004552,GLICL,58,37,10,506.00,"5,060.00"
2019-03-26,2019032601004494,GLICL,58,25,150,502.00,"75,300.00"
2019-03-26,2019032601004493,GLICL,42,25,250,502.00,"125,500.00"
2019-03-26,2019032601004518,HBL,49,34,65,461.00,"29,965.00"
2019-03-26,2019032601004369,HDL,45,5,50,"1,350.00","67,500.00"
2019-03-26,2019032601004601,HIDCL,56,13,56,131.00,"7,336.00"
2019-03-26,2019032601004491,HIDCL,56,51,55,131.00,"7,205.00"
2019-03-26,2019032601004292,HIDCL,56,42,56,131.00,"7,336.00"
2019-03-26,2019032601004259,HPPL,39,10,200,180.00,"36,000.00"
2019-03-26,2019032601004235,ICFC,41,17,440,150.00,"66,000.00"
2019-03-26,2019032601004116,JBBL,32,44,585,135.00,"78,975.00"
2019-03-26,2019032601004115,JBBL,32,38,37,135.00,"4,995.00"
2019-03-26,2019032601004371,JBNL,40,58,"2,018",172.00,"347,096.00"
2019-03-26,2019032601004314,JBNL,45,58,300,172.00,"51,600.00"
2019-03-26,2019032601004313,JBNL,34,58,500,172.00,"86,000.00"
2019-03-26,2019032601004312,JBNL,4,58,"1,000",172.00,"172,000.00"
2019-03-26,2019032601004311,JBNL,34,58,829,172.00,"142,588.00"
2019-03-26,2019032601004310,JBNL,17,58,585,173.00,"101,205.00"
2019-03-26,2019032601004123,JBNL,17,21,176,173.00,"30,448.00"
2019-03-26,2019032601004549,JFL,37,33,100,168.00,"16,800.00"
2019-03-26,2019032601004561,JSLBB,16,48,10,"2,154.00","21,540.00"
2019-03-26,2019032601004554,JSLBB,16,49,18,"2,142.00","38,556.00"
2019-03-26,2019032601004511,JSLBB,19,10,40,"2,100.00","84,000.00"
2019-03-26,2019032601004510,JSLBB,16,10,10,"2,142.00","21,420.00"
2019-03-26,2019032601004245,KBBL,6,29,440,206.00,"90,640.00"
2019-03-26,2019032601004244,KBBL,43,29,300,207.00,"62,100.00"
2019-03-26,2019032601004243,KBBL,43,29,260,207.00,"53,820.00"
2019-03-26,2019032601004476,KBL,50,29,132,235.00,"31,020.00"
2019-03-26,2019032601004475,KBL,50,16,118,235.00,"27,730.00"
2019-03-26,2019032601004446,KBL,41,16,100,235.00,"23,500.00"
2019-03-26,2019032601004566,KKHC,37,51,16,77.00,"1,232.00"
2019-03-26,2019032601004517,KKHC,37,51,16,77.00,"1,232.00"
2019-03-26,2019032601004578,KNBL,17,17,10,124.00,"1,240.00"
2019-03-26,2019032601004577,KNBL,17,57,300,123.00,"36,900.00"
2019-03-26,2019032601004134,KPCL,39,39,10,93.00,930.00
2019-03-26,2019032601004278,KPCL,39,39,10,93.00,930.00
2019-03-26,2019032601004260,KPCL,39,39,10,93.00,930.00
2019-03-26,2019032601004536,KPCL,39,47,10,93.00,930.00
2019-03-26,2019032601004368,KSBBL,17,28,200,139.00,"27,800.00"
2019-03-26,2019032601004575,LBBL,46,46,651,169.00,"110,019.00"
2019-03-26,2019032601004574,LBBL,21,46,100,169.00,"16,900.00"
2019-03-26,2019032601004573,LBBL,39,46,250,169.00,"42,250.00"
2019-03-26,2019032601004572,LBBL,49,46,"1,000",169.00,"169,000.00"
2019-03-26,2019032601004571,LBBL,17,46,500,169.00,"84,500.00"
2019-03-26,2019032601004586,LBL,48,16,500,191.00,"95,500.00"
2019-03-26,2019032601004585,LBL,38,16,"1,000",191.00,"191,000.00"
2019-03-26,2019032601004584,LBL,39,16,100,191.00,"19,100.00"
2019-03-26,2019032601004257,LBL,40,56,162,190.00,"30,780.00"
2019-03-26,2019032601004241,LBL,32,49,298,191.00,"56,918.00"
2019-03-26,2019032601004591,LGIL,34,16,500,510.00,"255,000.00"
2019-03-26,2019032601004590,LGIL,34,34,200,509.00,"101,800.00"
2019-03-26,2019032601004224,LGIL,37,38,71,507.00,"35,997.00"
2019-03-26,2019032601004223,LGIL,53,38,100,507.00,"50,700.00"
2019-03-26,2019032601004222,LGIL,53,38,133,507.00,"67,431.00"
2019-03-26,2019032601004489,MBL,48,25,20,220.00,"4,400.00"
2019-03-26,2019032601004488,MBL,48,1,80,220.00,"17,600.00"
2019-03-26,2019032601004252,MBL,44,1,20,220.00,"4,400.00"
2019-03-26,2019032601004200,MEGA,40,26,210,162.00,"34,020.00"
2019-03-26,2019032601004119,MLBL,45,5,236,170.00,"40,120.00"
2019-03-26,2019032601004389,MMFDB,34,49,200,912.00,"182,400.00"
2019-03-26,2019032601004539,MNBBL,1,43,111,342.00,"37,962.00"
2019-03-26,2019032601004538,MNBBL,28,43,39,342.00,"13,338.00"
2019-03-26,2019032601004408,MNBBL,25,5,27,345.00,"9,315.00"
2019-03-26,2019032601004323,MNBBL,28,29,126,342.00,"43,092.00"
2019-03-26,2019032601004308,MNBBL,45,29,30,345.00,"10,350.00"
2019-03-26,2019032601004298,MNBBL,58,29,50,345.00,"17,250.00"
2019-03-26,2019032601004153,MPFL,42,33,200,141.00,"28,200.00"
2019-03-26,2019032601004152,MPFL,46,33,20,141.00,"2,820.00"
2019-03-26,2019032601004151,MPFL,4,33,10,142.00,"1,420.00"
2019-03-26,2019032601004480,MSLB,28,32,55,"1,285.00","70,675.00"
2019-03-26,2019032601004274,NABIL,10,19,25,712.00,"17,800.00"
2019-03-26,2019032601004273,NABIL,10,44,25,712.00,"17,800.00"
2019-03-26,2019032601004177,NABIL,28,3,25,710.00,"17,750.00"
2019-03-26,2019032601004176,NABIL,29,3,90,710.00,"63,900.00"
2019-03-26,2019032601004175,NABIL,6,3,50,710.00,"35,500.00"
2019-03-26,2019032601004174,NABIL,17,3,15,710.00,"10,650.00"
2019-03-26,2019032601004173,NABIL,35,3,20,710.00,"14,200.00"
2019-03-26,2019032601004568,NABILP,20,28,50,695.00,"34,750.00"
2019-03-26,2019032601004330,NABILP,45,14,60,696.00,"41,760.00"
2019-03-26,2019032601004185,NABILP,28,14,10,696.00,"6,960.00"
2019-03-26,2019032601004226,NABILP,49,14,40,694.00,"27,760.00"
2019-03-26,2019032601004225,NABILP,28,14,10,695.00,"6,950.00"
2019-03-26,2019032601004393,NADEP,29,1,10,673.00,"6,730.00"
2019-03-26,2019032601004392,NADEP,29,59,10,670.00,"6,700.00"
2019-03-26,2019032601004391,NADEP,29,59,10,670.00,"6,700.00"
2019-03-26,2019032601004228,NADEP,48,56,10,660.00,"6,600.00"
2019-03-26,2019032601004519,NBB,36,34,659,193.00,"127,187.00"
2019-03-26,2019032601004455,NBB,36,22,72,193.00,"13,896.00"
2019-03-26,2019032601004211,NBB,11,1,31,193.00,"5,983.00"
2019-03-26,2019032601004214,NBB,36,1,269,193.00,"51,917.00"
2019-03-26,2019032601004213,NBB,10,1,100,193.00,"19,300.00"
2019-03-26,2019032601004212,NBB,26,1,100,193.00,"19,300.00"
2019-03-26,2019032601004597,NBL,33,37,76,290.00,"22,040.00"
2019-03-26,2019032601004596,NBL,33,50,24,290.00,"6,960.00"
2019-03-26,2019032601004547,NBL,35,33,54,289.00,"15,606.00"
2019-03-26,2019032601004509,NBL,48,33,400,288.00,"115,200.00"
2019-03-26,2019032601004508,NBL,53,33,100,288.00,"28,800.00"
2019-03-26,2019032601004507,NBL,58,33,500,288.00,"144,000.00"
2019-03-26,2019032601004472,NBL,18,33,500,289.00,"144,500.00"
2019-03-26,2019032601004348,NBL,33,33,10,289.00,"2,890.00"
2019-03-26,2019032601004347,NBL,43,33,30,289.00,"8,670.00"
2019-03-26,2019032601004346,NBL,58,33,56,289.00,"16,184.00"
2019-03-26,2019032601004345,NBL,17,33,350,289.00,"101,150.00"
2019-03-26,2019032601004297,NBL,45,50,50,290.00,"14,500.00"
2019-03-26,2019032601004587,NCCB,7,58,"2,700",210.00,"567,000.00"
2019-03-26,2019032601004321,NCCB,45,58,50,210.00,"10,500.00"
2019-03-26,2019032601004264,NCCB,39,58,100,210.00,"21,000.00"
2019-03-26,2019032601004263,NCCB,6,58,54,210.00,"11,340.00"
2019-03-26,2019032601004530,NHPC,58,13,100,73.00,"7,300.00"
2019-03-26,2019032601004551,NIB,13,17,500,527.00,"263,500.00"
2019-03-26,2019032601004237,NIB,25,55,102,527.00,"53,754.00"
2019-03-26,2019032601004227,NIB,33,55,"2,898",527.00,"1,527,246.00"
2019-03-26,2019032601004208,NIB,33,44,102,527.00,"53,754.00"
2019-03-26,2019032601004207,NIB,22,44,100,527.00,"52,700.00"
2019-03-26,2019032601004206,NIB,35,44,100,527.00,"52,700.00"
2019-03-26,2019032601004205,NIB,41,44,29,527.00,"15,283.00"
2019-03-26,2019032601004204,NIB,34,44,100,528.00,"52,800.00"
2019-03-26,2019032601004203,NIB,53,44,10,528.00,"5,280.00"
2019-03-26,2019032601004126,NIB,57,17,500,529.00,"264,500.00"
2019-03-26,2019032601004595,NICA,41,45,100,398.00,"39,800.00"
2019-03-26,2019032601004181,NICA,53,45,340,398.00,"135,320.00"
2019-03-26,2019032601004179,NICA,45,46,24,397.00,"9,528.00"
2019-03-26,2019032601004553,NICGF,22,47,"6,000",9.15,"54,900.00"
2019-03-26,2019032601004184,NICL,44,40,100,373.00,"37,300.00"
2019-03-26,2019032601004183,NICL,44,41,200,372.00,"74,400.00"
2019-03-26,2019032601004535,NIL,51,34,200,515.00,"103,000.00"
2019-03-26,2019032601004534,NIL,37,34,200,515.00,"103,000.00"
2019-03-26,2019032601004533,NIL,17,34,200,515.00,"103,000.00"
2019-03-26,2019032601004532,NIL,29,34,72,515.00,"37,080.00"
2019-03-26,2019032601004148,NIL,29,41,28,515.00,"14,420.00"
2019-03-26,2019032601004147,NIL,20,41,172,515.00,"88,580.00"
2019-03-26,2019032601004130,NIL,20,51,150,515.00,"77,250.00"
2019-03-26,2019032601004569,NLBBL,36,52,300,458.00,"137,400.00"
2019-03-26,2019032601004520,NLBBL,37,33,39,452.00,"17,628.00"
2019-03-26,2019032601004458,NLG,40,43,40,796.00,"31,840.00"
2019-03-26,2019032601004457,NLG,6,43,10,800.00,"8,000.00"
2019-03-26,2019032601004395,NLIC,21,21,3,"1,080.00","3,240.00"
2019-03-26,2019032601004335,NLIC,14,16,10,"1,087.00","10,870.00"
2019-03-26,2019032601004334,NLIC,41,16,10,"1,087.00","10,870.00"
2019-03-26,2019032601004333,NLIC,29,16,26,"1,087.00","28,262.00"
2019-03-26,2019032601004332,NLIC,44,16,10,"1,089.00","10,890.00"
2019-03-26,2019032601004306,NLIC,44,26,10,"1,089.00","10,890.00"
2019-03-26,2019032601004286,NLIC,29,42,17,"1,087.00","18,479.00"
2019-03-26,2019032601004172,NLIC,21,26,20,"1,089.00","21,780.00"
2019-03-26,2019032601004233,NLICL,21,44,100,575.00,"57,500.00"
2019-03-26,2019032601004582,NMB,37,58,523,325.00,"169,975.00"
2019-03-26,2019032601004557,NMB,35,11,132,326.00,"43,032.00"
2019-03-26,2019032601004556,NMB,35,56,45,326.00,"14,670.00"
2019-03-26,2019032601004555,NMB,35,57,123,326.00,"40,098.00"
2019-03-26,2019032601004544,NMB,37,34,12,325.00,"3,900.00"
2019-03-26,2019032601004522,NMB,37,57,400,325.00,"130,000.00"
2019-03-26,2019032601004282,NMB,49,48,274,324.00,"88,776.00"
2019-03-26,2019032601004281,NMB,49,48,126,324.00,"40,824.00"
2019-03-26,2019032601004197,NMB,49,34,50,324.00,"16,200.00"
2019-03-26,2019032601004521,NMB,37,46,65,325.00,"21,125.00"
2019-03-26,2019032601004492,NMB,41,46,200,325.00,"65,000.00"
2019-03-26,2019032601004384,NMB,49,42,51,324.00,"16,524.00"
2019-03-26,2019032601004377,NMB,25,46,129,325.00,"41,925.00"
2019-03-26,2019032601004376,NMB,25,26,11,325.00,"3,575.00"
2019-03-26,2019032601004375,NMB,25,58,500,325.00,"162,500.00"
2019-03-26,2019032601004559,NMBHF1,47,47,500,9.20,"4,600.00"
2019-03-26,2019032601004114,NSEWA,49,39,10,525.00,"5,250.00"
2019-03-26,2019032601004344,NTC,4,42,100,680.00,"68,000.00"
2019-03-26,2019032601004343,NTC,4,33,50,680.00,"34,000.00"
2019-03-26,2019032601004342,NTC,4,45,500,680.00,"340,000.00"
2019-03-26,2019032601004341,NTC,4,14,60,679.00,"40,740.00"
2019-03-26,2019032601004340,NTC,4,57,50,679.00,"33,950.00"
2019-03-26,2019032601004339,NTC,4,45,240,678.00,"162,720.00"
2019-03-26,2019032601004338,NTC,4,29,"1,970",677.00,"1,333,690.00"
2019-03-26,2019032601004594,NUBL,43,6,76,731.00,"55,556.00"
2019-03-26,2019032601004564,NUBL,42,6,90,733.00,"65,970.00"
2019-03-26,2019032601004397,NUBL,42,51,410,733.00,"300,530.00"
2019-03-26,2019032601004396,NUBL,14,51,10,733.00,"7,330.00"
2019-03-26,2019032601004531,OHL,42,44,10,435.00,"4,350.00"
2019-03-26,2019032601004210,OHL,56,55,314,429.00,"134,706.00"
2019-03-26,2019032601004209,OHL,56,55,300,429.00,"128,700.00"
2019-03-26,2019032601004326,PCBL,44,49,20,319.00,"6,380.00"
2019-03-26,2019032601004302,PCBL,45,49,50,319.00,"15,950.00"
2019-03-26,2019032601004275,PCBL,44,49,20,319.00,"6,380.00"
2019-03-26,2019032601004593,PIC,33,35,11,"1,019.00","11,209.00"
2019-03-26,2019032601004592,PIC,33,32,11,"1,017.00","11,187.00"
2019-03-26,2019032601004499,PIC,43,36,257,"1,015.00","260,855.00"
2019-03-26,2019032601004452,PIC,21,21,1,"1,010.00","1,010.00"
2019-03-26,2019032601004289,PIC,45,36,11,"1,015.00","11,165.00"
2019-03-26,2019032601004142,PIC,28,6,11,"1,010.00","11,110.00"
2019-03-26,2019032601004327,PICL,45,32,20,674.00,"13,480.00"
2019-03-26,2019032601004515,PLIC,37,41,150,441.00,"66,150.00"
2019-03-26,2019032601004514,PLIC,29,41,50,441.00,"22,050.00"
2019-03-26,2019032601004513,PLIC,26,41,200,441.00,"88,200.00"
2019-03-26,2019032601004512,PLIC,19,41,125,441.00,"55,125.00"
2019-03-26,2019032601004477,PLIC,28,39,15,447.00,"6,705.00"
2019-03-26,2019032601004269,PLIC,19,53,375,441.00,"165,375.00"
2019-03-26,2019032601004268,PLIC,28,53,50,443.00,"22,150.00"
2019-03-26,2019032601004267,PLIC,19,53,20,443.00,"8,860.00"
2019-03-26,2019032601004407,PMHPL,46,5,10,113.00,"1,130.00"
2019-03-26,2019032601004406,PMHPL,46,45,10,113.00,"1,130.00"
2019-03-26,2019032601004405,PMHPL,46,45,10,113.00,"1,130.00"
2019-03-26,2019032601004404,PMHPL,46,45,10,113.00,"1,130.00"
2019-03-26,2019032601004403,PMHPL,46,45,10,113.00,"1,130.00"
2019-03-26,2019032601004402,PMHPL,46,45,10,113.00,"1,130.00"
2019-03-26,2019032601004401,PMHPL,46,45,10,113.00,"1,130.00"
2019-03-26,2019032601004454,PRIN,28,28,15,415.00,"6,225.00"
2019-03-26,2019032601004370,PRIN,40,49,101,411.00,"41,511.00"
2019-03-26,2019032601004301,PRVU,43,46,"1,031",233.00,"240,223.00"
2019-03-26,2019032601004300,PRVU,43,8,500,233.00,"116,500.00"
2019-03-26,2019032601004299,PRVU,43,45,11,233.00,"2,563.00"
2019-03-26,2019032601004265,RBCL,3,41,13,"9,295.00","120,835.00"
2019-03-26,2019032601004540,RBCLPO,3,33,14,"8,568.00","119,952.00"
2019-03-26,2019032601004473,RLFL,33,29,10,116.00,"1,160.00"
2019-03-26,2019032601004156,RLFL,49,32,420,114.00,"47,880.00"
2019-03-26,2019032601004319,RMDC,6,19,46,530.00,"24,380.00"
2019-03-26,2019032601004283,RRHP,28,39,10,95.00,950.00
2019-03-26,2019032601004140,RRHP,28,39,10,95.00,950.00
2019-03-26,2019032601004600,RSDC,35,17,350,365.00,"127,750.00"
2019-03-26,2019032601004261,RSDC,19,17,50,365.00,"18,250.00"
2019-03-26,2019032601004229,RSDC,35,39,57,364.00,"20,748.00"
2019-03-26,2019032601004171,RSDC,52,17,100,365.00,"36,500.00"
2019-03-26,2019032601004322,SADBL,37,34,70,144.00,"10,080.00"
2019-03-26,2019032601004598,SANIMA,58,42,104,299.00,"31,096.00"
2019-03-26,2019032601004390,SBBLJ,20,17,10,196.00,"1,960.00"
2019-03-26,2019032601004537,SBI,36,18,"1,000",391.00,"391,000.00"
2019-03-26,2019032601004194,SBI,57,18,120,390.00,"46,800.00"
2019-03-26,2019032601004193,SBI,25,18,200,391.00,"78,200.00"
2019-03-26,2019032601004192,SBI,54,18,100,391.00,"39,100.00"
2019-03-26,2019032601004191,SBI,13,18,100,391.00,"39,100.00"
2019-03-26,2019032601004190,SBI,45,18,50,391.00,"19,550.00"
2019-03-26,2019032601004118,SBL,37,48,53,287.00,"15,211.00"
2019-03-26,2019032601004117,SBL,28,48,54,287.00,"15,498.00"
2019-03-26,2019032601004256,SCB,32,17,200,564.00,"112,800.00"
2019-03-26,2019032601004247,SCB,43,41,30,563.00,"16,890.00"
2019-03-26,2019032601004246,SCB,16,17,50,564.00,"28,200.00"
2019-03-26,2019032601004374,SDESI,16,16,1,550.00,550.00
2019-03-26,2019032601004349,SDESI,16,16,1,550.00,550.00
2019-03-26,2019032601004296,SDESI,16,16,1,550.00,550.00
2019-03-26,2019032601004288,SDESI,16,16,1,550.00,550.00
2019-03-26,2019032601004285,SDESI,16,16,1,550.00,550.00
2019-03-26,2019032601004279,SDESI,16,16,1,550.00,550.00
2019-03-26,2019032601004231,SDESI,16,16,1,550.00,550.00
2019-03-26,2019032601004196,SDESI,49,19,400,550.00,"220,000.00"
2019-03-26,2019032601004195,SDESI,16,16,1,550.00,550.00
2019-03-26,2019032601004187,SDESI,16,16,1,550.00,550.00
2019-03-26,2019032601004178,SDESI,16,16,1,550.00,550.00
2019-03-26,2019032601004169,SDESI,16,16,3,550.00,"1,650.00"
2019-03-26,2019032601004451,SEF,43,40,450,9.20,"4,140.00"
2019-03-26,2019032601004450,SEF,13,40,550,9.33,"5,131.50"
2019-03-26,2019032601004350,SHINE,28,51,39,232.00,"9,048.00"
2019-03-26,2019032601004351,SHL,48,32,253,204.00,"51,612.00"
2019-03-26,2019032601004239,SHPC,53,36,25,226.00,"5,650.00"
2019-03-26,2019032601004199,SHPC,53,38,79,226.00,"17,854.00"
2019-03-26,2019032601004198,SHPC,53,46,96,225.00,"21,600.00"
2019-03-26,2019032601004165,SHPC,58,46,200,225.00,"45,000.00"
2019-03-26,2019032601004164,SHPC,41,46,"2,000",225.00,"450,000.00"
2019-03-26,2019032601004163,SHPC,45,46,500,225.00,"112,500.00"
2019-03-26,2019032601004162,SHPC,28,46,204,225.00,"45,900.00"
2019-03-26,2019032601004149,SHPC,28,56,274,225.00,"61,650.00"
2019-03-26,2019032601004612,SIL,22,33,10,600.00,"6,000.00"
2019-03-26,2019032601004367,SIL,58,20,91,590.00,"53,690.00"
2019-03-26,2019032601004366,SIL,35,20,50,590.00,"29,500.00"
2019-03-26,2019032601004365,SIL,57,20,50,590.00,"29,500.00"
2019-03-26,2019032601004364,SIL,38,20,50,590.00,"29,500.00"
2019-03-26,2019032601004363,SIL,35,20,138,590.00,"81,420.00"
2019-03-26,2019032601004356,SIL,45,20,50,592.00,"29,600.00"
2019-03-26,2019032601004362,SIL,54,20,200,590.00,"118,000.00"
2019-03-26,2019032601004361,SIL,17,20,63,590.00,"37,170.00"
2019-03-26,2019032601004360,SIL,1,20,50,591.00,"29,550.00"
2019-03-26,2019032601004359,SIL,25,20,158,591.00,"93,378.00"
2019-03-26,2019032601004358,SIL,37,20,200,592.00,"118,400.00"
2019-03-26,2019032601004357,SIL,51,20,100,592.00,"59,200.00"
2019-03-26,2019032601004541,SKBBL,45,40,150,855.00,"128,250.00"
2019-03-26,2019032601004221,SKBBL,14,14,200,856.00,"171,200.00"
2019-03-26,2019032601004483,SLBBL,46,41,20,494.00,"9,880.00"
2019-03-26,2019032601004486,SLBS,38,21,15,875.00,"13,125.00"
2019-03-26,2019032601004496,SLBSL,45,46,10,702.00,"7,020.00"
2019-03-26,2019032601004125,SLBSL,43,43,10,701.00,"7,010.00"
2019-03-26,2019032601004445,SLICL,41,4,73,517.00,"37,741.00"
2019-03-26,2019032601004444,SLICL,41,4,240,517.00,"124,080.00"
2019-03-26,2019032601004443,SLICL,34,4,500,517.00,"258,500.00"
2019-03-26,2019032601004442,SLICL,55,4,500,517.00,"258,500.00"
2019-03-26,2019032601004441,SLICL,57,4,30,518.00,"15,540.00"
2019-03-26,2019032601004440,SLICL,55,4,487,518.00,"252,266.00"
2019-03-26,2019032601004248,SLICL,1,25,300,525.00,"157,500.00"
2019-03-26,2019032601004236,SLICL,32,25,200,522.00,"104,400.00"
2019-03-26,2019032601004439,SLICL,17,4,"1,000",519.00,"519,000.00"
2019-03-26,2019032601004438,SLICL,55,4,270,519.00,"140,130.00"
2019-03-26,2019032601004437,SLICL,16,4,50,519.00,"25,950.00"
2019-03-26,2019032601004436,SLICL,17,4,500,520.00,"260,000.00"
2019-03-26,2019032601004435,SLICL,26,4,50,520.00,"26,000.00"
2019-03-26,2019032601004294,SLICL,1,50,200,525.00,"105,000.00"
2019-03-26,2019032601004570,SMB,14,44,10,612.00,"6,120.00"
2019-03-26,2019032601004523,SMB,57,59,20,610.00,"12,200.00"
2019-03-26,2019032601004295,SRBL,11,40,375,216.00,"81,000.00"
2019-03-26,2019032601004448,SWBBL,21,39,63,817.00,"51,471.00"
2019-03-26,2019032601004447,SWBBL,45,39,25,817.00,"20,425.00"
2019-03-26,2019032601004251,TRH,57,55,10,240.00,"2,400.00"
2019-03-26,2019032601004506,UFL,28,32,700,201.00,"140,700.00"
2019-03-26,2019032601004603,UIC,45,16,10,758.00,"7,580.00"
2019-03-26,2019032601004589,UPCL,47,32,10,219.00,"2,190.00"
2019-03-26,2019032601004588,UPCL,47,34,40,219.00,"8,760.00"
2019-03-26,2019032601004613,UPPER,49,54,10,241.00,"2,410.00"
2019-03-26,2019032601004606,UPPER,40,34,490,239.00,"117,110.00"
2019-03-26,2019032601004605,UPPER,26,34,20,239.00,"4,780.00"
2019-03-26,2019032601004604,UPPER,58,34,190,239.00,"45,410.00"
2019-03-26,2019032601004581,UPPER,58,19,632,239.00,"151,048.00"
2019-03-26,2019032601004580,UPPER,49,19,220,240.00,"52,800.00"
2019-03-26,2019032601004133,UPPER,33,26,40,239.00,"9,560.00"
2019-03-26,2019032601004127,UPPER,33,39,50,239.00,"11,950.00"
2019-03-26,2019032601004122,UPPER,33,39,50,239.00,"11,950.00"
2019-03-26,2019032601004120,UPPER,33,26,40,239.00,"9,560.00"
2019-03-26,2019032601004182,UPPER,45,1,40,239.00,"9,560.00"
2019-03-26,2019032601004180,UPPER,45,26,50,239.00,"11,950.00"
2019-03-26,2019032601004170,UPPER,45,26,50,239.00,"11,950.00"
2019-03-26,2019032601004158,UPPER,45,26,38,239.00,"9,082.00"
2019-03-26,2019032601004145,UPPER,45,26,12,239.00,"2,868.00"
2019-03-26,2019032601004144,UPPER,33,26,38,239.00,"9,082.00"
2019-03-26,2019032601004249,UPPER,45,39,40,239.00,"9,560.00"
2019-03-26,2019032601004234,UPPER,45,13,52,239.00,"12,428.00"
2019-03-26,2019032601004230,UPPER,45,33,40,239.00,"9,560.00"
2019-03-26,2019032601004220,UPPER,45,1,40,239.00,"9,560.00"
2019-03-26,2019032601004189,UPPER,45,1,50,239.00,"11,950.00"
2019-03-26,2019032601004186,UPPER,45,26,50,239.00,"11,950.00"
2019-03-26,2019032601004272,UPPER,58,39,22,239.00,"5,258.00"
2019-03-26,2019032601004271,UPPER,32,39,28,239.00,"6,692.00"
2019-03-26,2019032601004266,UPPER,45,36,38,239.00,"9,082.00"
2019-03-26,2019032601004253,UPPER,45,33,50,239.00,"11,950.00"
2019-03-26,2019032601004412,UPPER,25,39,50,240.00,"12,000.00"
2019-03-26,2019032601004411,UPPER,25,39,40,240.00,"9,600.00"
2019-03-26,2019032601004410,UPPER,25,56,50,240.00,"12,000.00"
2019-03-26,2019032601004409,UPPER,25,6,10,240.00,"2,400.00"
2019-03-26,2019032601004386,UPPER,36,6,200,240.00,"48,000.00"
2019-03-26,2019032601004328,UPPER,58,21,40,239.00,"9,560.00"
2019-03-26,2019032601004418,UPPER,25,58,50,240.00,"12,000.00"
2019-03-26,2019032601004417,UPPER,25,6,150,240.00,"36,000.00"
2019-03-26,2019032601004416,UPPER,25,56,50,240.00,"12,000.00"
2019-03-26,2019032601004415,UPPER,25,25,40,240.00,"9,600.00"
2019-03-26,2019032601004414,UPPER,25,28,40,240.00,"9,600.00"
2019-03-26,2019032601004413,UPPER,25,35,40,240.00,"9,600.00"
2019-03-26,2019032601004424,UPPER,25,17,50,240.00,"12,000.00"
2019-03-26,2019032601004423,UPPER,25,17,50,240.00,"12,000.00"
2019-03-26,2019032601004422,UPPER,25,17,50,240.00,"12,000.00"
2019-03-26,2019032601004421,UPPER,25,17,50,240.00,"12,000.00"
2019-03-26,2019032601004420,UPPER,25,17,50,240.00,"12,000.00"
2019-03-26,2019032601004419,UPPER,25,6,50,240.00,"12,000.00"
2019-03-26,2019032601004430,UPPER,25,48,50,240.00,"12,000.00"
2019-03-26,2019032601004429,UPPER,25,54,40,240.00,"9,600.00"
2019-03-26,2019032601004428,UPPER,25,48,40,240.00,"9,600.00"
2019-03-26,2019032601004427,UPPER,25,39,40,240.00,"9,600.00"
2019-03-26,2019032601004426,UPPER,25,47,40,240.00,"9,600.00"
2019-03-26,2019032601004425,UPPER,25,1,40,240.00,"9,600.00"
2019-03-26,2019032601004456,UPPER,25,44,190,240.00,"45,600.00"
2019-03-26,2019032601004434,UPPER,25,35,50,240.00,"12,000.00"
2019-03-26,2019032601004433,UPPER,25,5,50,240.00,"12,000.00"
2019-03-26,2019032601004432,UPPER,25,48,50,240.00,"12,000.00"
2019-03-26,2019032601004431,UPPER,25,42,590,240.00,"141,600.00"
2019-03-26,2019032601004579,UPPER,25,19,140,240.00,"33,600.00"
2019-03-26,2019032601004550,UPPER,25,19,50,240.00,"12,000.00"
2019-03-26,2019032601004548,UPPER,25,44,310,240.00,"74,400.00"
2019-03-26,2019032601004505,UPPER,33,44,500,240.00,"120,000.00"
2019-03-26,2019032601004484,UPPER,58,49,116,239.00,"27,724.00"
2019-03-26,2019032601004545,VLBS,50,21,25,643.00,"16,075.00"
2019-03-26,2019032601003836,ADBL,56,56,77,294.00,"22,638.00"
2019-03-26,2019032601003915,AHPC,7,8,"1,700",103.00,"175,100.00"
2019-03-26,2019032601003914,AHPC,7,6,"1,000",103.00,"103,000.00"
2019-03-26,2019032601003826,AHPC,36,22,165,102.00,"16,830.00"
2019-03-26,2019032601003820,AHPC,36,13,60,102.00,"6,120.00"
2019-03-26,2019032601003819,AHPC,36,19,229,102.00,"23,358.00"
2019-03-26,2019032601003616,AKJCL,6,6,10,79.00,790.00
2019-03-26,2019032601004107,ALBSL,54,21,10,486.00,"4,860.00"
2019-03-26,2019032601004097,ALBSL,54,36,10,486.00,"4,860.00"
2019-03-26,2019032601004089,ALBSL,6,33,10,486.00,"4,860.00"
2019-03-26,2019032601004075,ALBSL,6,21,10,486.00,"4,860.00"
2019-03-26,2019032601004072,ALBSL,6,21,10,486.00,"4,860.00"
2019-03-26,2019032601004032,ALBSL,6,40,10,486.00,"4,860.00"
2019-03-26,2019032601003624,ALBSL,26,56,10,487.00,"4,870.00"
2019-03-26,2019032601003619,ALBSL,26,35,10,487.00,"4,870.00"
2019-03-26,2019032601003680,ALBSL,26,21,10,487.00,"4,870.00"
2019-03-26,2019032601003672,ALBSL,26,21,10,487.00,"4,870.00"
2019-03-26,2019032601003660,ALBSL,26,21,10,487.00,"4,870.00"
2019-03-26,2019032601003640,ALBSL,26,56,10,487.00,"4,870.00"
2019-03-26,2019032601003638,ALBSL,26,21,10,487.00,"4,870.00"
2019-03-26,2019032601003625,ALBSL,26,21,10,487.00,"4,870.00"
2019-03-26,2019032601003759,ALBSL,26,21,10,487.00,"4,870.00"
2019-03-26,2019032601003750,ALBSL,26,21,10,487.00,"4,870.00"
2019-03-26,2019032601003738,ALBSL,26,21,10,487.00,"4,870.00"
2019-03-26,2019032601003734,ALBSL,26,21,10,487.00,"4,870.00"
2019-03-26,2019032601003731,ALBSL,26,21,10,487.00,"4,870.00"
2019-03-26,2019032601003718,ALBSL,26,21,10,487.00,"4,870.00"
2019-03-26,2019032601003787,ALBSL,39,34,10,488.00,"4,880.00"
2019-03-26,2019032601003786,ALBSL,39,21,10,488.00,"4,880.00"
2019-03-26,2019032601003785,ALBSL,39,21,10,488.00,"4,880.00"
2019-03-26,2019032601003784,ALBSL,39,21,10,488.00,"4,880.00"
2019-03-26,2019032601003777,ALBSL,26,21,10,487.00,"4,870.00"
2019-03-26,2019032601003771,ALBSL,26,21,10,487.00,"4,870.00"
2019-03-26,2019032601003857,ALBSL,18,49,10,486.00,"4,860.00"
2019-03-26,2019032601003845,ALBSL,18,51,10,486.00,"4,860.00"
2019-03-26,2019032601003839,ALBSL,14,49,10,487.00,"4,870.00"
2019-03-26,2019032601003828,ALBSL,14,49,10,487.00,"4,870.00"
2019-03-26,2019032601003824,ALBSL,18,49,10,486.00,"4,860.00"
2019-03-26,2019032601003823,ALBSL,26,21,10,487.00,"4,870.00"
2019-03-26,2019032601003899,ALBSL,56,21,10,487.00,"4,870.00"
2019-03-26,2019032601003898,ALBSL,56,21,10,487.00,"4,870.00"
2019-03-26,2019032601003897,ALBSL,56,21,10,487.00,"4,870.00"
2019-03-26,2019032601003896,ALBSL,56,21,10,487.00,"4,870.00"
2019-03-26,2019032601003895,ALBSL,56,21,10,487.00,"4,870.00"
2019-03-26,2019032601003868,ALBSL,18,43,10,486.00,"4,860.00"
2019-03-26,2019032601003978,ALBSL,18,1,10,486.00,"4,860.00"
2019-03-26,2019032601003940,ALBSL,46,58,10,487.00,"4,870.00"
2019-03-26,2019032601003916,ALBSL,46,50,10,487.00,"4,870.00"
2019-03-26,2019032601003903,ALBSL,18,26,10,486.00,"4,860.00"
2019-03-26,2019032601003901,ALBSL,56,37,10,487.00,"4,870.00"
2019-03-26,2019032601003900,ALBSL,56,21,10,487.00,"4,870.00"
2019-03-26,2019032601004028,ALBSL,6,29,10,486.00,"4,860.00"
2019-03-26,2019032601004020,ALBSL,18,40,10,486.00,"4,860.00"
2019-03-26,2019032601004017,ALBSL,42,58,10,487.00,"4,870.00"
2019-03-26,2019032601004016,ALBSL,42,58,10,487.00,"4,870.00"
2019-03-26,2019032601004015,ALBSL,42,58,10,487.00,"4,870.00"
2019-03-26,2019032601004014,ALBSL,18,33,10,486.00,"4,860.00"
2019-03-26,2019032601003989,ALICL,36,38,25,383.00,"9,575.00"
2019-03-26,2019032601003913,ALICL,57,33,10,386.00,"3,860.00"
2019-03-26,2019032601003912,ALICL,29,33,10,386.00,"3,860.00"
2019-03-26,2019032601003911,ALICL,34,33,20,386.00,"7,720.00"
2019-03-26,2019032601003809,ALICL,19,19,58,387.00,"22,446.00"
2019-03-26,2019032601003717,AMFI,56,56,10,627.00,"6,270.00"
2019-03-26,2019032601003688,AMFI,56,56,10,626.00,"6,260.00"
2019-03-26,2019032601003649,AMFI,28,45,10,625.00,"6,250.00"
2019-03-26,2019032601003837,API,57,22,27,131.00,"3,537.00"
2019-03-26,2019032601003776,BFC,57,33,55,95.00,"5,225.00"
2019-03-26,2019032601004041,BOKL,28,6,13,243.00,"3,159.00"
2019-03-26,2019032601003957,BOKL,14,6,30,243.00,"7,290.00"
2019-03-26,2019032601003956,BOKL,37,6,92,243.00,"22,356.00"
2019-03-26,2019032601003955,BOKL,25,6,187,243.00,"45,441.00"
2019-03-26,2019032601003825,BOKL,25,29,200,243.00,"48,600.00"
2019-03-26,2019032601003622,BOKL,25,44,113,243.00,"27,459.00"
2019-03-26,2019032601004053,BPCL,5,33,120,359.00,"43,080.00"
2019-03-26,2019032601003927,BPCL,37,45,30,358.00,"10,740.00"
2019-03-26,2019032601003926,BPCL,37,22,197,358.00,"70,526.00"
2019-03-26,2019032601003797,BPCL,36,22,10,356.00,"3,560.00"
2019-03-26,2019032601003674,BPCL,11,22,19,358.00,"6,802.00"
2019-03-26,2019032601003673,BPCL,11,34,11,358.00,"3,938.00"
2019-03-26,2019032601003661,BPCL,43,43,2,355.00,710.00
2019-03-26,2019032601003872,CBBL,14,33,50,881.00,"44,050.00"
2019-03-26,2019032601003841,CBBL,45,33,50,881.00,"44,050.00"
2019-03-26,2019032601003728,CBBL,45,33,100,881.00,"88,100.00"
2019-03-26,2019032601003888,CBL,51,47,57,157.00,"8,949.00"
2019-03-26,2019032601003887,CBL,51,29,43,157.00,"6,751.00"
2019-03-26,2019032601003743,CBL,28,29,107,157.00,"16,799.00"
2019-03-26,2019032601003742,CBL,28,32,43,157.00,"6,751.00"
2019-03-26,2019032601003886,CCBL,41,34,200,163.00,"32,600.00"
2019-03-26,2019032601003881,CCBL,41,6,100,163.00,"16,300.00"
2019-03-26,2019032601003880,CCBL,41,19,157,163.00,"25,591.00"
2019-03-26,2019032601003879,CCBL,41,49,34,163.00,"5,542.00"
2019-03-26,2019032601003878,CCBL,41,29,275,163.00,"44,825.00"
2019-03-26,2019032601003877,CCBL,41,43,86,162.00,"13,932.00"
2019-03-26,2019032601003876,CCBL,41,43,338,162.00,"54,756.00"
2019-03-26,2019032601004045,CHCL,17,11,100,503.00,"50,300.00"
2019-03-26,2019032601003985,CHCL,52,38,72,503.00,"36,216.00"
2019-03-26,2019032601003941,CHCL,52,49,200,503.00,"100,600.00"
2019-03-26,2019032601003871,CHCL,52,16,219,503.00,"110,157.00"
2019-03-26,2019032601003870,CHCL,52,16,500,503.00,"251,500.00"
2019-03-26,2019032601003869,CHCL,56,16,281,503.00,"141,343.00"
2019-03-26,2019032601004038,CHLBS,51,26,10,533.00,"5,330.00"
2019-03-26,2019032601003964,CHLBS,51,26,10,533.00,"5,330.00"
2019-03-26,2019032601003816,CHLBS,35,44,10,532.00,"5,320.00"
2019-03-26,2019032601003805,CHLBS,35,44,10,532.00,"5,320.00"
2019-03-26,2019032601003775,CHLBS,54,44,10,533.00,"5,330.00"
2019-03-26,2019032601003757,CHLBS,54,44,10,533.00,"5,330.00"
2019-03-26,2019032601003739,CHLBS,25,47,10,535.00,"5,350.00"
2019-03-26,2019032601003618,CHLBS,35,26,10,532.00,"5,320.00"
2019-03-26,2019032601003909,CIT,16,16,230,"2,621.00","602,830.00"
2019-03-26,2019032601003894,CIT,33,44,50,"2,635.00","131,750.00"
2019-03-26,2019032601003885,CIT,33,8,30,"2,635.00","79,050.00"
2019-03-26,2019032601003867,CIT,33,8,100,"2,635.00","263,500.00"
2019-03-26,2019032601003853,CIT,11,8,50,"2,635.00","131,750.00"
2019-03-26,2019032601003817,CIT,46,8,20,"2,635.00","52,700.00"
2019-03-26,2019032601003651,CIT,33,44,100,"2,630.00","263,000.00"
2019-03-26,2019032601003753,CLBSL,56,22,14,565.00,"7,910.00"
2019-03-26,2019032601003741,CMF1,47,45,"5,000",8.89,"44,450.00"
2019-03-26,2019032601003835,CORBL,45,32,200,98.00,"19,600.00"
2019-03-26,2019032601003735,DBBL,28,42,150,127.00,"19,050.00"
2019-03-26,2019032601004105,DDBL,39,44,20,579.00,"11,580.00"
2019-03-26,2019032601004084,DDBL,33,44,140,580.00,"81,200.00"
2019-03-26,2019032601004083,DDBL,21,44,10,581.00,"5,810.00"
2019-03-26,2019032601004090,EBL,14,1,33,552.00,"18,216.00"
2019-03-26,2019032601003830,EBL,14,29,190,552.00,"104,880.00"
2019-03-26,2019032601003829,EBL,14,29,10,552.00,"5,520.00"
2019-03-26,2019032601003730,EBL,14,43,630,553.00,"348,390.00"
2019-03-26,2019032601003725,EBL,14,51,81,552.00,"44,712.00"
2019-03-26,2019032601004010,FMDBL,34,49,112,363.00,"40,656.00"
2019-03-26,2019032601003694,FMDBL,34,34,115,363.00,"41,745.00"
2019-03-26,2019032601003693,FMDBL,33,34,100,363.00,"36,300.00"
2019-03-26,2019032601003692,FMDBL,50,34,60,364.00,"21,840.00"
2019-03-26,2019032601003808,FOWAD,16,57,220,"1,510.00","332,200.00"
2019-03-26,2019032601003671,FOWAD,17,45,15,"1,509.00","22,635.00"
2019-03-26,2019032601003656,FOWAD,16,16,145,"1,510.00","218,950.00"
2019-03-26,2019032601003665,GBBL,45,20,173,187.00,"32,351.00"
2019-03-26,2019032601004113,GBIME,56,44,245,261.00,"63,945.00"
2019-03-26,2019032601003920,GBIME,56,49,55,261.00,"14,355.00"
2019-03-26,2019032601003919,GBIME,45,49,20,261.00,"5,220.00"
2019-03-26,2019032601003918,GBIME,43,49,75,261.00,"19,575.00"
2019-03-26,2019032601003917,GBIME,22,49,20,261.00,"5,220.00"
2019-03-26,2019032601004013,GBLBS,57,42,100,445.00,"44,500.00"
2019-03-26,2019032601004012,GBLBS,57,35,10,444.00,"4,440.00"
2019-03-26,2019032601004011,GBLBS,57,26,10,444.00,"4,440.00"
2019-03-26,2019032601003807,GBLBS,1,22,10,443.00,"4,430.00"
2019-03-26,2019032601004100,GDBL,37,32,200,187.00,"37,400.00"
2019-03-26,2019032601003798,GDBL,37,32,589,187.00,"110,143.00"
2019-03-26,2019032601003729,GDBL,37,21,50,187.00,"9,350.00"
2019-03-26,2019032601003993,GLICL,58,6,30,500.00,"15,000.00"
2019-03-26,2019032601003992,GLICL,25,6,10,500.00,"5,000.00"
2019-03-26,2019032601003991,GLICL,22,6,100,501.00,"50,100.00"
2019-03-26,2019032601003748,GLICL,25,36,990,500.00,"495,000.00"
2019-03-26,2019032601003747,GLICL,45,36,100,501.00,"50,100.00"
2019-03-26,2019032601003746,GLICL,37,36,530,501.00,"265,530.00"
2019-03-26,2019032601003745,GLICL,39,36,"1,000",502.00,"502,000.00"
2019-03-26,2019032601003744,GLICL,58,36,380,503.00,"191,140.00"
2019-03-26,2019032601004033,GUFL,56,51,150,112.00,"16,800.00"
2019-03-26,2019032601003990,HIDCL,56,39,32,131.00,"4,192.00"
2019-03-26,2019032601003843,HIDCL,56,6,56,131.00,"7,336.00"
2019-03-26,2019032601003614,HIDCL,56,47,56,131.00,"7,336.00"
2019-03-26,2019032601003860,HPPL,39,44,30,180.00,"5,400.00"
2019-03-26,2019032601003859,HPPL,53,44,50,180.00,"9,000.00"
2019-03-26,2019032601003834,HPPL,36,44,100,181.00,"18,100.00"
2019-03-26,2019032601003833,HPPL,55,44,20,181.00,"3,620.00"
2019-03-26,2019032601003794,JBBL,46,38,172,135.00,"23,220.00"
2019-03-26,2019032601003699,JBBL,46,40,328,135.00,"44,280.00"
2019-03-26,2019032601003698,JBBL,59,40,172,135.00,"23,220.00"
2019-03-26,2019032601004110,JBNL,17,29,239,173.00,"41,347.00"
2019-03-26,2019032601004101,JBNL,11,29,161,173.00,"27,853.00"
2019-03-26,2019032601003998,JBNL,11,50,339,173.00,"58,647.00"
2019-03-26,2019032601003997,JBNL,38,50,835,173.00,"144,455.00"
2019-03-26,2019032601003951,JBNL,38,34,114,173.00,"19,722.00"
2019-03-26,2019032601004022,JSLBB,16,10,"1,000","2,100.00","2,100,000.00"
2019-03-26,2019032601003954,JSLBB,29,10,30,"2,111.00","63,330.00"
2019-03-26,2019032601004071,KBL,42,16,19,235.00,"4,465.00"
2019-03-26,2019032601003939,KBL,34,16,50,235.00,"11,750.00"
2019-03-26,2019032601003726,KBL,46,41,141,234.00,"32,994.00"
2019-03-26,2019032601003655,KBL,42,41,100,234.00,"23,400.00"
2019-03-26,2019032601003654,KBL,51,41,100,234.00,"23,400.00"
2019-03-26,2019032601003653,KBL,29,41,10,234.00,"2,340.00"
2019-03-26,2019032601003652,KBL,28,41,149,234.00,"34,866.00"
2019-03-26,2019032601003740,KPCL,39,44,10,93.00,930.00
2019-03-26,2019032601003733,KPCL,39,44,10,93.00,930.00
2019-03-26,2019032601003727,KPCL,39,44,10,93.00,930.00
2019-03-26,2019032601003804,KPCL,39,44,10,93.00,930.00
2019-03-26,2019032601003789,KPCL,39,44,10,93.00,930.00
2019-03-26,2019032601003788,KPCL,39,59,10,93.00,930.00
2019-03-26,2019032601003756,KPCL,39,44,10,93.00,930.00
2019-03-26,2019032601003814,KPCL,39,44,10,93.00,930.00
2019-03-26,2019032601003813,KPCL,39,59,10,93.00,930.00
2019-03-26,2019032601003907,KPCL,39,39,10,93.00,930.00
2019-03-26,2019032601004030,KSBBL,8,38,72,138.00,"9,936.00"
2019-03-26,2019032601004029,KSBBL,8,49,100,138.00,"13,800.00"
2019-03-26,2019032601003970,KSBBL,17,49,200,138.00,"27,600.00"
2019-03-26,2019032601003961,LBBL,14,32,200,170.00,"34,000.00"
2019-03-26,2019032601003960,LBBL,36,32,350,170.00,"59,500.00"
2019-03-26,2019032601003959,LBBL,28,32,"1,000",170.00,"170,000.00"
2019-03-26,2019032601003958,LBBL,21,32,345,170.00,"58,650.00"
2019-03-26,2019032601003767,LBBL,21,57,155,170.00,"26,350.00"
2019-03-26,2019032601003766,LBBL,43,57,200,170.00,"34,000.00"
2019-03-26,2019032601004081,LBL,59,49,65,191.00,"12,415.00"
2019-03-26,2019032601004080,LBL,46,49,500,191.00,"95,500.00"
2019-03-26,2019032601004079,LBL,32,49,137,191.00,"26,167.00"
2019-03-26,2019032601003983,LBL,32,49,263,191.00,"50,233.00"
2019-03-26,2019032601003979,LBL,34,49,100,191.00,"19,100.00"
2019-03-26,2019032601003976,LBL,29,49,"1,000",191.00,"191,000.00"
2019-03-26,2019032601003930,LBL,56,49,985,191.00,"188,135.00"
2019-03-26,2019032601003929,LBL,49,49,50,192.00,"9,600.00"
2019-03-26,2019032601003928,LBL,32,49,300,192.00,"57,600.00"
2019-03-26,2019032601003892,LBL,34,22,100,193.00,"19,300.00"
2019-03-26,2019032601003975,LBL,13,49,100,191.00,"19,100.00"
2019-03-26,2019032601003974,LBL,17,49,500,191.00,"95,500.00"
2019-03-26,2019032601003973,LBL,17,49,500,191.00,"95,500.00"
2019-03-26,2019032601003972,LBL,40,49,500,191.00,"95,500.00"
2019-03-26,2019032601003971,LBL,45,49,37,191.00,"7,067.00"
2019-03-26,2019032601003931,LBL,45,49,163,191.00,"31,133.00"
2019-03-26,2019032601004112,LGIL,48,32,500,509.00,"254,500.00"
2019-03-26,2019032601004087,LICN,45,14,490,"1,490.00","730,100.00"
2019-03-26,2019032601004086,LICN,54,14,10,"1,491.00","14,910.00"
2019-03-26,2019032601004002,MBL,59,38,16,219.00,"3,504.00"
2019-03-26,2019032601004103,MEGA,25,26,12,162.00,"1,944.00"
2019-03-26,2019032601004054,MEGA,42,26,18,162.00,"2,916.00"
2019-03-26,2019032601003799,MEGA,26,26,60,162.00,"9,720.00"
2019-03-26,2019032601003636,MEGA,46,6,6,160.00,960.00
2019-03-26,2019032601003685,MERO,1,34,26,570.00,"14,820.00"
2019-03-26,2019032601003795,MLBL,16,58,273,169.00,"46,137.00"
2019-03-26,2019032601003772,MLBL,28,5,20,170.00,"3,400.00"
2019-03-26,2019032601003981,MMFDB,25,21,21,920.00,"19,320.00"
2019-03-26,2019032601003980,MMFDB,34,21,32,920.00,"29,440.00"
2019-03-26,2019032601003874,MMFDB,34,34,18,920.00,"16,560.00"
2019-03-26,2019032601003783,MNBBL,28,41,35,342.00,"11,970.00"
2019-03-26,2019032601003782,MNBBL,36,41,110,342.00,"37,620.00"
2019-03-26,2019032601003781,MNBBL,51,41,30,342.00,"10,260.00"
2019-03-26,2019032601003953,NABIL,39,3,100,710.00,"71,000.00"
2019-03-26,2019032601003865,NABIL,5,5,100,710.00,"71,000.00"
2019-03-26,2019032601003815,NABIL,33,3,100,710.00,"71,000.00"
2019-03-26,2019032601003648,NABIL,52,3,150,709.00,"106,350.00"
2019-03-26,2019032601003647,NABIL,5,3,300,709.00,"212,700.00"
2019-03-26,2019032601003646,NABIL,29,3,10,709.00,"7,090.00"
2019-03-26,2019032601003645,NABIL,32,3,300,710.00,"213,000.00"
2019-03-26,2019032601003644,NABIL,57,3,100,710.00,"71,000.00"
2019-03-26,2019032601003643,NABIL,6,3,100,710.00,"71,000.00"
2019-03-26,2019032601003642,NABIL,58,3,30,710.00,"21,300.00"
2019-03-26,2019032601003641,NABIL,40,3,10,710.00,"7,100.00"
2019-03-26,2019032601003697,NADEP,45,29,10,660.00,"6,600.00"
2019-03-26,2019032601003696,NADEP,45,13,10,660.00,"6,600.00"
2019-03-26,2019032601003695,NADEP,45,5,10,655.00,"6,550.00"
2019-03-26,2019032601003849,NBB,11,13,240,193.00,"46,320.00"
2019-03-26,2019032601003800,NBB,6,49,500,194.00,"97,000.00"
2019-03-26,2019032601003713,NBB,11,56,229,193.00,"44,197.00"
2019-03-26,2019032601003712,NBB,46,56,500,193.00,"96,500.00"
2019-03-26,2019032601003711,NBB,46,56,471,193.00,"90,903.00"
2019-03-26,2019032601003691,NBL,17,19,150,289.00,"43,350.00"
2019-03-26,2019032601003690,NBL,21,19,100,289.00,"28,900.00"
2019-03-26,2019032601003689,NBL,26,19,50,289.00,"14,450.00"
2019-03-26,2019032601003969,NCCB,6,44,446,210.00,"93,660.00"
2019-03-26,2019032601003968,NCCB,39,44,50,210.00,"10,500.00"
2019-03-26,2019032601003967,NCCB,17,44,"1,000",210.00,"210,000.00"
2019-03-26,2019032601003966,NCCB,4,44,"2,504",210.00,"525,840.00"
2019-03-26,2019032601003715,NCCB,6,44,500,211.00,"105,500.00"
2019-03-26,2019032601003709,NGPL,1,13,11,123.00,"1,353.00"
2019-03-26,2019032601003708,NGPL,1,13,11,123.00,"1,353.00"
2019-03-26,2019032601003667,NHPC,58,38,165,72.00,"11,880.00"
2019-03-26,2019032601003637,NHPC,58,16,10,72.00,720.00
2019-03-26,2019032601003848,NIB,53,55,990,528.00,"522,720.00"
2019-03-26,2019032601003847,NIB,51,55,50,528.00,"26,400.00"
2019-03-26,2019032601003846,NIB,46,55,260,528.00,"137,280.00"
2019-03-26,2019032601003792,NIB,25,50,188,529.00,"99,452.00"
2019-03-26,2019032601003732,NIB,17,50,15,529.00,"7,935.00"
2019-03-26,2019032601003724,NIB,6,50,100,529.00,"52,900.00"
2019-03-26,2019032601003723,NIB,13,50,20,529.00,"10,580.00"
2019-03-26,2019032601003639,NIB,57,47,37,529.00,"19,573.00"
2019-03-26,2019032601004091,NICA,41,46,20,398.00,"7,960.00"
2019-03-26,2019032601004040,NICA,35,46,120,398.00,"47,760.00"
2019-03-26,2019032601004039,NICA,37,46,700,398.00,"278,600.00"
2019-03-26,2019032601004019,NICA,37,1,500,398.00,"199,000.00"
2019-03-26,2019032601003770,NICA,33,44,100,398.00,"39,800.00"
2019-03-26,2019032601003687,NICA,21,25,130,398.00,"51,740.00"
2019-03-26,2019032601003659,NICA,45,25,200,398.00,"79,600.00"
2019-03-26,2019032601003658,NICA,45,25,100,398.00,"39,800.00"
2019-03-26,2019032601003657,NICA,13,25,70,398.00,"27,860.00"
2019-03-26,2019032601003925,NICL,58,26,474,370.00,"175,380.00"
2019-03-26,2019032601003924,NICL,29,26,200,370.00,"74,000.00"
2019-03-26,2019032601003923,NICL,26,26,100,370.00,"37,000.00"
2019-03-26,2019032601003922,NICL,52,26,26,370.00,"9,620.00"
2019-03-26,2019032601003921,NICL,16,26,100,371.00,"37,100.00"
2019-03-26,2019032601003677,NICL,39,40,500,373.00,"186,500.00"
2019-03-26,2019032601004005,NIL,20,10,378,515.00,"194,670.00"
2019-03-26,2019032601003793,NIL,20,16,300,515.00,"154,500.00"
2019-03-26,2019032601004024,NLBBL,7,41,150,452.00,"67,800.00"
2019-03-26,2019032601004023,NLBBL,53,41,50,452.00,"22,600.00"
2019-03-26,2019032601003995,NLBBL,7,32,370,455.00,"168,350.00"
2019-03-26,2019032601003938,NLBBL,21,32,30,455.00,"13,650.00"
2019-03-26,2019032601003722,NLIC,17,45,27,"1,090.00","29,430.00"
2019-03-26,2019032601004108,NLICL,14,26,20,572.00,"11,440.00"
2019-03-26,2019032601003936,NLICL,29,26,20,572.00,"11,440.00"
2019-03-26,2019032601003935,NLICL,25,26,500,572.00,"286,000.00"
2019-03-26,2019032601003934,NLICL,3,26,100,573.00,"57,300.00"
2019-03-26,2019032601003933,NLICL,29,26,10,573.00,"5,730.00"
2019-03-26,2019032601003932,NLICL,59,26,50,573.00,"28,650.00"
2019-03-26,2019032601003842,NLICL,47,44,17,575.00,"9,775.00"
2019-03-26,2019032601003749,NLICL,47,47,183,575.00,"105,225.00"
2019-03-26,2019032601004049,NMB,17,26,19,325.00,"6,175.00"
2019-03-26,2019032601004034,NMB,17,29,12,325.00,"3,900.00"
2019-03-26,2019032601004009,NMB,17,29,25,325.00,"8,125.00"
2019-03-26,2019032601004001,NMB,17,58,44,325.00,"14,300.00"
2019-03-26,2019032601003910,NMB,43,58,"1,456",325.00,"473,200.00"
2019-03-26,2019032601003908,NMB,43,16,117,325.00,"38,025.00"
2019-03-26,2019032601003751,NMB,7,57,50,326.00,"16,300.00"
2019-03-26,2019032601003686,NMB,43,43,1,321.00,321.00
2019-03-26,2019032601003664,NMB,22,45,33,327.00,"10,791.00"
2019-03-26,2019032601003663,NMB,22,4,67,326.00,"21,842.00"
2019-03-26,2019032601003893,NMB,43,5,60,325.00,"19,500.00"
2019-03-26,2019032601003832,NMB,45,57,77,326.00,"25,102.00"
2019-03-26,2019032601003831,NMB,45,58,363,326.00,"118,338.00"
2019-03-26,2019032601003812,NMB,45,58,343,326.00,"111,818.00"
2019-03-26,2019032601003811,NMB,43,49,166,325.00,"53,950.00"
2019-03-26,2019032601003755,NMB,7,58,950,326.00,"309,700.00"
2019-03-26,2019032601004057,NMBHF1,28,41,"3,161",8.95,"28,290.95"
2019-03-26,2019032601004056,NMBHF1,57,41,"1,000",8.96,"8,960.00"
2019-03-26,2019032601004098,NMBSF1,58,25,"3,800",10.13,"38,494.00"
2019-03-26,2019032601004031,NMBSF1,58,25,"5,000",10.13,"50,650.00"
2019-03-26,2019032601003937,NMBSF1,14,47,670,10.22,"6,847.40"
2019-03-26,2019032601003861,NMBSF1,42,25,"5,000",10.14,"50,700.00"
2019-03-26,2019032601003818,NNLB,32,22,42,445.00,"18,690.00"
2019-03-26,2019032601003963,NSEWA,22,51,10,535.00,"5,350.00"
2019-03-26,2019032601003943,NSEWA,22,19,10,525.00,"5,250.00"
2019-03-26,2019032601003821,NSEWA,22,21,10,515.00,"5,150.00"
2019-03-26,2019032601003721,NSEWA,11,59,10,505.00,"5,050.00"
2019-03-26,2019032601003678,NSEWA,56,56,10,501.00,"5,010.00"
2019-03-26,2019032601003762,NTC,47,45,180,678.00,"122,040.00"
2019-03-26,2019032601003761,NTC,47,51,10,677.00,"6,770.00"
2019-03-26,2019032601003760,NTC,47,21,10,676.00,"6,760.00"
2019-03-26,2019032601003944,NUBL,33,51,30,740.00,"22,200.00"
2019-03-26,2019032601003773,NUBL,38,57,40,740.00,"29,600.00"
2019-03-26,2019032601004000,OHL,56,55,425,430.00,"182,750.00"
2019-03-26,2019032601003999,OHL,6,55,30,430.00,"12,900.00"
2019-03-26,2019032601004048,PCBL,35,35,"3,000",320.00,"960,000.00"
2019-03-26,2019032601004047,PCBL,35,17,50,320.00,"16,000.00"
2019-03-26,2019032601004046,PCBL,35,7,100,320.00,"32,000.00"
2019-03-26,2019032601003856,PCBL,35,35,"2,000",320.00,"640,000.00"
2019-03-26,2019032601003855,PCBL,35,1,99,320.00,"31,680.00"
2019-03-26,2019032601003854,PCBL,35,34,200,320.00,"64,000.00"
2019-03-26,2019032601004052,PIC,28,10,26,"1,010.00","26,260.00"
2019-03-26,2019032601004051,PIC,43,10,418,"1,011.00","422,598.00"
2019-03-26,2019032601004050,PIC,50,10,56,"1,012.00","56,672.00"
2019-03-26,2019032601003806,PIC,56,56,11,"1,013.00","11,143.00"
2019-03-26,2019032601003802,PIC,16,16,500,"1,013.00","506,500.00"
2019-03-26,2019032601003987,PLIC,19,49,80,443.00,"35,440.00"
2019-03-26,2019032601003986,PLIC,52,49,20,443.00,"8,860.00"
2019-03-26,2019032601003764,PLIC,14,41,20,445.00,"8,900.00"
2019-03-26,2019032601003763,PLIC,45,41,400,445.00,"178,000.00"
2019-03-26,2019032601003902,PMHPL,10,39,10,112.00,"1,120.00"
2019-03-26,2019032601003796,PMHPL,10,44,10,112.00,"1,120.00"
2019-03-26,2019032601003778,PMHPL,10,59,10,112.00,"1,120.00"
2019-03-26,2019032601003774,PMHPL,10,44,10,112.00,"1,120.00"
2019-03-26,2019032601003765,PMHPL,10,44,10,112.00,"1,120.00"
2019-03-26,2019032601003752,PMHPL,10,44,10,112.00,"1,120.00"
2019-03-26,2019032601003736,PMHPL,10,44,10,112.00,"1,120.00"
2019-03-26,2019032601003719,PMHPL,10,44,10,112.00,"1,120.00"
2019-03-26,2019032601003702,PMHPL,10,44,10,112.00,"1,120.00"
2019-03-26,2019032601003634,PMHPL,46,5,10,113.00,"1,130.00"
2019-03-26,2019032601003620,PMHPL,46,45,10,113.00,"1,130.00"
2019-03-26,2019032601004096,PRVU,43,45,418,233.00,"97,394.00"
2019-03-26,2019032601004095,PRVU,28,45,200,233.00,"46,600.00"
2019-03-26,2019032601004094,PRVU,33,45,371,233.00,"86,443.00"
2019-03-26,2019032601004043,PRVU,33,1,129,233.00,"30,057.00"
2019-03-26,2019032601004042,PRVU,34,1,211,233.00,"49,163.00"
2019-03-26,2019032601003864,PRVU,6,8,60,234.00,"14,040.00"
2019-03-26,2019032601003679,PRVU,59,8,140,234.00,"32,760.00"
2019-03-26,2019032601004068,RBCLPO,3,33,10,"8,500.00","85,000.00"
2019-03-26,2019032601003670,RLFL,37,32,500,114.00,"57,000.00"
2019-03-26,2019032601003669,RLFL,1,32,833,114.00,"94,962.00"
2019-03-26,2019032601003714,RRHP,28,44,10,95.00,950.00
2019-03-26,2019032601003682,RRHP,28,44,10,95.00,950.00
2019-03-26,2019032601003962,RSDC,44,17,351,365.00,"128,115.00"
2019-03-26,2019032601003905,SANIMA,52,22,200,299.00,"59,800.00"
2019-03-26,2019032601003875,SANIMA,52,44,200,299.00,"59,800.00"
2019-03-26,2019032601003780,SANIMA,38,45,243,300.00,"72,900.00"
2019-03-26,2019032601003779,SANIMA,38,29,90,300.00,"27,000.00"
2019-03-26,2019032601003633,SANIMA,58,59,304,299.00,"90,896.00"
2019-03-26,2019032601004104,SBL,16,7,50,288.00,"14,400.00"
2019-03-26,2019032601004006,SBL,37,1,55,287.00,"15,785.00"
2019-03-26,2019032601003883,SBL,13,13,"3,000",286.00,"858,000.00"
2019-03-26,2019032601003882,SBL,13,13,"3,000",286.00,"858,000.00"
2019-03-26,2019032601003791,SBL,28,13,100,287.00,"28,700.00"
2019-03-26,2019032601003790,SBL,28,25,174,287.00,"49,938.00"
2019-03-26,2019032601003769,SBL,25,13,500,286.00,"143,000.00"
2019-03-26,2019032601003768,SBL,25,13,380,286.00,"108,680.00"
2019-03-26,2019032601003621,SCB,1,21,20,561.00,"11,220.00"
2019-03-26,2019032601004088,SDESI,6,6,1,540.00,540.00
2019-03-26,2019032601004082,SDESI,6,6,1,540.00,540.00
2019-03-26,2019032601004076,SDESI,6,6,1,540.00,540.00
2019-03-26,2019032601004074,SDESI,6,6,1,540.00,540.00
2019-03-26,2019032601004069,SDESI,6,6,1,540.00,540.00
2019-03-26,2019032601004055,SDESI,6,6,1,540.00,540.00
2019-03-26,2019032601003862,SDESI,6,6,1,540.00,540.00
2019-03-26,2019032601003852,SDESI,6,6,1,540.00,540.00
2019-03-26,2019032601003851,SDESI,6,6,1,540.00,540.00
2019-03-26,2019032601003840,SDESI,6,6,1,540.00,540.00
2019-03-26,2019032601003700,SDESI,16,16,400,549.00,"219,600.00"
2019-03-26,2019032601003982,SDESI,16,16,1,550.00,550.00
2019-03-26,2019032601003977,SDESI,16,16,1,550.00,550.00
2019-03-26,2019032601003965,SDESI,16,16,1,550.00,550.00
2019-03-26,2019032601003949,SDESI,16,16,1,550.00,550.00
2019-03-26,2019032601003945,SDESI,16,16,1,550.00,550.00
2019-03-26,2019032601003890,SDESI,32,32,1,548.00,548.00
2019-03-26,2019032601004037,SDESI,16,16,1,550.00,550.00
2019-03-26,2019032601004021,SDESI,16,16,1,550.00,550.00
2019-03-26,2019032601004007,SDESI,16,16,1,550.00,550.00
2019-03-26,2019032601004003,SDESI,16,16,1,550.00,550.00
2019-03-26,2019032601003994,SDESI,16,16,1,550.00,550.00
2019-03-26,2019032601003988,SDESI,16,16,1,550.00,550.00
2019-03-26,2019032601003684,SHINE,28,29,83,232.00,"19,256.00"
2019-03-26,2019032601003668,SHINE,36,26,20,235.00,"4,700.00"
2019-03-26,2019032601003952,SHPC,57,36,300,226.00,"67,800.00"
2019-03-26,2019032601003737,SHPC,28,32,22,225.00,"4,950.00"
2019-03-26,2019032601003827,SIC,16,16,795,"1,280.00","1,017,600.00"
2019-03-26,2019032601004066,SIFC,51,47,392,132.00,"51,744.00"
2019-03-26,2019032601004065,SIFC,51,47,"1,000",132.00,"132,000.00"
2019-03-26,2019032601004064,SIFC,51,47,"1,000",132.00,"132,000.00"
2019-03-26,2019032601004063,SIFC,1,47,500,132.00,"66,000.00"
2019-03-26,2019032601004062,SIFC,53,47,100,132.00,"13,200.00"
2019-03-26,2019032601004061,SIFC,6,47,275,132.00,"36,300.00"
2019-03-26,2019032601004060,SIFC,17,47,50,133.00,"6,650.00"
2019-03-26,2019032601004004,SIFC,41,22,359,134.00,"48,106.00"
2019-03-26,2019032601003906,SKBBL,49,40,50,857.00,"42,850.00"
2019-03-26,2019032601003863,SKBBL,49,49,50,857.00,"42,850.00"
2019-03-26,2019032601003628,SLBBL,47,41,40,486.00,"19,440.00"
2019-03-26,2019032601003627,SLBBL,33,41,100,487.00,"48,700.00"
2019-03-26,2019032601003626,SLBBL,41,41,50,489.00,"24,450.00"
2019-03-26,2019032601003632,SLBBL,46,41,100,485.00,"48,500.00"
2019-03-26,2019032601003631,SLBBL,46,41,100,485.00,"48,500.00"
2019-03-26,2019032601003630,SLBBL,26,41,100,485.00,"48,500.00"
2019-03-26,2019032601003629,SLBBL,25,41,200,486.00,"97,200.00"
2019-03-26,2019032601003803,SLBS,47,17,18,872.00,"15,696.00"
2019-03-26,2019032601004067,SLBSL,43,40,10,701.00,"7,010.00"
2019-03-26,2019032601003904,SLBSL,56,26,10,701.00,"7,010.00"
2019-03-26,2019032601003850,SLBSL,22,26,10,702.00,"7,020.00"
2019-03-26,2019032601003704,SLBSL,22,10,10,702.00,"7,020.00"
2019-03-26,2019032601003617,SLBSL,56,56,10,703.00,"7,030.00"
2019-03-26,2019032601003948,SLICL,55,25,995,522.00,"519,390.00"
2019-03-26,2019032601003947,SLICL,38,25,20,522.00,"10,440.00"
2019-03-26,2019032601003884,SMATA,7,34,18,"1,230.00","22,140.00"
2019-03-26,2019032601003754,SMB,56,56,10,600.00,"6,000.00"
2019-03-26,2019032601003720,SMB,48,45,10,609.00,"6,090.00"
2019-03-26,2019032601003710,SMB,48,49,10,610.00,"6,100.00"
2019-03-26,2019032601003675,SMB,48,45,10,615.00,"6,150.00"
2019-03-26,2019032601003701,SPDL,45,58,106,106.00,"11,236.00"
2019-03-26,2019032601003635,SPDL,45,21,10,103.00,"1,030.00"
2019-03-26,2019032601003984,SRBL,11,1,100,216.00,"21,600.00"
2019-03-26,2019032601003703,SRBL,44,34,57,216.00,"12,312.00"
2019-03-26,2019032601003844,SWBBL,45,29,115,820.00,"94,300.00"
2019-03-26,2019032601003707,UMHL,11,13,14,114.00,"1,596.00"
2019-03-26,2019032601003706,UMHL,11,34,14,114.00,"1,596.00"
2019-03-26,2019032601003705,UMHL,11,45,10,114.00,"1,140.00"
2019-03-26,2019032601003650,UMHL,42,21,10,112.00,"1,120.00"
2019-03-26,2019032601003623,UMHL,42,26,10,112.00,"1,120.00"
2019-03-26,2019032601004111,UPPER,33,26,50,239.00,"11,950.00"
2019-03-26,2019032601004109,UPPER,33,26,50,239.00,"11,950.00"
2019-03-26,2019032601004106,UPPER,33,51,72,239.00,"17,208.00"
2019-03-26,2019032601004102,UPPER,33,26,50,239.00,"11,950.00"
2019-03-26,2019032601004099,UPPER,33,51,50,239.00,"11,950.00"
2019-03-26,2019032601004093,UPPER,33,51,50,239.00,"11,950.00"
2019-03-26,2019032601003615,UPPER,51,16,40,239.00,"9,560.00"
2019-03-26,2019032601003676,UPPER,51,45,10,239.00,"2,390.00"
2019-03-26,2019032601003662,UPPER,51,47,50,239.00,"11,950.00"
2019-03-26,2019032601003716,UPPER,51,21,40,239.00,"9,560.00"
2019-03-26,2019032601003683,UPPER,51,47,52,239.00,"12,428.00"
2019-03-26,2019032601003681,UPPER,51,6,40,239.00,"9,560.00"
2019-03-26,2019032601003801,UPPER,44,42,50,239.00,"11,950.00"
2019-03-26,2019032601003758,UPPER,44,28,52,239.00,"12,428.00"
2019-03-26,2019032601003858,UPPER,6,6,50,240.00,"12,000.00"
2019-03-26,2019032601003838,UPPER,44,26,50,239.00,"11,950.00"
2019-03-26,2019032601003822,UPPER,44,26,40,239.00,"9,560.00"
2019-03-26,2019032601003810,UPPER,44,26,40,239.00,"9,560.00"
2019-03-26,2019032601003942,UPPER,44,26,50,239.00,"11,950.00"
2019-03-26,2019032601003891,UPPER,44,26,50,239.00,"11,950.00"
2019-03-26,2019032601003889,UPPER,44,39,40,239.00,"9,560.00"
2019-03-26,2019032601003873,UPPER,44,35,40,239.00,"9,560.00"
2019-03-26,2019032601003866,UPPER,1,6,200,240.00,"48,000.00"
2019-03-26,2019032601004026,UPPER,14,26,3,239.00,717.00
2019-03-26,2019032601004025,UPPER,34,26,47,239.00,"11,233.00"
2019-03-26,2019032601004018,UPPER,34,51,40,239.00,"9,560.00"
2019-03-26,2019032601004008,UPPER,34,51,40,239.00,"9,560.00"
2019-03-26,2019032601003996,UPPER,44,33,40,239.00,"9,560.00"
2019-03-26,2019032601003950,UPPER,44,26,40,239.00,"9,560.00"
2019-03-26,2019032601004059,UPPER,33,51,50,239.00,"11,950.00"
2019-03-26,2019032601004058,UPPER,33,42,50,239.00,"11,950.00"
2019-03-26,2019032601004044,UPPER,33,51,50,239.00,"11,950.00"
2019-03-26,2019032601004036,UPPER,33,51,40,239.00,"9,560.00"
2019-03-26,2019032601004035,UPPER,38,51,10,239.00,"2,390.00"
2019-03-26,2019032601004027,UPPER,38,51,40,239.00,"9,560.00"
2019-03-26,2019032601004092,UPPER,33,26,40,239.00,"9,560.00"
2019-03-26,2019032601004085,UPPER,33,51,50,239.00,"11,950.00"
2019-03-26,2019032601004078,UPPER,33,26,40,239.00,"9,560.00"
2019-03-26,2019032601004077,UPPER,33,51,50,239.00,"11,950.00"
2019-03-26,2019032601004073,UPPER,33,48,40,239.00,"9,560.00"
2019-03-26,2019032601004070,UPPER,33,51,50,239.00,"11,950.00"
2019-03-26,2019032601003946,VLBS,26,21,10,638.00,"6,380.00"
2019-03-26,2019032601003666,VLBS,26,21,12,638.00,"7,656.00"
2019-03-26,2019032601003559,AKJCL,6,6,20,79.00,"1,580.00"
2019-03-26,2019032601003458,AKJCL,6,6,10,79.00,790.00
2019-03-26,2019032601003163,AKPL,53,21,10,169.00,"1,690.00"
2019-03-26,2019032601003441,AKPL,53,21,11,169.00,"1,859.00"
2019-03-26,2019032601003604,ALBSL,26,21,10,487.00,"4,870.00"
2019-03-26,2019032601003587,ALBSL,26,21,10,487.00,"4,870.00"
2019-03-26,2019032601003584,ALBSL,26,26,10,487.00,"4,870.00"
2019-03-26,2019032601003580,ALBSL,26,21,10,487.00,"4,870.00"
2019-03-26,2019032601003567,ALBSL,26,21,10,487.00,"4,870.00"
2019-03-26,2019032601003566,ALBSL,26,16,10,487.00,"4,870.00"
2019-03-26,2019032601003125,ALBSL,26,59,10,487.00,"4,870.00"
2019-03-26,2019032601003183,ALBSL,26,39,10,487.00,"4,870.00"
2019-03-26,2019032601003178,ALBSL,26,41,10,487.00,"4,870.00"
2019-03-26,2019032601003156,ALBSL,26,39,10,487.00,"4,870.00"
2019-03-26,2019032601003136,ALBSL,26,59,10,487.00,"4,870.00"
2019-03-26,2019032601003132,ALBSL,26,59,10,487.00,"4,870.00"
2019-03-26,2019032601003274,ALBSL,26,39,10,487.00,"4,870.00"
2019-03-26,2019032601003267,ALBSL,26,39,10,487.00,"4,870.00"
2019-03-26,2019032601003244,ALBSL,26,39,10,487.00,"4,870.00"
2019-03-26,2019032601003237,ALBSL,26,39,10,487.00,"4,870.00"
2019-03-26,2019032601003233,ALBSL,26,41,10,487.00,"4,870.00"
2019-03-26,2019032601003231,ALBSL,26,39,10,487.00,"4,870.00"
2019-03-26,2019032601003338,ALBSL,26,41,10,487.00,"4,870.00"
2019-03-26,2019032601003333,ALBSL,26,57,10,487.00,"4,870.00"
2019-03-26,2019032601003324,ALBSL,26,57,10,487.00,"4,870.00"
2019-03-26,2019032601003319,ALBSL,26,32,10,487.00,"4,870.00"
2019-03-26,2019032601003301,ALBSL,26,39,10,487.00,"4,870.00"
2019-03-26,2019032601003276,ALBSL,26,41,10,487.00,"4,870.00"
2019-03-26,2019032601003393,ALBSL,38,44,10,489.00,"4,890.00"
2019-03-26,2019032601003392,ALBSL,38,39,10,489.00,"4,890.00"
2019-03-26,2019032601003380,ALBSL,26,14,10,487.00,"4,870.00"
2019-03-26,2019032601003367,ALBSL,26,59,10,487.00,"4,870.00"
2019-03-26,2019032601003341,ALBSL,26,57,10,487.00,"4,870.00"
2019-03-26,2019032601003339,ALBSL,26,39,10,487.00,"4,870.00"
2019-03-26,2019032601003445,ALBSL,26,40,10,487.00,"4,870.00"
2019-03-26,2019032601003414,ALBSL,26,57,10,487.00,"4,870.00"
2019-03-26,2019032601003396,ALBSL,38,44,10,489.00,"4,890.00"
2019-03-26,2019032601003395,ALBSL,38,44,10,489.00,"4,890.00"
2019-03-26,2019032601003394,ALBSL,38,39,10,489.00,"4,890.00"
2019-03-26,2019032601003473,ALBSL,26,57,10,487.00,"4,870.00"
2019-03-26,2019032601003468,ALBSL,26,21,10,487.00,"4,870.00"
2019-03-26,2019032601003466,ALBSL,26,57,10,487.00,"4,870.00"
2019-03-26,2019032601003459,ALBSL,26,40,10,487.00,"4,870.00"
2019-03-26,2019032601003454,ALBSL,26,57,10,487.00,"4,870.00"
2019-03-26,2019032601003446,ALBSL,26,57,10,487.00,"4,870.00"
2019-03-26,2019032601003493,ALBSL,26,57,10,487.00,"4,870.00"
2019-03-26,2019032601003492,ALBSL,26,21,10,487.00,"4,870.00"
2019-03-26,2019032601003485,ALBSL,26,6,10,487.00,"4,870.00"
2019-03-26,2019032601003483,ALBSL,26,21,10,487.00,"4,870.00"
2019-03-26,2019032601003481,ALBSL,26,57,10,487.00,"4,870.00"
2019-03-26,2019032601003474,ALBSL,26,21,10,487.00,"4,870.00"
2019-03-26,2019032601003526,ALBSL,13,21,10,488.00,"4,880.00"
2019-03-26,2019032601003519,ALBSL,39,39,10,489.00,"4,890.00"
2019-03-26,2019032601003512,ALBSL,13,26,10,488.00,"4,880.00"
2019-03-26,2019032601003507,ALBSL,13,21,10,488.00,"4,880.00"
2019-03-26,2019032601003501,ALBSL,13,21,10,488.00,"4,880.00"
2019-03-26,2019032601003495,ALBSL,13,52,10,488.00,"4,880.00"
2019-03-26,2019032601003347,AMFI,56,56,10,626.00,"6,260.00"
2019-03-26,2019032601003583,API,38,47,12,131.00,"1,572.00"
2019-03-26,2019032601003478,API,6,32,18,132.00,"2,376.00"
2019-03-26,2019032601003477,API,6,26,"3,000",132.00,"396,000.00"
2019-03-26,2019032601003168,API,38,32,18,131.00,"2,358.00"
2019-03-26,2019032601003305,API,38,44,200,131.00,"26,200.00"
2019-03-26,2019032601003350,BNT,40,47,75,"6,321.00","474,075.00"
2019-03-26,2019032601003573,BOKL,37,6,908,243.00,"220,644.00"
2019-03-26,2019032601003546,BOKL,17,6,"1,000",243.00,"243,000.00"
2019-03-26,2019032601003545,BOKL,46,6,92,243.00,"22,356.00"
2019-03-26,2019032601003465,BOKL,17,58,525,244.00,"128,100.00"
2019-03-26,2019032601003464,BOKL,17,21,250,244.00,"61,000.00"
2019-03-26,2019032601003463,BOKL,17,11,100,244.00,"24,400.00"
2019-03-26,2019032601003462,BOKL,17,47,125,244.00,"30,500.00"
2019-03-26,2019032601003600,BPCL,43,43,2,355.00,710.00
2019-03-26,2019032601003599,BPCL,36,47,20,356.00,"7,120.00"
2019-03-26,2019032601003510,BPCL,43,43,2,357.00,714.00
2019-03-26,2019032601003475,BPCL,36,47,20,356.00,"7,120.00"
2019-03-26,2019032601003302,BPCL,41,41,2,350.00,700.00
2019-03-26,2019032601003197,BPCL,41,41,2,350.00,700.00
2019-03-26,2019032601003153,BPCL,41,41,2,350.00,700.00
2019-03-26,2019032601003389,CBBL,54,45,500,885.00,"442,500.00"
2019-03-26,2019032601003388,CBBL,54,33,100,885.00,"88,500.00"
2019-03-26,2019032601003461,CBL,50,21,31,156.00,"4,836.00"
2019-03-26,2019032601003158,CBL,50,46,221,156.00,"34,476.00"
2019-03-26,2019032601003150,CBL,43,37,"1,000",158.00,"158,000.00"
2019-03-26,2019032601003149,CBL,43,59,100,158.00,"15,800.00"
2019-03-26,2019032601003148,CBL,43,35,"1,000",158.00,"158,000.00"
2019-03-26,2019032601003147,CBL,43,38,"1,000",158.00,"158,000.00"
2019-03-26,2019032601003146,CBL,43,43,"1,000",158.00,"158,000.00"
2019-03-26,2019032601003145,CBL,43,1,200,158.00,"31,600.00"
2019-03-26,2019032601003144,CBL,43,25,300,157.00,"47,100.00"
2019-03-26,2019032601003143,CBL,43,42,100,157.00,"15,700.00"
2019-03-26,2019032601003142,CBL,43,44,900,157.00,"141,300.00"
2019-03-26,2019032601003122,CBL,50,21,500,156.00,"78,000.00"
2019-03-26,2019032601003525,CCBL,33,16,50,161.00,"8,050.00"
2019-03-26,2019032601003469,CCBL,33,21,91,161.00,"14,651.00"
2019-03-26,2019032601003386,CCBL,33,47,606,161.00,"97,566.00"
2019-03-26,2019032601003385,CCBL,57,47,30,161.00,"4,830.00"
2019-03-26,2019032601003384,CCBL,54,47,100,161.00,"16,100.00"
2019-03-26,2019032601003211,CCBL,43,25,40,163.00,"6,520.00"
2019-03-26,2019032601003210,CCBL,43,25,258,163.00,"42,054.00"
2019-03-26,2019032601003209,CCBL,43,29,197,162.00,"31,914.00"
2019-03-26,2019032601003191,CCBL,25,32,40,161.00,"6,440.00"
2019-03-26,2019032601003175,CCBL,25,21,148,161.00,"23,828.00"
2019-03-26,2019032601003383,CCBL,14,47,20,161.00,"3,220.00"
2019-03-26,2019032601003382,CCBL,28,47,72,161.00,"11,592.00"
2019-03-26,2019032601003381,CCBL,25,47,61,161.00,"9,821.00"
2019-03-26,2019032601003222,CCBL,43,19,31,163.00,"5,053.00"
2019-03-26,2019032601003213,CCBL,43,45,"2,000",163.00,"326,000.00"
2019-03-26,2019032601003212,CCBL,43,42,500,163.00,"81,500.00"
2019-03-26,2019032601003346,CFCL,17,17,1,107.00,107.00
2019-03-26,2019032601003283,CFCL,17,17,1,107.00,107.00
2019-03-26,2019032601003609,CHCL,16,11,300,507.00,"152,100.00"
2019-03-26,2019032601003608,CHCL,16,19,100,507.00,"50,700.00"
2019-03-26,2019032601003607,CHCL,16,39,100,506.00,"50,600.00"
2019-03-26,2019032601003612,CHLBS,35,26,10,532.00,"5,320.00"
2019-03-26,2019032601003582,CHLBS,56,56,10,533.00,"5,330.00"
2019-03-26,2019032601003536,CHLBS,35,26,10,532.00,"5,320.00"
2019-03-26,2019032601003516,CHLBS,35,26,10,532.00,"5,320.00"
2019-03-26,2019032601003505,CHLBS,35,57,10,532.00,"5,320.00"
2019-03-26,2019032601003490,CHLBS,55,57,10,532.00,"5,320.00"
2019-03-26,2019032601003223,CHLBS,56,41,10,533.00,"5,330.00"
2019-03-26,2019032601003206,CHLBS,56,39,10,533.00,"5,330.00"
2019-03-26,2019032601003170,CHLBS,57,39,10,533.00,"5,330.00"
2019-03-26,2019032601003164,CHLBS,57,39,10,533.00,"5,330.00"
2019-03-26,2019032601003138,CHLBS,57,39,10,533.00,"5,330.00"
2019-03-26,2019032601003314,CHLBS,43,39,10,533.00,"5,330.00"
2019-03-26,2019032601003296,CHLBS,55,32,10,532.00,"5,320.00"
2019-03-26,2019032601003291,CHLBS,43,32,10,532.00,"5,320.00"
2019-03-26,2019032601003263,CHLBS,56,56,10,535.00,"5,350.00"
2019-03-26,2019032601003232,CHLBS,43,17,10,532.00,"5,320.00"
2019-03-26,2019032601003225,CHLBS,56,39,10,533.00,"5,330.00"
2019-03-26,2019032601003425,CHLBS,43,17,10,533.00,"5,330.00"
2019-03-26,2019032601003402,CHLBS,43,10,10,533.00,"5,330.00"
2019-03-26,2019032601003401,CHLBS,43,13,10,533.00,"5,330.00"
2019-03-26,2019032601003371,CHLBS,56,56,10,534.00,"5,340.00"
2019-03-26,2019032601003365,CHLBS,45,45,10,534.00,"5,340.00"
2019-03-26,2019032601003330,CHLBS,43,17,10,533.00,"5,330.00"
2019-03-26,2019032601003472,CHLBS,43,57,10,533.00,"5,330.00"
2019-03-26,2019032601003471,CHLBS,56,56,10,534.00,"5,340.00"
2019-03-26,2019032601003450,CHLBS,43,26,10,533.00,"5,330.00"
2019-03-26,2019032601003440,CHLBS,43,26,10,533.00,"5,330.00"
2019-03-26,2019032601003434,CHLBS,56,56,10,534.00,"5,340.00"
2019-03-26,2019032601003430,CHLBS,43,39,10,533.00,"5,330.00"
2019-03-26,2019032601003597,CIT,34,44,100,"2,630.00","263,000.00"
2019-03-26,2019032601003377,CIT,16,16,20,"2,622.00","52,440.00"
2019-03-26,2019032601003376,CIT,33,16,50,"2,623.00","131,150.00"
2019-03-26,2019032601003152,CIT,44,44,100,"2,623.00","262,300.00"
2019-03-26,2019032601003476,CLBSL,56,21,10,565.00,"5,650.00"
2019-03-26,2019032601003426,CLBSL,20,26,10,572.00,"5,720.00"
2019-03-26,2019032601003184,CLBSL,56,21,10,565.00,"5,650.00"
2019-03-26,2019032601003128,CLBSL,29,58,10,565.00,"5,650.00"
2019-03-26,2019032601003470,CZBIL,45,52,100,208.00,"20,800.00"
2019-03-26,2019032601003304,CZBIL,39,42,60,209.00,"12,540.00"
2019-03-26,2019032601003303,CZBIL,54,42,89,209.00,"18,601.00"
2019-03-26,2019032601003286,CZBIL,54,43,111,209.00,"23,199.00"
2019-03-26,2019032601003201,CZBIL,54,44,10,209.00,"2,090.00"
2019-03-26,2019032601003192,CZBIL,54,21,81,209.00,"16,929.00"
2019-03-26,2019032601003185,CZBIL,54,1,53,209.00,"11,077.00"
2019-03-26,2019032601003174,CZBIL,54,11,200,209.00,"41,800.00"
2019-03-26,2019032601003173,CZBIL,54,14,182,209.00,"38,038.00"
2019-03-26,2019032601003151,CZBIL,11,14,200,209.00,"41,800.00"
2019-03-26,2019032601003130,CZBIL,54,44,10,208.00,"2,080.00"
2019-03-26,2019032601003480,DBBL,29,21,31,125.00,"3,875.00"
2019-03-26,2019032601003208,DBBL,36,29,100,126.00,"12,600.00"
2019-03-26,2019032601003195,DBBL,29,21,21,125.00,"2,625.00"
2019-03-26,2019032601003124,DBBL,10,29,100,126.00,"12,600.00"
2019-03-26,2019032601003327,DDBL,36,44,88,580.00,"51,040.00"
2019-03-26,2019032601003318,DDBL,36,44,12,580.00,"6,960.00"
2019-03-26,2019032601003317,DDBL,14,44,50,581.00,"29,050.00"
2019-03-26,2019032601003316,DDBL,58,44,100,581.00,"58,100.00"
2019-03-26,2019032601003315,DDBL,52,44,138,582.00,"80,316.00"
2019-03-26,2019032601003561,EBL,36,51,419,552.00,"231,288.00"
2019-03-26,2019032601003560,EBL,36,42,581,552.00,"320,712.00"
2019-03-26,2019032601003529,EBL,14,6,200,551.00,"110,200.00"
2019-03-26,2019032601003506,EBL,17,42,200,552.00,"110,400.00"
2019-03-26,2019032601003443,EBL,14,52,20,551.00,"11,020.00"
2019-03-26,2019032601003217,EBL,14,52,30,553.00,"16,590.00"
2019-03-26,2019032601003202,EBL,45,52,30,553.00,"16,590.00"
2019-03-26,2019032601003344,EDBL,52,51,190,290.00,"55,100.00"
2019-03-26,2019032601003412,FMDBL,50,48,240,364.00,"87,360.00"
2019-03-26,2019032601003411,FMDBL,55,48,15,364.00,"5,460.00"
2019-03-26,2019032601003410,FMDBL,57,48,35,364.00,"12,740.00"
2019-03-26,2019032601003409,FMDBL,39,48,10,365.00,"3,650.00"
2019-03-26,2019032601003491,FOWAD,17,21,15,"1,509.00","22,635.00"
2019-03-26,2019032601003219,FOWAD,38,16,200,"1,510.00","302,000.00"
2019-03-26,2019032601003218,FOWAD,41,16,55,"1,511.00","83,105.00"
2019-03-26,2019032601003198,FOWAD,41,32,15,"1,511.00","22,665.00"
2019-03-26,2019032601003524,GBIME,43,32,25,261.00,"6,525.00"
2019-03-26,2019032601003598,GBLBS,1,26,10,443.00,"4,430.00"
2019-03-26,2019032601003294,GDBL,42,21,28,186.00,"5,208.00"
2019-03-26,2019032601003186,GDBL,45,14,955,187.00,"178,585.00"
2019-03-26,2019032601003591,GLICL,58,55,100,503.00,"50,300.00"
2019-03-26,2019032601003416,GLICL,58,3,20,503.00,"10,060.00"
2019-03-26,2019032601003415,GLICL,45,3,30,503.00,"15,090.00"
2019-03-26,2019032601003313,GLICL,51,45,30,507.00,"15,210.00"
2019-03-26,2019032601003438,GRDBL,36,39,80,105.00,"8,400.00"
2019-03-26,2019032601003390,GRDBL,36,29,10,105.00,"1,050.00"
2019-03-26,2019032601003323,GUFL,28,51,200,112.00,"22,400.00"
2019-03-26,2019032601003359,HBL,22,29,20,464.00,"9,280.00"
2019-03-26,2019032601003518,HIDCL,56,48,56,131.00,"7,336.00"
2019-03-26,2019032601003509,HIDCL,1,21,17,130.00,"2,210.00"
2019-03-26,2019032601003508,HIDCL,45,21,18,131.00,"2,358.00"
2019-03-26,2019032601003326,HIDCL,45,32,38,131.00,"4,978.00"
2019-03-26,2019032601003325,HIDCL,53,32,18,131.00,"2,358.00"
2019-03-26,2019032601003207,HIDCL,53,21,24,131.00,"3,144.00"
2019-03-26,2019032601003592,HPPL,55,43,20,181.00,"3,620.00"
2019-03-26,2019032601003513,HPPL,55,21,10,181.00,"1,810.00"
2019-03-26,2019032601003289,HPPL,53,16,10,182.00,"1,820.00"
2019-03-26,2019032601003216,HPPL,55,21,10,181.00,"1,810.00"
2019-03-26,2019032601003182,HPPL,55,59,10,181.00,"1,810.00"
2019-03-26,2019032601003116,IGI,21,54,100,404.00,"40,400.00"
2019-03-26,2019032601003564,JBBL,52,44,50,136.00,"6,800.00"
2019-03-26,2019032601003548,JBBL,59,17,201,135.00,"27,135.00"
2019-03-26,2019032601003520,JBBL,59,21,13,135.00,"1,755.00"
2019-03-26,2019032601003500,JBBL,41,44,10,136.00,"1,360.00"
2019-03-26,2019032601003287,JBBL,10,44,200,136.00,"27,200.00"
2019-03-26,2019032601003249,JBBL,41,44,10,136.00,"1,360.00"
2019-03-26,2019032601003221,JBBL,59,21,14,135.00,"1,890.00"
2019-03-26,2019032601003261,JBNL,54,42,500,174.00,"87,000.00"
2019-03-26,2019032601003260,JBNL,54,54,419,174.00,"72,906.00"
2019-03-26,2019032601003259,JBNL,54,34,100,174.00,"17,400.00"
2019-03-26,2019032601003258,JBNL,54,54,500,174.00,"87,000.00"
2019-03-26,2019032601003257,JBNL,54,45,50,174.00,"8,700.00"
2019-03-26,2019032601003256,JBNL,54,25,500,174.00,"87,000.00"
2019-03-26,2019032601003255,JBNL,54,38,400,174.00,"69,600.00"
2019-03-26,2019032601003596,JSLBB,51,41,18,"2,130.00","38,340.00"
2019-03-26,2019032601003266,KBBL,56,41,"1,000",209.00,"209,000.00"
2019-03-26,2019032601003407,KBL,42,58,46,235.00,"10,810.00"
2019-03-26,2019032601003406,KBL,42,6,68,235.00,"15,980.00"
2019-03-26,2019032601003405,KBL,42,45,88,235.00,"20,680.00"
2019-03-26,2019032601003404,KBL,42,52,297,235.00,"69,795.00"
2019-03-26,2019032601003353,KBL,28,39,51,234.00,"11,934.00"
2019-03-26,2019032601003352,KBL,13,39,100,234.00,"23,400.00"
2019-03-26,2019032601003351,KBL,22,39,49,234.00,"11,466.00"
2019-03-26,2019032601003528,KKHC,13,21,10,76.00,760.00
2019-03-26,2019032601003236,KKHC,13,21,10,76.00,760.00
2019-03-26,2019032601003577,KMFL,45,41,50,790.00,"39,500.00"
2019-03-26,2019032601003576,KMFL,57,41,50,794.00,"39,700.00"
2019-03-26,2019032601003575,KMFL,19,41,20,795.00,"15,900.00"
2019-03-26,2019032601003574,KMFL,41,41,15,798.00,"11,970.00"
2019-03-26,2019032601003189,KNBL,33,41,470,122.00,"57,340.00"
2019-03-26,2019032601003605,KPCL,39,16,10,93.00,930.00
2019-03-26,2019032601003115,KPCL,39,33,10,93.00,930.00
2019-03-26,2019032601003139,KPCL,39,44,10,93.00,930.00
2019-03-26,2019032601003214,KPCL,39,44,10,93.00,930.00
2019-03-26,2019032601003187,KPCL,39,44,10,93.00,930.00
2019-03-26,2019032601003172,KPCL,39,44,10,93.00,930.00
2019-03-26,2019032601003242,KPCL,39,44,10,93.00,930.00
2019-03-26,2019032601003226,KPCL,39,44,10,93.00,930.00
2019-03-26,2019032601003279,KPCL,39,44,10,93.00,930.00
2019-03-26,2019032601003270,KPCL,39,44,10,93.00,930.00
2019-03-26,2019032601003439,KPCL,39,57,10,93.00,930.00
2019-03-26,2019032601003374,KPCL,39,44,10,93.00,930.00
2019-03-26,2019032601003248,KRBL,33,46,500,101.00,"50,500.00"
2019-03-26,2019032601003247,KRBL,33,11,389,101.00,"39,289.00"
2019-03-26,2019032601003246,KRBL,33,6,113,101.00,"11,413.00"
2019-03-26,2019032601003245,KRBL,33,59,300,101.00,"30,300.00"
2019-03-26,2019032601003181,KSBBL,46,29,253,138.00,"34,914.00"
2019-03-26,2019032601003180,KSBBL,46,58,100,138.00,"13,800.00"
2019-03-26,2019032601003179,KSBBL,46,8,788,138.00,"108,744.00"
2019-03-26,2019032601003131,KSBBL,8,8,500,138.00,"69,000.00"
2019-03-26,2019032601003435,LLBS,22,32,24,755.00,"18,120.00"
2019-03-26,2019032601003613,MBL,34,14,890,219.00,"194,910.00"
2019-03-26,2019032601003555,MBL,56,14,366,219.00,"80,154.00"
2019-03-26,2019032601003489,MBL,29,52,300,218.00,"65,400.00"
2019-03-26,2019032601003488,MBL,37,14,744,219.00,"162,936.00"
2019-03-26,2019032601003487,MBL,37,33,656,219.00,"143,664.00"
2019-03-26,2019032601003486,MBL,37,48,100,219.00,"21,900.00"
2019-03-26,2019032601003357,MBL,29,10,40,218.00,"8,720.00"
2019-03-26,2019032601003572,MEGA,36,33,791,163.00,"128,933.00"
2019-03-26,2019032601003571,MEGA,36,25,"2,000",163.00,"326,000.00"
2019-03-26,2019032601003570,MEGA,36,13,89,163.00,"14,507.00"
2019-03-26,2019032601003569,MEGA,36,32,"1,000",162.00,"162,000.00"
2019-03-26,2019032601003568,MEGA,36,34,120,162.00,"19,440.00"
2019-03-26,2019032601003530,MEGA,41,21,35,161.00,"5,635.00"
2019-03-26,2019032601003309,MEGA,25,29,76,161.00,"12,236.00"
2019-03-26,2019032601003265,MEGA,41,29,10,161.00,"1,610.00"
2019-03-26,2019032601003504,MEGA,41,34,10,162.00,"1,620.00"
2019-03-26,2019032601003355,MEGA,45,45,21,161.00,"3,381.00"
2019-03-26,2019032601003320,MEGA,32,42,65,160.00,"10,400.00"
2019-03-26,2019032601003312,MEGA,25,34,102,162.00,"16,524.00"
2019-03-26,2019032601003311,MEGA,25,43,37,162.00,"5,994.00"
2019-03-26,2019032601003310,MEGA,25,29,85,162.00,"13,770.00"
2019-03-26,2019032601003537,MLBL,16,21,21,169.00,"3,549.00"
2019-03-26,2019032601003250,MNBBL,17,42,141,344.00,"48,504.00"
2019-03-26,2019032601003547,MSMBS,52,21,11,513.00,"5,643.00"
2019-03-26,2019032601003460,NBB,36,49,"1,000",194.00,"194,000.00"
2019-03-26,2019032601003457,NBB,45,49,263,194.00,"51,022.00"
2019-03-26,2019032601003456,NBB,45,34,137,194.00,"26,578.00"
2019-03-26,2019032601003337,NBB,45,34,100,194.00,"19,400.00"
2019-03-26,2019032601003335,NBB,46,17,29,193.00,"5,597.00"
2019-03-26,2019032601003334,NBB,17,17,136,193.00,"26,248.00"
2019-03-26,2019032601003328,NBB,17,42,114,193.00,"22,002.00"
2019-03-26,2019032601003590,NBBL,51,41,100,598.00,"59,800.00"
2019-03-26,2019032601003589,NBBL,19,41,20,600.00,"12,000.00"
2019-03-26,2019032601003373,NBL,26,47,50,289.00,"14,450.00"
2019-03-26,2019032601003453,NCCB,41,44,400,211.00,"84,400.00"
2019-03-26,2019032601003123,NCCB,58,44,500,211.00,"105,500.00"
2019-03-26,2019032601003556,NEF,42,21,"1,014",7.83,"7,939.62"
2019-03-26,2019032601003254,NEF,42,21,183,7.81,"1,429.23"
2019-03-26,2019032601003253,NEF,17,21,300,7.82,"2,346.00"
2019-03-26,2019032601003167,NGPL,1,13,11,123.00,"1,353.00"
2019-03-26,2019032601003166,NGPL,1,16,11,123.00,"1,353.00"
2019-03-26,2019032601003606,NHDL,58,26,10,125.00,"1,250.00"
2019-03-26,2019032601003220,NHDL,58,44,10,125.00,"1,250.00"
2019-03-26,2019032601003565,NIB,57,21,37,529.00,"19,573.00"
2019-03-26,2019032601003502,NIB,1,50,50,530.00,"26,500.00"
2019-03-26,2019032601003400,NIB,57,32,23,529.00,"12,167.00"
2019-03-26,2019032601003399,NIB,37,32,23,529.00,"12,167.00"
2019-03-26,2019032601003271,NIB,46,21,23,528.00,"12,144.00"
2019-03-26,2019032601003200,NIB,46,14,17,528.00,"8,976.00"
2019-03-26,2019032601003199,NIB,35,14,20,529.00,"10,580.00"
2019-03-26,2019032601003578,NIBLPF,42,21,253,7.08,"1,791.24"
2019-03-26,2019032601003281,NIBLPF,42,21,253,7.08,"1,791.24"
2019-03-26,2019032601003299,NIBPO,56,34,70,485.00,"33,950.00"
2019-03-26,2019032601003298,NIBPO,56,53,200,485.00,"97,000.00"
2019-03-26,2019032601003288,NIBPO,56,5,"1,113",484.00,"538,692.00"
2019-03-26,2019032601003205,NIBPO,20,8,500,481.00,"240,500.00"
2019-03-26,2019032601003204,NIBPO,34,8,500,482.00,"241,000.00"
2019-03-26,2019032601003203,NIBPO,14,8,150,482.00,"72,300.00"
2019-03-26,2019032601003595,NICA,35,48,350,399.00,"139,650.00"
2019-03-26,2019032601003467,NICA,41,48,200,399.00,"79,800.00"
2019-03-26,2019032601003293,NICA,39,48,200,399.00,"79,800.00"
2019-03-26,2019032601003264,NICA,49,48,200,399.00,"79,800.00"
2019-03-26,2019032601003585,NLBBL,47,21,38,451.00,"17,138.00"
2019-03-26,2019032601003543,NLIC,33,44,200,"1,090.00","218,000.00"
2019-03-26,2019032601003542,NLIC,33,25,100,"1,090.00","109,000.00"
2019-03-26,2019032601003541,NLIC,33,16,17,"1,090.00","18,530.00"
2019-03-26,2019032601003540,NLIC,33,41,20,"1,090.00","21,800.00"
2019-03-26,2019032601003539,NLIC,33,44,17,"1,089.00","18,513.00"
2019-03-26,2019032601003482,NLIC,47,44,200,"1,089.00","217,800.00"
2019-03-26,2019032601003429,NLIC,53,48,3,"1,067.00","3,201.00"
2019-03-26,2019032601003366,NLIC,17,17,3,"1,080.00","3,240.00"
2019-03-26,2019032601003479,NLICL,43,47,17,575.00,"9,775.00"
2019-03-26,2019032601003391,NLICL,19,58,50,575.00,"28,750.00"
2019-03-26,2019032601003610,NMB,43,59,101,325.00,"32,825.00"
2019-03-26,2019032601003531,NMB,51,4,233,326.00,"75,958.00"
2019-03-26,2019032601003498,NMB,43,32,100,325.00,"32,500.00"
2019-03-26,2019032601003424,NMB,35,51,100,326.00,"32,600.00"
2019-03-26,2019032601003423,NMB,35,1,60,326.00,"19,560.00"
2019-03-26,2019032601003422,NMB,35,41,"1,000",326.00,"326,000.00"
2019-03-26,2019032601003362,NMB,33,47,115,325.00,"37,375.00"
2019-03-26,2019032601003345,NMB,49,38,150,324.00,"48,600.00"
2019-03-26,2019032601003262,NMB,56,59,12,325.00,"3,900.00"
2019-03-26,2019032601003241,NMB,56,44,28,325.00,"9,100.00"
2019-03-26,2019032601003196,NMB,56,1,50,325.00,"16,250.00"
2019-03-26,2019032601003141,NMB,56,16,510,325.00,"165,750.00"
2019-03-26,2019032601003421,NMB,35,21,"1,000",326.00,"326,000.00"
2019-03-26,2019032601003420,NMB,35,45,100,326.00,"32,600.00"
2019-03-26,2019032601003419,NMB,35,19,27,326.00,"8,802.00"
2019-03-26,2019032601003418,NMB,35,51,250,326.00,"81,500.00"
2019-03-26,2019032601003364,NMB,33,29,197,325.00,"64,025.00"
2019-03-26,2019032601003363,NMB,33,59,88,325.00,"28,600.00"
2019-03-26,2019032601003603,NMBHF1,43,42,"5,000",9.02,"45,100.00"
2019-03-26,2019032601003602,NMBHF1,43,21,"4,161",9.02,"37,532.22"
2019-03-26,2019032601003601,NMBHF1,43,21,"1,241",9.02,"11,193.82"
2019-03-26,2019032601003538,NMBHF1,47,21,"2,920",9.02,"26,338.40"
2019-03-26,2019032601003594,NMBMF,5,21,15,990.00,"14,850.00"
2019-03-26,2019032601003593,NMBMF,17,21,20,990.00,"19,800.00"
2019-03-26,2019032601003129,NMBMF,41,41,1,975.00,975.00
2019-03-26,2019032601003449,NSEWA,56,56,10,501.00,"5,010.00"
2019-03-26,2019032601003280,NTC,56,45,60,678.00,"40,680.00"
2019-03-26,2019032601003332,NUBL,43,57,71,740.00,"52,540.00"
2019-03-26,2019032601003331,NUBL,43,32,24,739.00,"17,736.00"
2019-03-26,2019032601003515,OHL,6,57,50,430.00,"21,500.00"
2019-03-26,2019032601003297,PCBL,49,41,200,320.00,"64,000.00"
2019-03-26,2019032601003243,PCBL,35,54,100,319.00,"31,900.00"
2019-03-26,2019032601003442,PIC,6,6,1,996.00,996.00
2019-03-26,2019032601003428,PIC,6,6,1,996.00,996.00
2019-03-26,2019032601003408,PIC,6,6,1,997.00,997.00
2019-03-26,2019032601003329,PIC,6,6,1,993.00,993.00
2019-03-26,2019032601003295,PIC,6,6,1,995.00,995.00
2019-03-26,2019032601003157,PIC,50,17,11,"1,012.00","11,132.00"
2019-03-26,2019032601003121,PIC,6,6,1,995.00,995.00
2019-03-26,2019032601003119,PIC,6,6,1,995.00,995.00
2019-03-26,2019032601003238,PICL,57,37,50,670.00,"33,500.00"
2019-03-26,2019032601003285,PLIC,45,35,100,445.00,"44,500.00"
2019-03-26,2019032601003551,PMHPL,46,43,10,113.00,"1,130.00"
2019-03-26,2019032601003535,PMHPL,46,44,10,113.00,"1,130.00"
2019-03-26,2019032601003437,PMHPL,46,57,10,113.00,"1,130.00"
2019-03-26,2019032601003282,PMHPL,46,44,10,113.00,"1,130.00"
2019-03-26,2019032601003269,PMHPL,46,28,10,113.00,"1,130.00"
2019-03-26,2019032601003503,PRVU,34,47,20,233.00,"4,660.00"
2019-03-26,2019032601003361,PRVU,34,16,500,233.00,"116,500.00"
2019-03-26,2019032601003308,PRVU,34,16,14,233.00,"3,262.00"
2019-03-26,2019032601003579,RADHI,50,26,10,167.00,"1,670.00"
2019-03-26,2019032601003557,RADHI,50,26,10,167.00,"1,670.00"
2019-03-26,2019032601003554,RADHI,50,35,11,167.00,"1,837.00"
2019-03-26,2019032601003552,RADHI,41,44,10,168.00,"1,680.00"
2019-03-26,2019032601003499,RADHI,50,17,11,167.00,"1,837.00"
2019-03-26,2019032601003451,RADHI,50,26,11,167.00,"1,837.00"
2019-03-26,2019032601003159,RADHI,50,44,11,167.00,"1,837.00"
2019-03-26,2019032601003140,RADHI,50,17,11,167.00,"1,837.00"
2019-03-26,2019032601003133,RADHI,50,17,11,167.00,"1,837.00"
2019-03-26,2019032601003127,RADHI,50,17,11,167.00,"1,837.00"
2019-03-26,2019032601003120,RADHI,50,17,11,167.00,"1,837.00"
2019-03-26,2019032601003300,RADHI,50,21,11,167.00,"1,837.00"
2019-03-26,2019032601003268,RADHI,50,17,11,167.00,"1,837.00"
2019-03-26,2019032601003240,RADHI,50,17,11,167.00,"1,837.00"
2019-03-26,2019032601003235,RADHI,50,44,11,167.00,"1,837.00"
2019-03-26,2019032601003224,RADHI,50,17,11,167.00,"1,837.00"
2019-03-26,2019032601003162,RADHI,50,17,11,167.00,"1,837.00"
2019-03-26,2019032601003444,RADHI,50,17,11,167.00,"1,837.00"
2019-03-26,2019032601003436,RADHI,50,17,11,167.00,"1,837.00"
2019-03-26,2019032601003398,RADHI,50,17,11,167.00,"1,837.00"
2019-03-26,2019032601003375,RADHI,50,17,11,167.00,"1,837.00"
2019-03-26,2019032601003368,RADHI,50,17,11,167.00,"1,837.00"
2019-03-26,2019032601003358,RADHI,50,44,11,167.00,"1,837.00"
2019-03-26,2019032601003523,RHPC,41,32,17,95.00,"1,615.00"
2019-03-26,2019032601003190,RHPC,1,5,10,96.00,960.00
2019-03-26,2019032601003562,RRHP,28,26,10,95.00,950.00
2019-03-26,2019032601003369,RRHP,28,44,10,95.00,950.00
2019-03-26,2019032601003306,RRHP,55,51,10,95.00,950.00
2019-03-26,2019032601003558,RSDC,35,56,36,365.00,"13,140.00"
2019-03-26,2019032601003611,SADBL,57,21,139,142.00,"19,738.00"
2019-03-26,2019032601003432,SANIMA,1,59,500,299.00,"149,500.00"
2019-03-26,2019032601003431,SANIMA,54,59,196,299.00,"58,604.00"
2019-03-26,2019032601003397,SANIMA,52,29,10,300.00,"3,000.00"
2019-03-26,2019032601003354,SANIMA,54,54,93,299.00,"27,807.00"
2019-03-26,2019032601003275,SANIMA,52,52,2,300.00,600.00
2019-03-26,2019032601003171,SBBLJ,33,17,10,194.00,"1,940.00"
2019-03-26,2019032601003427,SBI,17,18,200,392.00,"78,400.00"
2019-03-26,2019032601003342,SBI,17,51,800,392.00,"313,600.00"
2019-03-26,2019032601003511,SBL,25,32,100,286.00,"28,600.00"
2019-03-26,2019032601003278,SBL,25,54,20,286.00,"5,720.00"
2019-03-26,2019032601003277,SBL,39,54,30,286.00,"8,580.00"
2019-03-26,2019032601003534,SCB,17,21,79,565.00,"44,635.00"
2019-03-26,2019032601003533,SCB,17,13,71,564.00,"40,044.00"
2019-03-26,2019032601003403,SCB,25,13,14,564.00,"7,896.00"
2019-03-26,2019032601003307,SCB,35,21,20,560.00,"11,200.00"
2019-03-26,2019032601003563,SDESI,16,16,1,550.00,550.00
2019-03-26,2019032601003553,SDESI,16,16,1,550.00,550.00
2019-03-26,2019032601003544,SDESI,16,16,1,550.00,550.00
2019-03-26,2019032601003532,SDESI,16,16,1,550.00,550.00
2019-03-26,2019032601003527,SDESI,16,16,1,550.00,550.00
2019-03-26,2019032601003522,SDESI,16,16,1,550.00,550.00
2019-03-26,2019032601003514,SDESI,16,16,1,550.00,550.00
2019-03-26,2019032601003387,SDESI,32,32,1,548.00,548.00
2019-03-26,2019032601003340,SDESI,37,21,23,548.00,"12,604.00"
2019-03-26,2019032601003188,SHINE,55,43,277,234.00,"64,818.00"
2019-03-26,2019032601003177,SHPC,53,16,39,225.00,"8,775.00"
2019-03-26,2019032601003176,SHPC,53,49,100,225.00,"22,500.00"
2019-03-26,2019032601003370,SKBBL,45,6,62,855.00,"53,010.00"
2019-03-26,2019032601003194,SLBBL,49,41,160,490.00,"78,400.00"
2019-03-26,2019032601003193,SLBBL,49,13,40,488.00,"19,520.00"
2019-03-26,2019032601003448,SLBSL,43,47,10,704.00,"7,040.00"
2019-03-26,2019032601003447,SLBSL,43,10,10,704.00,"7,040.00"
2019-03-26,2019032601003413,SLBSL,56,56,10,704.00,"7,040.00"
2019-03-26,2019032601003239,SLBSL,44,41,10,705.00,"7,050.00"
2019-03-26,2019032601003117,SLBSL,44,58,10,705.00,"7,050.00"
2019-03-26,2019032601003114,SLBSL,57,57,10,709.00,"7,090.00"
2019-03-26,2019032601003336,SLBSL,56,56,10,704.00,"7,040.00"
2019-03-26,2019032601003321,SLBSL,22,41,10,702.00,"7,020.00"
2019-03-26,2019032601003284,SLBSL,44,36,110,704.00,"77,440.00"
2019-03-26,2019032601003273,SLBSL,5,36,50,704.00,"35,200.00"
2019-03-26,2019032601003272,SLBSL,36,36,40,704.00,"28,160.00"
2019-03-26,2019032601003455,SPDL,45,5,147,105.00,"15,435.00"
2019-03-26,2019032601003343,SPDL,45,21,10,103.00,"1,030.00"
2019-03-26,2019032601003550,UFL,28,20,20,201.00,"4,020.00"
2019-03-26,2019032601003549,UFL,28,28,367,200.00,"73,400.00"
2019-03-26,2019032601003497,UFL,28,28,613,200.00,"122,600.00"
2019-03-26,2019032601003290,UFL,28,39,300,200.00,"60,000.00"
2019-03-26,2019032601003252,UFL,28,50,951,200.00,"190,200.00"
2019-03-26,2019032601003251,UFL,28,21,136,197.00,"26,792.00"
2019-03-26,2019032601003155,UFL,28,32,"1,300",200.00,"260,000.00"
2019-03-26,2019032601003581,UIC,37,1,100,767.00,"76,700.00"
2019-03-26,2019032601003360,UMHL,14,21,10,111.00,"1,110.00"
2019-03-26,2019032601003586,UPCL,48,34,10,219.00,"2,190.00"
2019-03-26,2019032601003356,UPCL,52,58,10,223.00,"2,230.00"
2019-03-26,2019032601003234,UPCL,14,34,50,227.00,"11,350.00"
2019-03-26,2019032601003588,UPPER,51,6,50,239.00,"11,950.00"
2019-03-26,2019032601003521,UPPER,51,6,50,239.00,"11,950.00"
2019-03-26,2019032601003517,UPPER,51,36,50,239.00,"11,950.00"
2019-03-26,2019032601003496,UPPER,51,17,50,239.00,"11,950.00"
2019-03-26,2019032601003494,UPPER,51,47,50,239.00,"11,950.00"
2019-03-26,2019032601003137,UPPER,10,10,50,239.00,"11,950.00"
2019-03-26,2019032601003135,UPPER,10,59,40,239.00,"9,560.00"
2019-03-26,2019032601003134,UPPER,10,17,40,239.00,"9,560.00"
2019-03-26,2019032601003126,UPPER,10,10,40,239.00,"9,560.00"
2019-03-26,2019032601003118,UPPER,10,10,40,239.00,"9,560.00"
2019-03-26,2019032601003169,UPPER,10,49,50,239.00,"11,950.00"
2019-03-26,2019032601003165,UPPER,10,17,40,239.00,"9,560.00"
2019-03-26,2019032601003161,UPPER,10,42,50,239.00,"11,950.00"
2019-03-26,2019032601003160,UPPER,10,10,40,239.00,"9,560.00"
2019-03-26,2019032601003154,UPPER,10,49,50,239.00,"11,950.00"
2019-03-26,2019032601003215,UPPER,10,52,100,239.00,"23,900.00"
2019-03-26,2019032601003230,UPPER,45,6,343,240.00,"82,320.00"
2019-03-26,2019032601003229,UPPER,45,56,50,240.00,"12,000.00"
2019-03-26,2019032601003228,UPPER,45,56,107,240.00,"25,680.00"
2019-03-26,2019032601003227,UPPER,10,42,50,239.00,"11,950.00"
2019-03-26,2019032601003372,UPPER,10,1,40,239.00,"9,560.00"
2019-03-26,2019032601003349,UPPER,10,38,40,239.00,"9,560.00"
2019-03-26,2019032601003322,UPPER,10,35,50,239.00,"11,950.00"
2019-03-26,2019032601003292,UPPER,10,44,10,239.00,"2,390.00"
2019-03-26,2019032601003433,UPPER,51,10,40,239.00,"9,560.00"
2019-03-26,2019032601003417,UPPER,51,33,50,239.00,"11,950.00"
2019-03-26,2019032601003379,UPPER,51,1,20,239.00,"4,780.00"
2019-03-26,2019032601003378,UPPER,10,1,30,239.00,"7,170.00"
2019-03-26,2019032601003452,VLBS,32,58,12,640.00,"7,680.00"
2019-03-26,2019032601002949,ADBL,45,28,50,295.00,"14,750.00"
2019-03-26,2019032601002969,AKJCL,49,39,10,80.00,800.00
2019-03-26,2019032601002802,AKJCL,55,39,10,80.00,800.00
2019-03-26,2019032601002699,AKJCL,55,38,20,80.00,"1,600.00"
2019-03-26,2019032601002680,AKJCL,20,6,20,81.00,"1,620.00"
2019-03-26,2019032601003106,ALBSL,26,59,10,487.00,"4,870.00"
2019-03-26,2019032601003060,ALBSL,26,58,10,487.00,"4,870.00"
2019-03-26,2019032601003059,ALBSL,26,32,10,487.00,"4,870.00"
2019-03-26,2019032601003054,ALBSL,26,58,10,487.00,"4,870.00"
2019-03-26,2019032601003038,ALBSL,26,17,10,487.00,"4,870.00"
2019-03-26,2019032601003037,ALBSL,26,29,10,487.00,"4,870.00"
2019-03-26,2019032601002635,ALBSL,14,14,10,487.00,"4,870.00"
2019-03-26,2019032601002627,ALBSL,14,14,10,487.00,"4,870.00"
2019-03-26,2019032601002618,ALBSL,14,14,10,487.00,"4,870.00"
2019-03-26,2019032601002614,ALBSL,14,48,10,487.00,"4,870.00"
2019-03-26,2019032601002727,ALBSL,49,37,10,488.00,"4,880.00"
2019-03-26,2019032601002726,ALBSL,49,37,10,488.00,"4,880.00"
2019-03-26,2019032601002725,ALBSL,49,14,10,487.00,"4,870.00"
2019-03-26,2019032601002667,ALBSL,14,14,10,487.00,"4,870.00"
2019-03-26,2019032601002652,ALBSL,14,14,10,487.00,"4,870.00"
2019-03-26,2019032601002638,ALBSL,14,14,10,487.00,"4,870.00"
2019-03-26,2019032601002829,ALBSL,44,49,10,486.00,"4,860.00"
2019-03-26,2019032601002826,ALBSL,44,57,10,486.00,"4,860.00"
2019-03-26,2019032601002818,ALBSL,44,57,10,486.00,"4,860.00"
2019-03-26,2019032601002797,ALBSL,44,46,10,486.00,"4,860.00"
2019-03-26,2019032601002747,ALBSL,49,45,10,488.00,"4,880.00"
2019-03-26,2019032601002743,ALBSL,49,34,10,488.00,"4,880.00"
2019-03-26,2019032601002970,ALBSL,48,41,10,487.00,"4,870.00"
2019-03-26,2019032601002965,ALBSL,48,48,10,487.00,"4,870.00"
2019-03-26,2019032601002888,ALBSL,18,25,10,486.00,"4,860.00"
2019-03-26,2019032601002886,ALBSL,44,10,10,486.00,"4,860.00"
2019-03-26,2019032601002854,ALBSL,44,41,10,486.00,"4,860.00"
2019-03-26,2019032601002837,ALBSL,44,39,10,486.00,"4,860.00"
2019-03-26,2019032601003014,ALBSL,26,10,10,487.00,"4,870.00"
2019-03-26,2019032601003009,ALBSL,26,32,10,487.00,"4,870.00"
2019-03-26,2019032601003001,ALBSL,26,29,10,487.00,"4,870.00"
2019-03-26,2019032601002992,ALBSL,26,29,10,487.00,"4,870.00"
2019-03-26,2019032601002986,ALBSL,26,48,10,487.00,"4,870.00"
2019-03-26,2019032601002983,ALBSL,18,29,10,486.00,"4,860.00"
2019-03-26,2019032601002893,ALICL,45,52,100,386.00,"38,600.00"
2019-03-26,2019032601002892,ALICL,45,39,45,385.00,"17,325.00"
2019-03-26,2019032601003074,AMFI,28,52,20,625.00,"12,500.00"
2019-03-26,2019032601002901,API,25,32,18,132.00,"2,376.00"
2019-03-26,2019032601002900,API,25,48,214,132.00,"28,248.00"
2019-03-26,2019032601002952,BARUN,39,34,10,98.00,980.00
2019-03-26,2019032601002812,BARUN,26,26,10,97.00,970.00
2019-03-26,2019032601002756,BARUN,26,22,990,97.00,"96,030.00"
2019-03-26,2019032601002755,BARUN,26,26,10,96.00,960.00
2019-03-26,2019032601002754,BARUN,26,6,10,96.00,960.00
2019-03-26,2019032601002753,BARUN,26,6,10,96.00,960.00
2019-03-26,2019032601002752,BARUN,26,6,10,96.00,960.00
2019-03-26,2019032601002770,BHBL,58,56,297,142.00,"42,174.00"
2019-03-26,2019032601003004,BOKL,46,54,108,243.00,"26,244.00"
2019-03-26,2019032601003003,BOKL,46,54,100,243.00,"24,300.00"
2019-03-26,2019032601002985,BOKL,46,11,100,243.00,"24,300.00"
2019-03-26,2019032601002831,BOKL,46,22,265,243.00,"64,395.00"
2019-03-26,2019032601003088,BPCL,26,11,540,356.00,"192,240.00"
2019-03-26,2019032601002844,BPCL,1,41,11,355.00,"3,905.00"
2019-03-26,2019032601002839,BPCL,26,11,30,356.00,"10,680.00"
2019-03-26,2019032601002828,BPCL,1,26,20,355.00,"7,100.00"
2019-03-26,2019032601002827,BPCL,52,26,10,355.00,"3,550.00"
2019-03-26,2019032601002799,BPCL,52,39,10,355.00,"3,550.00"
2019-03-26,2019032601002780,BPCL,11,11,300,356.00,"106,800.00"
2019-03-26,2019032601002779,BPCL,39,11,10,356.00,"3,560.00"
2019-03-26,2019032601002731,BPCL,52,39,10,355.00,"3,550.00"
2019-03-26,2019032601002708,BPCL,52,39,10,355.00,"3,550.00"
2019-03-26,2019032601002678,BPCL,52,39,10,355.00,"3,550.00"
2019-03-26,2019032601002999,CBL,50,22,500,156.00,"78,000.00"
2019-03-26,2019032601002904,CBL,58,20,396,155.00,"61,380.00"
2019-03-26,2019032601002903,CBL,42,20,442,156.00,"68,952.00"
2019-03-26,2019032601002728,CBL,16,44,100,157.00,"15,700.00"
2019-03-26,2019032601002981,CCBL,25,39,27,161.00,"4,347.00"
2019-03-26,2019032601002916,CCBL,25,20,118,161.00,"18,998.00"
2019-03-26,2019032601002915,CCBL,52,20,50,162.00,"8,100.00"
2019-03-26,2019032601002850,CCBL,16,16,1,161.00,161.00
2019-03-26,2019032601002716,CCBL,16,58,50,163.00,"8,150.00"
2019-03-26,2019032601002715,CCBL,16,58,50,163.00,"8,150.00"
2019-03-26,2019032601002674,CCBL,16,16,1,161.00,161.00
2019-03-26,2019032601002655,CCBL,16,16,1,161.00,161.00
2019-03-26,2019032601002637,CCBL,16,16,1,161.00,161.00
2019-03-26,2019032601002629,CCBL,16,16,1,161.00,161.00
2019-03-26,2019032601002626,CFCL,1,25,100,106.00,"10,600.00"
2019-03-26,2019032601002625,CFCL,1,38,500,106.00,"53,000.00"
2019-03-26,2019032601003102,CHLBS,57,17,10,533.00,"5,330.00"
2019-03-26,2019032601003078,CHLBS,57,17,10,533.00,"5,330.00"
2019-03-26,2019032601003041,CHLBS,57,57,10,538.00,"5,380.00"
2019-03-26,2019032601002870,CHLBS,7,17,10,533.00,"5,330.00"
2019-03-26,2019032601002821,CHLBS,7,47,10,533.00,"5,330.00"
2019-03-26,2019032601002814,CHLBS,7,47,10,533.00,"5,330.00"
2019-03-26,2019032601002745,CIT,44,44,100,"2,621.00","262,100.00"
2019-03-26,2019032601002683,CIT,17,5,30,"2,620.00","78,600.00"
2019-03-26,2019032601002671,CIT,5,58,10,"2,640.00","26,400.00"
2019-03-26,2019032601002648,CIT,34,1,12,"2,624.00","31,488.00"
2019-03-26,2019032601002617,CIT,34,33,28,"2,620.00","73,360.00"
2019-03-26,2019032601002874,CLBSL,26,26,10,565.00,"5,650.00"
2019-03-26,2019032601002907,CZBIL,4,14,62,209.00,"12,958.00"
2019-03-26,2019032601002875,CZBIL,59,14,10,209.00,"2,090.00"
2019-03-26,2019032601002872,CZBIL,54,49,93,208.00,"19,344.00"
2019-03-26,2019032601002830,CZBIL,54,10,21,208.00,"4,368.00"
2019-03-26,2019032601002763,CZBIL,54,5,100,208.00,"20,800.00"
2019-03-26,2019032601002697,CZBIL,51,14,46,209.00,"9,614.00"
2019-03-26,2019032601002689,DBBL,21,13,14,126.00,"1,764.00"
2019-03-26,2019032601002688,DBBL,21,7,35,126.00,"4,410.00"
2019-03-26,2019032601002687,DBBL,21,13,14,126.00,"1,764.00"
2019-03-26,2019032601002686,DBBL,21,13,14,126.00,"1,764.00"
2019-03-26,2019032601002670,DBBL,29,42,14,125.00,"1,750.00"
2019-03-26,2019032601002669,DBBL,45,42,86,125.00,"10,750.00"
2019-03-26,2019032601003100,DDBL,53,19,21,585.00,"12,285.00"
2019-03-26,2019032601003099,DDBL,53,34,38,585.00,"22,230.00"
2019-03-26,2019032601003083,DDBL,39,52,100,584.00,"58,400.00"
2019-03-26,2019032601002973,EBL,10,52,100,553.00,"55,300.00"
2019-03-26,2019032601002964,EBL,58,1,844,552.00,"465,888.00"
2019-03-26,2019032601002887,EBL,14,1,156,552.00,"86,112.00"
2019-03-26,2019032601002836,EBL,36,52,20,553.00,"11,060.00"
2019-03-26,2019032601002835,EBL,36,4,100,553.00,"55,300.00"
2019-03-26,2019032601002834,EBL,36,6,80,553.00,"44,240.00"
2019-03-26,2019032601002877,EIC,53,7,42,844.00,"35,448.00"
2019-03-26,2019032601002923,FMDBL,21,34,50,366.00,"18,300.00"
2019-03-26,2019032601002785,FOWAD,16,16,2,"1,510.00","3,020.00"
2019-03-26,2019032601002920,GBBL,34,16,81,188.00,"15,228.00"
2019-03-26,2019032601002919,GBBL,34,35,65,188.00,"12,220.00"
2019-03-26,2019032601002918,GBBL,34,42,476,188.00,"89,488.00"
2019-03-26,2019032601002917,GBBL,34,48,100,188.00,"18,800.00"
2019-03-26,2019032601003033,GBIME,45,32,40,261.00,"10,440.00"
2019-03-26,2019032601002936,GBIME,45,20,92,260.00,"23,920.00"
2019-03-26,2019032601002935,GBIME,19,20,300,260.00,"78,000.00"
2019-03-26,2019032601002934,GBIME,59,20,500,260.00,"130,000.00"
2019-03-26,2019032601002933,GBIME,25,20,589,260.00,"153,140.00"
2019-03-26,2019032601002932,GBIME,52,20,50,261.00,"13,050.00"
2019-03-26,2019032601002857,GBIME,16,16,9,261.00,"2,349.00"
2019-03-26,2019032601002794,GBIME,16,16,9,261.00,"2,349.00"
2019-03-26,2019032601002692,GBIME,16,16,9,261.00,"2,349.00"
2019-03-26,2019032601002833,GBIMEP,45,34,"9,154",174.00,"1,592,796.00"
2019-03-26,2019032601003073,GBLBS,10,40,20,446.00,"8,920.00"
2019-03-26,2019032601003072,GBLBS,10,14,10,445.00,"4,450.00"
2019-03-26,2019032601003071,GBLBS,10,14,10,445.00,"4,450.00"
2019-03-26,2019032601003070,GBLBS,10,14,10,445.00,"4,450.00"
2019-03-26,2019032601003069,GBLBS,10,14,10,445.00,"4,450.00"
2019-03-26,2019032601003068,GBLBS,10,14,10,445.00,"4,450.00"
2019-03-26,2019032601003067,GBLBS,10,14,10,445.00,"4,450.00"
2019-03-26,2019032601003066,GBLBS,10,14,10,445.00,"4,450.00"
