Date,Transact. No.,Symbol,Buyer,Seller,Quantity,Rate,Amount
2019-08-25,2019082501006544,ADBL,34,21,95,427.00,"40,565.00"
2019-08-25,2019082501006149,AKPL,51,33,10,156.00,"1,560.00"
2019-08-25,2019082501006148,AKPL,51,57,13,156.00,"2,028.00"
2019-08-25,2019082501006147,AKPL,51,52,13,156.00,"2,028.00"
2019-08-25,2019082501006146,AKPL,51,44,13,156.00,"2,028.00"
2019-08-25,2019082501006145,AKPL,51,17,13,154.00,"2,002.00"
2019-08-25,2019082501006271,AKPL,22,1,84,156.00,"13,104.00"
2019-08-25,2019082501006608,ALBSL,38,4,10,454.00,"4,540.00"
2019-08-25,2019082501006509,ALBSL,43,38,50,448.00,"22,400.00"
2019-08-25,2019082501006335,ALBSL,43,38,30,448.00,"13,440.00"
2019-08-25,2019082501006334,ALBSL,25,38,200,448.00,"89,600.00"
2019-08-25,2019082501006333,ALBSL,39,38,50,448.00,"22,400.00"
2019-08-25,2019082501006332,ALBSL,42,38,30,448.00,"13,440.00"
2019-08-25,2019082501006331,ALBSL,55,38,100,449.00,"44,900.00"
2019-08-25,2019082501006330,ALBSL,49,38,30,449.00,"13,470.00"
2019-08-25,2019082501006329,ALBSL,50,38,40,450.00,"18,000.00"
2019-08-25,2019082501006328,ALBSL,32,38,100,450.00,"45,000.00"
2019-08-25,2019082501006327,ALBSL,25,38,110,450.00,"49,500.00"
2019-08-25,2019082501006320,API,22,35,190,128.00,"24,320.00"
2019-08-25,2019082501006319,API,22,38,10,128.00,"1,280.00"
2019-08-25,2019082501006573,BOKL,49,11,10,258.00,"2,580.00"
2019-08-25,2019082501006304,BOKL,4,48,570,255.00,"145,350.00"
2019-08-25,2019082501006303,BOKL,36,48,80,256.00,"20,480.00"
2019-08-25,2019082501006302,BOKL,44,48,50,256.00,"12,800.00"
2019-08-25,2019082501006301,BOKL,46,48,300,256.00,"76,800.00"
2019-08-25,2019082501006178,BOKL,25,10,"1,000",256.00,"256,000.00"
2019-08-25,2019082501006547,BPCL,42,13,200,383.00,"76,600.00"
2019-08-25,2019082501006546,BPCL,36,13,100,383.00,"38,300.00"
2019-08-25,2019082501006580,CBL,43,16,10,147.00,"1,470.00"
2019-08-25,2019082501006562,CBL,38,33,272,145.00,"39,440.00"
2019-08-25,2019082501006561,CBL,4,33,150,145.00,"21,750.00"
2019-08-25,2019082501006560,CBL,47,33,200,145.00,"29,000.00"
2019-08-25,2019082501006559,CBL,33,33,280,145.00,"40,600.00"
2019-08-25,2019082501006558,CBL,42,33,150,145.00,"21,750.00"
2019-08-25,2019082501006310,CBL,7,13,"1,000",146.00,"146,000.00"
2019-08-25,2019082501006309,CBL,38,13,14,146.00,"2,044.00"
2019-08-25,2019082501006268,CBL,38,48,125,146.00,"18,250.00"
2019-08-25,2019082501006254,CBL,5,16,186,147.00,"27,342.00"
2019-08-25,2019082501006253,CBL,5,37,314,147.00,"46,158.00"
2019-08-25,2019082501006557,CBL,5,33,500,145.00,"72,500.00"
2019-08-25,2019082501006556,CBL,7,33,200,145.00,"29,000.00"
2019-08-25,2019082501006555,CBL,14,33,100,145.00,"14,500.00"
2019-08-25,2019082501006554,CBL,6,33,148,145.00,"21,460.00"
2019-08-25,2019082501006513,CBL,43,16,10,147.00,"1,470.00"
2019-08-25,2019082501006311,CBL,58,13,186,146.00,"27,156.00"
2019-08-25,2019082501006612,CCBL,32,29,120,158.00,"18,960.00"
2019-08-25,2019082501006611,CCBL,32,40,80,158.00,"12,640.00"
2019-08-25,2019082501006285,CCBL,6,13,762,157.00,"119,634.00"
2019-08-25,2019082501006579,CHCL,58,44,250,443.00,"110,750.00"
2019-08-25,2019082501006578,CHCL,28,44,200,443.00,"88,600.00"
2019-08-25,2019082501006474,CHCL,17,44,250,444.00,"111,000.00"
2019-08-25,2019082501006164,CHCL,26,41,10,445.00,"4,450.00"
2019-08-25,2019082501006163,CHCL,26,19,30,445.00,"13,350.00"
2019-08-25,2019082501006132,CIT,36,17,25,"2,395.00","59,875.00"
2019-08-25,2019082501006214,CMF1,52,19,"1,000",9.90,"9,900.00"
2019-08-25,2019082501006534,CZBIL,14,49,200,214.00,"42,800.00"
2019-08-25,2019082501006305,CZBIL,35,52,50,215.00,"10,750.00"
2019-08-25,2019082501006161,CZBIL,45,42,100,214.00,"21,400.00"
2019-08-25,2019082501006135,CZBIL,25,52,50,215.00,"10,750.00"
2019-08-25,2019082501006144,EBL,45,8,500,655.00,"327,500.00"
2019-08-25,2019082501006143,EBL,45,57,100,655.00,"65,500.00"
2019-08-25,2019082501006142,EBL,45,14,500,653.00,"326,500.00"
2019-08-25,2019082501006366,EDBL,49,53,100,279.00,"27,900.00"
2019-08-25,2019082501006269,EDBL,49,52,300,275.00,"82,500.00"
2019-08-25,2019082501006150,EDBL,43,22,150,273.00,"40,950.00"
2019-08-25,2019082501006213,EIC,7,5,67,315.00,"21,105.00"
2019-08-25,2019082501006542,FOWAD,52,45,10,"1,340.00","13,400.00"
2019-08-25,2019082501006442,GBBL,58,16,73,212.00,"15,476.00"
2019-08-25,2019082501006587,GDBL,32,19,300,205.00,"61,500.00"
2019-08-25,2019082501006403,GDBL,58,36,965,204.00,"196,860.00"
2019-08-25,2019082501006402,GDBL,44,36,"2,000",204.00,"408,000.00"
2019-08-25,2019082501006401,GDBL,6,36,385,204.00,"78,540.00"
2019-08-25,2019082501006400,GDBL,43,36,50,205.00,"10,250.00"
2019-08-25,2019082501006399,GDBL,39,36,500,205.00,"102,500.00"
2019-08-25,2019082501006398,GDBL,14,36,100,205.00,"20,500.00"
2019-08-25,2019082501006405,GHL,22,34,20,78.00,"1,560.00"
2019-08-25,2019082501006283,GLBSL,38,56,10,494.00,"4,940.00"
2019-08-25,2019082501006257,GLICL,32,26,35,450.00,"15,750.00"
2019-08-25,2019082501006245,GLICL,17,49,85,445.00,"37,825.00"
2019-08-25,2019082501006244,GLICL,6,49,13,446.00,"5,798.00"
2019-08-25,2019082501006511,GMFBS,45,5,10,518.00,"5,180.00"
2019-08-25,2019082501006502,GMFBS,45,16,10,518.00,"5,180.00"
2019-08-25,2019082501006324,GRDBL,1,43,100,109.00,"10,900.00"
2019-08-25,2019082501006524,IGI,21,8,320,325.00,"104,000.00"
2019-08-25,2019082501006523,IGI,38,8,10,325.00,"3,250.00"
2019-08-25,2019082501006382,ILBS,21,57,70,453.00,"31,710.00"
2019-08-25,2019082501006381,ILBS,42,57,20,454.00,"9,080.00"
2019-08-25,2019082501006380,ILBS,42,57,100,455.00,"45,500.00"
2019-08-25,2019082501006379,ILBS,1,57,50,455.00,"22,750.00"
2019-08-25,2019082501006274,ILBS,41,38,10,455.00,"4,550.00"
2019-08-25,2019082501006273,ILBS,32,38,50,456.00,"22,800.00"
2019-08-25,2019082501006272,ILBS,22,38,80,456.00,"36,480.00"
2019-08-25,2019082501006516,JBBL,47,46,71,164.00,"11,644.00"
2019-08-25,2019082501006515,JBBL,47,44,417,163.00,"67,971.00"
2019-08-25,2019082501006514,JBBL,47,34,12,162.00,"1,944.00"
2019-08-25,2019082501006208,JBBL,48,44,83,163.00,"13,529.00"
2019-08-25,2019082501006207,JBBL,48,35,100,163.00,"16,300.00"
2019-08-25,2019082501006206,JBBL,48,1,300,163.00,"48,900.00"
2019-08-25,2019082501006205,JBBL,48,46,606,163.00,"98,778.00"
2019-08-25,2019082501006204,JBBL,48,1,200,163.00,"32,600.00"
2019-08-25,2019082501006203,JBBL,48,29,186,162.00,"30,132.00"
2019-08-25,2019082501006202,JBBL,48,21,358,162.00,"57,996.00"
2019-08-25,2019082501006201,JBBL,48,34,167,162.00,"27,054.00"
2019-08-25,2019082501006539,JFL,3,26,327,190.00,"62,130.00"
2019-08-25,2019082501006593,JOSHI,22,48,90,66.00,"5,940.00"
2019-08-25,2019082501006543,KBL,32,44,100,203.00,"20,300.00"
2019-08-25,2019082501006456,KBL,28,32,500,202.00,"101,000.00"
2019-08-25,2019082501006361,KBL,17,44,400,203.00,"81,200.00"
2019-08-25,2019082501006360,KBL,17,52,600,203.00,"121,800.00"
2019-08-25,2019082501006194,KSBBL,22,6,106,143.00,"15,158.00"
2019-08-25,2019082501006536,LBBL,33,21,10,179.00,"1,790.00"
2019-08-25,2019082501006291,LBBL,42,51,30,176.00,"5,280.00"
2019-08-25,2019082501006290,LBBL,33,51,465,176.00,"81,840.00"
2019-08-25,2019082501006289,LBBL,56,51,88,177.00,"15,576.00"
2019-08-25,2019082501006241,LBBL,56,52,212,177.00,"37,524.00"
2019-08-25,2019082501006138,LBBL,54,52,121,177.00,"21,417.00"
2019-08-25,2019082501006137,LBBL,54,14,100,177.00,"17,700.00"
2019-08-25,2019082501006136,LBBL,54,54,29,177.00,"5,133.00"
2019-08-25,2019082501006627,LBL,49,34,70,214.00,"14,980.00"
2019-08-25,2019082501006626,LBL,48,34,200,214.00,"42,800.00"
2019-08-25,2019082501006183,LBL,58,34,230,215.00,"49,450.00"
2019-08-25,2019082501006258,LEMF,52,17,"1,000",7.82,"7,820.00"
2019-08-25,2019082501006189,LEMF,52,17,"1,000",7.78,"7,780.00"
2019-08-25,2019082501006549,LGIL,44,38,800,388.00,"310,400.00"
2019-08-25,2019082501006508,LGIL,44,42,260,388.00,"100,880.00"
2019-08-25,2019082501006507,LGIL,45,42,20,388.00,"7,760.00"
2019-08-25,2019082501006506,LGIL,41,42,20,388.00,"7,760.00"
2019-08-25,2019082501006505,LGIL,35,42,100,389.00,"38,900.00"
2019-08-25,2019082501006504,LGIL,37,42,100,389.00,"38,900.00"
2019-08-25,2019082501006431,LICN,56,22,97,"1,098.00","106,506.00"
2019-08-25,2019082501006430,LICN,56,35,70,"1,097.00","76,790.00"
2019-08-25,2019082501006535,LLBS,57,43,10,759.00,"7,590.00"
2019-08-25,2019082501006567,MBL,34,58,10,255.00,"2,550.00"
2019-08-25,2019082501006293,MBL,57,28,"1,982",253.00,"501,446.00"
2019-08-25,2019082501006292,MBL,57,28,718,253.00,"181,654.00"
2019-08-25,2019082501006576,MDB,43,48,194,234.00,"45,396.00"
2019-08-25,2019082501006165,MDB,28,38,385,232.00,"89,320.00"
2019-08-25,2019082501006607,MEGA,57,26,600,198.00,"118,800.00"
2019-08-25,2019082501006503,MEGA,43,35,10,199.00,"1,990.00"
2019-08-25,2019082501006407,MERO,32,29,50,535.00,"26,750.00"
2019-08-25,2019082501006141,MERO,32,34,103,534.00,"55,002.00"
2019-08-25,2019082501006571,MLBL,34,11,43,211.00,"9,073.00"
2019-08-25,2019082501006570,MLBL,34,28,500,211.00,"105,500.00"
2019-08-25,2019082501006479,MLBL,33,17,419,208.00,"87,152.00"
2019-08-25,2019082501006478,MLBL,50,17,"1,000",208.00,"208,000.00"
2019-08-25,2019082501006477,MLBL,56,17,500,208.00,"104,000.00"
2019-08-25,2019082501006476,MLBL,5,17,500,208.00,"104,000.00"
2019-08-25,2019082501006475,MLBL,44,17,581,209.00,"121,429.00"
2019-08-25,2019082501006469,MLBL,44,32,200,209.00,"41,800.00"
2019-08-25,2019082501006453,MLBL,44,17,500,209.00,"104,500.00"
2019-08-25,2019082501006525,MNBBL,38,48,50,325.00,"16,250.00"
2019-08-25,2019082501006308,MNBBL,3,32,10,324.00,"3,240.00"
2019-08-25,2019082501006197,MNBBL,53,32,290,324.00,"93,960.00"
2019-08-25,2019082501006196,MNBBL,53,51,10,323.00,"3,230.00"
2019-08-25,2019082501006575,NABIL,36,43,20,776.00,"15,520.00"
2019-08-25,2019082501006416,NABIL,57,43,150,776.00,"116,400.00"
2019-08-25,2019082501006180,NABIL,44,43,50,776.00,"38,800.00"
2019-08-25,2019082501006465,NADEP,57,17,10,475.00,"4,750.00"
2019-08-25,2019082501006166,NADEP,32,42,200,470.00,"94,000.00"
2019-08-25,2019082501006480,NAGRO,57,44,10,783.00,"7,830.00"
2019-08-25,2019082501006224,NBB,51,44,244,214.00,"52,216.00"
2019-08-25,2019082501006223,NBB,38,44,287,214.00,"61,418.00"
2019-08-25,2019082501006624,NBL,33,33,48,322.00,"15,456.00"
2019-08-25,2019082501006623,NBL,33,19,252,321.00,"80,892.00"
2019-08-25,2019082501006552,NBL,46,19,20,321.00,"6,420.00"
2019-08-25,2019082501006551,NBL,56,19,"1,000",321.00,"321,000.00"
2019-08-25,2019082501006550,NBL,25,19,310,321.00,"99,510.00"
2019-08-25,2019082501006518,NBL,25,49,190,321.00,"60,990.00"
2019-08-25,2019082501006299,NBL,26,57,100,322.00,"32,200.00"
2019-08-25,2019082501006298,NBL,50,57,500,322.00,"161,000.00"
2019-08-25,2019082501006297,NBL,44,57,400,322.00,"128,800.00"
2019-08-25,2019082501006368,NBL,8,47,500,321.00,"160,500.00"
2019-08-25,2019082501006356,NBL,40,48,300,322.00,"96,600.00"
2019-08-25,2019082501006355,NBL,10,48,100,322.00,"32,200.00"
2019-08-25,2019082501006354,NBL,26,48,100,322.00,"32,200.00"
2019-08-25,2019082501006353,NBL,34,48,100,322.00,"32,200.00"
2019-08-25,2019082501006352,NBL,26,48,400,322.00,"128,800.00"
2019-08-25,2019082501006517,NBL,41,49,10,321.00,"3,210.00"
2019-08-25,2019082501006464,NBL,22,33,100,322.00,"32,200.00"
2019-08-25,2019082501006408,NBL,22,33,100,322.00,"32,200.00"
2019-08-25,2019082501006371,NBL,47,47,400,321.00,"128,400.00"
2019-08-25,2019082501006370,NBL,56,47,50,321.00,"16,050.00"
2019-08-25,2019082501006369,NBL,56,47,50,321.00,"16,050.00"
2019-08-25,2019082501006294,NGPL,57,37,100,116.00,"11,600.00"
2019-08-25,2019082501006444,NIB,17,52,100,465.00,"46,500.00"
2019-08-25,2019082501006317,NIB,16,17,66,466.00,"30,756.00"
2019-08-25,2019082501006316,NIB,16,59,434,466.00,"202,244.00"
2019-08-25,2019082501006160,NIB,43,59,400,466.00,"186,400.00"
2019-08-25,2019082501006300,NIBSF1,52,44,"1,000",9.23,"9,230.00"
2019-08-25,2019082501006605,NICA,42,4,155,448.00,"69,440.00"
2019-08-25,2019082501006604,NICA,38,4,500,448.00,"224,000.00"
2019-08-25,2019082501006603,NICA,41,4,50,448.00,"22,400.00"
2019-08-25,2019082501006602,NICA,39,4,50,448.00,"22,400.00"
2019-08-25,2019082501006601,NICA,25,4,100,448.00,"44,800.00"
2019-08-25,2019082501006600,NICA,44,4,100,448.00,"44,800.00"
2019-08-25,2019082501006176,NICA,34,58,407,450.00,"183,150.00"
2019-08-25,2019082501006172,NICA,44,58,200,450.00,"90,000.00"
2019-08-25,2019082501006154,NICA,48,58,200,450.00,"90,000.00"
2019-08-25,2019082501006364,NICA,25,4,255,450.00,"114,750.00"
2019-08-25,2019082501006363,NICA,41,4,35,450.00,"15,750.00"
2019-08-25,2019082501006326,NICA,41,52,165,450.00,"74,250.00"
2019-08-25,2019082501006185,NICA,34,42,50,450.00,"22,500.00"
2019-08-25,2019082501006184,NICA,34,4,"1,407",450.00,"633,150.00"
2019-08-25,2019082501006177,NICA,34,4,593,450.00,"266,850.00"
2019-08-25,2019082501006500,NICA,48,4,300,450.00,"135,000.00"
2019-08-25,2019082501006499,NICA,22,4,100,450.00,"45,000.00"
2019-08-25,2019082501006498,NICA,32,4,100,450.00,"45,000.00"
2019-08-25,2019082501006497,NICA,41,4,500,450.00,"225,000.00"
2019-08-25,2019082501006496,NICA,36,4,50,450.00,"22,500.00"
2019-08-25,2019082501006495,NICA,25,4,245,450.00,"110,250.00"
2019-08-25,2019082501006531,NICA,48,4,300,449.00,"134,700.00"
2019-08-25,2019082501006530,NICA,21,4,200,449.00,"89,800.00"
2019-08-25,2019082501006529,NICA,42,4,200,449.00,"89,800.00"
2019-08-25,2019082501006528,NICA,41,4,500,449.00,"224,500.00"
2019-08-25,2019082501006527,NICA,7,4,50,449.00,"22,450.00"
2019-08-25,2019082501006526,NICA,46,4,480,449.00,"215,520.00"
2019-08-25,2019082501006599,NICA,39,4,100,448.00,"44,800.00"
2019-08-25,2019082501006598,NICA,45,4,100,448.00,"44,800.00"
2019-08-25,2019082501006597,NICA,44,4,200,448.00,"89,600.00"
2019-08-25,2019082501006596,NICA,38,4,200,448.00,"89,600.00"
2019-08-25,2019082501006595,NICA,58,4,100,448.00,"44,800.00"
2019-08-25,2019082501006594,NICA,29,4,50,448.00,"22,400.00"
2019-08-25,2019082501006383,NICGF,52,19,"1,000",9.90,"9,900.00"
2019-08-25,2019082501006537,NICL,43,59,10,294.00,"2,940.00"
2019-08-25,2019082501006397,NICL,39,48,15,290.00,"4,350.00"
2019-08-25,2019082501006396,NICL,10,48,100,290.00,"29,000.00"
2019-08-25,2019082501006395,NICL,8,48,400,290.00,"116,000.00"
2019-08-25,2019082501006394,NICL,14,48,300,291.00,"87,300.00"
2019-08-25,2019082501006393,NICL,45,48,10,291.00,"2,910.00"
2019-08-25,2019082501006392,NICL,49,48,25,291.00,"7,275.00"
2019-08-25,2019082501006391,NICL,52,48,50,292.00,"14,600.00"
2019-08-25,2019082501006226,NICL,52,49,250,292.00,"73,000.00"
2019-08-25,2019082501006490,NLBBL,39,7,300,557.00,"167,100.00"
2019-08-25,2019082501006428,NLBBL,37,25,100,561.00,"56,100.00"
2019-08-25,2019082501006427,NLBBL,37,33,400,560.00,"224,000.00"
2019-08-25,2019082501006438,NLG,46,6,13,647.00,"8,411.00"
2019-08-25,2019082501006222,NLG,43,51,50,636.00,"31,800.00"
2019-08-25,2019082501006211,NLG,45,51,20,646.00,"12,920.00"
2019-08-25,2019082501006572,NLIC,3,6,12,853.00,"10,236.00"
2019-08-25,2019082501006494,NLIC,55,6,30,853.00,"25,590.00"
2019-08-25,2019082501006493,NLIC,14,6,20,853.00,"17,060.00"
2019-08-25,2019082501006492,NLIC,16,6,12,854.00,"10,248.00"
2019-08-25,2019082501006473,NLIC,38,6,10,854.00,"8,540.00"
2019-08-25,2019082501006472,NLIC,42,6,50,854.00,"42,700.00"
2019-08-25,2019082501006423,NLIC,6,6,17,857.00,"14,569.00"
2019-08-25,2019082501006471,NLIC,16,6,10,854.00,"8,540.00"
2019-08-25,2019082501006448,NLIC,21,6,60,855.00,"51,300.00"
2019-08-25,2019082501006447,NLIC,7,6,20,855.00,"17,100.00"
2019-08-25,2019082501006446,NLIC,13,6,25,855.00,"21,375.00"
2019-08-25,2019082501006445,NLIC,53,6,35,855.00,"29,925.00"
2019-08-25,2019082501006424,NLIC,50,6,28,857.00,"23,996.00"
2019-08-25,2019082501006188,NLICL,56,32,29,555.00,"16,095.00"
2019-08-25,2019082501006168,NMBHF1,52,44,345,9.75,"3,363.75"
2019-08-25,2019082501006167,NMBHF1,52,49,832,9.74,"8,103.68"
2019-08-25,2019082501006628,NSEWA,13,35,10,429.00,"4,290.00"
2019-08-25,2019082501006175,NUBL,34,32,400,870.00,"348,000.00"
2019-08-25,2019082501006455,OHL,22,5,100,593.00,"59,300.00"
2019-08-25,2019082501006217,PCBL,58,34,100,275.00,"27,500.00"
2019-08-25,2019082501006134,PICL,26,34,50,455.00,"22,750.00"
2019-08-25,2019082501006625,PLIC,48,35,10,414.00,"4,140.00"
2019-08-25,2019082501006256,PMHPL,22,21,10,102.00,"1,020.00"
2019-08-25,2019082501006255,PMHPL,22,33,10,102.00,"1,020.00"
2019-08-25,2019082501006631,PPCL,41,3,100,103.00,"10,300.00"
2019-08-25,2019082501006630,PPCL,4,3,400,103.00,"41,200.00"
2019-08-25,2019082501006591,PRVU,25,35,10,267.00,"2,670.00"
2019-08-25,2019082501006346,PRVU,54,51,200,265.00,"53,000.00"
2019-08-25,2019082501006345,PRVU,39,51,200,265.00,"53,000.00"
2019-08-25,2019082501006344,PRVU,50,51,100,265.00,"26,500.00"
2019-08-25,2019082501006343,PRVU,58,51,52,265.00,"13,780.00"
2019-08-25,2019082501006342,PRVU,59,51,300,266.00,"79,800.00"
2019-08-25,2019082501006349,PRVU,45,51,64,265.00,"16,960.00"
2019-08-25,2019082501006348,PRVU,6,51,135,265.00,"35,775.00"
2019-08-25,2019082501006347,PRVU,38,51,500,265.00,"132,500.00"
2019-08-25,2019082501006613,RHPL,57,56,30,195.00,"5,850.00"
2019-08-25,2019082501006588,RHPL,57,5,10,195.00,"1,950.00"
2019-08-25,2019082501006566,RHPL,57,56,30,195.00,"5,850.00"
2019-08-25,2019082501006553,RHPL,57,21,10,195.00,"1,950.00"
2019-08-25,2019082501006538,RHPL,57,56,30,195.00,"5,850.00"
2019-08-25,2019082501006532,RHPL,57,5,10,195.00,"1,950.00"
2019-08-25,2019082501006200,RHPL,8,38,40,194.00,"7,760.00"
2019-08-25,2019082501006198,RHPL,8,56,30,194.00,"5,820.00"
2019-08-25,2019082501006179,RHPL,8,42,40,194.00,"7,760.00"
2019-08-25,2019082501006173,RHPL,8,56,30,194.00,"5,820.00"
2019-08-25,2019082501006169,RHPL,8,56,30,194.00,"5,820.00"
2019-08-25,2019082501006139,RHPL,8,42,50,194.00,"9,700.00"
2019-08-25,2019082501006248,RHPL,40,38,10,194.00,"1,940.00"
2019-08-25,2019082501006247,RHPL,8,38,30,194.00,"5,820.00"
2019-08-25,2019082501006227,RHPL,8,56,30,194.00,"5,820.00"
2019-08-25,2019082501006221,RHPL,52,47,50,195.00,"9,750.00"
2019-08-25,2019082501006220,RHPL,52,22,40,195.00,"7,800.00"
2019-08-25,2019082501006219,RHPL,52,22,40,195.00,"7,800.00"
2019-08-25,2019082501006313,RHPL,42,59,100,195.00,"19,500.00"
2019-08-25,2019082501006295,RHPL,40,56,30,194.00,"5,820.00"
2019-08-25,2019082501006287,RHPL,40,21,10,194.00,"1,940.00"
2019-08-25,2019082501006284,RHPL,40,56,30,194.00,"5,820.00"
2019-08-25,2019082501006260,RHPL,40,21,10,194.00,"1,940.00"
2019-08-25,2019082501006249,RHPL,40,56,30,194.00,"5,820.00"
2019-08-25,2019082501006372,RHPL,40,21,10,194.00,"1,940.00"
2019-08-25,2019082501006362,RHPL,34,29,20,196.00,"3,920.00"
2019-08-25,2019082501006351,RHPL,40,56,30,194.00,"5,820.00"
2019-08-25,2019082501006350,RHPL,40,56,30,194.00,"5,820.00"
2019-08-25,2019082501006315,RHPL,42,29,"1,860",196.00,"364,560.00"
2019-08-25,2019082501006314,RHPL,42,22,40,195.00,"7,800.00"
2019-08-25,2019082501006425,RHPL,57,56,30,195.00,"5,850.00"
2019-08-25,2019082501006417,RHPL,57,56,30,195.00,"5,850.00"
2019-08-25,2019082501006410,RHPL,40,56,30,194.00,"5,820.00"
2019-08-25,2019082501006409,RHPL,40,56,30,194.00,"5,820.00"
2019-08-25,2019082501006406,RHPL,34,29,80,196.00,"15,680.00"
2019-08-25,2019082501006377,RHPL,40,38,40,194.00,"7,760.00"
2019-08-25,2019082501006462,RHPL,57,56,30,195.00,"5,850.00"
2019-08-25,2019082501006461,RHPL,57,56,30,195.00,"5,850.00"
2019-08-25,2019082501006457,RHPL,57,57,40,195.00,"7,800.00"
2019-08-25,2019082501006443,RHPL,57,56,30,195.00,"5,850.00"
2019-08-25,2019082501006441,RHPL,57,56,30,195.00,"5,850.00"
2019-08-25,2019082501006440,RHPL,57,57,40,195.00,"7,800.00"
2019-08-25,2019082501006501,RHPL,57,56,30,195.00,"5,850.00"
2019-08-25,2019082501006491,RHPL,57,56,30,195.00,"5,850.00"
2019-08-25,2019082501006486,RHPL,57,56,30,195.00,"5,850.00"
2019-08-25,2019082501006482,RHPL,57,56,30,195.00,"5,850.00"
2019-08-25,2019082501006481,RHPL,57,17,10,195.00,"1,950.00"
2019-08-25,2019082501006466,RHPL,57,17,10,195.00,"1,950.00"
2019-08-25,2019082501006281,RMDC,34,1,120,653.00,"78,360.00"
2019-08-25,2019082501006280,RMDC,36,1,10,654.00,"6,540.00"
2019-08-25,2019082501006229,RSDC,1,5,14,357.00,"4,998.00"
2019-08-25,2019082501006228,RSDC,1,51,139,355.00,"49,345.00"
2019-08-25,2019082501006192,RSDC,1,52,50,354.00,"17,700.00"
2019-08-25,2019082501006191,RSDC,1,48,90,354.00,"31,860.00"
2019-08-25,2019082501006190,RSDC,1,41,30,353.00,"10,590.00"
2019-08-25,2019082501006615,SADBL,38,19,100,143.00,"14,300.00"
2019-08-25,2019082501006614,SADBL,59,19,200,143.00,"28,600.00"
2019-08-25,2019082501006212,SAEF,57,57,100,9.72,972.00
2019-08-25,2019082501006187,SAEF,57,57,"9,700",9.90,"96,030.00"
2019-08-25,2019082501006609,SANIMA,45,42,"1,000",350.00,"350,000.00"
2019-08-25,2019082501006568,SANIMA,36,49,272,352.00,"95,744.00"
2019-08-25,2019082501006522,SBI,36,39,774,453.00,"350,622.00"
2019-08-25,2019082501006521,SBI,36,33,250,451.00,"112,750.00"
2019-08-25,2019082501006520,SBI,36,8,"1,000",450.00,"450,000.00"
2019-08-25,2019082501006519,SBI,36,8,976,449.00,"438,224.00"
2019-08-25,2019082501006210,SBI,58,8,24,449.00,"10,776.00"
2019-08-25,2019082501006209,SBI,58,16,11,449.00,"4,939.00"
2019-08-25,2019082501006439,SBL,54,52,100,315.00,"31,500.00"
2019-08-25,2019082501006378,SBL,54,39,39,315.00,"12,285.00"
2019-08-25,2019082501006619,SCB,42,6,20,634.00,"12,680.00"
2019-08-25,2019082501006618,SCB,42,6,10,634.00,"6,340.00"
2019-08-25,2019082501006617,SCB,42,52,62,634.00,"39,308.00"
2019-08-25,2019082501006170,SDESI,45,48,10,635.00,"6,350.00"
2019-08-25,2019082501006159,SHINE,35,51,"1,004",245.00,"245,980.00"
2019-08-25,2019082501006158,SHINE,13,51,259,246.00,"63,714.00"
2019-08-25,2019082501006157,SHINE,21,51,50,246.00,"12,300.00"
2019-08-25,2019082501006156,SHINE,26,51,50,246.00,"12,300.00"
2019-08-25,2019082501006155,SHINE,58,51,20,247.00,"4,940.00"
2019-08-25,2019082501006374,SHIVM,42,10,500,578.00,"289,000.00"
2019-08-25,2019082501006373,SHIVM,42,25,20,578.00,"11,560.00"
2019-08-25,2019082501006278,SHIVM,34,25,30,578.00,"17,340.00"
2019-08-25,2019082501006277,SHIVM,34,28,60,578.00,"34,680.00"
2019-08-25,2019082501006276,SHIVM,34,38,10,577.00,"5,770.00"
2019-08-25,2019082501006275,SHIVM,34,34,100,577.00,"57,700.00"
2019-08-25,2019082501006195,SHIVM,41,19,70,575.00,"40,250.00"
2019-08-25,2019082501006262,SHIVM,32,49,80,573.00,"45,840.00"
2019-08-25,2019082501006261,SHIVM,14,49,20,573.00,"11,460.00"
2019-08-25,2019082501006225,SHIVM,4,58,100,576.00,"57,600.00"
2019-08-25,2019082501006288,SHL,53,21,180,230.00,"41,400.00"
2019-08-25,2019082501006404,SINDU,34,34,10,132.00,"1,320.00"
2019-08-25,2019082501006312,SINDU,34,34,10,130.00,"1,300.00"
2019-08-25,2019082501006620,SJCL,44,21,10,214.00,"2,140.00"
2019-08-25,2019082501006616,SJCL,51,5,10,212.00,"2,120.00"
2019-08-25,2019082501006606,SJCL,34,56,20,213.00,"4,260.00"
2019-08-25,2019082501006586,SJCL,34,17,10,213.00,"2,130.00"
2019-08-25,2019082501006585,SJCL,34,59,20,213.00,"4,260.00"
2019-08-25,2019082501006153,SJCL,10,43,20,213.00,"4,260.00"
2019-08-25,2019082501006152,SJCL,10,43,20,213.00,"4,260.00"
2019-08-25,2019082501006151,SJCL,10,34,310,213.00,"66,030.00"
2019-08-25,2019082501006140,SJCL,49,56,20,212.00,"4,240.00"
2019-08-25,2019082501006133,SJCL,49,20,20,212.00,"4,240.00"
2019-08-25,2019082501006193,SJCL,49,56,20,212.00,"4,240.00"
2019-08-25,2019082501006186,SJCL,49,42,20,212.00,"4,240.00"
2019-08-25,2019082501006182,SJCL,49,20,20,212.00,"4,240.00"
2019-08-25,2019082501006181,SJCL,49,56,20,212.00,"4,240.00"
2019-08-25,2019082501006174,SJCL,49,22,20,212.00,"4,240.00"
2019-08-25,2019082501006162,SJCL,49,20,20,212.00,"4,240.00"
2019-08-25,2019082501006236,SJCL,51,22,20,213.00,"4,260.00"
2019-08-25,2019082501006235,SJCL,51,47,10,213.00,"2,130.00"
2019-08-25,2019082501006218,SJCL,49,20,20,212.00,"4,240.00"
2019-08-25,2019082501006216,SJCL,49,56,20,212.00,"4,240.00"
2019-08-25,2019082501006215,SJCL,49,38,20,212.00,"4,240.00"
2019-08-25,2019082501006199,SJCL,49,20,20,212.00,"4,240.00"
2019-08-25,2019082501006243,SJCL,49,20,10,212.00,"2,120.00"
2019-08-25,2019082501006242,SJCL,49,56,20,212.00,"4,240.00"
2019-08-25,2019082501006240,SJCL,49,32,10,212.00,"2,120.00"
2019-08-25,2019082501006239,SJCL,51,32,10,213.00,"2,130.00"
2019-08-25,2019082501006238,SJCL,51,43,20,213.00,"4,260.00"
2019-08-25,2019082501006237,SJCL,51,43,20,213.00,"4,260.00"
2019-08-25,2019082501006282,SJCL,51,20,10,213.00,"2,130.00"
2019-08-25,2019082501006279,SJCL,51,32,10,213.00,"2,130.00"
2019-08-25,2019082501006270,SJCL,49,21,10,212.00,"2,120.00"
2019-08-25,2019082501006266,SJCL,49,38,10,212.00,"2,120.00"
2019-08-25,2019082501006263,SJCL,49,20,20,212.00,"4,240.00"
2019-08-25,2019082501006259,SJCL,49,56,10,212.00,"2,120.00"
2019-08-25,2019082501006336,SJCL,49,20,20,212.00,"4,240.00"
2019-08-25,2019082501006325,SJCL,49,44,20,212.00,"4,240.00"
2019-08-25,2019082501006323,SJCL,49,56,20,212.00,"4,240.00"
2019-08-25,2019082501006307,SJCL,49,21,10,212.00,"2,120.00"
2019-08-25,2019082501006306,SJCL,49,20,20,212.00,"4,240.00"
2019-08-25,2019082501006296,SJCL,49,56,20,212.00,"4,240.00"
2019-08-25,2019082501006376,SJCL,51,56,20,212.00,"4,240.00"
2019-08-25,2019082501006375,SJCL,51,20,20,212.00,"4,240.00"
2019-08-25,2019082501006365,SJCL,51,56,20,212.00,"4,240.00"
2019-08-25,2019082501006359,SJCL,51,44,10,212.00,"2,120.00"
2019-08-25,2019082501006358,SJCL,49,44,10,212.00,"2,120.00"
2019-08-25,2019082501006357,SJCL,49,20,20,212.00,"4,240.00"
2019-08-25,2019082501006412,SJCL,51,56,20,212.00,"4,240.00"
2019-08-25,2019082501006411,SJCL,51,56,20,212.00,"4,240.00"
2019-08-25,2019082501006390,SJCL,51,44,20,212.00,"4,240.00"
2019-08-25,2019082501006389,SJCL,51,20,20,212.00,"4,240.00"
2019-08-25,2019082501006388,SJCL,51,38,10,212.00,"2,120.00"
2019-08-25,2019082501006387,SJCL,51,21,10,212.00,"2,120.00"
2019-08-25,2019082501006449,SJCL,51,56,20,212.00,"4,240.00"
2019-08-25,2019082501006432,SJCL,51,56,20,212.00,"4,240.00"
2019-08-25,2019082501006422,SJCL,51,32,10,212.00,"2,120.00"
2019-08-25,2019082501006421,SJCL,51,44,20,212.00,"4,240.00"
2019-08-25,2019082501006420,SJCL,51,56,20,212.00,"4,240.00"
2019-08-25,2019082501006419,SJCL,51,32,10,212.00,"2,120.00"
2019-08-25,2019082501006487,SJCL,51,56,20,212.00,"4,240.00"
2019-08-25,2019082501006468,SJCL,51,56,20,212.00,"4,240.00"
2019-08-25,2019082501006467,SJCL,51,56,20,212.00,"4,240.00"
2019-08-25,2019082501006463,SJCL,51,57,20,212.00,"4,240.00"
2019-08-25,2019082501006454,SJCL,51,56,20,212.00,"4,240.00"
2019-08-25,2019082501006452,SJCL,51,57,20,212.00,"4,240.00"
2019-08-25,2019082501006548,SJCL,51,5,10,212.00,"2,120.00"
2019-08-25,2019082501006533,SJCL,51,43,20,212.00,"4,240.00"
2019-08-25,2019082501006512,SJCL,51,56,20,212.00,"4,240.00"
2019-08-25,2019082501006510,SJCL,51,56,20,212.00,"4,240.00"
2019-08-25,2019082501006488,SJCL,51,56,20,212.00,"4,240.00"
2019-08-25,2019082501006584,SJCL,34,22,20,213.00,"4,260.00"
2019-08-25,2019082501006583,SJCL,34,20,10,213.00,"2,130.00"
2019-08-25,2019082501006581,SJCL,51,21,10,212.00,"2,120.00"
2019-08-25,2019082501006574,SJCL,51,43,20,212.00,"4,240.00"
2019-08-25,2019082501006569,SJCL,51,56,20,212.00,"4,240.00"
2019-08-25,2019082501006565,SJCL,51,17,10,212.00,"2,120.00"
2019-08-25,2019082501006564,SKBBL,45,44,480,977.00,"468,960.00"
2019-08-25,2019082501006563,SKBBL,3,44,20,978.00,"19,560.00"
2019-08-25,2019082501006267,SLBBL,38,58,200,583.00,"116,600.00"
2019-08-25,2019082501006384,SLBBL,42,58,250,582.00,"145,500.00"
2019-08-25,2019082501006485,SLBSL,52,5,10,743.00,"7,430.00"
2019-08-25,2019082501006629,SMATA,53,28,50,"1,300.00","65,000.00"
2019-08-25,2019082501006286,SMB,21,54,50,495.00,"24,750.00"
2019-08-25,2019082501006264,SMB,21,4,10,494.00,"4,940.00"
2019-08-25,2019082501006230,SMB,21,28,10,485.00,"4,850.00"
2019-08-25,2019082501006171,SMB,21,28,80,485.00,"38,800.00"
2019-08-25,2019082501006460,SMFBS,57,10,20,820.00,"16,400.00"
2019-08-25,2019082501006429,SMFBS,34,16,10,815.00,"8,150.00"
2019-08-25,2019082501006418,SMFBS,34,39,10,815.00,"8,150.00"
2019-08-25,2019082501006415,SMFBS,34,39,10,815.00,"8,150.00"
2019-08-25,2019082501006318,SMFBS,34,48,10,815.00,"8,150.00"
2019-08-25,2019082501006622,SPARS,34,52,25,605.00,"15,125.00"
2019-08-25,2019082501006621,SPARS,34,28,75,602.00,"45,150.00"
2019-08-25,2019082501006367,SPARS,17,28,25,602.00,"15,050.00"
2019-08-25,2019082501006610,SRBL,38,43,774,231.00,"178,794.00"
2019-08-25,2019082501006541,SRBL,42,43,200,232.00,"46,400.00"
2019-08-25,2019082501006540,SRBL,51,43,26,232.00,"6,032.00"
2019-08-25,2019082501006246,SRBL,51,44,74,232.00,"17,168.00"
2019-08-25,2019082501006590,SWBBL,34,34,200,921.00,"184,200.00"
2019-08-25,2019082501006589,SWBBL,14,34,200,922.00,"184,400.00"
2019-08-25,2019082501006341,UIC,25,5,10,300.00,"3,000.00"
2019-08-25,2019082501006322,UIC,25,5,90,300.00,"27,000.00"
2019-08-25,2019082501006321,UIC,25,48,10,300.00,"3,000.00"
2019-08-25,2019082501006234,UMHL,22,34,137,106.00,"14,522.00"
2019-08-25,2019082501006233,UMHL,22,22,23,106.00,"2,438.00"
2019-08-25,2019082501006232,UMHL,22,33,10,106.00,"1,060.00"
2019-08-25,2019082501006231,UMHL,22,33,10,106.00,"1,060.00"
2019-08-25,2019082501006489,UPCL,35,16,50,79.00,"3,950.00"
2019-08-25,2019082501006484,UPCL,35,16,40,79.00,"3,160.00"
2019-08-25,2019082501006483,UPCL,35,16,10,80.00,800.00
2019-08-25,2019082501006470,UPCL,35,16,50,80.00,"4,000.00"
2019-08-25,2019082501006459,UPCL,35,16,40,80.00,"3,200.00"
2019-08-25,2019082501006458,UPCL,21,16,10,80.00,800.00
2019-08-25,2019082501006451,UPCL,21,16,40,80.00,"3,200.00"
2019-08-25,2019082501006450,UPCL,39,16,10,80.00,800.00
2019-08-25,2019082501006434,UPCL,39,57,40,80.00,"3,200.00"
2019-08-25,2019082501006433,UPCL,6,57,10,80.00,800.00
2019-08-25,2019082501006592,UPPER,1,57,423,250.00,"105,750.00"
2019-08-25,2019082501006582,UPPER,1,1,100,250.00,"25,000.00"
2019-08-25,2019082501006577,UPPER,1,34,43,250.00,"10,750.00"
2019-08-25,2019082501006545,UPPER,1,49,76,250.00,"19,000.00"
2019-08-25,2019082501006337,UPPER,25,33,100,251.00,"25,100.00"
2019-08-25,2019082501006265,UPPER,25,32,100,251.00,"25,100.00"
2019-08-25,2019082501006386,UPPER,42,6,500,251.00,"125,500.00"
2019-08-25,2019082501006385,UPPER,8,6,43,251.00,"10,793.00"
2019-08-25,2019082501006340,UPPER,8,33,200,251.00,"50,200.00"
2019-08-25,2019082501006339,UPPER,41,33,200,251.00,"50,200.00"
2019-08-25,2019082501006338,UPPER,25,33,500,251.00,"125,500.00"
2019-08-25,2019082501006437,UPPER,1,57,790,250.00,"197,500.00"
2019-08-25,2019082501006436,UPPER,42,57,100,250.00,"25,000.00"
2019-08-25,2019082501006435,UPPER,41,57,110,250.00,"27,500.00"
2019-08-25,2019082501006426,UPPER,22,6,50,251.00,"12,550.00"
2019-08-25,2019082501006414,UPPER,41,32,90,250.00,"22,500.00"
2019-08-25,2019082501006413,UPPER,17,32,10,250.00,"2,500.00"
2019-08-25,2019082501006252,VLBS,16,55,28,587.00,"16,436.00"
2019-08-25,2019082501006251,VLBS,45,55,10,587.00,"5,870.00"
2019-08-25,2019082501006250,VLBS,45,55,10,587.00,"5,870.00"
2019-08-25,2019082501006072,ADBL,37,21,100,427.00,"42,700.00"
2019-08-25,2019082501005952,ADBL,53,34,100,426.00,"42,600.00"
2019-08-25,2019082501005951,ADBL,53,6,54,426.00,"23,004.00"
2019-08-25,2019082501005950,ADBL,53,14,100,426.00,"42,600.00"
2019-08-25,2019082501005949,ADBL,53,43,300,426.00,"127,800.00"
2019-08-25,2019082501006116,ALBSL,25,21,90,450.00,"40,500.00"
2019-08-25,2019082501006115,ALBSL,38,21,50,450.00,"22,500.00"
2019-08-25,2019082501006114,ALBSL,45,21,40,450.00,"18,000.00"
2019-08-25,2019082501006113,ALBSL,13,21,20,451.00,"9,020.00"
2019-08-25,2019082501005922,ALBSL,25,38,10,455.00,"4,550.00"
2019-08-25,2019082501005683,ALBSL,45,3,10,450.00,"4,500.00"
2019-08-25,2019082501005770,API,37,14,300,128.00,"38,400.00"
2019-08-25,2019082501005768,API,26,14,182,128.00,"23,296.00"
2019-08-25,2019082501005767,API,26,6,18,127.00,"2,286.00"
2019-08-25,2019082501005679,BOKL,37,11,100,258.00,"25,800.00"
2019-08-25,2019082501005678,BOKL,37,48,50,258.00,"12,900.00"
2019-08-25,2019082501005677,BOKL,37,42,150,257.00,"38,550.00"
2019-08-25,2019082501005967,BPCL,5,38,94,382.00,"35,908.00"
2019-08-25,2019082501005966,BPCL,5,38,200,382.00,"76,400.00"
2019-08-25,2019082501005965,BPCL,13,38,25,382.00,"9,550.00"
2019-08-25,2019082501005964,BPCL,22,38,20,382.00,"7,640.00"
2019-08-25,2019082501005963,BPCL,41,38,101,382.00,"38,582.00"
2019-08-25,2019082501005942,BPCL,41,21,100,382.00,"38,200.00"
2019-08-25,2019082501005802,CBBL,53,29,52,985.00,"51,220.00"
2019-08-25,2019082501005674,CBBL,6,35,59,982.00,"57,938.00"
2019-08-25,2019082501006073,CBL,38,32,861,146.00,"125,706.00"
2019-08-25,2019082501006066,CBL,59,32,500,146.00,"73,000.00"
2019-08-25,2019082501006029,CBL,6,1,50,145.00,"7,250.00"
2019-08-25,2019082501005919,CBL,6,41,50,145.00,"7,250.00"
2019-08-25,2019082501006052,CCBL,58,13,238,157.00,"37,366.00"
2019-08-25,2019082501006048,CCBL,58,35,50,157.00,"7,850.00"
2019-08-25,2019082501005987,CCBL,38,42,720,157.00,"113,040.00"
2019-08-25,2019082501005924,CCBL,5,42,100,157.00,"15,700.00"
2019-08-25,2019082501005895,CCBL,6,42,20,157.00,"3,140.00"
2019-08-25,2019082501005686,CCBL,37,40,300,158.00,"47,400.00"
2019-08-25,2019082501006034,CHCL,53,53,1,444.00,444.00
2019-08-25,2019082501006131,CIT,36,40,55,"2,390.00","131,450.00"
2019-08-25,2019082501006004,CIT,39,40,45,"2,390.00","107,550.00"
2019-08-25,2019082501006003,CIT,39,44,55,"2,389.00","131,395.00"
2019-08-25,2019082501005993,CIT,26,44,10,"2,389.00","23,890.00"
2019-08-25,2019082501005978,CIT,41,37,140,"2,388.00","334,320.00"
2019-08-25,2019082501005673,CIT,41,37,50,"2,388.00","119,400.00"
2019-08-25,2019082501005698,CLBSL,29,48,10,535.00,"5,350.00"
2019-08-25,2019082501005697,CLBSL,29,37,20,530.00,"10,600.00"
2019-08-25,2019082501005670,CORBL,44,1,60,116.00,"6,960.00"
2019-08-25,2019082501005707,CZBIL,25,33,253,214.00,"54,142.00"
2019-08-25,2019082501005706,CZBIL,25,6,229,214.00,"49,006.00"
2019-08-25,2019082501005692,CZBIL,6,6,50,214.00,"10,700.00"
2019-08-25,2019082501006035,DBBL,36,35,57,133.00,"7,581.00"
2019-08-25,2019082501005877,DDBL,47,34,100,745.00,"74,500.00"
2019-08-25,2019082501005902,DHPL,21,34,50,58.00,"2,900.00"
2019-08-25,2019082501005839,DHPL,22,34,40,57.00,"2,280.00"
2019-08-25,2019082501005838,DHPL,42,34,10,57.00,570.00
2019-08-25,2019082501006058,EBL,25,55,100,652.00,"65,200.00"
2019-08-25,2019082501006057,EBL,25,18,553,652.00,"360,556.00"
2019-08-25,2019082501006056,EBL,25,25,24,652.00,"15,648.00"
2019-08-25,2019082501006053,EBL,20,25,176,652.00,"114,752.00"
2019-08-25,2019082501006038,EBL,20,36,100,651.00,"65,100.00"
2019-08-25,2019082501005970,EBL,1,6,100,649.00,"64,900.00"
2019-08-25,2019082501005969,EBL,1,57,25,648.00,"16,200.00"
2019-08-25,2019082501005968,EBL,1,52,60,647.00,"38,820.00"
2019-08-25,2019082501006097,EIC,37,5,33,315.00,"10,395.00"
2019-08-25,2019082501006096,EIC,37,52,17,315.00,"5,355.00"
2019-08-25,2019082501006071,GBBL,49,22,347,212.00,"73,564.00"
2019-08-25,2019082501006070,GBBL,49,22,347,212.00,"73,564.00"
2019-08-25,2019082501005975,GBBL,22,21,200,212.00,"42,400.00"
2019-08-25,2019082501005974,GBBL,22,21,300,212.00,"63,600.00"
2019-08-25,2019082501005973,GBBL,44,21,121,212.00,"25,652.00"
2019-08-25,2019082501005972,GBBL,58,21,499,212.00,"105,788.00"
2019-08-25,2019082501005761,GBBL,49,17,726,213.00,"154,638.00"
2019-08-25,2019082501005774,GBLBS,51,49,20,360.00,"7,200.00"
2019-08-25,2019082501005773,GBLBS,51,52,450,360.00,"162,000.00"
2019-08-25,2019082501005772,GBLBS,51,44,500,359.00,"179,500.00"
2019-08-25,2019082501005771,GBLBS,51,41,30,358.00,"10,740.00"
2019-08-25,2019082501005957,GDBL,6,51,115,204.00,"23,460.00"
2019-08-25,2019082501005956,GDBL,1,51,200,204.00,"40,800.00"
2019-08-25,2019082501005955,GDBL,14,51,300,205.00,"61,500.00"
2019-08-25,2019082501005954,GDBL,45,51,236,205.00,"48,380.00"
2019-08-25,2019082501005799,GDBL,56,6,194,206.00,"39,964.00"
2019-08-25,2019082501006130,GFCL,39,17,60,139.00,"8,340.00"
2019-08-25,2019082501005830,GFCL,28,59,"1,000",137.00,"137,000.00"
2019-08-25,2019082501005829,GFCL,59,59,50,137.00,"6,850.00"
2019-08-25,2019082501005828,GFCL,22,59,400,138.00,"55,200.00"
2019-08-25,2019082501005897,GLBSL,38,51,40,485.00,"19,400.00"
2019-08-25,2019082501005896,GLBSL,38,4,195,484.00,"94,380.00"
2019-08-25,2019082501005870,GLBSL,38,4,450,483.00,"217,350.00"
2019-08-25,2019082501005715,GLBSL,51,4,10,483.00,"4,830.00"
2019-08-25,2019082501005874,GMFBS,38,48,20,520.00,"10,400.00"
2019-08-25,2019082501005764,GMFBS,43,4,10,522.00,"5,220.00"
2019-08-25,2019082501005763,GMFBS,43,42,10,520.00,"5,200.00"
2019-08-25,2019082501005762,GMFBS,43,42,10,520.00,"5,200.00"
2019-08-25,2019082501005798,GRDBL,1,32,100,108.00,"10,800.00"
2019-08-25,2019082501006037,GUFL,3,53,477,120.00,"57,240.00"
2019-08-25,2019082501006036,GUFL,3,52,931,120.00,"111,720.00"
2019-08-25,2019082501006046,HIDCL,32,45,31,147.00,"4,557.00"
2019-08-25,2019082501005797,HIDCL,37,41,275,149.00,"40,975.00"
2019-08-25,2019082501005796,HIDCL,37,26,25,147.00,"3,675.00"
2019-08-25,2019082501006078,ILBS,22,19,20,456.00,"9,120.00"
2019-08-25,2019082501005782,ILBS,41,57,10,455.00,"4,550.00"
2019-08-25,2019082501005734,ILBS,19,38,10,459.00,"4,590.00"
2019-08-25,2019082501005720,ILBS,41,39,10,455.00,"4,550.00"
2019-08-25,2019082501005690,ILBS,41,39,10,455.00,"4,550.00"
2019-08-25,2019082501005995,JBBL,17,43,400,161.00,"64,400.00"
2019-08-25,2019082501005649,JBBL,38,21,220,160.00,"35,200.00"
2019-08-25,2019082501006050,KBL,22,52,300,203.00,"60,900.00"
2019-08-25,2019082501006001,KBL,35,52,100,203.00,"20,300.00"
2019-08-25,2019082501005931,KBL,28,41,30,202.00,"6,060.00"
2019-08-25,2019082501005920,KSBBL,8,14,505,142.00,"71,710.00"
2019-08-25,2019082501005811,KSBBL,6,14,106,142.00,"15,052.00"
2019-08-25,2019082501005700,KSBBL,46,14,300,142.00,"42,600.00"
2019-08-25,2019082501005991,LBBL,41,54,100,177.00,"17,700.00"
2019-08-25,2019082501005813,LBBL,1,54,30,177.00,"5,310.00"
2019-08-25,2019082501006014,LBL,58,1,50,214.00,"10,700.00"
2019-08-25,2019082501006062,LGIL,37,38,100,389.00,"38,900.00"
2019-08-25,2019082501005944,LICN,25,35,10,"1,097.00","10,970.00"
2019-08-25,2019082501006117,LVF1,52,35,"1,900",9.10,"17,290.00"
2019-08-25,2019082501006110,MBL,34,58,10,255.00,"2,550.00"
2019-08-25,2019082501005894,MBL,57,21,500,253.00,"126,500.00"
2019-08-25,2019082501005857,MBL,57,28,"2,000",254.00,"508,000.00"
2019-08-25,2019082501005856,MBL,57,14,444,254.00,"112,776.00"
2019-08-25,2019082501005694,MBL,37,14,300,254.00,"76,200.00"
2019-08-25,2019082501006043,MDB,29,38,200,232.00,"46,400.00"
2019-08-25,2019082501005708,MEGA,37,32,300,198.00,"59,400.00"
2019-08-25,2019082501005703,MEGA,7,32,500,198.00,"99,000.00"
2019-08-25,2019082501005788,MEGA,58,32,343,197.00,"67,571.00"
2019-08-25,2019082501005808,MEGA,26,39,"1,000",198.00,"198,000.00"
2019-08-25,2019082501005791,MEGA,21,32,57,197.00,"11,229.00"
2019-08-25,2019082501005790,MEGA,51,32,500,197.00,"98,500.00"
2019-08-25,2019082501005789,MEGA,45,32,200,197.00,"39,400.00"
2019-08-25,2019082501006051,MEGA,56,35,50,198.00,"9,900.00"
2019-08-25,2019082501006128,MERO,45,48,35,527.00,"18,445.00"
2019-08-25,2019082501005648,MERO,34,51,30,528.00,"15,840.00"
2019-08-25,2019082501006085,MLBL,39,17,500,210.00,"105,000.00"
2019-08-25,2019082501005943,MLBL,34,17,500,210.00,"105,000.00"
2019-08-25,2019082501005888,MLBL,10,17,500,210.00,"105,000.00"
2019-08-25,2019082501005860,MLBL,44,52,500,209.00,"104,500.00"
2019-08-25,2019082501005859,MLBL,44,17,219,209.00,"45,771.00"
2019-08-25,2019082501005815,MLBL,50,17,443,209.00,"92,587.00"
2019-08-25,2019082501005814,MLBL,50,17,"1,057",209.00,"220,913.00"
2019-08-25,2019082501005675,MLBL,56,17,300,209.00,"62,700.00"
2019-08-25,2019082501005984,MNBBL,32,32,100,324.00,"32,400.00"
2019-08-25,2019082501005909,MNBBL,45,32,300,324.00,"97,200.00"
2019-08-25,2019082501005665,MNBBL,37,32,300,324.00,"97,200.00"
2019-08-25,2019082501005660,MNBBL,25,22,356,323.00,"114,988.00"
2019-08-25,2019082501005659,MNBBL,25,44,410,323.00,"132,430.00"
2019-08-25,2019082501005758,MSMBS,44,43,10,496.00,"4,960.00"
2019-08-25,2019082501005948,NABIL,53,21,80,775.00,"62,000.00"
2019-08-25,2019082501005947,NABIL,26,21,20,775.00,"15,500.00"
2019-08-25,2019082501005781,NABIL,36,43,20,776.00,"15,520.00"
2019-08-25,2019082501005760,NABIL,1,43,156,776.00,"121,056.00"
2019-08-25,2019082501005759,NABIL,1,28,444,776.00,"344,544.00"
2019-08-25,2019082501005672,NABIL,36,28,146,776.00,"113,296.00"
2019-08-25,2019082501005671,NABIL,36,19,54,776.00,"41,904.00"
2019-08-25,2019082501006087,NADEP,21,3,10,467.00,"4,670.00"
2019-08-25,2019082501006086,NADEP,21,3,10,467.00,"4,670.00"
2019-08-25,2019082501006019,NBB,38,7,"1,388",214.00,"297,032.00"
2019-08-25,2019082501005962,NBB,7,7,10,214.00,"2,140.00"
2019-08-25,2019082501005925,NBB,58,7,600,214.00,"128,400.00"
2019-08-25,2019082501005746,NBB,14,7,15,214.00,"3,210.00"
2019-08-25,2019082501005745,NBB,14,34,185,214.00,"39,590.00"
2019-08-25,2019082501005719,NBB,37,34,15,214.00,"3,210.00"
2019-08-25,2019082501005718,NBB,37,14,285,214.00,"60,990.00"
2019-08-25,2019082501006065,NBL,45,57,100,323.00,"32,300.00"
2019-08-25,2019082501005998,NBL,44,34,500,322.00,"161,000.00"
2019-08-25,2019082501005910,NBL,44,33,"1,100",322.00,"354,200.00"
2019-08-25,2019082501005906,NBL,25,33,100,322.00,"32,200.00"
2019-08-25,2019082501005862,NBL,25,33,200,322.00,"64,400.00"
2019-08-25,2019082501005851,NBL,22,33,100,322.00,"32,200.00"
2019-08-25,2019082501005752,NBL,57,21,100,321.00,"32,100.00"
2019-08-25,2019082501005751,NBL,46,21,50,321.00,"16,050.00"
2019-08-25,2019082501005750,NBL,57,21,50,321.00,"16,050.00"
2019-08-25,2019082501005749,NBL,53,21,300,321.00,"96,300.00"
2019-08-25,2019082501005748,NBL,22,21,400,322.00,"128,800.00"
2019-08-25,2019082501005747,NBL,8,21,250,322.00,"80,500.00"
2019-08-25,2019082501005850,NBL,41,33,500,322.00,"161,000.00"
2019-08-25,2019082501005780,NBL,7,57,10,323.00,"3,230.00"
2019-08-25,2019082501005756,NBL,8,21,500,321.00,"160,500.00"
2019-08-25,2019082501005755,NBL,57,21,250,321.00,"80,250.00"
2019-08-25,2019082501005754,NBL,22,21,50,321.00,"16,050.00"
2019-08-25,2019082501005753,NBL,57,21,50,321.00,"16,050.00"
2019-08-25,2019082501006112,NCCB,44,42,200,204.00,"40,800.00"
2019-08-25,2019082501005653,NCCB,36,47,"1,000",205.00,"205,000.00"
2019-08-25,2019082501005652,NCCB,36,34,30,205.00,"6,150.00"
2019-08-25,2019082501005651,NCCB,36,7,500,205.00,"102,500.00"
2019-08-25,2019082501005650,NCCB,36,41,250,205.00,"51,250.00"
2019-08-25,2019082501006106,NGPL,35,8,40,118.00,"4,720.00"
2019-08-25,2019082501005945,NGPL,35,40,10,117.00,"1,170.00"
2019-08-25,2019082501006084,NIB,36,59,166,466.00,"77,356.00"
2019-08-25,2019082501006083,NIB,36,52,34,466.00,"15,844.00"
2019-08-25,2019082501006023,NIB,17,1,44,465.00,"20,460.00"
2019-08-25,2019082501005935,NIB,7,6,39,465.00,"18,135.00"
2019-08-25,2019082501005934,NIB,7,1,44,465.00,"20,460.00"
2019-08-25,2019082501005933,NIB,7,1,16,465.00,"7,440.00"
2019-08-25,2019082501005654,NIB,37,45,100,465.00,"46,500.00"
2019-08-25,2019082501005932,NIB,35,1,28,465.00,"13,020.00"
2019-08-25,2019082501005884,NIB,7,48,30,465.00,"13,950.00"
2019-08-25,2019082501005658,NIB,37,1,44,465.00,"20,460.00"
2019-08-25,2019082501005657,NIB,37,1,44,465.00,"20,460.00"
2019-08-25,2019082501005656,NIB,37,55,44,465.00,"20,460.00"
2019-08-25,2019082501005655,NIB,37,55,65,465.00,"30,225.00"
2019-08-25,2019082501006018,NIBPO,20,16,300,435.00,"130,500.00"
2019-08-25,2019082501006017,NIBPO,20,11,400,434.00,"173,600.00"
2019-08-25,2019082501005733,NIBPO,13,17,300,428.00,"128,400.00"
2019-08-25,2019082501006103,NICA,58,58,60,450.00,"27,000.00"
2019-08-25,2019082501006049,NICA,41,58,200,450.00,"90,000.00"
2019-08-25,2019082501006009,NICA,21,58,70,450.00,"31,500.00"
2019-08-25,2019082501005985,NICA,6,58,23,450.00,"10,350.00"
2019-08-25,2019082501005881,NICA,42,58,100,450.00,"45,000.00"
2019-08-25,2019082501005869,NICA,46,48,20,449.00,"8,980.00"
2019-08-25,2019082501005695,NICA,53,4,500,450.00,"225,000.00"
2019-08-25,2019082501005724,NICA,14,4,200,452.00,"90,400.00"
2019-08-25,2019082501005714,NICA,44,4,"2,000",451.00,"902,000.00"
2019-08-25,2019082501005713,NICA,44,4,300,451.00,"135,300.00"
2019-08-25,2019082501005712,NICA,44,6,23,450.00,"10,350.00"
2019-08-25,2019082501005711,NICA,44,45,500,450.00,"225,000.00"
2019-08-25,2019082501005710,NICA,44,4,"2,425",450.00,"1,091,250.00"
2019-08-25,2019082501005849,NICA,59,58,300,450.00,"135,000.00"
2019-08-25,2019082501005848,NICA,49,58,100,450.00,"45,000.00"
2019-08-25,2019082501005847,NICA,36,58,50,450.00,"22,500.00"
2019-08-25,2019082501005792,NICA,44,4,632,451.00,"285,032.00"
2019-08-25,2019082501005779,NICA,59,4,10,452.00,"4,520.00"
2019-08-25,2019082501005732,NICA,44,38,120,451.00,"54,120.00"
2019-08-25,2019082501006060,NICL,26,59,200,294.00,"58,800.00"
2019-08-25,2019082501005988,NICL,52,35,200,293.00,"58,600.00"
2019-08-25,2019082501005971,NICL,10,35,200,293.00,"58,600.00"
2019-08-25,2019082501005729,NIL,17,34,600,398.00,"238,800.00"
2019-08-25,2019082501006013,NLBBL,33,25,60,556.00,"33,360.00"
2019-08-25,2019082501006012,NLBBL,10,25,20,556.00,"11,120.00"
2019-08-25,2019082501006011,NLBBL,22,25,20,556.00,"11,120.00"
2019-08-25,2019082501006124,NLG,45,45,20,655.00,"13,100.00"
2019-08-25,2019082501006008,NLIC,25,6,17,858.00,"14,586.00"
2019-08-25,2019082501005819,NLIC,53,48,15,855.00,"12,825.00"
2019-08-25,2019082501006044,NLICL,21,19,227,557.00,"126,439.00"
2019-08-25,2019082501005983,NMFBS,17,21,23,"1,475.00","33,925.00"
2019-08-25,2019082501005982,NMFBS,5,21,20,"1,476.00","29,520.00"
2019-08-25,2019082501005981,NMFBS,35,21,35,"1,476.00","51,660.00"
2019-08-25,2019082501005980,NMFBS,42,21,22,"1,476.00","32,472.00"
2019-08-25,2019082501005831,NMFBS,48,6,15,"1,480.00","22,200.00"
2019-08-25,2019082501005846,NTC,59,44,10,675.00,"6,750.00"
2019-08-25,2019082501005765,NTC,34,17,200,668.00,"133,600.00"
2019-08-25,2019082501006122,NUBL,1,35,100,868.00,"86,800.00"
2019-08-25,2019082501006104,NUBL,1,51,153,868.00,"132,804.00"
2019-08-25,2019082501005739,NUBL,22,28,10,870.00,"8,700.00"
2019-08-25,2019082501005908,PCBL,38,34,150,275.00,"41,250.00"
2019-08-25,2019082501005727,PCBL,37,34,300,275.00,"82,500.00"
2019-08-25,2019082501006007,PIC,11,41,200,443.00,"88,600.00"
2019-08-25,2019082501006027,PICL,11,41,30,454.00,"13,620.00"
2019-08-25,2019082501005875,PRVU,28,35,10,267.00,"2,670.00"
2019-08-25,2019082501005858,PRVU,36,35,14,267.00,"3,738.00"
2019-08-25,2019082501005688,PRVU,5,42,200,265.00,"53,000.00"
2019-08-25,2019082501005687,PRVU,5,46,213,265.00,"56,445.00"
2019-08-25,2019082501005663,PRVU,36,46,100,265.00,"26,500.00"
2019-08-25,2019082501005736,PRVU,44,39,23,264.00,"6,072.00"
2019-08-25,2019082501005728,PRVU,1,34,100,265.00,"26,500.00"
2019-08-25,2019082501005723,PRVU,45,34,500,265.00,"132,500.00"
2019-08-25,2019082501005699,PRVU,45,41,400,265.00,"106,000.00"
2019-08-25,2019082501005693,PRVU,1,34,200,265.00,"53,000.00"
2019-08-25,2019082501005689,PRVU,5,34,87,265.00,"23,055.00"
2019-08-25,2019082501005806,PRVU,14,35,200,266.00,"53,200.00"
2019-08-25,2019082501005776,PRVU,58,6,48,265.00,"12,720.00"
2019-08-25,2019082501005775,PRVU,42,6,87,265.00,"23,055.00"
2019-08-25,2019082501005743,PRVU,42,34,113,265.00,"29,945.00"
2019-08-25,2019082501005737,PRVU,36,39,77,264.00,"20,328.00"
2019-08-25,2019082501006042,RHPC,21,34,50,87.00,"4,350.00"
2019-08-25,2019082501005794,RHPC,41,34,100,87.00,"8,700.00"
2019-08-25,2019082501005793,RHPC,41,34,32,88.00,"2,816.00"
2019-08-25,2019082501006127,RHPL,8,56,30,194.00,"5,820.00"
2019-08-25,2019082501006121,RHPL,40,22,40,195.00,"7,800.00"
2019-08-25,2019082501006120,RHPL,40,34,780,195.00,"152,100.00"
2019-08-25,2019082501006095,RHPL,8,38,40,194.00,"7,760.00"
2019-08-25,2019082501006092,RHPL,8,42,50,194.00,"9,700.00"
2019-08-25,2019082501006082,RHPL,8,56,30,194.00,"5,820.00"
2019-08-25,2019082501005639,RHPL,42,56,30,195.00,"5,850.00"
2019-08-25,2019082501005637,RHPL,42,20,40,195.00,"7,800.00"
2019-08-25,2019082501005636,RHPL,42,44,40,195.00,"7,800.00"
2019-08-25,2019082501005635,RHPL,42,45,20,195.00,"3,900.00"
2019-08-25,2019082501005669,RHPL,42,56,30,195.00,"5,850.00"
2019-08-25,2019082501005668,RHPL,42,20,50,195.00,"9,750.00"
2019-08-25,2019082501005667,RHPL,42,39,10,195.00,"1,950.00"
2019-08-25,2019082501005662,RHPL,42,20,40,195.00,"7,800.00"
2019-08-25,2019082501005644,RHPL,42,3,50,195.00,"9,750.00"
2019-08-25,2019082501005640,RHPL,42,39,10,195.00,"1,950.00"
2019-08-25,2019082501005726,RHPL,42,39,10,195.00,"1,950.00"
2019-08-25,2019082501005709,RHPL,42,20,50,195.00,"9,750.00"
2019-08-25,2019082501005705,RHPL,42,3,50,195.00,"9,750.00"
2019-08-25,2019082501005696,RHPL,42,39,10,195.00,"1,950.00"
2019-08-25,2019082501005691,RHPL,42,20,40,195.00,"7,800.00"
2019-08-25,2019082501005685,RHPL,42,39,10,195.00,"1,950.00"
2019-08-25,2019082501005777,RHPL,42,20,40,195.00,"7,800.00"
2019-08-25,2019082501005769,RHPL,42,21,40,195.00,"7,800.00"
2019-08-25,2019082501005766,RHPL,42,54,30,195.00,"5,850.00"
2019-08-25,2019082501005744,RHPL,42,20,40,195.00,"7,800.00"
2019-08-25,2019082501005738,RHPL,42,39,30,195.00,"5,850.00"
2019-08-25,2019082501005731,RHPL,42,54,30,195.00,"5,850.00"
2019-08-25,2019082501005817,RHPL,59,25,10,194.00,"1,940.00"
2019-08-25,2019082501005816,RHPL,32,25,30,194.00,"5,820.00"
2019-08-25,2019082501005805,RHPL,32,20,40,194.00,"7,760.00"
2019-08-25,2019082501005801,RHPL,42,54,30,195.00,"5,850.00"
2019-08-25,2019082501005795,RHPL,42,20,40,195.00,"7,800.00"
2019-08-25,2019082501005783,RHPL,42,6,10,195.00,"1,950.00"
2019-08-25,2019082501005837,RHPL,35,54,30,195.00,"5,850.00"
2019-08-25,2019082501005836,RHPL,35,6,10,195.00,"1,950.00"
2019-08-25,2019082501005835,RHPL,35,3,40,195.00,"7,800.00"
2019-08-25,2019082501005834,RHPL,59,42,40,194.00,"7,760.00"
2019-08-25,2019082501005833,RHPL,59,3,40,194.00,"7,760.00"
2019-08-25,2019082501005818,RHPL,59,20,40,194.00,"7,760.00"
2019-08-25,2019082501005898,RHPL,7,6,10,195.00,"1,950.00"
2019-08-25,2019082501005890,RHPL,59,49,20,194.00,"3,880.00"
2019-08-25,2019082501005882,RHPL,59,20,40,194.00,"7,760.00"
2019-08-25,2019082501005876,RHPL,59,56,30,194.00,"5,820.00"
2019-08-25,2019082501005854,RHPL,59,20,20,194.00,"3,880.00"
2019-08-25,2019082501005853,RHPL,35,20,20,195.00,"3,900.00"
2019-08-25,2019082501005911,RHPL,59,56,30,194.00,"5,820.00"
2019-08-25,2019082501005907,RHPL,59,42,10,194.00,"1,940.00"
2019-08-25,2019082501005903,RHPL,59,20,40,194.00,"7,760.00"
2019-08-25,2019082501005901,RHPL,7,6,10,195.00,"1,950.00"
2019-08-25,2019082501005900,RHPL,7,59,300,195.00,"58,500.00"
2019-08-25,2019082501005899,RHPL,7,54,30,195.00,"5,850.00"
2019-08-25,2019082501005953,RHPL,8,56,30,195.00,"5,850.00"
2019-08-25,2019082501005941,RHPL,8,20,40,195.00,"7,800.00"
2019-08-25,2019082501005938,RHPL,8,54,40,195.00,"7,800.00"
2019-08-25,2019082501005918,RHPL,59,20,50,194.00,"9,700.00"
2019-08-25,2019082501005917,RHPL,1,6,10,195.00,"1,950.00"
2019-08-25,2019082501005914,RHPL,59,21,40,194.00,"7,760.00"
2019-08-25,2019082501006005,RHPL,8,34,20,195.00,"3,900.00"
2019-08-25,2019082501005997,RHPL,8,54,20,195.00,"3,900.00"
2019-08-25,2019082501005994,RHPL,8,21,40,195.00,"7,800.00"
2019-08-25,2019082501005992,RHPL,8,56,30,195.00,"5,850.00"
2019-08-25,2019082501005989,RHPL,8,42,240,195.00,"46,800.00"
2019-08-25,2019082501005976,RHPL,8,21,40,195.00,"7,800.00"
2019-08-25,2019082501006032,RHPL,6,32,20,194.00,"3,880.00"
2019-08-25,2019082501006031,RHPL,6,54,50,194.00,"9,700.00"
2019-08-25,2019082501006025,RHPL,59,32,20,194.00,"3,880.00"
2019-08-25,2019082501006024,RHPL,59,38,40,194.00,"7,760.00"
2019-08-25,2019082501006016,RHPL,59,56,30,194.00,"5,820.00"
2019-08-25,2019082501006006,RHPL,26,34,100,195.00,"19,500.00"
2019-08-25,2019082501006067,RHPL,6,32,10,194.00,"1,940.00"
2019-08-25,2019082501006055,RHPL,6,56,30,194.00,"5,820.00"
2019-08-25,2019082501006054,RHPL,6,42,20,194.00,"3,880.00"
2019-08-25,2019082501006047,RHPL,6,32,20,194.00,"3,880.00"
2019-08-25,2019082501006040,RHPL,6,32,20,194.00,"3,880.00"
2019-08-25,2019082501006033,RHPL,6,56,30,194.00,"5,820.00"
2019-08-25,2019082501006081,RHPL,8,20,50,194.00,"9,700.00"
2019-08-25,2019082501006079,RHPL,56,34,100,195.00,"19,500.00"
2019-08-25,2019082501006077,RHPL,8,42,20,194.00,"3,880.00"
2019-08-25,2019082501006076,RHPL,6,42,20,194.00,"3,880.00"
2019-08-25,2019082501006075,RHPL,6,20,40,194.00,"7,760.00"
2019-08-25,2019082501006068,RHPL,6,38,40,194.00,"7,760.00"
2019-08-25,2019082501005930,RMDC,36,21,90,654.00,"58,860.00"
2019-08-25,2019082501005893,RMDC,53,5,380,655.00,"248,900.00"
2019-08-25,2019082501005883,RMDC,53,5,100,655.00,"65,500.00"
2019-08-25,2019082501005634,RSDC,49,51,120,349.00,"41,880.00"
2019-08-25,2019082501005633,RSDC,57,51,30,349.00,"10,470.00"
2019-08-25,2019082501005632,RSDC,48,51,50,350.00,"17,500.00"
2019-08-25,2019082501006094,SADBL,55,19,70,144.00,"10,080.00"
2019-08-25,2019082501006093,SADBL,48,19,222,144.00,"31,968.00"
2019-08-25,2019082501005740,SANIMA,45,48,10,357.00,"3,570.00"
2019-08-25,2019082501006107,SBI,45,34,300,448.00,"134,400.00"
2019-08-25,2019082501006074,SBI,49,34,200,448.00,"89,600.00"
2019-08-25,2019082501005921,SBI,45,16,380,447.00,"169,860.00"
2019-08-25,2019082501005810,SBI,45,52,300,448.00,"134,400.00"
2019-08-25,2019082501005809,SBI,45,13,"1,000",448.00,"448,000.00"
2019-08-25,2019082501005778,SBL,45,39,100,315.00,"31,500.00"
2019-08-25,2019082501005702,SBL,45,17,900,315.00,"283,500.00"
2019-08-25,2019082501005701,SBL,35,17,100,315.00,"31,500.00"
2019-08-25,2019082501006089,SCB,58,52,438,634.00,"277,692.00"
2019-08-25,2019082501006088,SCB,58,33,562,633.00,"355,746.00"
2019-08-25,2019082501005721,SCB,25,33,100,633.00,"63,300.00"
2019-08-25,2019082501005642,SCB,25,35,110,633.00,"69,630.00"
2019-08-25,2019082501005641,SCB,59,35,100,633.00,"63,300.00"
2019-08-25,2019082501006118,SDESI,45,51,90,634.00,"57,060.00"
2019-08-25,2019082501006109,SDESI,26,42,65,628.00,"40,820.00"
2019-08-25,2019082501006108,SDESI,25,42,15,628.00,"9,420.00"
2019-08-25,2019082501006091,SDESI,19,51,10,634.00,"6,340.00"
2019-08-25,2019082501005804,SFFIL,41,7,100,272.00,"27,200.00"
2019-08-25,2019082501006123,SHIVM,59,19,30,575.00,"17,250.00"
2019-08-25,2019082501005868,SHIVM,35,19,50,575.00,"28,750.00"
2019-08-25,2019082501005807,SHIVM,49,57,50,575.00,"28,750.00"
2019-08-25,2019082501005785,SHIVM,49,14,50,575.00,"28,750.00"
2019-08-25,2019082501005725,SHIVM,49,14,100,575.00,"57,500.00"
2019-08-25,2019082501006105,SHPC,34,58,10,224.00,"2,240.00"
2019-08-25,2019082501005990,SIL,25,35,10,410.00,"4,100.00"
2019-08-25,2019082501006129,SJCL,49,42,20,212.00,"4,240.00"
2019-08-25,2019082501006126,SJCL,49,22,10,212.00,"2,120.00"
2019-08-25,2019082501006125,SJCL,57,22,10,212.00,"2,120.00"
2019-08-25,2019082501006119,SJCL,57,20,20,212.00,"4,240.00"
2019-08-25,2019082501006111,SJCL,57,6,10,212.00,"2,120.00"
2019-08-25,2019082501006102,SJCL,57,42,20,212.00,"4,240.00"
2019-08-25,2019082501005643,SJCL,16,56,10,211.00,"2,110.00"
2019-08-25,2019082501005638,SJCL,16,44,20,211.00,"4,220.00"
2019-08-25,2019082501005666,SJCL,16,16,20,211.00,"4,220.00"
2019-08-25,2019082501005664,SJCL,16,39,10,211.00,"2,110.00"
2019-08-25,2019082501005661,SJCL,16,44,20,211.00,"4,220.00"
2019-08-25,2019082501005647,SJCL,14,35,140,212.00,"29,680.00"
2019-08-25,2019082501005646,SJCL,16,16,20,211.00,"4,220.00"
2019-08-25,2019082501005645,SJCL,16,39,10,211.00,"2,110.00"
2019-08-25,2019082501005704,SJCL,16,44,20,211.00,"4,220.00"
2019-08-25,2019082501005684,SJCL,16,44,20,211.00,"4,220.00"
2019-08-25,2019082501005680,SJCL,16,56,20,211.00,"4,220.00"
2019-08-25,2019082501005676,SJCL,16,39,10,211.00,"2,110.00"
2019-08-25,2019082501005784,SJCL,16,21,20,211.00,"4,220.00"
2019-08-25,2019082501005757,SJCL,16,39,20,211.00,"4,220.00"
2019-08-25,2019082501005730,SJCL,16,32,20,211.00,"4,220.00"
2019-08-25,2019082501005722,SJCL,16,44,20,211.00,"4,220.00"
2019-08-25,2019082501005716,SJCL,16,39,10,211.00,"2,110.00"
2019-08-25,2019082501005812,SJCL,16,3,20,211.00,"4,220.00"
2019-08-25,2019082501005803,SJCL,16,44,20,211.00,"4,220.00"
2019-08-25,2019082501005825,SJCL,57,39,20,212.00,"4,240.00"
2019-08-25,2019082501005824,SJCL,57,54,20,212.00,"4,240.00"
2019-08-25,2019082501005823,SJCL,57,54,20,212.00,"4,240.00"
2019-08-25,2019082501005822,SJCL,57,3,20,212.00,"4,240.00"
2019-08-25,2019082501005821,SJCL,57,26,20,212.00,"4,240.00"
2019-08-25,2019082501005820,SJCL,16,44,20,211.00,"4,220.00"
2019-08-25,2019082501005863,SJCL,57,13,20,213.00,"4,260.00"
2019-08-25,2019082501005855,SJCL,57,42,20,212.00,"4,240.00"
2019-08-25,2019082501005852,SJCL,57,3,20,212.00,"4,240.00"
2019-08-25,2019082501005841,SJCL,57,54,20,212.00,"4,240.00"
2019-08-25,2019082501005832,SJCL,57,25,20,212.00,"4,240.00"
2019-08-25,2019082501005826,SJCL,57,54,20,212.00,"4,240.00"
2019-08-25,2019082501005887,SJCL,1,34,60,213.00,"12,780.00"
2019-08-25,2019082501005880,SJCL,57,54,20,212.00,"4,240.00"
2019-08-25,2019082501005867,SJCL,57,34,430,213.00,"91,590.00"
2019-08-25,2019082501005866,SJCL,57,3,20,213.00,"4,260.00"
2019-08-25,2019082501005865,SJCL,57,41,20,213.00,"4,260.00"
2019-08-25,2019082501005864,SJCL,57,37,10,213.00,"2,130.00"
2019-08-25,2019082501005923,SJCL,57,54,20,212.00,"4,240.00"
2019-08-25,2019082501005916,SJCL,57,42,10,212.00,"2,120.00"
2019-08-25,2019082501005915,SJCL,57,49,20,212.00,"4,240.00"
2019-08-25,2019082501005913,SJCL,57,40,20,212.00,"4,240.00"
2019-08-25,2019082501005905,SJCL,57,44,20,212.00,"4,240.00"
2019-08-25,2019082501005889,SJCL,57,56,20,212.00,"4,240.00"
2019-08-25,2019082501005977,SJCL,57,56,20,212.00,"4,240.00"
2019-08-25,2019082501005946,SJCL,57,44,20,212.00,"4,240.00"
2019-08-25,2019082501005936,SJCL,57,40,240,212.00,"50,880.00"
2019-08-25,2019082501005929,SJCL,57,21,20,212.00,"4,240.00"
2019-08-25,2019082501005928,SJCL,57,44,20,212.00,"4,240.00"
2019-08-25,2019082501005926,SJCL,57,56,20,212.00,"4,240.00"
2019-08-25,2019082501006002,SJCL,40,54,20,213.00,"4,260.00"
2019-08-25,2019082501006000,SJCL,40,21,20,213.00,"4,260.00"
2019-08-25,2019082501005999,SJCL,40,56,20,213.00,"4,260.00"
2019-08-25,2019082501005996,SJCL,40,42,210,213.00,"44,730.00"
2019-08-25,2019082501005986,SJCL,40,21,20,213.00,"4,260.00"
2019-08-25,2019082501005979,SJCL,57,44,10,212.00,"2,120.00"
2019-08-25,2019082501006030,SJCL,57,38,10,212.00,"2,120.00"
2019-08-25,2019082501006026,SJCL,57,44,20,212.00,"4,240.00"
2019-08-25,2019082501006022,SJCL,57,56,20,212.00,"4,240.00"
2019-08-25,2019082501006020,SJCL,57,54,20,212.00,"4,240.00"
2019-08-25,2019082501006015,SJCL,40,34,190,213.00,"40,470.00"
2019-08-25,2019082501006010,SJCL,40,44,20,213.00,"4,260.00"
2019-08-25,2019082501006061,SJCL,57,42,20,212.00,"4,240.00"
2019-08-25,2019082501006059,SJCL,57,44,20,212.00,"4,240.00"
2019-08-25,2019082501006045,SJCL,57,56,20,212.00,"4,240.00"
2019-08-25,2019082501006041,SJCL,11,34,500,213.00,"106,500.00"
2019-08-25,2019082501006039,SJCL,57,44,20,212.00,"4,240.00"
2019-08-25,2019082501006101,SJCL,57,38,20,212.00,"4,240.00"
2019-08-25,2019082501006099,SJCL,57,20,10,212.00,"2,120.00"
2019-08-25,2019082501006098,SJCL,57,56,20,212.00,"4,240.00"
2019-08-25,2019082501006080,SJCL,57,38,20,212.00,"4,240.00"
2019-08-25,2019082501006064,SJCL,57,42,20,212.00,"4,240.00"
2019-08-25,2019082501006063,SJCL,57,56,20,212.00,"4,240.00"
2019-08-25,2019082501006028,SKBBL,45,51,683,980.00,"669,340.00"
2019-08-25,2019082501005886,SKBBL,45,44,500,980.00,"490,000.00"
2019-08-25,2019082501005885,SKBBL,45,21,10,980.00,"9,800.00"
2019-08-25,2019082501006021,SLBBL,44,58,40,584.00,"23,360.00"
2019-08-25,2019082501005682,SLBBL,11,59,50,580.00,"29,000.00"
2019-08-25,2019082501005681,SLBBL,11,29,104,580.00,"60,320.00"
2019-08-25,2019082501005940,SLBBL,38,25,40,584.00,"23,360.00"
2019-08-25,2019082501005939,SLBBL,38,21,50,582.00,"29,100.00"
2019-08-25,2019082501005927,SLBBL,38,47,500,581.00,"290,500.00"
2019-08-25,2019082501005892,SLBBL,7,25,79,580.00,"45,820.00"
2019-08-25,2019082501005891,SLBBL,7,29,80,580.00,"46,400.00"
2019-08-25,2019082501005904,SLBSL,52,48,20,740.00,"14,800.00"
2019-08-25,2019082501005735,SLBSL,18,3,10,743.00,"7,430.00"
2019-08-25,2019082501005879,SLICL,51,25,109,291.00,"31,719.00"
2019-08-25,2019082501005878,SLICL,51,42,900,291.00,"261,900.00"
2019-08-25,2019082501005845,SLICL,51,42,574,291.00,"167,034.00"
2019-08-25,2019082501005844,SLICL,51,26,206,290.00,"59,740.00"
2019-08-25,2019082501005843,SLICL,51,35,200,290.00,"58,000.00"
2019-08-25,2019082501005842,SLICL,51,49,20,289.00,"5,780.00"
2019-08-25,2019082501006090,SMB,8,28,10,485.00,"4,850.00"
2019-08-25,2019082501005827,SMFBS,26,19,10,810.00,"8,100.00"
2019-08-25,2019082501005861,SMFDB,52,36,20,544.00,"10,880.00"
2019-08-25,2019082501005840,SMFDB,46,36,10,544.00,"5,440.00"
2019-08-25,2019082501006069,SPARS,25,42,10,593.00,"5,930.00"
2019-08-25,2019082501005873,SPARS,34,22,100,602.00,"60,200.00"
2019-08-25,2019082501005872,SPARS,34,52,30,601.00,"18,030.00"
2019-08-25,2019082501005871,SPARS,34,3,10,600.00,"6,000.00"
2019-08-25,2019082501005912,SRBL,28,36,300,233.00,"69,900.00"
2019-08-25,2019082501005787,SRBL,18,38,500,232.00,"116,000.00"
2019-08-25,2019082501005786,SRBL,18,52,509,232.00,"118,088.00"
2019-08-25,2019082501005742,SRBL,37,52,188,232.00,"43,616.00"
2019-08-25,2019082501005741,SRBL,37,17,112,232.00,"25,984.00"
2019-08-25,2019082501005937,TRH,7,42,"1,000",300.00,"300,000.00"
2019-08-25,2019082501005717,UIC,47,48,20,300.00,"6,000.00"
2019-08-25,2019082501006100,UPPER,34,34,160,252.00,"40,320.00"
2019-08-25,2019082501005961,UPPER,37,34,90,252.00,"22,680.00"
2019-08-25,2019082501005960,UPPER,37,37,50,252.00,"12,600.00"
2019-08-25,2019082501005959,UPPER,37,11,40,252.00,"10,080.00"
2019-08-25,2019082501005958,UPPER,37,37,20,252.00,"5,040.00"
2019-08-25,2019082501005800,UPPER,34,32,40,251.00,"10,040.00"
2019-08-25,2019082501005566,ADBL,59,43,100,426.00,"42,600.00"
2019-08-25,2019082501005536,ADBL,57,43,50,426.00,"21,300.00"
2019-08-25,2019082501005525,ADBL,57,43,50,426.00,"21,300.00"
2019-08-25,2019082501005286,ADBL,39,20,197,426.00,"83,922.00"
2019-08-25,2019082501005253,ADBL,39,51,110,425.00,"46,750.00"
2019-08-25,2019082501005194,ADBL,39,57,240,425.00,"102,000.00"
2019-08-25,2019082501005135,AHPC,25,39,93,101.00,"9,393.00"
2019-08-25,2019082501005527,AKPL,51,16,10,153.00,"1,530.00"
2019-08-25,2019082501005517,ALBSL,25,45,50,450.00,"22,500.00"
2019-08-25,2019082501005390,ALBSL,38,4,300,452.00,"135,600.00"
2019-08-25,2019082501005363,ALBSL,38,4,400,452.00,"180,800.00"
2019-08-25,2019082501005134,ALBSL,49,20,10,449.00,"4,490.00"
2019-08-25,2019082501005533,ALICL,33,35,10,345.00,"3,450.00"
2019-08-25,2019082501005528,ALICL,33,52,378,340.00,"128,520.00"
2019-08-25,2019082501005316,ALICL,21,52,21,340.00,"7,140.00"
2019-08-25,2019082501005315,ALICL,21,51,"1,500",338.00,"507,000.00"
2019-08-25,2019082501005314,ALICL,21,16,979,338.00,"330,902.00"
2019-08-25,2019082501005535,API,6,16,11,126.00,"1,386.00"
2019-08-25,2019082501005219,API,6,50,86,126.00,"10,836.00"
2019-08-25,2019082501005588,BOKL,18,41,400,256.00,"102,400.00"
2019-08-25,2019082501005587,BOKL,18,52,414,256.00,"105,984.00"
2019-08-25,2019082501005586,BOKL,18,52,225,256.00,"57,600.00"
2019-08-25,2019082501005490,BOKL,4,17,139,255.00,"35,445.00"
2019-08-25,2019082501005489,BOKL,33,17,300,255.00,"76,500.00"
2019-08-25,2019082501005488,BOKL,41,17,300,255.00,"76,500.00"
2019-08-25,2019082501005487,BOKL,42,17,200,255.00,"51,000.00"
2019-08-25,2019082501005486,BOKL,25,17,300,255.00,"76,500.00"
2019-08-25,2019082501005485,BOKL,28,17,493,255.00,"125,715.00"
2019-08-25,2019082501005312,BOKL,16,52,500,256.00,"128,000.00"
2019-08-25,2019082501005271,BOKL,36,52,25,256.00,"6,400.00"
2019-08-25,2019082501005292,CBL,6,13,752,145.00,"109,040.00"
2019-08-25,2019082501005291,CBL,7,13,248,145.00,"35,960.00"
2019-08-25,2019082501005287,CBL,32,32,200,146.00,"29,200.00"
2019-08-25,2019082501005285,CBL,5,32,409,146.00,"59,714.00"
2019-08-25,2019082501005284,CBL,5,22,91,146.00,"13,286.00"
2019-08-25,2019082501005230,CBL,7,50,252,145.00,"36,540.00"
2019-08-25,2019082501005229,CBL,43,50,18,145.00,"2,610.00"
2019-08-25,2019082501005381,CCBL,32,46,21,158.00,"3,318.00"
2019-08-25,2019082501005380,CCBL,32,16,177,158.00,"27,966.00"
2019-08-25,2019082501005252,CCBL,49,50,64,156.00,"9,984.00"
2019-08-25,2019082501005241,CCBL,49,8,550,156.00,"85,800.00"
2019-08-25,2019082501005240,CCBL,7,8,100,156.00,"15,600.00"
2019-08-25,2019082501005224,CCBL,32,13,318,157.00,"49,926.00"
2019-08-25,2019082501005597,CHCL,45,43,"1,013",443.00,"448,759.00"
2019-08-25,2019082501005596,CHCL,1,43,200,443.00,"88,600.00"
2019-08-25,2019082501005595,CHCL,40,43,500,443.00,"221,500.00"
2019-08-25,2019082501005594,CHCL,40,43,500,443.00,"221,500.00"
2019-08-25,2019082501005593,CHCL,59,43,25,443.00,"11,075.00"
2019-08-25,2019082501005592,CHCL,45,43,87,443.00,"38,541.00"
2019-08-25,2019082501005591,CHCL,49,43,11,443.00,"4,873.00"
2019-08-25,2019082501005570,CHCL,28,41,500,444.00,"222,000.00"
2019-08-25,2019082501005569,CHCL,28,19,235,444.00,"104,340.00"
2019-08-25,2019082501005341,CHCL,28,19,"1,000",444.00,"444,000.00"
2019-08-25,2019082501005290,CHCL,13,19,25,445.00,"11,125.00"
2019-08-25,2019082501005151,CIT,33,37,10,"2,388.00","23,880.00"
2019-08-25,2019082501005397,CLBSL,26,7,10,525.00,"5,250.00"
2019-08-25,2019082501005617,CZBIL,21,6,100,214.00,"21,400.00"
2019-08-25,2019082501005461,CZBIL,25,6,121,214.00,"25,894.00"
2019-08-25,2019082501005460,CZBIL,25,49,31,214.00,"6,634.00"
2019-08-25,2019082501005459,CZBIL,25,6,348,214.00,"74,472.00"
2019-08-25,2019082501005270,CZBIL,36,50,25,213.00,"5,325.00"
2019-08-25,2019082501005376,DBBL,22,52,453,133.00,"60,249.00"
2019-08-25,2019082501005348,DBBL,8,48,243,134.00,"32,562.00"
2019-08-25,2019082501005281,DBBL,22,50,43,133.00,"5,719.00"
2019-08-25,2019082501005402,DDBL,29,42,16,739.00,"11,824.00"
2019-08-25,2019082501005356,DDBL,6,52,160,740.00,"118,400.00"
2019-08-25,2019082501005353,DDBL,53,52,100,740.00,"74,000.00"
2019-08-25,2019082501005335,DDBL,36,52,50,740.00,"37,000.00"
2019-08-25,2019082501005176,DDBL,45,52,100,740.00,"74,000.00"
2019-08-25,2019082501005362,EBL,1,52,50,647.00,"32,350.00"
2019-08-25,2019082501005302,EBL,57,52,25,647.00,"16,175.00"
2019-08-25,2019082501005282,EBL,26,52,20,647.00,"12,940.00"
2019-08-25,2019082501005180,EBL,8,52,25,647.00,"16,175.00"
2019-08-25,2019082501005274,FMDBL,53,45,50,384.00,"19,200.00"
2019-08-25,2019082501005156,FMDBL,36,45,100,384.00,"38,400.00"
2019-08-25,2019082501005449,GBBL,22,1,11,213.00,"2,343.00"
2019-08-25,2019082501005332,GBBL,58,48,227,212.00,"48,124.00"
2019-08-25,2019082501005269,GBBL,58,21,10,212.00,"2,120.00"
2019-08-25,2019082501005218,GBBL,58,14,50,212.00,"10,600.00"
2019-08-25,2019082501005297,GBLBS,19,50,10,356.00,"3,560.00"
2019-08-25,2019082501005400,GDBL,45,50,64,205.00,"13,120.00"
2019-08-25,2019082501005309,GDBL,52,50,58,205.00,"11,890.00"
2019-08-25,2019082501005509,GHL,22,29,30,78.00,"2,340.00"
2019-08-25,2019082501005491,GHL,22,29,30,78.00,"2,340.00"
2019-08-25,2019082501005463,GHL,22,29,30,78.00,"2,340.00"
2019-08-25,2019082501005448,GHL,22,29,30,78.00,"2,340.00"
2019-08-25,2019082501005329,GHL,22,50,30,78.00,"2,340.00"
2019-08-25,2019082501005328,GHL,22,34,30,78.00,"2,340.00"
2019-08-25,2019082501005350,GLBSL,38,20,10,478.00,"4,780.00"
2019-08-25,2019082501005171,GLBSL,38,20,10,478.00,"4,780.00"
2019-08-25,2019082501005342,GLICL,6,50,37,446.00,"16,502.00"
2019-08-25,2019082501005455,GMFBS,50,21,10,516.00,"5,160.00"
2019-08-25,2019082501005453,GMFBS,50,17,10,516.00,"5,160.00"
2019-08-25,2019082501005313,GMFBS,50,20,10,516.00,"5,160.00"
2019-08-25,2019082501005227,GMFBS,48,20,10,514.00,"5,140.00"
2019-08-25,2019082501005581,HBL,25,18,10,555.00,"5,550.00"
2019-08-25,2019082501005553,HBL,39,35,131,549.00,"71,919.00"
2019-08-25,2019082501005187,HBL,58,40,110,545.00,"59,950.00"
2019-08-25,2019082501005506,HGI,22,6,150,315.00,"47,250.00"
2019-08-25,2019082501005505,HGI,22,5,100,315.00,"31,500.00"
2019-08-25,2019082501005496,HGI,22,11,400,315.00,"126,000.00"
2019-08-25,2019082501005349,HGI,26,11,50,315.00,"15,750.00"
2019-08-25,2019082501005564,HIDCL,29,16,27,150.00,"4,050.00"
2019-08-25,2019082501005544,HIDCL,51,16,10,150.00,"1,500.00"
2019-08-25,2019082501005534,HIDCL,29,32,13,148.00,"1,924.00"
2019-08-25,2019082501005475,HIDCL,54,17,500,147.00,"73,500.00"
2019-08-25,2019082501005474,HIDCL,54,32,317,147.00,"46,599.00"
2019-08-25,2019082501005473,HIDCL,54,21,61,147.00,"8,967.00"
2019-08-25,2019082501005466,HIDCL,54,22,"1,398",146.00,"204,108.00"
2019-08-25,2019082501005465,HIDCL,54,50,770,146.00,"112,420.00"
2019-08-25,2019082501005464,HIDCL,54,18,49,146.00,"7,154.00"
2019-08-25,2019082501005385,HIDCL,29,17,283,145.00,"41,035.00"
2019-08-25,2019082501005184,HIDCL,38,17,200,145.00,"29,000.00"
2019-08-25,2019082501005183,HIDCL,29,17,17,145.00,"2,465.00"
2019-08-25,2019082501005472,HIDCL,54,21,60,147.00,"8,820.00"
2019-08-25,2019082501005471,HIDCL,54,22,61,147.00,"8,967.00"
2019-08-25,2019082501005470,HIDCL,54,34,31,146.00,"4,526.00"
2019-08-25,2019082501005469,HIDCL,54,34,61,146.00,"8,906.00"
2019-08-25,2019082501005468,HIDCL,54,34,31,146.00,"4,526.00"
2019-08-25,2019082501005467,HIDCL,54,34,111,146.00,"16,206.00"
2019-08-25,2019082501005351,HPPL,53,50,10,152.00,"1,520.00"
2019-08-25,2019082501005626,ILBS,41,3,10,455.00,"4,550.00"
2019-08-25,2019082501005515,ILBS,41,21,10,455.00,"4,550.00"
2019-08-25,2019082501005280,ILBS,42,20,10,454.00,"4,540.00"
2019-08-25,2019082501005606,JBBL,47,43,100,161.00,"16,100.00"
2019-08-25,2019082501005605,JBBL,47,25,50,161.00,"8,050.00"
2019-08-25,2019082501005604,JBBL,47,46,850,161.00,"136,850.00"
2019-08-25,2019082501005355,JBBL,38,50,84,160.00,"13,440.00"
2019-08-25,2019082501005532,JOSHI,22,29,20,66.00,"1,320.00"
2019-08-25,2019082501005372,JOSHI,22,50,20,66.00,"1,320.00"
2019-08-25,2019082501005545,KBL,28,21,20,202.00,"4,040.00"
2019-08-25,2019082501005383,KBL,28,50,114,202.00,"23,028.00"
2019-08-25,2019082501005279,KKHC,42,26,10,57.00,570.00
2019-08-25,2019082501005386,KPCL,42,50,10,82.00,820.00
2019-08-25,2019082501005612,KRBL,1,36,"1,904",106.00,"201,824.00"
2019-08-25,2019082501005375,LBBL,41,54,60,177.00,"10,620.00"
2019-08-25,2019082501005450,LBL,34,22,428,215.00,"92,020.00"
2019-08-25,2019082501005428,LBL,26,22,22,215.00,"4,730.00"
2019-08-25,2019082501005391,LBL,26,50,28,215.00,"6,020.00"
2019-08-25,2019082501005243,LBL,32,22,101,215.00,"21,715.00"
2019-08-25,2019082501005242,LBL,32,44,200,215.00,"43,000.00"
2019-08-25,2019082501005299,LVF1,42,35,100,9.10,910.00
2019-08-25,2019082501005565,MBL,57,50,"1,782",253.00,"450,846.00"
2019-08-25,2019082501005521,MBL,17,50,200,253.00,"50,600.00"
2019-08-25,2019082501005520,MBL,44,50,33,253.00,"8,349.00"
2019-08-25,2019082501005624,MEGA,58,6,36,197.00,"7,092.00"
2019-08-25,2019082501005623,MEGA,58,32,"4,200",197.00,"827,400.00"
2019-08-25,2019082501005141,MEGA,52,32,"1,280",197.00,"252,160.00"
2019-08-25,2019082501005170,MEGA,38,32,20,197.00,"3,940.00"
2019-08-25,2019082501005226,MEGA,14,59,109,197.00,"21,473.00"
2019-08-25,2019082501005251,MEGA,26,32,100,198.00,"19,800.00"
2019-08-25,2019082501005368,MEGA,26,19,119,197.00,"23,443.00"
2019-08-25,2019082501005360,MEGA,26,32,81,197.00,"15,957.00"
2019-08-25,2019082501005359,MEGA,33,32,100,197.00,"19,700.00"
2019-08-25,2019082501005358,MEGA,36,32,500,197.00,"98,500.00"
2019-08-25,2019082501005357,MEGA,14,32,91,197.00,"17,927.00"
2019-08-25,2019082501005399,MEGA,51,50,200,197.00,"39,400.00"
2019-08-25,2019082501005379,MEGA,34,19,881,197.00,"173,557.00"
2019-08-25,2019082501005479,MEGA,25,50,200,197.00,"39,400.00"
2019-08-25,2019082501005539,MEGA,38,50,10,197.00,"1,970.00"
2019-08-25,2019082501005622,MEGA,58,50,421,197.00,"82,937.00"
2019-08-25,2019082501005562,MERO,37,37,1,528.00,528.00
2019-08-25,2019082501005403,MHNL,22,50,30,94.00,"2,820.00"
2019-08-25,2019082501005167,MLBL,55,17,459,207.00,"95,013.00"
2019-08-25,2019082501005166,MLBL,21,17,300,207.00,"62,100.00"
2019-08-25,2019082501005165,MLBL,34,17,200,207.00,"41,400.00"
2019-08-25,2019082501005164,MLBL,49,17,200,207.00,"41,400.00"
2019-08-25,2019082501005163,MLBL,21,17,50,207.00,"10,350.00"
2019-08-25,2019082501005162,MLBL,17,17,291,207.00,"60,237.00"
2019-08-25,2019082501005161,MLBL,33,17,500,208.00,"104,000.00"
2019-08-25,2019082501005494,MNBBL,17,22,500,322.00,"161,000.00"
2019-08-25,2019082501005228,MSLB,39,45,10,960.00,"9,600.00"
2019-08-25,2019082501005132,NABIL,43,26,62,775.00,"48,050.00"
2019-08-25,2019082501005603,NADEP,3,13,20,467.00,"9,340.00"
2019-08-25,2019082501005513,NADEP,59,10,20,466.00,"9,320.00"
2019-08-25,2019082501005512,NADEP,59,22,20,464.00,"9,280.00"
2019-08-25,2019082501005511,NADEP,59,17,20,464.00,"9,280.00"
2019-08-25,2019082501005510,NADEP,59,49,100,463.00,"46,300.00"
2019-08-25,2019082501005222,NADEP,58,45,16,460.00,"7,360.00"
2019-08-25,2019082501005216,NADEP,38,38,150,459.00,"68,850.00"
2019-08-25,2019082501005190,NADEP,46,20,20,460.00,"9,200.00"
2019-08-25,2019082501005452,NADEP,59,49,100,463.00,"46,300.00"
2019-08-25,2019082501005451,NADEP,59,32,20,462.00,"9,240.00"
2019-08-25,2019082501005272,NADEP,58,4,540,460.00,"248,400.00"
2019-08-25,2019082501005267,NADEP,58,4,"1,000",460.00,"460,000.00"
2019-08-25,2019082501005319,NAGRO,34,4,50,775.00,"38,750.00"
2019-08-25,2019082501005239,NAGRO,34,6,10,770.00,"7,700.00"
2019-08-25,2019082501005238,NAGRO,34,3,10,770.00,"7,700.00"
2019-08-25,2019082501005237,NAGRO,34,39,10,770.00,"7,700.00"
2019-08-25,2019082501005236,NAGRO,34,44,10,770.00,"7,700.00"
2019-08-25,2019082501005235,NAGRO,34,53,10,770.00,"7,700.00"
2019-08-25,2019082501005195,NAGRO,37,47,10,765.00,"7,650.00"
2019-08-25,2019082501005173,NAGRO,37,42,10,765.00,"7,650.00"
2019-08-25,2019082501005305,NBB,38,38,18,213.00,"3,834.00"
2019-08-25,2019082501005296,NBB,26,49,200,213.00,"42,600.00"
2019-08-25,2019082501005233,NBB,26,49,100,213.00,"21,300.00"
2019-08-25,2019082501005611,NBL,22,25,200,322.00,"64,400.00"
2019-08-25,2019082501005590,NBL,34,33,980,322.00,"315,560.00"
2019-08-25,2019082501005567,NBL,56,33,20,322.00,"6,440.00"
2019-08-25,2019082501005563,NBL,10,57,"1,000",323.00,"323,000.00"
2019-08-25,2019082501005447,NBL,44,33,"5,000",321.00,"1,605,000.00"
2019-08-25,2019082501005446,NBL,46,33,50,321.00,"16,050.00"
2019-08-25,2019082501005213,NBL,42,33,100,323.00,"32,300.00"
2019-08-25,2019082501005412,NBL,49,33,100,322.00,"32,200.00"
2019-08-25,2019082501005395,NBL,32,33,200,322.00,"64,400.00"
2019-08-25,2019082501005394,NBL,36,33,500,322.00,"161,000.00"
2019-08-25,2019082501005393,NBL,56,33,100,322.00,"32,200.00"
2019-08-25,2019082501005392,NBL,22,33,100,322.00,"32,200.00"
2019-08-25,2019082501005377,NBL,5,33,400,323.00,"129,200.00"
2019-08-25,2019082501005445,NBL,6,33,500,321.00,"160,500.00"
2019-08-25,2019082501005444,NBL,53,33,"1,500",321.00,"481,500.00"
2019-08-25,2019082501005443,NBL,46,33,500,321.00,"160,500.00"
2019-08-25,2019082501005442,NBL,33,33,400,321.00,"128,400.00"
2019-08-25,2019082501005441,NBL,41,33,"1,000",321.00,"321,000.00"
2019-08-25,2019082501005440,NBL,38,33,500,321.00,"160,500.00"
2019-08-25,2019082501005578,NCCB,44,6,101,204.00,"20,604.00"
2019-08-25,2019082501005577,NCCB,44,59,116,204.00,"23,664.00"
2019-08-25,2019082501005576,NCCB,44,47,500,204.00,"102,000.00"
2019-08-25,2019082501005575,NCCB,44,41,"1,200",204.00,"244,800.00"
2019-08-25,2019082501005574,NCCB,44,14,100,204.00,"20,400.00"
2019-08-25,2019082501005573,NCCB,44,34,611,204.00,"124,644.00"
2019-08-25,2019082501005438,NCCB,36,50,94,203.00,"19,082.00"
2019-08-25,2019082501005398,NCCB,54,34,239,204.00,"48,756.00"
2019-08-25,2019082501005540,NIB,44,50,281,464.00,"130,384.00"
2019-08-25,2019082501005458,NIB,58,50,20,464.00,"9,280.00"
2019-08-25,2019082501005457,NIB,45,50,30,464.00,"13,920.00"
2019-08-25,2019082501005456,NIB,11,50,36,464.00,"16,704.00"
2019-08-25,2019082501005431,NIB,11,21,300,464.00,"139,200.00"
2019-08-25,2019082501005396,NIB,46,45,25,465.00,"11,625.00"
2019-08-25,2019082501005387,NIB,56,45,50,465.00,"23,250.00"
2019-08-25,2019082501005169,NIB,33,45,325,465.00,"151,125.00"
2019-08-25,2019082501005168,NIB,33,17,175,465.00,"81,375.00"
2019-08-25,2019082501005616,NICA,36,4,295,450.00,"132,750.00"
2019-08-25,2019082501005615,NICA,36,43,205,450.00,"92,250.00"
2019-08-25,2019082501005347,NICA,32,28,50,449.00,"22,450.00"
2019-08-25,2019082501005346,NICA,32,52,300,449.00,"134,700.00"
2019-08-25,2019082501005295,NICA,25,52,100,449.00,"44,900.00"
2019-08-25,2019082501005192,NICA,45,52,100,449.00,"44,900.00"
2019-08-25,2019082501005504,NIL,34,35,300,397.00,"119,100.00"
2019-08-25,2019082501005483,NLICL,56,16,150,555.00,"83,250.00"
2019-08-25,2019082501005436,NLICL,26,16,50,556.00,"27,800.00"
2019-08-25,2019082501005561,NTC,34,32,300,668.00,"200,400.00"
2019-08-25,2019082501005560,NTC,34,22,100,667.00,"66,700.00"
2019-08-25,2019082501005559,NTC,34,52,90,666.00,"59,940.00"
2019-08-25,2019082501005361,NTC,34,38,635,665.00,"422,275.00"
2019-08-25,2019082501005311,NTC,52,38,10,665.00,"6,650.00"
2019-08-25,2019082501005310,NTC,54,38,60,665.00,"39,900.00"
2019-08-25,2019082501005434,NUBL,49,28,100,870.00,"87,000.00"
2019-08-25,2019082501005614,PCBL,59,34,250,275.00,"68,750.00"
2019-08-25,2019082501005212,PIC,54,41,100,443.00,"44,300.00"
2019-08-25,2019082501005516,PICL,58,50,36,454.00,"16,344.00"
2019-08-25,2019082501005546,PMHPL,22,45,10,101.00,"1,010.00"
2019-08-25,2019082501005589,PPCL,4,45,30,103.00,"3,090.00"
2019-08-25,2019082501005538,PRVU,25,46,100,265.00,"26,500.00"
2019-08-25,2019082501005172,PRVU,42,46,300,265.00,"79,500.00"
2019-08-25,2019082501005549,RADHI,22,16,11,137.00,"1,507.00"
2019-08-25,2019082501005627,RHPL,42,20,40,195.00,"7,800.00"
2019-08-25,2019082501005613,RHPL,42,37,40,195.00,"7,800.00"
2019-08-25,2019082501005610,RHPL,42,20,40,195.00,"7,800.00"
2019-08-25,2019082501005602,RHPL,42,20,40,195.00,"7,800.00"
2019-08-25,2019082501005601,RHPL,42,37,40,195.00,"7,800.00"
2019-08-25,2019082501005585,RHPL,42,37,40,195.00,"7,800.00"
2019-08-25,2019082501005136,RHPL,45,20,30,193.00,"5,790.00"
2019-08-25,2019082501005133,RHPL,45,34,40,193.00,"7,720.00"
2019-08-25,2019082501005155,RHPL,45,7,30,193.00,"5,790.00"
2019-08-25,2019082501005153,RHPL,14,10,200,194.00,"38,800.00"
2019-08-25,2019082501005150,RHPL,45,7,30,193.00,"5,790.00"
2019-08-25,2019082501005143,RHPL,45,1,40,193.00,"7,720.00"
2019-08-25,2019082501005138,RHPL,45,7,30,193.00,"5,790.00"
2019-08-25,2019082501005137,RHPL,45,34,40,193.00,"7,720.00"
2019-08-25,2019082501005181,RHPL,51,7,10,193.00,"1,930.00"
2019-08-25,2019082501005178,RHPL,51,7,30,193.00,"5,790.00"
2019-08-25,2019082501005177,RHPL,45,20,40,193.00,"7,720.00"
2019-08-25,2019082501005174,RHPL,45,7,30,193.00,"5,790.00"
2019-08-25,2019082501005159,RHPL,45,7,30,193.00,"5,790.00"
2019-08-25,2019082501005158,RHPL,56,10,210,194.00,"40,740.00"
2019-08-25,2019082501005217,RHPL,14,47,20,193.00,"3,860.00"
2019-08-25,2019082501005214,RHPL,14,26,40,193.00,"7,720.00"
2019-08-25,2019082501005210,RHPL,14,20,40,193.00,"7,720.00"
2019-08-25,2019082501005189,RHPL,14,7,10,193.00,"1,930.00"
2019-08-25,2019082501005185,RHPL,14,7,30,193.00,"5,790.00"
2019-08-25,2019082501005182,RHPL,14,7,20,193.00,"3,860.00"
2019-08-25,2019082501005273,RHPL,38,37,40,193.00,"7,720.00"
2019-08-25,2019082501005268,RHPL,38,49,20,193.00,"3,860.00"
2019-08-25,2019082501005254,RHPL,38,35,165,193.00,"31,845.00"
2019-08-25,2019082501005232,RHPL,38,20,30,193.00,"5,790.00"
2019-08-25,2019082501005231,RHPL,14,20,10,193.00,"1,930.00"
2019-08-25,2019082501005225,RHPL,14,7,30,193.00,"5,790.00"
2019-08-25,2019082501005317,RHPL,38,42,10,193.00,"1,930.00"
2019-08-25,2019082501005300,RHPL,38,57,30,193.00,"5,790.00"
2019-08-25,2019082501005289,RHPL,38,20,40,193.00,"7,720.00"
2019-08-25,2019082501005288,RHPL,38,11,10,193.00,"1,930.00"
2019-08-25,2019082501005283,RHPL,49,10,20,194.00,"3,880.00"
2019-08-25,2019082501005275,RHPL,38,7,30,193.00,"5,790.00"
2019-08-25,2019082501005326,RHPL,38,20,40,193.00,"7,720.00"
2019-08-25,2019082501005324,RHPL,14,37,50,194.00,"9,700.00"
2019-08-25,2019082501005323,RHPL,14,37,20,194.00,"3,880.00"
2019-08-25,2019082501005322,RHPL,14,43,40,194.00,"7,760.00"
2019-08-25,2019082501005321,RHPL,14,13,40,194.00,"7,760.00"
2019-08-25,2019082501005320,RHPL,14,10,40,194.00,"7,760.00"
2019-08-25,2019082501005414,RHPL,42,43,30,195.00,"5,850.00"
2019-08-25,2019082501005413,RHPL,42,43,30,195.00,"5,850.00"
2019-08-25,2019082501005409,RHPL,32,17,50,194.00,"9,700.00"
2019-08-25,2019082501005388,RHPL,32,37,40,194.00,"7,760.00"
2019-08-25,2019082501005378,RHPL,32,16,40,194.00,"7,760.00"
2019-08-25,2019082501005354,RHPL,38,20,40,193.00,"7,720.00"
2019-08-25,2019082501005420,RHPL,42,54,40,195.00,"7,800.00"
2019-08-25,2019082501005419,RHPL,42,54,50,195.00,"9,750.00"
2019-08-25,2019082501005418,RHPL,42,54,30,195.00,"5,850.00"
2019-08-25,2019082501005417,RHPL,42,45,40,195.00,"7,800.00"
2019-08-25,2019082501005416,RHPL,42,54,40,195.00,"7,800.00"
2019-08-25,2019082501005415,RHPL,42,43,30,195.00,"5,850.00"
2019-08-25,2019082501005426,RHPL,42,43,40,195.00,"7,800.00"
2019-08-25,2019082501005425,RHPL,42,43,40,195.00,"7,800.00"
2019-08-25,2019082501005424,RHPL,42,43,40,195.00,"7,800.00"
2019-08-25,2019082501005423,RHPL,42,39,30,195.00,"5,850.00"
2019-08-25,2019082501005422,RHPL,42,39,40,195.00,"7,800.00"
2019-08-25,2019082501005421,RHPL,42,34,40,195.00,"7,800.00"
2019-08-25,2019082501005507,RHPL,42,52,400,195.00,"78,000.00"
2019-08-25,2019082501005499,RHPL,42,17,40,195.00,"7,800.00"
2019-08-25,2019082501005497,RHPL,42,21,30,195.00,"5,850.00"
2019-08-25,2019082501005476,RHPL,42,17,50,195.00,"9,750.00"
2019-08-25,2019082501005462,RHPL,42,21,30,195.00,"5,850.00"
2019-08-25,2019082501005429,RHPL,42,53,50,195.00,"9,750.00"
2019-08-25,2019082501005542,RHPL,42,37,40,195.00,"7,800.00"
2019-08-25,2019082501005541,RHPL,42,20,40,195.00,"7,800.00"
2019-08-25,2019082501005531,RHPL,42,20,50,195.00,"9,750.00"
2019-08-25,2019082501005529,RHPL,42,37,40,195.00,"7,800.00"
2019-08-25,2019082501005526,RHPL,42,21,30,195.00,"5,850.00"
2019-08-25,2019082501005508,RHPL,42,37,40,195.00,"7,800.00"
2019-08-25,2019082501005580,RHPL,42,41,30,195.00,"5,850.00"
2019-08-25,2019082501005579,RHPL,42,21,30,195.00,"5,850.00"
2019-08-25,2019082501005572,RHPL,59,29,170,196.00,"33,320.00"
2019-08-25,2019082501005571,RHPL,59,35,30,196.00,"5,880.00"
2019-08-25,2019082501005551,RHPL,42,1,20,195.00,"3,900.00"
2019-08-25,2019082501005550,RHPL,42,20,40,195.00,"7,800.00"
2019-08-25,2019082501005223,SAEF,57,50,"1,000",9.90,"9,900.00"
2019-08-25,2019082501005408,SANIMA,45,46,50,350.00,"17,500.00"
2019-08-25,2019082501005407,SANIMA,45,52,"1,405",350.00,"491,750.00"
2019-08-25,2019082501005406,SANIMA,45,40,232,350.00,"81,200.00"
2019-08-25,2019082501005405,SANIMA,45,54,25,350.00,"8,750.00"
2019-08-25,2019082501005382,SANIMA,36,36,74,349.00,"25,826.00"
2019-08-25,2019082501005250,SANIMA,36,58,"1,064",349.00,"371,336.00"
2019-08-25,2019082501005197,SANIMA,17,40,49,347.00,"17,003.00"
2019-08-25,2019082501005146,SANIMA,17,44,451,347.00,"156,497.00"
2019-08-25,2019082501005145,SANIMA,32,44,200,347.00,"69,400.00"
2019-08-25,2019082501005144,SANIMA,25,44,49,347.00,"17,003.00"
2019-08-25,2019082501005249,SANIMA,36,28,348,349.00,"121,452.00"
2019-08-25,2019082501005248,SANIMA,36,34,110,349.00,"38,390.00"
2019-08-25,2019082501005247,SANIMA,36,37,"2,132",348.00,"741,936.00"
2019-08-25,2019082501005245,SANIMA,22,37,184,348.00,"64,032.00"
2019-08-25,2019082501005244,SANIMA,22,51,216,348.00,"75,168.00"
2019-08-25,2019082501005198,SANIMA,38,40,211,347.00,"73,217.00"
2019-08-25,2019082501005583,SBI,45,1,106,447.00,"47,382.00"
2019-08-25,2019082501005582,SBI,45,57,400,447.00,"178,800.00"
2019-08-25,2019082501005495,SBI,1,8,52,447.00,"23,244.00"
2019-08-25,2019082501005340,SBI,45,8,948,447.00,"423,756.00"
2019-08-25,2019082501005339,SBI,45,32,60,447.00,"26,820.00"
2019-08-25,2019082501005338,SBI,45,59,100,447.00,"44,700.00"
2019-08-25,2019082501005337,SBI,45,44,105,447.00,"46,935.00"
2019-08-25,2019082501005336,SBI,45,35,387,446.00,"172,602.00"
2019-08-25,2019082501005524,SBL,34,55,81,316.00,"25,596.00"
2019-08-25,2019082501005523,SBL,34,39,200,316.00,"63,200.00"
2019-08-25,2019082501005522,SBL,34,6,111,316.00,"35,076.00"
2019-08-25,2019082501005220,SBL,18,26,60,315.00,"18,900.00"
2019-08-25,2019082501005493,SCB,36,14,40,632.00,"25,280.00"
2019-08-25,2019082501005427,SCB,8,14,25,632.00,"15,800.00"
2019-08-25,2019082501005276,SCB,26,16,20,633.00,"12,660.00"
2019-08-25,2019082501005514,SHIVM,32,19,200,574.00,"114,800.00"
2019-08-25,2019082501005277,SHIVM,32,42,50,574.00,"28,700.00"
2019-08-25,2019082501005209,SHIVM,48,26,40,570.00,"22,800.00"
2019-08-25,2019082501005208,SHIVM,1,26,10,571.00,"5,710.00"
2019-08-25,2019082501005196,SHL,18,26,163,229.00,"37,327.00"
2019-08-25,2019082501005186,SINDU,34,22,944,128.00,"120,832.00"
2019-08-25,2019082501005631,SJCL,57,35,500,212.00,"106,000.00"
2019-08-25,2019082501005630,SJCL,1,35,50,212.00,"10,600.00"
2019-08-25,2019082501005629,SJCL,34,35,210,212.00,"44,520.00"
2019-08-25,2019082501005625,SJCL,34,37,10,212.00,"2,120.00"
2019-08-25,2019082501005149,SJCL,51,22,10,212.00,"2,120.00"
2019-08-25,2019082501005148,SJCL,51,7,20,212.00,"4,240.00"
2019-08-25,2019082501005147,SJCL,51,7,20,212.00,"4,240.00"
2019-08-25,2019082501005142,SJCL,16,20,10,211.00,"2,110.00"
2019-08-25,2019082501005191,SJCL,16,26,20,211.00,"4,220.00"
2019-08-25,2019082501005188,SJCL,16,22,10,211.00,"2,110.00"
2019-08-25,2019082501005179,SJCL,16,20,20,211.00,"4,220.00"
2019-08-25,2019082501005175,SJCL,16,16,20,211.00,"4,220.00"
2019-08-25,2019082501005154,SJCL,16,1,20,211.00,"4,220.00"
2019-08-25,2019082501005204,SJCL,40,7,20,212.00,"4,240.00"
2019-08-25,2019082501005203,SJCL,40,7,20,212.00,"4,240.00"
2019-08-25,2019082501005202,SJCL,40,7,20,212.00,"4,240.00"
2019-08-25,2019082501005201,SJCL,40,7,20,212.00,"4,240.00"
2019-08-25,2019082501005200,SJCL,40,7,20,212.00,"4,240.00"
2019-08-25,2019082501005199,SJCL,40,22,20,212.00,"4,240.00"
2019-08-25,2019082501005234,SJCL,40,47,20,212.00,"4,240.00"
2019-08-25,2019082501005215,SJCL,40,20,20,212.00,"4,240.00"
2019-08-25,2019082501005211,SJCL,40,16,20,212.00,"4,240.00"
2019-08-25,2019082501005206,SJCL,40,7,20,212.00,"4,240.00"
2019-08-25,2019082501005205,SJCL,40,7,20,212.00,"4,240.00"
2019-08-25,2019082501005258,SJCL,29,7,20,213.00,"4,260.00"
2019-08-25,2019082501005257,SJCL,29,44,20,213.00,"4,260.00"
2019-08-25,2019082501005256,SJCL,29,36,20,213.00,"4,260.00"
2019-08-25,2019082501005255,SJCL,29,44,20,213.00,"4,260.00"
2019-08-25,2019082501005246,SJCL,40,45,20,212.00,"4,240.00"
2019-08-25,2019082501005264,SJCL,29,7,20,213.00,"4,260.00"
2019-08-25,2019082501005263,SJCL,29,7,20,213.00,"4,260.00"
2019-08-25,2019082501005262,SJCL,29,7,20,213.00,"4,260.00"
2019-08-25,2019082501005261,SJCL,29,7,20,213.00,"4,260.00"
2019-08-25,2019082501005260,SJCL,29,7,20,213.00,"4,260.00"
2019-08-25,2019082501005259,SJCL,29,7,20,213.00,"4,260.00"
2019-08-25,2019082501005298,SJCL,49,7,10,213.00,"2,130.00"
2019-08-25,2019082501005294,SJCL,40,37,20,212.00,"4,240.00"
2019-08-25,2019082501005293,SJCL,40,7,20,212.00,"4,240.00"
2019-08-25,2019082501005278,SJCL,40,11,10,212.00,"2,120.00"
2019-08-25,2019082501005266,SJCL,40,37,20,212.00,"4,240.00"
2019-08-25,2019082501005265,SJCL,40,20,20,212.00,"4,240.00"
2019-08-25,2019082501005318,SJCL,40,16,20,212.00,"4,240.00"
2019-08-25,2019082501005307,SJCL,40,7,20,212.00,"4,240.00"
2019-08-25,2019082501005306,SJCL,40,16,20,212.00,"4,240.00"
2019-08-25,2019082501005304,SJCL,40,57,20,212.00,"4,240.00"
2019-08-25,2019082501005303,SJCL,40,49,10,212.00,"2,120.00"
2019-08-25,2019082501005301,SJCL,40,20,20,212.00,"4,240.00"
2019-08-25,2019082501005345,SJCL,35,35,200,212.00,"42,400.00"
2019-08-25,2019082501005334,SJCL,16,20,10,211.00,"2,110.00"
2019-08-25,2019082501005333,SJCL,40,20,10,212.00,"2,120.00"
2019-08-25,2019082501005331,SJCL,40,16,20,212.00,"4,240.00"
2019-08-25,2019082501005327,SJCL,40,42,10,212.00,"2,120.00"
2019-08-25,2019082501005325,SJCL,40,7,20,212.00,"4,240.00"
2019-08-25,2019082501005352,SJCL,14,16,20,212.00,"4,240.00"
2019-08-25,2019082501005401,SJCL,14,16,20,212.00,"4,240.00"
2019-08-25,2019082501005389,SJCL,14,44,10,212.00,"2,120.00"
2019-08-25,2019082501005384,SJCL,14,37,20,212.00,"4,240.00"
2019-08-25,2019082501005369,SJCL,14,20,10,212.00,"2,120.00"
2019-08-25,2019082501005437,SJCL,34,17,20,212.00,"4,240.00"
2019-08-25,2019082501005435,SJCL,34,35,10,212.00,"2,120.00"
2019-08-25,2019082501005433,SJCL,34,16,20,212.00,"4,240.00"
2019-08-25,2019082501005430,SJCL,34,44,20,212.00,"4,240.00"
2019-08-25,2019082501005410,SJCL,14,35,20,212.00,"4,240.00"
2019-08-25,2019082501005404,SJCL,1,39,20,213.00,"4,260.00"
2019-08-25,2019082501005492,SJCL,34,35,10,212.00,"2,120.00"
2019-08-25,2019082501005484,SJCL,34,17,20,212.00,"4,240.00"
2019-08-25,2019082501005482,SJCL,34,21,20,212.00,"4,240.00"
2019-08-25,2019082501005477,SJCL,34,35,10,212.00,"2,120.00"
2019-08-25,2019082501005454,SJCL,34,35,10,212.00,"2,120.00"
2019-08-25,2019082501005530,SJCL,34,21,10,212.00,"2,120.00"
2019-08-25,2019082501005519,SJCL,34,37,20,212.00,"4,240.00"
2019-08-25,2019082501005503,SJCL,34,17,20,212.00,"4,240.00"
2019-08-25,2019082501005502,SJCL,34,7,20,212.00,"4,240.00"
2019-08-25,2019082501005500,SJCL,34,21,20,212.00,"4,240.00"
2019-08-25,2019082501005498,SJCL,34,37,20,212.00,"4,240.00"
2019-08-25,2019082501005584,SJCL,34,21,20,212.00,"4,240.00"
2019-08-25,2019082501005558,SJCL,34,21,10,212.00,"2,120.00"
2019-08-25,2019082501005557,SJCL,34,21,10,212.00,"2,120.00"
2019-08-25,2019082501005552,SJCL,34,1,20,212.00,"4,240.00"
2019-08-25,2019082501005547,SJCL,34,37,20,212.00,"4,240.00"
2019-08-25,2019082501005620,SJCL,51,37,10,213.00,"2,130.00"
2019-08-25,2019082501005619,SJCL,51,39,20,213.00,"4,260.00"
2019-08-25,2019082501005618,SJCL,34,44,20,212.00,"4,240.00"
2019-08-25,2019082501005609,SJCL,34,44,20,212.00,"4,240.00"
2019-08-25,2019082501005607,SJCL,34,37,10,212.00,"2,120.00"
2019-08-25,2019082501005608,SKBBL,14,21,12,972.00,"11,664.00"
2019-08-25,2019082501005432,SKBBL,45,44,500,980.00,"490,000.00"
2019-08-25,2019082501005330,SKBBL,29,35,156,975.00,"152,100.00"
2019-08-25,2019082501005600,SLBBL,38,58,200,579.00,"115,800.00"
2019-08-25,2019082501005308,SLBBL,1,58,50,579.00,"28,950.00"
2019-08-25,2019082501005193,SLBBL,1,58,200,579.00,"115,800.00"
2019-08-25,2019082501005371,SLBBL,43,54,160,579.00,"92,640.00"
2019-08-25,2019082501005370,SLBBL,43,58,250,579.00,"144,750.00"
2019-08-25,2019082501005481,SLBBL,22,37,150,579.00,"86,850.00"
2019-08-25,2019082501005480,SLBBL,22,19,40,579.00,"23,160.00"
2019-08-25,2019082501005374,SLBBL,38,19,60,579.00,"34,740.00"
2019-08-25,2019082501005373,SLBBL,38,54,40,579.00,"23,160.00"
2019-08-25,2019082501005411,SLBSL,52,45,30,740.00,"22,200.00"
2019-08-25,2019082501005556,SMATA,54,49,10,"1,310.00","13,100.00"
2019-08-25,2019082501005555,SMATA,22,37,20,"1,300.00","26,000.00"
2019-08-25,2019082501005543,SMB,8,37,40,485.00,"19,400.00"
2019-08-25,2019082501005621,SMFBS,1,16,10,805.00,"8,050.00"
2019-08-25,2019082501005344,SMFBS,34,50,10,808.00,"8,080.00"
2019-08-25,2019082501005343,SMFBS,34,28,80,808.00,"64,640.00"
2019-08-25,2019082501005221,SMFBS,34,20,10,798.00,"7,980.00"
2019-08-25,2019082501005628,SPARS,22,52,20,601.00,"12,020.00"
2019-08-25,2019082501005501,SPARS,34,17,70,600.00,"42,000.00"
2019-08-25,2019082501005152,SPARS,25,20,10,590.00,"5,900.00"
2019-08-25,2019082501005140,SRBL,18,33,114,230.00,"26,220.00"
2019-08-25,2019082501005139,SRBL,39,33,10,230.00,"2,300.00"
2019-08-25,2019082501005207,SWBBL,32,43,90,917.00,"82,530.00"
2019-08-25,2019082501005160,TRH,7,57,500,300.00,"150,000.00"
2019-08-25,2019082501005599,UPCL,6,21,40,80.00,"3,200.00"
2019-08-25,2019082501005598,UPCL,14,21,10,80.00,800.00
2019-08-25,2019082501005439,UPCL,39,21,50,81.00,"4,050.00"
2019-08-25,2019082501005568,UPPER,17,17,50,250.00,"12,500.00"
2019-08-25,2019082501005554,UPPER,17,17,40,250.00,"10,000.00"
2019-08-25,2019082501005548,UPPER,17,17,40,250.00,"10,000.00"
2019-08-25,2019082501005537,UPPER,17,17,50,250.00,"12,500.00"
2019-08-25,2019082501005518,UPPER,17,17,50,250.00,"12,500.00"
2019-08-25,2019082501005157,UPPER,50,1,50,249.00,"12,450.00"
2019-08-25,2019082501005367,UPPER,44,44,"2,500",250.00,"625,000.00"
2019-08-25,2019082501005366,UPPER,44,14,350,250.00,"87,500.00"
2019-08-25,2019082501005365,UPPER,44,6,800,250.00,"200,000.00"
2019-08-25,2019082501005364,UPPER,44,43,641,250.00,"160,250.00"
2019-08-25,2019082501005478,UPPER,43,11,50,249.00,"12,450.00"
2019-08-25,2019082501005082,ADBL,39,42,500,425.00,"212,500.00"
2019-08-25,2019082501005071,ADBL,39,42,500,425.00,"212,500.00"
2019-08-25,2019082501004843,ADBL,55,20,300,426.00,"127,800.00"
2019-08-25,2019082501004761,ADBL,32,20,76,426.00,"32,376.00"
2019-08-25,2019082501004760,ADBL,52,20,100,426.00,"42,600.00"
2019-08-25,2019082501004759,ADBL,4,20,327,426.00,"139,302.00"
2019-08-25,2019082501004745,ADBL,4,14,500,426.00,"213,000.00"
2019-08-25,2019082501004652,ADBL,4,34,100,426.00,"42,600.00"
2019-08-25,2019082501004651,ADBL,4,46,73,426.00,"31,098.00"
2019-08-25,2019082501004650,ADBL,29,46,27,426.00,"11,502.00"
2019-08-25,2019082501004769,AHPC,25,26,124,101.00,"12,524.00"
2019-08-25,2019082501004768,AHPC,34,26,110,101.00,"11,110.00"
2019-08-25,2019082501004767,AHPC,47,26,200,101.00,"20,200.00"
2019-08-25,2019082501004766,AHPC,25,26,190,101.00,"19,190.00"
2019-08-25,2019082501004765,AHPC,45,26,216,101.00,"21,816.00"
2019-08-25,2019082501004989,AKJCL,22,22,450,67.00,"30,150.00"
2019-08-25,2019082501004851,AKJCL,22,22,10,66.00,660.00
2019-08-25,2019082501004825,AKJCL,22,42,20,65.00,"1,300.00"
2019-08-25,2019082501004824,AKJCL,22,45,10,65.00,650.00
2019-08-25,2019082501004814,AKJCL,22,26,10,64.00,640.00
2019-08-25,2019082501005085,ALBSL,49,38,30,449.00,"13,470.00"
2019-08-25,2019082501005069,ALBSL,49,22,10,449.00,"4,490.00"
2019-08-25,2019082501005041,ALBSL,49,20,10,449.00,"4,490.00"
2019-08-25,2019082501004873,ALBSL,49,22,10,449.00,"4,490.00"
2019-08-25,2019082501004723,ALBSL,49,4,190,449.00,"85,310.00"
2019-08-25,2019082501004722,ALBSL,16,4,40,450.00,"18,000.00"
2019-08-25,2019082501005088,ALICL,41,16,21,338.00,"7,098.00"
2019-08-25,2019082501004746,ALICL,47,47,300,335.00,"100,500.00"
2019-08-25,2019082501004636,API,6,36,100,126.00,"12,600.00"
2019-08-25,2019082501005128,BOKL,42,52,150,256.00,"38,400.00"
2019-08-25,2019082501004847,BOKL,7,52,100,256.00,"25,600.00"
2019-08-25,2019082501004666,BOKL,28,55,18,255.00,"4,590.00"
2019-08-25,2019082501004665,BOKL,46,55,100,255.00,"25,500.00"
2019-08-25,2019082501004664,BOKL,26,55,82,255.00,"20,910.00"
2019-08-25,2019082501004635,BOKL,26,6,399,255.00,"101,745.00"
2019-08-25,2019082501005081,BPCL,49,13,100,383.00,"38,300.00"
2019-08-25,2019082501005000,BPCL,53,13,100,383.00,"38,300.00"
2019-08-25,2019082501004852,CBL,25,32,30,146.00,"4,380.00"
2019-08-25,2019082501004696,CBL,43,19,23,145.00,"3,335.00"
2019-08-25,2019082501005058,CCBL,6,35,592,156.00,"92,352.00"
2019-08-25,2019082501005057,CCBL,6,13,954,156.00,"148,824.00"
2019-08-25,2019082501004980,CCBL,29,35,500,156.00,"78,000.00"
2019-08-25,2019082501004979,CCBL,11,35,10,156.00,"1,560.00"
2019-08-25,2019082501004978,CCBL,11,35,10,156.00,"1,560.00"
2019-08-25,2019082501004977,CCBL,6,35,200,156.00,"31,200.00"
2019-08-25,2019082501004724,CHCL,45,28,549,444.00,"243,756.00"
2019-08-25,2019082501004712,CHCL,45,28,373,444.00,"165,612.00"
2019-08-25,2019082501004711,CHCL,58,28,10,444.00,"4,440.00"
2019-08-25,2019082501004710,CHCL,3,28,50,444.00,"22,200.00"
2019-08-25,2019082501004709,CHCL,4,28,200,444.00,"88,800.00"
2019-08-25,2019082501004708,CHCL,38,28,67,444.00,"29,748.00"
2019-08-25,2019082501005061,CLBSL,26,58,10,535.00,"5,350.00"
2019-08-25,2019082501005029,CZBIL,25,22,10,212.00,"2,120.00"
2019-08-25,2019082501004910,CZBIL,25,22,10,212.00,"2,120.00"
2019-08-25,2019082501004649,CZBIL,44,4,"1,100",213.00,"234,300.00"
2019-08-25,2019082501004639,CZBIL,56,4,"1,000",213.00,"213,000.00"
2019-08-25,2019082501005119,DDBL,7,52,50,740.00,"37,000.00"
2019-08-25,2019082501004820,DHPL,42,42,41,56.00,"2,296.00"
2019-08-25,2019082501004813,DHPL,14,42,50,56.00,"2,800.00"
2019-08-25,2019082501005003,EBL,58,52,90,647.00,"58,230.00"
2019-08-25,2019082501004984,EBL,38,34,164,645.00,"105,780.00"
2019-08-25,2019082501004983,EBL,46,34,25,646.00,"16,150.00"
2019-08-25,2019082501004789,FOWAD,37,6,17,"1,328.00","22,576.00"
2019-08-25,2019082501004859,GBLBS,43,38,10,355.00,"3,550.00"
2019-08-25,2019082501004803,GBLBS,43,42,90,355.00,"31,950.00"
2019-08-25,2019082501004802,GBLBS,38,42,500,355.00,"177,500.00"
2019-08-25,2019082501004801,GBLBS,36,42,10,355.00,"3,550.00"
2019-08-25,2019082501004982,GDBL,52,22,162,205.00,"33,210.00"
2019-08-25,2019082501004850,GLBSL,38,20,10,478.00,"4,780.00"
2019-08-25,2019082501004773,GLBSL,43,4,30,480.00,"14,400.00"
2019-08-25,2019082501004772,GLBSL,38,4,10,481.00,"4,810.00"
2019-08-25,2019082501005111,GMFBS,14,26,20,518.00,"10,360.00"
2019-08-25,2019082501005110,GMFBS,22,26,60,518.00,"31,080.00"
2019-08-25,2019082501004842,GRDBL,44,35,410,106.00,"43,460.00"
2019-08-25,2019082501004841,GRDBL,7,35,300,106.00,"31,800.00"
2019-08-25,2019082501004840,GRDBL,7,35,150,106.00,"15,900.00"
2019-08-25,2019082501004839,GRDBL,1,35,450,107.00,"48,150.00"
2019-08-25,2019082501004838,GRDBL,1,35,190,108.00,"20,520.00"
2019-08-25,2019082501004985,HDL,38,38,10,"1,551.00","15,510.00"
2019-08-25,2019082501004897,HGI,53,58,37,314.00,"11,618.00"
2019-08-25,2019082501005063,HIDCL,29,25,61,145.00,"8,845.00"
2019-08-25,2019082501005044,HIDCL,29,25,61,145.00,"8,845.00"
2019-08-25,2019082501005023,HIDCL,29,25,159,145.00,"23,055.00"
2019-08-25,2019082501005022,HIDCL,29,25,20,145.00,"2,900.00"
2019-08-25,2019082501005021,HIDCL,6,25,139,145.00,"20,155.00"
2019-08-25,2019082501004999,HIDCL,6,4,61,145.00,"8,845.00"
2019-08-25,2019082501004862,HIDCL,6,43,127,144.00,"18,288.00"
2019-08-25,2019082501004853,HIDCL,6,43,317,144.00,"45,648.00"
2019-08-25,2019082501005059,ICFC,57,49,"1,000",160.00,"160,000.00"
2019-08-25,2019082501005070,ILBS,56,20,10,454.00,"4,540.00"
2019-08-25,2019082501005046,ILBS,6,22,10,454.00,"4,540.00"
2019-08-25,2019082501005039,ILBS,6,22,10,454.00,"4,540.00"
2019-08-25,2019082501004986,ILBS,6,20,10,454.00,"4,540.00"
2019-08-25,2019082501004907,ILBS,6,22,10,454.00,"4,540.00"
2019-08-25,2019082501004731,ILBS,6,20,10,454.00,"4,540.00"
2019-08-25,2019082501005124,JBBL,38,44,67,160.00,"10,720.00"
2019-08-25,2019082501005112,JBBL,38,44,230,160.00,"36,800.00"
2019-08-25,2019082501005107,JBBL,38,44,185,160.00,"29,600.00"
2019-08-25,2019082501005095,JBBL,38,44,125,160.00,"20,000.00"
2019-08-25,2019082501005073,JBBL,38,44,47,160.00,"7,520.00"
2019-08-25,2019082501005068,JBBL,38,44,32,160.00,"5,120.00"
2019-08-25,2019082501004987,JBBL,38,44,314,160.00,"50,240.00"
2019-08-25,2019082501004974,JBBL,38,46,686,160.00,"109,760.00"
2019-08-25,2019082501004973,JBBL,47,46,314,160.00,"50,240.00"
2019-08-25,2019082501004818,KADBL,11,22,10,186.00,"1,860.00"
2019-08-25,2019082501004736,KADBL,11,22,10,186.00,"1,860.00"
2019-08-25,2019082501004998,KSBBL,21,14,300,142.00,"42,600.00"
2019-08-25,2019082501004997,KSBBL,41,14,100,142.00,"14,200.00"
2019-08-25,2019082501004996,KSBBL,34,14,619,142.00,"87,898.00"
2019-08-25,2019082501004995,KSBBL,47,14,100,144.00,"14,400.00"
2019-08-25,2019082501004972,KSBBL,34,14,900,142.00,"127,800.00"
2019-08-25,2019082501004971,KSBBL,42,14,100,143.00,"14,300.00"
2019-08-25,2019082501005025,LBBL,26,54,281,177.00,"49,737.00"
2019-08-25,2019082501005024,LBBL,26,33,219,177.00,"38,763.00"
2019-08-25,2019082501004692,LBBL,33,17,35,176.00,"6,160.00"
2019-08-25,2019082501004655,LBBL,33,17,"1,000",176.00,"176,000.00"
2019-08-25,2019082501004981,LBL,32,50,725,213.00,"154,425.00"
2019-08-25,2019082501004908,LBL,48,22,50,212.00,"10,600.00"
2019-08-25,2019082501004867,LBL,48,22,50,212.00,"10,600.00"
2019-08-25,2019082501004821,LBL,48,22,50,212.00,"10,600.00"
2019-08-25,2019082501005105,LGIL,43,35,17,392.00,"6,664.00"
2019-08-25,2019082501005104,LGIL,43,50,10,390.00,"3,900.00"
2019-08-25,2019082501004812,LGIL,29,50,140,390.00,"54,600.00"
2019-08-25,2019082501004805,LGIL,28,50,300,390.00,"117,000.00"
2019-08-25,2019082501004797,LVF1,10,21,"1,131",8.95,"10,122.45"
2019-08-25,2019082501004753,LVF1,10,57,"13,000",8.95,"116,350.00"
2019-08-25,2019082501004735,LVF1,8,57,"2,000",8.96,"17,920.00"
2019-08-25,2019082501005116,MEGA,52,32,800,197.00,"157,600.00"
2019-08-25,2019082501005106,MEGA,38,32,300,197.00,"59,100.00"
2019-08-25,2019082501004799,MEGA,26,32,200,197.00,"39,400.00"
2019-08-25,2019082501004877,MEGA,36,32,851,197.00,"167,647.00"
2019-08-25,2019082501004854,MEGA,59,32,200,197.00,"39,400.00"
2019-08-25,2019082501005094,MEGA,8,32,300,197.00,"59,100.00"
2019-08-25,2019082501005066,MEGA,8,32,100,197.00,"19,700.00"
2019-08-25,2019082501004975,MERO,56,34,150,527.00,"79,050.00"
2019-08-25,2019082501005019,MLBL,17,17,709,207.00,"146,763.00"
2019-08-25,2019082501005018,MLBL,38,17,500,207.00,"103,500.00"
