Date,Transact. No.,Symbol,Buyer,Seller,Quantity,Rate,Amount
2019-07-09,2019070901005660,ADBL,57,21,127,405.00,"51,435.00"
2019-07-09,2019070901005354,AKJCL,25,35,10,74.00,740.00
2019-07-09,2019070901005353,AKJCL,25,38,10,74.00,740.00
2019-07-09,2019070901005352,AKJCL,25,37,20,74.00,"1,480.00"
2019-07-09,2019070901005351,AKJCL,25,21,20,73.00,"1,460.00"
2019-07-09,2019070901005350,AKJCL,25,6,10,73.00,730.00
2019-07-09,2019070901005349,AKJCL,25,57,10,73.00,730.00
2019-07-09,2019070901005751,ALBSL,45,29,134,404.00,"54,136.00"
2019-07-09,2019070901005747,ALBSL,45,25,10,404.00,"4,040.00"
2019-07-09,2019070901005746,ALBSL,45,33,10,404.00,"4,040.00"
2019-07-09,2019070901005745,ALBSL,45,33,10,404.00,"4,040.00"
2019-07-09,2019070901005744,ALBSL,45,29,26,403.00,"10,478.00"
2019-07-09,2019070901005694,ALBSL,41,29,24,403.00,"9,672.00"
2019-07-09,2019070901005675,ALBSL,45,33,300,402.00,"120,600.00"
2019-07-09,2019070901005674,ALBSL,45,25,10,402.00,"4,020.00"
2019-07-09,2019070901005567,ALBSL,33,58,10,400.00,"4,000.00"
2019-07-09,2019070901005489,ALBSL,33,38,10,400.00,"4,000.00"
2019-07-09,2019070901005337,ALBSL,33,46,10,400.00,"4,000.00"
2019-07-09,2019070901005764,API,25,45,18,144.00,"2,592.00"
2019-07-09,2019070901005763,API,25,34,132,143.00,"18,876.00"
2019-07-09,2019070901005693,API,47,34,168,143.00,"24,024.00"
2019-07-09,2019070901005667,BARUN,14,21,80,90.00,"7,200.00"
2019-07-09,2019070901005592,BOKL,52,17,112,258.00,"28,896.00"
2019-07-09,2019070901005463,BOKL,52,10,88,258.00,"22,704.00"
2019-07-09,2019070901005345,BOKL,6,45,10,257.00,"2,570.00"
2019-07-09,2019070901005317,BOKL,6,45,58,257.00,"14,906.00"
2019-07-09,2019070901005719,BPCL,33,34,18,410.00,"7,380.00"
2019-07-09,2019070901005718,BPCL,33,1,22,409.00,"8,998.00"
2019-07-09,2019070901005639,CBBL,17,54,250,947.00,"236,750.00"
2019-07-09,2019070901005638,CBBL,26,54,50,948.00,"47,400.00"
2019-07-09,2019070901005637,CBBL,26,54,100,948.00,"94,800.00"
2019-07-09,2019070901005778,CBL,28,25,20,158.00,"3,160.00"
2019-07-09,2019070901005772,CBL,52,45,629,156.00,"98,124.00"
2019-07-09,2019070901005771,CBL,49,45,200,156.00,"31,200.00"
2019-07-09,2019070901005770,CBL,35,45,100,156.00,"15,600.00"
2019-07-09,2019070901005769,CBL,51,45,71,156.00,"11,076.00"
2019-07-09,2019070901005768,CBL,42,57,200,157.00,"31,400.00"
2019-07-09,2019070901005398,CBL,49,34,271,156.00,"42,276.00"
2019-07-09,2019070901005300,CBL,49,10,200,156.00,"31,200.00"
2019-07-09,2019070901005404,CBL,50,34,200,156.00,"31,200.00"
2019-07-09,2019070901005403,CBL,40,34,300,156.00,"46,800.00"
2019-07-09,2019070901005402,CBL,39,34,100,156.00,"15,600.00"
2019-07-09,2019070901005401,CBL,43,34,200,156.00,"31,200.00"
2019-07-09,2019070901005400,CBL,22,34,200,156.00,"31,200.00"
2019-07-09,2019070901005399,CBL,1,34,200,156.00,"31,200.00"
2019-07-09,2019070901005420,CBL,32,52,100,157.00,"15,700.00"
2019-07-09,2019070901005419,CBL,32,11,500,157.00,"78,500.00"
2019-07-09,2019070901005408,CBL,51,34,429,156.00,"66,924.00"
2019-07-09,2019070901005407,CBL,35,34,500,156.00,"78,000.00"
2019-07-09,2019070901005406,CBL,7,34,100,156.00,"15,600.00"
2019-07-09,2019070901005405,CBL,28,34,500,156.00,"78,000.00"
2019-07-09,2019070901005530,CBL,14,14,600,157.00,"94,200.00"
2019-07-09,2019070901005475,CBL,59,34,"1,180",157.00,"185,260.00"
2019-07-09,2019070901005474,CBL,59,37,50,157.00,"7,850.00"
2019-07-09,2019070901005462,CBL,6,37,500,157.00,"78,500.00"
2019-07-09,2019070901005426,CBL,6,37,50,157.00,"7,850.00"
2019-07-09,2019070901005421,CBL,32,37,400,157.00,"62,800.00"
2019-07-09,2019070901005798,CCBL,29,42,240,178.00,"42,720.00"
2019-07-09,2019070901005690,CCBL,35,42,50,178.00,"8,900.00"
2019-07-09,2019070901005689,CCBL,48,42,150,178.00,"26,700.00"
2019-07-09,2019070901005688,CCBL,45,42,18,178.00,"3,204.00"
2019-07-09,2019070901005687,CCBL,25,42,379,178.00,"67,462.00"
2019-07-09,2019070901005686,CCBL,43,42,163,178.00,"29,014.00"
2019-07-09,2019070901005537,CCBL,7,45,80,179.00,"14,320.00"
2019-07-09,2019070901005533,CCBL,41,17,187,178.00,"33,286.00"
2019-07-09,2019070901005532,CCBL,42,17,313,178.00,"55,714.00"
2019-07-09,2019070901005665,CCBL,43,41,37,178.00,"6,586.00"
2019-07-09,2019070901005664,CCBL,52,41,200,178.00,"35,600.00"
2019-07-09,2019070901005663,CCBL,41,41,200,178.00,"35,600.00"
2019-07-09,2019070901005662,CCBL,26,41,150,178.00,"26,700.00"
2019-07-09,2019070901005661,CCBL,41,41,13,178.00,"2,314.00"
2019-07-09,2019070901005428,CHCL,45,42,50,514.00,"25,700.00"
2019-07-09,2019070901005427,CHCL,45,36,56,514.00,"28,784.00"
2019-07-09,2019070901005467,CIT,48,7,20,"2,430.00","48,600.00"
2019-07-09,2019070901005466,CIT,48,33,10,"2,430.00","24,300.00"
2019-07-09,2019070901005788,CZBIL,48,37,50,220.00,"11,000.00"
2019-07-09,2019070901005787,CZBIL,42,37,31,220.00,"6,820.00"
2019-07-09,2019070901005659,CZBIL,42,6,19,220.00,"4,180.00"
2019-07-09,2019070901005483,CZBIL,13,44,61,220.00,"13,420.00"
2019-07-09,2019070901005322,CZBIL,57,14,100,221.00,"22,100.00"
2019-07-09,2019070901005736,DBBL,44,57,500,142.00,"71,000.00"
2019-07-09,2019070901005598,DBBL,32,38,100,144.00,"14,400.00"
2019-07-09,2019070901005417,DBBL,32,16,"1,000",143.00,"143,000.00"
2019-07-09,2019070901005416,DBBL,34,16,150,143.00,"21,450.00"
2019-07-09,2019070901005498,DDBL,38,29,25,715.00,"17,875.00"
2019-07-09,2019070901005497,DDBL,38,35,35,715.00,"25,025.00"
2019-07-09,2019070901005453,DDBL,38,45,943,714.00,"673,302.00"
2019-07-09,2019070901005452,DDBL,35,45,50,714.00,"35,700.00"
2019-07-09,2019070901005451,DDBL,35,45,20,714.00,"14,280.00"
2019-07-09,2019070901005450,DDBL,35,45,50,714.00,"35,700.00"
2019-07-09,2019070901005313,DDBL,35,17,10,714.00,"7,140.00"
2019-07-09,2019070901005306,DDBL,35,17,50,714.00,"35,700.00"
2019-07-09,2019070901005449,DDBL,35,45,20,714.00,"14,280.00"
2019-07-09,2019070901005448,DDBL,35,45,20,714.00,"14,280.00"
2019-07-09,2019070901005447,DDBL,35,45,25,714.00,"17,850.00"
2019-07-09,2019070901005335,DDBL,35,59,25,714.00,"17,850.00"
2019-07-09,2019070901005332,DDBL,35,17,24,714.00,"17,136.00"
2019-07-09,2019070901005325,DDBL,35,17,50,714.00,"35,700.00"
2019-07-09,2019070901005729,EBL,14,58,10,654.00,"6,540.00"
2019-07-09,2019070901005604,EBL,59,58,45,654.00,"29,430.00"
2019-07-09,2019070901005603,EBL,59,44,74,653.00,"48,322.00"
2019-07-09,2019070901005602,EBL,59,43,200,652.00,"130,400.00"
2019-07-09,2019070901005601,EBL,59,40,281,651.00,"182,931.00"
2019-07-09,2019070901005568,FMDBL,29,19,80,375.00,"30,000.00"
2019-07-09,2019070901005518,FMDBL,45,19,30,375.00,"11,250.00"
2019-07-09,2019070901005505,FMDBL,45,19,20,375.00,"7,500.00"
2019-07-09,2019070901005459,FMDBL,59,34,45,374.00,"16,830.00"
2019-07-09,2019070901005378,FMDBL,44,19,50,375.00,"18,750.00"
2019-07-09,2019070901005377,FMDBL,44,19,50,375.00,"18,750.00"
2019-07-09,2019070901005376,FMDBL,5,19,200,376.00,"75,200.00"
2019-07-09,2019070901005375,FMDBL,44,19,50,377.00,"18,850.00"
2019-07-09,2019070901005333,FMDBL,1,3,300,377.00,"113,100.00"
2019-07-09,2019070901005695,FOWAD,25,16,20,"1,317.00","26,340.00"
2019-07-09,2019070901005676,FOWAD,25,16,17,"1,317.00","22,389.00"
2019-07-09,2019070901005616,FOWAD,45,16,50,"1,317.00","65,850.00"
2019-07-09,2019070901005503,FOWAD,25,16,21,"1,317.00","27,657.00"
2019-07-09,2019070901005457,FOWAD,50,56,14,"1,316.00","18,424.00"
2019-07-09,2019070901005425,FOWAD,57,16,43,"1,317.00","56,631.00"
2019-07-09,2019070901005338,FOWAD,37,16,36,"1,317.00","47,412.00"
2019-07-09,2019070901005314,FOWAD,50,39,25,"1,316.00","32,900.00"
2019-07-09,2019070901005476,GBBL,48,32,100,222.00,"22,200.00"
2019-07-09,2019070901005455,GBBL,48,45,166,222.00,"36,852.00"
2019-07-09,2019070901005647,GBLBS,43,21,10,341.00,"3,410.00"
2019-07-09,2019070901005499,GBLBS,36,8,100,340.00,"34,000.00"
2019-07-09,2019070901005482,GBLBS,10,22,295,341.00,"100,595.00"
2019-07-09,2019070901005481,GBLBS,42,22,50,341.00,"17,050.00"
2019-07-09,2019070901005480,GBLBS,45,22,50,341.00,"17,050.00"
2019-07-09,2019070901005479,GBLBS,10,22,20,341.00,"6,820.00"
2019-07-09,2019070901005478,GBLBS,32,22,40,342.00,"13,680.00"
2019-07-09,2019070901005658,GDBL,48,17,50,213.00,"10,650.00"
2019-07-09,2019070901005429,GDBL,43,17,950,213.00,"202,350.00"
2019-07-09,2019070901005725,GHL,51,29,20,89.00,"1,780.00"
2019-07-09,2019070901005794,GLBSL,19,49,10,402.00,"4,020.00"
2019-07-09,2019070901005597,GLBSL,33,45,10,397.00,"3,970.00"
2019-07-09,2019070901005596,GLBSL,33,38,50,397.00,"19,850.00"
2019-07-09,2019070901005513,GMFBS,29,57,100,438.00,"43,800.00"
2019-07-09,2019070901005512,GMFBS,50,57,20,438.00,"8,760.00"
2019-07-09,2019070901005657,HBL,25,41,25,532.00,"13,300.00"
2019-07-09,2019070901005622,HIDCL,14,14,159,162.00,"25,758.00"
2019-07-09,2019070901005584,HIDCL,59,39,22,161.00,"3,542.00"
2019-07-09,2019070901005583,HIDCL,51,39,978,162.00,"158,436.00"
2019-07-09,2019070901005484,HIDCL,51,6,22,162.00,"3,564.00"
2019-07-09,2019070901005374,HIDCL,59,45,200,161.00,"32,200.00"
2019-07-09,2019070901005329,HIDCL,59,45,72,161.00,"11,592.00"
2019-07-09,2019070901005328,HIDCL,57,45,100,161.00,"16,100.00"
2019-07-09,2019070901005327,HIDCL,38,45,28,161.00,"4,508.00"
2019-07-09,2019070901005323,HIDCL,36,6,292,162.00,"47,304.00"
2019-07-09,2019070901005579,IGI,57,6,140,353.00,"49,420.00"
2019-07-09,2019070901005578,IGI,41,6,20,355.00,"7,100.00"
2019-07-09,2019070901005793,JBBL,58,10,70,162.00,"11,340.00"
2019-07-09,2019070901005792,JBBL,58,10,280,162.00,"45,360.00"
2019-07-09,2019070901005791,JBBL,58,49,220,162.00,"35,640.00"
2019-07-09,2019070901005728,JBBL,11,49,"1,000",161.00,"161,000.00"
2019-07-09,2019070901005727,JBBL,4,49,"1,000",161.00,"161,000.00"
2019-07-09,2019070901005726,JBBL,17,49,500,161.00,"80,500.00"
2019-07-09,2019070901005627,JBBL,7,49,80,162.00,"12,960.00"
2019-07-09,2019070901005617,JBBL,34,49,"2,000",162.00,"324,000.00"
2019-07-09,2019070901005585,JBBL,59,49,100,162.00,"16,200.00"
2019-07-09,2019070901005529,JBBL,59,49,100,162.00,"16,200.00"
2019-07-09,2019070901005444,JBBL,40,45,"2,500",162.00,"405,000.00"
2019-07-09,2019070901005446,JFL,34,1,268,178.00,"47,704.00"
2019-07-09,2019070901005619,JSLBB,29,6,26,942.00,"24,492.00"
2019-07-09,2019070901005620,JSLBB,26,6,24,941.00,"22,584.00"
2019-07-09,2019070901005777,KBL,38,44,20,219.00,"4,380.00"
2019-07-09,2019070901005670,KBL,25,49,100,218.00,"21,800.00"
2019-07-09,2019070901005669,KBL,7,49,70,218.00,"15,260.00"
2019-07-09,2019070901005525,KBL,22,55,226,217.00,"49,042.00"
2019-07-09,2019070901005524,KBL,26,55,34,217.00,"7,378.00"
2019-07-09,2019070901005511,KBL,38,35,149,218.00,"32,482.00"
2019-07-09,2019070901005468,KBL,58,38,"2,551",218.00,"556,118.00"
2019-07-09,2019070901005388,KBL,58,57,100,218.00,"21,800.00"
2019-07-09,2019070901005485,KBL,43,35,251,218.00,"54,718.00"
2019-07-09,2019070901005473,KBL,43,38,249,218.00,"54,282.00"
2019-07-09,2019070901005472,KBL,41,38,200,218.00,"43,600.00"
2019-07-09,2019070901005471,KBL,34,38,"1,000",218.00,"218,000.00"
2019-07-09,2019070901005470,KBL,45,38,400,218.00,"87,200.00"
2019-07-09,2019070901005469,KBL,34,38,100,218.00,"21,800.00"
2019-07-09,2019070901005701,KRBL,25,45,89,116.00,"10,324.00"
2019-07-09,2019070901005700,KRBL,42,45,40,116.00,"4,640.00"
2019-07-09,2019070901005699,KRBL,38,45,20,117.00,"2,340.00"
2019-07-09,2019070901005755,LBBL,25,50,"1,000",191.00,"191,000.00"
2019-07-09,2019070901005754,LBBL,25,32,500,191.00,"95,500.00"
2019-07-09,2019070901005655,LBBL,8,32,"2,000",190.00,"380,000.00"
2019-07-09,2019070901005654,LBBL,48,32,100,190.00,"19,000.00"
2019-07-09,2019070901005571,LBBL,33,35,400,190.00,"76,000.00"
2019-07-09,2019070901005646,LBL,33,4,250,226.00,"56,500.00"
2019-07-09,2019070901005526,LBL,7,4,70,226.00,"15,820.00"
2019-07-09,2019070901005516,LBL,19,4,230,226.00,"51,980.00"
2019-07-09,2019070901005515,LBL,38,4,300,226.00,"67,800.00"
2019-07-09,2019070901005496,LBL,38,20,300,225.00,"67,500.00"
2019-07-09,2019070901005495,LBL,59,20,200,225.00,"45,000.00"
2019-07-09,2019070901005494,LBL,14,20,500,225.00,"112,500.00"
2019-07-09,2019070901005413,LBL,52,4,150,226.00,"33,900.00"
2019-07-09,2019070901005392,LBL,8,57,350,227.00,"79,450.00"
2019-07-09,2019070901005391,LBL,8,58,100,227.00,"22,700.00"
2019-07-09,2019070901005390,LBL,8,20,"1,000",227.00,"227,000.00"
2019-07-09,2019070901005430,LGIL,43,48,84,435.00,"36,540.00"
2019-07-09,2019070901005709,LICN,40,59,250,"1,601.00","400,250.00"
2019-07-09,2019070901005762,MBL,58,44,14,260.00,"3,640.00"
2019-07-09,2019070901005704,MBL,58,26,"1,282",260.00,"333,320.00"
2019-07-09,2019070901005672,MBL,50,28,"1,000",259.00,"259,000.00"
2019-07-09,2019070901005767,MEGA,11,13,373,211.00,"78,703.00"
2019-07-09,2019070901005766,MEGA,29,13,"1,000",211.00,"211,000.00"
2019-07-09,2019070901005765,MEGA,53,13,308,211.00,"64,988.00"
2019-07-09,2019070901005756,MEGA,28,45,20,212.00,"4,240.00"
2019-07-09,2019070901005621,MEGA,53,50,110,211.00,"23,210.00"
2019-07-09,2019070901005569,MEGA,7,45,70,212.00,"14,840.00"
2019-07-09,2019070901005321,MEGA,41,6,100,211.00,"21,100.00"
2019-07-09,2019070901005320,MEGA,34,6,50,211.00,"10,550.00"
2019-07-09,2019070901005319,MEGA,51,6,70,211.00,"14,770.00"
2019-07-09,2019070901005318,MEGA,8,6,60,211.00,"12,660.00"
2019-07-09,2019070901005438,MEGA,41,57,131,211.00,"27,641.00"
2019-07-09,2019070901005393,MEGA,41,51,269,211.00,"56,759.00"
2019-07-09,2019070901005344,MEGA,39,45,893,212.00,"189,316.00"
2019-07-09,2019070901005343,MEGA,39,19,65,212.00,"13,780.00"
2019-07-09,2019070901005342,MEGA,39,19,47,212.00,"9,964.00"
2019-07-09,2019070901005334,MEGA,41,38,500,211.00,"105,500.00"
2019-07-09,2019070901005456,MEGA,53,57,63,211.00,"13,293.00"
2019-07-09,2019070901005443,MEGA,53,57,19,211.00,"4,009.00"
2019-07-09,2019070901005442,MEGA,55,57,150,211.00,"31,650.00"
2019-07-09,2019070901005441,MEGA,3,57,200,211.00,"42,200.00"
2019-07-09,2019070901005440,MEGA,40,57,400,211.00,"84,400.00"
2019-07-09,2019070901005439,MEGA,4,57,"1,000",211.00,"211,000.00"
2019-07-09,2019070901005492,MERO,6,18,47,513.00,"24,111.00"
2019-07-09,2019070901005491,MERO,7,18,10,513.00,"5,130.00"
2019-07-09,2019070901005490,MERO,29,18,11,513.00,"5,643.00"
2019-07-09,2019070901005618,MERO,6,49,117,514.00,"60,138.00"
2019-07-09,2019070901005493,MERO,6,32,20,513.00,"10,260.00"
2019-07-09,2019070901005722,MFIL,29,53,"2,134",130.00,"277,420.00"
2019-07-09,2019070901005721,MFIL,29,8,"1,000",130.00,"130,000.00"
2019-07-09,2019070901005650,MLBL,33,48,20,197.00,"3,940.00"
2019-07-09,2019070901005636,MLBL,33,59,130,195.00,"25,350.00"
2019-07-09,2019070901005635,MLBL,18,20,224,192.00,"43,008.00"
2019-07-09,2019070901005634,MLBL,44,20,"2,000",192.00,"384,000.00"
2019-07-09,2019070901005633,MLBL,18,20,"1,000",193.00,"193,000.00"
2019-07-09,2019070901005632,MLBL,20,20,100,193.00,"19,300.00"
2019-07-09,2019070901005418,MLBL,36,55,201,194.00,"38,994.00"
2019-07-09,2019070901005348,MLBL,36,55,164,194.00,"31,816.00"
2019-07-09,2019070901005631,MLBL,33,20,500,193.00,"96,500.00"
2019-07-09,2019070901005630,MLBL,47,20,176,193.00,"33,968.00"
2019-07-09,2019070901005629,MLBL,36,20,"1,000",194.00,"194,000.00"
2019-07-09,2019070901005527,MNBBL,25,4,50,361.00,"18,050.00"
2019-07-09,2019070901005514,MNBBL,25,4,41,361.00,"14,801.00"
2019-07-09,2019070901005790,NABIL,39,16,74,806.00,"59,644.00"
2019-07-09,2019070901005789,NABIL,39,7,26,806.00,"20,956.00"
2019-07-09,2019070901005761,NABIL,6,50,78,805.00,"62,790.00"
2019-07-09,2019070901005760,NABIL,6,53,60,805.00,"48,300.00"
2019-07-09,2019070901005759,NABIL,6,52,50,805.00,"40,250.00"
2019-07-09,2019070901005758,NABIL,6,29,200,804.00,"160,800.00"
2019-07-09,2019070901005538,NABIL,59,41,89,802.00,"71,378.00"
2019-07-09,2019070901005510,NABIL,6,45,11,801.00,"8,811.00"
2019-07-09,2019070901005509,NABIL,49,45,10,801.00,"8,010.00"
2019-07-09,2019070901005757,NABIL,6,6,112,804.00,"90,048.00"
2019-07-09,2019070901005684,NABIL,59,4,50,802.00,"40,100.00"
2019-07-09,2019070901005671,NABIL,59,4,48,802.00,"38,496.00"
2019-07-09,2019070901005626,NABIL,59,34,59,802.00,"47,318.00"
2019-07-09,2019070901005576,NABIL,59,4,12,802.00,"9,624.00"
2019-07-09,2019070901005539,NABIL,59,13,24,803.00,"19,272.00"
2019-07-09,2019070901005565,NADEP,43,54,20,408.00,"8,160.00"
2019-07-09,2019070901005310,NADEP,43,33,20,406.00,"8,120.00"
2019-07-09,2019070901005564,NBB,38,20,311,218.00,"67,798.00"
2019-07-09,2019070901005545,NBB,21,20,200,220.00,"44,000.00"
2019-07-09,2019070901005544,NBB,58,20,400,220.00,"88,000.00"
2019-07-09,2019070901005543,NBB,36,20,223,220.00,"49,060.00"
2019-07-09,2019070901005373,NBB,36,45,100,220.00,"22,000.00"
2019-07-09,2019070901005551,NBB,44,20,50,219.00,"10,950.00"
2019-07-09,2019070901005550,NBB,38,20,170,219.00,"37,230.00"
2019-07-09,2019070901005549,NBB,33,20,100,219.00,"21,900.00"
2019-07-09,2019070901005548,NBB,6,20,522,219.00,"114,318.00"
2019-07-09,2019070901005547,NBB,6,20,"1,390",220.00,"305,800.00"
2019-07-09,2019070901005546,NBB,56,20,300,220.00,"66,000.00"
2019-07-09,2019070901005557,NBB,34,20,"2,000",219.00,"438,000.00"
2019-07-09,2019070901005556,NBB,32,20,500,219.00,"109,500.00"
2019-07-09,2019070901005555,NBB,25,20,"1,000",219.00,"219,000.00"
2019-07-09,2019070901005554,NBB,52,20,500,219.00,"109,500.00"
2019-07-09,2019070901005553,NBB,49,20,"1,000",219.00,"219,000.00"
2019-07-09,2019070901005552,NBB,49,20,100,219.00,"21,900.00"
2019-07-09,2019070901005563,NBB,44,20,400,218.00,"87,200.00"
2019-07-09,2019070901005562,NBB,25,20,300,218.00,"65,400.00"
2019-07-09,2019070901005561,NBB,49,20,"1,000",218.00,"218,000.00"
2019-07-09,2019070901005560,NBB,35,20,100,218.00,"21,800.00"
2019-07-09,2019070901005559,NBB,26,20,200,218.00,"43,600.00"
2019-07-09,2019070901005558,NBB,25,20,190,218.00,"41,420.00"
2019-07-09,2019070901005656,NBL,16,6,40,335.00,"13,400.00"
2019-07-09,2019070901005454,NBL,38,42,313,336.00,"105,168.00"
2019-07-09,2019070901005410,NBL,45,42,200,336.00,"67,200.00"
2019-07-09,2019070901005409,NBL,5,42,487,336.00,"163,632.00"
2019-07-09,2019070901005397,NBL,5,44,16,336.00,"5,376.00"
2019-07-09,2019070901005396,NBL,19,44,100,336.00,"33,600.00"
2019-07-09,2019070901005395,NBL,33,44,134,336.00,"45,024.00"
2019-07-09,2019070901005308,NBL,33,37,166,336.00,"55,776.00"
2019-07-09,2019070901005307,NBL,35,37,834,336.00,"280,224.00"
2019-07-09,2019070901005572,NCCB,58,40,10,245.00,"2,450.00"
2019-07-09,2019070901005536,NCCB,8,51,"1,000",243.00,"243,000.00"
2019-07-09,2019070901005535,NCCB,8,45,250,243.00,"60,750.00"
2019-07-09,2019070901005534,NCCB,8,51,673,243.00,"163,539.00"
2019-07-09,2019070901005487,NCCB,48,51,200,243.00,"48,600.00"
2019-07-09,2019070901005460,NCCB,42,51,20,243.00,"4,860.00"
2019-07-09,2019070901005570,NGPL,26,1,50,118.00,"5,900.00"
2019-07-09,2019070901005523,NHPC,49,48,50,65.00,"3,250.00"
2019-07-09,2019070901005522,NHPC,7,48,10,65.00,650.00
2019-07-09,2019070901005521,NHPC,41,48,550,65.00,"35,750.00"
2019-07-09,2019070901005371,NHPC,41,41,500,65.00,"32,500.00"
2019-07-09,2019070901005715,NIB,17,8,100,516.00,"51,600.00"
2019-07-09,2019070901005685,NIB,17,8,50,516.00,"25,800.00"
2019-07-09,2019070901005600,NIB,7,8,30,516.00,"15,480.00"
2019-07-09,2019070901005573,NIB,6,56,200,515.00,"103,000.00"
2019-07-09,2019070901005541,NIB,49,13,100,516.00,"51,600.00"
2019-07-09,2019070901005423,NIB,6,34,17,515.00,"8,755.00"
2019-07-09,2019070901005422,NIB,6,56,268,515.00,"138,020.00"
2019-07-09,2019070901005741,NIBPO,45,4,30,469.00,"14,070.00"
2019-07-09,2019070901005740,NIBPO,49,4,60,469.00,"28,140.00"
2019-07-09,2019070901005615,NIBPO,56,4,200,471.00,"94,200.00"
2019-07-09,2019070901005434,NIBPO,14,4,100,469.00,"46,900.00"
2019-07-09,2019070901005433,NIBPO,54,4,40,469.00,"18,760.00"
2019-07-09,2019070901005432,NIBPO,13,4,700,469.00,"328,300.00"
2019-07-09,2019070901005431,NIBPO,32,4,100,469.00,"46,900.00"
2019-07-09,2019070901005341,NIBPO,56,4,200,470.00,"94,000.00"
2019-07-09,2019070901005437,NIBPO,49,4,440,469.00,"206,360.00"
2019-07-09,2019070901005436,NIBPO,35,4,200,469.00,"93,800.00"
2019-07-09,2019070901005435,NIBPO,45,4,20,469.00,"9,380.00"
2019-07-09,2019070901005796,NICA,45,4,10,449.00,"4,490.00"
2019-07-09,2019070901005717,NICA,38,49,86,447.00,"38,442.00"
2019-07-09,2019070901005716,NICA,33,49,100,447.00,"44,700.00"
2019-07-09,2019070901005623,NICA,44,57,100,448.00,"44,800.00"
2019-07-09,2019070901005577,NICA,45,4,250,448.00,"112,000.00"
2019-07-09,2019070901005566,NICA,45,35,199,448.00,"89,152.00"
2019-07-09,2019070901005502,NICA,45,4,500,448.00,"224,000.00"
2019-07-09,2019070901005486,NICA,45,4,500,448.00,"224,000.00"
2019-07-09,2019070901005465,NICA,45,4,550,448.00,"246,400.00"
2019-07-09,2019070901005464,NICA,45,4,50,448.00,"22,400.00"
2019-07-09,2019070901005346,NICA,45,4,200,449.00,"89,800.00"
2019-07-09,2019070901005708,NICL,44,54,100,350.00,"35,000.00"
2019-07-09,2019070901005707,NICL,26,54,500,350.00,"175,000.00"
2019-07-09,2019070901005706,NICL,35,54,200,351.00,"70,200.00"
2019-07-09,2019070901005705,NICL,37,54,200,351.00,"70,200.00"
2019-07-09,2019070901005628,NICL,21,21,59,352.00,"20,768.00"
2019-07-09,2019070901005477,NICL,6,21,83,352.00,"29,216.00"
2019-07-09,2019070901005720,NLBBL,22,21,168,483.00,"81,144.00"
2019-07-09,2019070901005461,NLBBL,14,59,80,484.00,"38,720.00"
2019-07-09,2019070901005724,NLG,16,18,48,720.00,"34,560.00"
2019-07-09,2019070901005723,NLG,6,18,52,720.00,"37,440.00"
2019-07-09,2019070901005679,NLG,14,14,100,721.00,"72,100.00"
2019-07-09,2019070901005651,NLG,6,49,40,720.00,"28,800.00"
2019-07-09,2019070901005645,NLG,6,52,50,720.00,"36,000.00"
2019-07-09,2019070901005625,NLG,6,6,58,720.00,"41,760.00"
2019-07-09,2019070901005624,NLG,35,6,167,726.00,"121,242.00"
2019-07-09,2019070901005299,NLG,35,6,33,726.00,"23,958.00"
2019-07-09,2019070901005698,NLIC,34,28,79,893.00,"70,547.00"
2019-07-09,2019070901005697,NLIC,34,35,621,890.00,"552,690.00"
2019-07-09,2019070901005610,NLIC,26,40,93,888.00,"82,584.00"
2019-07-09,2019070901005609,NLIC,41,40,100,888.00,"88,800.00"
2019-07-09,2019070901005608,NLIC,34,40,22,888.00,"19,536.00"
2019-07-09,2019070901005607,NLIC,55,40,60,889.00,"53,340.00"
2019-07-09,2019070901005384,NLIC,34,35,466,890.00,"414,740.00"
2019-07-09,2019070901005488,NLIC,55,36,20,889.00,"17,780.00"
2019-07-09,2019070901005415,NLIC,55,48,20,889.00,"17,780.00"
2019-07-09,2019070901005414,NLIC,29,48,20,889.00,"17,780.00"
2019-07-09,2019070901005387,NLIC,42,35,50,890.00,"44,500.00"
2019-07-09,2019070901005386,NLIC,21,35,100,890.00,"89,000.00"
2019-07-09,2019070901005385,NLIC,33,35,500,890.00,"445,000.00"
2019-07-09,2019070901005507,NLICL,11,22,500,580.00,"290,000.00"
2019-07-09,2019070901005506,NLICL,51,22,14,580.00,"8,120.00"
2019-07-09,2019070901005370,NLICL,51,22,36,580.00,"20,880.00"
2019-07-09,2019070901005369,NLICL,55,22,100,580.00,"58,000.00"
2019-07-09,2019070901005368,NLICL,11,22,20,580.00,"11,600.00"
2019-07-09,2019070901005367,NLICL,44,22,50,580.00,"29,000.00"
2019-07-09,2019070901005366,NLICL,44,22,100,580.00,"58,000.00"
2019-07-09,2019070901005365,NLICL,21,22,100,580.00,"58,000.00"
2019-07-09,2019070901005364,NLICL,16,22,207,580.00,"120,060.00"
2019-07-09,2019070901005363,NLICL,59,22,50,581.00,"29,050.00"
2019-07-09,2019070901005362,NLICL,28,22,37,581.00,"21,497.00"
2019-07-09,2019070901005330,NMBMF,35,6,35,976.00,"34,160.00"
2019-07-09,2019070901005696,NMFBS,33,16,70,"1,400.00","98,000.00"
2019-07-09,2019070901005666,NMFBS,38,16,42,"1,402.00","58,884.00"
2019-07-09,2019070901005586,NMFBS,34,16,30,"1,403.00","42,090.00"
2019-07-09,2019070901005542,NMFBS,33,16,50,"1,404.00","70,200.00"
2019-07-09,2019070901005531,NMFBS,44,16,30,"1,405.00","42,150.00"
2019-07-09,2019070901005517,NMFBS,33,16,100,"1,407.00","140,700.00"
2019-07-09,2019070901005504,NMFBS,14,16,50,"1,408.00","70,400.00"
2019-07-09,2019070901005372,NNLB,16,10,100,399.00,"39,900.00"
2019-07-09,2019070901005739,NTC,28,34,15,694.00,"10,410.00"
2019-07-09,2019070901005614,NTC,50,4,350,687.00,"240,450.00"
2019-07-09,2019070901005613,NTC,17,4,30,688.00,"20,640.00"
2019-07-09,2019070901005612,NTC,32,4,10,688.00,"6,880.00"
2019-07-09,2019070901005611,NTC,33,4,10,693.00,"6,930.00"
2019-07-09,2019070901005773,PCBL,25,42,100,274.00,"27,400.00"
2019-07-09,2019070901005681,PCBL,26,19,143,276.00,"39,468.00"
2019-07-09,2019070901005680,PCBL,26,45,30,276.00,"8,280.00"
2019-07-09,2019070901005587,PCBL,25,39,548,274.00,"150,152.00"
2019-07-09,2019070901005528,PCBL,11,39,"1,500",274.00,"411,000.00"
2019-07-09,2019070901005500,PCBL,11,39,"1,500",274.00,"411,000.00"
2019-07-09,2019070901005379,PCBL,6,39,500,274.00,"137,000.00"
2019-07-09,2019070901005326,PCBL,34,3,79,273.00,"21,567.00"
2019-07-09,2019070901005750,PIC,53,38,40,494.00,"19,760.00"
2019-07-09,2019070901005649,PIC,34,17,60,495.00,"29,700.00"
2019-07-09,2019070901005593,PIC,53,45,69,494.00,"34,086.00"
2019-07-09,2019070901005582,PIC,53,50,447,494.00,"220,818.00"
2019-07-09,2019070901005581,PIC,11,50,100,494.00,"49,400.00"
2019-07-09,2019070901005580,PIC,25,50,153,494.00,"75,582.00"
2019-07-09,2019070901005411,PIC,25,39,59,494.00,"29,146.00"
2019-07-09,2019070901005312,PIC,25,35,50,494.00,"24,700.00"
2019-07-09,2019070901005786,PLIC,26,18,152,432.00,"65,664.00"
2019-07-09,2019070901005785,PLIC,17,18,48,432.00,"20,736.00"
2019-07-09,2019070901005743,PLIC,17,37,78,432.00,"33,696.00"
2019-07-09,2019070901005394,PLIC,33,16,423,433.00,"183,159.00"
2019-07-09,2019070901005347,PLIC,48,16,200,433.00,"86,600.00"
2019-07-09,2019070901005784,PPCL,56,53,30,139.00,"4,170.00"
2019-07-09,2019070901005783,PPCL,56,25,30,139.00,"4,170.00"
2019-07-09,2019070901005782,PPCL,56,42,10,139.00,"1,390.00"
2019-07-09,2019070901005781,PPCL,56,16,30,139.00,"4,170.00"
2019-07-09,2019070901005780,PPCL,56,16,10,139.00,"1,390.00"
2019-07-09,2019070901005779,PPCL,56,42,10,139.00,"1,390.00"
2019-07-09,2019070901005749,PRIN,56,13,75,366.00,"27,450.00"
2019-07-09,2019070901005714,PRVU,8,34,"1,000",263.00,"263,000.00"
2019-07-09,2019070901005713,PRVU,8,14,516,263.00,"135,708.00"
2019-07-09,2019070901005712,PRVU,8,49,992,263.00,"260,896.00"
2019-07-09,2019070901005711,PRVU,8,17,400,263.00,"105,200.00"
2019-07-09,2019070901005710,PRVU,8,50,500,263.00,"131,500.00"
2019-07-09,2019070901005606,PRVU,38,13,500,262.00,"131,000.00"
2019-07-09,2019070901005605,PRVU,38,13,500,262.00,"131,000.00"
2019-07-09,2019070901005677,RADHI,22,47,10,150.00,"1,500.00"
2019-07-09,2019070901005383,RADHI,54,36,989,148.00,"146,372.00"
2019-07-09,2019070901005382,RADHI,54,8,11,147.00,"1,617.00"
2019-07-09,2019070901005381,RADHI,54,33,11,146.00,"1,606.00"
2019-07-09,2019070901005742,RLFL,28,16,20,124.00,"2,480.00"
2019-07-09,2019070901005653,RLFL,25,13,10,123.00,"1,230.00"
2019-07-09,2019070901005652,RLFL,38,13,100,123.00,"12,300.00"
2019-07-09,2019070901005774,RMDC,5,13,17,667.00,"11,339.00"
2019-07-09,2019070901005734,RMDC,5,19,270,667.00,"180,090.00"
2019-07-09,2019070901005733,RMDC,28,19,30,667.00,"20,010.00"
2019-07-09,2019070901005732,RMDC,5,19,58,668.00,"38,744.00"
2019-07-09,2019070901005683,SADBL,34,43,700,160.00,"112,000.00"
2019-07-09,2019070901005640,SADBL,34,33,400,160.00,"64,000.00"
2019-07-09,2019070901005361,SADBL,34,59,"2,500",160.00,"400,000.00"
2019-07-09,2019070901005360,SADBL,34,59,"2,500",160.00,"400,000.00"
2019-07-09,2019070901005359,SADBL,34,59,"10,000",160.00,"1,600,000.00"
2019-07-09,2019070901005358,SADBL,34,6,128,160.00,"20,480.00"
2019-07-09,2019070901005357,SADBL,34,59,301,160.00,"48,160.00"
2019-07-09,2019070901005356,SADBL,34,51,260,160.00,"41,600.00"
2019-07-09,2019070901005355,SADBL,34,13,443,160.00,"70,880.00"
2019-07-09,2019070901005797,SANIMA,39,42,39,342.00,"13,338.00"
2019-07-09,2019070901005682,SANIMA,39,47,"1,961",341.00,"668,701.00"
2019-07-09,2019070901005668,SANIMA,39,47,300,341.00,"102,300.00"
2019-07-09,2019070901005540,SBI,5,13,50,462.00,"23,100.00"
2019-07-09,2019070901005339,SHINE,57,45,40,253.00,"10,120.00"
2019-07-09,2019070901005776,SHIVM,34,45,10,610.00,"6,100.00"
2019-07-09,2019070901005752,SHIVM,10,45,10,610.00,"6,100.00"
2019-07-09,2019070901005644,SHIVM,21,14,200,609.00,"121,800.00"
2019-07-09,2019070901005643,SHIVM,21,35,200,608.00,"121,600.00"
2019-07-09,2019070901005642,SHIVM,21,51,535,608.00,"325,280.00"
2019-07-09,2019070901005641,SHIVM,21,45,150,608.00,"91,200.00"
2019-07-09,2019070901005589,SHIVM,21,22,250,606.00,"151,500.00"
2019-07-09,2019070901005315,SHPC,40,32,300,251.00,"75,300.00"
2019-07-09,2019070901005412,SICL,16,16,1,750.00,750.00
2019-07-09,2019070901005590,SICL,39,50,207,763.00,"157,941.00"
2019-07-09,2019070901005599,SIFC,56,19,300,155.00,"46,500.00"
2019-07-09,2019070901005309,SIL,25,25,10,451.00,"4,510.00"
2019-07-09,2019070901005748,SKBBL,22,16,10,950.00,"9,500.00"
2019-07-09,2019070901005575,SKBBL,35,52,25,939.00,"23,475.00"
2019-07-09,2019070901005574,SKBBL,35,52,50,939.00,"46,950.00"
2019-07-09,2019070901005519,SLBSL,52,42,10,527.00,"5,270.00"
2019-07-09,2019070901005775,SLICL,25,40,100,453.00,"45,300.00"
2019-07-09,2019070901005678,SLICL,25,37,30,453.00,"13,590.00"
2019-07-09,2019070901005595,SLICL,25,51,70,453.00,"31,710.00"
2019-07-09,2019070901005336,SLICL,25,35,100,453.00,"45,300.00"
2019-07-09,2019070901005594,SLICL,14,51,160,454.00,"72,640.00"
2019-07-09,2019070901005588,SLICL,14,49,40,454.00,"18,160.00"
2019-07-09,2019070901005458,SLICL,25,6,177,453.00,"80,181.00"
2019-07-09,2019070901005340,SMATA,48,17,19,"1,099.00","20,881.00"
2019-07-09,2019070901005331,SMATA,48,17,19,"1,099.00","20,881.00"
2019-07-09,2019070901005753,SMFBS,18,43,10,478.00,"4,780.00"
2019-07-09,2019070901005738,SMFBS,34,25,10,472.00,"4,720.00"
2019-07-09,2019070901005735,SMFBS,34,47,10,472.00,"4,720.00"
2019-07-09,2019070901005731,SMFBS,18,29,10,478.00,"4,780.00"
2019-07-09,2019070901005730,SMFBS,18,45,10,475.00,"4,750.00"
2019-07-09,2019070901005673,SMFBS,34,47,10,472.00,"4,720.00"
2019-07-09,2019070901005648,SMFBS,34,47,10,472.00,"4,720.00"
2019-07-09,2019070901005591,SMFBS,34,55,20,472.00,"9,440.00"
2019-07-09,2019070901005520,SMFBS,34,21,10,472.00,"4,720.00"
2019-07-09,2019070901005501,SMFBS,34,21,10,472.00,"4,720.00"
2019-07-09,2019070901005424,SMFBS,34,58,10,472.00,"4,720.00"
2019-07-09,2019070901005389,SMFBS,34,56,10,472.00,"4,720.00"
2019-07-09,2019070901005324,SMFDB,58,56,30,490.00,"14,700.00"
2019-07-09,2019070901005311,SMFDB,42,56,50,490.00,"24,500.00"
2019-07-09,2019070901005737,SPARS,38,43,10,435.00,"4,350.00"
2019-07-09,2019070901005508,SPARS,34,34,10,429.00,"4,290.00"
2019-07-09,2019070901005305,TRH,36,6,"1,000",317.00,"317,000.00"
2019-07-09,2019070901005304,TRH,36,45,"2,000",317.00,"634,000.00"
2019-07-09,2019070901005303,TRH,36,52,229,317.00,"72,593.00"
2019-07-09,2019070901005302,TRH,36,28,500,316.00,"158,000.00"
2019-07-09,2019070901005301,TRH,36,46,435,316.00,"137,460.00"
2019-07-09,2019070901005703,UIC,21,22,200,860.00,"172,000.00"
2019-07-09,2019070901005702,UIC,39,22,100,860.00,"86,000.00"
2019-07-09,2019070901005795,UMHL,59,47,57,111.00,"6,327.00"
2019-07-09,2019070901005692,UPPER,14,48,36,265.00,"9,540.00"
2019-07-09,2019070901005691,UPPER,50,48,14,265.00,"3,710.00"
2019-07-09,2019070901005445,UPPER,59,26,"1,000",266.00,"266,000.00"
2019-07-09,2019070901005380,UPPER,28,26,"1,000",266.00,"266,000.00"
2019-07-09,2019070901005316,UPPER,50,21,50,265.00,"13,250.00"
2019-07-09,2019070901004947,ADBL,57,19,200,405.00,"81,000.00"
2019-07-09,2019070901005215,AHPC,22,22,145,105.00,"15,225.00"
2019-07-09,2019070901005214,AHPC,19,22,355,105.00,"37,275.00"
2019-07-09,2019070901005127,AHPC,19,45,114,105.00,"11,970.00"
2019-07-09,2019070901005004,AHPC,19,45,31,105.00,"3,255.00"
2019-07-09,2019070901005003,AHPC,45,45,104,105.00,"10,920.00"
2019-07-09,2019070901004881,AHPC,22,26,90,107.00,"9,630.00"
2019-07-09,2019070901004880,AHPC,22,37,"1,510",106.00,"160,060.00"
2019-07-09,2019070901004817,AHPC,51,37,50,106.00,"5,300.00"
2019-07-09,2019070901005250,ALICL,16,34,480,382.00,"183,360.00"
2019-07-09,2019070901005249,ALICL,51,34,50,383.00,"19,150.00"
2019-07-09,2019070901005110,API,25,45,48,144.00,"6,912.00"
2019-07-09,2019070901005099,API,47,25,332,143.00,"47,476.00"
2019-07-09,2019070901005171,BOKL,6,45,400,257.00,"102,800.00"
2019-07-09,2019070901004892,BOKL,6,11,17,257.00,"4,369.00"
2019-07-09,2019070901004823,BOKL,22,10,100,258.00,"25,800.00"
2019-07-09,2019070901004820,BOKL,32,10,71,258.00,"18,318.00"
2019-07-09,2019070901005093,BPCL,40,51,857,407.00,"348,799.00"
2019-07-09,2019070901005012,BPCL,40,45,143,407.00,"58,201.00"
2019-07-09,2019070901004942,CBBL,38,44,50,950.00,"47,500.00"
2019-07-09,2019070901005238,CBL,22,11,500,157.00,"78,500.00"
2019-07-09,2019070901005156,CBL,48,45,300,157.00,"47,100.00"
2019-07-09,2019070901005026,CBL,49,45,529,156.00,"82,524.00"
2019-07-09,2019070901005025,CBL,34,45,300,156.00,"46,800.00"
2019-07-09,2019070901005024,CBL,26,45,171,156.00,"26,676.00"
2019-07-09,2019070901005008,CBL,17,45,100,157.00,"15,700.00"
2019-07-09,2019070901005007,CBL,40,45,600,157.00,"94,200.00"
2019-07-09,2019070901004953,CBL,39,25,500,158.00,"79,000.00"
2019-07-09,2019070901005143,CCBL,42,40,500,178.00,"89,000.00"
2019-07-09,2019070901005067,CCBL,42,52,187,178.00,"33,286.00"
2019-07-09,2019070901005066,CCBL,19,52,13,178.00,"2,314.00"
2019-07-09,2019070901004922,CCBL,19,26,187,178.00,"33,286.00"
2019-07-09,2019070901004921,CCBL,14,26,63,178.00,"11,214.00"
2019-07-09,2019070901004975,CEFL,44,44,70,100.00,"7,000.00"
2019-07-09,2019070901004929,CFCL,33,17,40,120.00,"4,800.00"
2019-07-09,2019070901005030,CHCL,28,45,172,512.00,"88,064.00"
2019-07-09,2019070901004888,CHCL,42,36,50,514.00,"25,700.00"
2019-07-09,2019070901005132,CLBSL,54,52,10,548.00,"5,480.00"
2019-07-09,2019070901004988,CLBSL,11,55,50,510.00,"25,500.00"
2019-07-09,2019070901004861,CLBSL,11,55,72,510.00,"36,720.00"
2019-07-09,2019070901005177,CZBIL,13,45,21,220.00,"4,620.00"
2019-07-09,2019070901005105,CZBIL,51,14,50,221.00,"11,050.00"
2019-07-09,2019070901005104,CZBIL,42,14,200,221.00,"44,200.00"
2019-07-09,2019070901005103,CZBIL,6,14,10,221.00,"2,210.00"
2019-07-09,2019070901005263,DBBL,34,42,350,143.00,"50,050.00"
2019-07-09,2019070901005275,DDBL,35,43,20,713.00,"14,260.00"
2019-07-09,2019070901005269,DDBL,35,43,30,713.00,"21,390.00"
2019-07-09,2019070901005228,DDBL,35,43,30,713.00,"21,390.00"
2019-07-09,2019070901005224,DDBL,35,43,20,713.00,"14,260.00"
2019-07-09,2019070901005211,DDBL,44,22,50,710.00,"35,500.00"
2019-07-09,2019070901005210,DDBL,49,22,40,710.00,"28,400.00"
2019-07-09,2019070901004834,DDBL,35,45,50,712.00,"35,600.00"
2019-07-09,2019070901005138,DDBL,35,47,17,713.00,"12,121.00"
2019-07-09,2019070901005137,DDBL,35,43,13,712.00,"9,256.00"
2019-07-09,2019070901005062,DDBL,35,45,50,712.00,"35,600.00"
2019-07-09,2019070901005054,DDBL,35,45,30,712.00,"21,360.00"
2019-07-09,2019070901005035,DDBL,35,45,20,712.00,"14,240.00"
2019-07-09,2019070901005023,DDBL,35,45,20,712.00,"14,240.00"
2019-07-09,2019070901005209,DDBL,29,22,10,711.00,"7,110.00"
2019-07-09,2019070901005205,DDBL,35,17,50,714.00,"35,700.00"
2019-07-09,2019070901005179,DDBL,35,17,50,714.00,"35,700.00"
2019-07-09,2019070901005173,DDBL,35,17,17,714.00,"12,138.00"
2019-07-09,2019070901005172,DDBL,35,47,33,713.00,"23,529.00"
2019-07-09,2019070901005162,DDBL,35,47,50,713.00,"35,650.00"
2019-07-09,2019070901005050,EBL,14,8,159,650.00,"103,350.00"
2019-07-09,2019070901004807,EBL,13,42,100,651.00,"65,100.00"
2019-07-09,2019070901005246,EDBL,10,36,300,285.00,"85,500.00"
2019-07-09,2019070901005264,FMDBL,49,26,100,378.00,"37,800.00"
2019-07-09,2019070901004908,FMDBL,3,19,20,380.00,"7,600.00"
2019-07-09,2019070901005271,FOWAD,51,16,50,"1,317.00","65,850.00"
2019-07-09,2019070901005270,FOWAD,6,16,43,"1,317.00","56,631.00"
2019-07-09,2019070901005178,FOWAD,6,40,57,"1,317.00","75,069.00"
2019-07-09,2019070901004827,FOWAD,41,36,18,"1,320.00","23,760.00"
2019-07-09,2019070901004826,FOWAD,49,36,10,"1,321.00","13,210.00"
2019-07-09,2019070901004825,FOWAD,40,36,22,"1,321.00","29,062.00"
2019-07-09,2019070901004800,FOWAD,40,16,18,"1,321.00","23,778.00"
2019-07-09,2019070901004915,GBBL,36,29,92,224.00,"20,608.00"
2019-07-09,2019070901004914,GBBL,36,17,"1,458",223.00,"325,134.00"
2019-07-09,2019070901004913,GBBL,36,35,450,223.00,"100,350.00"
2019-07-09,2019070901004894,GBBL,48,17,50,222.00,"11,100.00"
2019-07-09,2019070901005072,GBLBS,32,46,10,342.00,"3,420.00"
2019-07-09,2019070901005183,GDBL,43,42,50,213.00,"10,650.00"
2019-07-09,2019070901005182,GDBL,43,42,50,213.00,"10,650.00"
2019-07-09,2019070901004804,GDBL,45,17,"1,000",214.00,"214,000.00"
2019-07-09,2019070901004803,GDBL,45,17,30,214.00,"6,420.00"
2019-07-09,2019070901004941,GDBL,43,17,50,213.00,"10,650.00"
2019-07-09,2019070901005190,GHL,51,55,150,90.00,"13,500.00"
2019-07-09,2019070901005189,GHL,51,14,50,90.00,"4,500.00"
2019-07-09,2019070901005028,GLBSL,58,49,10,391.00,"3,910.00"
2019-07-09,2019070901004806,GLICL,11,41,11,480.00,"5,280.00"
2019-07-09,2019070901004963,GMFIL,8,49,401,127.00,"50,927.00"
2019-07-09,2019070901005124,GRDBL,17,39,345,116.00,"40,020.00"
2019-07-09,2019070901005123,GRDBL,17,39,400,116.00,"46,400.00"
2019-07-09,2019070901005122,GRDBL,36,39,255,117.00,"29,835.00"
2019-07-09,2019070901005106,GUFL,28,28,10,119.00,"1,190.00"
2019-07-09,2019070901005084,GUFL,28,35,592,121.00,"71,632.00"
2019-07-09,2019070901005083,GUFL,28,59,50,121.00,"6,050.00"
2019-07-09,2019070901004868,HBL,42,41,50,535.00,"26,750.00"
2019-07-09,2019070901004816,HBL,11,41,50,535.00,"26,750.00"
2019-07-09,2019070901005212,HIDCL,36,35,174,163.00,"28,362.00"
2019-07-09,2019070901005157,HIDCL,36,45,200,161.00,"32,200.00"
2019-07-09,2019070901005082,HIDCL,32,57,274,162.00,"44,388.00"
2019-07-09,2019070901004808,HIDCL,32,1,61,162.00,"9,882.00"
2019-07-09,2019070901005229,HURJA,1,40,20,141.00,"2,820.00"
2019-07-09,2019070901004956,HURJA,1,34,100,141.00,"14,100.00"
2019-07-09,2019070901004854,IGI,42,6,110,360.00,"39,600.00"
2019-07-09,2019070901004853,IGI,42,50,190,360.00,"68,400.00"
2019-07-09,2019070901005102,IGI,42,6,30,359.00,"10,770.00"
2019-07-09,2019070901005181,JBBL,52,16,493,162.00,"79,866.00"
2019-07-09,2019070901005034,JBBL,40,17,"1,000",163.00,"163,000.00"
2019-07-09,2019070901005033,JBBL,40,49,950,163.00,"154,850.00"
2019-07-09,2019070901005017,JBBL,58,49,50,163.00,"8,150.00"
2019-07-09,2019070901004911,JBBL,38,25,784,163.00,"127,792.00"
2019-07-09,2019070901004910,JBBL,38,49,500,163.00,"81,500.00"
2019-07-09,2019070901004906,JBBL,52,38,"1,084",162.00,"175,608.00"
2019-07-09,2019070901004905,JBBL,39,38,200,162.00,"32,400.00"
2019-07-09,2019070901004835,JBBL,57,49,500,163.00,"81,500.00"
2019-07-09,2019070901004961,JSLBB,29,17,34,942.00,"32,028.00"
2019-07-09,2019070901004960,JSLBB,34,17,16,942.00,"15,072.00"
2019-07-09,2019070901005184,KBL,58,45,349,218.00,"76,082.00"
2019-07-09,2019070901004980,KBL,42,44,30,219.00,"6,570.00"
2019-07-09,2019070901004860,KBL,51,44,25,219.00,"5,475.00"
2019-07-09,2019070901005161,KPCL,59,3,10,91.00,910.00
2019-07-09,2019070901005220,KSBBL,45,34,"1,000",157.00,"157,000.00"
2019-07-09,2019070901005219,KSBBL,54,34,178,157.00,"27,946.00"
2019-07-09,2019070901004812,KSBBL,54,48,32,157.00,"5,024.00"
2019-07-09,2019070901004811,KSBBL,42,48,100,157.00,"15,700.00"
2019-07-09,2019070901004810,KSBBL,35,48,69,157.00,"10,833.00"
2019-07-09,2019070901005010,LBBL,33,1,100,190.00,"19,000.00"
2019-07-09,2019070901005009,LBBL,33,33,500,190.00,"95,000.00"
2019-07-09,2019070901004995,LBBL,14,49,29,189.00,"5,481.00"
2019-07-09,2019070901004944,LBBL,14,22,68,189.00,"12,852.00"
2019-07-09,2019070901005216,LBL,52,49,50,226.00,"11,300.00"
2019-07-09,2019070901005149,LBL,7,36,800,226.00,"180,800.00"
2019-07-09,2019070901005148,LBL,4,36,"1,000",226.00,"226,000.00"
2019-07-09,2019070901005147,LBL,54,36,51,226.00,"11,526.00"
2019-07-09,2019070901005014,LBL,22,34,197,227.00,"44,719.00"
2019-07-09,2019070901004846,LBL,45,11,100,226.00,"22,600.00"
2019-07-09,2019070901004845,LBL,25,11,200,226.00,"45,200.00"
2019-07-09,2019070901004972,LBL,54,57,150,226.00,"33,900.00"
2019-07-09,2019070901004969,LBL,32,34,700,227.00,"158,900.00"
2019-07-09,2019070901004966,LBL,54,17,60,226.00,"13,560.00"
2019-07-09,2019070901004849,LBL,54,11,39,226.00,"8,814.00"
2019-07-09,2019070901004848,LBL,33,11,"1,000",226.00,"226,000.00"
2019-07-09,2019070901004847,LBL,45,11,100,226.00,"22,600.00"
2019-07-09,2019070901005230,LGIL,43,34,100,436.00,"43,600.00"
2019-07-09,2019070901004952,LGIL,51,36,120,437.00,"52,440.00"
2019-07-09,2019070901004951,LGIL,34,36,679,437.00,"296,723.00"
2019-07-09,2019070901004950,LGIL,53,36,250,438.00,"109,500.00"
2019-07-09,2019070901004949,LGIL,43,36,100,438.00,"43,800.00"
2019-07-09,2019070901004948,LGIL,43,36,464,439.00,"203,696.00"
2019-07-09,2019070901004871,LICN,56,59,45,"1,607.00","72,315.00"
2019-07-09,2019070901005265,MBL,38,26,219,258.00,"56,502.00"
2019-07-09,2019070901004909,MBL,11,26,300,258.00,"77,400.00"
2019-07-09,2019070901004886,MBL,8,26,"1,000",258.00,"258,000.00"
2019-07-09,2019070901004885,MBL,32,26,160,258.00,"41,280.00"
2019-07-09,2019070901004884,MBL,38,26,21,258.00,"5,418.00"
2019-07-09,2019070901005155,MDB,28,39,229,234.00,"53,586.00"
2019-07-09,2019070901005154,MDB,13,39,50,235.00,"11,750.00"
2019-07-09,2019070901005153,MDB,42,39,100,235.00,"23,500.00"
2019-07-09,2019070901005152,MDB,42,39,50,235.00,"11,750.00"
2019-07-09,2019070901005151,MDB,25,39,30,236.00,"7,080.00"
2019-07-09,2019070901005150,MDB,35,39,120,236.00,"28,320.00"
2019-07-09,2019070901005252,MEGA,8,39,440,211.00,"92,840.00"
2019-07-09,2019070901005251,MEGA,17,39,61,211.00,"12,871.00"
2019-07-09,2019070901005193,MEGA,17,16,131,211.00,"27,641.00"
2019-07-09,2019070901005186,MEGA,17,54,108,211.00,"22,788.00"
2019-07-09,2019070901005185,MEGA,58,54,392,211.00,"82,712.00"
2019-07-09,2019070901005141,MEGA,58,16,151,211.00,"31,861.00"
2019-07-09,2019070901005060,MEGA,22,19,203,212.00,"43,036.00"
2019-07-09,2019070901005059,MEGA,22,49,97,212.00,"20,564.00"
2019-07-09,2019070901005052,MEGA,58,34,"1,217",211.00,"256,787.00"
2019-07-09,2019070901005036,MEGA,58,45,100,211.00,"21,100.00"
2019-07-09,2019070901005019,MEGA,58,50,700,211.00,"147,700.00"
2019-07-09,2019070901004878,MEGA,58,39,500,211.00,"105,500.00"
2019-07-09,2019070901005290,MERO,29,48,19,513.00,"9,747.00"
2019-07-09,2019070901005289,MERO,57,48,30,514.00,"15,420.00"
2019-07-09,2019070901005288,MERO,1,48,100,514.00,"51,400.00"
2019-07-09,2019070901005287,MERO,6,48,51,515.00,"26,265.00"
2019-07-09,2019070901004840,MERO,6,6,433,515.00,"222,995.00"
2019-07-09,2019070901004815,MERO,36,16,16,514.00,"8,224.00"
2019-07-09,2019070901004964,MERO,6,16,16,515.00,"8,240.00"
2019-07-09,2019070901004923,MFIL,57,8,500,128.00,"64,000.00"
2019-07-09,2019070901004928,MHNL,58,41,30,104.00,"3,120.00"
2019-07-09,2019070901004830,MLBBL,59,59,7,400.00,"2,800.00"
2019-07-09,2019070901004824,MLBL,36,59,323,194.00,"62,662.00"
2019-07-09,2019070901005098,MNBBL,25,17,80,361.00,"28,880.00"
2019-07-09,2019070901005097,MNBBL,25,33,91,361.00,"32,851.00"
2019-07-09,2019070901005096,MNBBL,25,6,49,361.00,"17,689.00"
2019-07-09,2019070901005016,MNBBL,36,6,25,361.00,"9,025.00"
2019-07-09,2019070901004926,MNBBL,52,32,76,360.00,"27,360.00"
2019-07-09,2019070901004925,MNBBL,5,32,24,360.00,"8,640.00"
2019-07-09,2019070901005253,NABIL,49,32,80,801.00,"64,080.00"
2019-07-09,2019070901005236,NABIL,49,16,10,801.00,"8,010.00"
2019-07-09,2019070901005235,NABIL,29,16,242,801.00,"193,842.00"
2019-07-09,2019070901005081,NABIL,29,45,10,801.00,"8,010.00"
2019-07-09,2019070901005039,NABIL,29,34,12,801.00,"9,612.00"
2019-07-09,2019070901005038,NABIL,35,34,38,801.00,"30,438.00"
2019-07-09,2019070901004979,NABIL,11,45,50,802.00,"40,100.00"
2019-07-09,2019070901004965,NABIL,45,34,50,802.00,"40,100.00"
2019-07-09,2019070901005065,NADEP,29,13,15,407.00,"6,105.00"
2019-07-09,2019070901004866,NAGRO,33,25,10,495.00,"4,950.00"
2019-07-09,2019070901004851,NAGRO,33,37,10,495.00,"4,950.00"
2019-07-09,2019070901004831,NAGRO,33,33,10,495.00,"4,950.00"
2019-07-09,2019070901005234,NBB,36,45,177,220.00,"38,940.00"
2019-07-09,2019070901005233,NBB,48,45,23,220.00,"5,060.00"
2019-07-09,2019070901004832,NBB,42,28,37,222.00,"8,214.00"
2019-07-09,2019070901005044,NBB,42,13,50,221.00,"11,050.00"
2019-07-09,2019070901004962,NBB,48,22,56,220.00,"12,320.00"
2019-07-09,2019070901004920,NBB,34,1,300,221.00,"66,300.00"
2019-07-09,2019070901004919,NBB,34,1,200,221.00,"44,200.00"
2019-07-09,2019070901004833,NBB,42,7,163,222.00,"36,186.00"
2019-07-09,2019070901005222,NBL,35,39,500,336.00,"168,000.00"
2019-07-09,2019070901005207,NBL,42,34,300,337.00,"101,100.00"
2019-07-09,2019070901005170,NBL,35,50,666,336.00,"223,776.00"
2019-07-09,2019070901005169,NBL,45,50,50,336.00,"16,800.00"
2019-07-09,2019070901005168,NBL,32,50,"1,000",336.00,"336,000.00"
2019-07-09,2019070901005167,NBL,41,50,50,336.00,"16,800.00"
2019-07-09,2019070901005042,NBL,16,51,296,336.00,"99,456.00"
2019-07-09,2019070901005041,NBL,45,51,204,336.00,"68,544.00"
2019-07-09,2019070901004992,NBL,45,50,96,336.00,"32,256.00"
2019-07-09,2019070901004991,NBL,51,50,200,336.00,"67,200.00"
2019-07-09,2019070901004990,NBL,49,50,704,336.00,"236,544.00"
2019-07-09,2019070901005166,NBL,37,50,234,336.00,"78,624.00"
2019-07-09,2019070901005109,NBL,37,13,266,336.00,"89,376.00"
2019-07-09,2019070901005108,NBL,32,13,734,336.00,"246,624.00"
2019-07-09,2019070901005075,NBL,32,55,266,336.00,"89,376.00"
2019-07-09,2019070901005074,NBL,45,55,30,336.00,"10,080.00"
2019-07-09,2019070901005073,NBL,16,55,204,336.00,"68,544.00"
2019-07-09,2019070901005268,NCCB,54,51,107,243.00,"26,001.00"
2019-07-09,2019070901005267,NCCB,54,51,143,243.00,"34,749.00"
2019-07-09,2019070901005027,NCCB,42,51,100,243.00,"24,300.00"
2019-07-09,2019070901004999,NCCB,44,51,517,243.00,"125,631.00"
2019-07-09,2019070901004998,NCCB,44,1,483,243.00,"117,369.00"
2019-07-09,2019070901004955,NCCB,42,1,101,243.00,"24,543.00"
2019-07-09,2019070901004838,NCCB,32,19,200,243.00,"48,600.00"
2019-07-09,2019070901004837,NCCB,34,19,500,243.00,"121,500.00"
2019-07-09,2019070901004836,NCCB,28,19,157,243.00,"38,151.00"
2019-07-09,2019070901004858,NCCB,34,1,34,243.00,"8,262.00"
2019-07-09,2019070901004857,NCCB,17,1,100,243.00,"24,300.00"
2019-07-09,2019070901004856,NCCB,59,1,57,243.00,"13,851.00"
2019-07-09,2019070901004844,NCCB,59,10,143,243.00,"34,749.00"
2019-07-09,2019070901004843,NCCB,13,10,357,243.00,"86,751.00"
2019-07-09,2019070901004839,NCCB,13,19,143,243.00,"34,749.00"
2019-07-09,2019070901004890,NCCB,52,1,116,243.00,"28,188.00"
2019-07-09,2019070901004877,NCCB,52,19,384,243.00,"93,312.00"
2019-07-09,2019070901004876,NCCB,37,19,500,243.00,"121,500.00"
2019-07-09,2019070901004875,NCCB,34,19,50,243.00,"12,150.00"
2019-07-09,2019070901004874,NCCB,34,19,66,243.00,"16,038.00"
2019-07-09,2019070901004873,NCCB,34,10,100,243.00,"24,300.00"
2019-07-09,2019070901004821,NEF,41,21,"1,127",8.25,"9,297.75"
2019-07-09,2019070901005094,NHDL,38,46,10,121.00,"1,210.00"
2019-07-09,2019070901005254,NHPC,41,45,900,65.00,"58,500.00"
2019-07-09,2019070901005114,NHPC,41,45,50,65.00,"3,250.00"
2019-07-09,2019070901005113,NHPC,52,45,"2,000",65.00,"130,000.00"
2019-07-09,2019070901005112,NHPC,52,45,"1,000",65.00,"65,000.00"
2019-07-09,2019070901005111,NHPC,46,45,10,65.00,650.00
2019-07-09,2019070901005208,NIB,16,56,32,516.00,"16,512.00"
2019-07-09,2019070901005204,NIB,16,18,68,516.00,"35,088.00"
2019-07-09,2019070901005203,NIB,49,18,10,516.00,"5,160.00"
2019-07-09,2019070901005202,NIB,14,18,122,516.00,"62,952.00"
2019-07-09,2019070901005164,NIB,14,11,200,516.00,"103,200.00"
2019-07-09,2019070901004945,NIB,13,43,6,515.00,"3,090.00"
2019-07-09,2019070901004855,NIB,35,34,30,517.00,"15,510.00"
2019-07-09,2019070901004850,NIB,14,42,32,516.00,"16,512.00"
2019-07-09,2019070901004805,NIB,42,34,100,517.00,"51,700.00"
2019-07-09,2019070901005256,NIBPO,56,19,100,470.00,"47,000.00"
2019-07-09,2019070901004985,NIBPO,45,4,100,470.00,"47,000.00"
2019-07-09,2019070901004984,NIBPO,43,4,500,470.00,"235,000.00"
2019-07-09,2019070901004883,NIBPO,38,4,200,470.00,"94,000.00"
2019-07-09,2019070901004882,NIBPO,44,4,50,470.00,"23,500.00"
2019-07-09,2019070901005160,NICA,45,18,100,448.00,"44,800.00"
2019-07-09,2019070901005159,NICA,56,18,150,448.00,"67,200.00"
2019-07-09,2019070901005158,NICA,47,18,25,448.00,"11,200.00"
2019-07-09,2019070901004974,NICA,45,4,166,449.00,"74,534.00"
2019-07-09,2019070901004973,NICA,45,16,34,449.00,"15,266.00"
2019-07-09,2019070901005064,NICL,6,21,117,352.00,"41,184.00"
2019-07-09,2019070901005063,NICL,6,21,383,352.00,"134,816.00"
2019-07-09,2019070901005232,NIL,6,49,110,480.00,"52,800.00"
2019-07-09,2019070901005199,NIL,6,14,52,480.00,"24,960.00"
2019-07-09,2019070901005198,NIL,44,14,100,480.00,"48,000.00"
2019-07-09,2019070901005197,NIL,36,14,15,480.00,"7,200.00"
2019-07-09,2019070901005196,NIL,32,14,200,480.00,"96,000.00"
2019-07-09,2019070901005195,NIL,43,14,446,480.00,"214,080.00"
2019-07-09,2019070901004971,NIL,39,46,"5,000",481.00,"2,405,000.00"
2019-07-09,2019070901005241,NLG,47,25,50,726.00,"36,300.00"
2019-07-09,2019070901005092,NLG,52,6,50,727.00,"36,350.00"
2019-07-09,2019070901005206,NLIC,34,42,90,891.00,"80,190.00"
2019-07-09,2019070901005175,NLIC,34,26,902,891.00,"803,682.00"
2019-07-09,2019070901005174,NLIC,56,26,98,892.00,"87,416.00"
2019-07-09,2019070901005142,NLIC,56,11,100,892.00,"89,200.00"
2019-07-09,2019070901004895,NLIC,33,28,500,893.00,"446,500.00"
2019-07-09,2019070901004967,NLICL,28,57,13,581.00,"7,553.00"
2019-07-09,2019070901005047,NNLB,16,57,100,399.00,"39,900.00"
2019-07-09,2019070901005239,NTC,43,14,100,689.00,"68,900.00"
2019-07-09,2019070901005226,NTC,50,4,435,687.00,"298,845.00"
2019-07-09,2019070901005225,NTC,18,4,35,688.00,"24,080.00"
2019-07-09,2019070901005049,NTC,18,4,65,688.00,"44,720.00"
2019-07-09,2019070901005048,NTC,45,4,35,688.00,"24,080.00"
2019-07-09,2019070901005255,NUBL,49,35,25,842.00,"21,050.00"
2019-07-09,2019070901005192,NUBL,6,44,170,844.00,"143,480.00"
2019-07-09,2019070901005191,NUBL,6,44,150,844.00,"126,600.00"
2019-07-09,2019070901005188,OHL,44,44,"5,000",618.00,"3,090,000.00"
2019-07-09,2019070901005055,OHL,42,51,429,612.00,"262,548.00"
2019-07-09,2019070901005040,OHL,42,51,500,612.00,"306,000.00"
2019-07-09,2019070901004869,OHL,42,11,59,612.00,"36,108.00"
2019-07-09,2019070901004819,OHL,34,51,483,613.00,"296,079.00"
2019-07-09,2019070901005180,PCBL,33,39,200,274.00,"54,800.00"
2019-07-09,2019070901005120,PCBL,19,39,30,274.00,"8,220.00"
2019-07-09,2019070901005078,PCBL,51,39,50,274.00,"13,700.00"
2019-07-09,2019070901005077,PCBL,56,39,400,274.00,"109,600.00"
2019-07-09,2019070901005076,PCBL,32,39,62,274.00,"16,988.00"
2019-07-09,2019070901004814,PCBL,32,44,104,274.00,"28,496.00"
2019-07-09,2019070901004802,PCBL,32,58,22,274.00,"6,028.00"
2019-07-09,2019070901004801,PCBL,32,50,300,274.00,"82,200.00"
2019-07-09,2019070901004799,PCBL,32,42,280,274.00,"76,720.00"
2019-07-09,2019070901005165,PFL,40,40,1,142.00,142.00
2019-07-09,2019070901005095,PFL,55,38,50,142.00,"7,100.00"
2019-07-09,2019070901005061,PFL,55,25,100,142.00,"14,200.00"
2019-07-09,2019070901004989,PFL,55,38,50,142.00,"7,100.00"
2019-07-09,2019070901005130,PIC,25,46,11,494.00,"5,434.00"
2019-07-09,2019070901005029,PIC,7,17,10,495.00,"4,950.00"
2019-07-09,2019070901004976,PIC,25,34,147,494.00,"72,618.00"
2019-07-09,2019070901004957,PIC,29,39,100,495.00,"49,500.00"
2019-07-09,2019070901004918,PIC,1,39,191,495.00,"94,545.00"
2019-07-09,2019070901004917,PIC,1,33,109,495.00,"53,955.00"
2019-07-09,2019070901004828,PIC,25,38,60,494.00,"29,640.00"
2019-07-09,2019070901005129,PICL,11,17,20,550.00,"11,000.00"
2019-07-09,2019070901004898,PICL,59,19,40,544.00,"21,760.00"
2019-07-09,2019070901004897,PICL,45,19,50,545.00,"27,250.00"
2019-07-09,2019070901004896,PICL,52,19,20,546.00,"10,920.00"
2019-07-09,2019070901005260,PLIC,35,16,100,433.00,"43,300.00"
2019-07-09,2019070901005242,PLIC,35,16,100,433.00,"43,300.00"
2019-07-09,2019070901005227,PLIC,25,16,300,433.00,"129,900.00"
2019-07-09,2019070901005187,PLIC,35,16,100,433.00,"43,300.00"
2019-07-09,2019070901005119,PLIC,11,16,200,433.00,"86,600.00"
2019-07-09,2019070901005118,PLIC,37,16,480,433.00,"207,840.00"
2019-07-09,2019070901004946,PMHPL,59,28,10,104.00,"1,040.00"
2019-07-09,2019070901004852,PMHPL,59,1,10,104.00,"1,040.00"
2019-07-09,2019070901005244,PPCL,56,40,10,137.00,"1,370.00"
2019-07-09,2019070901004940,PRIN,17,36,100,365.00,"36,500.00"
2019-07-09,2019070901004939,PRIN,39,36,100,365.00,"36,500.00"
2019-07-09,2019070901004938,PRIN,25,36,500,367.00,"183,500.00"
2019-07-09,2019070901004937,PRIN,32,36,246,368.00,"90,528.00"
2019-07-09,2019070901004936,PRIN,25,36,50,368.00,"18,400.00"
2019-07-09,2019070901004924,PRIN,32,41,54,368.00,"19,872.00"
2019-07-09,2019070901005245,PRVU,38,57,500,262.00,"131,000.00"
2019-07-09,2019070901004934,PRVU,43,1,207,261.00,"54,027.00"
2019-07-09,2019070901004933,PRVU,41,1,100,261.00,"26,100.00"
2019-07-09,2019070901004932,PRVU,36,1,243,261.00,"63,423.00"
2019-07-09,2019070901004893,PRVU,36,10,100,261.00,"26,100.00"
2019-07-09,2019070901005022,PRVU,28,46,600,262.00,"157,200.00"
2019-07-09,2019070901005021,PRVU,28,16,900,262.00,"235,800.00"
2019-07-09,2019070901005020,PRVU,28,32,104,262.00,"27,248.00"
2019-07-09,2019070901004997,PRVU,43,45,718,261.00,"187,398.00"
2019-07-09,2019070901004978,PRVU,42,16,100,262.00,"26,200.00"
2019-07-09,2019070901004867,RBCL,42,48,10,"9,450.00","94,500.00"
2019-07-09,2019070901005128,RMDC,5,33,115,668.00,"76,820.00"
2019-07-09,2019070901004993,RMDC,5,16,27,668.00,"18,036.00"
2019-07-09,2019070901004879,RMDC,28,16,27,667.00,"18,009.00"
2019-07-09,2019070901005262,RRHP,22,40,10,109.00,"1,090.00"
2019-07-09,2019070901005136,RRHP,59,33,10,109.00,"1,090.00"
2019-07-09,2019070901004841,RRHP,59,1,10,109.00,"1,090.00"
2019-07-09,2019070901005139,RSDC,40,40,1,341.00,341.00
2019-07-09,2019070901004996,RSDC,48,16,63,341.00,"21,483.00"
2019-07-09,2019070901004912,RSDC,48,16,90,341.00,"30,690.00"
2019-07-09,2019070901005217,SADBL,34,48,327,159.00,"51,993.00"
2019-07-09,2019070901005101,SADBL,34,32,104,159.00,"16,536.00"
2019-07-09,2019070901005285,SANIMA,26,45,112,340.00,"38,080.00"
2019-07-09,2019070901005284,SANIMA,48,45,38,340.00,"12,920.00"
2019-07-09,2019070901005283,SANIMA,48,43,12,340.00,"4,080.00"
2019-07-09,2019070901005282,SANIMA,38,43,40,340.00,"13,600.00"
2019-07-09,2019070901005281,SANIMA,34,43,500,340.00,"170,000.00"
2019-07-09,2019070901005280,SANIMA,21,43,50,340.00,"17,000.00"
2019-07-09,2019070901005090,SANIMA,47,47,139,341.00,"47,399.00"
2019-07-09,2019070901005279,SANIMA,41,43,200,340.00,"68,000.00"
2019-07-09,2019070901005278,SANIMA,4,43,50,340.00,"17,000.00"
2019-07-09,2019070901005277,SANIMA,41,43,100,340.00,"34,000.00"
2019-07-09,2019070901005276,SANIMA,14,43,48,340.00,"16,320.00"
2019-07-09,2019070901005107,SANIMA,14,57,100,340.00,"34,000.00"
2019-07-09,2019070901005091,SANIMA,19,47,100,341.00,"34,100.00"
2019-07-09,2019070901005274,SBI,11,45,100,461.00,"46,100.00"
2019-07-09,2019070901005291,SBL,28,45,100,315.00,"31,500.00"
2019-07-09,2019070901005126,SBL,11,1,30,316.00,"9,480.00"
2019-07-09,2019070901005125,SBL,11,43,70,316.00,"22,120.00"
2019-07-09,2019070901005051,SBL,19,43,30,316.00,"9,480.00"
2019-07-09,2019070901004864,SBL,49,43,200,316.00,"63,200.00"
2019-07-09,2019070901004863,SBL,38,43,700,316.00,"221,200.00"
2019-07-09,2019070901004987,SCB,36,28,100,660.00,"66,000.00"
2019-07-09,2019070901004986,SCB,38,28,80,660.00,"52,800.00"
2019-07-09,2019070901005221,SEOS,48,38,600,10.71,"6,426.00"
2019-07-09,2019070901005231,SHIVM,10,10,600,607.00,"364,200.00"
2019-07-09,2019070901005201,SHIVM,21,43,210,606.00,"127,260.00"
2019-07-09,2019070901005200,SHIVM,42,43,390,606.00,"236,340.00"
2019-07-09,2019070901005194,SHIVM,22,50,50,607.00,"30,350.00"
2019-07-09,2019070901005121,SHIVM,42,45,110,606.00,"66,660.00"
2019-07-09,2019070901005071,SHIVM,45,51,"2,000",606.00,"1,212,000.00"
2019-07-09,2019070901004902,SHIVM,14,48,100,606.00,"60,600.00"
2019-07-09,2019070901004901,SHIVM,14,48,100,606.00,"60,600.00"
2019-07-09,2019070901004900,SHIVM,48,48,105,606.00,"63,630.00"
2019-07-09,2019070901004899,SHIVM,32,48,100,606.00,"60,600.00"
2019-07-09,2019070901005070,SHIVM,34,51,100,606.00,"60,600.00"
2019-07-09,2019070901005069,SHIVM,38,51,100,606.00,"60,600.00"
2019-07-09,2019070901005068,SHIVM,49,51,255,606.00,"154,530.00"
2019-07-09,2019070901005013,SHIVM,49,1,50,606.00,"30,300.00"
2019-07-09,2019070901004904,SHIVM,49,48,495,606.00,"299,970.00"
2019-07-09,2019070901004903,SHIVM,7,48,100,606.00,"60,600.00"
2019-07-09,2019070901005079,SHL,54,51,300,230.00,"69,000.00"
2019-07-09,2019070901005015,SHL,54,51,200,230.00,"46,000.00"
2019-07-09,2019070901005259,SHPC,40,16,211,250.00,"52,750.00"
2019-07-09,2019070901005258,SHPC,20,16,50,250.00,"12,500.00"
2019-07-09,2019070901005257,SHPC,45,16,439,250.00,"109,750.00"
2019-07-09,2019070901005213,SHPC,59,16,100,251.00,"25,100.00"
2019-07-09,2019070901004859,SIC,11,42,150,605.00,"90,750.00"
2019-07-09,2019070901005297,SICL,39,32,85,763.00,"64,855.00"
2019-07-09,2019070901005296,SICL,56,32,75,763.00,"57,225.00"
2019-07-09,2019070901004872,SICL,16,16,1,750.00,750.00
2019-07-09,2019070901004865,SICL,16,16,1,750.00,750.00
2019-07-09,2019070901004954,SICL,16,16,1,750.00,750.00
2019-07-09,2019070901004943,SICL,16,16,1,750.00,750.00
2019-07-09,2019070901004927,SICL,16,16,1,750.00,750.00
2019-07-09,2019070901004907,SICL,16,16,1,750.00,750.00
2019-07-09,2019070901004887,SICL,16,16,1,750.00,750.00
2019-07-09,2019070901005031,SICL,16,16,1,750.00,750.00
2019-07-09,2019070901005018,SICL,16,16,1,750.00,750.00
2019-07-09,2019070901005006,SICL,16,16,1,750.00,750.00
2019-07-09,2019070901004994,SICL,16,16,1,750.00,750.00
2019-07-09,2019070901004977,SICL,16,16,1,750.00,750.00
2019-07-09,2019070901004968,SICL,16,16,1,750.00,750.00
2019-07-09,2019070901005135,SICL,33,16,34,765.00,"26,010.00"
2019-07-09,2019070901005134,SICL,33,16,34,765.00,"26,010.00"
2019-07-09,2019070901005133,SICL,33,16,65,765.00,"49,725.00"
2019-07-09,2019070901005080,SICL,16,16,1,750.00,750.00
2019-07-09,2019070901005053,SICL,16,16,1,750.00,750.00
2019-07-09,2019070901005037,SICL,54,54,699,764.00,"534,036.00"
2019-07-09,2019070901005057,SLBBL,56,17,20,450.00,"9,000.00"
2019-07-09,2019070901005056,SLBBL,1,17,50,451.00,"22,550.00"
2019-07-09,2019070901005032,SLBBL,1,17,50,451.00,"22,550.00"
2019-07-09,2019070901005058,SLBBL,58,17,30,450.00,"13,500.00"
2019-07-09,2019070901005218,SLBSL,52,42,10,530.00,"5,300.00"
2019-07-09,2019070901005295,SLICL,25,39,38,453.00,"17,214.00"
2019-07-09,2019070901005294,SLICL,29,39,30,453.00,"13,590.00"
2019-07-09,2019070901005293,SLICL,35,39,100,454.00,"45,400.00"
2019-07-09,2019070901005292,SLICL,33,39,332,455.00,"151,060.00"
2019-07-09,2019070901005273,SLICL,33,56,30,455.00,"13,650.00"
2019-07-09,2019070901005045,SLICL,33,34,188,455.00,"85,540.00"
2019-07-09,2019070901005286,SMFBS,34,19,10,472.00,"4,720.00"
2019-07-09,2019070901005261,SMFBS,34,19,10,472.00,"4,720.00"
2019-07-09,2019070901005240,SMFBS,39,19,10,474.00,"4,740.00"
2019-07-09,2019070901005237,SMFBS,39,7,10,474.00,"4,740.00"
2019-07-09,2019070901005117,SMFBS,39,39,10,474.00,"4,740.00"
2019-07-09,2019070901005116,SMFBS,39,39,10,474.00,"4,740.00"
2019-07-09,2019070901005115,SMFBS,39,39,10,474.00,"4,740.00"
2019-07-09,2019070901004970,SMFBS,34,18,10,472.00,"4,720.00"
2019-07-09,2019070901004930,SMFBS,34,28,10,472.00,"4,720.00"
2019-07-09,2019070901004916,SMFBS,34,58,10,472.00,"4,720.00"
2019-07-09,2019070901005223,SMFDB,58,56,20,490.00,"9,800.00"
2019-07-09,2019070901005089,SMFDB,42,17,50,500.00,"25,000.00"
2019-07-09,2019070901005088,SMFDB,35,17,10,500.00,"5,000.00"
2019-07-09,2019070901005087,SMFDB,7,17,10,501.00,"5,010.00"
2019-07-09,2019070901005086,SMFDB,40,17,20,502.00,"10,040.00"
2019-07-09,2019070901005085,SMFDB,41,17,12,510.00,"6,120.00"
2019-07-09,2019070901005272,SPARS,58,49,60,430.00,"25,800.00"
2019-07-09,2019070901005140,SPARS,34,46,10,429.00,"4,290.00"
2019-07-09,2019070901005043,SPARS,22,49,40,430.00,"17,200.00"
2019-07-09,2019070901005131,SRBL,7,28,"1,800",252.00,"453,600.00"
2019-07-09,2019070901004983,SRBL,7,22,200,252.00,"50,400.00"
2019-07-09,2019070901004982,SRBL,48,22,100,252.00,"25,200.00"
2019-07-09,2019070901004981,SRBL,7,22,200,252.00,"50,400.00"
2019-07-09,2019070901004813,SRBL,7,42,200,252.00,"50,400.00"
2019-07-09,2019070901005001,SWBBL,20,22,15,876.00,"13,140.00"
2019-07-09,2019070901005000,SWBBL,20,22,10,882.00,"8,820.00"
2019-07-09,2019070901004959,SWBBL,20,52,65,882.00,"57,330.00"
2019-07-09,2019070901004958,SWBBL,36,52,10,882.00,"8,820.00"
2019-07-09,2019070901005266,TRH,42,37,20,314.00,"6,280.00"
2019-07-09,2019070901005011,UIC,17,22,20,860.00,"17,200.00"
2019-07-09,2019070901004935,UIC,49,22,80,860.00,"68,800.00"
2019-07-09,2019070901004889,UIC,49,49,20,860.00,"17,200.00"
2019-07-09,2019070901005100,UPCL,59,21,100,90.00,"9,000.00"
2019-07-09,2019070901004931,UPCL,51,21,100,90.00,"9,000.00"
2019-07-09,2019070901004870,UPCL,51,21,200,90.00,"18,000.00"
2019-07-09,2019070901004862,UPCL,51,21,200,90.00,"18,000.00"
2019-07-09,2019070901004842,UPCL,51,21,200,90.00,"18,000.00"
2019-07-09,2019070901004829,UPCL,51,21,200,90.00,"18,000.00"
2019-07-09,2019070901004818,UPCL,51,21,200,90.00,"18,000.00"
2019-07-09,2019070901005298,UPPER,50,21,40,265.00,"10,600.00"
2019-07-09,2019070901005248,UPPER,33,26,400,266.00,"106,400.00"
2019-07-09,2019070901005247,UPPER,14,26,240,266.00,"63,840.00"
2019-07-09,2019070901005243,UPPER,14,29,120,266.00,"31,920.00"
2019-07-09,2019070901005176,UPPER,14,46,50,266.00,"13,300.00"
2019-07-09,2019070901005163,UPPER,14,46,40,266.00,"10,640.00"
2019-07-09,2019070901004891,UPPER,14,40,40,266.00,"10,640.00"
2019-07-09,2019070901004822,UPPER,14,41,50,266.00,"13,300.00"
2019-07-09,2019070901004809,UPPER,14,41,40,266.00,"10,640.00"
2019-07-09,2019070901005046,UPPER,14,45,40,266.00,"10,640.00"
2019-07-09,2019070901005005,UPPER,14,6,20,266.00,"5,320.00"
2019-07-09,2019070901005002,UPPER,14,45,150,266.00,"39,900.00"
2019-07-09,2019070901005146,UPPER,14,57,50,266.00,"13,300.00"
2019-07-09,2019070901005145,UPPER,40,57,40,266.00,"10,640.00"
2019-07-09,2019070901005144,UPPER,14,57,60,266.00,"15,960.00"
2019-07-09,2019070901004752,ADBL,57,42,300,405.00,"121,500.00"
2019-07-09,2019070901004666,ADBL,11,17,100,406.00,"40,600.00"
2019-07-09,2019070901004660,ADBL,57,41,102,405.00,"41,310.00"
2019-07-09,2019070901004564,ADBL,29,17,200,406.00,"81,200.00"
2019-07-09,2019070901004669,AHPC,45,18,750,105.00,"78,750.00"
2019-07-09,2019070901004717,ALBSL,33,44,10,400.00,"4,000.00"
2019-07-09,2019070901004711,ALBSL,33,17,110,399.00,"43,890.00"
2019-07-09,2019070901004486,ALBSL,33,56,10,400.00,"4,000.00"
2019-07-09,2019070901004485,ALBSL,33,21,10,400.00,"4,000.00"
2019-07-09,2019070901004484,ALBSL,33,21,10,400.00,"4,000.00"
2019-07-09,2019070901004483,ALBSL,33,21,10,400.00,"4,000.00"
2019-07-09,2019070901004470,ALBSL,33,52,10,400.00,"4,000.00"
2019-07-09,2019070901004469,ALBSL,33,21,10,400.00,"4,000.00"
2019-07-09,2019070901004468,ALBSL,33,21,10,400.00,"4,000.00"
2019-07-09,2019070901004467,ALBSL,33,33,10,400.00,"4,000.00"
2019-07-09,2019070901004335,ALBSL,57,48,10,398.00,"3,980.00"
2019-07-09,2019070901004476,ALBSL,33,21,10,400.00,"4,000.00"
2019-07-09,2019070901004475,ALBSL,33,21,10,400.00,"4,000.00"
2019-07-09,2019070901004474,ALBSL,33,21,10,400.00,"4,000.00"
2019-07-09,2019070901004473,ALBSL,33,21,10,400.00,"4,000.00"
2019-07-09,2019070901004472,ALBSL,33,21,10,400.00,"4,000.00"
2019-07-09,2019070901004471,ALBSL,33,21,10,400.00,"4,000.00"
2019-07-09,2019070901004482,ALBSL,33,21,10,400.00,"4,000.00"
2019-07-09,2019070901004481,ALBSL,33,21,10,400.00,"4,000.00"
2019-07-09,2019070901004480,ALBSL,33,21,10,400.00,"4,000.00"
2019-07-09,2019070901004479,ALBSL,33,21,10,400.00,"4,000.00"
2019-07-09,2019070901004478,ALBSL,33,21,10,400.00,"4,000.00"
2019-07-09,2019070901004477,ALBSL,33,21,10,400.00,"4,000.00"
2019-07-09,2019070901004732,ALICL,16,41,20,382.00,"7,640.00"
2019-07-09,2019070901004755,API,32,51,200,143.00,"28,600.00"
2019-07-09,2019070901004417,API,48,52,28,142.00,"3,976.00"
2019-07-09,2019070901004728,BOKL,32,50,337,258.00,"86,946.00"
2019-07-09,2019070901004650,BOKL,32,16,"1,976",258.00,"509,808.00"
2019-07-09,2019070901004549,BOKL,11,16,190,258.00,"49,020.00"
2019-07-09,2019070901004529,BOKL,45,16,50,258.00,"12,900.00"
2019-07-09,2019070901004528,BOKL,6,16,859,258.00,"221,622.00"
2019-07-09,2019070901004494,BOKL,6,4,141,258.00,"36,378.00"
2019-07-09,2019070901004493,BOKL,22,4,"1,075",258.00,"277,350.00"
2019-07-09,2019070901004492,BOKL,41,4,75,258.00,"19,350.00"
2019-07-09,2019070901004334,BOKL,6,22,10,259.00,"2,590.00"
2019-07-09,2019070901004683,BPCL,34,18,363,406.00,"147,378.00"
2019-07-09,2019070901004682,BPCL,46,18,200,406.00,"81,200.00"
2019-07-09,2019070901004681,BPCL,34,18,44,407.00,"17,908.00"
2019-07-09,2019070901004680,BPCL,38,18,39,407.00,"15,873.00"
2019-07-09,2019070901004679,BPCL,11,18,100,408.00,"40,800.00"
2019-07-09,2019070901004678,BPCL,56,18,100,408.00,"40,800.00"
2019-07-09,2019070901004677,BPCL,59,18,967,408.00,"394,536.00"
2019-07-09,2019070901004746,CBBL,38,33,50,950.00,"47,500.00"
2019-07-09,2019070901004632,CBL,19,25,155,158.00,"24,490.00"
2019-07-09,2019070901004631,CBL,19,1,45,158.00,"7,110.00"
2019-07-09,2019070901004618,CBL,19,1,205,158.00,"32,390.00"
2019-07-09,2019070901004617,CBL,19,34,95,157.00,"14,915.00"
2019-07-09,2019070901004606,CBL,32,34,50,157.00,"7,850.00"
2019-07-09,2019070901004605,CBL,41,34,30,157.00,"4,710.00"
2019-07-09,2019070901004554,CBL,51,34,100,157.00,"15,700.00"
2019-07-09,2019070901004553,CBL,28,34,"1,520",157.00,"238,640.00"
2019-07-09,2019070901004524,CBL,11,1,200,158.00,"31,600.00"
2019-07-09,2019070901004511,CBL,41,1,20,158.00,"3,160.00"
2019-07-09,2019070901004565,CBL,59,34,"1,970",157.00,"309,290.00"
2019-07-09,2019070901004559,CBL,59,34,"1,030",157.00,"161,710.00"
2019-07-09,2019070901004558,CBL,41,34,100,157.00,"15,700.00"
2019-07-09,2019070901004557,CBL,57,34,100,157.00,"15,700.00"
2019-07-09,2019070901004556,CBL,42,34,50,157.00,"7,850.00"
2019-07-09,2019070901004555,CBL,51,34,100,157.00,"15,700.00"
2019-07-09,2019070901004592,CBL,21,34,200,157.00,"31,400.00"
2019-07-09,2019070901004591,CBL,34,34,500,157.00,"78,500.00"
2019-07-09,2019070901004590,CBL,34,34,200,157.00,"31,400.00"
2019-07-09,2019070901004589,CBL,59,34,970,157.00,"152,290.00"
2019-07-09,2019070901004578,CBL,59,34,"3,000",157.00,"471,000.00"
2019-07-09,2019070901004566,CBL,59,34,"1,030",157.00,"161,710.00"
2019-07-09,2019070901004598,CBL,1,11,180,157.00,"28,260.00"
2019-07-09,2019070901004597,CBL,18,11,100,157.00,"15,700.00"
2019-07-09,2019070901004596,CBL,42,11,650,157.00,"102,050.00"
2019-07-09,2019070901004595,CBL,41,11,70,157.00,"10,990.00"
2019-07-09,2019070901004594,CBL,41,34,130,157.00,"20,410.00"
2019-07-09,2019070901004593,CBL,43,34,"1,000",157.00,"157,000.00"
2019-07-09,2019070901004604,CBL,50,34,100,157.00,"15,700.00"
2019-07-09,2019070901004603,CBL,46,34,20,157.00,"3,140.00"
2019-07-09,2019070901004602,CBL,26,34,285,157.00,"44,745.00"
2019-07-09,2019070901004601,CBL,8,34,500,157.00,"78,500.00"
2019-07-09,2019070901004600,CBL,25,34,500,157.00,"78,500.00"
2019-07-09,2019070901004599,CBL,1,34,420,157.00,"65,940.00"
2019-07-09,2019070901004759,CCBL,58,45,100,179.00,"17,900.00"
2019-07-09,2019070901004748,CCBL,57,45,50,179.00,"8,950.00"
2019-07-09,2019070901004736,CCBL,57,59,60,179.00,"10,740.00"
2019-07-09,2019070901004735,CCBL,57,59,486,179.00,"86,994.00"
2019-07-09,2019070901004713,CCBL,57,59,400,179.00,"71,600.00"
2019-07-09,2019070901004411,CCBL,57,34,"1,614",179.00,"288,906.00"
2019-07-09,2019070901004410,CCBL,59,34,39,179.00,"6,981.00"
2019-07-09,2019070901004709,CCBL,57,59,"2,500",179.00,"447,500.00"
2019-07-09,2019070901004506,CCBL,11,28,20,180.00,"3,600.00"
2019-07-09,2019070901004505,CCBL,11,39,180,180.00,"32,400.00"
2019-07-09,2019070901004421,CCBL,49,39,20,180.00,"3,600.00"
2019-07-09,2019070901004420,CCBL,49,6,47,180.00,"8,460.00"
2019-07-09,2019070901004419,CCBL,49,39,433,180.00,"77,940.00"
2019-07-09,2019070901004685,CIT,14,42,5,"2,431.00","12,155.00"
2019-07-09,2019070901004537,CIT,54,33,30,"2,430.00","72,900.00"
2019-07-09,2019070901004536,CIT,54,32,49,"2,428.00","118,972.00"
2019-07-09,2019070901004501,CLBSL,11,5,50,510.00,"25,500.00"
2019-07-09,2019070901004708,CZBIL,6,6,190,221.00,"41,990.00"
2019-07-09,2019070901004707,CZBIL,17,6,300,221.00,"66,300.00"
2019-07-09,2019070901004706,CZBIL,11,6,100,221.00,"22,100.00"
2019-07-09,2019070901004705,CZBIL,22,6,410,221.00,"90,610.00"
2019-07-09,2019070901004668,CZBIL,22,28,49,221.00,"10,829.00"
2019-07-09,2019070901004657,CZBIL,22,6,41,221.00,"9,061.00"
2019-07-09,2019070901004656,CZBIL,58,6,59,221.00,"13,039.00"
2019-07-09,2019070901004356,CZBIL,6,37,49,222.00,"10,878.00"
2019-07-09,2019070901004355,CZBIL,6,40,51,222.00,"11,322.00"
2019-07-09,2019070901004764,DBBL,45,38,427,144.00,"61,488.00"
2019-07-09,2019070901004763,DBBL,45,36,"1,000",144.00,"144,000.00"
2019-07-09,2019070901004762,DBBL,45,59,73,144.00,"10,512.00"
2019-07-09,2019070901004551,DBBL,32,57,100,143.00,"14,300.00"
2019-07-09,2019070901004460,DBBL,32,34,201,143.00,"28,743.00"
2019-07-09,2019070901004333,DBBL,14,59,150,144.00,"21,600.00"
2019-07-09,2019070901004586,DDBL,45,45,100,712.00,"71,200.00"
2019-07-09,2019070901004400,DHPL,56,42,40,74.00,"2,960.00"
2019-07-09,2019070901004399,DHPL,56,1,10,74.00,740.00
2019-07-09,2019070901004760,EBL,14,37,16,650.00,"10,400.00"
2019-07-09,2019070901004620,EBL,14,32,25,650.00,"16,250.00"
2019-07-09,2019070901004516,EBL,14,14,"1,384",651.00,"900,984.00"
2019-07-09,2019070901004304,EBL,36,6,500,650.00,"325,000.00"
2019-07-09,2019070901004303,EBL,36,13,500,650.00,"325,000.00"
2019-07-09,2019070901004542,GBBL,7,35,550,223.00,"122,650.00"
2019-07-09,2019070901004500,GBBL,7,37,50,223.00,"11,150.00"
2019-07-09,2019070901004753,GBLBS,38,13,10,344.00,"3,440.00"
2019-07-09,2019070901004731,GBLBS,38,14,255,343.00,"87,465.00"
2019-07-09,2019070901004780,GDBL,41,17,60,213.00,"12,780.00"
2019-07-09,2019070901004779,GDBL,53,17,100,213.00,"21,300.00"
2019-07-09,2019070901004778,GDBL,40,17,830,213.00,"176,790.00"
2019-07-09,2019070901004615,GDBL,43,17,525,214.00,"112,350.00"
2019-07-09,2019070901004614,GDBL,58,17,"1,000",214.00,"214,000.00"
2019-07-09,2019070901004413,GDBL,41,45,20,215.00,"4,300.00"
2019-07-09,2019070901004616,GDBL,41,17,100,214.00,"21,400.00"
2019-07-09,2019070901004654,GHL,38,14,50,89.00,"4,450.00"
2019-07-09,2019070901004431,GLBSL,19,48,10,390.00,"3,900.00"
2019-07-09,2019070901004314,GLBSL,19,48,10,390.00,"3,900.00"
2019-07-09,2019070901004673,HBL,21,41,100,535.00,"53,500.00"
2019-07-09,2019070901004672,HBL,45,41,50,538.00,"26,900.00"
2019-07-09,2019070901004671,HBL,21,41,25,538.00,"13,450.00"
2019-07-09,2019070901004515,HGI,46,48,90,354.00,"31,860.00"
2019-07-09,2019070901004743,HIDCL,32,49,165,162.00,"26,730.00"
2019-07-09,2019070901004658,HIDCL,38,49,20,162.00,"3,240.00"
2019-07-09,2019070901004533,HIDCL,38,43,30,162.00,"4,860.00"
2019-07-09,2019070901004532,HIDCL,22,43,470,162.00,"76,140.00"
2019-07-09,2019070901004495,HIDCL,22,45,30,162.00,"4,860.00"
2019-07-09,2019070901004320,HPPL,35,42,10,174.00,"1,740.00"
2019-07-09,2019070901004305,HPPL,35,33,20,174.00,"3,480.00"
2019-07-09,2019070901004684,HURJA,1,48,20,141.00,"2,820.00"
2019-07-09,2019070901004466,HURJA,1,26,20,141.00,"2,820.00"
2019-07-09,2019070901004455,HURJA,1,21,20,141.00,"2,820.00"
2019-07-09,2019070901004408,HURJA,1,14,20,141.00,"2,820.00"
2019-07-09,2019070901004392,HURJA,1,14,20,141.00,"2,820.00"
2019-07-09,2019070901004378,HURJA,1,14,20,141.00,"2,820.00"
2019-07-09,2019070901004354,HURJA,1,8,20,141.00,"2,820.00"
2019-07-09,2019070901004353,HURJA,1,48,20,141.00,"2,820.00"
2019-07-09,2019070901004347,HURJA,1,26,20,141.00,"2,820.00"
2019-07-09,2019070901004341,HURJA,1,44,20,141.00,"2,820.00"
2019-07-09,2019070901004316,HURJA,1,49,20,141.00,"2,820.00"
2019-07-09,2019070901004311,HURJA,1,26,20,141.00,"2,820.00"
2019-07-09,2019070901004357,ICFC,17,13,"1,000",164.00,"164,000.00"
2019-07-09,2019070901004733,IGI,6,17,70,356.00,"24,920.00"
2019-07-09,2019070901004754,JBBL,57,21,500,163.00,"81,500.00"
2019-07-09,2019070901004432,JBBL,58,17,20,164.00,"3,280.00"
2019-07-09,2019070901004416,JBBL,57,43,"1,000",162.00,"162,000.00"
2019-07-09,2019070901004395,JBBL,57,46,340,163.00,"55,420.00"
2019-07-09,2019070901004394,JBBL,57,35,20,163.00,"3,260.00"
2019-07-09,2019070901004391,JBBL,14,35,50,163.00,"8,150.00"
2019-07-09,2019070901004329,JBBL,58,43,25,163.00,"4,075.00"
2019-07-09,2019070901004328,JBBL,58,6,225,162.00,"36,450.00"
2019-07-09,2019070901004390,JBBL,14,25,25,163.00,"4,075.00"
2019-07-09,2019070901004389,JBBL,14,38,50,163.00,"8,150.00"
2019-07-09,2019070901004388,JBBL,14,38,300,163.00,"48,900.00"
2019-07-09,2019070901004387,JBBL,14,1,300,163.00,"48,900.00"
2019-07-09,2019070901004386,JBBL,14,21,200,163.00,"32,600.00"
2019-07-09,2019070901004385,JBBL,14,43,75,163.00,"12,225.00"
2019-07-09,2019070901004430,JFL,34,25,217,178.00,"38,626.00"
2019-07-09,2019070901004370,JFL,6,37,10,179.00,"1,790.00"
2019-07-09,2019070901004744,JSLBB,34,49,20,942.00,"18,840.00"
2019-07-09,2019070901004523,KBL,6,44,"1,050",219.00,"229,950.00"
2019-07-09,2019070901004522,KBL,43,44,279,219.00,"61,101.00"
2019-07-09,2019070901004461,KBL,43,57,100,219.00,"21,900.00"
2019-07-09,2019070901004459,KBL,43,4,121,219.00,"26,499.00"
2019-07-09,2019070901004458,KBL,43,4,500,219.00,"109,500.00"
2019-07-09,2019070901004457,KBL,38,4,500,219.00,"109,500.00"
2019-07-09,2019070901004456,KBL,43,4,379,219.00,"83,001.00"
2019-07-09,2019070901004324,KBL,43,33,86,219.00,"18,834.00"
2019-07-09,2019070901004508,KRBL,38,45,46,118.00,"5,428.00"
2019-07-09,2019070901004454,KSBBL,35,39,98,157.00,"15,386.00"
2019-07-09,2019070901004445,KSBBL,35,38,50,157.00,"7,850.00"
2019-07-09,2019070901004407,KSBBL,41,34,100,158.00,"15,800.00"
2019-07-09,2019070901004428,LBBL,44,32,100,190.00,"19,000.00"
2019-07-09,2019070901004427,LBBL,44,32,100,190.00,"19,000.00"
2019-07-09,2019070901004426,LBBL,56,32,100,190.00,"19,000.00"
2019-07-09,2019070901004652,LBL,45,34,103,227.00,"23,381.00"
2019-07-09,2019070901004651,LBL,45,58,97,227.00,"22,019.00"
2019-07-09,2019070901004648,LBL,7,58,903,227.00,"204,981.00"
2019-07-09,2019070901004647,LBL,7,20,297,227.00,"67,419.00"
2019-07-09,2019070901004584,LBL,25,51,800,226.00,"180,800.00"
2019-07-09,2019070901004583,LBL,45,51,100,226.00,"22,600.00"
2019-07-09,2019070901004368,LBL,56,28,20,227.00,"4,540.00"
2019-07-09,2019070901004582,LBL,33,51,"1,000",226.00,"226,000.00"
2019-07-09,2019070901004581,LBL,32,51,100,226.00,"22,600.00"
2019-07-09,2019070901004538,LBL,51,20,"1,703",227.00,"386,581.00"
2019-07-09,2019070901004519,LBL,51,38,400,227.00,"90,800.00"
2019-07-09,2019070901004518,LBL,51,43,500,227.00,"113,500.00"
2019-07-09,2019070901004517,LBL,51,28,397,227.00,"90,119.00"
2019-07-09,2019070901004344,LGIL,43,33,36,439.00,"15,804.00"
2019-07-09,2019070901004343,LGIL,41,33,20,440.00,"8,800.00"
2019-07-09,2019070901004463,MBL,38,6,100,258.00,"25,800.00"
2019-07-09,2019070901004450,MBL,38,26,29,258.00,"7,482.00"
2019-07-09,2019070901004449,MBL,38,26,500,258.00,"129,000.00"
2019-07-09,2019070901004448,MBL,58,26,971,258.00,"250,518.00"
2019-07-09,2019070901004361,MBL,58,33,29,258.00,"7,482.00"
2019-07-09,2019070901004360,MBL,14,33,71,259.00,"18,389.00"
2019-07-09,2019070901004625,MDB,35,33,80,236.00,"18,880.00"
2019-07-09,2019070901004624,MDB,56,33,75,236.00,"17,700.00"
2019-07-09,2019070901004623,MDB,50,33,150,237.00,"35,550.00"
2019-07-09,2019070901004498,MDB,52,33,100,237.00,"23,700.00"
2019-07-09,2019070901004777,MEGA,58,51,11,211.00,"2,321.00"
2019-07-09,2019070901004776,MEGA,58,59,44,211.00,"9,284.00"
2019-07-09,2019070901004771,MEGA,58,46,100,211.00,"21,100.00"
2019-07-09,2019070901004751,MEGA,58,41,39,211.00,"8,229.00"
2019-07-09,2019070901004745,MEGA,58,59,44,211.00,"9,284.00"
2019-07-09,2019070901004726,MEGA,58,42,"1,300",211.00,"274,300.00"
2019-07-09,2019070901004359,MEGA,22,49,253,212.00,"53,636.00"
2019-07-09,2019070901004358,MEGA,22,19,43,212.00,"9,116.00"
2019-07-09,2019070901004340,MEGA,28,19,107,212.00,"22,684.00"
2019-07-09,2019070901004339,MEGA,28,17,100,212.00,"21,200.00"
2019-07-09,2019070901004338,MEGA,28,40,793,212.00,"168,116.00"
2019-07-09,2019070901004321,MEGA,19,11,98,211.00,"20,678.00"
2019-07-09,2019070901004439,MEGA,1,49,300,211.00,"63,300.00"
2019-07-09,2019070901004438,MEGA,43,49,100,211.00,"21,100.00"
2019-07-09,2019070901004437,MEGA,16,49,500,211.00,"105,500.00"
2019-07-09,2019070901004436,MEGA,55,49,200,211.00,"42,200.00"
2019-07-09,2019070901004435,MEGA,19,49,82,211.00,"17,302.00"
2019-07-09,2019070901004415,MEGA,6,49,50,212.00,"10,600.00"
2019-07-09,2019070901004512,MEGA,21,33,182,211.00,"38,402.00"
2019-07-09,2019070901004502,MEGA,29,49,300,212.00,"63,600.00"
2019-07-09,2019070901004497,MEGA,55,49,300,212.00,"63,600.00"
2019-07-09,2019070901004443,MEGA,49,49,500,212.00,"106,000.00"
2019-07-09,2019070901004441,MEGA,21,49,18,211.00,"3,798.00"
2019-07-09,2019070901004440,MEGA,21,49,500,211.00,"105,500.00"
2019-07-09,2019070901004646,MEGA,58,11,402,211.00,"84,822.00"
2019-07-09,2019070901004645,MEGA,48,11,10,211.00,"2,110.00"
2019-07-09,2019070901004644,MEGA,48,11,400,211.00,"84,400.00"
2019-07-09,2019070901004643,MEGA,43,11,188,211.00,"39,668.00"
2019-07-09,2019070901004550,MEGA,39,49,"1,000",212.00,"212,000.00"
2019-07-09,2019070901004513,MEGA,43,33,812,211.00,"171,332.00"
2019-07-09,2019070901004767,MERO,6,6,567,515.00,"292,005.00"
2019-07-09,2019070901004756,MERO,6,16,16,515.00,"8,240.00"
2019-07-09,2019070901004489,MERO,40,40,1,515.00,515.00
2019-07-09,2019070901004453,MERO,40,40,1,515.00,515.00
2019-07-09,2019070901004727,MLBL,36,59,70,195.00,"13,650.00"
2019-07-09,2019070901004796,MNBBL,42,6,50,361.00,"18,050.00"
2019-07-09,2019070901004664,MNBBL,28,13,345,361.00,"124,545.00"
2019-07-09,2019070901004626,MNBBL,43,13,30,361.00,"10,830.00"
2019-07-09,2019070901004577,MNBBL,5,1,76,360.00,"27,360.00"
2019-07-09,2019070901004576,MNBBL,25,1,100,360.00,"36,000.00"
2019-07-09,2019070901004575,MNBBL,48,1,50,360.00,"18,000.00"
2019-07-09,2019070901004574,MNBBL,41,1,200,360.00,"72,000.00"
2019-07-09,2019070901004573,MNBBL,35,1,200,360.00,"72,000.00"
2019-07-09,2019070901004572,MNBBL,25,1,"1,000",360.00,"360,000.00"
2019-07-09,2019070901004571,MNBBL,42,1,100,360.00,"36,000.00"
2019-07-09,2019070901004570,MNBBL,35,1,150,360.00,"54,000.00"
2019-07-09,2019070901004569,MNBBL,44,1,"1,834",360.00,"660,240.00"
2019-07-09,2019070901004462,MSLB,52,52,3,861.00,"2,583.00"
2019-07-09,2019070901004490,NABIL,35,29,12,801.00,"9,612.00"
2019-07-09,2019070901004377,NADEP,45,13,15,407.00,"6,105.00"
2019-07-09,2019070901004676,NAGRO,33,59,10,495.00,"4,950.00"
2019-07-09,2019070901004414,NAGRO,45,45,10,494.00,"4,940.00"
2019-07-09,2019070901004352,NAGRO,45,18,10,494.00,"4,940.00"
2019-07-09,2019070901004342,NAGRO,1,18,10,495.00,"4,950.00"
2019-07-09,2019070901004332,NAGRO,1,18,10,495.00,"4,950.00"
2019-07-09,2019070901004323,NAGRO,1,18,10,495.00,"4,950.00"
2019-07-09,2019070901004317,NAGRO,1,18,10,495.00,"4,950.00"
2019-07-09,2019070901004782,NBB,34,42,100,221.00,"22,100.00"
2019-07-09,2019070901004781,NBB,38,42,200,221.00,"44,200.00"
2019-07-09,2019070901004531,NBB,6,33,494,221.00,"109,174.00"
2019-07-09,2019070901004337,NBB,6,8,116,221.00,"25,636.00"
2019-07-09,2019070901004336,NBB,34,8,384,221.00,"84,864.00"
2019-07-09,2019070901004710,NBL,48,34,"1,000",337.00,"337,000.00"
2019-07-09,2019070901004526,NBL,49,55,"1,000",336.00,"336,000.00"
2019-07-09,2019070901004366,NBL,49,4,996,336.00,"334,656.00"
2019-07-09,2019070901004346,NBL,36,34,80,337.00,"26,960.00"
2019-07-09,2019070901004761,NCCB,28,46,100,243.00,"24,300.00"
2019-07-09,2019070901004750,NCCB,28,22,201,243.00,"48,843.00"
2019-07-09,2019070901004509,NCCB,28,45,50,243.00,"12,150.00"
2019-07-09,2019070901004488,NCCB,28,35,92,243.00,"22,356.00"
2019-07-09,2019070901004487,NCCB,58,35,63,243.00,"15,309.00"
2019-07-09,2019070901004465,NCCB,42,51,200,244.00,"48,800.00"
2019-07-09,2019070901004367,NGPL,26,1,50,118.00,"5,900.00"
2019-07-09,2019070901004302,NGPL,11,16,18,117.00,"2,106.00"
2019-07-09,2019070901004540,NHDL,38,33,10,121.00,"1,210.00"
2019-07-09,2019070901004692,NHPC,56,7,10,67.00,670.00
2019-07-09,2019070901004514,NHPC,36,34,500,66.00,"33,000.00"
2019-07-09,2019070901004734,NIB,40,40,2,516.00,"1,032.00"
2019-07-09,2019070901004730,NIB,14,6,106,516.00,"54,696.00"
2019-07-09,2019070901004712,NIB,14,16,40,516.00,"20,640.00"
2019-07-09,2019070901004690,NIB,11,6,40,517.00,"20,680.00"
2019-07-09,2019070901004675,NIB,11,16,60,516.00,"30,960.00"
2019-07-09,2019070901004674,NIB,55,16,40,516.00,"20,640.00"
2019-07-09,2019070901004661,NIB,40,40,2,516.00,"1,032.00"
2019-07-09,2019070901004649,NIB,55,16,40,516.00,"20,640.00"
2019-07-09,2019070901004535,NIB,55,8,20,516.00,"10,320.00"
2019-07-09,2019070901004534,NIB,42,8,280,516.00,"144,480.00"
2019-07-09,2019070901004447,NIB,52,52,7,506.00,"3,542.00"
2019-07-09,2019070901004442,NIB,42,45,20,516.00,"10,320.00"
2019-07-09,2019070901004653,NIBPO,32,44,100,471.00,"47,100.00"
2019-07-09,2019070901004639,NIBPO,52,4,6,470.00,"2,820.00"
2019-07-09,2019070901004638,NIBPO,6,4,146,470.00,"68,620.00"
2019-07-09,2019070901004637,NIBPO,1,4,10,470.00,"4,700.00"
2019-07-09,2019070901004636,NIBPO,6,4,338,470.00,"158,860.00"
2019-07-09,2019070901004406,NIBPO,6,44,162,470.00,"76,140.00"
2019-07-09,2019070901004405,NIBPO,45,44,20,470.00,"9,400.00"
2019-07-09,2019070901004404,NIBPO,52,44,18,470.00,"8,460.00"
2019-07-09,2019070901004663,NICA,49,16,16,449.00,"7,184.00"
2019-07-09,2019070901004662,NICA,38,16,50,449.00,"22,450.00"
2019-07-09,2019070901004567,NICA,38,4,450,449.00,"202,050.00"
2019-07-09,2019070901004539,NICA,26,4,50,449.00,"22,450.00"
2019-07-09,2019070901004659,NICGF,7,33,100,9.35,935.00
2019-07-09,2019070901004770,NICL,6,17,147,352.00,"51,744.00"
2019-07-09,2019070901004769,NICL,6,17,100,353.00,"35,300.00"
2019-07-09,2019070901004768,NICL,45,17,120,353.00,"42,360.00"
2019-07-09,2019070901004665,NLBBL,5,46,250,483.00,"120,750.00"
2019-07-09,2019070901004548,NLG,26,6,100,727.00,"72,700.00"
2019-07-09,2019070901004546,NLG,54,6,100,727.00,"72,700.00"
2019-07-09,2019070901004545,NLG,45,6,17,727.00,"12,359.00"
2019-07-09,2019070901004363,NLG,45,32,33,727.00,"23,991.00"
2019-07-09,2019070901004362,NLG,11,32,10,727.00,"7,270.00"
2019-07-09,2019070901004630,NLIC,55,18,100,892.00,"89,200.00"
2019-07-09,2019070901004784,NLICL,11,38,19,582.00,"11,058.00"
2019-07-09,2019070901004783,NLICL,11,6,150,581.00,"87,150.00"
2019-07-09,2019070901004689,NLICL,16,18,137,580.00,"79,460.00"
2019-07-09,2019070901004655,NLICL,16,56,108,580.00,"62,640.00"
2019-07-09,2019070901004633,NLICL,16,17,21,580.00,"12,180.00"
2019-07-09,2019070901004619,NLICL,16,6,27,580.00,"15,660.00"
2019-07-09,2019070901004613,NLICL,59,6,50,581.00,"29,050.00"
2019-07-09,2019070901004543,NLICL,37,38,102,581.00,"59,262.00"
2019-07-09,2019070901004525,NLICL,11,51,27,581.00,"15,687.00"
2019-07-09,2019070901004403,NLICL,47,51,50,581.00,"29,050.00"
2019-07-09,2019070901004402,NLICL,28,51,32,581.00,"18,592.00"
2019-07-09,2019070901004401,NLICL,43,51,26,581.00,"15,106.00"
2019-07-09,2019070901004701,NMBMF,45,18,100,975.00,"97,500.00"
2019-07-09,2019070901004345,NMFBS,33,16,15,"1,430.00","21,450.00"
2019-07-09,2019070901004742,NSEWA,55,33,10,386.00,"3,860.00"
2019-07-09,2019070901004607,NTC,14,14,310,689.00,"213,590.00"
2019-07-09,2019070901004547,NTC,33,4,10,690.00,"6,900.00"
2019-07-09,2019070901004758,PCBL,32,33,232,274.00,"63,568.00"
2019-07-09,2019070901004757,PCBL,52,33,132,274.00,"36,168.00"
2019-07-09,2019070901004702,PCBL,52,40,60,274.00,"16,440.00"
2019-07-09,2019070901004700,PCBL,52,43,308,274.00,"84,392.00"
2019-07-09,2019070901004699,PCBL,38,43,264,274.00,"72,336.00"
2019-07-09,2019070901004698,PCBL,25,43,200,274.00,"54,800.00"
2019-07-09,2019070901004697,PCBL,50,43,228,274.00,"62,472.00"
2019-07-09,2019070901004563,PCBL,54,39,210,275.00,"57,750.00"
2019-07-09,2019070901004308,PCBL,25,56,121,275.00,"33,275.00"
2019-07-09,2019070901004307,PCBL,32,56,379,275.00,"104,225.00"
2019-07-09,2019070901004610,PFL,18,18,1,141.00,141.00
2019-07-09,2019070901004696,PIC,25,35,20,494.00,"9,880.00"
2019-07-09,2019070901004695,PIC,6,35,10,494.00,"4,940.00"
2019-07-09,2019070901004694,PIC,17,35,50,494.00,"24,700.00"
2019-07-09,2019070901004693,PIC,43,35,20,494.00,"9,880.00"
2019-07-09,2019070901004622,PIC,43,39,50,495.00,"24,750.00"
2019-07-09,2019070901004621,PIC,17,39,100,495.00,"49,500.00"
2019-07-09,2019070901004504,PIC,36,45,20,496.00,"9,920.00"
2019-07-09,2019070901004503,PIC,25,45,11,496.00,"5,456.00"
2019-07-09,2019070901004425,PIC,25,4,39,496.00,"19,344.00"
2019-07-09,2019070901004424,PIC,21,4,289,496.00,"143,344.00"
2019-07-09,2019070901004423,PIC,17,4,116,497.00,"57,652.00"
2019-07-09,2019070901004422,PIC,42,4,50,497.00,"24,850.00"
2019-07-09,2019070901004716,PLIC,37,18,20,433.00,"8,660.00"
2019-07-09,2019070901004715,PLIC,51,18,30,433.00,"12,990.00"
2019-07-09,2019070901004714,PLIC,52,18,50,434.00,"21,700.00"
2019-07-09,2019070901004433,PLIC,39,16,47,435.00,"20,445.00"
2019-07-09,2019070901004580,PMHPL,59,41,100,104.00,"10,400.00"
2019-07-09,2019070901004579,PMHPL,59,42,10,104.00,"1,040.00"
2019-07-09,2019070901004499,PPCL,56,26,10,137.00,"1,370.00"
2019-07-09,2019070901004464,PPCL,56,21,30,137.00,"4,110.00"
2019-07-09,2019070901004429,PPCL,56,21,10,137.00,"1,370.00"
2019-07-09,2019070901004384,PPCL,56,8,20,137.00,"2,740.00"
2019-07-09,2019070901004369,PPCL,56,26,10,137.00,"1,370.00"
2019-07-09,2019070901004327,PPCL,56,26,10,137.00,"1,370.00"
2019-07-09,2019070901004326,PPCL,56,49,10,138.00,"1,380.00"
2019-07-09,2019070901004325,PPCL,56,34,30,138.00,"4,140.00"
2019-07-09,2019070901004642,PRIN,41,6,20,370.00,"7,400.00"
2019-07-09,2019070901004774,PRVU,36,33,157,261.00,"40,977.00"
2019-07-09,2019070901004773,PRVU,28,33,64,261.00,"16,704.00"
2019-07-09,2019070901004772,PRVU,28,33,81,262.00,"21,222.00"
2019-07-09,2019070901004371,PRVU,34,45,13,262.00,"3,406.00"
2019-07-09,2019070901004315,PRVU,6,45,50,263.00,"13,150.00"
2019-07-09,2019070901004507,PRVU,21,21,8,259.00,"2,072.00"
2019-07-09,2019070901004444,PRVU,6,45,50,263.00,"13,150.00"
2019-07-09,2019070901004434,PRVU,28,45,10,263.00,"2,630.00"
2019-07-09,2019070901004749,PRVU,28,46,400,262.00,"104,800.00"
2019-07-09,2019070901004688,PRVU,28,59,56,262.00,"14,672.00"
2019-07-09,2019070901004687,PRVU,28,50,463,262.00,"121,306.00"
2019-07-09,2019070901004686,PRVU,34,50,37,262.00,"9,694.00"
2019-07-09,2019070901004641,PRVU,45,45,200,263.00,"52,600.00"
2019-07-09,2019070901004452,RBCL,41,32,10,"9,550.00","95,500.00"
2019-07-09,2019070901004741,RBCLPO,42,17,10,"8,400.00","84,000.00"
2019-07-09,2019070901004740,RBCLPO,36,17,20,"8,400.00","168,000.00"
2019-07-09,2019070901004739,RBCLPO,10,17,10,"8,420.00","84,200.00"
2019-07-09,2019070901004738,RBCLPO,58,17,10,"8,425.00","84,250.00"
2019-07-09,2019070901004737,RBCLPO,47,17,20,"8,425.00","168,500.00"
2019-07-09,2019070901004635,RBCLPO,42,3,10,"8,455.00","84,550.00"
2019-07-09,2019070901004634,RBCLPO,47,3,20,"8,456.00","169,120.00"
2019-07-09,2019070901004724,RMDC,28,18,100,667.00,"66,700.00"
2019-07-09,2019070901004312,RSDC,52,52,6,334.00,"2,004.00"
2019-07-09,2019070901004561,SADBL,41,13,90,160.00,"14,400.00"
2019-07-09,2019070901004331,SADBL,41,59,110,160.00,"17,600.00"
2019-07-09,2019070901004330,SADBL,45,59,90,160.00,"14,400.00"
2019-07-09,2019070901004793,SANIMA,47,43,361,341.00,"123,101.00"
2019-07-09,2019070901004792,SANIMA,45,43,200,341.00,"68,200.00"
2019-07-09,2019070901004723,SANIMA,36,45,461,342.00,"157,662.00"
2019-07-09,2019070901004629,SANIMA,42,45,110,342.00,"37,620.00"
2019-07-09,2019070901004628,SANIMA,54,45,260,342.00,"88,920.00"
2019-07-09,2019070901004627,SANIMA,34,45,390,342.00,"133,380.00"
2019-07-09,2019070901004398,SANIMA,34,4,110,342.00,"37,620.00"
2019-07-09,2019070901004397,SANIMA,58,4,200,342.00,"68,400.00"
2019-07-09,2019070901004396,SANIMA,49,4,690,342.00,"235,980.00"
2019-07-09,2019070901004318,SANIMA,39,28,180,343.00,"61,740.00"
2019-07-09,2019070901004313,SANIMA,39,36,200,343.00,"68,600.00"
2019-07-09,2019070901004510,SBL,38,48,300,316.00,"94,800.00"
2019-07-09,2019070901004351,SBL,32,39,500,316.00,"158,000.00"
2019-07-09,2019070901004350,SBL,34,39,50,316.00,"15,800.00"
2019-07-09,2019070901004349,SBL,45,39,200,316.00,"63,200.00"
2019-07-09,2019070901004348,SBL,16,39,619,316.00,"195,604.00"
2019-07-09,2019070901004725,SCB,38,25,20,660.00,"13,200.00"
2019-07-09,2019070901004568,SCB,41,45,53,659.00,"34,927.00"
2019-07-09,2019070901004544,SCB,33,45,200,659.00,"131,800.00"
2019-07-09,2019070901004418,SCB,11,45,20,658.00,"13,160.00"
2019-07-09,2019070901004791,SHIVM,13,14,100,607.00,"60,700.00"
2019-07-09,2019070901004790,SHIVM,32,14,200,607.00,"121,400.00"
2019-07-09,2019070901004789,SHIVM,22,14,10,607.00,"6,070.00"
2019-07-09,2019070901004788,SHIVM,26,14,20,608.00,"12,160.00"
2019-07-09,2019070901004787,SHIVM,56,14,20,608.00,"12,160.00"
2019-07-09,2019070901004786,SHIVM,14,14,20,608.00,"12,160.00"
2019-07-09,2019070901004785,SHIVM,14,14,20,608.00,"12,160.00"
2019-07-09,2019070901004797,SHL,54,22,278,230.00,"63,940.00"
2019-07-09,2019070901004364,SHL,56,51,100,231.00,"23,100.00"
2019-07-09,2019070901004704,SHPC,36,16,100,251.00,"25,100.00"
2019-07-09,2019070901004496,SHPC,45,19,500,250.00,"125,000.00"
2019-07-09,2019070901004562,SIC,1,40,80,608.00,"48,640.00"
2019-07-09,2019070901004310,SIC,41,40,20,608.00,"12,160.00"
2019-07-09,2019070901004798,SICL,56,37,13,763.00,"9,919.00"
2019-07-09,2019070901004795,SICL,16,16,1,746.00,746.00
2019-07-09,2019070901004747,SICL,16,16,1,746.00,746.00
2019-07-09,2019070901004766,SKBBL,35,59,15,938.00,"14,070.00"
2019-07-09,2019070901004765,SKBBL,35,59,12,940.00,"11,280.00"
2019-07-09,2019070901004373,SKBBL,35,49,242,940.00,"227,480.00"
2019-07-09,2019070901004372,SKBBL,35,57,46,940.00,"43,240.00"
2019-07-09,2019070901004670,SLICL,32,6,23,456.00,"10,488.00"
2019-07-09,2019070901004365,SMATA,52,52,1,"1,077.00","1,077.00"
2019-07-09,2019070901004446,SMB,26,13,10,402.00,"4,020.00"
2019-07-09,2019070901004585,SMFBS,34,51,10,472.00,"4,720.00"
2019-07-09,2019070901004560,SMFBS,34,21,10,472.00,"4,720.00"
2019-07-09,2019070901004521,SMFBS,1,33,10,475.00,"4,750.00"
2019-07-09,2019070901004520,SMFBS,1,33,10,475.00,"4,750.00"
2019-07-09,2019070901004409,SMFBS,48,26,10,473.00,"4,730.00"
2019-07-09,2019070901004393,SMFBS,34,55,170,475.00,"80,750.00"
2019-07-09,2019070901004309,SMFBS,34,4,10,475.00,"4,750.00"
2019-07-09,2019070901004301,SMFBS,34,18,10,475.00,"4,750.00"
2019-07-09,2019070901004491,SMFDB,41,38,18,510.00,"9,180.00"
2019-07-09,2019070901004691,SPARS,22,28,10,430.00,"4,300.00"
2019-07-09,2019070901004667,SPARS,34,48,10,429.00,"4,290.00"
2019-07-09,2019070901004451,SPARS,34,26,10,429.00,"4,290.00"
2019-07-09,2019070901004322,SPARS,34,44,10,429.00,"4,290.00"
2019-07-09,2019070901004412,SRBL,7,48,100,252.00,"25,200.00"
2019-07-09,2019070901004376,SRBL,42,4,100,253.00,"25,300.00"
2019-07-09,2019070901004375,SRBL,32,4,300,253.00,"75,900.00"
2019-07-09,2019070901004374,SRBL,41,4,50,253.00,"12,650.00"
2019-07-09,2019070901004319,SRBL,19,1,130,254.00,"33,020.00"
2019-07-09,2019070901004300,SRBL,19,43,370,254.00,"93,980.00"
2019-07-09,2019070901004299,SRBL,14,43,26,254.00,"6,604.00"
2019-07-09,2019070901004588,TRH,44,44,"16,000",315.00,"5,040,000.00"
2019-07-09,2019070901004640,UIC,26,5,60,859.00,"51,540.00"
2019-07-09,2019070901004383,UIC,34,22,100,860.00,"86,000.00"
2019-07-09,2019070901004382,UIC,44,22,10,860.00,"8,600.00"
2019-07-09,2019070901004381,UIC,54,22,100,861.00,"86,100.00"
2019-07-09,2019070901004380,UIC,32,22,100,861.00,"86,100.00"
2019-07-09,2019070901004379,UIC,17,22,50,865.00,"43,250.00"
2019-07-09,2019070901004552,UMHL,59,42,14,110.00,"1,540.00"
2019-07-09,2019070901004541,UMHL,59,42,14,110.00,"1,540.00"
2019-07-09,2019070901004530,UMHL,59,42,14,110.00,"1,540.00"
2019-07-09,2019070901004527,UMHL,59,42,14,110.00,"1,540.00"
2019-07-09,2019070901004729,UPCL,51,21,200,90.00,"18,000.00"
2019-07-09,2019070901004718,UPCL,51,21,200,90.00,"18,000.00"
2019-07-09,2019070901004703,UPCL,51,21,200,90.00,"18,000.00"
2019-07-09,2019070901004612,UPCL,51,25,100,90.00,"9,000.00"
2019-07-09,2019070901004611,UPCL,51,21,150,90.00,"13,500.00"
2019-07-09,2019070901004794,UPPER,14,41,50,266.00,"13,300.00"
2019-07-09,2019070901004775,UPPER,14,6,50,266.00,"13,300.00"
2019-07-09,2019070901004722,UPPER,56,56,50,266.00,"13,300.00"
2019-07-09,2019070901004721,UPPER,56,56,40,266.00,"10,640.00"
2019-07-09,2019070901004720,UPPER,56,56,50,266.00,"13,300.00"
2019-07-09,2019070901004719,UPPER,56,56,40,266.00,"10,640.00"
2019-07-09,2019070901004609,UPPER,11,33,60,266.00,"15,960.00"
2019-07-09,2019070901004608,UPPER,11,13,40,266.00,"10,640.00"
2019-07-09,2019070901004587,UPPER,50,21,50,265.00,"13,250.00"
2019-07-09,2019070901004306,UPPER,50,42,50,265.00,"13,250.00"
2019-07-09,2019070901004200,ADBL,57,28,13,405.00,"5,265.00"
2019-07-09,2019070901003998,ADBL,45,22,30,406.00,"12,180.00"
2019-07-09,2019070901003997,ADBL,42,22,20,406.00,"8,120.00"
2019-07-09,2019070901003856,ADBL,49,22,200,407.00,"81,400.00"
2019-07-09,2019070901003821,ADBL,42,45,65,406.00,"26,390.00"
2019-07-09,2019070901003815,ADBL,57,34,202,405.00,"81,810.00"
2019-07-09,2019070901004252,ALBSL,57,41,10,398.00,"3,980.00"
2019-07-09,2019070901004231,ALBSL,57,41,10,398.00,"3,980.00"
2019-07-09,2019070901004076,ALICL,50,50,9,380.00,"3,420.00"
2019-07-09,2019070901004046,ALICL,11,55,223,385.00,"85,855.00"
2019-07-09,2019070901003929,ALICL,57,55,33,385.00,"12,705.00"
2019-07-09,2019070901003928,ALICL,57,57,36,385.00,"13,860.00"
2019-07-09,2019070901003927,ALICL,57,55,31,385.00,"11,935.00"
2019-07-09,2019070901004258,API,48,39,419,142.00,"59,498.00"
2019-07-09,2019070901004257,API,1,39,500,142.00,"71,000.00"
2019-07-09,2019070901004256,API,38,39,270,142.00,"38,340.00"
2019-07-09,2019070901004039,API,38,52,28,142.00,"3,976.00"
2019-07-09,2019070901003930,API,25,45,50,144.00,"7,200.00"
2019-07-09,2019070901003820,API,38,33,28,142.00,"3,976.00"
2019-07-09,2019070901004102,BFC,53,26,39,103.00,"4,017.00"
2019-07-09,2019070901004030,BFC,53,26,27,103.00,"2,781.00"
2019-07-09,2019070901004235,BPCL,59,39,22,408.00,"8,976.00"
2019-07-09,2019070901004166,BPCL,59,33,11,408.00,"4,488.00"
2019-07-09,2019070901003972,BPCL,22,7,300,410.00,"123,000.00"
2019-07-09,2019070901003971,BPCL,22,13,274,410.00,"112,340.00"
2019-07-09,2019070901003878,BPCL,34,22,317,410.00,"129,970.00"
2019-07-09,2019070901003844,BPCL,34,1,100,410.00,"41,000.00"
2019-07-09,2019070901003810,BPCL,34,39,83,410.00,"34,030.00"
2019-07-09,2019070901004169,CBL,17,1,15,158.00,"2,370.00"
2019-07-09,2019070901004168,CBL,17,1,85,158.00,"13,430.00"
2019-07-09,2019070901004129,CBL,49,1,15,158.00,"2,370.00"
2019-07-09,2019070901004128,CBL,49,38,185,158.00,"29,230.00"
2019-07-09,2019070901004122,CBL,28,45,480,157.00,"75,360.00"
2019-07-09,2019070901004121,CBL,19,45,20,157.00,"3,140.00"
2019-07-09,2019070901003822,CBL,42,38,30,158.00,"4,740.00"
2019-07-09,2019070901004043,CBL,19,45,110,157.00,"17,270.00"
2019-07-09,2019070901003959,CBL,19,45,370,157.00,"58,090.00"
2019-07-09,2019070901003958,CBL,52,45,630,157.00,"98,910.00"
2019-07-09,2019070901003903,CBL,52,45,"1,000",157.00,"157,000.00"
2019-07-09,2019070901003893,CBL,25,38,500,158.00,"79,000.00"
2019-07-09,2019070901003877,CBL,35,38,200,158.00,"31,600.00"
2019-07-09,2019070901004184,CCBL,49,39,50,180.00,"9,000.00"
2019-07-09,2019070901004017,CCBL,59,45,161,179.00,"28,819.00"
2019-07-09,2019070901004016,CCBL,57,45,39,179.00,"6,981.00"
2019-07-09,2019070901003918,CCBL,57,34,"1,526",179.00,"273,154.00"
2019-07-09,2019070901003917,CCBL,57,34,374,179.00,"66,946.00"
2019-07-09,2019070901003898,CCBL,57,34,500,179.00,"89,500.00"
2019-07-09,2019070901003800,CCBL,57,58,31,179.00,"5,549.00"
2019-07-09,2019070901004242,CHCL,45,41,138,513.00,"70,794.00"
2019-07-09,2019070901004277,CIT,54,56,10,"2,425.00","24,250.00"
2019-07-09,2019070901004155,CIT,54,28,11,"2,425.00","26,675.00"
2019-07-09,2019070901004013,CLBSL,41,5,58,505.00,"29,290.00"
2019-07-09,2019070901003931,CLBSL,41,50,17,505.00,"8,585.00"
2019-07-09,2019070901003809,CLBSL,53,5,30,505.00,"15,150.00"
2019-07-09,2019070901004267,CZBIL,58,33,141,221.00,"31,161.00"
2019-07-09,2019070901004266,CZBIL,53,33,100,221.00,"22,100.00"
2019-07-09,2019070901004062,CZBIL,36,40,49,222.00,"10,878.00"
2019-07-09,2019070901004011,DBBL,45,59,100,144.00,"14,400.00"
2019-07-09,2019070901003989,DBBL,48,59,292,144.00,"42,048.00"
2019-07-09,2019070901003988,DBBL,48,34,50,144.00,"7,200.00"
2019-07-09,2019070901004281,EBL,59,48,73,649.00,"47,377.00"
2019-07-09,2019070901004264,EBL,42,48,20,649.00,"12,980.00"
2019-07-09,2019070901003886,EBL,59,8,100,649.00,"64,900.00"
2019-07-09,2019070901003818,EBL,42,48,"1,311",649.00,"850,839.00"
2019-07-09,2019070901004287,EIC,11,33,10,360.00,"3,600.00"
2019-07-09,2019070901004286,EIC,26,33,100,361.00,"36,100.00"
2019-07-09,2019070901004218,FOWAD,6,16,50,"1,330.00","66,500.00"
2019-07-09,2019070901004143,FOWAD,39,16,41,"1,330.00","54,530.00"
2019-07-09,2019070901003834,FOWAD,39,33,19,"1,330.00","25,270.00"
2019-07-09,2019070901004234,GBBL,7,37,400,223.00,"89,200.00"
2019-07-09,2019070901004233,GBBL,45,37,100,224.00,"22,400.00"
2019-07-09,2019070901004053,GBLBS,10,34,10,341.00,"3,410.00"
2019-07-09,2019070901003832,GDBL,36,32,374,216.00,"80,784.00"
2019-07-09,2019070901003831,GDBL,36,26,234,215.00,"50,310.00"
2019-07-09,2019070901003936,GHL,42,50,20,88.00,"1,760.00"
2019-07-09,2019070901004271,GLBSL,19,38,10,390.00,"3,900.00"
2019-07-09,2019070901004194,GLBSL,19,47,160,390.00,"62,400.00"
2019-07-09,2019070901004183,GLBSL,34,47,10,392.00,"3,920.00"
2019-07-09,2019070901004182,GLBSL,54,47,20,392.00,"7,840.00"
2019-07-09,2019070901004181,GLBSL,58,47,30,393.00,"11,790.00"
2019-07-09,2019070901004180,GLBSL,19,47,80,395.00,"31,600.00"
2019-07-09,2019070901003923,GLBSL,35,52,20,400.00,"8,000.00"
2019-07-09,2019070901003911,GLBSL,35,35,10,400.00,"4,000.00"
2019-07-09,2019070901003835,GLBSL,35,25,10,400.00,"4,000.00"
2019-07-09,2019070901003823,GLBSL,35,25,10,400.00,"4,000.00"
2019-07-09,2019070901004279,GMFBS,50,42,10,438.00,"4,380.00"
2019-07-09,2019070901004221,GMFBS,50,18,10,438.00,"4,380.00"
2019-07-09,2019070901004217,GMFBS,50,42,10,438.00,"4,380.00"
2019-07-09,2019070901004207,GMFBS,50,18,10,438.00,"4,380.00"
2019-07-09,2019070901004203,GMFBS,50,18,10,438.00,"4,380.00"
2019-07-09,2019070901004188,GMFBS,50,18,10,438.00,"4,380.00"
2019-07-09,2019070901003840,GMFBS,26,33,10,440.00,"4,400.00"
2019-07-09,2019070901004176,GMFBS,50,18,10,438.00,"4,380.00"
2019-07-09,2019070901004160,GMFBS,50,18,10,438.00,"4,380.00"
2019-07-09,2019070901004033,GMFBS,43,21,10,437.00,"4,370.00"
2019-07-09,2019070901004024,GMFBS,43,39,10,437.00,"4,370.00"
2019-07-09,2019070901003947,GMFBS,46,41,10,438.00,"4,380.00"
2019-07-09,2019070901003862,GMFBS,26,21,10,440.00,"4,400.00"
2019-07-09,2019070901004179,HBL,34,13,18,540.00,"9,720.00"
2019-07-09,2019070901004167,HBL,34,28,19,540.00,"10,260.00"
2019-07-09,2019070901003879,HGI,41,48,10,354.00,"3,540.00"
2019-07-09,2019070901004294,HIDCL,36,26,12,161.00,"1,932.00"
2019-07-09,2019070901004151,HIDCL,36,40,12,161.00,"1,932.00"
2019-07-09,2019070901004150,HIDCL,25,40,48,162.00,"7,776.00"
2019-07-09,2019070901004145,HIDCL,25,40,60,162.00,"9,720.00"
2019-07-09,2019070901004127,HIDCL,25,40,60,162.00,"9,720.00"
2019-07-09,2019070901004119,HIDCL,25,40,32,162.00,"5,184.00"
2019-07-09,2019070901004057,HIDCL,32,45,37,162.00,"5,994.00"
2019-07-09,2019070901003993,HIDCL,32,36,61,162.00,"9,882.00"
2019-07-09,2019070901003908,HIDCL,32,17,11,162.00,"1,782.00"
2019-07-09,2019070901003907,HIDCL,44,17,19,162.00,"3,078.00"
2019-07-09,2019070901003876,HIDCL,44,58,"1,481",162.00,"239,922.00"
2019-07-09,2019070901003850,HIDCL,36,33,31,161.00,"4,991.00"
2019-07-09,2019070901004118,HIDCL,32,40,28,162.00,"4,536.00"
2019-07-09,2019070901004112,HIDCL,32,40,60,162.00,"9,720.00"
2019-07-09,2019070901004098,HIDCL,32,40,60,162.00,"9,720.00"
2019-07-09,2019070901004086,HIDCL,32,40,81,162.00,"13,122.00"
2019-07-09,2019070901004077,HIDCL,32,40,81,162.00,"13,122.00"
2019-07-09,2019070901004063,HIDCL,32,40,81,162.00,"13,122.00"
2019-07-09,2019070901004101,HPPL,35,34,10,174.00,"1,740.00"
2019-07-09,2019070901004293,HURJA,1,40,20,141.00,"2,820.00"
2019-07-09,2019070901004216,HURJA,1,26,10,141.00,"1,410.00"
2019-07-09,2019070901004071,HURJA,1,57,20,141.00,"2,820.00"
2019-07-09,2019070901004008,ICFC,29,35,10,164.00,"1,640.00"
2019-07-09,2019070901004007,ICFC,29,57,"1,000",164.00,"164,000.00"
2019-07-09,2019070901004006,ICFC,29,40,200,164.00,"32,800.00"
