Date,Transact. No.,Symbol,Buyer,Seller,Quantity,Rate,Amount
2020-12-06,2020120604001860,BBC,47,55,10,"2,895.00","28,950.00"
2020-12-06,2020120604001859,BBC,26,55,10,"2,937.00","29,370.00"
2020-12-06,2020120604001858,BBC,45,55,10,"2,940.00","29,400.00"
2020-12-06,2020120604001857,BBC,26,55,10,"2,941.00","29,410.00"
2020-12-06,2020120604001856,BBC,51,55,10,"2,942.00","29,420.00"
2020-12-06,2020120604001785,BBC,26,45,20,"2,941.00","58,820.00"
2020-12-06,2020120604001415,BBC,38,13,10,"3,000.00","30,000.00"
2020-12-06,2020120604001414,BBC,41,13,10,"3,000.00","30,000.00"
2020-12-06,2020120604001413,BBC,57,13,10,"3,060.00","30,600.00"
2020-12-06,2020120604001412,BBC,25,13,30,"3,060.00","91,800.00"
2020-12-06,2020120604001411,BBC,10,13,16,"3,065.00","49,040.00"
2020-12-06,2020120604001716,BBC,45,21,50,"2,950.00","147,500.00"
2020-12-06,2020120604001715,BBC,43,21,20,"2,955.00","59,100.00"
2020-12-06,2020120604001714,BBC,42,21,10,"2,960.00","29,600.00"
2020-12-06,2020120604001713,BBC,46,21,10,"2,960.00","29,600.00"
2020-12-06,2020120604001417,BBC,39,13,20,"2,999.00","59,980.00"
2020-12-06,2020120604001416,BBC,34,13,50,"2,999.00","149,950.00"
2020-12-06,2020120604001736,BBC,26,34,20,"2,941.00","58,820.00"
2020-12-06,2020120604001735,BBC,26,54,65,"2,941.00","191,165.00"
2020-12-06,2020120604001732,BBC,38,54,50,"2,941.00","147,050.00"
2020-12-06,2020120604001730,BBC,6,54,10,"2,941.00","29,410.00"
2020-12-06,2020120604001728,BBC,43,54,40,"2,950.00","118,000.00"
2020-12-06,2020120604001717,BBC,43,21,10,"2,950.00","29,500.00"
2020-12-06,2020120604001760,CMF1,42,51,"10,000",9.82,"98,200.00"
2020-12-06,2020120604001876,GIC,25,52,10,580.00,"5,800.00"
2020-12-06,2020120604001872,GIC,25,45,10,580.00,"5,800.00"
2020-12-06,2020120604001864,GIC,25,42,10,580.00,"5,800.00"
2020-12-06,2020120604001863,GIC,25,58,10,580.00,"5,800.00"
2020-12-06,2020120604001855,GIC,25,54,10,580.00,"5,800.00"
2020-12-06,2020120604001849,GIC,25,55,50,580.00,"29,000.00"
2020-12-06,2020120604001390,GIC,53,57,10,586.00,"5,860.00"
2020-12-06,2020120604001381,GIC,53,36,10,586.00,"5,860.00"
2020-12-06,2020120604001429,GIC,53,21,10,586.00,"5,860.00"
2020-12-06,2020120604001424,GIC,53,39,100,586.00,"58,600.00"
2020-12-06,2020120604001421,GIC,53,4,10,586.00,"5,860.00"
2020-12-06,2020120604001410,GIC,53,48,10,586.00,"5,860.00"
2020-12-06,2020120604001404,GIC,53,45,10,586.00,"5,860.00"
2020-12-06,2020120604001402,GIC,53,54,10,586.00,"5,860.00"
2020-12-06,2020120604001458,GIC,53,34,30,586.00,"17,580.00"
2020-12-06,2020120604001450,GIC,42,52,10,587.00,"5,870.00"
2020-12-06,2020120604001449,GIC,53,44,10,586.00,"5,860.00"
2020-12-06,2020120604001448,GIC,53,13,10,586.00,"5,860.00"
2020-12-06,2020120604001443,GIC,53,45,10,586.00,"5,860.00"
2020-12-06,2020120604001430,GIC,53,17,10,586.00,"5,860.00"
2020-12-06,2020120604001475,GIC,38,45,10,585.00,"5,850.00"
2020-12-06,2020120604001472,GIC,38,28,10,585.00,"5,850.00"
2020-12-06,2020120604001469,GIC,32,34,10,586.00,"5,860.00"
2020-12-06,2020120604001467,GIC,6,52,10,585.00,"5,850.00"
2020-12-06,2020120604001463,GIC,6,34,10,585.00,"5,850.00"
2020-12-06,2020120604001459,GIC,33,34,10,586.00,"5,860.00"
2020-12-06,2020120604001496,GIC,42,21,10,585.00,"5,850.00"
2020-12-06,2020120604001492,GIC,42,32,20,585.00,"11,700.00"
2020-12-06,2020120604001491,GIC,42,17,10,585.00,"5,850.00"
2020-12-06,2020120604001484,GIC,38,58,10,585.00,"5,850.00"
2020-12-06,2020120604001483,GIC,38,4,10,585.00,"5,850.00"
2020-12-06,2020120604001479,GIC,38,56,10,585.00,"5,850.00"
2020-12-06,2020120604001520,GIC,42,21,10,585.00,"5,850.00"
2020-12-06,2020120604001517,GIC,42,52,10,585.00,"5,850.00"
2020-12-06,2020120604001512,GIC,42,58,10,585.00,"5,850.00"
2020-12-06,2020120604001505,GIC,42,32,10,585.00,"5,850.00"
2020-12-06,2020120604001504,GIC,42,57,10,585.00,"5,850.00"
2020-12-06,2020120604001502,GIC,42,17,10,585.00,"5,850.00"
2020-12-06,2020120604001528,GIC,22,34,20,585.00,"11,700.00"
2020-12-06,2020120604001527,GIC,22,55,100,585.00,"58,500.00"
2020-12-06,2020120604001526,GIC,22,17,10,585.00,"5,850.00"
2020-12-06,2020120604001525,GIC,22,29,10,585.00,"5,850.00"
2020-12-06,2020120604001522,GIC,22,3,10,585.00,"5,850.00"
2020-12-06,2020120604001521,GIC,22,55,50,585.00,"29,250.00"
2020-12-06,2020120604001536,GIC,55,34,50,585.00,"29,250.00"
2020-12-06,2020120604001535,GIC,4,34,20,585.00,"11,700.00"
2020-12-06,2020120604001532,GIC,54,34,45,585.00,"26,325.00"
2020-12-06,2020120604001531,GIC,17,34,10,585.00,"5,850.00"
2020-12-06,2020120604001530,GIC,57,34,20,585.00,"11,700.00"
2020-12-06,2020120604001529,GIC,58,34,105,585.00,"61,425.00"
2020-12-06,2020120604001551,GIC,34,42,10,584.00,"5,840.00"
2020-12-06,2020120604001550,GIC,22,21,10,584.00,"5,840.00"
2020-12-06,2020120604001544,GIC,22,17,10,584.00,"5,840.00"
2020-12-06,2020120604001542,GIC,22,7,10,584.00,"5,840.00"
2020-12-06,2020120604001541,GIC,22,3,10,584.00,"5,840.00"
2020-12-06,2020120604001540,GIC,22,18,10,584.00,"5,840.00"
2020-12-06,2020120604001577,GIC,34,49,10,584.00,"5,840.00"
2020-12-06,2020120604001571,GIC,34,57,10,584.00,"5,840.00"
2020-12-06,2020120604001566,GIC,34,21,10,584.00,"5,840.00"
2020-12-06,2020120604001565,GIC,34,32,10,584.00,"5,840.00"
2020-12-06,2020120604001561,GIC,34,13,10,584.00,"5,840.00"
2020-12-06,2020120604001557,GIC,34,34,10,584.00,"5,840.00"
2020-12-06,2020120604001603,GIC,34,20,10,584.00,"5,840.00"
2020-12-06,2020120604001602,GIC,34,26,10,584.00,"5,840.00"
2020-12-06,2020120604001601,GIC,34,52,10,584.00,"5,840.00"
2020-12-06,2020120604001599,GIC,34,48,10,584.00,"5,840.00"
2020-12-06,2020120604001581,GIC,34,17,10,584.00,"5,840.00"
2020-12-06,2020120604001578,GIC,34,41,10,584.00,"5,840.00"
2020-12-06,2020120604001628,GIC,34,3,10,584.00,"5,840.00"
2020-12-06,2020120604001621,GIC,34,19,10,584.00,"5,840.00"
2020-12-06,2020120604001620,GIC,34,49,100,584.00,"58,400.00"
2020-12-06,2020120604001619,GIC,34,21,10,584.00,"5,840.00"
2020-12-06,2020120604001618,GIC,34,57,10,584.00,"5,840.00"
2020-12-06,2020120604001604,GIC,34,45,10,584.00,"5,840.00"
2020-12-06,2020120604001651,GIC,43,11,10,583.00,"5,830.00"
2020-12-06,2020120604001650,GIC,43,59,10,583.00,"5,830.00"
2020-12-06,2020120604001646,GIC,20,40,10,583.00,"5,830.00"
2020-12-06,2020120604001641,GIC,20,40,10,583.00,"5,830.00"
2020-12-06,2020120604001635,GIC,34,56,10,584.00,"5,840.00"
2020-12-06,2020120604001632,GIC,34,58,10,584.00,"5,840.00"
2020-12-06,2020120604001663,GIC,42,16,10,584.00,"5,840.00"
2020-12-06,2020120604001662,GIC,42,37,10,584.00,"5,840.00"
2020-12-06,2020120604001661,GIC,43,57,10,583.00,"5,830.00"
2020-12-06,2020120604001658,GIC,43,34,10,583.00,"5,830.00"
2020-12-06,2020120604001653,GIC,43,45,10,583.00,"5,830.00"
2020-12-06,2020120604001652,GIC,43,58,10,583.00,"5,830.00"
2020-12-06,2020120604001673,GIC,55,32,10,583.00,"5,830.00"
2020-12-06,2020120604001669,GIC,55,58,10,583.00,"5,830.00"
2020-12-06,2020120604001667,GIC,43,13,10,583.00,"5,830.00"
2020-12-06,2020120604001666,GIC,43,42,20,583.00,"11,660.00"
2020-12-06,2020120604001665,GIC,43,55,10,583.00,"5,830.00"
2020-12-06,2020120604001664,GIC,42,45,10,584.00,"5,840.00"
2020-12-06,2020120604001691,GIC,55,45,10,583.00,"5,830.00"
2020-12-06,2020120604001689,GIC,55,36,10,583.00,"5,830.00"
2020-12-06,2020120604001686,GIC,55,16,50,583.00,"29,150.00"
2020-12-06,2020120604001684,GIC,55,45,200,583.00,"116,600.00"
2020-12-06,2020120604001679,GIC,55,56,10,583.00,"5,830.00"
2020-12-06,2020120604001676,GIC,21,34,15,585.00,"8,775.00"
2020-12-06,2020120604001726,GIC,55,49,10,583.00,"5,830.00"
2020-12-06,2020120604001725,GIC,55,19,10,583.00,"5,830.00"
2020-12-06,2020120604001718,GIC,55,42,10,583.00,"5,830.00"
2020-12-06,2020120604001706,GIC,55,48,10,583.00,"5,830.00"
2020-12-06,2020120604001705,GIC,55,56,10,583.00,"5,830.00"
2020-12-06,2020120604001703,GIC,55,34,10,583.00,"5,830.00"
2020-12-06,2020120604001739,GIC,6,22,10,583.00,"5,830.00"
2020-12-06,2020120604001737,GIC,6,49,10,583.00,"5,830.00"
2020-12-06,2020120604001734,GIC,6,46,10,583.00,"5,830.00"
2020-12-06,2020120604001733,GIC,55,46,20,583.00,"11,660.00"
2020-12-06,2020120604001731,GIC,55,16,10,583.00,"5,830.00"
2020-12-06,2020120604001727,GIC,55,1,10,583.00,"5,830.00"
2020-12-06,2020120604001762,GIC,34,53,20,582.00,"11,640.00"
2020-12-06,2020120604001757,GIC,34,33,10,582.00,"5,820.00"
2020-12-06,2020120604001753,GIC,28,59,200,583.00,"116,600.00"
2020-12-06,2020120604001752,GIC,45,59,100,583.00,"58,300.00"
2020-12-06,2020120604001751,GIC,6,59,10,583.00,"5,830.00"
2020-12-06,2020120604001744,GIC,6,42,10,583.00,"5,830.00"
2020-12-06,2020120604001772,GIC,34,41,10,582.00,"5,820.00"
2020-12-06,2020120604001769,GIC,34,49,60,582.00,"34,920.00"
2020-12-06,2020120604001767,GIC,34,34,10,582.00,"5,820.00"
2020-12-06,2020120604001766,GIC,34,35,10,582.00,"5,820.00"
2020-12-06,2020120604001764,GIC,34,56,10,582.00,"5,820.00"
2020-12-06,2020120604001763,GIC,34,58,10,582.00,"5,820.00"
2020-12-06,2020120604001795,GIC,49,32,10,581.00,"5,810.00"
2020-12-06,2020120604001794,GIC,6,32,10,581.00,"5,810.00"
2020-12-06,2020120604001782,GIC,6,56,10,581.00,"5,810.00"
2020-12-06,2020120604001777,GIC,49,59,10,583.00,"5,830.00"
2020-12-06,2020120604001776,GIC,34,26,10,582.00,"5,820.00"
2020-12-06,2020120604001775,GIC,34,17,150,582.00,"87,300.00"
2020-12-06,2020120604001818,GIC,49,57,20,581.00,"11,620.00"
2020-12-06,2020120604001815,GIC,49,42,10,581.00,"5,810.00"
2020-12-06,2020120604001814,GIC,49,11,10,581.00,"5,810.00"
2020-12-06,2020120604001805,GIC,35,34,10,582.00,"5,820.00"
2020-12-06,2020120604001799,GIC,35,16,10,582.00,"5,820.00"
2020-12-06,2020120604001798,GIC,35,49,10,582.00,"5,820.00"
2020-12-06,2020120604001840,GIC,25,38,40,580.00,"23,200.00"
2020-12-06,2020120604001839,GIC,25,11,10,580.00,"5,800.00"
2020-12-06,2020120604001838,GIC,25,44,10,580.00,"5,800.00"
2020-12-06,2020120604001837,GIC,25,59,10,580.00,"5,800.00"
2020-12-06,2020120604001827,GIC,25,13,10,580.00,"5,800.00"
2020-12-06,2020120604001819,GIC,38,57,30,581.00,"17,430.00"
2020-12-06,2020120604001833,GIMES1,34,43,"4,494",11.12,"49,973.28"
2020-12-06,2020120604001832,GIMES1,26,43,253,11.12,"2,813.36"
2020-12-06,2020120604001645,GIMES1,26,51,"4,747",11.12,"52,786.64"
2020-12-06,2020120604001644,GIMES1,49,51,253,11.15,"2,820.95"
2020-12-06,2020120604001489,GIMES1,49,28,"49,747",11.15,"554,679.05"
2020-12-06,2020120604001488,GIMES1,56,28,"5,000",11.15,"55,750.00"
2020-12-06,2020120604001403,GIMES1,49,7,"20,000",11.20,"224,000.00"
2020-12-06,2020120604001487,GIMES1,49,28,"50,000",11.16,"558,000.00"
2020-12-06,2020120604001486,GIMES1,49,28,"10,253",11.20,"114,833.60"
2020-12-06,2020120604001485,GIMES1,56,28,"5,000",11.21,"56,050.00"
2020-12-06,2020120604001461,GIMES1,49,45,"4,747",11.20,"53,166.40"
2020-12-06,2020120604001446,GIMES1,49,49,"377,421",11.25,"4,245,986.25"
2020-12-06,2020120604001435,GIMES1,49,47,"5,000",11.20,"56,000.00"
2020-12-06,2020120604001845,LEMF,13,55,"5,000",9.53,"47,650.00"
2020-12-06,2020120604001823,LEMF,13,48,549,9.53,"5,231.97"
2020-12-06,2020120604001822,LEMF,22,48,"5,000",9.56,"47,800.00"
2020-12-06,2020120604001821,LEMF,32,48,301,9.56,"2,877.56"
2020-12-06,2020120604001564,LUK,17,47,"2,000",9.37,"18,740.00"
2020-12-06,2020120604001682,NBF2,53,58,"1,000",9.68,"9,680.00"
2020-12-06,2020120604001848,NEF,38,38,"4,914",9.80,"48,157.20"
2020-12-06,2020120604001793,NEF,38,48,577,9.80,"5,654.60"
2020-12-06,2020120604001792,NEF,13,48,550,9.80,"5,390.00"
2020-12-06,2020120604001754,NEF,13,45,"2,414",9.80,"23,657.20"
2020-12-06,2020120604001688,NEF,13,21,237,9.80,"2,322.60"
2020-12-06,2020120604001656,NEF,13,21,237,9.80,"2,322.60"
2020-12-06,2020120604001434,NEF,13,45,"1,765",9.80,"17,297.00"
2020-12-06,2020120604001433,NEF,54,45,649,9.81,"6,366.69"
2020-12-06,2020120604001611,NEF,13,58,724,9.80,"7,095.20"
2020-12-06,2020120604001606,NEF,13,21,246,9.80,"2,410.80"
2020-12-06,2020120604001569,NEF,53,6,"1,127",9.83,"11,078.41"
2020-12-06,2020120604001568,NEF,53,6,627,9.83,"6,163.41"
2020-12-06,2020120604001534,NEF,13,21,246,9.80,"2,410.80"
2020-12-06,2020120604001473,NEF,13,21,246,9.80,"2,410.80"
2020-12-06,2020120604001836,NIBLPF,22,48,278,9.95,"2,766.10"
2020-12-06,2020120604001835,NIBLPF,59,48,"2,000",10.00,"20,000.00"
2020-12-06,2020120604001834,NIBLPF,52,48,247,10.00,"2,470.00"
2020-12-06,2020120604001773,NIBLPF,52,13,253,10.00,"2,530.00"
2020-12-06,2020120604001671,NIBLPF,59,28,637,10.01,"6,376.37"
2020-12-06,2020120604001670,NIBLPF,59,21,"1,363",10.01,"13,643.63"
2020-12-06,2020120604001825,NIBPO,4,37,"1,500",415.00,"622,500.00"
2020-12-06,2020120604001770,NIBPO,4,13,849,415.00,"352,335.00"
2020-12-06,2020120604001710,NIBPO,4,42,11,415.00,"4,565.00"
2020-12-06,2020120604001709,NIBPO,17,42,500,415.00,"207,500.00"
2020-12-06,2020120604001655,NIBPO,8,34,300,417.00,"125,100.00"
2020-12-06,2020120604001587,NIBPO,17,25,"4,412",420.00,"1,853,040.00"
2020-12-06,2020120604001586,NIBPO,17,28,"2,380",419.00,"997,220.00"
2020-12-06,2020120604001585,NIBPO,57,28,20,420.00,"8,400.00"
2020-12-06,2020120604001579,NIBPO,57,17,250,420.00,"105,000.00"
2020-12-06,2020120604001570,NIBPO,57,44,200,420.00,"84,000.00"
2020-12-06,2020120604001553,NIBPO,57,47,30,420.00,"12,600.00"
2020-12-06,2020120604001516,NIBPO,57,58,500,420.00,"210,000.00"
2020-12-06,2020120604001854,NIBSF1,42,37,"7,933",10.90,"86,469.70"
2020-12-06,2020120604001853,NIBSF1,34,37,"1,000",10.90,"10,900.00"
2020-12-06,2020120604001852,NIBSF1,51,37,"1,500",10.90,"16,350.00"
2020-12-06,2020120604001847,NIBSF1,50,56,"1,500",11.00,"16,500.00"
2020-12-06,2020120604001846,NIBSF1,58,56,500,11.02,"5,510.00"
2020-12-06,2020120604001871,NICGF,17,38,"1,215",10.25,"12,453.75"
2020-12-06,2020120604001787,NICGF,17,4,"1,000",10.25,"10,250.00"
2020-12-06,2020120604001742,NICGF,17,51,"1,000",10.25,"10,250.00"
2020-12-06,2020120604001683,NICGF,17,16,"5,000",10.25,"51,250.00"
2020-12-06,2020120604001675,NICGF,17,14,500,10.25,"5,125.00"
2020-12-06,2020120604001749,NMB50,17,29,100,10.10,"1,010.00"
2020-12-06,2020120604001627,NMB50,38,55,900,10.19,"9,171.00"
2020-12-06,2020120604001626,NMB50,38,22,100,10.18,"1,018.00"
2020-12-06,2020120604001660,NMBHF1,33,21,"1,248",9.89,"12,342.72"
2020-12-06,2020120604001610,NMBHF1,33,21,825,9.89,"8,159.25"
2020-12-06,2020120604001609,NMBHF1,21,21,423,9.90,"4,187.70"
2020-12-06,2020120604001556,NMBHF1,33,21,499,9.89,"4,935.11"
2020-12-06,2020120604001476,NMBHF1,21,21,416,9.90,"4,118.40"
2020-12-06,2020120604001439,NMBHF1,21,45,"4,161",9.90,"41,193.90"
2020-12-06,2020120604001865,RBCLPO,35,40,10,"14,000.00","140,000.00"
2020-12-06,2020120604001851,RBCLPO,35,46,107,"14,000.00","1,498,000.00"
2020-12-06,2020120604001831,RBCLPO,35,4,60,"14,000.00","840,000.00"
2020-12-06,2020120604001830,RBCLPO,35,32,20,"14,000.00","280,000.00"
2020-12-06,2020120604001824,RBCLPO,35,56,50,"14,000.00","700,000.00"
2020-12-06,2020120604001803,RBCLPO,35,56,32,"14,000.00","448,000.00"
2020-12-06,2020120604001573,RBCLPO,4,32,22,"14,200.00","312,400.00"
2020-12-06,2020120604001572,RBCLPO,4,59,10,"14,100.00","141,000.00"
2020-12-06,2020120604001559,RBCLPO,38,8,10,"14,051.00","140,510.00"
2020-12-06,2020120604001642,RBCLPO,26,59,10,"14,001.00","140,010.00"
2020-12-06,2020120604001598,RBCLPO,54,59,500,"14,010.00","7,005,000.00"
2020-12-06,2020120604001597,RBCLPO,4,59,150,"14,011.00","2,101,650.00"
2020-12-06,2020120604001596,RBCLPO,21,59,10,"14,011.00","140,110.00"
2020-12-06,2020120604001595,RBCLPO,33,59,100,"14,050.00","1,405,000.00"
2020-12-06,2020120604001594,RBCLPO,38,59,40,"14,051.00","562,040.00"
2020-12-06,2020120604001789,RBCLPO,38,56,18,"14,001.00","252,018.00"
2020-12-06,2020120604001761,RBCLPO,38,58,40,"14,001.00","560,040.00"
2020-12-06,2020120604001756,RBCLPO,38,58,20,"14,001.00","280,020.00"
2020-12-06,2020120604001755,RBCLPO,4,58,30,"14,002.00","420,060.00"
2020-12-06,2020120604001729,RBCLPO,38,43,22,"14,001.00","308,022.00"
2020-12-06,2020120604001681,RBCLPO,35,7,50,"14,000.00","700,000.00"
2020-12-06,2020120604001719,SAEF,38,19,500,10.92,"5,460.00"
2020-12-06,2020120604001490,SAEF,42,28,"100,000",11.11,"1,111,000.00"
2020-12-06,2020120604001440,SAEF,47,47,"5,000",11.00,"55,000.00"
2020-12-06,2020120604001866,SEF,26,21,100,10.12,"1,012.00"
2020-12-06,2020120604001722,SEF,26,10,"2,600",10.12,"26,312.00"
2020-12-06,2020120604001721,SEF,50,10,"2,000",10.13,"20,260.00"
2020-12-06,2020120604001720,SEF,28,10,300,10.15,"3,045.00"
2020-12-06,2020120604001674,SEF,28,28,"1,000",10.15,"10,150.00"
2020-12-06,2020120604001631,SEF,35,45,"10,000",10.16,"101,600.00"
2020-12-06,2020120604001399,SEF,34,32,"2,300",10.17,"23,391.00"
2020-12-06,2020120604001398,SEF,32,32,"2,700",10.18,"27,486.00"
2020-12-06,2020120604001394,SEF,32,32,"2,300",10.18,"23,414.00"
2020-12-06,2020120604001393,SEF,17,32,"2,700",10.20,"27,540.00"
2020-12-06,2020120604001514,SEF,28,43,200,10.15,"2,030.00"
2020-12-06,2020120604001511,SEF,28,38,"8,500",10.15,"86,275.00"
2020-12-06,2020120604001510,SEF,56,38,"5,000",10.15,"50,750.00"
2020-12-06,2020120604001509,SEF,33,38,"5,000",10.15,"50,750.00"
2020-12-06,2020120604001508,SEF,34,38,"1,500",10.17,"15,255.00"
2020-12-06,2020120604001455,SEF,34,48,500,10.17,"5,085.00"
2020-12-06,2020120604001875,SGI,50,37,10,599.00,"5,990.00"
2020-12-06,2020120604001874,SGI,49,44,50,599.00,"29,950.00"
2020-12-06,2020120604001873,SGI,49,55,20,599.00,"11,980.00"
2020-12-06,2020120604001870,SGI,51,55,30,599.00,"17,970.00"
2020-12-06,2020120604001869,SGI,51,40,20,599.00,"11,980.00"
2020-12-06,2020120604001868,SGI,42,36,10,598.00,"5,980.00"
2020-12-06,2020120604001382,SGI,13,21,10,605.00,"6,050.00"
2020-12-06,2020120604001380,SGI,13,34,10,605.00,"6,050.00"
2020-12-06,2020120604001379,SGI,13,46,10,605.00,"6,050.00"
2020-12-06,2020120604001378,SGI,58,21,10,604.00,"6,040.00"
2020-12-06,2020120604001377,SGI,58,36,10,604.00,"6,040.00"
2020-12-06,2020120604001388,SGI,58,21,10,604.00,"6,040.00"
2020-12-06,2020120604001387,SGI,58,49,10,604.00,"6,040.00"
2020-12-06,2020120604001386,SGI,58,40,150,604.00,"90,600.00"
2020-12-06,2020120604001385,SGI,58,21,10,604.00,"6,040.00"
2020-12-06,2020120604001384,SGI,13,49,10,605.00,"6,050.00"
2020-12-06,2020120604001383,SGI,13,26,10,605.00,"6,050.00"
2020-12-06,2020120604001397,SGI,58,17,10,604.00,"6,040.00"
2020-12-06,2020120604001396,SGI,58,21,10,604.00,"6,040.00"
2020-12-06,2020120604001395,SGI,58,49,10,604.00,"6,040.00"
2020-12-06,2020120604001392,SGI,58,21,10,604.00,"6,040.00"
2020-12-06,2020120604001391,SGI,58,49,10,604.00,"6,040.00"
2020-12-06,2020120604001389,SGI,58,21,10,604.00,"6,040.00"
2020-12-06,2020120604001408,SGI,51,4,10,605.00,"6,050.00"
2020-12-06,2020120604001407,SGI,58,41,10,604.00,"6,040.00"
2020-12-06,2020120604001406,SGI,58,21,10,604.00,"6,040.00"
2020-12-06,2020120604001405,SGI,49,42,10,606.00,"6,060.00"
2020-12-06,2020120604001401,SGI,58,21,10,604.00,"6,040.00"
2020-12-06,2020120604001400,SGI,58,49,10,604.00,"6,040.00"
2020-12-06,2020120604001423,SGI,6,22,10,604.00,"6,040.00"
2020-12-06,2020120604001422,SGI,58,22,60,604.00,"36,240.00"
2020-12-06,2020120604001420,SGI,58,21,10,604.00,"6,040.00"
2020-12-06,2020120604001419,SGI,58,39,10,604.00,"6,040.00"
2020-12-06,2020120604001418,SGI,58,21,10,604.00,"6,040.00"
2020-12-06,2020120604001409,SGI,51,49,10,605.00,"6,050.00"
2020-12-06,2020120604001432,SGI,6,21,10,604.00,"6,040.00"
2020-12-06,2020120604001431,SGI,49,21,10,605.00,"6,050.00"
2020-12-06,2020120604001428,SGI,6,45,10,604.00,"6,040.00"
2020-12-06,2020120604001427,SGI,49,36,10,606.00,"6,060.00"
2020-12-06,2020120604001426,SGI,6,21,10,604.00,"6,040.00"
2020-12-06,2020120604001425,SGI,6,39,10,604.00,"6,040.00"
2020-12-06,2020120604001444,SGI,6,34,10,605.00,"6,050.00"
2020-12-06,2020120604001442,SGI,6,58,10,604.00,"6,040.00"
2020-12-06,2020120604001441,SGI,6,21,10,604.00,"6,040.00"
2020-12-06,2020120604001438,SGI,49,13,10,605.00,"6,050.00"
2020-12-06,2020120604001437,SGI,6,21,10,604.00,"6,040.00"
2020-12-06,2020120604001436,SGI,6,21,10,604.00,"6,040.00"
2020-12-06,2020120604001454,SGI,6,38,10,604.00,"6,040.00"
2020-12-06,2020120604001453,SGI,6,21,10,604.00,"6,040.00"
2020-12-06,2020120604001452,SGI,6,45,10,605.00,"6,050.00"
2020-12-06,2020120604001451,SGI,6,21,10,605.00,"6,050.00"
2020-12-06,2020120604001447,SGI,6,21,10,605.00,"6,050.00"
2020-12-06,2020120604001445,SGI,6,21,10,605.00,"6,050.00"
2020-12-06,2020120604001465,SGI,34,21,10,605.00,"6,050.00"
2020-12-06,2020120604001464,SGI,34,17,10,605.00,"6,050.00"
2020-12-06,2020120604001462,SGI,34,21,10,605.00,"6,050.00"
2020-12-06,2020120604001460,SGI,34,44,10,605.00,"6,050.00"
2020-12-06,2020120604001457,SGI,34,21,10,605.00,"6,050.00"
2020-12-06,2020120604001456,SGI,6,21,10,604.00,"6,040.00"
2020-12-06,2020120604001477,SGI,34,56,10,605.00,"6,050.00"
2020-12-06,2020120604001474,SGI,58,45,10,607.00,"6,070.00"
2020-12-06,2020120604001471,SGI,58,21,10,607.00,"6,070.00"
2020-12-06,2020120604001470,SGI,58,50,10,607.00,"6,070.00"
2020-12-06,2020120604001468,SGI,34,5,10,605.00,"6,050.00"
2020-12-06,2020120604001466,SGI,32,42,10,606.00,"6,060.00"
2020-12-06,2020120604001494,SGI,34,45,10,605.00,"6,050.00"
2020-12-06,2020120604001493,SGI,34,22,10,605.00,"6,050.00"
2020-12-06,2020120604001482,SGI,34,45,10,605.00,"6,050.00"
2020-12-06,2020120604001481,SGI,34,56,10,605.00,"6,050.00"
2020-12-06,2020120604001480,SGI,34,44,10,605.00,"6,050.00"
2020-12-06,2020120604001478,SGI,34,17,10,605.00,"6,050.00"
2020-12-06,2020120604001501,SGI,34,51,10,605.00,"6,050.00"
2020-12-06,2020120604001500,SGI,34,32,10,605.00,"6,050.00"
2020-12-06,2020120604001499,SGI,34,32,10,605.00,"6,050.00"
2020-12-06,2020120604001498,SGI,34,32,10,605.00,"6,050.00"
2020-12-06,2020120604001497,SGI,34,34,10,605.00,"6,050.00"
2020-12-06,2020120604001495,SGI,34,14,10,605.00,"6,050.00"
2020-12-06,2020120604001518,SGI,6,58,10,604.00,"6,040.00"
2020-12-06,2020120604001515,SGI,6,55,50,604.00,"30,200.00"
2020-12-06,2020120604001513,SGI,6,45,10,604.00,"6,040.00"
2020-12-06,2020120604001507,SGI,6,17,10,604.00,"6,040.00"
2020-12-06,2020120604001506,SGI,6,37,10,604.00,"6,040.00"
2020-12-06,2020120604001503,SGI,34,32,10,605.00,"6,050.00"
2020-12-06,2020120604001538,SGI,6,52,10,604.00,"6,040.00"
2020-12-06,2020120604001537,SGI,6,38,10,604.00,"6,040.00"
2020-12-06,2020120604001533,SGI,6,58,10,604.00,"6,040.00"
2020-12-06,2020120604001524,SGI,6,45,10,604.00,"6,040.00"
2020-12-06,2020120604001523,SGI,6,17,10,604.00,"6,040.00"
2020-12-06,2020120604001519,SGI,6,19,10,604.00,"6,040.00"
2020-12-06,2020120604001548,SGI,1,47,10,605.00,"6,050.00"
2020-12-06,2020120604001547,SGI,1,36,10,605.00,"6,050.00"
2020-12-06,2020120604001546,SGI,58,38,10,604.00,"6,040.00"
2020-12-06,2020120604001545,SGI,6,26,10,604.00,"6,040.00"
2020-12-06,2020120604001543,SGI,6,49,10,604.00,"6,040.00"
2020-12-06,2020120604001539,SGI,6,56,10,604.00,"6,040.00"
2020-12-06,2020120604001562,SGI,58,42,10,604.00,"6,040.00"
2020-12-06,2020120604001560,SGI,33,17,10,604.00,"6,040.00"
2020-12-06,2020120604001558,SGI,33,3,10,604.00,"6,040.00"
2020-12-06,2020120604001555,SGI,25,22,10,604.00,"6,040.00"
2020-12-06,2020120604001554,SGI,58,58,10,604.00,"6,040.00"
2020-12-06,2020120604001552,SGI,58,3,10,604.00,"6,040.00"
2020-12-06,2020120604001580,SGI,36,21,10,604.00,"6,040.00"
2020-12-06,2020120604001576,SGI,56,44,10,604.00,"6,040.00"
2020-12-06,2020120604001575,SGI,58,49,10,604.00,"6,040.00"
2020-12-06,2020120604001574,SGI,58,48,10,604.00,"6,040.00"
2020-12-06,2020120604001567,SGI,58,36,10,604.00,"6,040.00"
2020-12-06,2020120604001563,SGI,58,45,10,604.00,"6,040.00"
2020-12-06,2020120604001590,SGI,36,38,10,604.00,"6,040.00"
2020-12-06,2020120604001589,SGI,36,35,10,604.00,"6,040.00"
2020-12-06,2020120604001588,SGI,36,20,10,604.00,"6,040.00"
2020-12-06,2020120604001584,SGI,36,57,10,604.00,"6,040.00"
2020-12-06,2020120604001583,SGI,36,49,10,604.00,"6,040.00"
2020-12-06,2020120604001582,SGI,36,56,10,604.00,"6,040.00"
2020-12-06,2020120604001607,SGI,55,51,10,604.00,"6,040.00"
2020-12-06,2020120604001605,SGI,55,56,10,604.00,"6,040.00"
2020-12-06,2020120604001600,SGI,55,25,10,604.00,"6,040.00"
2020-12-06,2020120604001593,SGI,36,42,10,604.00,"6,040.00"
2020-12-06,2020120604001592,SGI,36,48,10,604.00,"6,040.00"
2020-12-06,2020120604001591,SGI,36,56,10,604.00,"6,040.00"
2020-12-06,2020120604001616,SGI,55,56,10,604.00,"6,040.00"
2020-12-06,2020120604001615,SGI,29,44,10,605.00,"6,050.00"
2020-12-06,2020120604001614,SGI,29,52,10,605.00,"6,050.00"
2020-12-06,2020120604001613,SGI,29,34,10,605.00,"6,050.00"
2020-12-06,2020120604001612,SGI,29,14,10,605.00,"6,050.00"
2020-12-06,2020120604001608,SGI,55,11,10,604.00,"6,040.00"
2020-12-06,2020120604001629,SGI,42,34,10,604.00,"6,040.00"
2020-12-06,2020120604001625,SGI,42,38,70,604.00,"42,280.00"
2020-12-06,2020120604001624,SGI,32,38,50,604.00,"30,200.00"
2020-12-06,2020120604001623,SGI,55,38,80,604.00,"48,320.00"
2020-12-06,2020120604001622,SGI,55,49,10,604.00,"6,040.00"
2020-12-06,2020120604001617,SGI,55,38,10,604.00,"6,040.00"
2020-12-06,2020120604001638,SGI,42,56,10,604.00,"6,040.00"
2020-12-06,2020120604001637,SGI,42,19,10,604.00,"6,040.00"
2020-12-06,2020120604001636,SGI,42,53,10,604.00,"6,040.00"
2020-12-06,2020120604001634,SGI,42,49,10,604.00,"6,040.00"
2020-12-06,2020120604001633,SGI,42,34,10,604.00,"6,040.00"
2020-12-06,2020120604001630,SGI,42,46,20,604.00,"12,080.00"
2020-12-06,2020120604001649,SGI,47,38,10,604.00,"6,040.00"
2020-12-06,2020120604001648,SGI,47,59,20,604.00,"12,080.00"
2020-12-06,2020120604001647,SGI,42,59,20,604.00,"12,080.00"
2020-12-06,2020120604001643,SGI,42,6,10,604.00,"6,040.00"
2020-12-06,2020120604001640,SGI,42,41,10,604.00,"6,040.00"
2020-12-06,2020120604001639,SGI,42,58,10,604.00,"6,040.00"
2020-12-06,2020120604001677,SGI,1,1,90,603.00,"54,270.00"
2020-12-06,2020120604001672,SGI,50,19,40,604.00,"24,160.00"
2020-12-06,2020120604001668,SGI,50,57,10,604.00,"6,040.00"
2020-12-06,2020120604001659,SGI,1,11,10,603.00,"6,030.00"
2020-12-06,2020120604001657,SGI,38,17,10,604.00,"6,040.00"
2020-12-06,2020120604001654,SGI,47,19,20,604.00,"12,080.00"
2020-12-06,2020120604001692,SGI,29,45,30,603.00,"18,090.00"
2020-12-06,2020120604001690,SGI,29,29,280,603.00,"168,840.00"
2020-12-06,2020120604001687,SGI,29,42,10,603.00,"6,030.00"
2020-12-06,2020120604001685,SGI,29,25,10,603.00,"6,030.00"
2020-12-06,2020120604001680,SGI,29,49,10,603.00,"6,030.00"
2020-12-06,2020120604001678,SGI,29,1,160,603.00,"96,480.00"
2020-12-06,2020120604001700,SGI,16,55,200,602.00,"120,400.00"
2020-12-06,2020120604001699,SGI,6,55,20,602.00,"12,040.00"
2020-12-06,2020120604001698,SGI,19,55,10,602.00,"6,020.00"
2020-12-06,2020120604001695,SGI,45,45,20,603.00,"12,060.00"
2020-12-06,2020120604001694,SGI,34,45,200,603.00,"120,600.00"
2020-12-06,2020120604001693,SGI,50,45,100,603.00,"60,300.00"
2020-12-06,2020120604001711,SGI,49,19,460,602.00,"276,920.00"
2020-12-06,2020120604001708,SGI,49,58,10,602.00,"6,020.00"
2020-12-06,2020120604001707,SGI,49,6,10,602.00,"6,020.00"
2020-12-06,2020120604001704,SGI,49,58,10,602.00,"6,020.00"
2020-12-06,2020120604001702,SGI,49,55,200,602.00,"120,400.00"
2020-12-06,2020120604001701,SGI,8,55,70,602.00,"42,140.00"
2020-12-06,2020120604001741,SGI,49,28,10,602.00,"6,020.00"
2020-12-06,2020120604001740,SGI,49,5,10,602.00,"6,020.00"
2020-12-06,2020120604001738,SGI,49,49,10,602.00,"6,020.00"
2020-12-06,2020120604001724,SGI,49,46,10,602.00,"6,020.00"
2020-12-06,2020120604001723,SGI,49,29,10,602.00,"6,020.00"
2020-12-06,2020120604001712,SGI,49,16,10,602.00,"6,020.00"
2020-12-06,2020120604001750,SGI,56,1,10,602.00,"6,020.00"
2020-12-06,2020120604001748,SGI,56,36,180,602.00,"108,360.00"
2020-12-06,2020120604001747,SGI,49,36,20,602.00,"12,040.00"
2020-12-06,2020120604001746,SGI,49,16,10,602.00,"6,020.00"
2020-12-06,2020120604001745,SGI,49,34,10,602.00,"6,020.00"
2020-12-06,2020120604001743,SGI,49,57,10,602.00,"6,020.00"
2020-12-06,2020120604001778,SGI,25,47,20,601.00,"12,020.00"
2020-12-06,2020120604001771,SGI,45,57,75,602.00,"45,150.00"
2020-12-06,2020120604001768,SGI,25,34,10,601.00,"6,010.00"
2020-12-06,2020120604001765,SGI,25,40,10,601.00,"6,010.00"
2020-12-06,2020120604001759,SGI,54,47,50,602.00,"30,100.00"
2020-12-06,2020120604001758,SGI,56,47,10,602.00,"6,020.00"
2020-12-06,2020120604001790,SGI,25,57,10,601.00,"6,010.00"
2020-12-06,2020120604001788,SGI,25,34,10,601.00,"6,010.00"
2020-12-06,2020120604001786,SGI,25,22,10,601.00,"6,010.00"
2020-12-06,2020120604001781,SGI,25,47,70,601.00,"42,070.00"
2020-12-06,2020120604001780,SGI,25,47,50,601.00,"30,050.00"
2020-12-06,2020120604001779,SGI,55,47,200,601.00,"120,200.00"
2020-12-06,2020120604001806,SGI,58,35,300,600.00,"180,000.00"
2020-12-06,2020120604001804,SGI,16,57,10,601.00,"6,010.00"
2020-12-06,2020120604001802,SGI,16,33,10,601.00,"6,010.00"
2020-12-06,2020120604001801,SGI,16,56,10,601.00,"6,010.00"
2020-12-06,2020120604001800,SGI,16,44,60,601.00,"36,060.00"
2020-12-06,2020120604001791,SGI,16,49,10,601.00,"6,010.00"
2020-12-06,2020120604001812,SGI,47,35,50,600.00,"30,000.00"
2020-12-06,2020120604001811,SGI,29,35,100,600.00,"60,000.00"
2020-12-06,2020120604001810,SGI,38,35,50,600.00,"30,000.00"
2020-12-06,2020120604001809,SGI,33,35,10,600.00,"6,000.00"
2020-12-06,2020120604001808,SGI,55,35,200,600.00,"120,000.00"
2020-12-06,2020120604001807,SGI,1,35,50,600.00,"30,000.00"
2020-12-06,2020120604001829,SGI,49,57,100,601.00,"60,100.00"
2020-12-06,2020120604001828,SGI,41,47,10,599.00,"5,990.00"
2020-12-06,2020120604001826,SGI,41,51,10,599.00,"5,990.00"
2020-12-06,2020120604001817,SGI,41,6,10,599.00,"5,990.00"
2020-12-06,2020120604001816,SGI,41,51,10,599.00,"5,990.00"
2020-12-06,2020120604001813,SGI,58,35,14,600.00,"8,400.00"
2020-12-06,2020120604001867,SGI,42,54,10,598.00,"5,980.00"
2020-12-06,2020120604001862,SGI,41,40,40,599.00,"23,960.00"
2020-12-06,2020120604001861,SGI,41,26,10,599.00,"5,990.00"
2020-12-06,2020120604001844,SGI,41,11,10,599.00,"5,990.00"
2020-12-06,2020120604001843,SGI,49,41,10,601.00,"6,010.00"
2020-12-06,2020120604001842,SGI,49,35,10,600.00,"6,000.00"
2020-12-06,2020120604001850,STC,33,45,120,"5,292.00","635,040.00"
2020-12-06,2020120604001841,STC,7,28,10,"5,275.00","52,750.00"
2020-12-06,2020120604001820,STC,33,49,20,"5,262.00","105,240.00"
2020-12-06,2020120604001797,STC,33,51,10,"5,262.00","52,620.00"
2020-12-06,2020120604001796,STC,52,19,10,"5,262.00","52,620.00"
2020-12-06,2020120604001784,STC,45,28,10,"5,292.00","52,920.00"
2020-12-06,2020120604001783,STC,38,28,10,"5,292.00","52,920.00"
2020-12-06,2020120604001774,STC,51,28,10,"5,292.00","52,920.00"
2020-12-06,2020120604001697,STC,47,17,10,"5,365.00","53,650.00"
2020-12-06,2020120604001696,STC,51,17,20,"5,366.00","107,320.00"
2020-12-06,2020120604001549,STC,50,58,10,"5,380.00","53,800.00"
2020-12-06,2020120604001127,BBC,34,52,50,"3,060.00","153,000.00"
2020-12-06,2020120604001105,BBC,20,25,10,"3,005.00","30,050.00"
2020-12-06,2020120604000919,BBC,46,38,10,"3,000.00","30,000.00"
2020-12-06,2020120604000898,BBC,52,26,10,"2,959.00","29,590.00"
2020-12-06,2020120604000888,BBC,54,26,35,"2,959.00","103,565.00"
2020-12-06,2020120604001002,CCBLPO,34,37,"76,138",112.00,"8,527,456.00"
2020-12-06,2020120604001375,GIC,53,17,10,586.00,"5,860.00"
2020-12-06,2020120604001368,GIC,53,26,10,586.00,"5,860.00"
2020-12-06,2020120604001365,GIC,53,17,10,586.00,"5,860.00"
2020-12-06,2020120604001363,GIC,53,1,10,586.00,"5,860.00"
2020-12-06,2020120604001352,GIC,53,17,10,586.00,"5,860.00"
2020-12-06,2020120604001345,GIC,53,34,10,586.00,"5,860.00"
2020-12-06,2020120604000887,GIC,34,51,10,590.00,"5,900.00"
2020-12-06,2020120604000886,GIC,20,48,10,595.00,"5,950.00"
2020-12-06,2020120604000882,GIC,22,21,10,589.00,"5,890.00"
2020-12-06,2020120604000879,GIC,22,38,10,589.00,"5,890.00"
2020-12-06,2020120604000878,GIC,29,38,100,589.00,"58,900.00"
2020-12-06,2020120604000905,GIC,34,51,10,590.00,"5,900.00"
2020-12-06,2020120604000902,GIC,20,47,89,596.00,"53,044.00"
2020-12-06,2020120604000901,GIC,20,21,10,595.00,"5,950.00"
2020-12-06,2020120604000900,GIC,34,51,10,590.00,"5,900.00"
2020-12-06,2020120604000897,GIC,34,26,10,590.00,"5,900.00"
2020-12-06,2020120604000894,GIC,34,51,10,590.00,"5,900.00"
2020-12-06,2020120604000917,GIC,34,51,10,590.00,"5,900.00"
2020-12-06,2020120604000915,GIC,11,6,10,591.00,"5,910.00"
2020-12-06,2020120604000914,GIC,34,51,10,590.00,"5,900.00"
2020-12-06,2020120604000911,GIC,34,51,10,590.00,"5,900.00"
2020-12-06,2020120604000910,GIC,34,51,10,590.00,"5,900.00"
2020-12-06,2020120604000907,GIC,34,51,10,590.00,"5,900.00"
2020-12-06,2020120604000929,GIC,22,29,10,589.00,"5,890.00"
2020-12-06,2020120604000928,GIC,22,16,10,589.00,"5,890.00"
2020-12-06,2020120604000924,GIC,57,57,200,590.00,"118,000.00"
2020-12-06,2020120604000923,GIC,34,57,80,590.00,"47,200.00"
2020-12-06,2020120604000922,GIC,34,17,10,590.00,"5,900.00"
2020-12-06,2020120604000920,GIC,34,29,10,590.00,"5,900.00"
2020-12-06,2020120604000947,GIC,36,38,10,590.00,"5,900.00"
2020-12-06,2020120604000942,GIC,36,52,10,590.00,"5,900.00"
2020-12-06,2020120604000941,GIC,36,57,220,590.00,"129,800.00"
2020-12-06,2020120604000939,GIC,34,14,10,588.00,"5,880.00"
2020-12-06,2020120604000933,GIC,55,39,10,589.00,"5,890.00"
2020-12-06,2020120604000932,GIC,22,40,10,589.00,"5,890.00"
2020-12-06,2020120604000962,GIC,20,34,185,587.00,"108,595.00"
2020-12-06,2020120604000961,GIC,34,34,160,588.00,"94,080.00"
2020-12-06,2020120604000958,GIC,34,10,10,588.00,"5,880.00"
2020-12-06,2020120604000957,GIC,34,29,10,588.00,"5,880.00"
2020-12-06,2020120604000953,GIC,34,51,10,588.00,"5,880.00"
2020-12-06,2020120604000951,GIC,36,34,760,590.00,"448,400.00"
2020-12-06,2020120604000981,GIC,46,51,10,590.00,"5,900.00"
2020-12-06,2020120604000970,GIC,46,51,10,590.00,"5,900.00"
2020-12-06,2020120604000967,GIC,46,59,10,590.00,"5,900.00"
2020-12-06,2020120604000966,GIC,46,52,10,590.00,"5,900.00"
2020-12-06,2020120604000965,GIC,20,51,10,587.00,"5,870.00"
2020-12-06,2020120604000963,GIC,20,29,10,587.00,"5,870.00"
2020-12-06,2020120604000994,GIC,11,58,10,592.00,"5,920.00"
2020-12-06,2020120604000993,GIC,11,44,10,592.00,"5,920.00"
2020-12-06,2020120604000990,GIC,46,51,10,590.00,"5,900.00"
2020-12-06,2020120604000987,GIC,46,51,10,590.00,"5,900.00"
2020-12-06,2020120604000986,GIC,46,21,10,590.00,"5,900.00"
2020-12-06,2020120604000985,GIC,46,51,10,590.00,"5,900.00"
2020-12-06,2020120604001009,GIC,11,51,10,592.00,"5,920.00"
2020-12-06,2020120604001008,GIC,11,51,10,592.00,"5,920.00"
2020-12-06,2020120604001003,GIC,11,51,10,592.00,"5,920.00"
2020-12-06,2020120604001000,GIC,11,38,10,592.00,"5,920.00"
2020-12-06,2020120604000999,GIC,11,51,10,592.00,"5,920.00"
2020-12-06,2020120604000996,GIC,11,51,10,592.00,"5,920.00"
2020-12-06,2020120604001027,GIC,46,39,10,590.00,"5,900.00"
2020-12-06,2020120604001026,GIC,46,47,10,590.00,"5,900.00"
2020-12-06,2020120604001021,GIC,45,36,10,591.00,"5,910.00"
2020-12-06,2020120604001020,GIC,45,1,10,591.00,"5,910.00"
2020-12-06,2020120604001017,GIC,11,46,10,592.00,"5,920.00"
2020-12-06,2020120604001015,GIC,11,49,10,592.00,"5,920.00"
2020-12-06,2020120604001043,GIC,20,55,10,587.00,"5,870.00"
2020-12-06,2020120604001035,GIC,29,46,10,590.00,"5,900.00"
2020-12-06,2020120604001034,GIC,29,39,10,590.00,"5,900.00"
2020-12-06,2020120604001030,GIC,29,28,10,590.00,"5,900.00"
2020-12-06,2020120604001029,GIC,29,58,10,590.00,"5,900.00"
2020-12-06,2020120604001028,GIC,29,50,10,590.00,"5,900.00"
2020-12-06,2020120604001062,GIC,42,52,10,588.00,"5,880.00"
2020-12-06,2020120604001056,GIC,42,58,10,588.00,"5,880.00"
2020-12-06,2020120604001054,GIC,42,45,10,588.00,"5,880.00"
2020-12-06,2020120604001049,GIC,42,49,10,588.00,"5,880.00"
2020-12-06,2020120604001047,GIC,42,42,10,588.00,"5,880.00"
2020-12-06,2020120604001046,GIC,42,45,10,588.00,"5,880.00"
2020-12-06,2020120604001071,GIC,52,8,10,586.00,"5,860.00"
2020-12-06,2020120604001070,GIC,19,8,30,586.00,"17,580.00"
2020-12-06,2020120604001069,GIC,57,8,50,587.00,"29,350.00"
2020-12-06,2020120604001068,GIC,45,8,30,587.00,"17,610.00"
2020-12-06,2020120604001067,GIC,20,8,275,587.00,"161,425.00"
2020-12-06,2020120604001066,GIC,42,8,40,588.00,"23,520.00"
2020-12-06,2020120604001083,GIC,58,11,10,585.00,"5,850.00"
2020-12-06,2020120604001082,GIC,58,28,10,585.00,"5,850.00"
2020-12-06,2020120604001075,GIC,58,8,20,585.00,"11,700.00"
2020-12-06,2020120604001074,GIC,52,8,135,585.00,"78,975.00"
2020-12-06,2020120604001073,GIC,1,8,50,585.00,"29,250.00"
2020-12-06,2020120604001072,GIC,14,8,100,586.00,"58,600.00"
2020-12-06,2020120604001112,GIC,17,21,10,586.00,"5,860.00"
2020-12-06,2020120604001103,GIC,17,42,10,586.00,"5,860.00"
2020-12-06,2020120604001098,GIC,17,45,10,586.00,"5,860.00"
2020-12-06,2020120604001097,GIC,17,48,10,586.00,"5,860.00"
2020-12-06,2020120604001093,GIC,17,4,10,586.00,"5,860.00"
2020-12-06,2020120604001090,GIC,58,49,10,585.00,"5,850.00"
2020-12-06,2020120604001137,GIC,46,45,10,588.00,"5,880.00"
2020-12-06,2020120604001124,GIC,6,42,10,587.00,"5,870.00"
2020-12-06,2020120604001122,GIC,17,52,10,586.00,"5,860.00"
2020-12-06,2020120604001121,GIC,17,17,10,586.00,"5,860.00"
2020-12-06,2020120604001120,GIC,17,21,10,586.00,"5,860.00"
2020-12-06,2020120604001114,GIC,17,39,10,586.00,"5,860.00"
2020-12-06,2020120604001152,GIC,46,59,10,589.00,"5,890.00"
2020-12-06,2020120604001149,GIC,46,53,10,589.00,"5,890.00"
2020-12-06,2020120604001147,GIC,46,26,10,589.00,"5,890.00"
2020-12-06,2020120604001145,GIC,46,36,10,589.00,"5,890.00"
2020-12-06,2020120604001139,GIC,46,59,10,589.00,"5,890.00"
2020-12-06,2020120604001138,GIC,46,17,10,589.00,"5,890.00"
2020-12-06,2020120604001176,GIC,32,11,10,590.00,"5,900.00"
2020-12-06,2020120604001175,GIC,32,39,10,589.00,"5,890.00"
2020-12-06,2020120604001173,GIC,6,21,10,587.00,"5,870.00"
2020-12-06,2020120604001164,GIC,46,1,10,589.00,"5,890.00"
2020-12-06,2020120604001161,GIC,46,26,10,589.00,"5,890.00"
2020-12-06,2020120604001153,GIC,46,17,10,589.00,"5,890.00"
2020-12-06,2020120604001192,GIC,45,37,10,591.00,"5,910.00"
2020-12-06,2020120604001181,GIC,32,26,10,590.00,"5,900.00"
2020-12-06,2020120604001180,GIC,32,41,10,590.00,"5,900.00"
2020-12-06,2020120604001179,GIC,32,50,10,590.00,"5,900.00"
2020-12-06,2020120604001178,GIC,32,22,10,590.00,"5,900.00"
2020-12-06,2020120604001177,GIC,32,29,10,590.00,"5,900.00"
2020-12-06,2020120604001215,GIC,49,6,10,589.00,"5,890.00"
2020-12-06,2020120604001210,GIC,49,1,10,589.00,"5,890.00"
2020-12-06,2020120604001204,GIC,49,55,20,589.00,"11,780.00"
2020-12-06,2020120604001203,GIC,55,55,30,590.00,"17,700.00"
2020-12-06,2020120604001196,GIC,6,17,10,587.00,"5,870.00"
2020-12-06,2020120604001195,GIC,45,41,10,593.00,"5,930.00"
2020-12-06,2020120604001239,GIC,34,54,10,590.00,"5,900.00"
2020-12-06,2020120604001231,GIC,34,39,10,590.00,"5,900.00"
2020-12-06,2020120604001229,GIC,34,56,10,590.00,"5,900.00"
2020-12-06,2020120604001223,GIC,34,56,10,590.00,"5,900.00"
2020-12-06,2020120604001220,GIC,34,26,10,590.00,"5,900.00"
2020-12-06,2020120604001218,GIC,49,6,10,589.00,"5,890.00"
2020-12-06,2020120604001257,GIC,42,56,10,590.00,"5,900.00"
2020-12-06,2020120604001256,GIC,34,40,10,590.00,"5,900.00"
2020-12-06,2020120604001255,GIC,34,11,10,590.00,"5,900.00"
2020-12-06,2020120604001252,GIC,34,1,10,590.00,"5,900.00"
2020-12-06,2020120604001251,GIC,34,56,10,590.00,"5,900.00"
2020-12-06,2020120604001247,GIC,34,56,10,590.00,"5,900.00"
2020-12-06,2020120604001295,GIC,42,55,100,590.00,"59,000.00"
2020-12-06,2020120604001293,GIC,42,1,10,590.00,"5,900.00"
2020-12-06,2020120604001283,GIC,42,51,10,590.00,"5,900.00"
2020-12-06,2020120604001280,GIC,42,40,10,590.00,"5,900.00"
2020-12-06,2020120604001262,GIC,42,1,50,590.00,"29,500.00"
2020-12-06,2020120604001261,GIC,25,1,50,591.00,"29,550.00"
2020-12-06,2020120604001313,GIC,10,21,10,587.00,"5,870.00"
2020-12-06,2020120604001311,GIC,10,17,10,587.00,"5,870.00"
2020-12-06,2020120604001305,GIC,10,49,10,587.00,"5,870.00"
2020-12-06,2020120604001301,GIC,10,8,10,587.00,"5,870.00"
2020-12-06,2020120604001299,GIC,6,52,10,587.00,"5,870.00"
2020-12-06,2020120604001296,GIC,42,49,10,590.00,"5,900.00"
2020-12-06,2020120604001343,GIC,17,19,10,586.00,"5,860.00"
2020-12-06,2020120604001337,GIC,17,11,10,586.00,"5,860.00"
2020-12-06,2020120604001336,GIC,17,57,10,586.00,"5,860.00"
2020-12-06,2020120604001331,GIC,17,17,10,586.00,"5,860.00"
2020-12-06,2020120604001324,GIC,17,22,10,586.00,"5,860.00"
2020-12-06,2020120604001314,GIC,17,40,10,586.00,"5,860.00"
2020-12-06,2020120604001143,GIMES1,47,7,"14,000",11.20,"156,800.00"
2020-12-06,2020120604001142,GIMES1,6,7,"4,800",11.25,"54,000.00"
2020-12-06,2020120604001117,GIMES1,6,38,100,11.25,"1,125.00"
2020-12-06,2020120604001115,GIMES1,6,38,100,11.25,"1,125.00"
2020-12-06,2020120604001091,GIMES1,6,58,"5,000",11.31,"56,550.00"
2020-12-06,2020120604001281,KBLD86,50,49,200,"1,035.00","207,000.00"
2020-12-06,2020120604001322,LEMF,32,37,"4,699",9.56,"44,922.44"
2020-12-06,2020120604001307,LEMF,58,37,"3,000",9.56,"28,680.00"
2020-12-06,2020120604001004,LEMF,32,42,"2,500",9.55,"23,875.00"
2020-12-06,2020120604001278,LUK,22,47,200,9.35,"1,870.00"
2020-12-06,2020120604001277,LUK,41,47,800,9.36,"7,488.00"
2020-12-06,2020120604001213,LUK,41,36,"9,200",9.36,"86,112.00"
2020-12-06,2020120604001146,LUK,34,36,300,9.40,"2,820.00"
2020-12-06,2020120604001119,LUK,34,29,200,9.40,"1,880.00"
2020-12-06,2020120604001335,NBF2,53,49,500,9.68,"4,840.00"
2020-12-06,2020120604001242,NBF2,34,32,100,9.67,967.00
2020-12-06,2020120604001241,NBF2,42,32,100,9.70,970.00
2020-12-06,2020120604001045,NBF2,53,45,200,9.66,"1,932.00"
2020-12-06,2020120604001039,NBF2,53,6,"2,000",9.66,"19,320.00"
2020-12-06,2020120604000921,NBF2,53,6,400,9.65,"3,860.00"
2020-12-06,2020120604001321,NEF,54,45,"2,414",9.81,"23,681.34"
2020-12-06,2020120604001285,NEF,54,39,241,9.81,"2,364.21"
2020-12-06,2020120604001260,NEF,54,34,193,9.81,"1,893.33"
2020-12-06,2020120604001248,NEF,54,34,193,9.81,"1,893.33"
2020-12-06,2020120604001233,NEF,39,42,"2,414",9.82,"23,705.48"
2020-12-06,2020120604001232,NEF,39,6,985,9.82,"9,672.70"
2020-12-06,2020120604001084,NEF,21,6,500,9.83,"4,915.00"
2020-12-06,2020120604001057,NEF,40,21,966,9.82,"9,486.12"
2020-12-06,2020120604000997,NEF,40,49,"1,127",9.83,"11,078.41"
2020-12-06,2020120604001224,NEF,54,34,193,9.81,"1,893.33"
2020-12-06,2020120604001209,NEF,54,39,"1,117",9.81,"10,957.77"
2020-12-06,2020120604001208,NEF,41,39,"1,297",9.81,"12,723.57"
2020-12-06,2020120604001198,NEF,40,6,142,9.82,"1,394.44"
2020-12-06,2020120604001128,NEF,40,6,"1,127",9.82,"11,067.14"
2020-12-06,2020120604001100,NEF,40,38,100,9.82,982.00
2020-12-06,2020120604001372,NIBLPF,17,21,152,10.01,"1,521.52"
2020-12-06,2020120604001359,NIBLPF,17,37,"1,060",10.01,"10,610.60"
2020-12-06,2020120604001303,NIBLPF,17,39,"1,263",10.01,"12,642.63"
2020-12-06,2020120604001253,NIBLPF,17,39,"2,525",10.01,"25,275.25"
2020-12-06,2020120604001227,NIBLPF,59,37,421,10.02,"4,218.42"
2020-12-06,2020120604001226,NIBLPF,59,54,258,10.02,"2,585.16"
2020-12-06,2020120604001225,NIBLPF,59,34,505,10.02,"5,060.10"
2020-12-06,2020120604001051,NIBLPF,34,38,"5,000",10.03,"50,150.00"
2020-12-06,2020120604001349,NIBPO,39,42,10,425.00,"4,250.00"
2020-12-06,2020120604001274,NIBPO,42,46,40,433.00,"17,320.00"
2020-12-06,2020120604001273,NIBPO,42,22,400,433.00,"173,200.00"
2020-12-06,2020120604001272,NIBPO,42,14,100,433.00,"43,300.00"
2020-12-06,2020120604001271,NIBPO,42,21,100,425.00,"42,500.00"
2020-12-06,2020120604001270,NIBPO,42,44,210,422.00,"88,620.00"
2020-12-06,2020120604001154,NIBPO,4,34,357,421.00,"150,297.00"
2020-12-06,2020120604001107,NIBPO,17,6,500,418.00,"209,000.00"
2020-12-06,2020120604001052,NIBPO,17,3,"3,000",417.00,"1,251,000.00"
2020-12-06,2020120604000949,NIBPO,17,43,131,411.00,"53,841.00"
2020-12-06,2020120604000943,NIBPO,17,43,65,411.00,"26,715.00"
2020-12-06,2020120604000899,NIBPO,35,3,"7,587",419.00,"3,178,953.00"
2020-12-06,2020120604001269,NIBPO,42,13,100,422.00,"42,200.00"
2020-12-06,2020120604001268,NIBPO,42,26,50,422.00,"21,100.00"
2020-12-06,2020120604001267,NIBPO,42,28,500,422.00,"211,000.00"
2020-12-06,2020120604001159,NIBPO,4,42,"2,500",430.00,"1,075,000.00"
2020-12-06,2020120604001156,NIBPO,4,49,"1,440",424.00,"610,560.00"
2020-12-06,2020120604001155,NIBPO,4,34,"1,628",423.00,"688,644.00"
2020-12-06,2020120604001102,NICBF,34,32,100,9.82,982.00
2020-12-06,2020120604000908,NICBF,34,6,200,9.82,"1,964.00"
2020-12-06,2020120604001169,NICGF,17,39,500,10.25,"5,125.00"
2020-12-06,2020120604001201,NMB50,17,45,100,10.01,"1,001.00"
2020-12-06,2020120604001200,NMB50,17,32,100,10.01,"1,001.00"
2020-12-06,2020120604001199,NMB50,17,6,300,10.01,"3,003.00"
2020-12-06,2020120604001081,NMB50,17,32,200,10.00,"2,000.00"
2020-12-06,2020120604000955,NMB50,38,55,100,10.10,"1,010.00"
2020-12-06,2020120604000954,NMB50,38,19,"1,000",10.01,"10,010.00"
2020-12-06,2020120604001333,NMBHF1,33,39,416,9.89,"4,114.24"
2020-12-06,2020120604001292,NMBHF1,33,39,416,9.89,"4,114.24"
2020-12-06,2020120604001264,NMBHF1,33,34,333,9.89,"3,293.37"
2020-12-06,2020120604001245,NMBHF1,33,34,333,9.89,"3,293.37"
2020-12-06,2020120604001221,NMBHF1,33,34,333,9.89,"3,293.37"
2020-12-06,2020120604001183,NMBHF1,21,21,957,9.90,"9,474.30"
2020-12-06,2020120604001014,NMBHF1,33,45,416,9.89,"4,114.24"
2020-12-06,2020120604000938,NMBHF1,58,17,"1,101",10.00,"11,010.00"
2020-12-06,2020120604000937,NMBHF1,58,46,"3,329",10.00,"33,290.00"
2020-12-06,2020120604000936,NMBHF1,58,32,"4,161",10.00,"41,610.00"
2020-12-06,2020120604000935,NMBHF1,58,26,"1,577",10.00,"15,770.00"
2020-12-06,2020120604000934,NMBHF1,58,6,832,10.00,"8,320.00"
2020-12-06,2020120604001320,RBCLPO,35,59,245,"14,000.00","3,430,000.00"
2020-12-06,2020120604001319,RBCLPO,38,59,100,"14,001.00","1,400,100.00"
2020-12-06,2020120604001318,RBCLPO,56,59,10,"14,112.00","141,120.00"
2020-12-06,2020120604001317,RBCLPO,4,59,50,"14,269.00","713,450.00"
2020-12-06,2020120604001316,RBCLPO,7,59,20,"14,270.00","285,400.00"
2020-12-06,2020120604001206,RBCLPO,16,28,20,"14,270.00","285,400.00"
2020-12-06,2020120604000925,RBCLPO,19,6,10,"14,305.00","143,050.00"
2020-12-06,2020120604000916,RBCLPO,19,43,10,"14,305.00","143,050.00"
2020-12-06,2020120604000982,RBCLPO,33,59,121,"14,400.00","1,742,400.00"
2020-12-06,2020120604000952,RBCLPO,49,17,10,"14,350.00","143,500.00"
2020-12-06,2020120604000950,RBCLPO,34,4,15,"14,280.00","214,200.00"
2020-12-06,2020120604000948,RBCLPO,34,4,30,"14,280.00","428,400.00"
2020-12-06,2020120604000945,RBCLPO,34,4,20,"14,280.00","285,600.00"
2020-12-06,2020120604000944,RBCLPO,56,4,10,"14,300.00","143,000.00"
2020-12-06,2020120604001123,RBCLPO,33,45,100,"14,270.00","1,427,000.00"
2020-12-06,2020120604001060,RBCLPO,13,17,10,"14,270.00","142,700.00"
2020-12-06,2020120604001012,RBCLPO,13,7,20,"14,270.00","285,400.00"
2020-12-06,2020120604001011,RBCLPO,35,7,10,"14,280.00","142,800.00"
2020-12-06,2020120604001010,RBCLPO,41,7,10,"14,300.00","143,000.00"
2020-12-06,2020120604000983,RBCLPO,33,17,10,"14,400.00","144,000.00"
2020-12-06,2020120604001312,SAEF,21,38,500,10.90,"5,450.00"
2020-12-06,2020120604001275,SAEF,50,19,500,10.85,"5,425.00"
2020-12-06,2020120604001191,SAEF,47,34,"40,000",11.00,"440,000.00"
2020-12-06,2020120604001190,SAEF,26,34,"5,000",11.01,"55,050.00"
2020-12-06,2020120604001189,SAEF,58,34,"5,000",11.01,"55,050.00"
2020-12-06,2020120604001188,SAEF,50,34,"1,500",11.02,"16,530.00"
2020-12-06,2020120604000927,SAEF,33,32,300,11.05,"3,315.00"
2020-12-06,2020120604001187,SAEF,56,34,"10,000",11.05,"110,500.00"
2020-12-06,2020120604001186,SAEF,6,34,"5,000",11.05,"55,250.00"
2020-12-06,2020120604001185,SAEF,33,34,100,11.05,"1,105.00"
2020-12-06,2020120604001184,SAEF,21,34,"9,000",11.06,"99,540.00"
2020-12-06,2020120604001116,SAEF,21,46,"1,000",11.06,"11,060.00"
2020-12-06,2020120604001024,SAEF,33,6,"3,600",11.05,"39,780.00"
2020-12-06,2020120604001310,SEF,17,57,"5,000",10.20,"51,000.00"
2020-12-06,2020120604001309,SEF,6,57,"5,000",10.21,"51,050.00"
2020-12-06,2020120604001219,SEF,17,19,"1,000",10.20,"10,200.00"
2020-12-06,2020120604001194,SEF,17,13,"1,000",10.20,"10,200.00"
2020-12-06,2020120604001088,SEF,17,21,400,10.18,"4,072.00"
2020-12-06,2020120604001022,SEF,17,32,200,10.18,"2,036.00"
2020-12-06,2020120604001016,SEF,17,21,"3,000",10.18,"30,540.00"
2020-12-06,2020120604001013,SEF,17,28,500,10.18,"5,090.00"
2020-12-06,2020120604000978,SEF,17,6,"10,000",10.18,"101,800.00"
2020-12-06,2020120604000964,SEF,17,40,"1,200",10.18,"12,216.00"
2020-12-06,2020120604001106,SFMF,50,32,100,9.39,939.00
2020-12-06,2020120604001376,SGI,58,45,10,604.00,"6,040.00"
2020-12-06,2020120604001374,SGI,38,21,10,604.00,"6,040.00"
2020-12-06,2020120604001373,SGI,38,49,10,604.00,"6,040.00"
2020-12-06,2020120604001371,SGI,38,26,10,604.00,"6,040.00"
2020-12-06,2020120604001370,SGI,38,21,10,604.00,"6,040.00"
2020-12-06,2020120604001369,SGI,38,49,10,604.00,"6,040.00"
2020-12-06,2020120604000884,SGI,36,40,10,605.00,"6,050.00"
2020-12-06,2020120604000883,SGI,36,51,10,605.00,"6,050.00"
2020-12-06,2020120604000881,SGI,36,38,10,605.00,"6,050.00"
2020-12-06,2020120604000880,SGI,36,36,10,605.00,"6,050.00"
2020-12-06,2020120604000877,SGI,36,34,10,605.00,"6,050.00"
2020-12-06,2020120604000893,SGI,34,51,10,606.00,"6,060.00"
2020-12-06,2020120604000892,SGI,34,59,10,606.00,"6,060.00"
2020-12-06,2020120604000891,SGI,36,34,10,605.00,"6,050.00"
2020-12-06,2020120604000890,SGI,36,38,10,605.00,"6,050.00"
2020-12-06,2020120604000889,SGI,36,57,100,605.00,"60,500.00"
2020-12-06,2020120604000885,SGI,36,26,10,605.00,"6,050.00"
2020-12-06,2020120604000909,SGI,32,21,10,604.00,"6,040.00"
2020-12-06,2020120604000906,SGI,32,45,10,604.00,"6,040.00"
2020-12-06,2020120604000904,SGI,32,41,10,604.00,"6,040.00"
2020-12-06,2020120604000903,SGI,32,21,10,604.00,"6,040.00"
2020-12-06,2020120604000896,SGI,36,51,350,605.00,"211,750.00"
2020-12-06,2020120604000895,SGI,34,51,180,606.00,"109,080.00"
2020-12-06,2020120604000931,SGI,49,41,10,605.00,"6,050.00"
2020-12-06,2020120604000930,SGI,32,49,10,604.00,"6,040.00"
2020-12-06,2020120604000926,SGI,32,46,10,604.00,"6,040.00"
2020-12-06,2020120604000918,SGI,32,40,20,604.00,"12,080.00"
2020-12-06,2020120604000913,SGI,50,55,10,605.00,"6,050.00"
2020-12-06,2020120604000912,SGI,50,51,280,605.00,"169,400.00"
2020-12-06,2020120604000968,SGI,49,1,10,606.00,"6,060.00"
2020-12-06,2020120604000960,SGI,49,44,10,606.00,"6,060.00"
2020-12-06,2020120604000959,SGI,49,29,10,606.00,"6,060.00"
2020-12-06,2020120604000956,SGI,49,41,10,606.00,"6,060.00"
2020-12-06,2020120604000946,SGI,49,39,10,606.00,"6,060.00"
2020-12-06,2020120604000940,SGI,49,36,10,606.00,"6,060.00"
2020-12-06,2020120604000975,SGI,46,50,10,607.00,"6,070.00"
2020-12-06,2020120604000974,SGI,46,42,10,607.00,"6,070.00"
2020-12-06,2020120604000973,SGI,46,6,10,607.00,"6,070.00"
2020-12-06,2020120604000972,SGI,46,41,10,607.00,"6,070.00"
2020-12-06,2020120604000971,SGI,49,52,10,606.00,"6,060.00"
2020-12-06,2020120604000969,SGI,49,44,10,606.00,"6,060.00"
2020-12-06,2020120604000992,SGI,46,10,10,607.00,"6,070.00"
2020-12-06,2020120604000989,SGI,46,55,10,607.00,"6,070.00"
2020-12-06,2020120604000988,SGI,46,40,10,607.00,"6,070.00"
2020-12-06,2020120604000984,SGI,46,26,10,607.00,"6,070.00"
2020-12-06,2020120604000977,SGI,46,36,10,607.00,"6,070.00"
2020-12-06,2020120604000976,SGI,46,50,10,607.00,"6,070.00"
2020-12-06,2020120604001007,SGI,45,38,10,606.00,"6,060.00"
2020-12-06,2020120604001006,SGI,45,49,10,606.00,"6,060.00"
2020-12-06,2020120604001005,SGI,57,49,10,605.00,"6,050.00"
2020-12-06,2020120604001001,SGI,57,44,10,605.00,"6,050.00"
2020-12-06,2020120604000998,SGI,57,39,10,605.00,"6,050.00"
2020-12-06,2020120604000995,SGI,49,38,10,606.00,"6,060.00"
2020-12-06,2020120604001032,SGI,14,45,10,605.00,"6,050.00"
2020-12-06,2020120604001031,SGI,14,44,10,605.00,"6,050.00"
2020-12-06,2020120604001025,SGI,57,29,150,605.00,"90,750.00"
2020-12-06,2020120604001023,SGI,57,51,10,605.00,"6,050.00"
2020-12-06,2020120604001019,SGI,57,21,10,605.00,"6,050.00"
2020-12-06,2020120604001018,SGI,45,38,10,606.00,"6,060.00"
2020-12-06,2020120604001041,SGI,32,17,10,604.00,"6,040.00"
2020-12-06,2020120604001040,SGI,36,17,990,605.00,"598,950.00"
2020-12-06,2020120604001038,SGI,36,29,10,605.00,"6,050.00"
2020-12-06,2020120604001037,SGI,14,44,10,605.00,"6,050.00"
2020-12-06,2020120604001036,SGI,14,28,10,605.00,"6,050.00"
2020-12-06,2020120604001033,SGI,14,53,10,605.00,"6,050.00"
2020-12-06,2020120604001055,SGI,32,42,10,604.00,"6,040.00"
2020-12-06,2020120604001053,SGI,32,49,10,604.00,"6,040.00"
2020-12-06,2020120604001050,SGI,32,45,10,604.00,"6,040.00"
2020-12-06,2020120604001048,SGI,32,53,10,604.00,"6,040.00"
2020-12-06,2020120604001044,SGI,32,49,10,604.00,"6,040.00"
2020-12-06,2020120604001042,SGI,32,44,10,604.00,"6,040.00"
2020-12-06,2020120604001065,SGI,32,49,10,604.00,"6,040.00"
2020-12-06,2020120604001064,SGI,10,39,10,605.00,"6,050.00"
2020-12-06,2020120604001063,SGI,10,42,10,605.00,"6,050.00"
2020-12-06,2020120604001061,SGI,32,38,10,604.00,"6,040.00"
2020-12-06,2020120604001059,SGI,32,45,10,604.00,"6,040.00"
2020-12-06,2020120604001058,SGI,32,42,10,604.00,"6,040.00"
2020-12-06,2020120604001085,SGI,32,50,10,604.00,"6,040.00"
2020-12-06,2020120604001080,SGI,32,44,10,604.00,"6,040.00"
2020-12-06,2020120604001079,SGI,32,58,10,604.00,"6,040.00"
2020-12-06,2020120604001078,SGI,45,11,10,605.00,"6,050.00"
2020-12-06,2020120604001077,SGI,32,42,10,604.00,"6,040.00"
2020-12-06,2020120604001076,SGI,32,29,10,604.00,"6,040.00"
2020-12-06,2020120604001099,SGI,17,42,10,604.00,"6,040.00"
2020-12-06,2020120604001096,SGI,17,8,10,604.00,"6,040.00"
2020-12-06,2020120604001094,SGI,17,36,10,604.00,"6,040.00"
2020-12-06,2020120604001092,SGI,17,42,10,604.00,"6,040.00"
2020-12-06,2020120604001089,SGI,17,59,10,604.00,"6,040.00"
2020-12-06,2020120604001086,SGI,17,17,10,604.00,"6,040.00"
2020-12-06,2020120604001111,SGI,17,21,10,604.00,"6,040.00"
2020-12-06,2020120604001110,SGI,17,17,10,604.00,"6,040.00"
2020-12-06,2020120604001109,SGI,16,22,10,605.00,"6,050.00"
2020-12-06,2020120604001108,SGI,16,58,10,605.00,"6,050.00"
2020-12-06,2020120604001104,SGI,17,13,10,604.00,"6,040.00"
2020-12-06,2020120604001101,SGI,17,56,10,604.00,"6,040.00"
2020-12-06,2020120604001130,SGI,32,59,10,606.00,"6,060.00"
2020-12-06,2020120604001129,SGI,32,45,10,606.00,"6,060.00"
2020-12-06,2020120604001126,SGI,36,1,10,604.00,"6,040.00"
2020-12-06,2020120604001125,SGI,36,1,10,604.00,"6,040.00"
2020-12-06,2020120604001118,SGI,36,1,10,604.00,"6,040.00"
2020-12-06,2020120604001113,SGI,36,44,10,604.00,"6,040.00"
2020-12-06,2020120604001136,SGI,32,38,10,609.00,"6,090.00"
2020-12-06,2020120604001135,SGI,32,42,10,608.00,"6,080.00"
2020-12-06,2020120604001134,SGI,32,6,10,608.00,"6,080.00"
2020-12-06,2020120604001133,SGI,32,55,10,607.00,"6,070.00"
2020-12-06,2020120604001132,SGI,32,10,10,607.00,"6,070.00"
2020-12-06,2020120604001131,SGI,32,45,10,606.00,"6,060.00"
2020-12-06,2020120604001151,SGI,48,49,10,605.00,"6,050.00"
2020-12-06,2020120604001150,SGI,48,42,10,605.00,"6,050.00"
2020-12-06,2020120604001148,SGI,48,21,10,605.00,"6,050.00"
2020-12-06,2020120604001144,SGI,48,26,10,605.00,"6,050.00"
2020-12-06,2020120604001141,SGI,36,39,10,604.00,"6,040.00"
2020-12-06,2020120604001140,SGI,36,17,10,604.00,"6,040.00"
2020-12-06,2020120604001165,SGI,36,21,10,604.00,"6,040.00"
2020-12-06,2020120604001163,SGI,36,21,10,604.00,"6,040.00"
2020-12-06,2020120604001162,SGI,36,52,10,604.00,"6,040.00"
2020-12-06,2020120604001160,SGI,36,42,10,604.00,"6,040.00"
2020-12-06,2020120604001158,SGI,36,39,10,604.00,"6,040.00"
2020-12-06,2020120604001157,SGI,36,21,10,604.00,"6,040.00"
2020-12-06,2020120604001174,SGI,36,29,10,604.00,"6,040.00"
2020-12-06,2020120604001172,SGI,36,52,10,604.00,"6,040.00"
2020-12-06,2020120604001171,SGI,36,25,10,604.00,"6,040.00"
2020-12-06,2020120604001170,SGI,36,21,10,604.00,"6,040.00"
2020-12-06,2020120604001168,SGI,36,21,10,604.00,"6,040.00"
2020-12-06,2020120604001167,SGI,36,52,10,604.00,"6,040.00"
2020-12-06,2020120604001211,SGI,34,22,40,605.00,"24,200.00"
2020-12-06,2020120604001207,SGI,38,38,10,604.00,"6,040.00"
2020-12-06,2020120604001205,SGI,38,56,10,605.00,"6,050.00"
2020-12-06,2020120604001197,SGI,38,51,10,604.00,"6,040.00"
2020-12-06,2020120604001193,SGI,36,56,10,604.00,"6,040.00"
2020-12-06,2020120604001182,SGI,36,52,10,604.00,"6,040.00"
2020-12-06,2020120604001234,SGI,11,21,10,605.00,"6,050.00"
2020-12-06,2020120604001230,SGI,11,35,10,605.00,"6,050.00"
2020-12-06,2020120604001228,SGI,11,5,10,605.00,"6,050.00"
2020-12-06,2020120604001222,SGI,11,20,10,605.00,"6,050.00"
2020-12-06,2020120604001217,SGI,38,19,10,604.00,"6,040.00"
2020-12-06,2020120604001212,SGI,38,17,10,604.00,"6,040.00"
2020-12-06,2020120604001249,SGI,11,40,10,605.00,"6,050.00"
2020-12-06,2020120604001246,SGI,11,58,10,605.00,"6,050.00"
2020-12-06,2020120604001240,SGI,11,7,10,605.00,"6,050.00"
2020-12-06,2020120604001237,SGI,11,56,10,605.00,"6,050.00"
2020-12-06,2020120604001236,SGI,11,21,10,605.00,"6,050.00"
2020-12-06,2020120604001235,SGI,11,26,10,605.00,"6,050.00"
2020-12-06,2020120604001265,SGI,16,21,10,605.00,"6,050.00"
2020-12-06,2020120604001263,SGI,16,21,10,605.00,"6,050.00"
2020-12-06,2020120604001259,SGI,16,21,10,605.00,"6,050.00"
2020-12-06,2020120604001258,SGI,16,1,10,605.00,"6,050.00"
2020-12-06,2020120604001254,SGI,11,50,10,605.00,"6,050.00"
2020-12-06,2020120604001250,SGI,11,21,10,605.00,"6,050.00"
2020-12-06,2020120604001286,SGI,16,47,10,605.00,"6,050.00"
2020-12-06,2020120604001284,SGI,16,21,10,605.00,"6,050.00"
2020-12-06,2020120604001282,SGI,16,21,10,605.00,"6,050.00"
2020-12-06,2020120604001279,SGI,16,21,10,605.00,"6,050.00"
2020-12-06,2020120604001276,SGI,16,21,10,605.00,"6,050.00"
2020-12-06,2020120604001266,SGI,16,21,10,605.00,"6,050.00"
2020-12-06,2020120604001294,SGI,41,51,10,605.00,"6,050.00"
2020-12-06,2020120604001291,SGI,41,21,10,605.00,"6,050.00"
2020-12-06,2020120604001290,SGI,49,21,10,605.00,"6,050.00"
2020-12-06,2020120604001289,SGI,49,21,10,605.00,"6,050.00"
2020-12-06,2020120604001288,SGI,49,47,70,605.00,"42,350.00"
2020-12-06,2020120604001287,SGI,55,47,20,605.00,"12,100.00"
2020-12-06,2020120604001308,SGI,41,22,10,605.00,"6,050.00"
2020-12-06,2020120604001306,SGI,49,8,10,606.00,"6,060.00"
2020-12-06,2020120604001304,SGI,49,8,10,606.00,"6,060.00"
2020-12-06,2020120604001302,SGI,49,48,10,606.00,"6,060.00"
2020-12-06,2020120604001300,SGI,14,17,10,607.00,"6,070.00"
2020-12-06,2020120604001297,SGI,41,26,10,605.00,"6,050.00"
2020-12-06,2020120604001328,SGI,41,38,10,605.00,"6,050.00"
2020-12-06,2020120604001327,SGI,41,21,10,605.00,"6,050.00"
2020-12-06,2020120604001326,SGI,41,1,10,605.00,"6,050.00"
2020-12-06,2020120604001325,SGI,41,21,10,605.00,"6,050.00"
2020-12-06,2020120604001323,SGI,41,21,10,605.00,"6,050.00"
2020-12-06,2020120604001315,SGI,41,47,10,605.00,"6,050.00"
2020-12-06,2020120604001339,SGI,49,48,10,606.00,"6,060.00"
2020-12-06,2020120604001338,SGI,14,34,100,605.00,"60,500.00"
2020-12-06,2020120604001334,SGI,38,21,10,604.00,"6,040.00"
2020-12-06,2020120604001332,SGI,38,51,10,604.00,"6,040.00"
2020-12-06,2020120604001330,SGI,38,21,10,604.00,"6,040.00"
2020-12-06,2020120604001329,SGI,38,21,10,604.00,"6,040.00"
2020-12-06,2020120604001347,SGI,38,21,10,604.00,"6,040.00"
2020-12-06,2020120604001346,SGI,38,21,10,604.00,"6,040.00"
2020-12-06,2020120604001344,SGI,38,45,10,604.00,"6,040.00"
2020-12-06,2020120604001342,SGI,38,21,10,604.00,"6,040.00"
2020-12-06,2020120604001341,SGI,38,57,10,604.00,"6,040.00"
2020-12-06,2020120604001340,SGI,38,21,10,604.00,"6,040.00"
2020-12-06,2020120604001358,SGI,46,17,10,605.00,"6,050.00"
2020-12-06,2020120604001354,SGI,38,21,10,604.00,"6,040.00"
2020-12-06,2020120604001353,SGI,38,1,10,604.00,"6,040.00"
2020-12-06,2020120604001351,SGI,38,21,10,604.00,"6,040.00"
2020-12-06,2020120604001350,SGI,38,21,10,604.00,"6,040.00"
2020-12-06,2020120604001348,SGI,38,21,10,604.00,"6,040.00"
2020-12-06,2020120604001367,SGI,38,21,10,604.00,"6,040.00"
2020-12-06,2020120604001366,SGI,38,49,10,604.00,"6,040.00"
2020-12-06,2020120604001364,SGI,38,21,10,604.00,"6,040.00"
2020-12-06,2020120604001362,SGI,38,57,10,604.00,"6,040.00"
2020-12-06,2020120604001361,SGI,38,21,10,604.00,"6,040.00"
2020-12-06,2020120604001360,SGI,38,49,10,604.00,"6,040.00"
2020-12-06,2020120604001357,STC,33,36,100,"5,400.00","540,000.00"
2020-12-06,2020120604001356,STC,33,46,20,"5,395.00","107,900.00"
2020-12-06,2020120604001355,STC,33,46,20,"5,390.00","107,800.00"
2020-12-06,2020120604001298,STC,33,38,15,"5,400.00","81,000.00"
2020-12-06,2020120604001244,STC,59,7,50,"5,366.00","268,300.00"
2020-12-06,2020120604001243,STC,49,7,100,"5,367.00","536,700.00"
2020-12-06,2020120604001087,STC,49,17,10,"5,405.00","54,050.00"
2020-12-06,2020120604000991,STC,33,45,100,"5,500.00","550,000.00"
2020-12-06,2020120604000980,STC,33,34,10,"5,469.00","54,690.00"
2020-12-06,2020120604000979,STC,22,34,20,"5,480.00","109,600.00"
2020-12-06,2020120604001238,STC,51,7,10,"5,390.00","53,900.00"
2020-12-06,2020120604001216,STC,33,33,20,"5,490.00","109,800.00"
2020-12-06,2020120604001214,STC,43,7,30,"5,400.00","162,000.00"
2020-12-06,2020120604001202,STC,35,34,50,"5,450.00","272,500.00"
2020-12-06,2020120604001166,STC,5,33,10,"5,460.00","54,600.00"
2020-12-06,2020120604001095,STC,45,45,10,"5,400.00","54,000.00"
2020-12-06,2020120604000795,BBC,49,50,10,"2,937.00","29,370.00"
2020-12-06,2020120604000720,BBC,36,19,10,"2,885.00","28,850.00"
2020-12-06,2020120604000588,BBC,1,41,102,"2,880.00","293,760.00"
2020-12-06,2020120604000587,BBC,6,41,20,"2,881.00","57,620.00"
2020-12-06,2020120604000572,BBC,1,41,100,"2,880.00","288,000.00"
2020-12-06,2020120604000566,BBC,1,41,80,"2,880.00","230,400.00"
2020-12-06,2020120604000444,BBC,36,51,10,"2,947.00","29,470.00"
2020-12-06,2020120604000398,BBC,42,42,30,"2,945.00","88,350.00"
2020-12-06,2020120604000397,BBC,36,42,10,"2,945.00","29,450.00"
2020-12-06,2020120604000450,BBC,33,51,30,"2,901.00","87,030.00"
2020-12-06,2020120604000449,BBC,46,51,10,"2,901.00","29,010.00"
2020-12-06,2020120604000448,BBC,14,51,10,"2,902.00","29,020.00"
2020-12-06,2020120604000447,BBC,13,51,20,"2,903.00","58,060.00"
2020-12-06,2020120604000446,BBC,33,51,10,"2,903.00","29,030.00"
2020-12-06,2020120604000445,BBC,51,51,10,"2,945.00","29,450.00"
2020-12-06,2020120604000535,BBC,3,41,18,"2,902.00","52,236.00"
2020-12-06,2020120604000512,BBC,3,45,50,"2,901.00","145,050.00"
2020-12-06,2020120604000497,BBC,33,26,30,"2,901.00","87,030.00"
2020-12-06,2020120604000496,BBC,51,26,20,"2,902.00","58,040.00"
2020-12-06,2020120604000480,BBC,33,25,40,"2,901.00","116,040.00"
2020-12-06,2020120604000479,BBC,36,25,10,"2,902.00","29,020.00"
2020-12-06,2020120604000565,BBC,14,41,20,"2,881.00","57,620.00"
2020-12-06,2020120604000560,BBC,1,34,10,"2,880.00","28,800.00"
2020-12-06,2020120604000539,BBC,1,41,80,"2,880.00","230,400.00"
2020-12-06,2020120604000538,BBC,33,41,10,"2,887.00","28,870.00"
2020-12-06,2020120604000537,BBC,34,41,20,"2,887.00","57,740.00"
2020-12-06,2020120604000536,BBC,41,41,10,"2,896.00","28,960.00"
2020-12-06,2020120604000745,CMF1,25,43,250,9.63,"2,407.50"
2020-12-06,2020120604000725,CMF1,25,43,250,9.63,"2,407.50"
2020-12-06,2020120604000531,CMF1,25,13,500,9.80,"4,900.00"
2020-12-06,2020120604000524,CMF1,25,21,300,9.80,"2,940.00"
2020-12-06,2020120604000429,CMF1,58,7,"10,000",9.81,"98,100.00"
2020-12-06,2020120604000428,CMF1,34,7,"1,000",9.81,"9,810.00"
2020-12-06,2020120604000867,GIC,29,21,10,589.00,"5,890.00"
2020-12-06,2020120604000860,GIC,29,36,10,589.00,"5,890.00"
2020-12-06,2020120604000859,GIC,20,26,10,597.00,"5,970.00"
2020-12-06,2020120604000858,GIC,20,28,10,597.00,"5,970.00"
2020-12-06,2020120604000857,GIC,20,10,160,597.00,"95,520.00"
2020-12-06,2020120604000855,GIC,29,34,10,589.00,"5,890.00"
2020-12-06,2020120604000377,GIC,21,45,10,588.00,"5,880.00"
2020-12-06,2020120604000388,GIC,53,3,10,590.00,"5,900.00"
2020-12-06,2020120604000387,GIC,53,6,10,590.00,"5,900.00"
2020-12-06,2020120604000386,GIC,53,45,10,590.00,"5,900.00"
2020-12-06,2020120604000385,GIC,53,41,10,590.00,"5,900.00"
2020-12-06,2020120604000384,GIC,53,52,10,590.00,"5,900.00"
2020-12-06,2020120604000378,GIC,53,21,10,589.00,"5,890.00"
2020-12-06,2020120604000396,GIC,21,51,10,588.00,"5,880.00"
2020-12-06,2020120604000393,GIC,57,51,10,589.00,"5,890.00"
2020-12-06,2020120604000392,GIC,53,38,10,590.00,"5,900.00"
2020-12-06,2020120604000391,GIC,53,52,10,590.00,"5,900.00"
2020-12-06,2020120604000390,GIC,53,52,10,590.00,"5,900.00"
2020-12-06,2020120604000389,GIC,53,52,10,590.00,"5,900.00"
2020-12-06,2020120604000409,GIC,21,51,10,588.00,"5,880.00"
2020-12-06,2020120604000405,GIC,21,51,10,588.00,"5,880.00"
2020-12-06,2020120604000404,GIC,21,48,10,588.00,"5,880.00"
2020-12-06,2020120604000402,GIC,21,51,10,588.00,"5,880.00"
2020-12-06,2020120604000401,GIC,21,59,10,588.00,"5,880.00"
2020-12-06,2020120604000399,GIC,21,1,10,588.00,"5,880.00"
2020-12-06,2020120604000427,GIC,21,40,10,588.00,"5,880.00"
2020-12-06,2020120604000425,GIC,21,50,100,588.00,"58,800.00"
2020-12-06,2020120604000422,GIC,21,1,10,588.00,"5,880.00"
2020-12-06,2020120604000421,GIC,21,51,10,588.00,"5,880.00"
2020-12-06,2020120604000420,GIC,21,22,10,588.00,"5,880.00"
2020-12-06,2020120604000413,GIC,21,51,10,588.00,"5,880.00"
2020-12-06,2020120604000459,GIC,21,10,10,588.00,"5,880.00"
2020-12-06,2020120604000443,GIC,21,51,10,588.00,"5,880.00"
2020-12-06,2020120604000442,GIC,21,43,10,588.00,"5,880.00"
2020-12-06,2020120604000436,GIC,21,41,10,588.00,"5,880.00"
2020-12-06,2020120604000434,GIC,21,33,10,588.00,"5,880.00"
2020-12-06,2020120604000430,GIC,21,40,10,588.00,"5,880.00"
2020-12-06,2020120604000491,GIC,44,47,10,589.00,"5,890.00"
2020-12-06,2020120604000470,GIC,21,44,10,588.00,"5,880.00"
2020-12-06,2020120604000467,GIC,21,43,20,588.00,"11,760.00"
2020-12-06,2020120604000466,GIC,21,36,10,588.00,"5,880.00"
2020-12-06,2020120604000464,GIC,21,47,10,588.00,"5,880.00"
2020-12-06,2020120604000463,GIC,21,47,10,588.00,"5,880.00"
2020-12-06,2020120604000520,GIC,21,33,250,588.00,"147,000.00"
2020-12-06,2020120604000514,GIC,44,13,10,589.00,"5,890.00"
2020-12-06,2020120604000510,GIC,44,22,10,589.00,"5,890.00"
2020-12-06,2020120604000508,GIC,44,17,10,589.00,"5,890.00"
2020-12-06,2020120604000505,GIC,44,32,10,589.00,"5,890.00"
2020-12-06,2020120604000495,GIC,11,36,10,590.00,"5,900.00"
2020-12-06,2020120604000530,GIC,14,13,70,590.00,"41,300.00"
2020-12-06,2020120604000529,GIC,14,26,10,590.00,"5,900.00"
2020-12-06,2020120604000528,GIC,14,48,100,590.00,"59,000.00"
2020-12-06,2020120604000527,GIC,14,51,310,590.00,"182,900.00"
2020-12-06,2020120604000526,GIC,14,59,10,590.00,"5,900.00"
2020-12-06,2020120604000522,GIC,29,1,10,589.00,"5,890.00"
2020-12-06,2020120604000554,GIC,41,13,10,590.00,"5,900.00"
2020-12-06,2020120604000552,GIC,29,54,10,589.00,"5,890.00"
2020-12-06,2020120604000550,GIC,8,13,10,590.00,"5,900.00"
2020-12-06,2020120604000548,GIC,29,54,10,589.00,"5,890.00"
2020-12-06,2020120604000545,GIC,29,21,70,589.00,"41,230.00"
2020-12-06,2020120604000540,GIC,29,54,10,589.00,"5,890.00"
2020-12-06,2020120604000594,GIC,29,29,10,589.00,"5,890.00"
2020-12-06,2020120604000593,GIC,29,59,10,589.00,"5,890.00"
2020-12-06,2020120604000584,GIC,29,58,10,589.00,"5,890.00"
2020-12-06,2020120604000583,GIC,29,6,10,589.00,"5,890.00"
2020-12-06,2020120604000567,GIC,29,50,10,589.00,"5,890.00"
2020-12-06,2020120604000563,GIC,29,42,10,589.00,"5,890.00"
2020-12-06,2020120604000602,GIC,11,42,67,590.00,"39,530.00"
2020-12-06,2020120604000601,GIC,11,13,10,590.00,"5,900.00"
2020-12-06,2020120604000600,GIC,11,7,10,589.00,"5,890.00"
2020-12-06,2020120604000599,GIC,11,34,13,589.00,"7,657.00"
2020-12-06,2020120604000597,GIC,29,34,80,589.00,"47,120.00"
2020-12-06,2020120604000595,GIC,29,17,10,589.00,"5,890.00"
2020-12-06,2020120604000614,GIC,14,34,10,589.00,"5,890.00"
2020-12-06,2020120604000613,GIC,14,14,10,589.00,"5,890.00"
2020-12-06,2020120604000606,GIC,34,45,10,590.00,"5,900.00"
2020-12-06,2020120604000605,GIC,34,42,10,590.00,"5,900.00"
2020-12-06,2020120604000604,GIC,34,41,10,590.00,"5,900.00"
2020-12-06,2020120604000603,GIC,34,42,83,590.00,"48,970.00"
2020-12-06,2020120604000636,GIC,41,11,10,590.00,"5,900.00"
2020-12-06,2020120604000630,GIC,21,38,90,588.00,"52,920.00"
2020-12-06,2020120604000628,GIC,21,28,10,588.00,"5,880.00"
2020-12-06,2020120604000626,GIC,41,33,10,589.00,"5,890.00"
2020-12-06,2020120604000625,GIC,21,53,10,588.00,"5,880.00"
2020-12-06,2020120604000618,GIC,14,56,70,589.00,"41,230.00"
2020-12-06,2020120604000652,GIC,22,41,10,590.00,"5,900.00"
2020-12-06,2020120604000651,GIC,22,57,10,590.00,"5,900.00"
2020-12-06,2020120604000649,GIC,28,11,10,588.00,"5,880.00"
2020-12-06,2020120604000644,GIC,28,21,10,588.00,"5,880.00"
2020-12-06,2020120604000639,GIC,21,45,10,588.00,"5,880.00"
2020-12-06,2020120604000637,GIC,21,7,10,588.00,"5,880.00"
2020-12-06,2020120604000662,GIC,43,11,10,589.00,"5,890.00"
2020-12-06,2020120604000658,GIC,43,21,10,589.00,"5,890.00"
2020-12-06,2020120604000656,GIC,28,21,10,588.00,"5,880.00"
2020-12-06,2020120604000655,GIC,22,17,10,590.00,"5,900.00"
2020-12-06,2020120604000654,GIC,22,50,10,590.00,"5,900.00"
2020-12-06,2020120604000653,GIC,22,41,10,590.00,"5,900.00"
2020-12-06,2020120604000678,GIC,29,38,10,589.00,"5,890.00"
2020-12-06,2020120604000675,GIC,29,34,150,589.00,"88,350.00"
2020-12-06,2020120604000674,GIC,50,34,50,590.00,"29,500.00"
2020-12-06,2020120604000673,GIC,43,38,10,589.00,"5,890.00"
2020-12-06,2020120604000672,GIC,36,57,"1,000",590.00,"590,000.00"
2020-12-06,2020120604000671,GIC,43,33,10,589.00,"5,890.00"
2020-12-06,2020120604000705,GIC,22,22,10,590.00,"5,900.00"
2020-12-06,2020120604000701,GIC,29,25,10,589.00,"5,890.00"
2020-12-06,2020120604000695,GIC,29,6,10,589.00,"5,890.00"
2020-12-06,2020120604000692,GIC,29,38,10,589.00,"5,890.00"
2020-12-06,2020120604000686,GIC,29,35,10,589.00,"5,890.00"
2020-12-06,2020120604000681,GIC,29,43,10,589.00,"5,890.00"
2020-12-06,2020120604000716,GIC,22,6,10,590.00,"5,900.00"
2020-12-06,2020120604000714,GIC,22,21,10,590.00,"5,900.00"
2020-12-06,2020120604000711,GIC,36,50,10,591.00,"5,910.00"
2020-12-06,2020120604000710,GIC,36,32,10,591.00,"5,910.00"
2020-12-06,2020120604000709,GIC,36,58,10,591.00,"5,910.00"
2020-12-06,2020120604000708,GIC,36,4,10,591.00,"5,910.00"
2020-12-06,2020120604000744,GIC,22,4,10,590.00,"5,900.00"
2020-12-06,2020120604000743,GIC,22,6,10,590.00,"5,900.00"
2020-12-06,2020120604000728,GIC,22,49,10,590.00,"5,900.00"
2020-12-06,2020120604000727,GIC,22,8,10,590.00,"5,900.00"
2020-12-06,2020120604000726,GIC,22,40,10,590.00,"5,900.00"
2020-12-06,2020120604000719,GIC,22,28,10,590.00,"5,900.00"
2020-12-06,2020120604000771,GIC,53,41,10,592.00,"5,920.00"
2020-12-06,2020120604000764,GIC,50,50,10,590.00,"5,900.00"
2020-12-06,2020120604000761,GIC,50,38,10,590.00,"5,900.00"
2020-12-06,2020120604000759,GIC,50,33,10,590.00,"5,900.00"
2020-12-06,2020120604000751,GIC,50,28,10,590.00,"5,900.00"
2020-12-06,2020120604000747,GIC,22,34,10,590.00,"5,900.00"
2020-12-06,2020120604000779,GIC,50,41,10,590.00,"5,900.00"
2020-12-06,2020120604000777,GIC,50,7,10,590.00,"5,900.00"
2020-12-06,2020120604000775,GIC,53,35,10,592.00,"5,920.00"
2020-12-06,2020120604000774,GIC,53,41,10,592.00,"5,920.00"
2020-12-06,2020120604000773,GIC,53,58,10,592.00,"5,920.00"
2020-12-06,2020120604000772,GIC,53,7,10,592.00,"5,920.00"
2020-12-06,2020120604000825,GIC,11,4,10,593.00,"5,930.00"
2020-12-06,2020120604000800,GIC,29,21,240,589.00,"141,360.00"
2020-12-06,2020120604000799,GIC,50,21,10,590.00,"5,900.00"
2020-12-06,2020120604000798,GIC,50,10,10,590.00,"5,900.00"
2020-12-06,2020120604000794,GIC,50,26,10,590.00,"5,900.00"
2020-12-06,2020120604000789,GIC,50,29,10,590.00,"5,900.00"
2020-12-06,2020120604000835,GIC,11,44,10,593.00,"5,930.00"
2020-12-06,2020120604000832,GIC,11,6,10,593.00,"5,930.00"
2020-12-06,2020120604000831,GIC,11,38,10,593.00,"5,930.00"
2020-12-06,2020120604000828,GIC,11,4,10,593.00,"5,930.00"
2020-12-06,2020120604000827,GIC,11,59,10,593.00,"5,930.00"
2020-12-06,2020120604000826,GIC,11,41,10,593.00,"5,930.00"
2020-12-06,2020120604000844,GIC,11,38,10,595.00,"5,950.00"
2020-12-06,2020120604000843,GIC,11,14,10,595.00,"5,950.00"
2020-12-06,2020120604000842,GIC,11,57,10,595.00,"5,950.00"
2020-12-06,2020120604000841,GIC,11,45,10,595.00,"5,950.00"
2020-12-06,2020120604000840,GIC,11,43,10,595.00,"5,950.00"
2020-12-06,2020120604000839,GIC,11,58,10,594.00,"5,940.00"
2020-12-06,2020120604000851,GIC,29,34,10,589.00,"5,890.00"
2020-12-06,2020120604000850,GIC,29,58,10,589.00,"5,890.00"
2020-12-06,2020120604000848,GIC,11,10,40,597.00,"23,880.00"
2020-12-06,2020120604000847,GIC,11,41,10,596.00,"5,960.00"
2020-12-06,2020120604000846,GIC,11,32,10,595.00,"5,950.00"
2020-12-06,2020120604000845,GIC,11,16,10,595.00,"5,950.00"
2020-12-06,2020120604000866,GIMES1,56,38,421,11.31,"4,761.51"
2020-12-06,2020120604000865,GIMES1,56,38,"4,579",11.31,"51,788.49"
2020-12-06,2020120604000757,GIMES1,56,46,"2,421",11.31,"27,381.51"
2020-12-06,2020120604000753,GIMES1,49,49,"500,000",11.50,"5,750,000.00"
2020-12-06,2020120604000737,GIMES1,49,49,"500,000",11.50,"5,750,000.00"
2020-12-06,2020120604000733,GIMES1,49,49,"500,000",11.50,"5,750,000.00"
2020-12-06,2020120604000492,GIMES1,6,53,"1,000",11.25,"11,250.00"
2020-12-06,2020120604000410,GIMES1,47,34,"1,000",11.20,"11,200.00"
2020-12-06,2020120604000394,GIMES1,47,36,"5,000",11.20,"56,000.00"
2020-12-06,2020120604000730,GIMES1,49,49,"500,000",11.50,"5,750,000.00"
2020-12-06,2020120604000729,GIMES1,49,49,"500,000",11.50,"5,750,000.00"
2020-12-06,2020120604000723,GIMES1,49,53,"1,000",11.30,"11,300.00"
2020-12-06,2020120604000677,GIMES1,56,58,"3,000",11.21,"33,630.00"
2020-12-06,2020120604000676,GIMES1,38,58,"2,000",11.22,"22,440.00"
2020-12-06,2020120604000493,GIMES1,6,53,"1,000",11.25,"11,250.00"
2020-12-06,2020120604000875,LEMF,59,37,"4,000",9.56,"38,240.00"
2020-12-06,2020120604000417,LEMF,39,33,"2,000",9.56,"19,120.00"
2020-12-06,2020120604000749,LUK,22,6,"1,000",9.35,"9,350.00"
2020-12-06,2020120604000687,LUK,57,36,200,9.42,"1,884.00"
2020-12-06,2020120604000680,LUK,58,36,300,9.45,"2,835.00"
2020-12-06,2020120604000664,LUK,58,21,200,9.45,"1,890.00"
2020-12-06,2020120604000547,LUK,58,32,100,9.49,949.00
2020-12-06,2020120604000792,NBF2,35,34,300,9.63,"2,889.00"
2020-12-06,2020120604000776,NBF2,17,43,"2,900",9.65,"27,985.00"
2020-12-06,2020120604000736,NBF2,28,43,"5,000",9.65,"48,250.00"
2020-12-06,2020120604000735,NBF2,17,43,"2,000",9.65,"19,300.00"
2020-12-06,2020120604000734,NBF2,34,43,100,9.70,970.00
2020-12-06,2020120604000702,NBF2,34,6,400,9.70,"3,880.00"
2020-12-06,2020120604000558,NBF2,54,13,400,9.81,"3,924.00"
2020-12-06,2020120604000557,NBF2,34,13,100,9.81,981.00
2020-12-06,2020120604000511,NBF2,34,45,300,9.81,"2,943.00"
2020-12-06,2020120604000868,NEF,38,37,"2,414",9.82,"23,705.48"
2020-12-06,2020120604000624,NEF,26,47,"1,459",10.00,"14,590.00"
2020-12-06,2020120604000623,NEF,26,59,"2,414",10.00,"24,140.00"
2020-12-06,2020120604000622,NEF,26,26,"1,127",10.00,"11,270.00"
2020-12-06,2020120604000577,NEF,53,55,"1,448",9.92,"14,364.16"
2020-12-06,2020120604000576,NEF,53,32,"1,127",9.91,"11,168.57"
2020-12-06,2020120604000853,NIBLPF,6,37,"1,465",10.04,"14,708.60"
2020-12-06,2020120604000863,NIBPO,17,34,150,411.00,"61,650.00"
2020-12-06,2020120604000862,NIBPO,11,34,50,411.00,"20,550.00"
2020-12-06,2020120604000804,NIBPO,17,37,400,415.00,"166,000.00"
2020-12-06,2020120604000803,NIBPO,17,6,500,415.00,"207,500.00"
2020-12-06,2020120604000500,NIBPO,28,56,188,407.00,"76,516.00"
2020-12-06,2020120604000489,NIBPO,28,34,700,407.00,"284,900.00"
2020-12-06,2020120604000488,NIBPO,3,34,200,408.00,"81,600.00"
2020-12-06,2020120604000487,NIBPO,45,34,100,409.00,"40,900.00"
2020-12-06,2020120604000471,NIBPO,45,56,100,411.00,"41,100.00"
2020-12-06,2020120604000432,NIBPO,32,56,248,411.00,"101,928.00"
2020-12-06,2020120604000431,NIBPO,32,48,302,411.00,"124,122.00"
2020-12-06,2020120604000412,NIBPO,3,35,28,411.00,"11,508.00"
2020-12-06,2020120604000797,NICBF,6,34,500,9.81,"4,905.00"
2020-12-06,2020120604000717,NICBF,6,6,200,9.91,"1,982.00"
2020-12-06,2020120604000542,NICBF,17,54,400,9.91,"3,964.00"
2020-12-06,2020120604000815,NICGF,17,46,785,10.25,"8,046.25"
2020-12-06,2020120604000814,NICGF,42,46,215,10.26,"2,205.90"
2020-12-06,2020120604000811,NICGF,22,43,250,10.30,"2,575.00"
2020-12-06,2020120604000810,NICGF,22,43,250,10.30,"2,575.00"
2020-12-06,2020120604000809,NICGF,22,13,200,10.30,"2,060.00"
2020-12-06,2020120604000808,NICGF,22,58,500,10.30,"5,150.00"
2020-12-06,2020120604000874,NMB50,17,33,500,10.02,"5,010.00"
2020-12-06,2020120604000864,NMB50,17,6,300,10.01,"3,003.00"
2020-12-06,2020120604000691,NMB50,56,59,"1,000",10.02,"10,020.00"
2020-12-06,2020120604000657,NMB50,53,4,"50,000",10.01,"500,500.00"
2020-12-06,2020120604000515,NMB50,17,45,200,9.90,"1,980.00"
2020-12-06,2020120604000872,RBCLPO,13,7,10,"14,270.00","142,700.00"
2020-12-06,2020120604000871,RBCLPO,16,7,10,"14,271.00","142,710.00"
2020-12-06,2020120604000870,RBCLPO,28,7,30,"14,272.00","428,160.00"
2020-12-06,2020120604000852,RBCLPO,33,59,100,"14,300.00","1,430,000.00"
2020-12-06,2020120604000679,RBCLPO,33,18,10,"14,400.00","144,000.00"
2020-12-06,2020120604000638,RBCLPO,33,43,160,"14,400.00","2,304,000.00"
2020-12-06,2020120604000564,RBCLPO,33,4,30,"14,400.00","432,000.00"
2020-12-06,2020120604000544,RBCLPO,33,43,10,"14,400.00","144,000.00"
2020-12-06,2020120604000802,SAEF,33,34,200,11.05,"2,210.00"
2020-12-06,2020120604000742,SAEF,33,36,800,11.05,"8,840.00"
2020-12-06,2020120604000741,SAEF,33,36,"5,000",11.05,"55,250.00"
2020-12-06,2020120604000740,SAEF,6,36,"1,000",11.10,"11,100.00"
2020-12-06,2020120604000739,SAEF,56,36,"5,000",11.10,"55,500.00"
2020-12-06,2020120604000738,SAEF,56,36,"8,200",11.12,"91,184.00"
2020-12-06,2020120604000670,SAEF,56,42,500,11.12,"5,560.00"
2020-12-06,2020120604000616,SAEF,56,34,300,11.12,"3,336.00"
2020-12-06,2020120604000615,SAEF,56,45,"1,000",11.11,"11,110.00"
2020-12-06,2020120604000612,SAEF,38,45,"1,800",11.11,"19,998.00"
2020-12-06,2020120604000596,SAEF,6,45,"3,200",11.12,"35,584.00"
2020-12-06,2020120604000541,SAEF,38,28,200,11.11,"2,222.00"
2020-12-06,2020120604000533,SAND2085,6,35,25,"1,030.00","25,750.00"
2020-12-06,2020120604000532,SAND2085,6,14,40,"1,030.00","41,200.00"
2020-12-06,2020120604000812,SEF,34,34,200,10.17,"2,034.00"
2020-12-06,2020120604000806,SEF,34,34,500,10.17,"5,085.00"
2020-12-06,2020120604000731,SEF,34,43,"10,000",10.17,"101,700.00"
2020-12-06,2020120604000700,SEF,6,25,"2,000",10.20,"20,400.00"
2020-12-06,2020120604000699,SEF,6,45,"5,000",10.20,"51,000.00"
2020-12-06,2020120604000698,SEF,6,19,"1,000",10.20,"10,200.00"
2020-12-06,2020120604000582,SEF,17,6,500,10.17,"5,085.00"
2020-12-06,2020120604000507,SEF,17,42,"3,000",10.15,"30,450.00"
2020-12-06,2020120604000697,SEF,6,42,"10,000",10.20,"102,000.00"
2020-12-06,2020120604000688,SEF,34,28,"1,000",10.17,"10,170.00"
2020-12-06,2020120604000660,SEF,28,45,"5,000",10.17,"50,850.00"
2020-12-06,2020120604000646,SEF,17,45,"1,000",10.17,"10,170.00"
2020-12-06,2020120604000634,SEF,17,21,500,10.17,"5,085.00"
2020-12-06,2020120604000590,SEF,17,38,"20,000",10.17,"203,400.00"
2020-12-06,2020120604000770,SFMF,34,36,"1,000",9.58,"9,580.00"
2020-12-06,2020120604000769,SFMF,17,36,"3,000",9.63,"28,890.00"
2020-12-06,2020120604000768,SFMF,50,36,"1,000",9.76,"9,760.00"
2020-12-06,2020120604000767,SFMF,40,36,"4,300",9.77,"42,011.00"
2020-12-06,2020120604000766,SFMF,52,36,600,9.78,"5,868.00"
2020-12-06,2020120604000765,SFMF,50,36,"1,000",9.78,"9,780.00"
2020-12-06,2020120604000755,SFMF,40,55,100,9.77,977.00
2020-12-06,2020120604000403,SFMF,40,34,100,9.77,977.00
2020-12-06,2020120604000876,SGI,36,51,10,605.00,"6,050.00"
2020-12-06,2020120604000873,SGI,36,51,10,605.00,"6,050.00"
2020-12-06,2020120604000869,SGI,36,51,10,605.00,"6,050.00"
2020-12-06,2020120604000861,SGI,36,51,10,605.00,"6,050.00"
2020-12-06,2020120604000856,SGI,36,34,10,605.00,"6,050.00"
2020-12-06,2020120604000854,SGI,36,34,420,605.00,"254,100.00"
2020-12-06,2020120604000400,SGI,47,41,10,605.00,"6,050.00"
2020-12-06,2020120604000395,SGI,38,58,10,606.00,"6,060.00"
2020-12-06,2020120604000379,SGI,54,51,10,607.00,"6,070.00"
2020-12-06,2020120604000415,SGI,47,41,10,605.00,"6,050.00"
2020-12-06,2020120604000414,SGI,47,48,10,605.00,"6,050.00"
2020-12-06,2020120604000411,SGI,47,21,10,605.00,"6,050.00"
2020-12-06,2020120604000408,SGI,47,59,10,605.00,"6,050.00"
2020-12-06,2020120604000407,SGI,47,21,10,605.00,"6,050.00"
2020-12-06,2020120604000406,SGI,47,21,10,605.00,"6,050.00"
2020-12-06,2020120604000426,SGI,48,22,10,605.00,"6,050.00"
2020-12-06,2020120604000424,SGI,47,41,10,605.00,"6,050.00"
2020-12-06,2020120604000423,SGI,47,38,10,605.00,"6,050.00"
2020-12-06,2020120604000419,SGI,47,38,10,605.00,"6,050.00"
2020-12-06,2020120604000418,SGI,42,51,10,607.00,"6,070.00"
2020-12-06,2020120604000416,SGI,47,51,10,605.00,"6,050.00"
2020-12-06,2020120604000454,SGI,50,50,10,607.00,"6,070.00"
2020-12-06,2020120604000453,SGI,50,43,10,607.00,"6,070.00"
2020-12-06,2020120604000452,SGI,50,51,80,607.00,"48,560.00"
2020-12-06,2020120604000451,SGI,48,52,10,605.00,"6,050.00"
2020-12-06,2020120604000435,SGI,48,17,10,605.00,"6,050.00"
2020-12-06,2020120604000433,SGI,48,40,10,605.00,"6,050.00"
2020-12-06,2020120604000462,SGI,44,42,10,606.00,"6,060.00"
2020-12-06,2020120604000460,SGI,48,40,10,605.00,"6,050.00"
2020-12-06,2020120604000458,SGI,50,11,10,607.00,"6,070.00"
2020-12-06,2020120604000457,SGI,50,32,10,607.00,"6,070.00"
2020-12-06,2020120604000456,SGI,50,48,10,607.00,"6,070.00"
2020-12-06,2020120604000455,SGI,50,59,10,607.00,"6,070.00"
2020-12-06,2020120604000474,SGI,57,52,30,607.00,"18,210.00"
2020-12-06,2020120604000473,SGI,57,40,10,607.00,"6,070.00"
2020-12-06,2020120604000472,SGI,57,51,10,607.00,"6,070.00"
2020-12-06,2020120604000469,SGI,44,22,10,606.00,"6,060.00"
2020-12-06,2020120604000468,SGI,44,51,10,606.00,"6,060.00"
2020-12-06,2020120604000465,SGI,44,44,50,606.00,"30,300.00"
2020-12-06,2020120604000483,SGI,36,56,80,605.00,"48,400.00"
2020-12-06,2020120604000482,SGI,54,56,50,605.00,"30,250.00"
2020-12-06,2020120604000481,SGI,48,56,30,605.00,"18,150.00"
2020-12-06,2020120604000478,SGI,48,51,10,605.00,"6,050.00"
2020-12-06,2020120604000476,SGI,48,52,20,605.00,"12,100.00"
2020-12-06,2020120604000475,SGI,44,52,20,606.00,"12,120.00"
2020-12-06,2020120604000498,SGI,45,45,10,604.00,"6,040.00"
2020-12-06,2020120604000494,SGI,45,51,10,604.00,"6,040.00"
2020-12-06,2020120604000490,SGI,50,33,10,605.00,"6,050.00"
2020-12-06,2020120604000486,SGI,45,56,40,604.00,"24,160.00"
2020-12-06,2020120604000485,SGI,34,56,180,604.00,"108,720.00"
2020-12-06,2020120604000484,SGI,45,56,120,605.00,"72,600.00"
2020-12-06,2020120604000506,SGI,45,51,10,604.00,"6,040.00"
2020-12-06,2020120604000504,SGI,11,17,10,605.00,"6,050.00"
2020-12-06,2020120604000503,SGI,45,14,10,604.00,"6,040.00"
2020-12-06,2020120604000502,SGI,50,14,10,605.00,"6,050.00"
2020-12-06,2020120604000501,SGI,50,51,10,605.00,"6,050.00"
2020-12-06,2020120604000499,SGI,45,51,10,604.00,"6,040.00"
2020-12-06,2020120604000519,SGI,54,13,100,606.00,"60,600.00"
2020-12-06,2020120604000518,SGI,45,51,10,604.00,"6,040.00"
2020-12-06,2020120604000517,SGI,45,41,10,604.00,"6,040.00"
2020-12-06,2020120604000516,SGI,45,17,10,604.00,"6,040.00"
2020-12-06,2020120604000513,SGI,45,51,10,604.00,"6,040.00"
2020-12-06,2020120604000509,SGI,45,51,10,604.00,"6,040.00"
2020-12-06,2020120604000546,SGI,34,22,10,604.00,"6,040.00"
2020-12-06,2020120604000543,SGI,34,28,10,604.00,"6,040.00"
2020-12-06,2020120604000534,SGI,33,17,10,604.00,"6,040.00"
2020-12-06,2020120604000525,SGI,17,40,10,604.00,"6,040.00"
2020-12-06,2020120604000523,SGI,45,54,10,604.00,"6,040.00"
2020-12-06,2020120604000521,SGI,45,22,10,604.00,"6,040.00"
2020-12-06,2020120604000559,SGI,34,32,10,604.00,"6,040.00"
2020-12-06,2020120604000556,SGI,34,40,10,604.00,"6,040.00"
2020-12-06,2020120604000555,SGI,34,56,10,604.00,"6,040.00"
2020-12-06,2020120604000553,SGI,34,21,10,604.00,"6,040.00"
2020-12-06,2020120604000551,SGI,34,11,10,604.00,"6,040.00"
2020-12-06,2020120604000549,SGI,34,40,10,604.00,"6,040.00"
2020-12-06,2020120604000571,SGI,50,39,10,604.00,"6,040.00"
2020-12-06,2020120604000570,SGI,50,40,10,604.00,"6,040.00"
2020-12-06,2020120604000569,SGI,50,11,10,604.00,"6,040.00"
2020-12-06,2020120604000568,SGI,50,13,10,604.00,"6,040.00"
2020-12-06,2020120604000562,SGI,34,34,10,604.00,"6,040.00"
2020-12-06,2020120604000561,SGI,34,32,10,604.00,"6,040.00"
2020-12-06,2020120604000580,SGI,29,58,10,604.00,"6,040.00"
2020-12-06,2020120604000579,SGI,29,11,10,604.00,"6,040.00"
2020-12-06,2020120604000578,SGI,29,54,10,604.00,"6,040.00"
2020-12-06,2020120604000575,SGI,50,58,10,604.00,"6,040.00"
2020-12-06,2020120604000574,SGI,50,11,10,604.00,"6,040.00"
2020-12-06,2020120604000573,SGI,50,6,10,604.00,"6,040.00"
2020-12-06,2020120604000592,SGI,29,6,10,604.00,"6,040.00"
2020-12-06,2020120604000591,SGI,29,53,10,604.00,"6,040.00"
2020-12-06,2020120604000589,SGI,29,11,10,604.00,"6,040.00"
2020-12-06,2020120604000586,SGI,29,6,10,604.00,"6,040.00"
2020-12-06,2020120604000585,SGI,29,42,10,604.00,"6,040.00"
2020-12-06,2020120604000581,SGI,29,40,10,604.00,"6,040.00"
2020-12-06,2020120604000611,SGI,29,42,10,604.00,"6,040.00"
2020-12-06,2020120604000610,SGI,44,34,10,605.00,"6,050.00"
2020-12-06,2020120604000609,SGI,29,34,10,604.00,"6,040.00"
2020-12-06,2020120604000608,SGI,29,58,10,604.00,"6,040.00"
2020-12-06,2020120604000607,SGI,29,40,10,604.00,"6,040.00"
2020-12-06,2020120604000598,SGI,29,58,10,604.00,"6,040.00"
2020-12-06,2020120604000629,SGI,29,11,10,604.00,"6,040.00"
2020-12-06,2020120604000627,SGI,29,11,10,604.00,"6,040.00"
2020-12-06,2020120604000621,SGI,20,11,10,605.00,"6,050.00"
2020-12-06,2020120604000620,SGI,20,42,10,605.00,"6,050.00"
2020-12-06,2020120604000619,SGI,20,54,10,605.00,"6,050.00"
2020-12-06,2020120604000617,SGI,20,22,10,605.00,"6,050.00"
2020-12-06,2020120604000641,SGI,44,11,10,605.00,"6,050.00"
2020-12-06,2020120604000640,SGI,44,6,10,605.00,"6,050.00"
2020-12-06,2020120604000635,SGI,29,42,10,604.00,"6,040.00"
2020-12-06,2020120604000633,SGI,29,17,10,604.00,"6,040.00"
2020-12-06,2020120604000632,SGI,29,28,10,604.00,"6,040.00"
2020-12-06,2020120604000631,SGI,29,11,10,604.00,"6,040.00"
2020-12-06,2020120604000650,SGI,16,13,100,606.00,"60,600.00"
2020-12-06,2020120604000648,SGI,45,13,50,606.00,"30,300.00"
2020-12-06,2020120604000647,SGI,44,11,10,605.00,"6,050.00"
2020-12-06,2020120604000645,SGI,44,17,10,605.00,"6,050.00"
2020-12-06,2020120604000643,SGI,44,11,10,605.00,"6,050.00"
2020-12-06,2020120604000642,SGI,44,35,10,605.00,"6,050.00"
2020-12-06,2020120604000667,SGI,38,41,10,606.00,"6,060.00"
2020-12-06,2020120604000666,SGI,38,13,10,606.00,"6,060.00"
2020-12-06,2020120604000665,SGI,44,21,10,605.00,"6,050.00"
2020-12-06,2020120604000663,SGI,44,58,10,605.00,"6,050.00"
2020-12-06,2020120604000661,SGI,4,13,10,606.00,"6,060.00"
2020-12-06,2020120604000659,SGI,44,54,10,605.00,"6,050.00"
2020-12-06,2020120604000685,SGI,44,58,10,605.00,"6,050.00"
2020-12-06,2020120604000684,SGI,44,58,10,605.00,"6,050.00"
2020-12-06,2020120604000683,SGI,44,35,10,605.00,"6,050.00"
2020-12-06,2020120604000682,SGI,44,29,10,605.00,"6,050.00"
2020-12-06,2020120604000669,SGI,38,33,10,606.00,"6,060.00"
2020-12-06,2020120604000668,SGI,38,45,10,606.00,"6,060.00"
2020-12-06,2020120604000703,SGI,48,28,10,606.00,"6,060.00"
2020-12-06,2020120604000696,SGI,48,38,10,606.00,"6,060.00"
2020-12-06,2020120604000694,SGI,6,50,10,606.00,"6,060.00"
2020-12-06,2020120604000693,SGI,6,40,10,606.00,"6,060.00"
2020-12-06,2020120604000690,SGI,44,40,10,605.00,"6,050.00"
2020-12-06,2020120604000689,SGI,44,41,10,605.00,"6,050.00"
2020-12-06,2020120604000718,SGI,44,43,10,605.00,"6,050.00"
2020-12-06,2020120604000715,SGI,44,51,10,605.00,"6,050.00"
2020-12-06,2020120604000713,SGI,44,21,10,605.00,"6,050.00"
2020-12-06,2020120604000712,SGI,44,56,10,605.00,"6,050.00"
2020-12-06,2020120604000707,SGI,44,25,10,605.00,"6,050.00"
2020-12-06,2020120604000706,SGI,44,6,10,605.00,"6,050.00"
2020-12-06,2020120604000748,SGI,34,51,10,605.00,"6,050.00"
2020-12-06,2020120604000746,SGI,34,21,10,605.00,"6,050.00"
2020-12-06,2020120604000732,SGI,34,21,10,605.00,"6,050.00"
2020-12-06,2020120604000724,SGI,44,21,10,605.00,"6,050.00"
2020-12-06,2020120604000722,SGI,44,6,10,605.00,"6,050.00"
2020-12-06,2020120604000721,SGI,44,40,10,605.00,"6,050.00"
2020-12-06,2020120604000760,SGI,50,51,10,606.00,"6,060.00"
2020-12-06,2020120604000758,SGI,50,59,10,606.00,"6,060.00"
2020-12-06,2020120604000756,SGI,50,38,10,606.00,"6,060.00"
2020-12-06,2020120604000754,SGI,34,32,10,605.00,"6,050.00"
2020-12-06,2020120604000752,SGI,34,43,10,605.00,"6,050.00"
2020-12-06,2020120604000750,SGI,34,6,10,605.00,"6,050.00"
2020-12-06,2020120604000782,SGI,47,39,10,608.00,"6,080.00"
2020-12-06,2020120604000781,SGI,47,45,10,608.00,"6,080.00"
2020-12-06,2020120604000780,SGI,47,32,10,607.00,"6,070.00"
2020-12-06,2020120604000778,SGI,50,50,10,606.00,"6,060.00"
2020-12-06,2020120604000763,SGI,50,59,10,606.00,"6,060.00"
2020-12-06,2020120604000762,SGI,50,59,10,606.00,"6,060.00"
2020-12-06,2020120604000788,SGI,47,28,420,610.00,"256,200.00"
2020-12-06,2020120604000787,SGI,47,41,10,609.00,"6,090.00"
2020-12-06,2020120604000786,SGI,47,6,10,609.00,"6,090.00"
2020-12-06,2020120604000785,SGI,47,22,10,609.00,"6,090.00"
2020-12-06,2020120604000784,SGI,47,40,10,609.00,"6,090.00"
2020-12-06,2020120604000783,SGI,47,58,10,609.00,"6,090.00"
2020-12-06,2020120604000805,SGI,50,59,10,606.00,"6,060.00"
2020-12-06,2020120604000801,SGI,50,51,10,606.00,"6,060.00"
2020-12-06,2020120604000796,SGI,50,21,10,606.00,"6,060.00"
2020-12-06,2020120604000793,SGI,50,51,10,606.00,"6,060.00"
2020-12-06,2020120604000791,SGI,50,38,10,606.00,"6,060.00"
2020-12-06,2020120604000790,SGI,50,51,10,606.00,"6,060.00"
2020-12-06,2020120604000819,SGI,50,34,210,606.00,"127,260.00"
2020-12-06,2020120604000818,SGI,50,51,10,606.00,"6,060.00"
2020-12-06,2020120604000817,SGI,50,59,10,606.00,"6,060.00"
2020-12-06,2020120604000816,SGI,50,36,10,606.00,"6,060.00"
2020-12-06,2020120604000813,SGI,50,40,10,606.00,"6,060.00"
2020-12-06,2020120604000807,SGI,50,51,10,606.00,"6,060.00"
2020-12-06,2020120604000830,SGI,32,59,10,604.00,"6,040.00"
2020-12-06,2020120604000824,SGI,46,34,10,605.00,"6,050.00"
2020-12-06,2020120604000823,SGI,55,34,10,605.00,"6,050.00"
2020-12-06,2020120604000822,SGI,38,34,100,605.00,"60,500.00"
2020-12-06,2020120604000821,SGI,34,34,140,605.00,"84,700.00"
2020-12-06,2020120604000820,SGI,21,34,100,606.00,"60,600.00"
2020-12-06,2020120604000849,SGI,32,59,10,604.00,"6,040.00"
2020-12-06,2020120604000838,SGI,32,41,10,604.00,"6,040.00"
2020-12-06,2020120604000837,SGI,32,51,10,604.00,"6,040.00"
2020-12-06,2020120604000836,SGI,32,59,10,604.00,"6,040.00"
2020-12-06,2020120604000834,SGI,17,34,10,605.00,"6,050.00"
2020-12-06,2020120604000833,SGI,32,51,10,604.00,"6,040.00"
2020-12-06,2020120604000829,STC,33,22,20,"5,537.00","110,740.00"
2020-12-06,2020120604000704,STC,28,17,10,"5,650.00","56,500.00"
2020-12-06,2020120604000477,STC,33,52,30,"5,584.00","167,520.00"
2020-12-06,2020120604000461,STC,33,45,50,"5,697.00","284,850.00"
2020-12-06,2020120604000441,STC,59,34,25,"5,691.00","142,275.00"
2020-12-06,2020120604000440,STC,59,7,40,"5,584.00","223,360.00"
2020-12-06,2020120604000380,STC,33,17,10,"5,570.00","55,700.00"
2020-12-06,2020120604000439,STC,59,39,20,"5,580.00","111,600.00"
2020-12-06,2020120604000438,STC,59,7,40,"5,578.00","223,120.00"
2020-12-06,2020120604000437,STC,59,36,20,"5,575.00","111,500.00"
2020-12-06,2020120604000383,STC,33,17,88,"5,580.00","491,040.00"
2020-12-06,2020120604000382,STC,33,34,25,"5,578.00","139,450.00"
2020-12-06,2020120604000381,STC,33,7,50,"5,575.00","278,750.00"
2020-12-06,2020120603026131,ALBSL,37,40,56,850.00,"47,600.00"
2020-12-06,2020120603026130,ALBSL,37,54,11,850.00,"9,350.00"
2020-12-06,2020120603026129,ALBSL,37,17,33,850.00,"28,050.00"
2020-12-06,2020120603026104,ALBSL,14,19,11,850.00,"9,350.00"
2020-12-06,2020120603026056,ALBSL,36,41,12,850.00,"10,200.00"
2020-12-06,2020120603026135,ALICL,42,46,500,829.00,"414,500.00"
2020-12-06,2020120603026092,ALICL,42,25,120,829.00,"99,480.00"
2020-12-06,2020120604000374,BBC,50,41,10,"2,950.00","29,500.00"
2020-12-06,2020120604000373,BBC,39,41,10,"2,950.00","29,500.00"
2020-12-06,2020120604000372,BBC,37,41,20,"2,955.00","59,100.00"
2020-12-06,2020120604000352,BBC,36,17,10,"2,960.00","29,600.00"
2020-12-06,2020120604000343,BBC,37,46,30,"2,955.00","88,650.00"
2020-12-06,2020120604000292,BBC,51,45,10,"3,005.00","30,050.00"
2020-12-06,2020120604000121,BBC,46,50,10,"3,127.00","31,270.00"
2020-12-06,2020120604000275,BBC,39,36,20,"3,005.00","60,100.00"
2020-12-06,2020120604000232,BBC,51,50,10,"3,066.00","30,660.00"
2020-12-06,2020120604000226,BBC,33,54,10,"3,060.00","30,600.00"
2020-12-06,2020120604000215,BBC,13,38,10,"3,065.00","30,650.00"
2020-12-06,2020120604000214,BBC,46,38,10,"3,065.00","30,650.00"
2020-12-06,2020120604000189,BBC,36,50,10,"3,070.00","30,700.00"
2020-12-06,2020120603026096,CBBL,34,53,30,"1,400.00","42,000.00"
2020-12-06,2020120603026084,CBBL,51,53,10,"1,400.00","14,000.00"
2020-12-06,2020120603026051,CFCL,55,26,222,159.00,"35,298.00"
2020-12-06,2020120603026050,CFCL,35,26,100,159.00,"15,900.00"
2020-12-06,2020120603026049,CFCL,43,26,100,159.00,"15,900.00"
2020-12-06,2020120603026048,CFCL,20,26,63,159.00,"10,017.00"
2020-12-06,2020120603026047,CFCL,1,26,15,160.00,"2,400.00"
2020-12-06,2020120603026125,CIT,34,49,100,"4,601.00","460,100.00"
2020-12-06,2020120603026100,CIT,19,41,10,"4,605.00","46,050.00"
2020-12-06,2020120603026090,CIT,25,41,10,"4,605.00","46,050.00"
2020-12-06,2020120603026089,CIT,7,41,50,"4,606.00","230,300.00"
2020-12-06,2020120603026088,CIT,32,57,10,"4,608.00","46,080.00"
2020-12-06,2020120603026070,CIT,32,45,20,"4,608.00","92,160.00"
2020-12-06,2020120603026046,CIT,5,48,40,"4,610.00","184,400.00"
2020-12-06,2020120603026045,CIT,5,45,10,"4,610.00","46,100.00"
2020-12-06,2020120603026039,CIT,57,34,10,"4,609.00","46,090.00"
2020-12-06,2020120603026038,CLBSL,56,47,50,738.00,"36,900.00"
2020-12-06,2020120603026121,DDBL,45,19,155,"1,287.00","199,485.00"
2020-12-06,2020120603026036,DDBL,32,19,100,"1,287.00","128,700.00"
2020-12-06,2020120603026099,FOWAD,6,52,25,"1,880.00","47,000.00"
2020-12-06,2020120603026067,GBLBS,41,45,17,600.00,"10,200.00"
2020-12-06,2020120603026066,GBLBS,49,45,100,600.00,"60,000.00"
2020-12-06,2020120603026065,GBLBS,57,45,83,600.00,"49,800.00"
2020-12-06,2020120604000375,GIC,21,38,10,588.00,"5,880.00"
2020-12-06,2020120604000371,GIC,21,58,10,588.00,"5,880.00"
2020-12-06,2020120604000369,GIC,21,29,10,588.00,"5,880.00"
2020-12-06,2020120604000363,GIC,21,32,10,588.00,"5,880.00"
2020-12-06,2020120604000362,GIC,21,57,70,588.00,"41,160.00"
2020-12-06,2020120604000359,GIC,20,36,10,587.00,"5,870.00"
2020-12-06,2020120604000020,GIC,50,42,10,595.00,"5,950.00"
2020-12-06,2020120604000008,GIC,20,22,10,589.00,"5,890.00"
2020-12-06,2020120604000007,GIC,20,56,10,589.00,"5,890.00"
2020-12-06,2020120604000006,GIC,8,29,10,600.00,"6,000.00"
2020-12-06,2020120604000005,GIC,8,55,10,600.00,"6,000.00"
2020-12-06,2020120604000033,GIC,22,4,10,590.00,"5,900.00"
2020-12-06,2020120604000031,GIC,50,41,20,595.00,"11,900.00"
2020-12-06,2020120604000029,GIC,50,47,10,595.00,"5,950.00"
2020-12-06,2020120604000027,GIC,50,56,40,595.00,"23,800.00"
2020-12-06,2020120604000025,GIC,50,55,10,595.00,"5,950.00"
2020-12-06,2020120604000021,GIC,50,16,10,595.00,"5,950.00"
2020-12-06,2020120604000044,GIC,47,41,10,594.00,"5,940.00"
2020-12-06,2020120604000043,GIC,47,55,10,594.00,"5,940.00"
2020-12-06,2020120604000042,GIC,8,36,10,590.00,"5,900.00"
2020-12-06,2020120604000037,GIC,8,41,10,590.00,"5,900.00"
2020-12-06,2020120604000036,GIC,22,41,130,590.00,"76,700.00"
2020-12-06,2020120604000035,GIC,22,42,10,590.00,"5,900.00"
2020-12-06,2020120604000069,GIC,47,51,10,594.00,"5,940.00"
2020-12-06,2020120604000065,GIC,47,25,15,594.00,"8,910.00"
2020-12-06,2020120604000061,GIC,47,22,10,594.00,"5,940.00"
2020-12-06,2020120604000060,GIC,47,28,10,594.00,"5,940.00"
2020-12-06,2020120604000059,GIC,47,5,50,594.00,"29,700.00"
2020-12-06,2020120604000052,GIC,47,41,50,594.00,"29,700.00"
2020-12-06,2020120604000084,GIC,6,56,10,585.00,"5,850.00"
2020-12-06,2020120604000083,GIC,6,59,10,585.00,"5,850.00"
2020-12-06,2020120604000080,GIC,6,34,10,585.00,"5,850.00"
2020-12-06,2020120604000074,GIC,6,59,10,589.00,"5,890.00"
2020-12-06,2020120604000071,GIC,47,43,50,590.00,"29,500.00"
2020-12-06,2020120604000070,GIC,47,43,35,594.00,"20,790.00"
2020-12-06,2020120604000101,GIC,20,4,10,583.00,"5,830.00"
2020-12-06,2020120604000095,GIC,6,38,30,585.00,"17,550.00"
2020-12-06,2020120604000093,GIC,6,34,10,585.00,"5,850.00"
2020-12-06,2020120604000087,GIC,6,46,10,585.00,"5,850.00"
2020-12-06,2020120604000086,GIC,6,42,10,585.00,"5,850.00"
2020-12-06,2020120604000085,GIC,6,44,10,585.00,"5,850.00"
2020-12-06,2020120604000118,GIC,20,51,10,583.00,"5,830.00"
2020-12-06,2020120604000111,GIC,1,38,10,585.00,"5,850.00"
2020-12-06,2020120604000110,GIC,20,45,10,583.00,"5,830.00"
2020-12-06,2020120604000108,GIC,20,53,10,583.00,"5,830.00"
2020-12-06,2020120604000107,GIC,20,47,10,583.00,"5,830.00"
2020-12-06,2020120604000103,GIC,20,4,10,583.00,"5,830.00"
2020-12-06,2020120604000128,GIC,47,7,70,584.00,"40,880.00"
2020-12-06,2020120604000127,GIC,59,7,30,584.00,"17,520.00"
2020-12-06,2020120604000125,GIC,59,47,10,584.00,"5,840.00"
2020-12-06,2020120604000123,GIC,59,39,10,584.00,"5,840.00"
2020-12-06,2020120604000120,GIC,59,42,10,584.00,"5,840.00"
2020-12-06,2020120604000119,GIC,52,29,100,585.00,"58,500.00"
2020-12-06,2020120604000136,GIC,21,40,10,585.00,"5,850.00"
2020-12-06,2020120604000135,GIC,21,21,10,585.00,"5,850.00"
2020-12-06,2020120604000134,GIC,57,21,10,584.00,"5,840.00"
2020-12-06,2020120604000133,GIC,47,32,10,584.00,"5,840.00"
2020-12-06,2020120604000130,GIC,47,45,10,584.00,"5,840.00"
2020-12-06,2020120604000129,GIC,47,29,10,584.00,"5,840.00"
2020-12-06,2020120604000151,GIC,29,8,10,585.00,"5,850.00"
2020-12-06,2020120604000148,GIC,29,22,10,585.00,"5,850.00"
2020-12-06,2020120604000142,GIC,6,38,25,590.00,"14,750.00"
2020-12-06,2020120604000141,GIC,6,43,15,590.00,"8,850.00"
2020-12-06,2020120604000138,GIC,21,4,10,585.00,"5,850.00"
2020-12-06,2020120604000137,GIC,21,11,10,585.00,"5,850.00"
2020-12-06,2020120604000187,GIC,34,14,10,587.00,"5,870.00"
2020-12-06,2020120604000186,GIC,34,22,10,587.00,"5,870.00"
2020-12-06,2020120604000184,GIC,19,17,10,586.00,"5,860.00"
2020-12-06,2020120604000177,GIC,19,46,10,586.00,"5,860.00"
2020-12-06,2020120604000164,GIC,29,46,10,585.00,"5,850.00"
2020-12-06,2020120604000163,GIC,29,58,10,585.00,"5,850.00"
2020-12-06,2020120604000203,GIC,34,4,10,587.00,"5,870.00"
2020-12-06,2020120604000200,GIC,34,22,10,587.00,"5,870.00"
2020-12-06,2020120604000193,GIC,21,52,10,590.00,"5,900.00"
2020-12-06,2020120604000192,GIC,21,57,10,588.00,"5,880.00"
2020-12-06,2020120604000191,GIC,21,41,10,588.00,"5,880.00"
2020-12-06,2020120604000190,GIC,21,33,10,588.00,"5,880.00"
2020-12-06,2020120604000221,GIC,34,43,10,587.00,"5,870.00"
2020-12-06,2020120604000211,GIC,38,34,10,590.00,"5,900.00"
2020-12-06,2020120604000210,GIC,38,53,10,590.00,"5,900.00"
2020-12-06,2020120604000209,GIC,38,55,10,590.00,"5,900.00"
2020-12-06,2020120604000207,GIC,52,34,10,588.00,"5,880.00"
2020-12-06,2020120604000205,GIC,52,57,10,588.00,"5,880.00"
2020-12-06,2020120604000241,GIC,34,44,10,587.00,"5,870.00"
2020-12-06,2020120604000229,GIC,34,41,10,587.00,"5,870.00"
2020-12-06,2020120604000227,GIC,34,22,10,587.00,"5,870.00"
2020-12-06,2020120604000225,GIC,34,17,10,587.00,"5,870.00"
2020-12-06,2020120604000224,GIC,34,43,10,587.00,"5,870.00"
2020-12-06,2020120604000223,GIC,34,56,10,587.00,"5,870.00"
2020-12-06,2020120604000291,GIC,34,17,10,588.00,"5,880.00"
2020-12-06,2020120604000270,GIC,34,4,10,587.00,"5,870.00"
2020-12-06,2020120604000263,GIC,35,46,10,590.00,"5,900.00"
2020-12-06,2020120604000250,GIC,34,38,10,587.00,"5,870.00"
2020-12-06,2020120604000248,GIC,34,59,10,587.00,"5,870.00"
2020-12-06,2020120604000247,GIC,34,39,10,587.00,"5,870.00"
2020-12-06,2020120604000308,GIC,57,42,10,589.00,"5,890.00"
2020-12-06,2020120604000306,GIC,57,1,10,589.00,"5,890.00"
2020-12-06,2020120604000305,GIC,57,46,10,589.00,"5,890.00"
2020-12-06,2020120604000304,GIC,57,33,10,589.00,"5,890.00"
2020-12-06,2020120604000302,GIC,57,5,10,589.00,"5,890.00"
2020-12-06,2020120604000293,GIC,34,38,100,588.00,"58,800.00"
2020-12-06,2020120604000329,GIC,34,55,10,588.00,"5,880.00"
2020-12-06,2020120604000327,GIC,34,59,10,588.00,"5,880.00"
2020-12-06,2020120604000322,GIC,34,21,10,588.00,"5,880.00"
2020-12-06,2020120604000320,GIC,57,42,10,589.00,"5,890.00"
2020-12-06,2020120604000312,GIC,57,10,10,589.00,"5,890.00"
2020-12-06,2020120604000311,GIC,57,21,10,589.00,"5,890.00"
2020-12-06,2020120604000338,GIC,34,43,10,587.00,"5,870.00"
2020-12-06,2020120604000337,GIC,34,37,10,587.00,"5,870.00"
