Date,Transact. No.,Symbol,Buyer,Seller,Quantity,Rate,Amount
2020-03-11,2020031101023160,ADBL,14,29,600,406.00,"243,600.00"
2020-03-11,2020031101023159,AHPC,17,32,100,98.00,"9,800.00"
2020-03-11,2020031101022762,AHPC,39,33,"1,000",100.00,"100,000.00"
2020-03-11,2020031101023206,AKPL,1,56,822,125.00,"102,750.00"
2020-03-11,2020031101022772,AKPL,49,56,750,125.00,"93,750.00"
2020-03-11,2020031101023076,ALICL,35,5,300,592.00,"177,600.00"
2020-03-11,2020031101022920,ALICL,5,5,60,592.00,"35,520.00"
2020-03-11,2020031101022853,ALICL,5,39,150,592.00,"88,800.00"
2020-03-11,2020031101022852,ALICL,5,48,50,592.00,"29,600.00"
2020-03-11,2020031101022851,ALICL,5,51,40,590.00,"23,600.00"
2020-03-11,2020031101022842,ALICL,35,45,10,588.00,"5,880.00"
2020-03-11,2020031101022841,ALICL,35,45,81,588.00,"47,628.00"
2020-03-11,2020031101023236,API,25,38,20,135.00,"2,700.00"
2020-03-11,2020031101022955,API,48,44,"2,000",134.00,"268,000.00"
2020-03-11,2020031101022899,API,41,21,100,136.00,"13,600.00"
2020-03-11,2020031101022898,API,41,44,400,136.00,"54,400.00"
2020-03-11,2020031101022886,API,25,44,58,136.00,"7,888.00"
2020-03-11,2020031101023168,BPCL,40,8,300,353.00,"105,900.00"
2020-03-11,2020031101023151,CBBL,34,49,50,"1,051.00","52,550.00"
2020-03-11,2020031101022845,CBBL,39,39,230,"1,052.00","241,960.00"
2020-03-11,2020031101022877,CBL,45,20,10,148.00,"1,480.00"
2020-03-11,2020031101023123,CCBL,25,14,10,185.00,"1,850.00"
2020-03-11,2020031101023117,CIT,58,40,47,"2,728.00","128,216.00"
2020-03-11,2020031101023116,CIT,58,17,34,"2,728.00","92,752.00"
2020-03-11,2020031101023115,CIT,58,11,10,"2,725.00","27,250.00"
2020-03-11,2020031101023114,CIT,58,37,100,"2,725.00","272,500.00"
2020-03-11,2020031101023113,CIT,58,26,200,"2,725.00","545,000.00"
2020-03-11,2020031101023112,CIT,58,48,109,"2,718.00","296,262.00"
2020-03-11,2020031101022814,CIT,34,36,50,"2,678.00","133,900.00"
2020-03-11,2020031101022985,CIT,10,32,20,"2,699.00","53,980.00"
2020-03-11,2020031101022984,CIT,10,11,10,"2,699.00","26,990.00"
2020-03-11,2020031101022983,CIT,10,51,10,"2,699.00","26,990.00"
2020-03-11,2020031101022982,CIT,10,14,70,"2,699.00","188,930.00"
2020-03-11,2020031101022981,CIT,33,41,36,"2,680.00","96,480.00"
2020-03-11,2020031101022815,CIT,43,36,100,"2,677.00","267,700.00"
2020-03-11,2020031101023094,CIT,5,49,50,"2,715.00","135,750.00"
2020-03-11,2020031101022990,CIT,10,25,21,"2,710.00","56,910.00"
2020-03-11,2020031101022989,CIT,10,35,10,"2,710.00","27,100.00"
2020-03-11,2020031101022988,CIT,10,42,100,"2,700.00","270,000.00"
2020-03-11,2020031101022987,CIT,10,45,100,"2,700.00","270,000.00"
2020-03-11,2020031101022986,CIT,10,58,13,"2,700.00","35,100.00"
2020-03-11,2020031101022819,CZBIL,36,46,300,202.00,"60,600.00"
2020-03-11,2020031101022818,CZBIL,36,53,50,202.00,"10,100.00"
2020-03-11,2020031101022817,CZBIL,36,5,610,202.00,"123,220.00"
2020-03-11,2020031101022992,DDBL,50,8,90,868.00,"78,120.00"
2020-03-11,2020031101022849,DDBL,32,8,100,868.00,"86,800.00"
2020-03-11,2020031101022954,EBL,13,44,10,738.00,"7,380.00"
2020-03-11,2020031101022953,EBL,13,47,80,738.00,"59,040.00"
2020-03-11,2020031101022952,EBL,13,51,200,737.00,"147,400.00"
2020-03-11,2020031101022951,EBL,13,4,10,737.00,"7,370.00"
2020-03-11,2020031101022826,EDBL,42,45,25,410.00,"10,250.00"
2020-03-11,2020031101022825,EDBL,42,45,25,410.00,"10,250.00"
2020-03-11,2020031101023142,EIC,33,17,50,407.00,"20,350.00"
2020-03-11,2020031101023166,FMDBL,48,35,368,514.00,"189,152.00"
2020-03-11,2020031101023165,FMDBL,1,35,132,514.00,"67,848.00"
2020-03-11,2020031101023104,GBBL,38,13,10,249.00,"2,490.00"
2020-03-11,2020031101023124,GBIME,51,52,500,280.00,"140,000.00"
2020-03-11,2020031101022848,GBIME,45,5,200,279.00,"55,800.00"
2020-03-11,2020031101022788,GBIME,45,41,71,279.00,"19,809.00"
2020-03-11,2020031101023223,GBLBS,41,14,90,515.00,"46,350.00"
2020-03-11,2020031101023222,GBLBS,41,58,100,515.00,"51,500.00"
2020-03-11,2020031101023221,GBLBS,41,38,10,510.00,"5,100.00"
2020-03-11,2020031101023154,GBLBS,46,38,10,510.00,"5,100.00"
2020-03-11,2020031101023141,GBLBS,55,38,20,512.00,"10,240.00"
2020-03-11,2020031101022878,GBLBS,55,44,230,512.00,"117,760.00"
2020-03-11,2020031101022816,GBLBS,1,44,20,512.00,"10,240.00"
2020-03-11,2020031101022778,GBLBS,55,44,300,512.00,"153,600.00"
2020-03-11,2020031101022927,GGBSL,17,26,10,825.00,"8,250.00"
2020-03-11,2020031101022876,GGBSL,17,35,10,816.00,"8,160.00"
2020-03-11,2020031101022926,GILB,34,46,20,"1,364.00","27,280.00"
2020-03-11,2020031101022925,GILB,34,46,200,"1,364.00","272,800.00"
2020-03-11,2020031101022803,GILB,7,51,50,"1,346.00","67,300.00"
2020-03-11,2020031101022802,GILB,7,42,10,"1,336.00","13,360.00"
2020-03-11,2020031101022784,GILB,34,49,38,"1,326.00","50,388.00"
2020-03-11,2020031101023017,GLBSL,45,6,10,680.00,"6,800.00"
2020-03-11,2020031101023149,GLICL,49,32,20,484.00,"9,680.00"
2020-03-11,2020031101022931,GLICL,46,49,10,478.00,"4,780.00"
2020-03-11,2020031101022930,GLICL,46,14,500,478.00,"239,000.00"
2020-03-11,2020031101022929,GLICL,46,40,150,478.00,"71,700.00"
2020-03-11,2020031101022868,GLICL,39,40,50,478.00,"23,900.00"
2020-03-11,2020031101022834,HBL,32,17,50,596.00,"29,800.00"
2020-03-11,2020031101023234,HDL,32,14,10,"1,585.00","15,850.00"
2020-03-11,2020031101023167,HDL,53,14,10,"1,585.00","15,850.00"
2020-03-11,2020031101023164,HDL,11,58,40,"1,562.00","62,480.00"
2020-03-11,2020031101023163,HDL,45,58,10,"1,580.00","15,800.00"
2020-03-11,2020031101023139,HDL,45,53,10,"1,580.00","15,800.00"
2020-03-11,2020031101023063,HDL,25,53,90,"1,560.00","140,400.00"
2020-03-11,2020031101023047,HDL,38,14,10,"1,585.00","15,850.00"
2020-03-11,2020031101023062,HDL,42,53,60,"1,560.00","93,600.00"
2020-03-11,2020031101023061,HDL,29,53,200,"1,560.00","312,000.00"
2020-03-11,2020031101023060,HDL,7,53,500,"1,561.00","780,500.00"
2020-03-11,2020031101023059,HDL,25,53,200,"1,562.00","312,400.00"
2020-03-11,2020031101023058,HDL,45,53,50,"1,562.00","78,100.00"
2020-03-11,2020031101023057,HDL,38,53,100,"1,565.00","156,500.00"
2020-03-11,2020031101022839,HGI,11,22,91,417.00,"37,947.00"
2020-03-11,2020031101022806,HGI,11,7,409,416.00,"170,144.00"
2020-03-11,2020031101023096,IGI,21,34,100,431.00,"43,100.00"
2020-03-11,2020031101023075,JBBL,45,34,125,190.00,"23,750.00"
2020-03-11,2020031101023074,JBBL,45,32,803,190.00,"152,570.00"
2020-03-11,2020031101023073,JBBL,45,34,"1,072",189.00,"202,608.00"
2020-03-11,2020031101023018,JBBL,57,34,500,189.00,"94,500.00"
2020-03-11,2020031101022780,JBBL,55,34,228,189.00,"43,092.00"
2020-03-11,2020031101022859,JSLBB,17,37,31,"1,579.00","48,949.00"
2020-03-11,2020031101022858,JSLBB,17,34,19,"1,578.00","29,982.00"
2020-03-11,2020031101022961,KBL,20,42,40,207.00,"8,280.00"
2020-03-11,2020031101022891,KBL,20,1,50,207.00,"10,350.00"
2020-03-11,2020031101023140,KMCDB,7,47,10,895.00,"8,950.00"
2020-03-11,2020031101022831,KMCDB,16,16,90,913.00,"82,170.00"
2020-03-11,2020031101022830,KMCDB,16,50,100,908.00,"90,800.00"
2020-03-11,2020031101022829,KMCDB,16,58,50,903.00,"45,150.00"
2020-03-11,2020031101022828,KMCDB,16,32,15,900.00,"13,500.00"
2020-03-11,2020031101023202,KPCL,25,36,10,112.00,"1,120.00"
2020-03-11,2020031101023201,KPCL,25,45,10,111.00,"1,110.00"
2020-03-11,2020031101023200,KPCL,25,29,10,111.00,"1,110.00"
2020-03-11,2020031101023199,KPCL,25,11,10,111.00,"1,110.00"
2020-03-11,2020031101023174,KPCL,25,7,10,110.00,"1,100.00"
2020-03-11,2020031101023173,KPCL,25,37,10,109.00,"1,090.00"
2020-03-11,2020031101023180,KPCL,25,3,10,111.00,"1,110.00"
2020-03-11,2020031101023179,KPCL,25,25,10,111.00,"1,110.00"
2020-03-11,2020031101023178,KPCL,25,59,10,111.00,"1,110.00"
2020-03-11,2020031101023177,KPCL,25,49,10,111.00,"1,110.00"
2020-03-11,2020031101023176,KPCL,25,36,10,111.00,"1,110.00"
2020-03-11,2020031101023175,KPCL,25,36,10,111.00,"1,110.00"
2020-03-11,2020031101023186,KPCL,25,35,10,111.00,"1,110.00"
2020-03-11,2020031101023185,KPCL,25,11,10,111.00,"1,110.00"
2020-03-11,2020031101023184,KPCL,25,42,10,111.00,"1,110.00"
2020-03-11,2020031101023183,KPCL,25,58,10,111.00,"1,110.00"
2020-03-11,2020031101023182,KPCL,25,56,10,111.00,"1,110.00"
2020-03-11,2020031101023181,KPCL,25,45,10,111.00,"1,110.00"
2020-03-11,2020031101023192,KPCL,25,54,10,111.00,"1,110.00"
2020-03-11,2020031101023191,KPCL,25,45,10,111.00,"1,110.00"
2020-03-11,2020031101023190,KPCL,25,39,10,111.00,"1,110.00"
2020-03-11,2020031101023189,KPCL,25,54,10,111.00,"1,110.00"
2020-03-11,2020031101023188,KPCL,25,26,10,111.00,"1,110.00"
2020-03-11,2020031101023187,KPCL,25,26,10,111.00,"1,110.00"
2020-03-11,2020031101023198,KPCL,25,45,10,111.00,"1,110.00"
2020-03-11,2020031101023197,KPCL,25,59,10,111.00,"1,110.00"
2020-03-11,2020031101023196,KPCL,25,39,10,111.00,"1,110.00"
2020-03-11,2020031101023195,KPCL,25,45,10,111.00,"1,110.00"
2020-03-11,2020031101023194,KPCL,25,47,10,111.00,"1,110.00"
2020-03-11,2020031101023193,KPCL,25,44,10,111.00,"1,110.00"
2020-03-11,2020031101022768,KSBBL,52,33,50,168.00,"8,400.00"
2020-03-11,2020031101022963,LBL,14,34,24,227.00,"5,448.00"
2020-03-11,2020031101022962,LBL,49,34,20,229.00,"4,580.00"
2020-03-11,2020031101022966,LGIL,49,58,10,489.00,"4,890.00"
2020-03-11,2020031101022965,LGIL,49,26,40,484.00,"19,360.00"
2020-03-11,2020031101022964,LGIL,49,22,100,483.00,"48,300.00"
2020-03-11,2020031101022903,LGIL,49,22,100,483.00,"48,300.00"
2020-03-11,2020031101023147,LICN,45,17,150,"1,434.00","215,100.00"
2020-03-11,2020031101022760,LICN,13,17,100,"1,435.00","143,500.00"
2020-03-11,2020031101023055,LLBS,16,19,411,"1,089.00","447,579.00"
2020-03-11,2020031101023054,LLBS,16,47,50,"1,088.00","54,400.00"
2020-03-11,2020031101023053,LLBS,16,1,15,"1,070.00","16,050.00"
2020-03-11,2020031101023052,LLBS,16,1,11,"1,070.00","11,770.00"
2020-03-11,2020031101023051,LLBS,16,21,13,"1,069.00","13,897.00"
2020-03-11,2020031101023158,MBL,42,6,45,243.00,"10,935.00"
2020-03-11,2020031101023023,MBL,48,1,500,242.00,"121,000.00"
2020-03-11,2020031101023022,MBL,42,1,500,242.00,"121,000.00"
2020-03-11,2020031101023021,MBL,48,1,300,242.00,"72,600.00"
2020-03-11,2020031101023020,MBL,32,1,350,242.00,"84,700.00"
2020-03-11,2020031101023019,MBL,13,1,449,242.00,"108,658.00"
2020-03-11,2020031101022761,MDB,26,22,26,369.00,"9,594.00"
2020-03-11,2020031101023204,MEGA,43,45,10,230.00,"2,300.00"
2020-03-11,2020031101022885,MEGA,36,55,77,229.00,"17,633.00"
2020-03-11,2020031101022884,MEGA,36,48,100,229.00,"22,900.00"
2020-03-11,2020031101022883,MEGA,36,1,24,229.00,"5,496.00"
2020-03-11,2020031101022882,MEGA,36,11,50,229.00,"11,450.00"
2020-03-11,2020031101022881,MEGA,36,1,309,229.00,"70,761.00"
2020-03-11,2020031101022880,MEGA,36,36,440,229.00,"100,760.00"
2020-03-11,2020031101022974,MEGA,14,54,100,230.00,"23,000.00"
2020-03-11,2020031101022890,MEGA,42,17,296,229.00,"67,784.00"
2020-03-11,2020031101022889,MEGA,42,55,423,229.00,"96,867.00"
2020-03-11,2020031101022977,MEGA,14,45,100,230.00,"23,000.00"
2020-03-11,2020031101022976,MEGA,14,58,100,230.00,"23,000.00"
2020-03-11,2020031101022975,MEGA,14,45,200,230.00,"46,000.00"
2020-03-11,2020031101023072,MEGA,42,52,50,229.00,"11,450.00"
2020-03-11,2020031101023217,MERO,49,32,50,681.00,"34,050.00"
2020-03-11,2020031101022870,MERO,49,16,12,681.00,"8,172.00"
2020-03-11,2020031101022945,MFIL,4,52,168,297.00,"49,896.00"
2020-03-11,2020031101022944,MFIL,4,41,100,297.00,"29,700.00"
2020-03-11,2020031101022943,MFIL,4,43,200,297.00,"59,400.00"
2020-03-11,2020031101022942,MFIL,4,42,50,295.00,"14,750.00"
2020-03-11,2020031101022941,MFIL,4,41,30,295.00,"8,850.00"
2020-03-11,2020031101022940,MFIL,4,46,31,295.00,"9,145.00"
2020-03-11,2020031101022933,MFIL,4,1,165,293.00,"48,345.00"
2020-03-11,2020031101022932,MFIL,4,7,62,293.00,"18,166.00"
2020-03-11,2020031101022939,MFIL,4,48,"1,123",295.00,"331,285.00"
2020-03-11,2020031101022938,MFIL,4,57,"2,000",295.00,"590,000.00"
2020-03-11,2020031101022937,MFIL,4,45,500,295.00,"147,500.00"
2020-03-11,2020031101022936,MFIL,4,38,500,295.00,"147,500.00"
2020-03-11,2020031101022935,MFIL,4,17,71,295.00,"20,945.00"
2020-03-11,2020031101022934,MFIL,4,34,"2,000",294.00,"588,000.00"
2020-03-11,2020031101022869,MLBL,33,48,10,217.00,"2,170.00"
2020-03-11,2020031101022950,MLBL,4,48,"2,672",213.00,"569,136.00"
2020-03-11,2020031101022949,MLBL,4,48,"3,000",213.00,"639,000.00"
2020-03-11,2020031101022948,MLBL,21,48,10,213.00,"2,130.00"
2020-03-11,2020031101022947,MLBL,38,48,250,214.00,"53,500.00"
2020-03-11,2020031101022946,MLBL,22,48,68,216.00,"14,688.00"
2020-03-11,2020031101023152,MNBBL,44,33,50,346.00,"17,300.00"
2020-03-11,2020031101023108,MNBBL,44,29,50,345.00,"17,250.00"
2020-03-11,2020031101023068,MNBBL,44,51,100,340.00,"34,000.00"
2020-03-11,2020031101023067,MNBBL,44,42,500,340.00,"170,000.00"
2020-03-11,2020031101023066,MNBBL,44,34,500,340.00,"170,000.00"
2020-03-11,2020031101023001,MNBBL,44,29,100,339.00,"33,900.00"
2020-03-11,2020031101022738,MNBBL,44,16,300,335.00,"100,500.00"
2020-03-11,2020031101022744,MNBBL,44,37,35,335.00,"11,725.00"
2020-03-11,2020031101022743,MNBBL,44,42,500,335.00,"167,500.00"
2020-03-11,2020031101022742,MNBBL,44,34,500,335.00,"167,500.00"
2020-03-11,2020031101022741,MNBBL,44,33,647,335.00,"216,745.00"
2020-03-11,2020031101022740,MNBBL,44,50,200,335.00,"67,000.00"
2020-03-11,2020031101022739,MNBBL,44,51,50,335.00,"16,750.00"
2020-03-11,2020031101022750,MNBBL,44,35,150,335.00,"50,250.00"
2020-03-11,2020031101022749,MNBBL,44,35,500,335.00,"167,500.00"
2020-03-11,2020031101022748,MNBBL,44,41,300,335.00,"100,500.00"
2020-03-11,2020031101022747,MNBBL,44,43,300,335.00,"100,500.00"
2020-03-11,2020031101022746,MNBBL,44,7,167,335.00,"55,945.00"
2020-03-11,2020031101022745,MNBBL,44,41,500,335.00,"167,500.00"
2020-03-11,2020031101022756,MNBBL,44,26,20,335.00,"6,700.00"
2020-03-11,2020031101022755,MNBBL,44,48,200,335.00,"67,000.00"
2020-03-11,2020031101022754,MNBBL,44,4,300,335.00,"100,500.00"
2020-03-11,2020031101022753,MNBBL,44,35,100,335.00,"33,500.00"
2020-03-11,2020031101022752,MNBBL,44,46,400,335.00,"134,000.00"
2020-03-11,2020031101022751,MNBBL,44,42,395,335.00,"132,325.00"
2020-03-11,2020031101022864,MNBBL,44,26,20,336.00,"6,720.00"
2020-03-11,2020031101022863,MNBBL,44,45,300,336.00,"100,800.00"
2020-03-11,2020031101022862,MNBBL,44,51,61,336.00,"20,496.00"
2020-03-11,2020031101022861,MNBBL,44,16,300,336.00,"100,800.00"
2020-03-11,2020031101022791,MNBBL,44,13,307,333.00,"102,231.00"
2020-03-11,2020031101022759,MNBBL,44,13,693,335.00,"232,155.00"
2020-03-11,2020031101023000,MNBBL,44,53,108,339.00,"36,612.00"
2020-03-11,2020031101022999,MNBBL,44,51,50,339.00,"16,950.00"
2020-03-11,2020031101022922,MNBBL,44,45,139,338.00,"46,982.00"
2020-03-11,2020031101022921,MNBBL,44,57,35,338.00,"11,830.00"
2020-03-11,2020031101022866,MNBBL,44,57,14,337.00,"4,718.00"
2020-03-11,2020031101022865,MNBBL,44,50,300,336.00,"100,800.00"
2020-03-11,2020031101023212,NABIL,18,19,30,815.00,"24,450.00"
2020-03-11,2020031101023211,NABIL,18,49,100,815.00,"81,500.00"
2020-03-11,2020031101023210,NABIL,18,22,67,815.00,"54,605.00"
2020-03-11,2020031101023209,NABIL,18,36,100,815.00,"81,500.00"
2020-03-11,2020031101023208,NABIL,18,44,475,815.00,"387,125.00"
2020-03-11,2020031101023122,NABIL,20,44,500,815.00,"407,500.00"
2020-03-11,2020031101022910,NABIL,18,33,62,814.00,"50,468.00"
2020-03-11,2020031101022799,NABIL,49,33,438,814.00,"356,532.00"
2020-03-11,2020031101022798,NABIL,49,17,62,814.00,"50,468.00"
2020-03-11,2020031101022916,NABIL,18,57,700,814.00,"569,800.00"
2020-03-11,2020031101022915,NABIL,18,51,55,814.00,"44,770.00"
2020-03-11,2020031101022914,NABIL,18,39,20,814.00,"16,280.00"
2020-03-11,2020031101022913,NABIL,18,32,50,814.00,"40,700.00"
2020-03-11,2020031101022912,NABIL,18,47,335,814.00,"272,690.00"
2020-03-11,2020031101022911,NABIL,18,50,16,814.00,"13,024.00"
2020-03-11,2020031101023027,NABIL,53,49,20,813.00,"16,260.00"
2020-03-11,2020031101023014,NABIL,32,38,422,807.00,"340,554.00"
2020-03-11,2020031101023013,NABIL,11,38,200,810.00,"162,000.00"
2020-03-11,2020031101023012,NABIL,1,38,531,810.00,"430,110.00"
2020-03-11,2020031101023011,NABIL,49,38,50,812.00,"40,600.00"
2020-03-11,2020031101022917,NABIL,38,49,40,813.00,"32,520.00"
2020-03-11,2020031101023030,NADEP,13,51,10,672.00,"6,720.00"
2020-03-11,2020031101023218,NBL,33,7,20,283.00,"5,660.00"
2020-03-11,2020031101023100,NBL,33,49,300,282.00,"84,600.00"
2020-03-11,2020031101023092,NBL,33,49,500,280.00,"140,000.00"
2020-03-11,2020031101023091,NBL,10,49,500,281.00,"140,500.00"
2020-03-11,2020031101022787,NBL,49,50,500,282.00,"141,000.00"
2020-03-11,2020031101023150,NCCB,32,28,100,197.00,"19,700.00"
2020-03-11,2020031101023098,NCCB,32,28,55,197.00,"10,835.00"
2020-03-11,2020031101023097,NCCB,32,42,45,196.00,"8,820.00"
2020-03-11,2020031101023036,NCCB,35,42,955,196.00,"187,180.00"
2020-03-11,2020031101023035,NCCB,35,36,200,196.00,"39,200.00"
2020-03-11,2020031101023034,NCCB,35,42,"1,000",196.00,"196,000.00"
2020-03-11,2020031101023033,NCCB,35,45,500,196.00,"98,000.00"
2020-03-11,2020031101023032,NCCB,35,46,145,196.00,"28,420.00"
2020-03-11,2020031101022807,NCCB,38,46,100,196.00,"19,600.00"
2020-03-11,2020031101023056,NGPL,39,34,139,119.00,"16,541.00"
2020-03-11,2020031101022896,NIBPO,59,14,160,361.00,"57,760.00"
2020-03-11,2020031101022895,NIBPO,55,14,40,361.00,"14,440.00"
2020-03-11,2020031101023081,NIBSF1,41,45,700,10.05,"7,035.00"
2020-03-11,2020031101023148,NICA,38,17,"1,500",567.00,"850,500.00"
2020-03-11,2020031101023120,NICA,52,17,200,567.00,"113,400.00"
2020-03-11,2020031101023119,NICA,53,17,110,568.00,"62,480.00"
2020-03-11,2020031101023118,NICA,53,42,90,568.00,"51,120.00"
2020-03-11,2020031101023025,NICA,45,42,200,568.00,"113,600.00"
2020-03-11,2020031101023024,NICA,1,42,210,568.00,"119,280.00"
2020-03-11,2020031101022805,NICA,1,22,100,568.00,"56,800.00"
2020-03-11,2020031101022804,NICA,1,33,190,568.00,"107,920.00"
2020-03-11,2020031101023049,NICL,3,1,10,465.00,"4,650.00"
2020-03-11,2020031101023006,NICL,3,32,400,462.00,"184,800.00"
2020-03-11,2020031101023005,NICL,3,52,90,461.00,"41,490.00"
2020-03-11,2020031101022980,NICL,43,52,10,461.00,"4,610.00"
2020-03-11,2020031101022979,NICL,43,25,30,460.00,"13,800.00"
2020-03-11,2020031101022978,NICL,43,55,19,460.00,"8,740.00"
2020-03-11,2020031101023136,NIL,51,46,375,584.00,"219,000.00"
2020-03-11,2020031101023046,NIL,43,46,625,584.00,"365,000.00"
2020-03-11,2020031101023045,NIL,43,32,50,583.00,"29,150.00"
2020-03-11,2020031101023044,NIL,43,19,325,583.00,"189,475.00"
2020-03-11,2020031101023007,NIL,36,8,200,580.00,"116,000.00"
2020-03-11,2020031101022822,NIL,49,5,30,578.00,"17,340.00"
2020-03-11,2020031101023205,NLBBL,34,5,20,782.00,"15,640.00"
2020-03-11,2020031101023004,NLBBL,52,50,100,774.00,"77,400.00"
2020-03-11,2020031101022904,NLBBL,53,14,100,760.00,"76,000.00"
2020-03-11,2020031101022846,NLBBL,38,59,100,755.00,"75,500.00"
2020-03-11,2020031101022786,NLBBL,38,41,10,759.00,"7,590.00"
2020-03-11,2020031101023126,NLG,57,57,10,652.00,"6,520.00"
2020-03-11,2020031101023106,NLG,57,52,377,652.00,"245,804.00"
2020-03-11,2020031101023105,NLG,57,52,90,652.00,"58,680.00"
2020-03-11,2020031101023093,NLG,38,52,10,652.00,"6,520.00"
2020-03-11,2020031101022894,NLG,10,39,20,642.00,"12,840.00"
2020-03-11,2020031101022781,NLG,10,35,34,640.00,"21,760.00"
2020-03-11,2020031101022893,NLG,10,43,50,642.00,"32,100.00"
2020-03-11,2020031101022892,NLG,10,37,50,642.00,"32,100.00"
2020-03-11,2020031101022844,NLG,10,40,40,641.00,"25,640.00"
2020-03-11,2020031101022843,NLG,10,54,100,641.00,"64,100.00"
2020-03-11,2020031101022783,NLG,10,49,10,640.00,"6,400.00"
2020-03-11,2020031101022782,NLG,10,34,100,640.00,"64,000.00"
2020-03-11,2020031101023171,NLIC,34,4,350,"1,210.00","423,500.00"
2020-03-11,2020031101023170,NLIC,35,4,100,"1,210.00","121,000.00"
2020-03-11,2020031101023155,NLIC,35,44,250,"1,209.00","302,250.00"
2020-03-11,2020031101023153,NLIC,48,4,500,"1,210.00","605,000.00"
2020-03-11,2020031101023125,NLIC,18,4,500,"1,210.00","605,000.00"
2020-03-11,2020031101023110,NLIC,43,4,100,"1,210.00","121,000.00"
2020-03-11,2020031101022838,NLIC,1,34,50,"1,212.00","60,600.00"
2020-03-11,2020031101022808,NLIC,5,34,500,"1,212.00","606,000.00"
2020-03-11,2020031101022800,NLIC,6,34,100,"1,212.00","121,200.00"
2020-03-11,2020031101022758,NLIC,35,34,50,"1,209.00","60,450.00"
2020-03-11,2020031101023101,NLIC,51,4,200,"1,210.00","242,000.00"
2020-03-11,2020031101023050,NLIC,39,4,100,"1,210.00","121,000.00"
2020-03-11,2020031101023028,NLIC,36,4,500,"1,210.00","605,000.00"
2020-03-11,2020031101023003,NLIC,13,4,50,"1,210.00","60,500.00"
2020-03-11,2020031101022991,NLIC,5,4,500,"1,210.00","605,000.00"
2020-03-11,2020031101022918,NLIC,6,4,100,"1,210.00","121,000.00"
2020-03-11,2020031101023103,NLICL,52,32,20,697.00,"13,940.00"
2020-03-11,2020031101022958,NLICL,52,5,28,697.00,"19,516.00"
2020-03-11,2020031101022957,NLICL,52,5,172,700.00,"120,400.00"
2020-03-11,2020031101022919,NLICL,51,13,50,705.00,"35,250.00"
2020-03-11,2020031101022875,NLICL,54,39,50,703.00,"35,150.00"
2020-03-11,2020031101022840,NLICL,54,57,136,703.00,"95,608.00"
2020-03-11,2020031101022779,NLICL,4,57,50,703.00,"35,150.00"
2020-03-11,2020031101023219,NMB,58,13,645,448.00,"288,960.00"
2020-03-11,2020031101023146,NMB,59,13,200,448.00,"89,600.00"
2020-03-11,2020031101023137,NMB,50,13,155,448.00,"69,440.00"
2020-03-11,2020031101023128,NMB,50,7,45,448.00,"20,160.00"
2020-03-11,2020031101023089,NMB,53,13,100,447.00,"44,700.00"
2020-03-11,2020031101023088,NMB,38,13,474,447.00,"211,878.00"
2020-03-11,2020031101022905,NMB,25,13,526,448.00,"235,648.00"
2020-03-11,2020031101022900,NMB,6,13,100,448.00,"44,800.00"
2020-03-11,2020031101022872,NMB,1,13,374,448.00,"167,552.00"
2020-03-11,2020031101022871,NMB,1,11,126,448.00,"56,448.00"
2020-03-11,2020031101023071,NMB,1,13,500,448.00,"224,000.00"
2020-03-11,2020031101023065,NMB,46,13,500,448.00,"224,000.00"
2020-03-11,2020031101022909,NMB,38,13,26,447.00,"11,622.00"
2020-03-11,2020031101022908,NMB,57,13,"1,000",447.00,"447,000.00"
2020-03-11,2020031101022907,NMB,40,13,94,447.00,"42,018.00"
2020-03-11,2020031101022906,NMB,25,13,474,448.00,"212,352.00"
2020-03-11,2020031101023078,NMBMF,45,4,59,829.00,"48,911.00"
2020-03-11,2020031101023077,NMBMF,51,4,10,829.00,"8,290.00"
2020-03-11,2020031101022874,NMFBS,35,16,35,"1,680.00","58,800.00"
2020-03-11,2020031101022873,NMFBS,37,16,10,"1,700.00","17,000.00"
2020-03-11,2020031101022821,NTC,13,44,20,639.00,"12,780.00"
2020-03-11,2020031101023237,NUBL,58,52,10,"1,018.00","10,180.00"
2020-03-11,2020031101023233,OHL,4,57,674,427.00,"287,798.00"
2020-03-11,2020031101023232,OHL,4,51,100,427.00,"42,700.00"
2020-03-11,2020031101023231,OHL,4,41,500,427.00,"213,500.00"
2020-03-11,2020031101023230,OHL,4,19,200,427.00,"85,400.00"
2020-03-11,2020031101023229,OHL,4,41,369,426.00,"157,194.00"
2020-03-11,2020031101023228,OHL,4,22,190,426.00,"80,940.00"
2020-03-11,2020031101023227,OHL,4,25,200,426.00,"85,200.00"
2020-03-11,2020031101023226,OHL,4,40,72,426.00,"30,672.00"
2020-03-11,2020031101023225,OHL,4,39,200,423.00,"84,600.00"
2020-03-11,2020031101023224,OHL,4,1,300,421.00,"126,300.00"
2020-03-11,2020031101023220,PCBL,40,13,500,298.00,"149,000.00"
2020-03-11,2020031101023207,PCBL,58,13,200,298.00,"59,600.00"
2020-03-11,2020031101023156,PCBL,49,13,500,298.00,"149,000.00"
2020-03-11,2020031101023090,PCBL,57,13,10,298.00,"2,980.00"
2020-03-11,2020031101023048,PCBL,13,13,100,298.00,"29,800.00"
2020-03-11,2020031101022776,PCBL,49,13,500,298.00,"149,000.00"
2020-03-11,2020031101022766,PCBL,7,47,320,299.00,"95,680.00"
2020-03-11,2020031101022765,PCBL,7,42,20,299.00,"5,980.00"
2020-03-11,2020031101022764,PCBL,7,34,160,298.00,"47,680.00"
2020-03-11,2020031101023010,PIC,6,42,18,597.00,"10,746.00"
2020-03-11,2020031101022797,PIC,5,45,250,602.00,"150,500.00"
2020-03-11,2020031101022796,PIC,5,58,50,602.00,"30,100.00"
2020-03-11,2020031101022795,PIC,5,6,27,602.00,"16,254.00"
2020-03-11,2020031101022794,PIC,5,36,100,601.00,"60,100.00"
2020-03-11,2020031101022793,PIC,5,41,20,600.00,"12,000.00"
2020-03-11,2020031101023099,PICL,41,57,10,488.00,"4,880.00"
2020-03-11,2020031101023086,PLIC,43,16,200,604.00,"120,800.00"
2020-03-11,2020031101023080,PLIC,57,16,150,604.00,"90,600.00"
2020-03-11,2020031101023079,PLIC,45,16,100,605.00,"60,500.00"
2020-03-11,2020031101023009,PLIC,45,34,100,605.00,"60,500.00"
2020-03-11,2020031101023008,PLIC,45,45,50,605.00,"30,250.00"
2020-03-11,2020031101022833,PLIC,33,45,450,605.00,"272,250.00"
2020-03-11,2020031101022832,PLIC,33,52,150,604.00,"90,600.00"
2020-03-11,2020031101023002,PPCL,36,10,10,117.00,"1,170.00"
2020-03-11,2020031101022888,PRVU,42,6,50,254.00,"12,700.00"
2020-03-11,2020031101022801,PRVU,1,13,320,254.00,"81,280.00"
2020-03-11,2020031101023162,RADHI,38,38,10,189.00,"1,890.00"
2020-03-11,2020031101023102,RADHI,38,38,10,186.00,"1,860.00"
2020-03-11,2020031101023016,RADHI,38,38,10,183.00,"1,830.00"
2020-03-11,2020031101022857,RADHI,38,1,100,180.00,"18,000.00"
2020-03-11,2020031101022856,RADHI,38,53,12,179.00,"2,148.00"
2020-03-11,2020031101022855,RADHI,38,26,396,179.00,"70,884.00"
2020-03-11,2020031101022771,RADHI,22,14,250,178.00,"44,500.00"
2020-03-11,2020031101022837,RBCL,42,35,10,"10,250.00","102,500.00"
2020-03-11,2020031101022836,RBCL,42,54,10,"10,180.00","101,800.00"
2020-03-11,2020031101022835,RBCL,42,57,10,"10,170.00","101,700.00"
2020-03-11,2020031101023026,RBCLPO,42,7,50,"8,925.00","446,250.00"
2020-03-11,2020031101022827,RHPL,22,57,40,157.00,"6,280.00"
2020-03-11,2020031101022785,RHPL,50,59,"1,000",160.00,"160,000.00"
2020-03-11,2020031101023169,RSDC,49,8,58,520.00,"30,160.00"
2020-03-11,2020031101022812,RSDC,17,40,51,523.00,"26,673.00"
2020-03-11,2020031101022811,RSDC,17,33,29,523.00,"15,167.00"
2020-03-11,2020031101022810,RSDC,17,51,88,522.00,"45,936.00"
2020-03-11,2020031101022809,RSDC,17,8,42,521.00,"21,882.00"
2020-03-11,2020031101022769,RSDC,17,8,210,521.00,"109,410.00"
2020-03-11,2020031101023130,SANIMA,40,56,200,360.00,"72,000.00"
2020-03-11,2020031101023215,SBI,40,17,150,458.00,"68,700.00"
2020-03-11,2020031101023203,SBI,40,53,50,458.00,"22,900.00"
2020-03-11,2020031101023084,SBI,40,48,200,458.00,"91,600.00"
2020-03-11,2020031101023083,SBI,40,58,14,458.00,"6,412.00"
2020-03-11,2020031101023082,SBI,40,41,250,458.00,"114,500.00"
2020-03-11,2020031101023070,SBI,17,58,186,458.00,"85,188.00"
2020-03-11,2020031101023069,SBI,17,34,14,458.00,"6,412.00"
2020-03-11,2020031101023145,SCB,49,1,25,690.00,"17,250.00"
2020-03-11,2020031101023135,SCB,49,52,10,693.00,"6,930.00"
2020-03-11,2020031101022860,SCB,38,45,290,684.00,"198,360.00"
2020-03-11,2020031101023064,SDESI,37,14,111,940.00,"104,340.00"
2020-03-11,2020031101022757,SDESI,37,21,200,951.00,"190,200.00"
2020-03-11,2020031101023144,SHINE,41,37,112,305.00,"34,160.00"
2020-03-11,2020031101023143,SHINE,41,17,88,305.00,"26,840.00"
2020-03-11,2020031101023134,SHIVM,4,34,80,588.00,"47,040.00"
2020-03-11,2020031101023129,SHL,19,16,300,177.00,"53,100.00"
2020-03-11,2020031101023216,SHPC,56,19,10,224.00,"2,240.00"
2020-03-11,2020031101022775,SHPC,22,18,"1,240",221.00,"274,040.00"
2020-03-11,2020031101022774,SHPC,22,45,300,220.00,"66,000.00"
2020-03-11,2020031101022773,SHPC,22,39,510,220.00,"112,200.00"
2020-03-11,2020031101023172,SICL,45,33,10,"1,005.00","10,050.00"
2020-03-11,2020031101023121,SICL,4,45,20,986.00,"19,720.00"
2020-03-11,2020031101023107,SICL,50,45,10,986.00,"9,860.00"
2020-03-11,2020031101023031,SICL,45,45,10,986.00,"9,860.00"
2020-03-11,2020031101023029,SICL,28,45,10,986.00,"9,860.00"
2020-03-11,2020031101022879,SICL,59,5,300,965.00,"289,500.00"
2020-03-11,2020031101022847,SICL,55,13,100,967.00,"96,700.00"
2020-03-11,2020031101022967,SICL,4,13,15,967.00,"14,505.00"
2020-03-11,2020031101022973,SICL,4,17,10,979.00,"9,790.00"
2020-03-11,2020031101022972,SICL,4,43,100,979.00,"97,900.00"
2020-03-11,2020031101022971,SICL,4,56,30,969.00,"29,070.00"
2020-03-11,2020031101022970,SICL,4,42,200,969.00,"193,800.00"
2020-03-11,2020031101022969,SICL,4,29,24,967.00,"23,208.00"
2020-03-11,2020031101022968,SICL,4,25,100,967.00,"96,700.00"
2020-03-11,2020031101023133,SIL,50,44,100,560.00,"56,000.00"
2020-03-11,2020031101023132,SIL,50,38,500,558.00,"279,000.00"
2020-03-11,2020031101023131,SIL,50,4,580,557.00,"323,060.00"
2020-03-11,2020031101022767,SIL,25,4,20,557.00,"11,140.00"
2020-03-11,2020031101023235,SJCL,54,21,20,153.00,"3,060.00"
2020-03-11,2020031101023157,SJCL,54,21,20,153.00,"3,060.00"
2020-03-11,2020031101023127,SJCL,54,21,20,153.00,"3,060.00"
2020-03-11,2020031101023111,SJCL,54,21,20,153.00,"3,060.00"
2020-03-11,2020031101023087,SJCL,54,21,20,153.00,"3,060.00"
2020-03-11,2020031101022789,SJCL,34,21,20,150.00,"3,000.00"
2020-03-11,2020031101022770,SJCL,34,21,20,150.00,"3,000.00"
2020-03-11,2020031101022763,SJCL,34,21,20,150.00,"3,000.00"
2020-03-11,2020031101022867,SJCL,34,21,20,150.00,"3,000.00"
2020-03-11,2020031101022854,SJCL,34,57,20,150.00,"3,000.00"
2020-03-11,2020031101022850,SJCL,34,21,20,150.00,"3,000.00"
2020-03-11,2020031101022824,SJCL,34,21,20,150.00,"3,000.00"
2020-03-11,2020031101022823,SJCL,34,21,20,150.00,"3,000.00"
2020-03-11,2020031101022790,SJCL,34,21,20,150.00,"3,000.00"
2020-03-11,2020031101022924,SJCL,34,21,20,150.00,"3,000.00"
2020-03-11,2020031101022902,SJCL,34,21,20,150.00,"3,000.00"
2020-03-11,2020031101022897,SJCL,34,21,20,150.00,"3,000.00"
2020-03-11,2020031101023039,SJCL,54,22,20,152.00,"3,040.00"
2020-03-11,2020031101023038,SJCL,54,38,20,151.00,"3,020.00"
2020-03-11,2020031101023037,SJCL,34,21,20,150.00,"3,000.00"
2020-03-11,2020031101023085,SJCL,54,21,20,153.00,"3,060.00"
2020-03-11,2020031101023043,SJCL,54,39,20,153.00,"3,060.00"
2020-03-11,2020031101023042,SJCL,54,47,100,153.00,"15,300.00"
2020-03-11,2020031101023041,SJCL,54,48,10,153.00,"1,530.00"
2020-03-11,2020031101023040,SJCL,54,38,20,152.00,"3,040.00"
2020-03-11,2020031101023138,SKBBL,34,36,39,"1,149.00","44,811.00"
2020-03-11,2020031101022960,SKBBL,40,6,50,"1,153.00","57,650.00"
2020-03-11,2020031101022959,SKBBL,40,26,10,"1,152.00","11,520.00"
2020-03-11,2020031101022820,SKBBL,43,8,100,"1,149.00","114,900.00"
2020-03-11,2020031101022777,SKBBL,29,8,50,"1,148.00","57,400.00"
2020-03-11,2020031101023214,SLBBL,33,34,90,896.00,"80,640.00"
2020-03-11,2020031101023213,SLBBL,33,58,100,896.00,"89,600.00"
2020-03-11,2020031101023109,SLBBL,42,59,50,891.00,"44,550.00"
2020-03-11,2020031101023095,SLICL,36,41,10,463.00,"4,630.00"
2020-03-11,2020031101022792,SMB,48,57,30,970.00,"29,100.00"
2020-03-11,2020031101022923,SPARS,56,6,10,857.00,"8,570.00"
2020-03-11,2020031101022887,SRBL,32,46,32,266.00,"8,512.00"
2020-03-11,2020031101022998,STC,51,34,100,"2,651.00","265,100.00"
2020-03-11,2020031101022997,STC,51,32,110,"2,651.00","291,610.00"
2020-03-11,2020031101022996,STC,51,42,129,"2,651.00","341,979.00"
2020-03-11,2020031101022995,STC,51,22,60,"2,650.00","159,000.00"
2020-03-11,2020031101022994,STC,51,39,20,"2,650.00","53,000.00"
2020-03-11,2020031101022993,STC,51,22,30,"2,647.00","79,410.00"
2020-03-11,2020031101022928,UIC,41,7,100,377.00,"37,700.00"
2020-03-11,2020031101023161,UPCL,37,28,100,76.00,"7,600.00"
2020-03-11,2020031101023015,WOMI,52,11,200,"1,080.00","216,000.00"
2020-03-11,2020031101022956,WOMI,49,33,20,"1,085.00","21,700.00"
2020-03-11,2020031101022901,WOMI,45,45,58,"1,084.00","62,872.00"
2020-03-11,2020031101022813,WOMI,45,45,10,"1,084.00","10,840.00"
2020-03-11,2020031101022653,ADBL,14,41,138,406.00,"56,028.00"
2020-03-11,2020031101022437,ADBL,29,50,20,407.00,"8,140.00"
2020-03-11,2020031101022388,ADBL,45,50,100,407.00,"40,700.00"
2020-03-11,2020031101022241,ADBL,16,26,50,407.00,"20,350.00"
2020-03-11,2020031101022523,AHPC,19,35,"1,000",99.00,"99,000.00"
2020-03-11,2020031101022522,AHPC,22,35,500,99.00,"49,500.00"
2020-03-11,2020031101022521,AHPC,59,35,100,99.00,"9,900.00"
2020-03-11,2020031101022698,AKPL,49,32,50,125.00,"6,250.00"
2020-03-11,2020031101022620,AKPL,1,32,100,124.00,"12,400.00"
2020-03-11,2020031101022595,AKPL,21,45,"1,000",125.00,"125,000.00"
2020-03-11,2020031101022269,ALBSL,25,26,11,710.00,"7,810.00"
2020-03-11,2020031101022367,ALICL,7,45,29,588.00,"17,052.00"
2020-03-11,2020031101022366,ALICL,7,39,471,588.00,"276,948.00"
2020-03-11,2020031101022362,ALICL,7,39,150,588.00,"88,200.00"
2020-03-11,2020031101022344,ALICL,39,39,200,588.00,"117,600.00"
2020-03-11,2020031101022699,API,53,44,61,136.00,"8,296.00"
2020-03-11,2020031101022611,API,42,44,481,136.00,"65,416.00"
2020-03-11,2020031101022578,API,42,34,19,136.00,"2,584.00"
2020-03-11,2020031101022559,API,42,39,100,136.00,"13,600.00"
2020-03-11,2020031101022514,API,42,10,100,136.00,"13,600.00"
2020-03-11,2020031101022505,API,42,25,200,136.00,"27,200.00"
2020-03-11,2020031101022277,API,42,21,"2,500",133.00,"332,500.00"
2020-03-11,2020031101022283,API,42,6,500,135.00,"67,500.00"
2020-03-11,2020031101022282,API,42,41,"2,000",134.00,"268,000.00"
2020-03-11,2020031101022281,API,42,38,"1,000",134.00,"134,000.00"
2020-03-11,2020031101022280,API,42,45,439,134.00,"58,826.00"
2020-03-11,2020031101022279,API,42,52,200,134.00,"26,800.00"
2020-03-11,2020031101022278,API,42,28,261,134.00,"34,974.00"
2020-03-11,2020031101022289,API,42,38,600,135.00,"81,000.00"
2020-03-11,2020031101022288,API,42,38,200,135.00,"27,000.00"
2020-03-11,2020031101022287,API,42,47,100,135.00,"13,500.00"
2020-03-11,2020031101022286,API,42,38,"1,000",135.00,"135,000.00"
2020-03-11,2020031101022285,API,42,42,200,135.00,"27,000.00"
2020-03-11,2020031101022284,API,42,47,"1,000",135.00,"135,000.00"
2020-03-11,2020031101022452,API,45,47,100,137.00,"13,700.00"
2020-03-11,2020031101022409,API,42,38,200,136.00,"27,200.00"
2020-03-11,2020031101022408,API,42,22,500,136.00,"68,000.00"
2020-03-11,2020031101022407,API,42,16,"2,000",136.00,"272,000.00"
2020-03-11,2020031101022406,API,42,13,"1,000",135.00,"135,000.00"
2020-03-11,2020031101022405,API,42,38,400,135.00,"54,000.00"
2020-03-11,2020031101022666,BOKL,32,26,87,249.00,"21,663.00"
2020-03-11,2020031101022665,BOKL,32,44,13,248.00,"3,224.00"
2020-03-11,2020031101022475,BOKL,36,44,17,248.00,"4,216.00"
2020-03-11,2020031101022474,BOKL,36,45,50,248.00,"12,400.00"
2020-03-11,2020031101022473,BOKL,36,59,400,247.00,"98,800.00"
2020-03-11,2020031101022472,BOKL,36,44,483,245.00,"118,335.00"
2020-03-11,2020031101022471,BOKL,36,32,50,244.00,"12,200.00"
2020-03-11,2020031101022253,CBBL,50,52,10,"1,054.00","10,540.00"
2020-03-11,2020031101022552,CBL,29,20,"1,000",148.00,"148,000.00"
2020-03-11,2020031101022524,CBL,10,20,100,148.00,"14,800.00"
2020-03-11,2020031101022579,CCBL,58,46,200,184.00,"36,800.00"
2020-03-11,2020031101022477,CCBL,26,46,294,184.00,"54,096.00"
2020-03-11,2020031101022299,CCBL,26,46,21,184.00,"3,864.00"
2020-03-11,2020031101022660,CHCL,28,22,300,417.00,"125,100.00"
2020-03-11,2020031101022555,CHCL,28,28,44,418.00,"18,392.00"
2020-03-11,2020031101022554,CHCL,28,45,29,417.00,"12,093.00"
2020-03-11,2020031101022527,CHCL,28,52,54,416.00,"22,464.00"
2020-03-11,2020031101022526,CHCL,28,42,100,415.00,"41,500.00"
2020-03-11,2020031101022510,CHCL,22,57,90,414.00,"37,260.00"
2020-03-11,2020031101022343,CHCL,45,57,504,414.00,"208,656.00"
2020-03-11,2020031101022342,CHCL,45,36,90,413.00,"37,170.00"
2020-03-11,2020031101022313,CIT,58,14,10,"2,699.00","26,990.00"
2020-03-11,2020031101022312,CIT,58,44,190,"2,690.00","511,100.00"
2020-03-11,2020031101022663,CZBIL,34,5,390,202.00,"78,780.00"
2020-03-11,2020031101022662,CZBIL,34,34,500,202.00,"101,000.00"
2020-03-11,2020031101022661,CZBIL,34,58,110,202.00,"22,220.00"
2020-03-11,2020031101022428,CZBIL,36,58,680,202.00,"137,360.00"
2020-03-11,2020031101022427,CZBIL,36,49,300,202.00,"60,600.00"
2020-03-11,2020031101022426,CZBIL,36,5,20,202.00,"4,040.00"
2020-03-11,2020031101022358,CZBIL,44,53,30,201.00,"6,030.00"
2020-03-11,2020031101022300,CZBIL,58,5,150,202.00,"30,300.00"
2020-03-11,2020031101022239,CZBIL,44,53,20,201.00,"4,020.00"
2020-03-11,2020031101022397,DDBL,13,8,100,868.00,"86,800.00"
2020-03-11,2020031101022340,DDBL,34,25,100,865.00,"86,500.00"
2020-03-11,2020031101022701,EBL,59,4,990,737.00,"729,630.00"
2020-03-11,2020031101022700,EBL,59,17,10,734.00,"7,340.00"
2020-03-11,2020031101022539,EBL,59,47,20,738.00,"14,760.00"
2020-03-11,2020031101022538,EBL,59,45,50,737.00,"36,850.00"
2020-03-11,2020031101022296,EBL,22,42,40,735.00,"29,400.00"
2020-03-11,2020031101022531,EBL,59,34,10,735.00,"7,350.00"
2020-03-11,2020031101022530,EBL,59,40,290,735.00,"213,150.00"
2020-03-11,2020031101022529,EBL,59,17,100,730.00,"73,000.00"
2020-03-11,2020031101022528,EBL,59,40,10,730.00,"7,300.00"
2020-03-11,2020031101022324,EBL,25,40,490,730.00,"357,700.00"
2020-03-11,2020031101022297,EBL,22,40,210,735.00,"154,350.00"
2020-03-11,2020031101022537,EBL,59,17,100,737.00,"73,700.00"
2020-03-11,2020031101022536,EBL,59,51,200,737.00,"147,400.00"
2020-03-11,2020031101022535,EBL,59,48,100,737.00,"73,700.00"
2020-03-11,2020031101022534,EBL,59,1,500,737.00,"368,500.00"
2020-03-11,2020031101022533,EBL,59,22,500,736.00,"368,000.00"
2020-03-11,2020031101022532,EBL,59,45,120,736.00,"88,320.00"
2020-03-11,2020031101022606,EIC,33,59,100,407.00,"40,700.00"
2020-03-11,2020031101022605,EIC,25,59,100,407.00,"40,700.00"
2020-03-11,2020031101022572,FMDBL,1,6,368,514.00,"189,152.00"
2020-03-11,2020031101022571,FMDBL,42,6,632,514.00,"324,848.00"
2020-03-11,2020031101022508,FMDBL,42,34,26,514.00,"13,364.00"
2020-03-11,2020031101022459,FMDBL,42,37,342,514.00,"175,788.00"
2020-03-11,2020031101022458,FMDBL,51,37,100,514.00,"51,400.00"
2020-03-11,2020031101022457,FMDBL,1,37,"1,000",514.00,"514,000.00"
2020-03-11,2020031101022456,FMDBL,1,37,"1,000",514.00,"514,000.00"
2020-03-11,2020031101022455,FMDBL,35,37,58,514.00,"29,812.00"
2020-03-11,2020031101022444,FMDBL,35,6,42,514.00,"21,588.00"
2020-03-11,2020031101022570,FOWAD,34,17,50,"1,555.00","77,750.00"
2020-03-11,2020031101022454,FOWAD,50,17,312,"1,555.00","485,160.00"
2020-03-11,2020031101022334,FOWAD,50,33,38,"1,550.00","58,900.00"
2020-03-11,2020031101022476,GBIME,45,52,500,280.00,"140,000.00"
2020-03-11,2020031101022462,GBIME,33,52,114,280.00,"31,920.00"
2020-03-11,2020031101022461,GBIME,33,43,86,280.00,"24,080.00"
2020-03-11,2020031101022359,GBIME,57,26,499,280.00,"139,720.00"
2020-03-11,2020031101022248,GBIME,17,26,70,280.00,"19,600.00"
2020-03-11,2020031101022614,GBLBS,1,8,10,510.00,"5,100.00"
2020-03-11,2020031101022246,GBLBS,40,39,50,508.00,"25,400.00"
2020-03-11,2020031101022723,GILB,34,57,19,"1,324.00","25,156.00"
2020-03-11,2020031101022671,GILB,34,39,17,"1,322.00","22,474.00"
2020-03-11,2020031101022478,GILB,45,38,177,"1,320.00","233,640.00"
2020-03-11,2020031101022469,GILB,7,38,200,"1,320.00","264,000.00"
2020-03-11,2020031101022413,GLICL,32,48,20,478.00,"9,560.00"
2020-03-11,2020031101022346,GRDBL,28,47,50,122.00,"6,100.00"
2020-03-11,2020031101022345,GRDBL,28,43,360,122.00,"43,920.00"
2020-03-11,2020031101022722,HBL,6,17,300,596.00,"178,800.00"
2020-03-11,2020031101022714,HBL,37,17,50,596.00,"29,800.00"
2020-03-11,2020031101022577,HBL,39,17,598,596.00,"356,408.00"
2020-03-11,2020031101022576,HBL,39,51,50,596.00,"29,800.00"
2020-03-11,2020031101022575,HBL,39,46,178,596.00,"106,088.00"
2020-03-11,2020031101022636,HDL,53,53,100,"1,560.00","156,000.00"
2020-03-11,2020031101022635,HDL,10,53,100,"1,563.00","156,300.00"
2020-03-11,2020031101022603,HDL,17,53,100,"1,560.00","156,000.00"
2020-03-11,2020031101022602,HDL,55,53,100,"1,560.00","156,000.00"
2020-03-11,2020031101022601,HDL,45,53,100,"1,560.00","156,000.00"
2020-03-11,2020031101022600,HDL,45,53,100,"1,560.00","156,000.00"
2020-03-11,2020031101022599,HDL,38,53,500,"1,561.00","780,500.00"
2020-03-11,2020031101022598,HDL,34,53,50,"1,561.00","78,050.00"
2020-03-11,2020031101022597,HDL,32,53,50,"1,562.00","78,100.00"
2020-03-11,2020031101022596,HDL,38,53,100,"1,563.00","156,300.00"
2020-03-11,2020031101022646,ICFC,19,58,50,189.00,"9,450.00"
2020-03-11,2020031101022623,ICFC,19,6,10,186.00,"1,860.00"
2020-03-11,2020031101022622,ICFC,19,41,40,186.00,"7,440.00"
2020-03-11,2020031101022574,ICFC,19,6,508,185.00,"93,980.00"
2020-03-11,2020031101022465,JBBL,57,34,200,189.00,"37,800.00"
2020-03-11,2020031101022704,KBL,14,49,12,208.00,"2,496.00"
2020-03-11,2020031101022703,KBL,14,17,388,208.00,"80,704.00"
2020-03-11,2020031101022702,KBL,14,21,100,208.00,"20,800.00"
2020-03-11,2020031101022590,KBL,20,49,358,207.00,"74,106.00"
2020-03-11,2020031101022586,KBL,34,49,"1,000",207.00,"207,000.00"
2020-03-11,2020031101022368,KBL,33,49,142,207.00,"29,394.00"
2020-03-11,2020031101022357,KBL,53,17,12,208.00,"2,496.00"
2020-03-11,2020031101022356,KBL,53,36,600,208.00,"124,800.00"
2020-03-11,2020031101022355,KBL,53,35,388,208.00,"80,704.00"
2020-03-11,2020031101022295,KBL,52,35,200,208.00,"41,600.00"
2020-03-11,2020031101022294,KBL,57,35,412,208.00,"85,696.00"
2020-03-11,2020031101022293,KBL,57,45,88,208.00,"18,304.00"
2020-03-11,2020031101022716,KMCDB,16,20,10,896.00,"8,960.00"
2020-03-11,2020031101022692,KMCDB,16,6,10,892.00,"8,920.00"
2020-03-11,2020031101022655,KMCDB,44,20,10,879.00,"8,790.00"
2020-03-11,2020031101022516,KMCDB,16,20,10,878.00,"8,780.00"
2020-03-11,2020031101022460,KMCDB,14,20,10,877.00,"8,770.00"
2020-03-11,2020031101022360,KMCDB,40,20,10,875.00,"8,750.00"
2020-03-11,2020031101022311,KMCDB,53,20,10,886.00,"8,860.00"
2020-03-11,2020031101022276,LBL,14,54,107,227.00,"24,289.00"
2020-03-11,2020031101022275,LBL,32,54,78,228.00,"17,784.00"
2020-03-11,2020031101022644,LGIL,49,52,200,483.00,"96,600.00"
2020-03-11,2020031101022497,LGIL,49,32,100,481.00,"48,100.00"
2020-03-11,2020031101022496,LGIL,49,36,649,481.00,"312,169.00"
2020-03-11,2020031101022354,LGIL,49,44,200,480.00,"96,000.00"
2020-03-11,2020031101022353,LGIL,49,14,80,480.00,"38,400.00"
2020-03-11,2020031101022339,LGIL,19,54,64,474.00,"30,336.00"
2020-03-11,2020031101022447,LICN,50,17,500,"1,430.00","715,000.00"
2020-03-11,2020031101022446,LICN,50,28,50,"1,428.00","71,400.00"
2020-03-11,2020031101022445,LICN,50,13,36,"1,428.00","51,408.00"
2020-03-11,2020031101022481,LLBS,51,21,10,"1,069.00","10,690.00"
2020-03-11,2020031101022725,MBL,48,6,10,243.00,"2,430.00"
2020-03-11,2020031101022724,MBL,48,54,490,243.00,"119,070.00"
2020-03-11,2020031101022378,MBL,34,54,10,243.00,"2,430.00"
2020-03-11,2020031101022680,MEGA,11,36,60,229.00,"13,740.00"
2020-03-11,2020031101022679,MEGA,11,52,40,229.00,"9,160.00"
2020-03-11,2020031101022243,MEGA,52,56,500,227.00,"113,500.00"
2020-03-11,2020031101022320,MEGA,55,38,770,227.00,"174,790.00"
2020-03-11,2020031101022319,MEGA,55,56,230,227.00,"52,210.00"
2020-03-11,2020031101022263,MEGA,46,56,10,227.00,"2,270.00"
2020-03-11,2020031101022252,MEGA,57,56,500,227.00,"113,500.00"
2020-03-11,2020031101022251,MEGA,57,56,500,227.00,"113,500.00"
2020-03-11,2020031101022376,MEGA,36,54,24,226.00,"5,424.00"
2020-03-11,2020031101022338,MEGA,56,58,100,227.00,"22,700.00"
2020-03-11,2020031101022329,MEGA,41,58,"1,770",227.00,"401,790.00"
2020-03-11,2020031101022328,MEGA,41,38,230,227.00,"52,210.00"
2020-03-11,2020031101022416,MEGA,39,48,11,228.00,"2,508.00"
2020-03-11,2020031101022403,MEGA,13,36,100,227.00,"22,700.00"
2020-03-11,2020031101022402,MEGA,13,58,30,227.00,"6,810.00"
2020-03-11,2020031101022399,MEGA,56,58,100,227.00,"22,700.00"
2020-03-11,2020031101022422,MEGA,39,56,"1,891",228.00,"431,148.00"
2020-03-11,2020031101022421,MEGA,39,21,500,228.00,"114,000.00"
2020-03-11,2020031101022420,MEGA,39,56,300,228.00,"68,400.00"
2020-03-11,2020031101022419,MEGA,39,13,100,228.00,"22,800.00"
2020-03-11,2020031101022418,MEGA,39,38,"1,000",228.00,"228,000.00"
2020-03-11,2020031101022417,MEGA,39,21,50,228.00,"11,400.00"
2020-03-11,2020031101022425,MEGA,39,36,200,228.00,"45,600.00"
2020-03-11,2020031101022424,MEGA,39,49,300,228.00,"68,400.00"
2020-03-11,2020031101022423,MEGA,39,44,200,228.00,"45,600.00"
2020-03-11,2020031101022664,MEGA,43,52,10,229.00,"2,290.00"
2020-03-11,2020031101022604,MERO,8,34,52,679.00,"35,308.00"
2020-03-11,2020031101022520,MERO,4,34,57,679.00,"38,703.00"
2020-03-11,2020031101022372,MERO,14,38,10,675.00,"6,750.00"
2020-03-11,2020031101022371,MERO,14,38,51,675.00,"34,425.00"
2020-03-11,2020031101022370,MERO,14,46,76,675.00,"51,300.00"
2020-03-11,2020031101022333,MERO,13,46,19,675.00,"12,825.00"
2020-03-11,2020031101022332,MERO,13,36,50,675.00,"33,750.00"
2020-03-11,2020031101022331,MERO,13,6,131,675.00,"88,425.00"
2020-03-11,2020031101022519,MERO,4,25,143,679.00,"97,097.00"
2020-03-11,2020031101022518,MERO,4,45,100,679.00,"67,900.00"
2020-03-11,2020031101022398,MERO,16,54,300,678.00,"203,400.00"
2020-03-11,2020031101022310,MFIL,39,7,438,293.00,"128,334.00"
2020-03-11,2020031101022309,MFIL,39,51,62,292.00,"18,104.00"
2020-03-11,2020031101022308,MFIL,39,19,500,292.00,"146,000.00"
2020-03-11,2020031101022254,MFIL,52,51,201,292.00,"58,692.00"
2020-03-11,2020031101022580,MLBBL,35,49,30,769.00,"23,070.00"
2020-03-11,2020031101022261,MLBBL,50,6,10,765.00,"7,650.00"
2020-03-11,2020031101022238,MLBL,47,40,300,221.00,"66,300.00"
2020-03-11,2020031101022737,MNBBL,44,44,282,334.00,"94,188.00"
2020-03-11,2020031101022736,MNBBL,44,42,"1,000",334.00,"334,000.00"
2020-03-11,2020031101022735,MNBBL,44,49,427,334.00,"142,618.00"
2020-03-11,2020031101022734,MNBBL,44,14,"1,034",334.00,"345,356.00"
2020-03-11,2020031101022634,MNBBL,32,13,"1,000",333.00,"333,000.00"
2020-03-11,2020031101022498,MNBBL,25,13,500,333.00,"166,500.00"
2020-03-11,2020031101022375,MNBBL,1,14,300,334.00,"100,200.00"
2020-03-11,2020031101022307,MNBBL,25,13,500,333.00,"166,500.00"
2020-03-11,2020031101022298,MNBBL,35,13,500,333.00,"166,500.00"
2020-03-11,2020031101022651,MPFL,42,57,90,130.00,"11,700.00"
2020-03-11,2020031101022594,MPFL,32,57,30,130.00,"3,900.00"
2020-03-11,2020031101022669,NABIL,38,59,98,813.00,"79,674.00"
2020-03-11,2020031101022668,NABIL,38,42,14,813.00,"11,382.00"
2020-03-11,2020031101022569,NABIL,38,46,48,813.00,"39,024.00"
2020-03-11,2020031101022568,NABIL,53,46,50,813.00,"40,650.00"
2020-03-11,2020031101022467,NABIL,45,17,50,814.00,"40,700.00"
2020-03-11,2020031101022250,NABIL,53,25,70,813.00,"56,910.00"
2020-03-11,2020031101022249,NABIL,45,25,50,813.00,"40,650.00"
2020-03-11,2020031101022670,NADEP,53,45,23,666.00,"15,318.00"
2020-03-11,2020031101022306,NADEP,17,17,500,665.00,"332,500.00"
2020-03-11,2020031101022305,NADEP,17,58,100,664.00,"66,400.00"
2020-03-11,2020031101022304,NADEP,17,40,200,664.00,"132,800.00"
2020-03-11,2020031101022303,NADEP,17,41,23,663.00,"15,249.00"
2020-03-11,2020031101022302,NADEP,17,10,33,663.00,"21,879.00"
2020-03-11,2020031101022330,NBB,28,11,500,224.00,"112,000.00"
2020-03-11,2020031101022730,NBL,44,50,100,282.00,"28,200.00"
2020-03-11,2020031101022624,NBL,10,36,500,281.00,"140,500.00"
2020-03-11,2020031101022301,NBL,1,36,"1,500",281.00,"421,500.00"
2020-03-11,2020031101022268,NBL,33,28,500,280.00,"140,000.00"
2020-03-11,2020031101022694,NCCB,43,46,400,196.00,"78,400.00"
2020-03-11,2020031101022685,NCCB,42,46,400,196.00,"78,400.00"
2020-03-11,2020031101022513,NCCB,43,46,70,196.00,"13,720.00"
2020-03-11,2020031101022512,NCCB,43,16,130,196.00,"25,480.00"
2020-03-11,2020031101022441,NCCB,13,16,70,196.00,"13,720.00"
2020-03-11,2020031101022440,NCCB,13,25,430,196.00,"84,280.00"
2020-03-11,2020031101022386,NCCB,43,25,500,196.00,"98,000.00"
2020-03-11,2020031101022337,NCCB,43,25,70,196.00,"13,720.00"
2020-03-11,2020031101022336,NCCB,43,49,99,196.00,"19,404.00"
2020-03-11,2020031101022335,NCCB,43,57,331,196.00,"64,876.00"
2020-03-11,2020031101022550,NGPL,47,22,357,120.00,"42,840.00"
2020-03-11,2020031101022325,NGPL,47,54,643,120.00,"77,160.00"
2020-03-11,2020031101022585,NHPC,10,21,100,61.00,"6,100.00"
2020-03-11,2020031101022726,NICA,57,44,720,567.00,"408,240.00"
2020-03-11,2020031101022697,NICA,57,28,280,567.00,"158,760.00"
2020-03-11,2020031101022696,NICA,49,28,500,567.00,"283,500.00"
2020-03-11,2020031101022695,NICA,8,28,100,567.00,"56,700.00"
2020-03-11,2020031101022652,NICA,1,28,855,566.00,"483,930.00"
2020-03-11,2020031101022632,NICA,1,28,145,566.00,"82,070.00"
2020-03-11,2020031101022401,NICA,37,25,94,567.00,"53,298.00"
2020-03-11,2020031101022631,NICA,21,28,189,566.00,"106,974.00"
2020-03-11,2020031101022630,NICA,6,28,290,566.00,"164,140.00"
2020-03-11,2020031101022629,NICA,53,28,50,567.00,"28,350.00"
2020-03-11,2020031101022628,NICA,37,28,106,567.00,"60,102.00"
2020-03-11,2020031101022627,NICA,59,28,100,566.00,"56,600.00"
2020-03-11,2020031101022626,NICA,59,41,"1,000",566.00,"566,000.00"
2020-03-11,2020031101022394,NICL,49,55,81,460.00,"37,260.00"
2020-03-11,2020031101022393,NICL,49,45,100,460.00,"46,000.00"
2020-03-11,2020031101022392,NICL,49,6,115,460.00,"52,900.00"
2020-03-11,2020031101022391,NICL,49,38,904,460.00,"415,840.00"
2020-03-11,2020031101022390,NICL,49,25,300,460.00,"138,000.00"
2020-03-11,2020031101022389,NICL,49,52,500,459.00,"229,500.00"
2020-03-11,2020031101022687,NIL,21,5,520,578.00,"300,560.00"
2020-03-11,2020031101022616,NIL,21,14,480,578.00,"277,440.00"
2020-03-11,2020031101022615,NIL,44,14,20,578.00,"11,560.00"
2020-03-11,2020031101022468,NIL,49,19,300,579.00,"173,700.00"
2020-03-11,2020031101022412,NIL,49,5,200,579.00,"115,800.00"
2020-03-11,2020031101022713,NLG,10,41,200,640.00,"128,000.00"
2020-03-11,2020031101022683,NLG,41,6,80,634.00,"50,720.00"
2020-03-11,2020031101022654,NLG,6,34,200,638.00,"127,600.00"
2020-03-11,2020031101022429,NLG,53,54,110,633.00,"69,630.00"
2020-03-11,2020031101022733,NLIC,5,34,320,"1,209.00","386,880.00"
2020-03-11,2020031101022732,NLIC,5,36,50,"1,208.00","60,400.00"
2020-03-11,2020031101022729,NLIC,49,36,200,"1,208.00","241,600.00"
2020-03-11,2020031101022728,NLIC,36,36,50,"1,208.00","60,400.00"
2020-03-11,2020031101022693,NLIC,5,34,300,"1,209.00","362,700.00"
2020-03-11,2020031101022690,NLIC,19,34,100,"1,209.00","120,900.00"
2020-03-11,2020031101022509,NLIC,43,34,800,"1,209.00","967,200.00"
2020-03-11,2020031101022326,NLIC,52,34,100,"1,209.00","120,900.00"
2020-03-11,2020031101022322,NLIC,22,34,20,"1,209.00","24,180.00"
2020-03-11,2020031101022591,NLIC,19,34,100,"1,210.00","121,000.00"
2020-03-11,2020031101022573,NLIC,43,34,100,"1,210.00","121,000.00"
2020-03-11,2020031101022556,NLIC,5,34,80,"1,209.00","96,720.00"
2020-03-11,2020031101022553,NLIC,43,34,"1,000","1,209.00","1,209,000.00"
2020-03-11,2020031101022549,NLIC,55,22,100,"1,208.00","120,800.00"
2020-03-11,2020031101022548,NLIC,1,22,100,"1,208.00","120,800.00"
2020-03-11,2020031101022688,NLIC,55,34,30,"1,209.00","36,270.00"
2020-03-11,2020031101022648,NLIC,5,34,"1,000","1,209.00","1,209,000.00"
2020-03-11,2020031101022647,NLIC,5,34,200,"1,210.00","242,000.00"
2020-03-11,2020031101022638,NLIC,19,14,100,"1,212.00","121,200.00"
2020-03-11,2020031101022637,NLIC,5,11,100,"1,210.00","121,000.00"
2020-03-11,2020031101022607,NLIC,40,34,459,"1,210.00","555,390.00"
2020-03-11,2020031101022504,NLICL,41,13,85,705.00,"59,925.00"
2020-03-11,2020031101022503,NLICL,41,37,50,705.00,"35,250.00"
2020-03-11,2020031101022502,NLICL,41,45,10,705.00,"7,050.00"
2020-03-11,2020031101022501,NLICL,41,34,25,705.00,"17,625.00"
2020-03-11,2020031101022500,NLICL,41,35,30,703.00,"21,090.00"
2020-03-11,2020031101022499,NLICL,54,8,100,701.00,"70,100.00"
2020-03-11,2020031101022374,NLICL,16,4,"1,000",700.00,"700,000.00"
2020-03-11,2020031101022642,NMB,1,13,135,448.00,"60,480.00"
2020-03-11,2020031101022641,NMB,45,13,"1,000",448.00,"448,000.00"
2020-03-11,2020031101022640,NMB,41,13,360,448.00,"161,280.00"
2020-03-11,2020031101022639,NMB,41,13,300,448.00,"134,400.00"
2020-03-11,2020031101022542,NMB,14,11,900,449.00,"404,100.00"
2020-03-11,2020031101022483,NMB,14,11,330,449.00,"148,170.00"
2020-03-11,2020031101022364,NMB,14,13,"1,300",448.00,"582,400.00"
2020-03-11,2020031101022363,NMB,19,13,178,448.00,"79,744.00"
2020-03-11,2020031101022361,NMB,45,13,100,449.00,"44,900.00"
2020-03-11,2020031101022482,NMB,14,13,670,449.00,"300,830.00"
2020-03-11,2020031101022466,NMB,28,13,30,449.00,"13,470.00"
2020-03-11,2020031101022463,NMB,14,13,100,449.00,"44,900.00"
2020-03-11,2020031101022387,NMB,36,13,100,449.00,"44,900.00"
2020-03-11,2020031101022383,NMB,41,50,200,448.00,"89,600.00"
2020-03-11,2020031101022365,NMB,53,13,"1,000",448.00,"448,000.00"
2020-03-11,2020031101022438,NMBMF,43,8,102,834.00,"85,068.00"
2020-03-11,2020031101022633,NMFBS,37,16,60,"1,700.00","102,000.00"
2020-03-11,2020031101022560,NSEWA,43,43,10,787.00,"7,870.00"
2020-03-11,2020031101022267,NUBL,13,50,100,"1,010.00","101,000.00"
2020-03-11,2020031101022667,OHL,45,46,200,420.00,"84,000.00"
2020-03-11,2020031101022719,PCBL,14,34,40,298.00,"11,920.00"
2020-03-11,2020031101022677,PICL,41,26,40,479.00,"19,160.00"
2020-03-11,2020031101022676,PICL,41,16,20,479.00,"9,580.00"
2020-03-11,2020031101022260,PLIC,13,22,194,606.00,"117,564.00"
2020-03-11,2020031101022259,PLIC,13,42,50,605.00,"30,250.00"
2020-03-11,2020031101022258,PLIC,13,16,10,605.00,"6,050.00"
2020-03-11,2020031101022257,PLIC,13,14,329,605.00,"199,045.00"
2020-03-11,2020031101022256,PLIC,13,52,35,605.00,"21,175.00"
2020-03-11,2020031101022255,PLIC,13,29,32,605.00,"19,360.00"
2020-03-11,2020031101022480,PMHPL,59,54,10,79.00,790.00
2020-03-11,2020031101022689,PRIN,48,17,500,445.00,"222,500.00"
2020-03-11,2020031101022450,PRIN,43,36,40,444.00,"17,760.00"
2020-03-11,2020031101022494,PRVU,25,6,437,254.00,"110,998.00"
2020-03-11,2020031101022493,PRVU,25,47,200,254.00,"50,800.00"
2020-03-11,2020031101022492,PRVU,25,52,417,254.00,"105,918.00"
2020-03-11,2020031101022491,PRVU,25,41,200,254.00,"50,800.00"
2020-03-11,2020031101022490,PRVU,25,56,"1,000",254.00,"254,000.00"
2020-03-11,2020031101022395,PRVU,4,43,146,253.00,"36,938.00"
2020-03-11,2020031101022247,PRVU,4,43,643,253.00,"162,679.00"
2020-03-11,2020031101022244,PRVU,59,43,200,253.00,"50,600.00"
2020-03-11,2020031101022489,PRVU,25,34,200,254.00,"50,800.00"
2020-03-11,2020031101022488,PRVU,25,14,500,254.00,"127,000.00"
2020-03-11,2020031101022487,PRVU,25,42,100,253.00,"25,300.00"
2020-03-11,2020031101022486,PRVU,25,48,200,253.00,"50,600.00"
2020-03-11,2020031101022485,PRVU,25,4,246,253.00,"62,238.00"
2020-03-11,2020031101022396,PRVU,4,4,54,253.00,"13,662.00"
2020-03-11,2020031101022721,RADHI,38,48,12,176.00,"2,112.00"
2020-03-11,2020031101022720,RADHI,38,48,12,176.00,"2,112.00"
2020-03-11,2020031101022643,RADHI,13,54,11,173.00,"1,903.00"
2020-03-11,2020031101022617,RBCL,18,45,10,"10,100.00","101,000.00"
2020-03-11,2020031101022712,RHPL,50,38,40,160.00,"6,400.00"
2020-03-11,2020031101022711,RHPL,50,51,70,160.00,"11,200.00"
2020-03-11,2020031101022710,RHPL,50,59,40,160.00,"6,400.00"
2020-03-11,2020031101022709,RHPL,50,59,50,160.00,"8,000.00"
2020-03-11,2020031101022708,RHPL,50,59,300,160.00,"48,000.00"
2020-03-11,2020031101022707,RHPL,50,43,40,160.00,"6,400.00"
2020-03-11,2020031101022706,RHPL,50,8,40,159.00,"6,360.00"
2020-03-11,2020031101022705,RHPL,50,8,30,159.00,"4,770.00"
2020-03-11,2020031101022610,RHPL,22,21,30,157.00,"4,710.00"
2020-03-11,2020031101022609,RHPL,22,54,25,157.00,"3,925.00"
2020-03-11,2020031101022608,RHPL,35,54,25,159.00,"3,975.00"
2020-03-11,2020031101022645,RLFL,43,54,11,138.00,"1,518.00"
2020-03-11,2020031101022431,RLFL,39,45,202,140.00,"28,280.00"
2020-03-11,2020031101022430,RLFL,39,16,225,140.00,"31,500.00"
2020-03-11,2020031101022317,RMDC,34,44,568,739.00,"419,752.00"
2020-03-11,2020031101022316,RMDC,34,49,100,737.00,"73,700.00"
2020-03-11,2020031101022315,RMDC,34,39,100,737.00,"73,700.00"
2020-03-11,2020031101022314,RMDC,34,45,232,735.00,"170,520.00"
2020-03-11,2020031101022517,RSDC,55,8,48,521.00,"25,008.00"
2020-03-11,2020031101022436,RSDC,17,36,500,520.00,"260,000.00"
2020-03-11,2020031101022435,RSDC,17,48,178,520.00,"92,560.00"
2020-03-11,2020031101022434,RSDC,17,6,14,520.00,"7,280.00"
2020-03-11,2020031101022433,RSDC,17,57,50,520.00,"26,000.00"
2020-03-11,2020031101022432,RSDC,17,48,48,519.00,"24,912.00"
2020-03-11,2020031101022584,SABSL,18,34,100,830.00,"83,000.00"
2020-03-11,2020031101022583,SABSL,52,34,10,830.00,"8,300.00"
2020-03-11,2020031101022327,SABSL,52,26,11,830.00,"9,130.00"
2020-03-11,2020031101022540,SADBL,4,49,10,168.00,"1,680.00"
2020-03-11,2020031101022507,SADBL,4,4,10,166.00,"1,660.00"
2020-03-11,2020031101022618,SANIMA,22,56,100,362.00,"36,200.00"
2020-03-11,2020031101022506,SANIMA,22,34,200,362.00,"72,400.00"
2020-03-11,2020031101022385,SANIMA,34,34,"1,800",362.00,"651,600.00"
2020-03-11,2020031101022384,SANIMA,34,56,200,362.00,"72,400.00"
2020-03-11,2020031101022593,SBL,49,18,662,326.00,"215,812.00"
2020-03-11,2020031101022592,SBL,49,57,88,326.00,"28,688.00"
2020-03-11,2020031101022292,SBL,57,32,100,325.00,"32,500.00"
2020-03-11,2020031101022672,SCB,49,46,20,683.00,"13,660.00"
2020-03-11,2020031101022541,SCB,49,49,10,683.00,"6,830.00"
2020-03-11,2020031101022415,SCB,49,46,10,683.00,"6,830.00"
2020-03-11,2020031101022414,SCB,48,46,10,683.00,"6,830.00"
2020-03-11,2020031101022373,SCB,39,45,30,687.00,"20,610.00"
2020-03-11,2020031101022321,SCB,36,45,400,687.00,"274,800.00"
2020-03-11,2020031101022673,SDESI,4,45,981,950.00,"931,950.00"
2020-03-11,2020031101022567,SDESI,4,1,100,950.00,"95,000.00"
2020-03-11,2020031101022566,SDESI,4,45,71,950.00,"67,450.00"
2020-03-11,2020031101022565,SDESI,4,34,500,949.00,"474,500.00"
2020-03-11,2020031101022564,SDESI,4,14,190,948.00,"180,120.00"
2020-03-11,2020031101022563,SDESI,4,25,62,947.00,"58,714.00"
2020-03-11,2020031101022543,SDESI,37,51,50,939.00,"46,950.00"
2020-03-11,2020031101022495,SDESI,4,45,100,938.00,"93,800.00"
2020-03-11,2020031101022240,SDESI,13,45,100,938.00,"93,800.00"
2020-03-11,2020031101022562,SDESI,4,35,69,943.00,"65,067.00"
2020-03-11,2020031101022561,SDESI,4,41,27,943.00,"25,461.00"
2020-03-11,2020031101022547,SDESI,37,34,27,940.00,"25,380.00"
2020-03-11,2020031101022546,SDESI,37,46,30,940.00,"28,200.00"
2020-03-11,2020031101022545,SDESI,37,41,23,940.00,"21,620.00"
2020-03-11,2020031101022544,SDESI,37,21,27,939.00,"25,353.00"
2020-03-11,2020031101022557,SHINE,1,5,500,305.00,"152,500.00"
2020-03-11,2020031101022400,SHL,50,35,100,180.00,"18,000.00"
2020-03-11,2020031101022649,SHPC,41,39,500,220.00,"110,000.00"
2020-03-11,2020031101022245,SHPC,19,39,500,220.00,"110,000.00"
2020-03-11,2020031101022727,SIC,25,8,10,714.00,"7,140.00"
2020-03-11,2020031101022691,SICL,4,10,"1,000",965.00,"965,000.00"
2020-03-11,2020031101022619,SICL,5,13,10,967.00,"9,670.00"
2020-03-11,2020031101022582,SICL,43,50,200,963.00,"192,600.00"
2020-03-11,2020031101022581,SICL,43,10,940,960.00,"902,400.00"
2020-03-11,2020031101022290,SICL,40,20,61,959.00,"58,499.00"
2020-03-11,2020031101022274,SICL,18,10,170,950.00,"161,500.00"
2020-03-11,2020031101022273,SICL,18,10,500,950.00,"475,000.00"
2020-03-11,2020031101022272,SICL,51,10,150,950.00,"142,500.00"
2020-03-11,2020031101022271,SICL,58,10,150,950.00,"142,500.00"
2020-03-11,2020031101022270,SICL,10,10,30,950.00,"28,500.00"
2020-03-11,2020031101022470,SICL,18,49,30,950.00,"28,500.00"
2020-03-11,2020031101022411,SICL,43,10,60,960.00,"57,600.00"
2020-03-11,2020031101022410,SICL,43,29,40,960.00,"38,400.00"
2020-03-11,2020031101022718,SJCL,34,21,20,150.00,"3,000.00"
2020-03-11,2020031101022717,SJCL,34,21,20,150.00,"3,000.00"
2020-03-11,2020031101022686,SJCL,34,21,20,150.00,"3,000.00"
2020-03-11,2020031101022684,SJCL,34,21,20,150.00,"3,000.00"
2020-03-11,2020031101022242,SJCL,34,21,20,150.00,"3,000.00"
2020-03-11,2020031101022291,SJCL,34,21,20,150.00,"3,000.00"
2020-03-11,2020031101022347,SJCL,34,21,20,150.00,"3,000.00"
2020-03-11,2020031101022323,SJCL,34,21,20,150.00,"3,000.00"
2020-03-11,2020031101022404,SJCL,34,21,20,150.00,"3,000.00"
2020-03-11,2020031101022377,SJCL,34,21,10,150.00,"1,500.00"
2020-03-11,2020031101022464,SJCL,34,21,20,150.00,"3,000.00"
2020-03-11,2020031101022449,SJCL,34,21,20,150.00,"3,000.00"
2020-03-11,2020031101022448,SJCL,34,21,20,150.00,"3,000.00"
2020-03-11,2020031101022587,SJCL,34,21,20,150.00,"3,000.00"
2020-03-11,2020031101022558,SJCL,34,21,20,150.00,"3,000.00"
2020-03-11,2020031101022551,SJCL,34,21,20,150.00,"3,000.00"
2020-03-11,2020031101022525,SJCL,34,21,20,150.00,"3,000.00"
2020-03-11,2020031101022515,SJCL,34,21,20,150.00,"3,000.00"
2020-03-11,2020031101022479,SJCL,34,21,20,150.00,"3,000.00"
2020-03-11,2020031101022678,SJCL,34,54,20,150.00,"3,000.00"
2020-03-11,2020031101022650,SJCL,34,21,20,150.00,"3,000.00"
2020-03-11,2020031101022625,SJCL,34,21,20,150.00,"3,000.00"
2020-03-11,2020031101022621,SJCL,34,21,20,150.00,"3,000.00"
2020-03-11,2020031101022588,SJCL,34,21,20,150.00,"3,000.00"
2020-03-11,2020031101022682,SKBBL,8,8,50,"1,148.00","57,400.00"
2020-03-11,2020031101022681,SKBBL,8,45,50,"1,148.00","57,400.00"
2020-03-11,2020031101022589,SKBBL,47,14,25,"1,147.00","28,675.00"
2020-03-11,2020031101022453,SKBBL,50,14,10,"1,147.00","11,470.00"
2020-03-11,2020031101022731,SLBBL,26,59,50,891.00,"44,550.00"
2020-03-11,2020031101022659,SLBBL,26,38,50,891.00,"44,550.00"
2020-03-11,2020031101022658,SLBBL,39,38,100,891.00,"89,100.00"
2020-03-11,2020031101022657,SLBBL,37,38,250,892.00,"223,000.00"
2020-03-11,2020031101022656,SLBBL,20,38,100,892.00,"89,200.00"
2020-03-11,2020031101022675,SLICL,58,55,100,463.00,"46,300.00"
2020-03-11,2020031101022674,SLICL,58,45,38,463.00,"17,594.00"
2020-03-11,2020031101022439,SLICL,44,45,12,463.00,"5,556.00"
2020-03-11,2020031101022341,SLICL,21,25,81,460.00,"37,260.00"
2020-03-11,2020031101022443,SMATA,7,51,60,746.00,"44,760.00"
2020-03-11,2020031101022442,SMATA,7,22,90,745.00,"67,050.00"
2020-03-11,2020031101022715,SMB,51,57,20,970.00,"19,400.00"
2020-03-11,2020031101022318,SMFBS,34,34,10,"1,100.00","11,000.00"
2020-03-11,2020031101022613,UIC,16,7,490,377.00,"184,730.00"
2020-03-11,2020031101022612,UIC,16,36,12,376.00,"4,512.00"
2020-03-11,2020031101022511,UIC,39,36,378,376.00,"142,128.00"
2020-03-11,2020031101022484,UIC,45,17,10,375.00,"3,750.00"
2020-03-11,2020031101022262,UNHPL,54,42,50,61.00,"3,050.00"
2020-03-11,2020031101022382,UPPER,25,52,40,244.00,"9,760.00"
2020-03-11,2020031101022349,UPPER,25,48,"1,000",240.00,"240,000.00"
2020-03-11,2020031101022348,UPPER,25,45,139,240.00,"33,360.00"
2020-03-11,2020031101022266,UPPER,25,45,"1,410",240.00,"338,400.00"
2020-03-11,2020031101022265,UPPER,25,52,40,239.00,"9,560.00"
2020-03-11,2020031101022264,UPPER,25,38,50,238.00,"11,900.00"
2020-03-11,2020031101022381,UPPER,25,58,150,240.00,"36,000.00"
2020-03-11,2020031101022380,UPPER,25,52,200,240.00,"48,000.00"
2020-03-11,2020031101022379,UPPER,25,48,590,240.00,"141,600.00"
2020-03-11,2020031101022352,UPPER,25,48,271,240.00,"65,040.00"
2020-03-11,2020031101022351,UPPER,25,38,50,240.00,"12,000.00"
2020-03-11,2020031101022350,UPPER,25,42,40,240.00,"9,600.00"
2020-03-11,2020031101022451,VLBS,57,32,10,"1,040.00","10,400.00"
2020-03-11,2020031101022369,VLBS,47,56,50,"1,035.00","51,750.00"
2020-03-11,2020031101021836,ADBL,14,34,10,406.00,"4,060.00"
2020-03-11,2020031101021835,ADBL,14,41,100,406.00,"40,600.00"
2020-03-11,2020031101021834,ADBL,14,16,68,406.00,"27,608.00"
2020-03-11,2020031101021833,ADBL,14,54,40,405.00,"16,200.00"
2020-03-11,2020031101021832,ADBL,14,7,106,405.00,"42,930.00"
2020-03-11,2020031101021838,ADBL,14,57,200,406.00,"81,200.00"
2020-03-11,2020031101021837,ADBL,14,48,100,406.00,"40,600.00"
2020-03-11,2020031101022003,AKJCL,34,29,15,53.00,795.00
2020-03-11,2020031101022203,AKPL,56,45,10,126.00,"1,260.00"
2020-03-11,2020031101022191,AKPL,1,1,"1,000",125.00,"125,000.00"
2020-03-11,2020031101022190,AKPL,1,1,500,125.00,"62,500.00"
2020-03-11,2020031101022189,AKPL,1,45,490,125.00,"61,250.00"
2020-03-11,2020031101021752,AKPL,1,47,100,124.00,"12,400.00"
2020-03-11,2020031101021751,AKPL,1,45,"2,000",124.00,"248,000.00"
2020-03-11,2020031101021750,AKPL,1,40,500,124.00,"62,000.00"
2020-03-11,2020031101021749,AKPL,1,45,"1,000",124.00,"124,000.00"
2020-03-11,2020031101021748,AKPL,1,40,"1,000",122.00,"122,000.00"
2020-03-11,2020031101021742,AKPL,19,40,"1,000",122.00,"122,000.00"
2020-03-11,2020031101022158,AKPL,28,45,"1,000",125.00,"125,000.00"
2020-03-11,2020031101022134,AKPL,56,45,10,125.00,"1,250.00"
2020-03-11,2020031101022049,AKPL,1,56,310,124.00,"38,440.00"
2020-03-11,2020031101022048,AKPL,21,56,300,124.00,"37,200.00"
2020-03-11,2020031101021858,AKPL,42,42,"20,000",122.00,"2,440,000.00"
2020-03-11,2020031101021753,AKPL,1,26,"1,000",124.00,"124,000.00"
2020-03-11,2020031101022187,ALBSL,25,42,11,710.00,"7,810.00"
2020-03-11,2020031101022182,ALBSL,25,41,11,710.00,"7,810.00"
2020-03-11,2020031101022198,ALICL,35,6,100,587.00,"58,700.00"
2020-03-11,2020031101022197,ALICL,35,57,50,586.00,"29,300.00"
2020-03-11,2020031101022196,ALICL,35,22,50,586.00,"29,300.00"
2020-03-11,2020031101022195,ALICL,35,16,100,586.00,"58,600.00"
2020-03-11,2020031101022120,ALICL,43,38,500,584.00,"292,000.00"
2020-03-11,2020031101022119,ALICL,43,41,490,584.00,"286,160.00"
2020-03-11,2020031101021845,ALICL,35,16,50,582.00,"29,100.00"
2020-03-11,2020031101021844,ALICL,35,44,83,582.00,"48,306.00"
2020-03-11,2020031101022046,ALICL,14,39,50,581.00,"29,050.00"
2020-03-11,2020031101022017,ALICL,14,4,323,582.00,"187,986.00"
2020-03-11,2020031101021953,ALICL,16,5,260,583.00,"151,580.00"
2020-03-11,2020031101021925,ALICL,16,52,40,583.00,"23,320.00"
2020-03-11,2020031101021847,ALICL,35,52,460,583.00,"268,180.00"
2020-03-11,2020031101021846,ALICL,35,47,200,583.00,"116,600.00"
2020-03-11,2020031101022114,ALICL,7,41,10,584.00,"5,840.00"
2020-03-11,2020031101022113,ALICL,7,38,490,584.00,"286,160.00"
2020-03-11,2020031101022072,ALICL,35,38,10,584.00,"5,840.00"
2020-03-11,2020031101022071,ALICL,35,22,200,583.00,"116,600.00"
2020-03-11,2020031101022070,ALICL,35,5,740,583.00,"431,420.00"
2020-03-11,2020031101022047,ALICL,14,4,150,582.00,"87,300.00"
2020-03-11,2020031101022219,API,42,44,"1,000",133.00,"133,000.00"
2020-03-11,2020031101022073,API,28,44,"1,000",132.00,"132,000.00"
2020-03-11,2020031101022020,API,25,28,48,134.00,"6,432.00"
2020-03-11,2020031101021904,API,49,28,91,134.00,"12,194.00"
2020-03-11,2020031101022221,BARUN,41,6,69,94.00,"6,486.00"
2020-03-11,2020031101022212,BARUN,41,56,10,94.00,940.00
2020-03-11,2020031101021897,BFC,19,45,"1,000",103.00,"103,000.00"
2020-03-11,2020031101022235,BOKL,54,44,100,245.00,"24,500.00"
2020-03-11,2020031101022157,BOKL,32,26,50,244.00,"12,200.00"
2020-03-11,2020031101022156,BOKL,32,1,37,244.00,"9,028.00"
2020-03-11,2020031101022155,BOKL,32,48,82,244.00,"20,008.00"
2020-03-11,2020031101022011,BOKL,34,40,32,243.00,"7,776.00"
2020-03-11,2020031101022076,BPCL,52,32,50,353.00,"17,650.00"
2020-03-11,2020031101022075,BPCL,19,32,500,353.00,"176,500.00"
2020-03-11,2020031101022021,BPCL,53,13,10,354.00,"3,540.00"
2020-03-11,2020031101022204,CBBL,41,8,300,"1,052.00","315,600.00"
2020-03-11,2020031101022109,CBBL,42,8,200,"1,052.00","210,400.00"
2020-03-11,2020031101022041,CBBL,17,6,100,"1,050.00","105,000.00"
2020-03-11,2020031101022040,CBBL,17,44,100,"1,050.00","105,000.00"
2020-03-11,2020031101022039,CBBL,17,35,47,"1,050.00","49,350.00"
2020-03-11,2020031101022038,CBBL,17,5,90,"1,050.00","94,500.00"
2020-03-11,2020031101021990,CBBL,29,8,400,"1,049.00","419,600.00"
2020-03-11,2020031101022035,CCBL,26,45,185,184.00,"34,040.00"
2020-03-11,2020031101021969,CHCL,25,57,58,414.00,"24,012.00"
2020-03-11,2020031101021968,CHCL,25,57,10,412.00,"4,120.00"
2020-03-11,2020031101021967,CHCL,25,49,11,411.00,"4,521.00"
2020-03-11,2020031101021966,CHCL,25,57,30,411.00,"12,330.00"
2020-03-11,2020031101021965,CHCL,25,59,300,411.00,"123,300.00"
2020-03-11,2020031101021964,CHCL,25,17,100,411.00,"41,100.00"
2020-03-11,2020031101021892,CHCL,25,28,31,409.00,"12,679.00"
2020-03-11,2020031101021963,CHCL,25,16,25,410.00,"10,250.00"
2020-03-11,2020031101021962,CHCL,25,4,266,410.00,"109,060.00"
2020-03-11,2020031101021896,CHCL,25,4,234,410.00,"95,940.00"
2020-03-11,2020031101021895,CHCL,25,29,208,410.00,"85,280.00"
2020-03-11,2020031101021894,CHCL,25,32,10,410.00,"4,100.00"
2020-03-11,2020031101021893,CHCL,25,36,17,409.00,"6,953.00"
2020-03-11,2020031101022215,CIT,59,44,10,"2,690.00","26,900.00"
2020-03-11,2020031101022074,CIT,10,52,20,"2,699.00","53,980.00"
2020-03-11,2020031101022058,CLBSL,41,57,50,"1,110.00","55,500.00"
2020-03-11,2020031101022236,CORBL,43,58,100,129.00,"12,900.00"
2020-03-11,2020031101022030,CZBIL,44,40,17,201.00,"3,417.00"
2020-03-11,2020031101022092,DDBL,19,8,20,869.00,"17,380.00"
2020-03-11,2020031101022086,DDBL,59,8,10,869.00,"8,690.00"
2020-03-11,2020031101022227,EBL,25,25,10,730.00,"7,300.00"
2020-03-11,2020031101022226,EBL,56,25,100,730.00,"73,000.00"
2020-03-11,2020031101022225,EBL,56,25,50,730.00,"36,500.00"
2020-03-11,2020031101022224,EBL,21,25,40,730.00,"29,200.00"
2020-03-11,2020031101022077,EBL,57,43,500,734.00,"367,000.00"
2020-03-11,2020031101021747,EBL,38,44,100,734.00,"73,400.00"
2020-03-11,2020031101022084,EDBL,26,16,70,409.00,"28,630.00"
2020-03-11,2020031101022083,EDBL,45,16,80,409.00,"32,720.00"
2020-03-11,2020031101022053,EDBL,45,41,500,409.00,"204,500.00"
2020-03-11,2020031101022001,EDBL,22,37,200,410.00,"82,000.00"
2020-03-11,2020031101022087,EIC,54,59,200,407.00,"81,400.00"
2020-03-11,2020031101021759,EIC,19,41,500,407.00,"203,500.00"
2020-03-11,2020031101022223,GBIME,26,26,50,280.00,"14,000.00"
2020-03-11,2020031101022171,GBIME,52,26,80,280.00,"22,400.00"
2020-03-11,2020031101022170,GBIME,52,36,174,280.00,"48,720.00"
2020-03-11,2020031101022169,GBIME,52,28,746,279.00,"208,134.00"
2020-03-11,2020031101022133,GBIME,45,28,200,279.00,"55,800.00"
2020-03-11,2020031101022132,GBIME,41,28,54,279.00,"15,066.00"
2020-03-11,2020031101021826,GBIME,19,28,"1,000",279.00,"279,000.00"
2020-03-11,2020031101021825,GBIME,39,28,234,279.00,"65,286.00"
2020-03-11,2020031101021763,GBIME,22,14,200,280.00,"56,000.00"
2020-03-11,2020031101021855,GBIME,53,19,316,280.00,"88,480.00"
2020-03-11,2020031101021854,GBIME,53,48,600,280.00,"168,000.00"
2020-03-11,2020031101021853,GBIME,53,14,84,280.00,"23,520.00"
2020-03-11,2020031101021829,GBIME,41,28,146,279.00,"40,734.00"
2020-03-11,2020031101021828,GBIME,51,28,500,279.00,"139,500.00"
2020-03-11,2020031101021827,GBIME,13,28,20,279.00,"5,580.00"
2020-03-11,2020031101022130,GBIME,48,36,500,280.00,"140,000.00"
2020-03-11,2020031101022126,GBIME,53,36,326,280.00,"91,280.00"
2020-03-11,2020031101022125,GBIME,53,40,200,280.00,"56,000.00"
2020-03-11,2020031101022124,GBIME,53,49,200,280.00,"56,000.00"
2020-03-11,2020031101022123,GBIME,53,13,50,280.00,"14,000.00"
2020-03-11,2020031101022122,GBIME,53,19,224,280.00,"62,720.00"
2020-03-11,2020031101022033,GBLBS,52,44,100,510.00,"51,000.00"
2020-03-11,2020031101022032,GBLBS,38,44,100,510.00,"51,000.00"
2020-03-11,2020031101022031,GBLBS,54,44,30,510.00,"15,300.00"
2020-03-11,2020031101021851,GBLBS,35,44,450,512.00,"230,400.00"
2020-03-11,2020031101022141,GGBSL,35,44,10,800.00,"8,000.00"
2020-03-11,2020031101021888,GHL,1,8,20,68.00,"1,360.00"
2020-03-11,2020031101021862,GHL,1,22,30,67.00,"2,010.00"
2020-03-11,2020031101022088,GILB,45,38,78,"1,320.00","102,960.00"
2020-03-11,2020031101021822,GILB,44,38,13,"1,320.00","17,160.00"
2020-03-11,2020031101022013,GLBSL,45,6,10,667.00,"6,670.00"
2020-03-11,2020031101022061,GLICL,5,43,500,475.00,"237,500.00"
2020-03-11,2020031101022060,GLICL,5,45,40,475.00,"19,000.00"
2020-03-11,2020031101021991,GLICL,32,45,130,474.00,"61,620.00"
2020-03-11,2020031101021773,GLICL,56,45,50,474.00,"23,700.00"
2020-03-11,2020031101021754,GLICL,1,45,20,474.00,"9,480.00"
2020-03-11,2020031101021983,GMFBS,10,17,230,847.00,"194,810.00"
2020-03-11,2020031101022183,HDHPC,22,45,20,97.00,"1,940.00"
2020-03-11,2020031101021952,HDL,45,54,150,"1,555.00","233,250.00"
2020-03-11,2020031101021951,HDL,37,54,200,"1,557.00","311,400.00"
2020-03-11,2020031101021950,HDL,36,54,50,"1,558.00","77,900.00"
2020-03-11,2020031101021949,HDL,25,54,100,"1,559.00","155,900.00"
2020-03-11,2020031101021874,HDL,42,53,300,"1,560.00","468,000.00"
2020-03-11,2020031101021873,HDL,33,53,50,"1,560.00","78,000.00"
2020-03-11,2020031101021811,HDL,36,53,100,"1,573.00","157,300.00"
2020-03-11,2020031101021810,HDL,28,53,100,"1,573.00","157,300.00"
2020-03-11,2020031101021809,HDL,43,53,20,"1,573.00","31,460.00"
2020-03-11,2020031101021793,HDL,37,14,10,"1,590.00","15,900.00"
2020-03-11,2020031101021817,HDL,38,53,75,"1,570.00","117,750.00"
2020-03-11,2020031101021816,HDL,14,53,100,"1,570.00","157,000.00"
2020-03-11,2020031101021815,HDL,47,53,150,"1,570.00","235,500.00"
2020-03-11,2020031101021814,HDL,57,53,119,"1,570.00","186,830.00"
2020-03-11,2020031101021813,HDL,55,53,50,"1,571.00","78,550.00"
2020-03-11,2020031101021812,HDL,51,53,20,"1,572.00","31,440.00"
2020-03-11,2020031101021872,HDL,33,53,50,"1,560.00","78,000.00"
2020-03-11,2020031101021871,HDL,42,53,100,"1,560.00","156,000.00"
2020-03-11,2020031101021870,HDL,14,53,259,"1,561.00","404,299.00"
2020-03-11,2020031101021820,HDL,14,53,41,"1,561.00","64,001.00"
2020-03-11,2020031101021819,HDL,51,53,200,"1,561.00","312,200.00"
2020-03-11,2020031101021818,HDL,39,53,25,"1,567.00","39,175.00"
2020-03-11,2020031101021868,HGI,29,7,160,416.00,"66,560.00"
2020-03-11,2020031101021867,HGI,29,7,580,416.00,"241,280.00"
2020-03-11,2020031101021866,HGI,29,6,160,415.00,"66,400.00"
2020-03-11,2020031101021865,HGI,29,11,100,414.00,"41,400.00"
2020-03-11,2020031101022237,HIDCL,10,7,10,140.00,"1,400.00"
2020-03-11,2020031101022036,HPPL,1,45,10,143.00,"1,430.00"
2020-03-11,2020031101021800,HURJA,19,39,460,103.00,"47,380.00"
2020-03-11,2020031101021768,ICFC,19,6,500,185.00,"92,500.00"
2020-03-11,2020031101022112,ILBS,59,20,40,774.00,"30,960.00"
2020-03-11,2020031101022111,ILBS,59,11,10,770.00,"7,700.00"
2020-03-11,2020031101022090,ILBS,36,7,10,761.00,"7,610.00"
2020-03-11,2020031101022139,JBBL,16,34,500,189.00,"94,500.00"
2020-03-11,2020031101022138,JBBL,16,25,"1,000",189.00,"189,000.00"
2020-03-11,2020031101022137,JBBL,16,25,115,189.00,"21,735.00"
2020-03-11,2020031101021997,JBBL,16,21,58,187.00,"10,846.00"
2020-03-11,2020031101021993,KBL,32,45,100,208.00,"20,800.00"
2020-03-11,2020031101021957,KBL,49,45,312,208.00,"64,896.00"
2020-03-11,2020031101021956,KBL,49,43,688,208.00,"143,104.00"
2020-03-11,2020031101021760,KBL,33,49,158,207.00,"32,706.00"
2020-03-11,2020031101022115,KMCDB,44,35,10,886.00,"8,860.00"
2020-03-11,2020031101022069,KMCDB,44,20,10,892.00,"8,920.00"
2020-03-11,2020031101022051,KMCDB,59,7,326,900.00,"293,400.00"
2020-03-11,2020031101022014,KMCDB,59,20,10,900.00,"9,000.00"
2020-03-11,2020031101021986,KMCDB,44,20,10,892.00,"8,920.00"
2020-03-11,2020031101021982,KMCDB,44,29,10,892.00,"8,920.00"
2020-03-11,2020031101021782,KMCDB,44,20,10,886.00,"8,860.00"
2020-03-11,2020031101021942,KMCDB,59,20,10,891.00,"8,910.00"
2020-03-11,2020031101021901,KMCDB,59,20,10,891.00,"8,910.00"
2020-03-11,2020031101021843,KMCDB,59,26,10,891.00,"8,910.00"
2020-03-11,2020031101021842,KMCDB,59,57,14,891.00,"12,474.00"
2020-03-11,2020031101022177,KPCL,38,54,10,108.00,"1,080.00"
2020-03-11,2020031101021792,KPCL,1,11,10,108.00,"1,080.00"
2020-03-11,2020031101021791,KPCL,1,20,10,108.00,"1,080.00"
2020-03-11,2020031101021790,KPCL,1,56,10,108.00,"1,080.00"
2020-03-11,2020031101022117,KRBL,38,56,157,114.00,"17,898.00"
2020-03-11,2020031101021883,KSBBL,52,33,50,168.00,"8,400.00"
2020-03-11,2020031101022220,LBBL,48,42,100,193.00,"19,300.00"
2020-03-11,2020031101022065,LBBL,38,40,117,192.00,"22,464.00"
2020-03-11,2020031101022018,LBBL,28,25,"1,000",193.00,"193,000.00"
2020-03-11,2020031101021884,LBBL,28,54,"1,000",193.00,"193,000.00"
2020-03-11,2020031101022094,LBL,32,40,22,228.00,"5,016.00"
2020-03-11,2020031101021789,LBL,14,29,191,227.00,"43,357.00"
2020-03-11,2020031101022009,LGIL,41,14,100,480.00,"48,000.00"
2020-03-11,2020031101022108,LICN,25,13,10,"1,428.00","14,280.00"
2020-03-11,2020031101022059,LICN,26,28,163,"1,425.00","232,275.00"
2020-03-11,2020031101021948,LICN,22,22,137,"1,420.00","194,540.00"
2020-03-11,2020031101022116,MDB,17,22,50,369.00,"18,450.00"
2020-03-11,2020031101022044,MDB,14,22,24,369.00,"8,856.00"
2020-03-11,2020031101021947,MDB,14,6,76,369.00,"28,044.00"
2020-03-11,2020031101021946,MDB,40,6,24,369.00,"8,856.00"
2020-03-11,2020031101022211,MEGA,41,56,300,227.00,"68,100.00"
2020-03-11,2020031101022209,MEGA,28,56,500,227.00,"113,500.00"
2020-03-11,2020031101022201,MEGA,59,56,700,227.00,"158,900.00"
2020-03-11,2020031101022194,MEGA,28,56,100,227.00,"22,700.00"
2020-03-11,2020031101021941,MEGA,43,56,10,227.00,"2,270.00"
2020-03-11,2020031101021861,MEGA,36,33,676,226.00,"152,776.00"
2020-03-11,2020031101021860,MEGA,19,33,300,226.00,"67,800.00"
2020-03-11,2020031101021859,MEGA,1,33,24,226.00,"5,424.00"
2020-03-11,2020031101022095,MEGA,45,56,"1,000",227.00,"227,000.00"
2020-03-11,2020031101022022,MEGA,32,56,500,227.00,"113,500.00"
2020-03-11,2020031101022231,MFIL,52,45,100,292.00,"29,200.00"
2020-03-11,2020031101022230,MFIL,52,6,199,292.00,"58,108.00"
2020-03-11,2020031101022229,MFIL,52,35,500,292.00,"146,000.00"
2020-03-11,2020031101022228,MFIL,52,33,500,292.00,"146,000.00"
2020-03-11,2020031101021926,MFIL,40,45,"1,000",290.00,"290,000.00"
2020-03-11,2020031101021756,MFIL,49,49,"15,000",286.00,"4,290,000.00"
2020-03-11,2020031101021850,MLBBL,36,47,21,758.00,"15,918.00"
2020-03-11,2020031101021849,MLBBL,36,37,40,754.00,"30,160.00"
2020-03-11,2020031101021848,MLBBL,36,19,50,754.00,"37,700.00"
2020-03-11,2020031101021927,MLBL,21,48,10,222.00,"2,220.00"
2020-03-11,2020031101021945,MNBBL,36,14,300,334.00,"100,200.00"
2020-03-11,2020031101021944,MNBBL,36,16,300,334.00,"100,200.00"
2020-03-11,2020031101021943,MNBBL,36,13,200,334.00,"66,800.00"
2020-03-11,2020031101021913,MNBBL,57,57,42,333.00,"13,986.00"
2020-03-11,2020031101021821,MNBBL,57,57,10,333.00,"3,330.00"
2020-03-11,2020031101021807,MNBBL,4,57,448,333.00,"149,184.00"
2020-03-11,2020031101021806,MNBBL,4,16,"1,030",333.00,"342,990.00"
2020-03-11,2020031101021805,MNBBL,4,58,22,333.00,"7,326.00"
2020-03-11,2020031101022193,NABIL,45,45,50,813.00,"40,650.00"
2020-03-11,2020031101021961,NABIL,1,44,13,810.00,"10,530.00"
2020-03-11,2020031101021960,NABIL,1,44,456,810.00,"369,360.00"
2020-03-11,2020031101021864,NABIL,48,44,144,810.00,"116,640.00"
2020-03-11,2020031101021761,NABIL,48,44,56,810.00,"45,360.00"
2020-03-11,2020031101021755,NABIL,54,44,70,810.00,"56,700.00"
2020-03-11,2020031101021933,NADEP,17,59,100,662.00,"66,200.00"
2020-03-11,2020031101021887,NADEP,17,28,80,660.00,"52,800.00"
2020-03-11,2020031101021886,NADEP,17,20,23,659.00,"15,157.00"
2020-03-11,2020031101021885,NADEP,17,33,13,659.00,"8,567.00"
2020-03-11,2020031101022147,NBB,58,11,14,224.00,"3,136.00"
2020-03-11,2020031101022146,NBB,58,33,100,223.00,"22,300.00"
2020-03-11,2020031101022145,NBB,58,6,100,223.00,"22,300.00"
2020-03-11,2020031101022144,NBB,58,58,686,223.00,"152,978.00"
2020-03-11,2020031101022143,NBB,58,34,500,223.00,"111,500.00"
2020-03-11,2020031101022142,NBB,58,14,500,222.00,"111,000.00"
2020-03-11,2020031101021919,NBB,35,17,100,220.00,"22,000.00"
2020-03-11,2020031101021918,NBB,35,33,"2,571",220.00,"565,620.00"
2020-03-11,2020031101021882,NBB,51,33,244,220.00,"53,680.00"
2020-03-11,2020031101021881,NBB,51,42,256,220.00,"56,320.00"
2020-03-11,2020031101021940,NBB,58,16,88,221.00,"19,448.00"
2020-03-11,2020031101021939,NBB,58,42,200,221.00,"44,200.00"
2020-03-11,2020031101021938,NBB,58,57,"1,341",221.00,"296,361.00"
2020-03-11,2020031101021937,NBB,58,29,171,220.00,"37,620.00"
2020-03-11,2020031101021921,NBB,35,29,229,220.00,"50,380.00"
2020-03-11,2020031101021920,NBB,35,26,100,220.00,"22,000.00"
2020-03-11,2020031101021971,NBL,33,28,"1,800",280.00,"504,000.00"
2020-03-11,2020031101021930,NBL,33,45,200,280.00,"56,000.00"
2020-03-11,2020031101022216,NIB,22,11,150,418.00,"62,700.00"
2020-03-11,2020031101022168,NIB,45,11,348,418.00,"145,464.00"
2020-03-11,2020031101022167,NIB,45,57,80,418.00,"33,440.00"
2020-03-11,2020031101022166,NIB,45,7,20,418.00,"8,360.00"
2020-03-11,2020031101022165,NIB,45,45,196,417.00,"81,732.00"
2020-03-11,2020031101022164,NIB,45,25,500,417.00,"208,500.00"
2020-03-11,2020031101022163,NIB,45,32,50,415.00,"20,750.00"
2020-03-11,2020031101022162,NIB,45,8,306,415.00,"126,990.00"
2020-03-11,2020031101022214,NICA,21,26,50,567.00,"28,350.00"
2020-03-11,2020031101022213,NICA,21,28,150,567.00,"85,050.00"
2020-03-11,2020031101022178,NICA,6,28,880,566.00,"498,080.00"
2020-03-11,2020031101022057,NICA,39,28,50,567.00,"28,350.00"
2020-03-11,2020031101022042,NICA,52,28,300,567.00,"170,100.00"
2020-03-11,2020031101022010,NICA,6,28,880,566.00,"498,080.00"
2020-03-11,2020031101021996,NICA,21,22,311,565.00,"175,715.00"
2020-03-11,2020031101021995,NICA,35,22,10,565.00,"5,650.00"
2020-03-11,2020031101021994,NICA,47,22,179,565.00,"101,135.00"
2020-03-11,2020031101021796,NICA,57,28,500,566.00,"283,000.00"
2020-03-11,2020031101021746,NICA,47,39,200,565.00,"113,000.00"
2020-03-11,2020031101022023,NICL,58,25,500,458.00,"229,000.00"
2020-03-11,2020031101022175,NIL,57,19,300,579.00,"173,700.00"
2020-03-11,2020031101022173,NIL,40,19,75,583.00,"43,725.00"
2020-03-11,2020031101022000,NIL,35,19,100,583.00,"58,300.00"
2020-03-11,2020031101022149,NLBBL,59,45,10,755.00,"7,550.00"
2020-03-11,2020031101022148,NLBBL,41,45,68,755.00,"51,340.00"
2020-03-11,2020031101021786,NLBBL,41,42,120,755.00,"90,600.00"
2020-03-11,2020031101021785,NLBBL,41,42,400,754.00,"301,600.00"
2020-03-11,2020031101021784,NLBBL,41,6,262,754.00,"197,548.00"
2020-03-11,2020031101021783,NLBBL,41,19,150,750.00,"112,500.00"
2020-03-11,2020031101021903,NLG,7,41,200,640.00,"128,000.00"
2020-03-11,2020031101021775,NLG,33,26,200,639.00,"127,800.00"
2020-03-11,2020031101021774,NLG,33,42,60,639.00,"38,340.00"
2020-03-11,2020031101021980,NLIC,39,34,50,"1,210.00","60,500.00"
2020-03-11,2020031101021978,NLIC,49,34,10,"1,210.00","12,100.00"
2020-03-11,2020031101021974,NLIC,21,34,100,"1,210.00","121,000.00"
2020-03-11,2020031101021973,NLIC,14,34,50,"1,210.00","60,500.00"
2020-03-11,2020031101021972,NLIC,40,34,79,"1,210.00","95,590.00"
2020-03-11,2020031101021900,NLIC,40,42,21,"1,210.00","25,410.00"
2020-03-11,2020031101021899,NLIC,49,42,30,"1,210.00","36,300.00"
2020-03-11,2020031101021878,NLIC,51,14,50,"1,212.00","60,600.00"
2020-03-11,2020031101021795,NLIC,16,14,75,"1,212.00","90,900.00"
2020-03-11,2020031101021794,NLIC,16,17,125,"1,212.00","151,500.00"
2020-03-11,2020031101021743,NLIC,43,17,50,"1,212.00","60,600.00"
2020-03-11,2020031101021935,NLICL,45,14,300,703.00,"210,900.00"
2020-03-11,2020031101021934,NLICL,45,44,50,703.00,"35,150.00"
2020-03-11,2020031101021857,NLICL,45,44,50,703.00,"35,150.00"
2020-03-11,2020031101021856,NLICL,45,26,100,703.00,"70,300.00"
2020-03-11,2020031101022128,NMB,19,40,22,448.00,"9,856.00"
2020-03-11,2020031101022079,NMB,45,13,"2,000",449.00,"898,000.00"
2020-03-11,2020031101022078,NMB,45,28,500,449.00,"224,500.00"
2020-03-11,2020031101021975,NMB,40,10,106,447.00,"47,382.00"
2020-03-11,2020031101021909,NMB,16,10,100,448.00,"44,800.00"
2020-03-11,2020031101021908,NMB,13,10,50,448.00,"22,400.00"
2020-03-11,2020031101021777,NMB,1,16,14,448.00,"6,272.00"
2020-03-11,2020031101021776,NMB,57,13,500,449.00,"224,500.00"
2020-03-11,2020031101021907,NMB,4,10,"1,000",448.00,"448,000.00"
2020-03-11,2020031101021906,NMB,4,10,944,448.00,"422,912.00"
2020-03-11,2020031101021905,NMB,59,10,500,448.00,"224,000.00"
2020-03-11,2020031101021831,NMB,58,28,500,449.00,"224,500.00"
2020-03-11,2020031101021779,NMB,4,16,56,448.00,"25,088.00"
2020-03-11,2020031101021778,NMB,45,16,30,448.00,"13,440.00"
2020-03-11,2020031101022052,NMBMF,14,8,30,834.00,"25,020.00"
2020-03-11,2020031101022007,NMBMF,21,4,300,830.00,"249,000.00"
2020-03-11,2020031101022006,NMBMF,21,4,130,830.00,"107,900.00"
2020-03-11,2020031101022005,NMBMF,21,25,103,829.00,"85,387.00"
2020-03-11,2020031101021970,NSEWA,6,43,10,772.00,"7,720.00"
2020-03-11,2020031101022217,NUBL,34,47,100,"1,009.00","100,900.00"
2020-03-11,2020031101022181,OHL,42,42,20,419.00,"8,380.00"
2020-03-11,2020031101022180,OHL,42,35,150,418.00,"62,700.00"
2020-03-11,2020031101022179,OHL,42,1,200,416.00,"83,200.00"
2020-03-11,2020031101022222,PCBL,14,45,10,298.00,"2,980.00"
2020-03-11,2020031101022185,PCBL,49,45,350,298.00,"104,300.00"
2020-03-11,2020031101022184,PCBL,49,34,150,297.00,"44,550.00"
2020-03-11,2020031101022159,PCBL,49,13,321,297.00,"95,337.00"
2020-03-11,2020031101022118,PCBL,49,13,"1,000",297.00,"297,000.00"
2020-03-11,2020031101022099,PCBL,6,13,200,297.00,"59,400.00"
2020-03-11,2020031101021745,PCBL,17,29,100,298.00,"29,800.00"
2020-03-11,2020031101022019,PCBL,40,13,500,297.00,"148,500.00"
2020-03-11,2020031101021954,PCBL,58,45,100,298.00,"29,800.00"
2020-03-11,2020031101021917,PCBL,38,45,40,298.00,"11,920.00"
2020-03-11,2020031101021916,PCBL,38,29,50,298.00,"14,900.00"
2020-03-11,2020031101021877,PCBL,49,29,500,298.00,"149,000.00"
2020-03-11,2020031101021803,PCBL,22,29,200,298.00,"59,600.00"
2020-03-11,2020031101022233,PICL,45,49,150,472.00,"70,800.00"
2020-03-11,2020031101021788,PLIC,43,29,80,605.00,"48,400.00"
2020-03-11,2020031101021787,PLIC,43,34,50,604.00,"30,200.00"
2020-03-11,2020031101021744,PLIC,22,34,50,604.00,"30,200.00"
2020-03-11,2020031101022037,PMHPL,59,29,10,79.00,790.00
2020-03-11,2020031101022091,PRIN,48,36,100,444.00,"44,400.00"
2020-03-11,2020031101022004,PRIN,29,36,10,444.00,"4,440.00"
2020-03-11,2020031101021808,PRIN,29,14,190,444.00,"84,360.00"
2020-03-11,2020031101021841,PROFL,6,49,77,109.00,"8,393.00"
2020-03-11,2020031101021923,PRVU,4,6,240,252.00,"60,480.00"
2020-03-11,2020031101021922,PRVU,4,10,40,252.00,"10,080.00"
2020-03-11,2020031101021902,RBCL,21,45,10,"10,100.00","101,000.00"
2020-03-11,2020031101022043,RBCLPO,53,7,20,"8,925.00","178,500.00"
2020-03-11,2020031101021928,RHPC,49,29,20,86.00,"1,720.00"
2020-03-11,2020031101022202,RHPL,22,21,30,157.00,"4,710.00"
2020-03-11,2020031101022176,RHPL,22,21,30,157.00,"4,710.00"
2020-03-11,2020031101022161,RHPL,38,38,40,158.00,"6,320.00"
2020-03-11,2020031101022107,RHPL,22,21,30,157.00,"4,710.00"
2020-03-11,2020031101021998,RHPL,22,21,30,157.00,"4,710.00"
2020-03-11,2020031101021979,RHPL,22,21,30,157.00,"4,710.00"
2020-03-11,2020031101021955,RHPL,22,21,30,157.00,"4,710.00"
2020-03-11,2020031101021780,RHPL,22,21,30,157.00,"4,710.00"
2020-03-11,2020031101022192,RMDC,16,45,20,735.00,"14,700.00"
2020-03-11,2020031101022106,RMDC,47,45,100,735.00,"73,500.00"
2020-03-11,2020031101022064,RMDC,37,45,148,735.00,"108,780.00"
2020-03-11,2020031101022063,RMDC,37,34,252,734.00,"184,968.00"
2020-03-11,2020031101022062,RMDC,37,44,300,732.00,"219,600.00"
2020-03-11,2020031101021981,RMDC,14,45,500,735.00,"367,500.00"
2020-03-11,2020031101021767,RMDC,51,37,100,734.00,"73,400.00"
2020-03-11,2020031101022056,RSDC,45,45,100,518.00,"51,800.00"
2020-03-11,2020031101022055,RSDC,45,28,50,518.00,"25,900.00"
2020-03-11,2020031101021985,RSDC,39,28,61,518.00,"31,598.00"
2020-03-11,2020031101021984,RSDC,39,50,50,517.00,"25,850.00"
2020-03-11,2020031101021852,RSDC,37,50,100,517.00,"51,700.00"
2020-03-11,2020031101022067,SABSL,52,44,342,830.00,"283,860.00"
2020-03-11,2020031101022050,SABSL,51,44,10,830.00,"8,300.00"
2020-03-11,2020031101022027,SABSL,10,59,11,829.00,"9,119.00"
2020-03-11,2020031101021804,SABSL,7,11,30,820.00,"24,600.00"
2020-03-11,2020031101021781,SABSL,7,34,305,815.00,"248,575.00"
2020-03-11,2020031101021801,SADBL,59,4,35,163.00,"5,705.00"
2020-03-11,2020031101021766,SADBL,59,4,60,163.00,"9,780.00"
2020-03-11,2020031101021765,SADBL,25,4,50,163.00,"8,150.00"
2020-03-11,2020031101021764,SADBL,34,4,840,163.00,"136,920.00"
2020-03-11,2020031101022045,SANIMA,14,56,"2,980",363.00,"1,081,740.00"
2020-03-11,2020031101021924,SANIMA,14,35,20,363.00,"7,260.00"
2020-03-11,2020031101021915,SANIMA,14,33,800,363.00,"290,400.00"
2020-03-11,2020031101021914,SANIMA,14,58,"1,200",363.00,"435,600.00"
2020-03-11,2020031101021891,SANIMA,36,58,800,363.00,"290,400.00"
2020-03-11,2020031101021890,SANIMA,36,44,"1,000",362.00,"362,000.00"
2020-03-11,2020031101021889,SANIMA,36,34,"2,200",361.00,"794,200.00"
2020-03-11,2020031101021824,SANIMA,50,34,200,361.00,"72,200.00"
2020-03-11,2020031101021875,SBL,58,52,74,325.00,"24,050.00"
2020-03-11,2020031101021758,SBL,58,52,50,325.00,"16,250.00"
2020-03-11,2020031101021741,SBL,58,57,880,325.00,"286,000.00"
2020-03-11,2020031101021740,SBL,58,42,20,325.00,"6,500.00"
2020-03-11,2020031101021739,SBL,58,36,200,325.00,"65,000.00"
2020-03-11,2020031101021738,SBL,58,6,276,325.00,"89,700.00"
2020-03-11,2020031101022172,SCB,49,21,10,693.00,"6,930.00"
2020-03-11,2020031101021911,SCB,49,45,130,694.00,"90,220.00"
2020-03-11,2020031101021910,SCB,49,32,200,694.00,"138,800.00"
2020-03-11,2020031101021802,SCB,13,28,100,693.00,"69,300.00"
2020-03-11,2020031101022234,SHL,10,51,295,179.00,"52,805.00"
2020-03-11,2020031101022208,SHPC,47,39,"3,490",220.00,"767,800.00"
2020-03-11,2020031101022207,SHPC,47,26,100,220.00,"22,000.00"
2020-03-11,2020031101022206,SHPC,47,34,500,220.00,"110,000.00"
2020-03-11,2020031101022205,SHPC,47,16,910,219.00,"199,290.00"
2020-03-11,2020031101021959,SHPC,11,16,90,219.00,"19,710.00"
2020-03-11,2020031101021958,SHPC,11,42,10,219.00,"2,190.00"
2020-03-11,2020031101022174,SICL,10,10,20,950.00,"19,000.00"
2020-03-11,2020031101022140,SICL,21,10,15,950.00,"14,250.00"
2020-03-11,2020031101022131,SICL,4,10,100,950.00,"95,000.00"
2020-03-11,2020031101022105,SICL,22,10,500,950.00,"475,000.00"
2020-03-11,2020031101022097,SICL,32,10,100,950.00,"95,000.00"
2020-03-11,2020031101022096,SICL,25,10,60,950.00,"57,000.00"
2020-03-11,2020031101021869,SICL,1,10,100,950.00,"95,000.00"
2020-03-11,2020031101021823,SICL,21,10,70,950.00,"66,500.00"
2020-03-11,2020031101021798,SICL,59,10,100,950.00,"95,000.00"
2020-03-11,2020031101021757,SICL,59,10,10,950.00,"9,500.00"
2020-03-11,2020031101022002,SICL,5,10,50,950.00,"47,500.00"
2020-03-11,2020031101021999,SICL,28,10,100,950.00,"95,000.00"
2020-03-11,2020031101021987,SICL,55,10,55,950.00,"52,250.00"
2020-03-11,2020031101021932,SICL,1,10,200,950.00,"190,000.00"
2020-03-11,2020031101021931,SICL,41,10,50,950.00,"47,500.00"
2020-03-11,2020031101022089,SICL,11,10,100,950.00,"95,000.00"
2020-03-11,2020031101022082,SICL,52,10,150,950.00,"142,500.00"
2020-03-11,2020031101022081,SICL,21,10,200,950.00,"190,000.00"
2020-03-11,2020031101022026,SICL,28,10,100,950.00,"95,000.00"
2020-03-11,2020031101022015,SICL,25,10,500,950.00,"475,000.00"
2020-03-11,2020031101022012,SICL,45,10,180,950.00,"171,000.00"
2020-03-11,2020031101022029,SIL,38,4,"1,400",555.00,"777,000.00"
2020-03-11,2020031101021830,SIL,5,44,285,554.00,"157,890.00"
2020-03-11,2020031101021771,SIL,38,38,200,553.00,"110,600.00"
2020-03-11,2020031101021770,SIL,38,51,500,553.00,"276,500.00"
2020-03-11,2020031101021769,SIL,38,58,180,553.00,"99,540.00"
2020-03-11,2020031101022218,SJCL,38,21,20,151.00,"3,020.00"
2020-03-11,2020031101022121,SJCL,34,21,20,150.00,"3,000.00"
2020-03-11,2020031101021912,SJCL,34,21,20,150.00,"3,000.00"
2020-03-11,2020031101021879,SJCL,34,21,20,150.00,"3,000.00"
2020-03-11,2020031101022098,SJCL,34,21,20,150.00,"3,000.00"
2020-03-11,2020031101022080,SJCL,34,21,20,150.00,"3,000.00"
2020-03-11,2020031101022054,SJCL,34,21,20,150.00,"3,000.00"
2020-03-11,2020031101022025,SJCL,34,21,20,150.00,"3,000.00"
2020-03-11,2020031101022232,SKBBL,35,8,240,"1,145.00","274,800.00"
2020-03-11,2020031101022188,SKBBL,39,58,100,"1,144.00","114,400.00"
2020-03-11,2020031101022093,SKBBL,35,14,100,"1,142.00","114,200.00"
2020-03-11,2020031101022068,SKBBL,28,22,200,"1,143.00","228,600.00"
2020-03-11,2020031101022028,SKBBL,19,8,100,"1,145.00","114,500.00"
2020-03-11,2020031101021992,SKBBL,17,8,50,"1,145.00","57,250.00"
2020-03-11,2020031101021898,SKBBL,59,8,10,"1,145.00","11,450.00"
2020-03-11,2020031101022160,SLBBL,10,16,186,894.00,"166,284.00"
2020-03-11,2020031101022200,SLICL,21,16,123,460.00,"56,580.00"
2020-03-11,2020031101022199,SLICL,57,16,61,460.00,"28,060.00"
2020-03-11,2020031101022186,SLICL,57,46,109,460.00,"50,140.00"
2020-03-11,2020031101022151,SLICL,14,46,86,460.00,"39,560.00"
2020-03-11,2020031101022150,SLICL,14,53,14,460.00,"6,440.00"
2020-03-11,2020031101022136,SLICL,21,53,86,460.00,"39,560.00"
2020-03-11,2020031101022135,SLICL,21,49,164,460.00,"75,440.00"
2020-03-11,2020031101022110,SLICL,26,49,100,460.00,"46,000.00"
2020-03-11,2020031101022016,SLICL,44,49,12,460.00,"5,520.00"
2020-03-11,2020031101021976,SLICL,49,59,737,459.00,"338,283.00"
2020-03-11,2020031101021936,SLICL,13,32,250,458.00,"114,500.00"
2020-03-11,2020031101021876,SLICL,13,32,300,458.00,"137,400.00"
2020-03-11,2020031101021840,SMATA,16,22,10,745.00,"7,450.00"
2020-03-11,2020031101021839,SMATA,16,32,10,735.00,"7,350.00"
2020-03-11,2020031101022024,SMFBS,34,6,10,"1,086.00","10,860.00"
2020-03-11,2020031101021772,SMFBS,34,45,10,"1,065.00","10,650.00"
2020-03-11,2020031101021988,SRBL,50,41,40,267.00,"10,680.00"
2020-03-11,2020031101022066,TRH,55,46,200,264.00,"52,800.00"
2020-03-11,2020031101022129,UIC,45,36,100,376.00,"37,600.00"
2020-03-11,2020031101022104,UIC,58,36,510,376.00,"191,760.00"
2020-03-11,2020031101022103,UIC,58,17,200,376.00,"75,200.00"
2020-03-11,2020031101022102,UIC,58,43,150,376.00,"56,400.00"
2020-03-11,2020031101022101,UIC,58,45,10,376.00,"3,760.00"
2020-03-11,2020031101022100,UIC,58,52,130,374.00,"48,620.00"
2020-03-11,2020031101022085,UIC,45,52,20,374.00,"7,480.00"
2020-03-11,2020031101022008,UIC,29,43,250,375.00,"93,750.00"
2020-03-11,2020031101021799,UIC,26,35,50,374.00,"18,700.00"
2020-03-11,2020031101022034,UNHPL,45,1,50,60.00,"3,000.00"
2020-03-11,2020031101022210,VLBS,47,56,155,"1,035.00","160,425.00"
2020-03-11,2020031101022127,VLBS,47,56,35,"1,035.00","36,225.00"
2020-03-11,2020031101021977,VLBS,47,42,20,"1,032.00","20,640.00"
2020-03-11,2020031101021880,VLBS,47,42,25,"1,032.00","25,800.00"
2020-03-11,2020031101021797,VLBS,47,42,30,"1,032.00","30,960.00"
2020-03-11,2020031101021762,VLBS,47,42,20,"1,032.00","20,640.00"
2020-03-11,2020031101022154,WOMI,55,33,30,"1,085.00","32,550.00"
2020-03-11,2020031101022153,WOMI,55,25,10,"1,081.00","10,810.00"
2020-03-11,2020031101022152,WOMI,55,29,60,"1,080.00","64,800.00"
2020-03-11,2020031101021989,WOMI,11,45,32,"1,079.00","34,528.00"
2020-03-11,2020031101021929,WOMI,41,49,30,"1,062.00","31,860.00"
2020-03-11,2020031101021863,WOMI,35,35,63,"1,075.00","67,725.00"
2020-03-11,2020031101021362,ADBL,1,16,404,406.00,"164,024.00"
2020-03-11,2020031101021361,ADBL,1,7,96,405.00,"38,880.00"
2020-03-11,2020031101021349,ADBL,46,7,10,405.00,"4,050.00"
2020-03-11,2020031101021642,AKPL,35,56,"2,000",121.00,"242,000.00"
2020-03-11,2020031101021280,AKPL,13,56,"1,000",120.00,"120,000.00"
2020-03-11,2020031101021259,AKPL,25,56,200,120.00,"24,000.00"
2020-03-11,2020031101021258,AKPL,52,56,100,120.00,"12,000.00"
2020-03-11,2020031101021250,AKPL,41,26,10,122.00,"1,220.00"
2020-03-11,2020031101021539,ALBSL,14,44,23,710.00,"16,330.00"
2020-03-11,2020031101021271,ALBSL,51,13,13,710.00,"9,230.00"
2020-03-11,2020031101021270,ALBSL,51,48,57,710.00,"40,470.00"
2020-03-11,2020031101021565,ALICL,29,53,100,582.00,"58,200.00"
2020-03-11,2020031101021564,ALICL,29,59,100,582.00,"58,200.00"
2020-03-11,2020031101021441,ALICL,58,26,100,581.00,"58,100.00"
2020-03-11,2020031101021440,ALICL,58,25,10,581.00,"5,810.00"
2020-03-11,2020031101021430,ALICL,32,38,200,580.00,"116,000.00"
2020-03-11,2020031101021389,ALICL,32,34,100,580.00,"58,000.00"
2020-03-11,2020031101021388,ALICL,32,32,200,580.00,"116,000.00"
2020-03-11,2020031101021307,ALICL,32,47,500,579.00,"289,500.00"
2020-03-11,2020031101021637,API,49,34,808,133.00,"107,464.00"
2020-03-11,2020031101021570,API,53,28,100,134.00,"13,400.00"
2020-03-11,2020031101021569,API,53,25,200,134.00,"26,800.00"
2020-03-11,2020031101021417,API,49,17,"1,000",133.00,"133,000.00"
2020-03-11,2020031101021416,API,49,25,450,133.00,"59,850.00"
2020-03-11,2020031101021354,API,25,25,50,133.00,"6,650.00"
2020-03-11,2020031101021274,BBC,34,37,10,"1,814.00","18,140.00"
2020-03-11,2020031101021511,BOKL,32,26,67,243.00,"16,281.00"
2020-03-11,2020031101021290,BOKL,33,26,30,242.00,"7,260.00"
2020-03-11,2020031101021289,BOKL,11,26,50,242.00,"12,100.00"
2020-03-11,2020031101021621,CBBL,39,54,40,"1,045.00","41,800.00"
2020-03-11,2020031101021431,CBBL,16,43,50,"1,050.00","52,500.00"
2020-03-11,2020031101021355,CBBL,39,43,270,"1,048.00","282,960.00"
2020-03-11,2020031101021351,CCBL,13,6,200,183.00,"36,600.00"
2020-03-11,2020031101021656,CHCL,25,32,100,408.00,"40,800.00"
2020-03-11,2020031101021386,CHCL,16,38,145,407.00,"59,015.00"
2020-03-11,2020031101021335,CHCL,16,38,100,407.00,"40,700.00"
2020-03-11,2020031101021286,CHCL,16,58,200,407.00,"81,400.00"
2020-03-11,2020031101021580,CHL,51,8,31,91.00,"2,821.00"
2020-03-11,2020031101021241,CLBSL,16,57,89,"1,110.00","98,790.00"
2020-03-11,2020031101021240,CLBSL,16,14,100,"1,110.00","111,000.00"
2020-03-11,2020031101021239,CLBSL,16,22,11,"1,110.00","12,210.00"
2020-03-11,2020031101021617,CZBIL,44,48,32,201.00,"6,432.00"
2020-03-11,2020031101021397,CZBIL,44,57,100,201.00,"20,100.00"
2020-03-11,2020031101021350,DDBL,7,10,100,870.00,"87,000.00"
2020-03-11,2020031101021479,EBL,41,11,100,734.00,"73,400.00"
2020-03-11,2020031101021459,EBL,22,11,30,728.00,"21,840.00"
2020-03-11,2020031101021334,EBL,22,54,50,734.00,"36,700.00"
2020-03-11,2020031101021333,EBL,22,42,200,734.00,"146,800.00"
2020-03-11,2020031101021332,EBL,22,32,100,733.00,"73,300.00"
2020-03-11,2020031101021331,EBL,22,20,100,732.00,"73,200.00"
2020-03-11,2020031101021291,EBL,56,40,550,730.00,"401,500.00"
2020-03-11,2020031101021257,EBL,57,40,150,730.00,"109,500.00"
2020-03-11,2020031101021256,EBL,57,42,50,730.00,"36,500.00"
2020-03-11,2020031101021604,EIC,32,42,50,407.00,"20,350.00"
2020-03-11,2020031101021578,EIC,32,49,50,407.00,"20,350.00"
2020-03-11,2020031101021490,FMDBL,25,6,100,514.00,"51,400.00"
2020-03-11,2020031101021709,FOWAD,41,18,200,"1,549.00","309,800.00"
2020-03-11,2020031101021708,FOWAD,41,14,50,"1,548.00","77,400.00"
2020-03-11,2020031101021707,FOWAD,41,53,24,"1,543.00","37,032.00"
2020-03-11,2020031101021706,FOWAD,41,56,20,"1,540.00","30,800.00"
2020-03-11,2020031101021705,FOWAD,41,42,50,"1,535.00","76,750.00"
2020-03-11,2020031101021357,FOWAD,50,34,500,"1,530.00","765,000.00"
2020-03-11,2020031101021353,GBBL,33,47,500,250.00,"125,000.00"
2020-03-11,2020031101021671,GBIME,57,14,100,280.00,"28,000.00"
2020-03-11,2020031101021657,GBIME,39,34,20,279.00,"5,580.00"
2020-03-11,2020031101021596,GBIME,39,57,15,279.00,"4,185.00"
2020-03-11,2020031101021394,GBIME,39,57,56,279.00,"15,624.00"
2020-03-11,2020031101021393,GBIME,39,14,25,279.00,"6,975.00"
2020-03-11,2020031101021279,GBIME,5,14,250,279.00,"69,750.00"
2020-03-11,2020031101021461,GBLBS,1,44,500,517.00,"258,500.00"
2020-03-11,2020031101021460,GBLBS,1,46,215,517.00,"111,155.00"
2020-03-11,2020031101021399,GBLBS,52,46,85,517.00,"43,945.00"
2020-03-11,2020031101021398,GBLBS,52,47,15,517.00,"7,755.00"
2020-03-11,2020031101021425,GILB,37,35,13,"1,300.00","16,900.00"
2020-03-11,2020031101021302,GILB,7,38,32,"1,320.00","42,240.00"
2020-03-11,2020031101021301,GILB,7,34,39,"1,319.00","51,441.00"
2020-03-11,2020031101021300,GILB,7,34,29,"1,318.00","38,222.00"
2020-03-11,2020031101021711,GLICL,32,50,200,472.00,"94,400.00"
2020-03-11,2020031101021710,GLICL,32,50,200,472.00,"94,400.00"
2020-03-11,2020031101021495,GLICL,49,55,100,470.00,"47,000.00"
2020-03-11,2020031101021400,GLICL,52,36,397,469.00,"186,193.00"
2020-03-11,2020031101021699,GMFBS,41,28,490,840.00,"411,600.00"
2020-03-11,2020031101021698,GMFBS,51,28,10,840.00,"8,400.00"
2020-03-11,2020031101021681,GMFIL,32,47,10,143.00,"1,430.00"
2020-03-11,2020031101021655,GMFIL,32,47,100,141.00,"14,100.00"
2020-03-11,2020031101021732,GRDBL,52,43,40,122.00,"4,880.00"
2020-03-11,2020031101021731,GRDBL,52,29,10,121.00,"1,210.00"
2020-03-11,2020031101021384,HBL,49,45,131,594.00,"77,814.00"
2020-03-11,2020031101021383,HBL,49,17,220,594.00,"130,680.00"
2020-03-11,2020031101021269,HBL,25,17,100,594.00,"59,400.00"
2020-03-11,2020031101021697,HDL,42,14,40,"1,590.00","63,600.00"
2020-03-11,2020031101021696,HDL,42,44,35,"1,590.00","55,650.00"
2020-03-11,2020031101021695,HDL,42,42,40,"1,589.00","63,560.00"
2020-03-11,2020031101021694,HDL,42,58,50,"1,587.00","79,350.00"
2020-03-11,2020031101021484,HDL,28,58,250,"1,587.00","396,750.00"
2020-03-11,2020031101021483,HDL,28,11,50,"1,585.00","79,250.00"
2020-03-11,2020031101021368,HDL,57,58,179,"1,570.00","281,030.00"
2020-03-11,2020031101021364,HDL,4,58,300,"1,570.00","471,000.00"
2020-03-11,2020031101021345,HDL,4,58,421,"1,570.00","660,970.00"
2020-03-11,2020031101021253,HDL,41,58,100,"1,570.00","157,000.00"
2020-03-11,2020031101021344,HGI,49,7,420,416.00,"174,720.00"
2020-03-11,2020031101021343,HGI,49,35,80,416.00,"33,280.00"
2020-03-11,2020031101021543,HIDCL,56,49,191,139.00,"26,549.00"
2020-03-11,2020031101021542,HIDCL,56,37,27,139.00,"3,753.00"
2020-03-11,2020031101021541,HIDCL,56,58,317,139.00,"44,063.00"
2020-03-11,2020031101021501,HIDCL,49,37,40,139.00,"5,560.00"
