Date,Transact. No.,Symbol,Buyer,Seller,Quantity,Rate,Amount
2019-08-08,2019080801029388,ADBL,43,58,20,431.00,"8,620.00"
2019-08-08,2019080801029278,ADBL,34,58,10,431.00,"4,310.00"
2019-08-08,2019080801029277,ADBL,34,45,90,431.00,"38,790.00"
2019-08-08,2019080801029253,ADBL,44,42,232,430.00,"99,760.00"
2019-08-08,2019080801029252,ADBL,52,42,168,430.00,"72,240.00"
2019-08-08,2019080801029266,AHPC,29,34,100,104.00,"10,400.00"
2019-08-08,2019080801029265,AHPC,56,34,392,104.00,"40,768.00"
2019-08-08,2019080801029173,AKJCL,32,39,10,68.00,680.00
2019-08-08,2019080801029126,AKJCL,32,39,20,68.00,"1,360.00"
2019-08-08,2019080801029073,AKJCL,32,39,10,68.00,680.00
2019-08-08,2019080801029023,AKJCL,32,39,10,68.00,680.00
2019-08-08,2019080801029407,ALBSL,57,25,10,478.00,"4,780.00"
2019-08-08,2019080801029230,ALBSL,57,25,130,469.00,"60,970.00"
2019-08-08,2019080801029229,ALBSL,6,25,50,469.00,"23,450.00"
2019-08-08,2019080801029228,ALBSL,14,25,70,470.00,"32,900.00"
2019-08-08,2019080801029092,ALBSL,14,25,430,470.00,"202,100.00"
2019-08-08,2019080801029091,ALBSL,39,25,70,470.00,"32,900.00"
2019-08-08,2019080801029090,ALBSL,57,25,100,471.00,"47,100.00"
2019-08-08,2019080801029089,ALBSL,1,25,10,473.00,"4,730.00"
2019-08-08,2019080801029088,ALBSL,41,25,90,474.00,"42,660.00"
2019-08-08,2019080801029423,API,32,45,"1,000",132.00,"132,000.00"
2019-08-08,2019080801029199,API,25,45,45,132.00,"5,940.00"
2019-08-08,2019080801029471,BOKL,42,40,10,264.00,"2,640.00"
2019-08-08,2019080801029422,BOKL,6,5,"2,029",262.00,"531,598.00"
2019-08-08,2019080801029421,BOKL,46,5,200,262.00,"52,400.00"
2019-08-08,2019080801029420,BOKL,4,5,100,262.00,"26,200.00"
2019-08-08,2019080801029419,BOKL,19,5,500,262.00,"131,000.00"
2019-08-08,2019080801029418,BOKL,45,5,50,262.00,"13,100.00"
2019-08-08,2019080801029240,BOKL,41,59,200,263.00,"52,600.00"
2019-08-08,2019080801029198,BOKL,16,57,311,263.00,"81,793.00"
2019-08-08,2019080801029197,BOKL,16,42,"1,330",263.00,"349,790.00"
2019-08-08,2019080801029417,BOKL,52,5,300,262.00,"78,600.00"
2019-08-08,2019080801029416,BOKL,38,5,385,262.00,"100,870.00"
2019-08-08,2019080801029415,BOKL,50,5,200,263.00,"52,600.00"
2019-08-08,2019080801029389,BOKL,58,40,200,264.00,"52,800.00"
2019-08-08,2019080801029349,BOKL,41,28,500,263.00,"131,500.00"
2019-08-08,2019080801029436,CBL,22,26,353,151.00,"53,303.00"
2019-08-08,2019080801029402,CBL,22,50,105,151.00,"15,855.00"
2019-08-08,2019080801029259,CBL,17,57,100,152.00,"15,200.00"
2019-08-08,2019080801029148,CBL,17,57,200,152.00,"30,400.00"
2019-08-08,2019080801029000,CBL,39,57,"1,011",152.00,"153,672.00"
2019-08-08,2019080801028999,CBL,39,17,51,152.00,"7,752.00"
2019-08-08,2019080801029333,CCBL,40,29,60,166.00,"9,960.00"
2019-08-08,2019080801029163,CCBL,40,52,680,166.00,"112,880.00"
2019-08-08,2019080801029162,CCBL,58,52,19,166.00,"3,154.00"
2019-08-08,2019080801029492,CHCL,28,6,17,490.00,"8,330.00"
2019-08-08,2019080801029470,CHCL,28,47,28,490.00,"13,720.00"
2019-08-08,2019080801029342,CHCL,26,47,44,492.00,"21,648.00"
2019-08-08,2019080801029307,CHCL,26,29,26,492.00,"12,792.00"
2019-08-08,2019080801029273,CHCL,17,42,50,493.00,"24,650.00"
2019-08-08,2019080801029239,CHCL,26,47,30,492.00,"14,760.00"
2019-08-08,2019080801029045,CHCL,45,47,20,492.00,"9,840.00"
2019-08-08,2019080801029027,CHCL,28,39,100,490.00,"49,000.00"
2019-08-08,2019080801029473,CZBIL,48,50,100,221.00,"22,100.00"
2019-08-08,2019080801029182,CZBIL,56,28,150,220.00,"33,000.00"
2019-08-08,2019080801029127,CZBIL,56,13,240,220.00,"52,800.00"
2019-08-08,2019080801029207,EBL,14,19,20,653.00,"13,060.00"
2019-08-08,2019080801029131,EBL,14,26,100,653.00,"65,300.00"
2019-08-08,2019080801029478,FMDBL,16,38,10,388.00,"3,880.00"
2019-08-08,2019080801029396,FMDBL,45,59,15,383.00,"5,745.00"
2019-08-08,2019080801029395,FMDBL,45,59,20,383.00,"7,660.00"
2019-08-08,2019080801029394,FMDBL,41,59,145,383.00,"55,535.00"
2019-08-08,2019080801029368,FMDBL,16,38,10,388.00,"3,880.00"
2019-08-08,2019080801029493,GBLBS,19,58,200,370.00,"74,000.00"
2019-08-08,2019080801029476,GILB,19,50,80,708.00,"56,640.00"
2019-08-08,2019080801029475,GILB,45,50,20,710.00,"14,200.00"
2019-08-08,2019080801029241,GILB,45,58,10,710.00,"7,100.00"
2019-08-08,2019080801029380,GMFBS,28,19,78,578.00,"45,084.00"
2019-08-08,2019080801029379,GMFBS,19,19,10,579.00,"5,790.00"
2019-08-08,2019080801029378,GMFBS,11,19,12,579.00,"6,948.00"
2019-08-08,2019080801029350,GMFBS,11,42,10,579.00,"5,790.00"
2019-08-08,2019080801029170,GMFBS,11,44,10,579.00,"5,790.00"
2019-08-08,2019080801029409,HDL,56,57,10,"1,535.00","15,350.00"
2019-08-08,2019080801029200,HIDCL,51,1,61,154.00,"9,394.00"
2019-08-08,2019080801029010,HIDCL,51,43,25,154.00,"3,850.00"
2019-08-08,2019080801029361,HURJA,54,6,20,133.00,"2,660.00"
2019-08-08,2019080801029171,IGI,37,45,150,346.00,"51,900.00"
2019-08-08,2019080801029203,IGI,37,45,140,346.00,"48,440.00"
2019-08-08,2019080801029486,ILBS,38,51,10,477.00,"4,770.00"
2019-08-08,2019080801029477,ILBS,38,42,10,477.00,"4,770.00"
2019-08-08,2019080801029462,ILBS,38,42,10,477.00,"4,770.00"
2019-08-08,2019080801029459,ILBS,38,51,10,477.00,"4,770.00"
2019-08-08,2019080801029448,ILBS,38,40,10,477.00,"4,770.00"
2019-08-08,2019080801029356,ILBS,38,44,10,477.00,"4,770.00"
2019-08-08,2019080801029071,ILBS,19,7,10,468.00,"4,680.00"
2019-08-08,2019080801029062,ILBS,41,44,10,467.00,"4,670.00"
2019-08-08,2019080801029039,ILBS,41,44,10,467.00,"4,670.00"
2019-08-08,2019080801028998,ILBS,41,44,10,467.00,"4,670.00"
2019-08-08,2019080801029328,ILBS,38,55,10,477.00,"4,770.00"
2019-08-08,2019080801029292,ILBS,38,42,20,477.00,"9,540.00"
2019-08-08,2019080801029291,ILBS,38,56,10,477.00,"4,770.00"
2019-08-08,2019080801029290,ILBS,38,57,50,475.00,"23,750.00"
2019-08-08,2019080801029268,ILBS,7,7,10,468.00,"4,680.00"
2019-08-08,2019080801029149,ILBS,7,44,10,468.00,"4,680.00"
2019-08-08,2019080801029024,JBBL,33,56,10,157.00,"1,570.00"
2019-08-08,2019080801029067,JOSHI,32,21,20,74.00,"1,480.00"
2019-08-08,2019080801029066,JOSHI,32,21,20,74.00,"1,480.00"
2019-08-08,2019080801029282,JSLBB,17,17,2,990.00,"1,980.00"
2019-08-08,2019080801029485,KBL,50,39,10,211.00,"2,110.00"
2019-08-08,2019080801029103,KBL,32,39,155,211.00,"32,705.00"
2019-08-08,2019080801029102,KBL,32,55,45,211.00,"9,495.00"
2019-08-08,2019080801029464,LBBL,32,48,800,171.00,"136,800.00"
2019-08-08,2019080801029329,LBL,38,51,150,216.00,"32,400.00"
2019-08-08,2019080801029057,LGIL,25,16,67,417.00,"27,939.00"
2019-08-08,2019080801029056,LGIL,37,16,50,417.00,"20,850.00"
2019-08-08,2019080801029055,LGIL,20,16,20,417.00,"8,340.00"
2019-08-08,2019080801029054,LGIL,19,16,200,418.00,"83,600.00"
2019-08-08,2019080801029053,LGIL,43,16,129,419.00,"54,051.00"
2019-08-08,2019080801029052,LGIL,37,16,22,420.00,"9,240.00"
2019-08-08,2019080801029465,LLBS,43,36,10,760.00,"7,600.00"
2019-08-08,2019080801029387,MBL,51,32,10,260.00,"2,600.00"
2019-08-08,2019080801029326,MBL,25,43,446,257.00,"114,622.00"
2019-08-08,2019080801029325,MBL,51,43,454,257.00,"116,678.00"
2019-08-08,2019080801029324,MBL,44,43,100,258.00,"25,800.00"
2019-08-08,2019080801029083,MEGA,21,39,74,201.00,"14,874.00"
2019-08-08,2019080801029082,MEGA,57,39,500,201.00,"100,500.00"
2019-08-08,2019080801029081,MEGA,21,39,26,201.00,"5,226.00"
2019-08-08,2019080801029146,MEGA,50,26,74,201.00,"14,874.00"
2019-08-08,2019080801029145,MEGA,21,26,126,201.00,"25,326.00"
2019-08-08,2019080801029169,MEGA,1,58,500,202.00,"101,000.00"
2019-08-08,2019080801029237,MEGA,50,8,500,201.00,"100,500.00"
2019-08-08,2019080801029272,MEGA,50,29,62,201.00,"12,462.00"
2019-08-08,2019080801029316,MEGA,43,58,10,202.00,"2,020.00"
2019-08-08,2019080801029401,MEGA,41,58,50,202.00,"10,100.00"
2019-08-08,2019080801029355,MERO,50,45,50,530.00,"26,500.00"
2019-08-08,2019080801029354,MERO,39,45,20,530.00,"10,600.00"
2019-08-08,2019080801029225,MERO,39,1,16,530.00,"8,480.00"
2019-08-08,2019080801029224,MERO,34,1,17,530.00,"9,010.00"
2019-08-08,2019080801029137,MERO,10,45,50,533.00,"26,650.00"
2019-08-08,2019080801029196,MLBBL,17,55,113,483.00,"54,579.00"
2019-08-08,2019080801029491,MLBL,51,37,10,200.00,"2,000.00"
2019-08-08,2019080801029133,MLBL,4,13,80,199.00,"15,920.00"
2019-08-08,2019080801029135,MLBL,4,13,"2,000",199.00,"398,000.00"
2019-08-08,2019080801029134,MLBL,25,13,300,199.00,"59,700.00"
2019-08-08,2019080801029351,MPFL,16,42,150,110.00,"16,500.00"
2019-08-08,2019080801029306,MPFL,51,42,350,111.00,"38,850.00"
2019-08-08,2019080801029305,MPFL,28,42,58,113.00,"6,554.00"
2019-08-08,2019080801029210,MPFL,56,28,90,113.00,"10,170.00"
2019-08-08,2019080801029074,MPFL,28,42,30,114.00,"3,420.00"
2019-08-08,2019080801029317,MSLB,45,17,10,960.00,"9,600.00"
2019-08-08,2019080801029353,NABIL,47,41,200,790.00,"158,000.00"
2019-08-08,2019080801029352,NABIL,47,6,155,790.00,"122,450.00"
2019-08-08,2019080801029219,NADEP,1,22,90,464.00,"41,760.00"
2019-08-08,2019080801029218,NADEP,41,22,10,465.00,"4,650.00"
2019-08-08,2019080801029184,NADEP,1,38,300,464.00,"139,200.00"
2019-08-08,2019080801029360,NAGRO,34,22,10,860.00,"8,600.00"
2019-08-08,2019080801029359,NAGRO,34,37,10,860.00,"8,600.00"
2019-08-08,2019080801029358,NAGRO,34,37,10,860.00,"8,600.00"
2019-08-08,2019080801029140,NAGRO,57,1,10,849.00,"8,490.00"
2019-08-08,2019080801029454,NBB,57,38,200,216.00,"43,200.00"
2019-08-08,2019080801029453,NBB,42,38,100,216.00,"21,600.00"
2019-08-08,2019080801029452,NBB,25,38,"1,000",216.00,"216,000.00"
2019-08-08,2019080801029451,NBB,45,38,100,216.00,"21,600.00"
2019-08-08,2019080801029450,NBB,56,38,"1,000",216.00,"216,000.00"
2019-08-08,2019080801029449,NBB,56,38,"1,800",216.00,"388,800.00"
2019-08-08,2019080801029270,NBB,19,38,200,217.00,"43,400.00"
2019-08-08,2019080801029267,NBB,38,38,100,217.00,"21,700.00"
2019-08-08,2019080801029216,NBB,38,11,72,217.00,"15,624.00"
2019-08-08,2019080801029215,NBB,25,11,100,217.00,"21,700.00"
2019-08-08,2019080801029009,NBB,42,11,500,217.00,"108,500.00"
2019-08-08,2019080801029408,NBL,20,4,50,328.00,"16,400.00"
2019-08-08,2019080801029386,NBL,34,26,200,327.00,"65,400.00"
2019-08-08,2019080801029311,NBL,45,4,30,328.00,"9,840.00"
2019-08-08,2019080801029279,NBL,57,28,90,327.00,"29,430.00"
2019-08-08,2019080801029152,NBL,38,4,50,328.00,"16,400.00"
2019-08-08,2019080801029151,NBL,38,43,100,328.00,"32,800.00"
2019-08-08,2019080801029120,NBL,33,34,40,327.00,"13,080.00"
2019-08-08,2019080801029150,NBL,38,4,850,328.00,"278,800.00"
2019-08-08,2019080801029125,NBL,57,34,260,327.00,"85,020.00"
2019-08-08,2019080801029124,NBL,35,34,50,327.00,"16,350.00"
2019-08-08,2019080801029123,NBL,29,34,500,327.00,"163,500.00"
2019-08-08,2019080801029122,NBL,22,34,500,327.00,"163,500.00"
2019-08-08,2019080801029121,NBL,29,34,150,327.00,"49,050.00"
2019-08-08,2019080801029467,NCCB,32,51,30,242.00,"7,260.00"
2019-08-08,2019080801029438,NCCB,51,4,457,242.00,"110,594.00"
2019-08-08,2019080801029437,NCCB,51,58,420,242.00,"101,640.00"
2019-08-08,2019080801029414,NCCB,33,58,80,242.00,"19,360.00"
2019-08-08,2019080801029413,NCCB,33,55,20,242.00,"4,840.00"
2019-08-08,2019080801029412,NCCB,1,55,10,242.00,"2,420.00"
2019-08-08,2019080801029085,NCCB,55,55,20,242.00,"4,840.00"
2019-08-08,2019080801029084,NCCB,55,25,80,242.00,"19,360.00"
2019-08-08,2019080801029022,NCCB,29,25,100,242.00,"24,200.00"
2019-08-08,2019080801029002,NCCB,29,25,100,242.00,"24,200.00"
2019-08-08,2019080801029314,NCCB,51,58,123,241.00,"29,643.00"
2019-08-08,2019080801029313,NCCB,32,58,100,241.00,"24,100.00"
2019-08-08,2019080801029312,NCCB,1,58,277,241.00,"66,757.00"
2019-08-08,2019080801029156,NCCB,1,32,150,241.00,"36,150.00"
2019-08-08,2019080801029112,NCCB,1,57,500,241.00,"120,500.00"
2019-08-08,2019080801029093,NCCB,6,55,250,242.00,"60,500.00"
2019-08-08,2019080801029392,NHPC,34,35,"1,800",63.00,"113,400.00"
2019-08-08,2019080801029391,NHPC,44,35,500,63.00,"31,500.00"
2019-08-08,2019080801029390,NHPC,14,35,700,63.00,"44,100.00"
2019-08-08,2019080801029484,NIB,10,17,310,510.00,"158,100.00"
2019-08-08,2019080801029301,NIB,20,44,20,511.00,"10,220.00"
2019-08-08,2019080801029001,NIB,10,40,90,510.00,"45,900.00"
2019-08-08,2019080801029348,NIBPO,6,38,200,462.00,"92,400.00"
2019-08-08,2019080801029251,NICA,42,29,137,449.00,"61,513.00"
2019-08-08,2019080801029250,NICA,44,29,100,449.00,"44,900.00"
2019-08-08,2019080801029249,NICA,49,29,50,449.00,"22,450.00"
2019-08-08,2019080801029248,NICA,50,29,50,449.00,"22,450.00"
2019-08-08,2019080801029247,NICA,7,29,50,449.00,"22,450.00"
2019-08-08,2019080801029246,NICA,51,29,10,449.00,"4,490.00"
2019-08-08,2019080801029227,NICA,45,17,450,450.00,"202,500.00"
2019-08-08,2019080801029226,NICA,45,45,50,450.00,"22,500.00"
2019-08-08,2019080801029434,NICL,43,1,10,346.00,"3,460.00"
2019-08-08,2019080801029336,NICL,32,36,139,344.00,"47,816.00"
2019-08-08,2019080801029288,NICL,28,36,20,344.00,"6,880.00"
2019-08-08,2019080801029287,NICL,32,36,500,344.00,"172,000.00"
2019-08-08,2019080801029286,NICL,28,36,25,345.00,"8,625.00"
2019-08-08,2019080801029284,NICL,47,1,40,346.00,"13,840.00"
2019-08-08,2019080801029274,NICL,43,1,10,346.00,"3,460.00"
2019-08-08,2019080801029129,NICL,28,10,230,344.00,"79,120.00"
2019-08-08,2019080801029128,NICL,16,10,20,344.00,"6,880.00"
2019-08-08,2019080801029236,NIL,41,14,15,468.00,"7,020.00"
2019-08-08,2019080801029235,NIL,35,14,30,468.00,"14,040.00"
2019-08-08,2019080801029234,NIL,56,14,100,468.00,"46,800.00"
2019-08-08,2019080801029233,NIL,35,14,30,469.00,"14,070.00"
2019-08-08,2019080801029232,NIL,45,14,75,469.00,"35,175.00"
2019-08-08,2019080801029310,NLBBL,33,56,148,578.00,"85,544.00"
2019-08-08,2019080801029309,NLBBL,33,25,50,577.00,"28,850.00"
2019-08-08,2019080801029271,NLBBL,33,22,100,574.00,"57,400.00"
2019-08-08,2019080801029142,NLBBL,33,22,100,574.00,"57,400.00"
2019-08-08,2019080801029100,NLBBL,11,14,251,572.00,"143,572.00"
2019-08-08,2019080801029079,NLBBL,11,33,128,572.00,"73,216.00"
2019-08-08,2019080801029008,NLBBL,44,21,500,571.00,"285,500.00"
2019-08-08,2019080801029065,NLIC,35,51,65,873.00,"56,745.00"
2019-08-08,2019080801029243,NLICL,43,29,10,578.00,"5,780.00"
2019-08-08,2019080801029072,NLICL,25,20,40,572.00,"22,880.00"
2019-08-08,2019080801029116,NMBMF,44,56,26,"1,043.00","27,118.00"
2019-08-08,2019080801029041,NNLB,44,38,95,446.00,"42,370.00"
2019-08-08,2019080801029143,OHL,38,38,24,593.00,"14,232.00"
2019-08-08,2019080801029321,PCBL,6,48,52,277.00,"14,404.00"
2019-08-08,2019080801029283,PIC,57,57,10,475.00,"4,750.00"
2019-08-08,2019080801029264,PIC,57,52,10,469.00,"4,690.00"
2019-08-08,2019080801029263,PIC,57,34,11,468.00,"5,148.00"
2019-08-08,2019080801029205,PICL,33,43,80,527.00,"42,160.00"
2019-08-08,2019080801029495,PLIC,48,1,10,422.00,"4,220.00"
2019-08-08,2019080801029494,PLIC,48,38,15,419.00,"6,285.00"
2019-08-08,2019080801029221,PLIC,57,34,166,416.00,"69,056.00"
2019-08-08,2019080801029220,PLIC,32,34,200,416.00,"83,200.00"
2019-08-08,2019080801029189,PLIC,4,38,50,419.00,"20,950.00"
2019-08-08,2019080801029077,PMHPL,52,44,10,102.00,"1,020.00"
2019-08-08,2019080801029363,PRVU,41,38,50,270.00,"13,500.00"
2019-08-08,2019080801029188,PRVU,38,10,125,270.00,"33,750.00"
2019-08-08,2019080801029187,PRVU,38,34,"1,935",270.00,"522,450.00"
2019-08-08,2019080801029178,PRVU,32,45,92,269.00,"24,748.00"
2019-08-08,2019080801029177,PRVU,35,45,50,269.00,"13,450.00"
2019-08-08,2019080801029176,PRVU,42,45,500,269.00,"134,500.00"
2019-08-08,2019080801029175,PRVU,19,45,858,269.00,"230,802.00"
2019-08-08,2019080801029097,PRVU,17,34,200,270.00,"54,000.00"
2019-08-08,2019080801029260,RBCL,25,11,10,"9,215.00","92,150.00"
2019-08-08,2019080801029399,RHPL,25,3,40,214.00,"8,560.00"
2019-08-08,2019080801029398,RHPL,25,40,40,214.00,"8,560.00"
2019-08-08,2019080801029397,RHPL,25,3,20,214.00,"4,280.00"
2019-08-08,2019080801029320,RHPL,25,3,20,214.00,"4,280.00"
2019-08-08,2019080801029319,RHPL,25,59,40,214.00,"8,560.00"
2019-08-08,2019080801029318,RHPL,25,39,40,214.00,"8,560.00"
2019-08-08,2019080801029118,RHPL,59,3,40,214.00,"8,560.00"
2019-08-08,2019080801029117,RHPL,59,26,30,214.00,"6,420.00"
2019-08-08,2019080801029192,RHPL,45,39,10,214.00,"2,140.00"
2019-08-08,2019080801029191,RHPL,45,3,20,214.00,"4,280.00"
2019-08-08,2019080801029167,RHPL,20,3,20,214.00,"4,280.00"
2019-08-08,2019080801029166,RHPL,20,34,40,214.00,"8,560.00"
2019-08-08,2019080801029165,RHPL,20,40,30,214.00,"6,420.00"
2019-08-08,2019080801029119,RHPL,59,40,10,214.00,"2,140.00"
2019-08-08,2019080801029168,RMDC,35,43,50,663.00,"33,150.00"
2019-08-08,2019080801029262,RRHP,38,44,10,106.00,"1,060.00"
2019-08-08,2019080801029245,RRHP,38,44,10,106.00,"1,060.00"
2019-08-08,2019080801029212,RRHP,38,44,10,106.00,"1,060.00"
2019-08-08,2019080801029101,RRHP,38,44,10,106.00,"1,060.00"
2019-08-08,2019080801029049,RRHP,22,32,10,108.00,"1,080.00"
2019-08-08,2019080801029044,RRHP,22,44,10,108.00,"1,080.00"
2019-08-08,2019080801029005,RRHP,22,29,10,108.00,"1,080.00"
2019-08-08,2019080801029343,SANIMA,14,49,"1,000",352.00,"352,000.00"
2019-08-08,2019080801029213,SANIMA,17,49,50,352.00,"17,600.00"
2019-08-08,2019080801029406,SBI,25,54,38,450.00,"17,100.00"
2019-08-08,2019080801029405,SBI,19,54,100,450.00,"45,000.00"
2019-08-08,2019080801029404,SBI,44,54,90,450.00,"40,500.00"
2019-08-08,2019080801029403,SBI,59,54,10,451.00,"4,510.00"
2019-08-08,2019080801029374,SBI,36,54,12,455.00,"5,460.00"
2019-08-08,2019080801029179,SBI,17,54,30,455.00,"13,650.00"
2019-08-08,2019080801029482,SBL,57,38,67,318.00,"21,306.00"
2019-08-08,2019080801029481,SBL,16,38,541,318.00,"172,038.00"
2019-08-08,2019080801029393,SBL,17,38,200,319.00,"63,800.00"
2019-08-08,2019080801029172,SBL,33,38,654,320.00,"209,280.00"
2019-08-08,2019080801029099,SBL,33,13,177,319.00,"56,463.00"
2019-08-08,2019080801029015,SBL,33,11,169,319.00,"53,911.00"
2019-08-08,2019080801029014,SBL,33,4,"1,000",319.00,"319,000.00"
2019-08-08,2019080801029164,SCB,14,38,15,650.00,"9,750.00"
2019-08-08,2019080801029130,SCB,14,54,30,650.00,"19,500.00"
2019-08-08,2019080801029038,SCB,14,11,400,650.00,"260,000.00"
2019-08-08,2019080801029037,SCB,14,21,151,650.00,"98,150.00"
2019-08-08,2019080801029426,SDESI,45,19,126,611.00,"76,986.00"
2019-08-08,2019080801029425,SDESI,29,19,15,611.00,"9,165.00"
2019-08-08,2019080801029242,SEF,51,17,"1,000",10.10,"10,100.00"
2019-08-08,2019080801029376,SHINE,57,58,"1,000",254.00,"254,000.00"
2019-08-08,2019080801029375,SHINE,57,14,167,254.00,"42,418.00"
2019-08-08,2019080801029463,SHIVM,21,58,50,580.00,"29,000.00"
2019-08-08,2019080801029331,SHIVM,38,28,15,579.00,"8,685.00"
2019-08-08,2019080801029106,SHIVM,17,58,30,580.00,"17,400.00"
2019-08-08,2019080801029051,SHIVM,52,38,50,578.00,"28,900.00"
2019-08-08,2019080801029294,SHPC,40,11,"1,000",242.00,"242,000.00"
2019-08-08,2019080801029050,SHPC,16,6,186,240.00,"44,640.00"
2019-08-08,2019080801029300,SICL,42,1,15,770.00,"11,550.00"
2019-08-08,2019080801029299,SICL,35,1,80,771.00,"61,680.00"
2019-08-08,2019080801029298,SICL,35,1,55,771.00,"42,405.00"
2019-08-08,2019080801029297,SICL,6,1,50,773.00,"38,650.00"
2019-08-08,2019080801029304,SINDU,34,22,200,134.00,"26,800.00"
2019-08-08,2019080801029496,SJCL,56,52,20,224.00,"4,480.00"
2019-08-08,2019080801029487,SJCL,56,21,20,224.00,"4,480.00"
2019-08-08,2019080801029483,SJCL,56,21,20,224.00,"4,480.00"
2019-08-08,2019080801029474,SJCL,56,21,10,224.00,"2,240.00"
2019-08-08,2019080801029472,SJCL,45,21,19,225.00,"4,275.00"
2019-08-08,2019080801029469,SJCL,56,21,10,224.00,"2,240.00"
2019-08-08,2019080801029007,SJCL,43,57,20,224.00,"4,480.00"
2019-08-08,2019080801029006,SJCL,43,21,20,224.00,"4,480.00"
2019-08-08,2019080801029004,SJCL,43,21,20,224.00,"4,480.00"
2019-08-08,2019080801029003,SJCL,43,49,20,224.00,"4,480.00"
2019-08-08,2019080801029019,SJCL,43,40,20,224.00,"4,480.00"
2019-08-08,2019080801029018,SJCL,43,44,10,224.00,"2,240.00"
2019-08-08,2019080801029016,SJCL,43,22,20,224.00,"4,480.00"
2019-08-08,2019080801029013,SJCL,43,56,20,224.00,"4,480.00"
2019-08-08,2019080801029012,SJCL,43,39,20,224.00,"4,480.00"
2019-08-08,2019080801029011,SJCL,43,21,20,224.00,"4,480.00"
2019-08-08,2019080801029030,SJCL,28,1,20,225.00,"4,500.00"
2019-08-08,2019080801029029,SJCL,28,37,10,225.00,"2,250.00"
2019-08-08,2019080801029028,SJCL,43,21,20,224.00,"4,480.00"
2019-08-08,2019080801029025,SJCL,43,58,20,224.00,"4,480.00"
2019-08-08,2019080801029021,SJCL,43,21,20,224.00,"4,480.00"
2019-08-08,2019080801029020,SJCL,43,20,20,224.00,"4,480.00"
2019-08-08,2019080801029036,SJCL,43,49,10,224.00,"2,240.00"
2019-08-08,2019080801029035,SJCL,28,7,20,226.00,"4,520.00"
2019-08-08,2019080801029034,SJCL,28,1,10,226.00,"2,260.00"
2019-08-08,2019080801029033,SJCL,28,59,10,225.00,"2,250.00"
2019-08-08,2019080801029032,SJCL,28,32,20,225.00,"4,500.00"
2019-08-08,2019080801029031,SJCL,28,50,10,225.00,"2,250.00"
2019-08-08,2019080801029061,SJCL,43,21,20,224.00,"4,480.00"
2019-08-08,2019080801029058,SJCL,43,44,20,224.00,"4,480.00"
2019-08-08,2019080801029048,SJCL,43,21,20,224.00,"4,480.00"
2019-08-08,2019080801029043,SJCL,43,56,20,224.00,"4,480.00"
2019-08-08,2019080801029042,SJCL,43,21,20,224.00,"4,480.00"
2019-08-08,2019080801029040,SJCL,43,21,20,224.00,"4,480.00"
2019-08-08,2019080801029080,SJCL,45,21,10,224.00,"2,240.00"
2019-08-08,2019080801029076,SJCL,45,57,20,224.00,"4,480.00"
2019-08-08,2019080801029075,SJCL,45,56,10,224.00,"2,240.00"
2019-08-08,2019080801029070,SJCL,45,21,20,224.00,"4,480.00"
2019-08-08,2019080801029069,SJCL,45,21,20,224.00,"4,480.00"
2019-08-08,2019080801029068,SJCL,45,40,20,224.00,"4,480.00"
2019-08-08,2019080801029094,SJCL,45,49,20,224.00,"4,480.00"
2019-08-08,2019080801029087,SJCL,45,56,10,224.00,"2,240.00"
2019-08-08,2019080801029086,SJCL,45,56,10,224.00,"2,240.00"
2019-08-08,2019080801029109,SJCL,45,40,20,224.00,"4,480.00"
2019-08-08,2019080801029108,SJCL,45,21,10,224.00,"2,240.00"
2019-08-08,2019080801029107,SJCL,45,56,10,224.00,"2,240.00"
2019-08-08,2019080801029098,SJCL,45,21,10,224.00,"2,240.00"
2019-08-08,2019080801029096,SJCL,45,21,20,224.00,"4,480.00"
2019-08-08,2019080801029095,SJCL,45,26,20,224.00,"4,480.00"
2019-08-08,2019080801029136,SJCL,45,55,20,224.00,"4,480.00"
2019-08-08,2019080801029132,SJCL,45,21,20,224.00,"4,480.00"
2019-08-08,2019080801029115,SJCL,45,21,20,224.00,"4,480.00"
2019-08-08,2019080801029114,SJCL,45,56,10,224.00,"2,240.00"
2019-08-08,2019080801029113,SJCL,45,38,10,224.00,"2,240.00"
2019-08-08,2019080801029111,SJCL,45,21,20,224.00,"4,480.00"
2019-08-08,2019080801029144,SJCL,45,21,20,224.00,"4,480.00"
2019-08-08,2019080801029141,SJCL,45,21,20,224.00,"4,480.00"
2019-08-08,2019080801029139,SJCL,45,21,20,224.00,"4,480.00"
2019-08-08,2019080801029138,SJCL,45,56,10,224.00,"2,240.00"
2019-08-08,2019080801029158,SJCL,45,21,20,224.00,"4,480.00"
2019-08-08,2019080801029157,SJCL,45,29,20,224.00,"4,480.00"
2019-08-08,2019080801029155,SJCL,45,56,20,224.00,"4,480.00"
2019-08-08,2019080801029154,SJCL,45,40,20,224.00,"4,480.00"
2019-08-08,2019080801029153,SJCL,45,56,10,224.00,"2,240.00"
2019-08-08,2019080801029147,SJCL,45,22,10,224.00,"2,240.00"
2019-08-08,2019080801029181,SJCL,49,21,10,225.00,"2,250.00"
2019-08-08,2019080801029180,SJCL,49,21,20,225.00,"4,500.00"
2019-08-08,2019080801029161,SJCL,49,57,20,225.00,"4,500.00"
2019-08-08,2019080801029160,SJCL,49,21,20,225.00,"4,500.00"
2019-08-08,2019080801029159,SJCL,49,39,20,225.00,"4,500.00"
2019-08-08,2019080801029202,SJCL,58,52,20,225.00,"4,500.00"
2019-08-08,2019080801029201,SJCL,45,21,20,224.00,"4,480.00"
2019-08-08,2019080801029193,SJCL,45,21,20,224.00,"4,480.00"
2019-08-08,2019080801029186,SJCL,45,56,20,224.00,"4,480.00"
2019-08-08,2019080801029185,SJCL,45,21,20,224.00,"4,480.00"
2019-08-08,2019080801029183,SJCL,49,56,10,225.00,"2,250.00"
2019-08-08,2019080801029214,SJCL,45,56,20,224.00,"4,480.00"
2019-08-08,2019080801029211,SJCL,58,56,20,225.00,"4,500.00"
2019-08-08,2019080801029209,SJCL,58,40,20,225.00,"4,500.00"
2019-08-08,2019080801029208,SJCL,58,21,20,225.00,"4,500.00"
2019-08-08,2019080801029206,SJCL,58,21,10,225.00,"2,250.00"
2019-08-08,2019080801029204,SJCL,58,56,10,225.00,"2,250.00"
2019-08-08,2019080801029238,SJCL,45,21,10,224.00,"2,240.00"
2019-08-08,2019080801029231,SJCL,45,21,10,224.00,"2,240.00"
2019-08-08,2019080801029223,SJCL,45,56,20,224.00,"4,480.00"
2019-08-08,2019080801029222,SJCL,45,56,10,224.00,"2,240.00"
2019-08-08,2019080801029217,SJCL,45,21,20,224.00,"4,480.00"
2019-08-08,2019080801029261,SJCL,45,21,20,224.00,"4,480.00"
2019-08-08,2019080801029258,SJCL,45,45,19,225.00,"4,275.00"
2019-08-08,2019080801029257,SJCL,45,21,20,224.00,"4,480.00"
2019-08-08,2019080801029256,SJCL,45,56,20,224.00,"4,480.00"
2019-08-08,2019080801029255,SJCL,45,56,20,224.00,"4,480.00"
2019-08-08,2019080801029254,SJCL,45,21,20,224.00,"4,480.00"
2019-08-08,2019080801029281,SJCL,45,21,20,224.00,"4,480.00"
2019-08-08,2019080801029280,SJCL,45,56,10,224.00,"2,240.00"
2019-08-08,2019080801029276,SJCL,45,56,20,224.00,"4,480.00"
2019-08-08,2019080801029275,SJCL,45,21,20,224.00,"4,480.00"
2019-08-08,2019080801029269,SJCL,45,40,20,224.00,"4,480.00"
2019-08-08,2019080801029303,SJCL,45,21,20,224.00,"4,480.00"
2019-08-08,2019080801029302,SJCL,45,40,10,224.00,"2,240.00"
2019-08-08,2019080801029296,SJCL,45,56,20,224.00,"4,480.00"
2019-08-08,2019080801029295,SJCL,45,56,10,224.00,"2,240.00"
2019-08-08,2019080801029289,SJCL,45,21,10,224.00,"2,240.00"
2019-08-08,2019080801029285,SJCL,45,21,10,224.00,"2,240.00"
2019-08-08,2019080801029327,SJCL,6,16,20,225.00,"4,500.00"
2019-08-08,2019080801029323,SJCL,26,29,20,224.00,"4,480.00"
2019-08-08,2019080801029322,SJCL,45,52,20,224.00,"4,480.00"
2019-08-08,2019080801029315,SJCL,45,17,20,224.00,"4,480.00"
2019-08-08,2019080801029308,SJCL,45,21,20,224.00,"4,480.00"
2019-08-08,2019080801029346,SJCL,6,38,10,225.00,"2,250.00"
2019-08-08,2019080801029340,SJCL,6,21,20,225.00,"4,500.00"
2019-08-08,2019080801029339,SJCL,6,6,10,225.00,"2,250.00"
2019-08-08,2019080801029335,SJCL,6,56,10,225.00,"2,250.00"
2019-08-08,2019080801029334,SJCL,6,21,10,225.00,"2,250.00"
2019-08-08,2019080801029330,SJCL,6,21,20,225.00,"4,500.00"
2019-08-08,2019080801029381,SJCL,26,21,20,224.00,"4,480.00"
2019-08-08,2019080801029367,SJCL,26,52,20,224.00,"4,480.00"
2019-08-08,2019080801029366,SJCL,26,40,20,224.00,"4,480.00"
2019-08-08,2019080801029364,SJCL,26,21,20,224.00,"4,480.00"
2019-08-08,2019080801029362,SJCL,26,26,20,224.00,"4,480.00"
2019-08-08,2019080801029357,SJCL,26,21,10,224.00,"2,240.00"
2019-08-08,2019080801029439,SJCL,26,21,20,224.00,"4,480.00"
2019-08-08,2019080801029435,SJCL,26,21,10,224.00,"2,240.00"
2019-08-08,2019080801029424,SJCL,32,45,20,225.00,"4,500.00"
2019-08-08,2019080801029410,SJCL,26,21,10,224.00,"2,240.00"
2019-08-08,2019080801029382,SJCL,26,21,20,224.00,"4,480.00"
2019-08-08,2019080801029468,SJCL,26,21,10,224.00,"2,240.00"
2019-08-08,2019080801029466,SJCL,26,21,20,224.00,"4,480.00"
2019-08-08,2019080801029461,SJCL,26,40,20,224.00,"4,480.00"
2019-08-08,2019080801029460,SJCL,26,29,20,224.00,"4,480.00"
2019-08-08,2019080801029455,SJCL,26,21,20,224.00,"4,480.00"
2019-08-08,2019080801029443,SJCL,26,52,20,224.00,"4,480.00"
2019-08-08,2019080801029064,SLBBL,44,34,235,550.00,"129,250.00"
2019-08-08,2019080801029047,SLBBL,44,41,100,550.00,"55,000.00"
2019-08-08,2019080801029373,SLICL,44,37,200,455.00,"91,000.00"
2019-08-08,2019080801029369,SLICL,17,37,100,455.00,"45,500.00"
2019-08-08,2019080801029332,SLICL,59,51,66,453.00,"29,898.00"
2019-08-08,2019080801029078,SLICL,39,17,200,454.00,"90,800.00"
2019-08-08,2019080801029411,SMFBS,34,45,10,793.00,"7,930.00"
2019-08-08,2019080801029377,SMFBS,57,26,10,779.00,"7,790.00"
2019-08-08,2019080801029017,SMFBS,57,26,10,779.00,"7,790.00"
2019-08-08,2019080801029293,SPARS,7,34,60,613.00,"36,780.00"
2019-08-08,2019080801029063,SPARS,22,57,10,611.00,"6,110.00"
2019-08-08,2019080801029442,SRBL,59,43,50,242.00,"12,100.00"
2019-08-08,2019080801029441,SRBL,45,43,500,242.00,"121,000.00"
2019-08-08,2019080801029440,SRBL,28,43,310,242.00,"75,020.00"
2019-08-08,2019080801029433,SRBL,28,1,190,242.00,"45,980.00"
2019-08-08,2019080801029347,SRBL,10,43,120,243.00,"29,160.00"
2019-08-08,2019080801029345,SRBL,10,34,180,243.00,"43,740.00"
2019-08-08,2019080801029344,SRBL,58,34,300,243.00,"72,900.00"
2019-08-08,2019080801029174,SRBL,17,34,200,244.00,"48,800.00"
2019-08-08,2019080801029338,SWBBL,35,56,10,940.00,"9,400.00"
2019-08-08,2019080801029337,SWBBL,37,56,90,940.00,"84,600.00"
2019-08-08,2019080801029060,SWBBL,37,25,10,940.00,"9,400.00"
2019-08-08,2019080801029059,SWBBL,38,25,50,940.00,"47,000.00"
2019-08-08,2019080801029432,UIC,48,17,15,327.00,"4,905.00"
2019-08-08,2019080801029431,UIC,22,17,10,328.00,"3,280.00"
2019-08-08,2019080801029430,UIC,52,17,10,328.00,"3,280.00"
2019-08-08,2019080801029429,UIC,57,17,24,328.00,"7,872.00"
2019-08-08,2019080801029428,UIC,37,17,34,328.00,"11,152.00"
2019-08-08,2019080801029427,UIC,56,17,10,329.00,"3,290.00"
2019-08-08,2019080801029365,UIC,56,14,10,330.00,"3,300.00"
2019-08-08,2019080801028997,UPCL,41,57,100,86.00,"8,600.00"
2019-08-08,2019080801029490,UPPER,32,43,10,267.00,"2,670.00"
2019-08-08,2019080801029489,UPPER,32,34,50,267.00,"13,350.00"
2019-08-08,2019080801029488,UPPER,32,34,40,267.00,"10,680.00"
2019-08-08,2019080801029458,UPPER,32,34,10,267.00,"2,670.00"
2019-08-08,2019080801029457,UPPER,32,34,50,267.00,"13,350.00"
2019-08-08,2019080801029456,UPPER,32,59,40,267.00,"10,680.00"
2019-08-08,2019080801029026,UPPER,11,57,50,265.00,"13,250.00"
2019-08-08,2019080801029190,UPPER,19,1,40,264.00,"10,560.00"
2019-08-08,2019080801029105,UPPER,11,51,40,264.00,"10,560.00"
2019-08-08,2019080801029104,UPPER,11,51,10,265.00,"2,650.00"
2019-08-08,2019080801029371,UPPER,20,54,50,264.00,"13,200.00"
2019-08-08,2019080801029370,UPPER,19,54,408,264.00,"107,712.00"
2019-08-08,2019080801029244,UPPER,19,40,40,264.00,"10,560.00"
2019-08-08,2019080801029195,UPPER,19,40,12,264.00,"3,168.00"
2019-08-08,2019080801029194,UPPER,11,40,38,264.00,"10,032.00"
2019-08-08,2019080801029447,UPPER,56,45,106,264.00,"27,984.00"
2019-08-08,2019080801029446,UPPER,59,45,206,264.00,"54,384.00"
2019-08-08,2019080801029445,UPPER,26,45,60,264.00,"15,840.00"
2019-08-08,2019080801029444,UPPER,11,45,128,264.00,"33,792.00"
2019-08-08,2019080801029400,UPPER,11,57,200,264.00,"52,800.00"
2019-08-08,2019080801029372,UPPER,11,54,672,264.00,"177,408.00"
2019-08-08,2019080801029480,VLBS,33,39,10,612.00,"6,120.00"
2019-08-08,2019080801029479,VLBS,33,37,100,611.00,"61,100.00"
2019-08-08,2019080801029385,VLBS,33,58,26,603.00,"15,678.00"
2019-08-08,2019080801029384,VLBS,33,39,10,603.00,"6,030.00"
2019-08-08,2019080801029383,VLBS,33,45,100,601.00,"60,100.00"
2019-08-08,2019080801029341,VLBS,33,33,10,595.00,"5,950.00"
2019-08-08,2019080801029110,VLBS,33,44,13,586.00,"7,618.00"
2019-08-08,2019080801029046,VLBS,33,52,29,595.00,"17,255.00"
2019-08-08,2019080801028839,ADBL,59,45,10,431.00,"4,310.00"
2019-08-08,2019080801028808,ADBL,52,21,32,430.00,"13,760.00"
2019-08-08,2019080801028807,ADBL,49,21,800,430.00,"344,000.00"
2019-08-08,2019080801028806,ADBL,53,21,168,430.00,"72,240.00"
2019-08-08,2019080801028935,AKJCL,32,39,10,68.00,680.00
2019-08-08,2019080801028889,AKJCL,32,39,20,68.00,"1,360.00"
2019-08-08,2019080801028902,ALBSL,41,57,10,474.00,"4,740.00"
2019-08-08,2019080801028846,ALBSL,41,56,10,474.00,"4,740.00"
2019-08-08,2019080801028817,ALBSL,41,56,10,474.00,"4,740.00"
2019-08-08,2019080801028793,ALBSL,41,56,10,474.00,"4,740.00"
2019-08-08,2019080801028751,ALBSL,37,34,10,483.00,"4,830.00"
2019-08-08,2019080801028750,ALBSL,37,25,110,482.00,"53,020.00"
2019-08-08,2019080801028722,ALBSL,37,38,10,477.00,"4,770.00"
2019-08-08,2019080801028721,ALBSL,37,38,10,477.00,"4,770.00"
2019-08-08,2019080801028720,ALBSL,37,42,50,476.00,"23,800.00"
2019-08-08,2019080801028719,ALBSL,37,6,10,475.00,"4,750.00"
2019-08-08,2019080801028683,ALBSL,41,57,10,474.00,"4,740.00"
2019-08-08,2019080801028749,ALBSL,37,11,50,482.00,"24,100.00"
2019-08-08,2019080801028727,ALBSL,37,34,10,481.00,"4,810.00"
2019-08-08,2019080801028726,ALBSL,37,13,10,481.00,"4,810.00"
2019-08-08,2019080801028725,ALBSL,37,34,10,481.00,"4,810.00"
2019-08-08,2019080801028724,ALBSL,37,17,150,479.00,"71,850.00"
2019-08-08,2019080801028723,ALBSL,37,59,10,479.00,"4,790.00"
2019-08-08,2019080801028578,ALICL,25,42,10,356.00,"3,560.00"
2019-08-08,2019080801028833,API,22,53,"1,000",131.00,"131,000.00"
2019-08-08,2019080801028832,API,16,38,18,130.00,"2,340.00"
2019-08-08,2019080801028714,API,36,53,200,131.00,"26,200.00"
2019-08-08,2019080801028595,API,25,53,50,131.00,"6,550.00"
2019-08-08,2019080801028823,BOKL,50,42,50,263.00,"13,150.00"
2019-08-08,2019080801028804,BOKL,38,39,115,262.00,"30,130.00"
2019-08-08,2019080801028803,BOKL,41,39,150,262.00,"39,300.00"
2019-08-08,2019080801028688,BOKL,21,1,46,262.00,"12,052.00"
2019-08-08,2019080801028687,BOKL,34,1,100,262.00,"26,200.00"
2019-08-08,2019080801028686,BOKL,33,1,100,262.00,"26,200.00"
2019-08-08,2019080801028685,BOKL,19,1,84,262.00,"22,008.00"
2019-08-08,2019080801028684,BOKL,59,1,170,262.00,"44,540.00"
2019-08-08,2019080801028815,CBBL,26,29,500,989.00,"494,500.00"
2019-08-08,2019080801028692,CBBLPO,49,58,"10,000",481.00,"4,810,000.00"
2019-08-08,2019080801028891,CBL,22,51,10,151.00,"1,510.00"
2019-08-08,2019080801028604,CBL,22,38,45,151.00,"6,795.00"
2019-08-08,2019080801028925,CCBL,58,13,250,166.00,"41,500.00"
2019-08-08,2019080801028917,CHCL,28,58,60,490.00,"29,400.00"
2019-08-08,2019080801028886,CIT,7,49,40,"2,408.00","96,320.00"
2019-08-08,2019080801028756,CIT,51,17,44,"2,400.00","105,600.00"
2019-08-08,2019080801028755,CIT,19,17,30,"2,400.00","72,000.00"
2019-08-08,2019080801028754,CIT,19,17,200,"2,400.00","480,000.00"
2019-08-08,2019080801028753,CIT,20,17,20,"2,400.00","48,000.00"
2019-08-08,2019080801028752,CIT,35,17,76,"2,400.00","182,400.00"
2019-08-08,2019080801028707,CORBL,44,16,90,119.00,"10,710.00"
2019-08-08,2019080801028611,CZBIL,56,55,42,220.00,"9,240.00"
2019-08-08,2019080801028610,CZBIL,48,55,40,220.00,"8,800.00"
2019-08-08,2019080801028609,CZBIL,43,55,18,220.00,"3,960.00"
2019-08-08,2019080801028780,DDBL,22,40,160,756.00,"120,960.00"
2019-08-08,2019080801028779,DDBL,29,40,20,756.00,"15,120.00"
2019-08-08,2019080801028778,DDBL,45,40,100,757.00,"75,700.00"
2019-08-08,2019080801028777,DDBL,42,40,20,759.00,"15,180.00"
2019-08-08,2019080801028744,DDBL,10,22,150,762.00,"114,300.00"
2019-08-08,2019080801028873,EBL,14,58,100,653.00,"65,300.00"
2019-08-08,2019080801028540,EBL,16,47,190,654.00,"124,260.00"
2019-08-08,2019080801028539,EBL,16,6,144,654.00,"94,176.00"
2019-08-08,2019080801028821,FMDBL,41,8,216,383.00,"82,728.00"
2019-08-08,2019080801028820,FMDBL,28,8,300,384.00,"115,200.00"
2019-08-08,2019080801028819,FMDBL,45,8,60,384.00,"23,040.00"
2019-08-08,2019080801028741,FMDBL,45,16,40,384.00,"15,360.00"
2019-08-08,2019080801028690,FOWAD,39,28,10,"1,369.00","13,690.00"
2019-08-08,2019080801028621,FOWAD,39,28,70,"1,369.00","95,830.00"
2019-08-08,2019080801028620,FOWAD,43,28,10,"1,370.00","13,700.00"
2019-08-08,2019080801028619,FOWAD,47,28,20,"1,370.00","27,400.00"
2019-08-08,2019080801028503,FOWAD,44,33,20,"1,372.00","27,440.00"
2019-08-08,2019080801028928,GBBL,3,11,50,219.00,"10,950.00"
2019-08-08,2019080801028927,GBBL,4,11,500,219.00,"109,500.00"
2019-08-08,2019080801028844,GBLBS,17,38,200,370.00,"74,000.00"
2019-08-08,2019080801028576,GILB,19,19,20,705.00,"14,100.00"
2019-08-08,2019080801028888,GLBSL,17,43,10,541.00,"5,410.00"
2019-08-08,2019080801028855,GLBSL,17,56,50,551.00,"27,550.00"
2019-08-08,2019080801028854,GLBSL,17,19,10,550.00,"5,500.00"
2019-08-08,2019080801028853,GLBSL,17,57,10,549.00,"5,490.00"
2019-08-08,2019080801028852,GLBSL,17,42,10,545.00,"5,450.00"
2019-08-08,2019080801028645,GLBSL,51,21,10,542.00,"5,420.00"
2019-08-08,2019080801028728,GLICL,29,21,20,480.00,"9,600.00"
2019-08-08,2019080801028989,GMFBS,11,43,10,579.00,"5,790.00"
2019-08-08,2019080801028715,GMFBS,11,45,128,579.00,"74,112.00"
2019-08-08,2019080801028624,GMFBS,11,21,10,579.00,"5,790.00"
2019-08-08,2019080801028579,GMFBS,34,33,100,586.00,"58,600.00"
2019-08-08,2019080801028843,HBL,14,34,370,548.00,"202,760.00"
2019-08-08,2019080801028501,HBL,14,34,877,548.00,"480,596.00"
2019-08-08,2019080801028879,HIDCL,51,1,61,153.00,"9,333.00"
2019-08-08,2019080801028878,HIDCL,51,38,33,153.00,"5,049.00"
2019-08-08,2019080801028877,HIDCL,6,38,60,153.00,"9,180.00"
2019-08-08,2019080801028933,ILBS,41,44,10,467.00,"4,670.00"
2019-08-08,2019080801028899,ILBS,41,44,10,467.00,"4,670.00"
2019-08-08,2019080801028883,ILBS,41,44,10,467.00,"4,670.00"
2019-08-08,2019080801028831,ILBS,17,10,200,468.00,"93,600.00"
2019-08-08,2019080801028830,ILBS,22,10,500,468.00,"234,000.00"
2019-08-08,2019080801028829,ILBS,46,10,10,468.00,"4,680.00"
2019-08-08,2019080801028781,ILBS,7,10,100,469.00,"46,900.00"
2019-08-08,2019080801028758,ILBS,17,10,200,469.00,"93,800.00"
2019-08-08,2019080801028701,ILBS,7,57,10,469.00,"4,690.00"
2019-08-08,2019080801028506,ILBS,7,6,20,470.00,"9,400.00"
2019-08-08,2019080801028560,JBBL,44,42,20,154.00,"3,080.00"
2019-08-08,2019080801028505,JOSHI,59,21,20,74.00,"1,480.00"
2019-08-08,2019080801028504,JOSHI,59,21,20,74.00,"1,480.00"
2019-08-08,2019080801028995,KBL,59,51,10,210.00,"2,100.00"
2019-08-08,2019080801028910,KBL,48,55,150,211.00,"31,650.00"
2019-08-08,2019080801028909,KBL,48,45,50,211.00,"10,550.00"
2019-08-08,2019080801028904,KBL,59,48,36,210.00,"7,560.00"
2019-08-08,2019080801028898,LBL,42,25,500,216.00,"108,000.00"
2019-08-08,2019080801028584,LGIL,37,40,478,420.00,"200,760.00"
2019-08-08,2019080801028583,LGIL,33,40,200,420.00,"84,000.00"
2019-08-08,2019080801028582,LGIL,33,40,100,421.00,"42,100.00"
2019-08-08,2019080801028555,LLBS,57,45,125,754.00,"94,250.00"
2019-08-08,2019080801028606,LVF1,16,47,"2,000",10.98,"21,960.00"
2019-08-08,2019080801028765,MEGA,18,51,374,201.00,"75,174.00"
2019-08-08,2019080801028764,MEGA,25,51,126,201.00,"25,326.00"
2019-08-08,2019080801028893,MEGA,21,13,74,201.00,"14,874.00"
2019-08-08,2019080801028892,MEGA,18,13,126,201.00,"25,326.00"
2019-08-08,2019080801028934,MLBBL,55,55,94,474.00,"44,556.00"
2019-08-08,2019080801028988,MLBL,4,13,120,199.00,"23,880.00"
2019-08-08,2019080801028987,MLBL,4,13,100,199.00,"19,900.00"
2019-08-08,2019080801028986,MLBL,4,13,300,199.00,"59,700.00"
2019-08-08,2019080801028985,MLBL,4,13,250,199.00,"49,750.00"
2019-08-08,2019080801028984,MLBL,4,13,300,199.00,"59,700.00"
2019-08-08,2019080801028983,MLBL,4,13,150,199.00,"29,850.00"
2019-08-08,2019080801028940,MLBL,34,13,150,200.00,"30,000.00"
2019-08-08,2019080801028939,MLBL,48,13,100,200.00,"20,000.00"
2019-08-08,2019080801028938,MLBL,49,13,229,200.00,"45,800.00"
2019-08-08,2019080801028763,MLBL,49,26,21,200.00,"4,200.00"
2019-08-08,2019080801028946,MLBL,4,13,101,199.00,"20,099.00"
2019-08-08,2019080801028945,MLBL,4,13,200,199.00,"39,800.00"
2019-08-08,2019080801028944,MLBL,4,13,500,199.00,"99,500.00"
2019-08-08,2019080801028943,MLBL,4,13,500,199.00,"99,500.00"
2019-08-08,2019080801028942,MLBL,4,13,100,199.00,"19,900.00"
2019-08-08,2019080801028941,MLBL,4,13,100,199.00,"19,900.00"
2019-08-08,2019080801028952,MLBL,4,13,100,199.00,"19,900.00"
2019-08-08,2019080801028951,MLBL,4,13,100,199.00,"19,900.00"
2019-08-08,2019080801028950,MLBL,4,13,200,199.00,"39,800.00"
2019-08-08,2019080801028949,MLBL,4,13,200,199.00,"39,800.00"
2019-08-08,2019080801028948,MLBL,4,13,100,199.00,"19,900.00"
2019-08-08,2019080801028947,MLBL,4,13,250,199.00,"49,750.00"
2019-08-08,2019080801028958,MLBL,4,13,100,199.00,"19,900.00"
2019-08-08,2019080801028957,MLBL,4,13,100,199.00,"19,900.00"
2019-08-08,2019080801028956,MLBL,4,13,100,199.00,"19,900.00"
2019-08-08,2019080801028955,MLBL,4,13,250,199.00,"49,750.00"
2019-08-08,2019080801028954,MLBL,4,13,100,199.00,"19,900.00"
2019-08-08,2019080801028953,MLBL,4,13,100,199.00,"19,900.00"
2019-08-08,2019080801028964,MLBL,4,13,100,199.00,"19,900.00"
2019-08-08,2019080801028963,MLBL,4,13,250,199.00,"49,750.00"
2019-08-08,2019080801028962,MLBL,4,13,100,199.00,"19,900.00"
2019-08-08,2019080801028961,MLBL,4,13,200,199.00,"39,800.00"
2019-08-08,2019080801028960,MLBL,4,13,100,199.00,"19,900.00"
2019-08-08,2019080801028959,MLBL,4,13,100,199.00,"19,900.00"
2019-08-08,2019080801028970,MLBL,4,13,500,199.00,"99,500.00"
2019-08-08,2019080801028969,MLBL,4,13,200,199.00,"39,800.00"
2019-08-08,2019080801028968,MLBL,4,13,500,199.00,"99,500.00"
2019-08-08,2019080801028967,MLBL,4,13,400,199.00,"79,600.00"
2019-08-08,2019080801028966,MLBL,4,13,100,199.00,"19,900.00"
2019-08-08,2019080801028965,MLBL,4,13,150,199.00,"29,850.00"
2019-08-08,2019080801028976,MLBL,4,13,200,199.00,"39,800.00"
2019-08-08,2019080801028975,MLBL,4,13,300,199.00,"59,700.00"
2019-08-08,2019080801028974,MLBL,4,13,100,199.00,"19,900.00"
2019-08-08,2019080801028973,MLBL,4,13,300,199.00,"59,700.00"
2019-08-08,2019080801028972,MLBL,4,13,200,199.00,"39,800.00"
2019-08-08,2019080801028971,MLBL,4,13,250,199.00,"49,750.00"
2019-08-08,2019080801028982,MLBL,4,13,250,199.00,"49,750.00"
2019-08-08,2019080801028981,MLBL,4,13,100,199.00,"19,900.00"
2019-08-08,2019080801028980,MLBL,4,13,300,199.00,"59,700.00"
2019-08-08,2019080801028979,MLBL,4,13,200,199.00,"39,800.00"
2019-08-08,2019080801028978,MLBL,4,13,100,199.00,"19,900.00"
2019-08-08,2019080801028977,MLBL,4,13,100,199.00,"19,900.00"
2019-08-08,2019080801028798,MNBBL,3,42,50,372.00,"18,600.00"
2019-08-08,2019080801028797,MNBBL,52,42,162,372.00,"60,264.00"
2019-08-08,2019080801028640,MNBBL,52,35,38,372.00,"14,136.00"
2019-08-08,2019080801028639,MNBBL,25,35,120,372.00,"44,640.00"
2019-08-08,2019080801028638,MNBBL,45,35,20,372.00,"7,440.00"
2019-08-08,2019080801028637,MNBBL,35,35,22,372.00,"8,184.00"
2019-08-08,2019080801028636,MNBBL,51,35,57,372.00,"21,204.00"
2019-08-08,2019080801028559,MNBBL,51,35,147,372.00,"54,684.00"
2019-08-08,2019080801028858,NABIL,35,6,50,790.00,"39,500.00"
2019-08-08,2019080801028570,NABIL,45,6,10,790.00,"7,900.00"
2019-08-08,2019080801028598,NADEP,46,43,20,465.00,"9,300.00"
2019-08-08,2019080801028923,NAGRO,34,59,10,847.00,"8,470.00"
2019-08-08,2019080801028775,NAGRO,34,45,40,849.00,"33,960.00"
2019-08-08,2019080801028603,NAGRO,34,57,10,852.00,"8,520.00"
2019-08-08,2019080801028587,NAGRO,34,7,10,849.00,"8,490.00"
2019-08-08,2019080801028738,NBB,59,38,300,217.00,"65,100.00"
2019-08-08,2019080801028737,NBB,5,38,200,217.00,"43,400.00"
2019-08-08,2019080801028716,NBL,35,4,150,328.00,"49,200.00"
2019-08-08,2019080801028920,NCCB,1,17,73,241.00,"17,593.00"
2019-08-08,2019080801028919,NCCB,8,17,95,241.00,"22,895.00"
2019-08-08,2019080801028908,NCCB,39,25,20,242.00,"4,840.00"
2019-08-08,2019080801028907,NCCB,39,36,30,242.00,"7,260.00"
2019-08-08,2019080801028906,NCCB,8,20,200,241.00,"48,200.00"
2019-08-08,2019080801028851,NCCB,8,16,705,241.00,"169,905.00"
2019-08-08,2019080801028630,NCCB,11,4,50,242.00,"12,100.00"
2019-08-08,2019080801028605,NCCB,45,4,100,242.00,"24,200.00"
2019-08-08,2019080801028594,NCCB,58,50,"3,493",241.00,"841,813.00"
2019-08-08,2019080801028572,NCCB,48,4,200,242.00,"48,400.00"
2019-08-08,2019080801028502,NCCB,55,4,500,242.00,"121,000.00"
2019-08-08,2019080801028850,NCCB,44,16,500,241.00,"120,500.00"
2019-08-08,2019080801028849,NCCB,4,16,10,241.00,"2,410.00"
2019-08-08,2019080801028848,NCCB,6,16,100,241.00,"24,100.00"
2019-08-08,2019080801028847,NCCB,58,16,685,241.00,"165,085.00"
2019-08-08,2019080801028790,NCCB,21,36,470,242.00,"113,740.00"
2019-08-08,2019080801028789,NCCB,21,42,30,242.00,"7,260.00"
2019-08-08,2019080801028498,NGPL,48,39,11,115.00,"1,265.00"
2019-08-08,2019080801028895,NIB,59,40,10,510.00,"5,100.00"
2019-08-08,2019080801028812,NIB,53,11,332,509.00,"168,988.00"
2019-08-08,2019080801028811,NIB,44,11,50,509.00,"25,450.00"
2019-08-08,2019080801028810,NIB,13,11,50,509.00,"25,450.00"
2019-08-08,2019080801028809,NIB,38,11,26,509.00,"13,234.00"
2019-08-08,2019080801028575,NIB,38,38,24,509.00,"12,216.00"
2019-08-08,2019080801028574,NIB,1,38,100,509.00,"50,900.00"
2019-08-08,2019080801028573,NIB,33,38,107,509.00,"54,463.00"
2019-08-08,2019080801028866,NICA,51,13,50,449.00,"22,450.00"
2019-08-08,2019080801028865,NICA,43,13,150,449.00,"67,350.00"
2019-08-08,2019080801028641,NICA,34,45,50,450.00,"22,500.00"
2019-08-08,2019080801028536,NICA,44,39,98,449.00,"44,002.00"
2019-08-08,2019080801028773,NIL,6,16,50,470.00,"23,500.00"
2019-08-08,2019080801028774,NLBBL,44,57,473,569.00,"269,137.00"
2019-08-08,2019080801028769,NLIC,35,55,56,873.00,"48,888.00"
2019-08-08,2019080801028768,NLIC,43,55,50,873.00,"43,650.00"
2019-08-08,2019080801028767,NLIC,22,55,24,873.00,"20,952.00"
2019-08-08,2019080801028608,NLICL,22,16,90,574.00,"51,660.00"
2019-08-08,2019080801028551,NLICL,25,26,25,572.00,"14,300.00"
2019-08-08,2019080801028596,NMBMF,44,10,59,"1,043.00","61,537.00"
2019-08-08,2019080801028827,NTC,44,44,58,687.00,"39,846.00"
2019-08-08,2019080801028826,NTC,35,44,10,688.00,"6,880.00"
2019-08-08,2019080801028825,NTC,35,44,50,688.00,"34,400.00"
2019-08-08,2019080801028824,NTC,59,44,33,688.00,"22,704.00"
2019-08-08,2019080801028762,NTC,1,44,105,689.00,"72,345.00"
2019-08-08,2019080801028761,NTC,6,44,500,690.00,"345,000.00"
2019-08-08,2019080801028760,NTC,22,44,100,690.00,"69,000.00"
2019-08-08,2019080801028759,NTC,38,44,84,690.00,"57,960.00"
2019-08-08,2019080801028842,NUBL,45,42,14,882.00,"12,348.00"
2019-08-08,2019080801028712,NUBL,38,36,200,884.00,"176,800.00"
2019-08-08,2019080801028550,PCBL,6,39,148,276.00,"40,848.00"
2019-08-08,2019080801028937,PICL,33,26,200,526.00,"105,200.00"
2019-08-08,2019080801028881,PICL,6,26,20,526.00,"10,520.00"
2019-08-08,2019080801028926,PMHPL,52,57,10,102.00,"1,020.00"
2019-08-08,2019080801028992,PRIN,43,16,91,361.00,"32,851.00"
2019-08-08,2019080801028991,PRIN,49,16,347,361.00,"125,267.00"
2019-08-08,2019080801028613,PRIN,49,57,67,361.00,"24,187.00"
2019-08-08,2019080801028612,PRIN,45,57,33,362.00,"11,946.00"
2019-08-08,2019080801028870,PRVU,42,34,500,270.00,"135,000.00"
2019-08-08,2019080801028835,PRVU,19,6,72,269.00,"19,368.00"
2019-08-08,2019080801028799,PRVU,32,34,100,270.00,"27,000.00"
2019-08-08,2019080801028733,PRVU,58,34,85,270.00,"22,950.00"
2019-08-08,2019080801028593,PRVU,58,35,15,270.00,"4,050.00"
2019-08-08,2019080801028557,PRVU,35,36,80,271.00,"21,680.00"
2019-08-08,2019080801028556,PRVU,35,57,170,271.00,"46,070.00"
2019-08-08,2019080801028546,RHPC,32,43,62,87.00,"5,394.00"
2019-08-08,2019080801028718,RHPL,29,26,10,214.00,"2,140.00"
2019-08-08,2019080801028717,RHPL,29,3,40,214.00,"8,560.00"
2019-08-08,2019080801028679,RHPL,34,40,40,214.00,"8,560.00"
2019-08-08,2019080801028678,RHPL,34,3,40,214.00,"8,560.00"
2019-08-08,2019080801028677,RHPL,34,4,30,214.00,"6,420.00"
2019-08-08,2019080801028676,RHPL,34,11,10,214.00,"2,140.00"
2019-08-08,2019080801028588,RHPL,57,7,50,214.00,"10,700.00"
2019-08-08,2019080801028535,RHPL,57,3,20,214.00,"4,280.00"
2019-08-08,2019080801028651,RHPL,34,58,10,214.00,"2,140.00"
2019-08-08,2019080801028650,RHPL,34,3,40,214.00,"8,560.00"
2019-08-08,2019080801028649,RHPL,34,40,40,214.00,"8,560.00"
2019-08-08,2019080801028648,RHPL,34,59,10,214.00,"2,140.00"
2019-08-08,2019080801028590,RHPL,57,59,30,214.00,"6,420.00"
2019-08-08,2019080801028589,RHPL,57,3,20,214.00,"4,280.00"
2019-08-08,2019080801028657,RHPL,34,3,40,214.00,"8,560.00"
2019-08-08,2019080801028656,RHPL,34,40,40,214.00,"8,560.00"
2019-08-08,2019080801028655,RHPL,34,28,40,214.00,"8,560.00"
2019-08-08,2019080801028654,RHPL,34,4,30,214.00,"6,420.00"
2019-08-08,2019080801028653,RHPL,34,55,30,214.00,"6,420.00"
2019-08-08,2019080801028652,RHPL,34,32,20,214.00,"4,280.00"
2019-08-08,2019080801028663,RHPL,34,3,40,214.00,"8,560.00"
2019-08-08,2019080801028662,RHPL,34,4,40,214.00,"8,560.00"
2019-08-08,2019080801028661,RHPL,34,40,40,214.00,"8,560.00"
2019-08-08,2019080801028660,RHPL,34,38,20,214.00,"4,280.00"
2019-08-08,2019080801028659,RHPL,34,3,40,214.00,"8,560.00"
2019-08-08,2019080801028658,RHPL,34,57,40,214.00,"8,560.00"
2019-08-08,2019080801028669,RHPL,34,49,20,214.00,"4,280.00"
2019-08-08,2019080801028668,RHPL,34,4,30,214.00,"6,420.00"
2019-08-08,2019080801028667,RHPL,34,40,40,214.00,"8,560.00"
2019-08-08,2019080801028666,RHPL,34,16,40,214.00,"8,560.00"
2019-08-08,2019080801028665,RHPL,34,3,40,214.00,"8,560.00"
2019-08-08,2019080801028664,RHPL,34,56,40,214.00,"8,560.00"
2019-08-08,2019080801028675,RHPL,34,39,30,214.00,"6,420.00"
2019-08-08,2019080801028674,RHPL,34,3,40,214.00,"8,560.00"
2019-08-08,2019080801028673,RHPL,34,59,40,214.00,"8,560.00"
2019-08-08,2019080801028672,RHPL,34,3,40,214.00,"8,560.00"
2019-08-08,2019080801028671,RHPL,34,3,40,214.00,"8,560.00"
2019-08-08,2019080801028670,RHPL,34,44,40,214.00,"8,560.00"
2019-08-08,2019080801028549,RMDC,34,28,100,664.00,"66,400.00"
2019-08-08,2019080801028918,RRHP,22,44,10,108.00,"1,080.00"
2019-08-08,2019080801028600,RRHP,22,59,10,108.00,"1,080.00"
2019-08-08,2019080801028597,RRHP,22,1,10,108.00,"1,080.00"
2019-08-08,2019080801028694,RSDC,32,42,50,365.00,"18,250.00"
2019-08-08,2019080801028627,RSDC,32,41,33,365.00,"12,045.00"
2019-08-08,2019080801028626,RSDC,17,41,200,366.00,"73,200.00"
2019-08-08,2019080801028625,RSDC,5,41,67,366.00,"24,522.00"
2019-08-08,2019080801028507,RSDC,5,55,33,366.00,"12,078.00"
2019-08-08,2019080801028617,SADBL,22,56,500,150.00,"75,000.00"
2019-08-08,2019080801028697,SANIMA,34,38,347,350.00,"121,450.00"
2019-08-08,2019080801028696,SANIMA,42,38,100,350.00,"35,000.00"
2019-08-08,2019080801028695,SANIMA,37,38,200,350.00,"70,000.00"
2019-08-08,2019080801028569,SCB,14,39,20,648.00,"12,960.00"
2019-08-08,2019080801028828,SDESI,29,58,23,611.00,"14,053.00"
2019-08-08,2019080801028591,SDESI,29,55,12,611.00,"7,332.00"
2019-08-08,2019080801028860,SHIVM,21,58,200,580.00,"116,000.00"
2019-08-08,2019080801028681,SHIVM,52,45,20,578.00,"11,560.00"
2019-08-08,2019080801028543,SHIVM,50,58,200,580.00,"116,000.00"
2019-08-08,2019080801028616,SHPC,16,43,14,240.00,"3,360.00"
2019-08-08,2019080801028615,SHPC,22,43,25,240.00,"6,000.00"
2019-08-08,2019080801028634,SIC,4,49,300,600.00,"180,000.00"
2019-08-08,2019080801028996,SJCL,43,21,20,224.00,"4,480.00"
2019-08-08,2019080801028994,SJCL,43,44,20,224.00,"4,480.00"
2019-08-08,2019080801028993,SJCL,43,26,20,224.00,"4,480.00"
2019-08-08,2019080801028990,SJCL,43,49,20,224.00,"4,480.00"
2019-08-08,2019080801028936,SJCL,43,22,20,224.00,"4,480.00"
2019-08-08,2019080801028932,SJCL,57,56,20,223.00,"4,460.00"
2019-08-08,2019080801028499,SJCL,50,21,20,221.00,"4,420.00"
2019-08-08,2019080801028497,SJCL,50,21,20,221.00,"4,420.00"
2019-08-08,2019080801028512,SJCL,42,42,20,223.00,"4,460.00"
2019-08-08,2019080801028511,SJCL,42,42,20,223.00,"4,460.00"
2019-08-08,2019080801028510,SJCL,42,48,20,223.00,"4,460.00"
2019-08-08,2019080801028509,SJCL,42,48,20,223.00,"4,460.00"
2019-08-08,2019080801028508,SJCL,42,58,10,223.00,"2,230.00"
2019-08-08,2019080801028500,SJCL,37,17,10,222.00,"2,220.00"
2019-08-08,2019080801028518,SJCL,42,47,20,223.00,"4,460.00"
2019-08-08,2019080801028517,SJCL,42,37,20,223.00,"4,460.00"
2019-08-08,2019080801028516,SJCL,42,37,20,223.00,"4,460.00"
2019-08-08,2019080801028515,SJCL,42,37,20,223.00,"4,460.00"
2019-08-08,2019080801028514,SJCL,42,16,20,223.00,"4,460.00"
2019-08-08,2019080801028513,SJCL,42,42,20,223.00,"4,460.00"
2019-08-08,2019080801028524,SJCL,42,45,20,224.00,"4,480.00"
2019-08-08,2019080801028523,SJCL,42,1,20,224.00,"4,480.00"
2019-08-08,2019080801028522,SJCL,42,1,20,224.00,"4,480.00"
2019-08-08,2019080801028521,SJCL,42,58,20,224.00,"4,480.00"
2019-08-08,2019080801028520,SJCL,42,29,20,224.00,"4,480.00"
2019-08-08,2019080801028519,SJCL,42,35,20,224.00,"4,480.00"
2019-08-08,2019080801028530,SJCL,42,16,10,224.00,"2,240.00"
2019-08-08,2019080801028529,SJCL,42,10,20,224.00,"4,480.00"
2019-08-08,2019080801028528,SJCL,42,16,20,224.00,"4,480.00"
2019-08-08,2019080801028527,SJCL,42,16,10,224.00,"2,240.00"
2019-08-08,2019080801028526,SJCL,42,1,20,224.00,"4,480.00"
2019-08-08,2019080801028525,SJCL,42,16,20,224.00,"4,480.00"
2019-08-08,2019080801028538,SJCL,50,29,20,221.00,"4,420.00"
2019-08-08,2019080801028537,SJCL,37,55,10,222.00,"2,220.00"
2019-08-08,2019080801028534,SJCL,42,16,10,224.00,"2,240.00"
2019-08-08,2019080801028533,SJCL,42,34,20,224.00,"4,480.00"
2019-08-08,2019080801028532,SJCL,42,16,20,224.00,"4,480.00"
2019-08-08,2019080801028531,SJCL,42,16,20,224.00,"4,480.00"
2019-08-08,2019080801028553,SJCL,50,29,20,221.00,"4,420.00"
2019-08-08,2019080801028552,SJCL,50,21,20,221.00,"4,420.00"
2019-08-08,2019080801028547,SJCL,50,41,20,221.00,"4,420.00"
2019-08-08,2019080801028545,SJCL,50,44,20,221.00,"4,420.00"
2019-08-08,2019080801028542,SJCL,50,40,20,221.00,"4,420.00"
2019-08-08,2019080801028541,SJCL,50,21,20,221.00,"4,420.00"
2019-08-08,2019080801028566,SJCL,45,21,20,222.00,"4,440.00"
2019-08-08,2019080801028565,SJCL,45,44,20,222.00,"4,440.00"
2019-08-08,2019080801028564,SJCL,45,22,20,222.00,"4,440.00"
2019-08-08,2019080801028563,SJCL,45,17,10,222.00,"2,220.00"
2019-08-08,2019080801028562,SJCL,45,55,10,222.00,"2,220.00"
2019-08-08,2019080801028561,SJCL,45,41,20,221.00,"4,420.00"
2019-08-08,2019080801028599,SJCL,50,59,10,221.00,"2,210.00"
2019-08-08,2019080801028592,SJCL,50,41,20,221.00,"4,420.00"
2019-08-08,2019080801028586,SJCL,50,44,20,221.00,"4,420.00"
2019-08-08,2019080801028585,SJCL,50,57,20,221.00,"4,420.00"
2019-08-08,2019080801028580,SJCL,50,21,20,221.00,"4,420.00"
2019-08-08,2019080801028571,SJCL,50,40,20,221.00,"4,420.00"
2019-08-08,2019080801028628,SJCL,49,1,10,222.00,"2,220.00"
2019-08-08,2019080801028623,SJCL,45,44,11,222.00,"2,442.00"
2019-08-08,2019080801028622,SJCL,50,21,10,221.00,"2,210.00"
2019-08-08,2019080801028614,SJCL,50,44,20,221.00,"4,420.00"
2019-08-08,2019080801028602,SJCL,50,40,20,221.00,"4,420.00"
2019-08-08,2019080801028601,SJCL,50,44,20,221.00,"4,420.00"
2019-08-08,2019080801028643,SJCL,49,21,20,222.00,"4,440.00"
2019-08-08,2019080801028642,SJCL,49,21,20,222.00,"4,440.00"
2019-08-08,2019080801028635,SJCL,49,53,20,222.00,"4,440.00"
2019-08-08,2019080801028633,SJCL,49,21,20,222.00,"4,440.00"
2019-08-08,2019080801028631,SJCL,49,40,20,222.00,"4,440.00"
2019-08-08,2019080801028629,SJCL,49,21,20,222.00,"4,440.00"
2019-08-08,2019080801028691,SJCL,49,58,20,222.00,"4,440.00"
2019-08-08,2019080801028689,SJCL,49,55,20,222.00,"4,440.00"
2019-08-08,2019080801028682,SJCL,49,21,20,222.00,"4,440.00"
2019-08-08,2019080801028680,SJCL,49,21,20,222.00,"4,440.00"
2019-08-08,2019080801028646,SJCL,49,6,20,222.00,"4,440.00"
2019-08-08,2019080801028644,SJCL,49,26,10,222.00,"2,220.00"
2019-08-08,2019080801028705,SJCL,59,10,10,223.00,"2,230.00"
2019-08-08,2019080801028704,SJCL,59,21,20,223.00,"4,460.00"
2019-08-08,2019080801028700,SJCL,59,55,20,223.00,"4,460.00"
2019-08-08,2019080801028699,SJCL,59,41,10,223.00,"2,230.00"
2019-08-08,2019080801028698,SJCL,59,55,20,223.00,"4,460.00"
2019-08-08,2019080801028693,SJCL,49,21,20,222.00,"4,440.00"
2019-08-08,2019080801028713,SJCL,49,48,20,222.00,"4,440.00"
2019-08-08,2019080801028711,SJCL,49,21,20,222.00,"4,440.00"
2019-08-08,2019080801028710,SJCL,49,17,20,222.00,"4,440.00"
2019-08-08,2019080801028709,SJCL,49,56,20,222.00,"4,440.00"
2019-08-08,2019080801028708,SJCL,49,21,20,222.00,"4,440.00"
2019-08-08,2019080801028706,SJCL,59,40,20,223.00,"4,460.00"
2019-08-08,2019080801028735,SJCL,49,21,20,222.00,"4,440.00"
2019-08-08,2019080801028734,SJCL,49,58,20,222.00,"4,440.00"
2019-08-08,2019080801028732,SJCL,49,21,20,222.00,"4,440.00"
2019-08-08,2019080801028731,SJCL,49,35,10,222.00,"2,220.00"
2019-08-08,2019080801028730,SJCL,49,21,20,222.00,"4,440.00"
2019-08-08,2019080801028729,SJCL,49,17,20,222.00,"4,440.00"
2019-08-08,2019080801028748,SJCL,49,21,20,222.00,"4,440.00"
2019-08-08,2019080801028746,SJCL,49,6,20,222.00,"4,440.00"
2019-08-08,2019080801028743,SJCL,49,21,20,222.00,"4,440.00"
2019-08-08,2019080801028740,SJCL,49,40,20,222.00,"4,440.00"
2019-08-08,2019080801028739,SJCL,49,21,20,222.00,"4,440.00"
2019-08-08,2019080801028736,SJCL,49,43,20,222.00,"4,440.00"
2019-08-08,2019080801028771,SJCL,48,21,20,223.00,"4,460.00"
2019-08-08,2019080801028770,SJCL,49,21,20,222.00,"4,440.00"
2019-08-08,2019080801028766,SJCL,49,21,20,222.00,"4,440.00"
2019-08-08,2019080801028757,SJCL,49,56,10,222.00,"2,220.00"
2019-08-08,2019080801028785,SJCL,48,21,20,223.00,"4,460.00"
2019-08-08,2019080801028784,SJCL,48,58,20,223.00,"4,460.00"
2019-08-08,2019080801028783,SJCL,48,20,20,223.00,"4,460.00"
2019-08-08,2019080801028782,SJCL,48,40,20,223.00,"4,460.00"
2019-08-08,2019080801028776,SJCL,48,56,20,223.00,"4,460.00"
2019-08-08,2019080801028772,SJCL,48,43,20,223.00,"4,460.00"
2019-08-08,2019080801028800,SJCL,48,21,20,223.00,"4,460.00"
2019-08-08,2019080801028792,SJCL,48,39,20,223.00,"4,460.00"
2019-08-08,2019080801028791,SJCL,48,49,20,223.00,"4,460.00"
2019-08-08,2019080801028788,SJCL,48,58,20,223.00,"4,460.00"
2019-08-08,2019080801028787,SJCL,48,21,20,223.00,"4,460.00"
2019-08-08,2019080801028786,SJCL,48,35,10,223.00,"2,230.00"
2019-08-08,2019080801028836,SJCL,48,20,20,223.00,"4,460.00"
2019-08-08,2019080801028834,SJCL,48,21,20,223.00,"4,460.00"
2019-08-08,2019080801028814,SJCL,48,56,20,223.00,"4,460.00"
2019-08-08,2019080801028813,SJCL,48,20,10,223.00,"2,230.00"
2019-08-08,2019080801028805,SJCL,48,21,20,223.00,"4,460.00"
2019-08-08,2019080801028802,SJCL,48,40,10,223.00,"2,230.00"
2019-08-08,2019080801028856,SJCL,48,35,10,223.00,"2,230.00"
2019-08-08,2019080801028845,SJCL,48,21,20,223.00,"4,460.00"
2019-08-08,2019080801028841,SJCL,48,58,20,223.00,"4,460.00"
2019-08-08,2019080801028840,SJCL,48,49,10,223.00,"2,230.00"
2019-08-08,2019080801028838,SJCL,48,1,20,223.00,"4,460.00"
2019-08-08,2019080801028837,SJCL,48,21,20,223.00,"4,460.00"
2019-08-08,2019080801028868,SJCL,18,21,20,223.00,"4,460.00"
2019-08-08,2019080801028863,SJCL,18,26,20,223.00,"4,460.00"
2019-08-08,2019080801028862,SJCL,18,49,10,223.00,"2,230.00"
2019-08-08,2019080801028861,SJCL,48,49,10,223.00,"2,230.00"
2019-08-08,2019080801028859,SJCL,48,57,20,223.00,"4,460.00"
2019-08-08,2019080801028857,SJCL,48,20,20,223.00,"4,460.00"
2019-08-08,2019080801028882,SJCL,18,56,10,223.00,"2,230.00"
2019-08-08,2019080801028876,SJCL,18,40,20,223.00,"4,460.00"
2019-08-08,2019080801028875,SJCL,18,21,20,223.00,"4,460.00"
2019-08-08,2019080801028872,SJCL,18,56,20,223.00,"4,460.00"
2019-08-08,2019080801028871,SJCL,18,21,20,223.00,"4,460.00"
2019-08-08,2019080801028869,SJCL,18,56,20,223.00,"4,460.00"
2019-08-08,2019080801028890,SJCL,57,56,20,223.00,"4,460.00"
2019-08-08,2019080801028887,SJCL,57,21,20,223.00,"4,460.00"
2019-08-08,2019080801028885,SJCL,18,58,20,223.00,"4,460.00"
2019-08-08,2019080801028884,SJCL,18,44,20,223.00,"4,460.00"
2019-08-08,2019080801028905,SJCL,57,21,20,223.00,"4,460.00"
2019-08-08,2019080801028903,SJCL,57,29,20,223.00,"4,460.00"
2019-08-08,2019080801028901,SJCL,57,49,20,223.00,"4,460.00"
2019-08-08,2019080801028900,SJCL,57,56,10,223.00,"2,230.00"
2019-08-08,2019080801028896,SJCL,57,21,20,223.00,"4,460.00"
2019-08-08,2019080801028894,SJCL,57,21,20,223.00,"4,460.00"
2019-08-08,2019080801028916,SJCL,43,16,20,224.00,"4,480.00"
2019-08-08,2019080801028915,SJCL,43,16,20,224.00,"4,480.00"
2019-08-08,2019080801028914,SJCL,43,16,20,224.00,"4,480.00"
2019-08-08,2019080801028913,SJCL,43,16,20,224.00,"4,480.00"
2019-08-08,2019080801028912,SJCL,43,16,10,224.00,"2,240.00"
2019-08-08,2019080801028911,SJCL,43,41,20,224.00,"4,480.00"
2019-08-08,2019080801028931,SJCL,57,40,20,223.00,"4,460.00"
2019-08-08,2019080801028930,SJCL,57,21,20,223.00,"4,460.00"
2019-08-08,2019080801028929,SJCL,57,56,10,223.00,"2,230.00"
2019-08-08,2019080801028924,SJCL,57,58,20,223.00,"4,460.00"
2019-08-08,2019080801028922,SJCL,57,21,20,223.00,"4,460.00"
2019-08-08,2019080801028921,SJCL,57,21,20,223.00,"4,460.00"
2019-08-08,2019080801028745,SLBBL,44,40,285,550.00,"156,750.00"
2019-08-08,2019080801028554,SLBBL,22,38,150,554.00,"83,100.00"
2019-08-08,2019080801028822,SLICL,34,51,150,455.00,"68,250.00"
2019-08-08,2019080801028818,SLICL,32,51,50,455.00,"22,750.00"
2019-08-08,2019080801028632,SLICL,59,57,106,453.00,"48,018.00"
2019-08-08,2019080801028647,SMB,42,42,10,500.00,"5,000.00"
2019-08-08,2019080801028864,SMFBS,25,43,10,778.00,"7,780.00"
2019-08-08,2019080801028880,SMFDB,7,55,18,547.00,"9,846.00"
2019-08-08,2019080801028548,SMFDB,59,55,10,550.00,"5,500.00"
2019-08-08,2019080801028742,SPARS,22,57,10,611.00,"6,110.00"
2019-08-08,2019080801028874,SRBL,44,45,150,243.00,"36,450.00"
2019-08-08,2019080801028801,SRBL,22,34,20,244.00,"4,880.00"
2019-08-08,2019080801028618,SWBBL,35,35,1,930.00,930.00
2019-08-08,2019080801028581,TRH,44,39,40,309.00,"12,360.00"
2019-08-08,2019080801028577,TRH,44,51,240,309.00,"74,160.00"
2019-08-08,2019080801028796,UIC,37,42,16,328.00,"5,248.00"
2019-08-08,2019080801028795,UIC,53,42,49,328.00,"16,072.00"
2019-08-08,2019080801028794,UIC,34,42,25,329.00,"8,225.00"
2019-08-08,2019080801028558,UPCL,41,57,100,86.00,"8,600.00"
2019-08-08,2019080801028897,UPPER,21,54,300,266.00,"79,800.00"
2019-08-08,2019080801028867,UPPER,11,43,40,265.00,"10,600.00"
2019-08-08,2019080801028703,UPPER,11,42,450,265.00,"119,250.00"
2019-08-08,2019080801028702,UPPER,11,54,920,265.00,"243,800.00"
2019-08-08,2019080801028607,UPPER,11,47,40,264.00,"10,560.00"
2019-08-08,2019080801028568,UPPER,11,16,32,264.00,"8,448.00"
2019-08-08,2019080801028567,UPPER,19,16,268,264.00,"70,752.00"
2019-08-08,2019080801028544,UPPER,19,1,50,264.00,"13,200.00"
2019-08-08,2019080801028816,VLBS,33,55,27,590.00,"15,930.00"
2019-08-08,2019080801028747,VLBS,33,44,32,585.00,"18,720.00"
2019-08-08,2019080801028448,ADBL,49,4,"1,000",431.00,"431,000.00"
2019-08-08,2019080801028282,ADBL,53,45,32,430.00,"13,760.00"
2019-08-08,2019080801028281,ADBL,1,45,100,430.00,"43,000.00"
2019-08-08,2019080801028280,ADBL,53,45,114,430.00,"49,020.00"
2019-08-08,2019080801028342,AKJCL,32,5,20,68.00,"1,360.00"
2019-08-08,2019080801028100,API,16,53,373,130.00,"48,490.00"
2019-08-08,2019080801028099,API,44,53,100,131.00,"13,100.00"
2019-08-08,2019080801028098,API,6,53,27,131.00,"3,537.00"
2019-08-08,2019080801028050,API,51,45,10,132.00,"1,320.00"
2019-08-08,2019080801028461,BOKL,58,42,200,263.00,"52,600.00"
2019-08-08,2019080801028298,BOKL,16,42,100,263.00,"26,300.00"
2019-08-08,2019080801028226,BOKL,59,45,170,262.00,"44,540.00"
2019-08-08,2019080801028437,BPCL,7,57,50,394.00,"19,700.00"
2019-08-08,2019080801028238,CBL,22,1,651,151.00,"98,301.00"
2019-08-08,2019080801028237,CBL,51,1,49,151.00,"7,399.00"
2019-08-08,2019080801028175,CBL,51,34,151,151.00,"22,801.00"
2019-08-08,2019080801028174,CBL,34,34,349,151.00,"52,699.00"
2019-08-08,2019080801028138,CBLPO,58,10,"11,070",100.00,"1,107,000.00"
2019-08-08,2019080801028159,CCBL,58,53,411,166.00,"68,226.00"
2019-08-08,2019080801028158,CCBL,47,53,200,166.00,"33,200.00"
2019-08-08,2019080801028157,CCBL,45,53,389,166.00,"64,574.00"
2019-08-08,2019080801028053,CCBL,45,33,100,166.00,"16,600.00"
2019-08-08,2019080801028095,CFCL,44,28,"1,616",117.00,"189,072.00"
2019-08-08,2019080801028094,CFCL,1,28,384,117.00,"44,928.00"
2019-08-08,2019080801028419,CHCL,22,39,150,491.00,"73,650.00"
2019-08-08,2019080801028349,CHCL,28,53,100,490.00,"49,000.00"
2019-08-08,2019080801028343,CHCL,28,1,190,490.00,"93,100.00"
2019-08-08,2019080801028278,CHCL,28,16,304,490.00,"148,960.00"
2019-08-08,2019080801028384,CIT,20,25,18,"2,400.00","43,200.00"
2019-08-08,2019080801028383,CIT,59,25,19,"2,401.00","45,619.00"
2019-08-08,2019080801028382,CIT,33,25,30,"2,404.00","72,120.00"
2019-08-08,2019080801028381,CIT,54,25,25,"2,406.00","60,150.00"
2019-08-08,2019080801028380,CIT,1,25,30,"2,407.00","72,210.00"
2019-08-08,2019080801028379,CIT,56,25,78,"2,408.00","187,824.00"
2019-08-08,2019080801028362,EBL,14,6,51,654.00,"33,354.00"
2019-08-08,2019080801028329,EBL,51,6,50,654.00,"32,700.00"
2019-08-08,2019080801028266,EDBL,54,43,20,290.00,"5,800.00"
2019-08-08,2019080801028265,EDBL,54,45,20,290.00,"5,800.00"
2019-08-08,2019080801028160,EIC,49,32,45,345.00,"15,525.00"
2019-08-08,2019080801028122,GBBL,49,57,17,221.00,"3,757.00"
2019-08-08,2019080801028121,GBBL,49,32,922,221.00,"203,762.00"
2019-08-08,2019080801028120,GBBL,49,16,471,220.00,"103,620.00"
2019-08-08,2019080801028022,GBBL,28,1,200,219.00,"43,800.00"
2019-08-08,2019080801028287,GBLBS,16,39,10,371.00,"3,710.00"
2019-08-08,2019080801028252,GBLBS,16,19,135,371.00,"50,085.00"
2019-08-08,2019080801028236,GBLBS,17,38,161,368.00,"59,248.00"
2019-08-08,2019080801028235,GBLBS,43,38,129,368.00,"47,472.00"
2019-08-08,2019080801028234,GBLBS,46,38,110,368.00,"40,480.00"
2019-08-08,2019080801028189,GBLBS,46,38,90,368.00,"33,120.00"
2019-08-08,2019080801028188,GBLBS,47,38,100,368.00,"36,800.00"
2019-08-08,2019080801028187,GBLBS,57,38,10,368.00,"3,680.00"
2019-08-08,2019080801028186,GBLBS,48,38,50,369.00,"18,450.00"
2019-08-08,2019080801028051,GBLBS,6,19,50,371.00,"18,550.00"
2019-08-08,2019080801028021,GBLBS,48,38,50,369.00,"18,450.00"
2019-08-08,2019080801028020,GBLBS,36,38,50,369.00,"18,450.00"
2019-08-08,2019080801028488,GDBL,47,1,141,206.00,"29,046.00"
2019-08-08,2019080801028401,GHL,16,32,10,82.00,820.00
2019-08-08,2019080801028363,GLBSL,17,51,10,541.00,"5,410.00"
2019-08-08,2019080801028128,GLBSL,51,7,10,549.00,"5,490.00"
2019-08-08,2019080801028467,GMFBS,11,1,10,579.00,"5,790.00"
2019-08-08,2019080801028416,GMFBS,7,34,80,580.00,"46,400.00"
2019-08-08,2019080801028415,GMFBS,1,34,60,581.00,"34,860.00"
2019-08-08,2019080801028414,GMFBS,49,34,10,582.00,"5,820.00"
2019-08-08,2019080801028396,GMFBS,49,57,10,582.00,"5,820.00"
2019-08-08,2019080801028409,HBL,14,39,678,548.00,"371,544.00"
2019-08-08,2019080801028408,HBL,41,39,100,549.00,"54,900.00"
2019-08-08,2019080801028495,ILBS,7,1,10,469.00,"4,690.00"
2019-08-08,2019080801028434,ILBS,54,6,20,470.00,"9,400.00"
2019-08-08,2019080801028407,ILBS,11,45,10,470.00,"4,700.00"
2019-08-08,2019080801028302,JFL,4,58,50,190.00,"9,500.00"
2019-08-08,2019080801028361,JOSHI,1,35,10,73.00,730.00
2019-08-08,2019080801028344,JOSHI,1,35,20,73.00,"1,460.00"
2019-08-08,2019080801028321,JOSHI,1,35,20,73.00,"1,460.00"
2019-08-08,2019080801028228,JOSHI,1,35,20,73.00,"1,460.00"
2019-08-08,2019080801028269,KBL,59,4,836,210.00,"175,560.00"
2019-08-08,2019080801028268,KBL,4,4,500,210.00,"105,000.00"
2019-08-08,2019080801028267,KBL,32,4,664,210.00,"139,440.00"
2019-08-08,2019080801028055,KBL,32,1,200,210.00,"42,000.00"
2019-08-08,2019080801028375,KSBBL,1,1,182,149.00,"27,118.00"
2019-08-08,2019080801028097,KSBBL,32,1,18,150.00,"2,700.00"
2019-08-08,2019080801028014,KSBBL,32,14,82,150.00,"12,300.00"
2019-08-08,2019080801028013,KSBBL,8,14,300,150.00,"45,000.00"
2019-08-08,2019080801028012,KSBBL,29,14,950,150.00,"142,500.00"
2019-08-08,2019080801028011,KSBBL,1,14,200,150.00,"30,000.00"
2019-08-08,2019080801028010,KSBBL,56,14,500,150.00,"75,000.00"
2019-08-08,2019080801028009,KSBBL,59,14,100,150.00,"15,000.00"
2019-08-08,2019080801028008,KSBBL,14,14,"1,000",150.00,"150,000.00"
2019-08-08,2019080801028007,KSBBL,45,14,100,150.00,"15,000.00"
2019-08-08,2019080801028006,KSBBL,49,14,568,150.00,"85,200.00"
2019-08-08,2019080801028005,KSBBL,56,14,500,151.00,"75,500.00"
2019-08-08,2019080801028336,LBBL,32,46,400,171.00,"68,400.00"
2019-08-08,2019080801028101,LBBL,39,46,100,171.00,"17,100.00"
2019-08-08,2019080801028449,LBL,16,58,100,215.00,"21,500.00"
2019-08-08,2019080801028442,LBL,16,34,654,215.00,"140,610.00"
2019-08-08,2019080801028129,LBL,25,7,"1,190",215.00,"255,850.00"
2019-08-08,2019080801028073,LBL,13,39,223,214.00,"47,722.00"
2019-08-08,2019080801028072,LBL,1,39,200,214.00,"42,800.00"
2019-08-08,2019080801028455,LGIL,33,34,300,421.00,"126,300.00"
2019-08-08,2019080801028066,LGIL,57,11,200,422.00,"84,400.00"
2019-08-08,2019080801028286,LLBS,57,55,22,754.00,"16,588.00"
2019-08-08,2019080801028208,LLBS,19,36,100,760.00,"76,000.00"
2019-08-08,2019080801028207,LLBS,11,36,26,765.00,"19,890.00"
2019-08-08,2019080801028062,LLBS,11,39,24,765.00,"18,360.00"
2019-08-08,2019080801028335,LVF1,7,47,300,10.98,"3,294.00"
2019-08-08,2019080801028391,MBL,44,28,100,258.00,"25,800.00"
2019-08-08,2019080801028478,MEGA,25,47,374,201.00,"75,174.00"
2019-08-08,2019080801028477,MEGA,45,47,50,201.00,"10,050.00"
2019-08-08,2019080801028091,MEGA,20,4,50,201.00,"10,050.00"
2019-08-08,2019080801028136,MEGA,34,4,50,201.00,"10,050.00"
2019-08-08,2019080801028135,MEGA,34,43,204,201.00,"41,004.00"
2019-08-08,2019080801028134,MEGA,20,43,412,201.00,"82,812.00"
2019-08-08,2019080801028180,MEGA,34,4,70,201.00,"14,070.00"
2019-08-08,2019080801028446,MEGA,34,45,100,201.00,"20,100.00"
2019-08-08,2019080801028476,MEGA,46,47,100,201.00,"20,100.00"
2019-08-08,2019080801028475,MEGA,34,47,76,201.00,"15,276.00"
2019-08-08,2019080801028150,MHNL,17,54,40,103.00,"4,120.00"
2019-08-08,2019080801028067,MHNL,17,54,40,103.00,"4,120.00"
2019-08-08,2019080801028486,MLBBL,43,55,28,483.00,"13,524.00"
2019-08-08,2019080801028466,MLBBL,43,39,22,483.00,"10,626.00"
2019-08-08,2019080801028465,MLBBL,52,39,10,483.00,"4,830.00"
2019-08-08,2019080801028464,MLBBL,55,39,10,483.00,"4,830.00"
2019-08-08,2019080801028325,MLBBL,44,22,100,492.00,"49,200.00"
2019-08-08,2019080801028318,MNBBL,51,16,236,372.00,"87,792.00"
2019-08-08,2019080801028161,MNBBL,51,1,200,372.00,"74,400.00"
2019-08-08,2019080801028213,MPFL,48,42,200,116.00,"23,200.00"
2019-08-08,2019080801028453,NABIL,16,6,96,790.00,"75,840.00"
2019-08-08,2019080801028452,NABIL,16,11,304,790.00,"240,160.00"
2019-08-08,2019080801028317,NABIL,13,1,50,789.00,"39,450.00"
2019-08-08,2019080801028316,NABIL,58,1,100,789.00,"78,900.00"
2019-08-08,2019080801028015,NABIL,47,11,15,790.00,"11,850.00"
2019-08-08,2019080801028173,NBB,57,34,500,217.00,"108,500.00"
2019-08-08,2019080801028172,NBB,57,57,294,217.00,"63,798.00"
2019-08-08,2019080801028458,NBL,33,57,100,327.00,"32,700.00"
2019-08-08,2019080801028246,NBL,51,41,200,327.00,"65,400.00"
2019-08-08,2019080801028245,NBL,44,41,"1,000",327.00,"327,000.00"
2019-08-08,2019080801028479,NCCB,58,34,822,241.00,"198,102.00"
2019-08-08,2019080801028427,NCCB,36,34,50,241.00,"12,050.00"
2019-08-08,2019080801028426,NCCB,49,34,"1,128",241.00,"271,848.00"
2019-08-08,2019080801028326,NCCB,58,4,10,242.00,"2,420.00"
2019-08-08,2019080801028309,NCCB,49,13,950,241.00,"228,950.00"
2019-08-08,2019080801028308,NCCB,49,13,300,241.00,"72,300.00"
2019-08-08,2019080801028117,NCCB,16,50,132,241.00,"31,812.00"
2019-08-08,2019080801028116,NCCB,16,50,868,241.00,"209,188.00"
2019-08-08,2019080801028023,NCCB,45,50,100,241.00,"24,100.00"
2019-08-08,2019080801028182,NCCB,8,50,"1,122",241.00,"270,402.00"
2019-08-08,2019080801028167,NCCB,49,38,438,240.00,"105,120.00"
2019-08-08,2019080801028166,NCCB,25,38,500,240.00,"120,000.00"
2019-08-08,2019080801028165,NCCB,22,38,50,240.00,"12,000.00"
2019-08-08,2019080801028164,NCCB,16,38,15,240.00,"3,600.00"
2019-08-08,2019080801028163,NCCB,6,38,347,240.00,"83,280.00"
2019-08-08,2019080801028307,NCCB,49,32,"2,000",241.00,"482,000.00"
2019-08-08,2019080801028306,NCCB,49,26,500,241.00,"120,500.00"
2019-08-08,2019080801028305,NCCB,49,36,122,241.00,"29,402.00"
2019-08-08,2019080801028191,NCCB,55,36,378,241.00,"91,098.00"
2019-08-08,2019080801028190,NCCB,55,50,122,241.00,"29,402.00"
2019-08-08,2019080801028183,NCCB,8,50,878,241.00,"211,598.00"
2019-08-08,2019080801028131,NGPL,48,39,11,115.00,"1,265.00"
2019-08-08,2019080801028102,NHPC,14,49,100,63.00,"6,300.00"
2019-08-08,2019080801028285,NIB,33,50,132,509.00,"67,188.00"
2019-08-08,2019080801028153,NIB,26,50,68,510.00,"34,680.00"
2019-08-08,2019080801028057,NIB,26,39,232,510.00,"118,320.00"
2019-08-08,2019080801028056,NIB,7,39,68,510.00,"34,680.00"
2019-08-08,2019080801028348,NICA,44,57,78,449.00,"35,022.00"
2019-08-08,2019080801028347,NICA,42,57,10,449.00,"4,490.00"
2019-08-08,2019080801028346,NICA,55,57,612,449.00,"274,788.00"
2019-08-08,2019080801028105,NICA,44,33,344,450.00,"154,800.00"
2019-08-08,2019080801028104,NICA,44,50,36,450.00,"16,200.00"
2019-08-08,2019080801028068,NICA,55,34,30,449.00,"13,470.00"
2019-08-08,2019080801028027,NICA,55,39,36,449.00,"16,164.00"
2019-08-08,2019080801028253,NICL,19,25,222,345.00,"76,590.00"
2019-08-08,2019080801028177,NICL,44,7,386,344.00,"132,784.00"
2019-08-08,2019080801028064,NIL,14,11,133,468.00,"62,244.00"
2019-08-08,2019080801028480,NLBBL,40,33,50,572.00,"28,600.00"
2019-08-08,2019080801028440,NLBBL,1,21,200,568.00,"113,600.00"
2019-08-08,2019080801028439,NLBBL,33,21,50,568.00,"28,400.00"
2019-08-08,2019080801028438,NLBBL,35,21,50,568.00,"28,400.00"
2019-08-08,2019080801028258,NLBBL,33,33,300,570.00,"171,000.00"
2019-08-08,2019080801028463,NLIC,22,43,126,873.00,"109,998.00"
2019-08-08,2019080801028462,NLIC,34,43,43,873.00,"37,539.00"
2019-08-08,2019080801028423,NLIC,35,44,900,874.00,"786,600.00"
2019-08-08,2019080801028386,NLIC,28,44,100,874.00,"87,400.00"
2019-08-08,2019080801028400,NLICL,11,26,200,572.00,"114,400.00"
2019-08-08,2019080801028399,NLICL,39,26,81,572.00,"46,332.00"
2019-08-08,2019080801028398,NLICL,53,26,85,573.00,"48,705.00"
2019-08-08,2019080801028256,NLICL,53,53,115,573.00,"65,895.00"
2019-08-08,2019080801028364,NMBMF,11,45,30,"1,059.00","31,770.00"
2019-08-08,2019080801028485,NMFBS,7,39,15,"1,485.00","22,275.00"
2019-08-08,2019080801028377,NNLB,33,55,100,444.00,"44,400.00"
2019-08-08,2019080801028376,NNLB,55,55,14,446.00,"6,244.00"
2019-08-08,2019080801028201,PCBL,26,39,28,275.00,"7,700.00"
2019-08-08,2019080801028200,PCBL,22,39,20,275.00,"5,500.00"
2019-08-08,2019080801028490,PFL,13,26,10,137.00,"1,370.00"
2019-08-08,2019080801028369,PIC,20,8,100,467.00,"46,700.00"
2019-08-08,2019080801028411,PMHPL,52,57,10,102.00,"1,020.00"
2019-08-08,2019080801028373,PRVU,19,57,570,269.00,"153,330.00"
2019-08-08,2019080801028372,PRVU,56,57,730,269.00,"196,370.00"
2019-08-08,2019080801028371,PRVU,54,57,700,270.00,"189,000.00"
2019-08-08,2019080801028358,PRVU,54,16,300,270.00,"81,000.00"
2019-08-08,2019080801028077,PRVU,32,50,"2,984",270.00,"805,680.00"
2019-08-08,2019080801028031,PRVU,43,50,16,270.00,"4,320.00"
2019-08-08,2019080801028209,RHPC,10,11,332,88.00,"29,216.00"
2019-08-08,2019080801028084,RHPC,32,54,18,87.00,"1,566.00"
2019-08-08,2019080801028484,RHPL,8,4,30,214.00,"6,420.00"
2019-08-08,2019080801028483,RHPL,8,42,40,214.00,"8,560.00"
2019-08-08,2019080801028482,RHPL,8,3,30,214.00,"6,420.00"
2019-08-08,2019080801028315,RHPL,8,3,10,214.00,"2,140.00"
2019-08-08,2019080801028314,RHPL,8,56,40,214.00,"8,560.00"
2019-08-08,2019080801028313,RHPL,8,3,40,214.00,"8,560.00"
2019-08-08,2019080801028041,RHPL,52,57,70,214.00,"14,980.00"
2019-08-08,2019080801028040,RHPL,52,58,30,214.00,"6,420.00"
2019-08-08,2019080801028039,RHPL,52,3,40,214.00,"8,560.00"
2019-08-08,2019080801028038,RHPL,52,57,20,214.00,"4,280.00"
2019-08-08,2019080801028037,RHPL,52,22,40,214.00,"8,560.00"
2019-08-08,2019080801028036,RHPL,52,40,20,214.00,"4,280.00"
2019-08-08,2019080801028047,RHPL,52,39,30,214.00,"6,420.00"
2019-08-08,2019080801028046,RHPL,52,7,40,214.00,"8,560.00"
2019-08-08,2019080801028045,RHPL,52,3,40,214.00,"8,560.00"
2019-08-08,2019080801028044,RHPL,52,4,30,214.00,"6,420.00"
2019-08-08,2019080801028043,RHPL,52,57,40,214.00,"8,560.00"
2019-08-08,2019080801028042,RHPL,52,40,40,214.00,"8,560.00"
2019-08-08,2019080801028143,RHPL,37,59,40,214.00,"8,560.00"
2019-08-08,2019080801028142,RHPL,37,3,40,214.00,"8,560.00"
2019-08-08,2019080801028141,RHPL,37,40,40,214.00,"8,560.00"
2019-08-08,2019080801028140,RHPL,37,3,10,214.00,"2,140.00"
2019-08-08,2019080801028049,RHPL,52,3,30,214.00,"6,420.00"
2019-08-08,2019080801028048,RHPL,52,4,30,214.00,"6,420.00"
2019-08-08,2019080801028312,RHPL,8,14,10,214.00,"2,140.00"
2019-08-08,2019080801028148,RHPL,37,14,30,214.00,"6,420.00"
2019-08-08,2019080801028147,RHPL,37,4,30,214.00,"6,420.00"
2019-08-08,2019080801028146,RHPL,37,40,40,214.00,"8,560.00"
2019-08-08,2019080801028145,RHPL,37,3,40,214.00,"8,560.00"
2019-08-08,2019080801028144,RHPL,37,34,30,214.00,"6,420.00"
2019-08-08,2019080801028028,RRHP,22,7,10,108.00,"1,080.00"
2019-08-08,2019080801028133,RSDC,35,51,100,370.00,"37,000.00"
2019-08-08,2019080801028217,SADBL,26,35,775,149.00,"115,475.00"
2019-08-08,2019080801028216,SADBL,14,35,100,149.00,"14,900.00"
2019-08-08,2019080801028215,SADBL,38,35,75,149.00,"11,175.00"
2019-08-08,2019080801028214,SADBL,51,35,50,149.00,"7,450.00"
2019-08-08,2019080801028481,SANIMA,37,6,100,350.00,"35,000.00"
2019-08-08,2019080801028113,SANIMA,37,56,200,350.00,"70,000.00"
2019-08-08,2019080801028112,SANIMA,56,56,30,350.00,"10,500.00"
2019-08-08,2019080801028111,SANIMA,10,56,150,350.00,"52,500.00"
2019-08-08,2019080801028110,SANIMA,8,56,500,350.00,"175,000.00"
2019-08-08,2019080801028109,SANIMA,44,56,500,350.00,"175,000.00"
2019-08-08,2019080801028108,SANIMA,41,56,108,350.00,"37,800.00"
2019-08-08,2019080801028367,SBI,44,16,80,450.00,"36,000.00"
2019-08-08,2019080801028474,SBL,14,38,538,320.00,"172,160.00"
2019-08-08,2019080801028473,SBL,14,38,113,320.00,"36,160.00"
2019-08-08,2019080801028472,SBL,14,11,111,319.00,"35,409.00"
2019-08-08,2019080801028471,SBL,14,54,238,319.00,"75,922.00"
2019-08-08,2019080801028054,SBL,16,51,459,318.00,"145,962.00"
2019-08-08,2019080801028083,SCB,14,32,50,648.00,"32,400.00"
2019-08-08,2019080801028288,SHINE,57,7,50,253.00,"12,650.00"
2019-08-08,2019080801028493,SHIVM,52,29,40,578.00,"23,120.00"
2019-08-08,2019080801028492,SHIVM,41,29,10,578.00,"5,780.00"
2019-08-08,2019080801028405,SHIVM,41,57,465,578.00,"268,770.00"
2019-08-08,2019080801028404,SHIVM,16,57,35,580.00,"20,300.00"
2019-08-08,2019080801028197,SHIVM,16,35,"1,000",580.00,"580,000.00"
2019-08-08,2019080801028196,SHIVM,16,43,50,580.00,"29,000.00"
2019-08-08,2019080801028195,SHIVM,16,42,15,580.00,"8,700.00"
2019-08-08,2019080801028026,SHIVM,56,42,10,580.00,"5,800.00"
2019-08-08,2019080801028447,SHL,56,57,100,230.00,"23,000.00"
2019-08-08,2019080801028295,SHL,56,57,100,230.00,"23,000.00"
2019-08-08,2019080801028294,SHL,56,57,200,230.00,"46,000.00"
2019-08-08,2019080801028293,SHL,44,57,200,230.00,"46,000.00"
2019-08-08,2019080801028292,SHL,57,57,100,230.00,"23,000.00"
2019-08-08,2019080801028291,SHL,22,57,100,230.00,"23,000.00"
2019-08-08,2019080801028290,SHL,58,57,200,230.00,"46,000.00"
2019-08-08,2019080801028289,SHL,38,57,100,231.00,"23,100.00"
2019-08-08,2019080801028496,SIL,25,25,10,452.00,"4,520.00"
2019-08-08,2019080801028494,SJCL,21,22,20,222.00,"4,440.00"
2019-08-08,2019080801028491,SJCL,50,29,20,221.00,"4,420.00"
2019-08-08,2019080801028489,SJCL,50,44,20,221.00,"4,420.00"
2019-08-08,2019080801028487,SJCL,50,21,20,221.00,"4,420.00"
2019-08-08,2019080801028000,SJCL,19,37,20,222.00,"4,440.00"
2019-08-08,2019080801027999,SJCL,19,37,20,222.00,"4,440.00"
2019-08-08,2019080801027998,SJCL,19,37,20,222.00,"4,440.00"
2019-08-08,2019080801027997,SJCL,19,17,20,222.00,"4,440.00"
2019-08-08,2019080801028017,SJCL,19,35,10,222.00,"2,220.00"
2019-08-08,2019080801028016,SJCL,19,40,10,222.00,"2,220.00"
2019-08-08,2019080801028004,SJCL,19,40,20,222.00,"4,440.00"
2019-08-08,2019080801028003,SJCL,19,37,20,222.00,"4,440.00"
2019-08-08,2019080801028002,SJCL,19,37,20,222.00,"4,440.00"
2019-08-08,2019080801028001,SJCL,19,40,20,222.00,"4,440.00"
2019-08-08,2019080801028032,SJCL,41,1,20,222.00,"4,440.00"
2019-08-08,2019080801028030,SJCL,41,56,20,222.00,"4,440.00"
2019-08-08,2019080801028029,SJCL,41,44,20,222.00,"4,440.00"
2019-08-08,2019080801028025,SJCL,19,55,20,222.00,"4,440.00"
2019-08-08,2019080801028024,SJCL,19,52,20,222.00,"4,440.00"
2019-08-08,2019080801028018,SJCL,19,16,20,222.00,"4,440.00"
2019-08-08,2019080801028059,SJCL,41,40,10,222.00,"2,220.00"
2019-08-08,2019080801028058,SJCL,41,35,10,222.00,"2,220.00"
2019-08-08,2019080801028052,SJCL,41,57,20,222.00,"4,440.00"
2019-08-08,2019080801028035,SJCL,41,40,20,222.00,"4,440.00"
2019-08-08,2019080801028034,SJCL,41,21,20,222.00,"4,440.00"
2019-08-08,2019080801028033,SJCL,41,49,20,222.00,"4,440.00"
2019-08-08,2019080801028070,SJCL,19,44,10,221.00,"2,210.00"
2019-08-08,2019080801028069,SJCL,19,16,20,221.00,"4,420.00"
2019-08-08,2019080801028065,SJCL,19,25,10,221.00,"2,210.00"
2019-08-08,2019080801028063,SJCL,19,21,20,221.00,"4,420.00"
2019-08-08,2019080801028061,SJCL,41,40,10,222.00,"2,220.00"
2019-08-08,2019080801028060,SJCL,41,22,30,222.00,"6,660.00"
2019-08-08,2019080801028079,SJCL,19,8,20,221.00,"4,420.00"
2019-08-08,2019080801028078,SJCL,19,56,20,221.00,"4,420.00"
2019-08-08,2019080801028076,SJCL,19,19,20,221.00,"4,420.00"
2019-08-08,2019080801028075,SJCL,19,41,20,221.00,"4,420.00"
2019-08-08,2019080801028074,SJCL,19,40,10,221.00,"2,210.00"
2019-08-08,2019080801028071,SJCL,19,21,20,221.00,"4,420.00"
2019-08-08,2019080801028087,SJCL,1,40,20,222.00,"4,440.00"
2019-08-08,2019080801028086,SJCL,1,29,20,222.00,"4,440.00"
2019-08-08,2019080801028085,SJCL,1,40,10,222.00,"2,220.00"
2019-08-08,2019080801028082,SJCL,19,21,20,221.00,"4,420.00"
2019-08-08,2019080801028081,SJCL,19,22,20,221.00,"4,420.00"
2019-08-08,2019080801028080,SJCL,19,42,20,221.00,"4,420.00"
2019-08-08,2019080801028093,SJCL,19,40,10,221.00,"2,210.00"
2019-08-08,2019080801028092,SJCL,19,16,20,221.00,"4,420.00"
2019-08-08,2019080801028090,SJCL,1,55,10,222.00,"2,220.00"
2019-08-08,2019080801028089,SJCL,1,49,20,222.00,"4,440.00"
2019-08-08,2019080801028088,SJCL,1,55,20,222.00,"4,440.00"
2019-08-08,2019080801028115,SJCL,19,55,10,221.00,"2,210.00"
2019-08-08,2019080801028114,SJCL,19,44,20,221.00,"4,420.00"
2019-08-08,2019080801028107,SJCL,19,25,20,221.00,"4,420.00"
2019-08-08,2019080801028106,SJCL,19,19,10,221.00,"2,210.00"
2019-08-08,2019080801028103,SJCL,19,21,20,221.00,"4,420.00"
2019-08-08,2019080801028096,SJCL,19,7,10,221.00,"2,210.00"
2019-08-08,2019080801028126,SJCL,52,40,20,222.00,"4,440.00"
2019-08-08,2019080801028125,SJCL,52,40,20,222.00,"4,440.00"
2019-08-08,2019080801028124,SJCL,52,55,10,222.00,"2,220.00"
2019-08-08,2019080801028123,SJCL,52,17,20,222.00,"4,440.00"
2019-08-08,2019080801028119,SJCL,19,40,10,221.00,"2,210.00"
2019-08-08,2019080801028118,SJCL,19,41,20,221.00,"4,420.00"
2019-08-08,2019080801028132,SJCL,52,16,20,221.00,"4,420.00"
2019-08-08,2019080801028130,SJCL,19,21,20,221.00,"4,420.00"
2019-08-08,2019080801028127,SJCL,19,56,20,221.00,"4,420.00"
2019-08-08,2019080801028154,SJCL,21,17,20,222.00,"4,440.00"
2019-08-08,2019080801028152,SJCL,52,11,20,221.00,"4,420.00"
2019-08-08,2019080801028151,SJCL,52,40,10,221.00,"2,210.00"
2019-08-08,2019080801028149,SJCL,52,21,20,221.00,"4,420.00"
2019-08-08,2019080801028139,SJCL,52,42,20,221.00,"4,420.00"
2019-08-08,2019080801028137,SJCL,52,25,20,221.00,"4,420.00"
2019-08-08,2019080801028170,SJCL,52,25,20,221.00,"4,420.00"
2019-08-08,2019080801028169,SJCL,52,41,20,221.00,"4,420.00"
2019-08-08,2019080801028168,SJCL,52,44,20,221.00,"4,420.00"
2019-08-08,2019080801028162,SJCL,52,21,20,221.00,"4,420.00"
2019-08-08,2019080801028156,SJCL,21,55,20,222.00,"4,440.00"
2019-08-08,2019080801028155,SJCL,21,40,20,222.00,"4,440.00"
2019-08-08,2019080801028181,SJCL,52,19,20,221.00,"4,420.00"
2019-08-08,2019080801028179,SJCL,52,22,20,221.00,"4,420.00"
2019-08-08,2019080801028178,SJCL,52,16,20,221.00,"4,420.00"
2019-08-08,2019080801028176,SJCL,52,40,10,221.00,"2,210.00"
2019-08-08,2019080801028171,SJCL,52,42,20,221.00,"4,420.00"
2019-08-08,2019080801028198,SJCL,52,40,20,221.00,"4,420.00"
2019-08-08,2019080801028194,SJCL,52,42,20,221.00,"4,420.00"
2019-08-08,2019080801028193,SJCL,37,17,20,222.00,"4,440.00"
2019-08-08,2019080801028192,SJCL,37,40,20,222.00,"4,440.00"
2019-08-08,2019080801028185,SJCL,52,21,20,221.00,"4,420.00"
2019-08-08,2019080801028184,SJCL,52,56,20,221.00,"4,420.00"
2019-08-08,2019080801028206,SJCL,49,17,20,222.00,"4,440.00"
2019-08-08,2019080801028205,SJCL,49,40,20,222.00,"4,440.00"
2019-08-08,2019080801028204,SJCL,49,41,20,222.00,"4,440.00"
2019-08-08,2019080801028203,SJCL,52,44,20,221.00,"4,420.00"
2019-08-08,2019080801028202,SJCL,52,17,20,221.00,"4,420.00"
2019-08-08,2019080801028199,SJCL,52,21,20,221.00,"4,420.00"
2019-08-08,2019080801028223,SJCL,52,38,10,221.00,"2,210.00"
2019-08-08,2019080801028222,SJCL,52,40,10,221.00,"2,210.00"
2019-08-08,2019080801028221,SJCL,52,21,20,221.00,"4,420.00"
2019-08-08,2019080801028212,SJCL,49,38,10,222.00,"2,220.00"
2019-08-08,2019080801028211,SJCL,49,35,10,222.00,"2,220.00"
2019-08-08,2019080801028210,SJCL,49,16,20,222.00,"4,440.00"
2019-08-08,2019080801028232,SJCL,45,21,20,222.00,"4,440.00"
2019-08-08,2019080801028231,SJCL,45,44,20,222.00,"4,440.00"
2019-08-08,2019080801028229,SJCL,45,55,20,222.00,"4,440.00"
2019-08-08,2019080801028227,SJCL,52,42,20,221.00,"4,420.00"
2019-08-08,2019080801028225,SJCL,52,43,22,221.00,"4,862.00"
2019-08-08,2019080801028224,SJCL,52,58,20,221.00,"4,420.00"
2019-08-08,2019080801028250,SJCL,45,38,20,222.00,"4,440.00"
2019-08-08,2019080801028249,SJCL,45,21,20,222.00,"4,440.00"
2019-08-08,2019080801028241,SJCL,45,40,10,222.00,"2,220.00"
2019-08-08,2019080801028240,SJCL,45,21,20,222.00,"4,440.00"
2019-08-08,2019080801028239,SJCL,45,22,20,222.00,"4,440.00"
2019-08-08,2019080801028233,SJCL,45,17,10,222.00,"2,220.00"
2019-08-08,2019080801028261,SJCL,26,54,10,222.00,"2,220.00"
2019-08-08,2019080801028260,SJCL,28,40,10,222.00,"2,220.00"
2019-08-08,2019080801028259,SJCL,28,22,20,222.00,"4,440.00"
2019-08-08,2019080801028257,SJCL,28,40,20,222.00,"4,440.00"
2019-08-08,2019080801028255,SJCL,45,55,20,222.00,"4,440.00"
2019-08-08,2019080801028251,SJCL,45,56,20,222.00,"4,440.00"
2019-08-08,2019080801028279,SJCL,32,21,20,222.00,"4,440.00"
2019-08-08,2019080801028277,SJCL,26,39,20,222.00,"4,440.00"
2019-08-08,2019080801028270,SJCL,26,43,20,222.00,"4,440.00"
2019-08-08,2019080801028264,SJCL,26,44,20,222.00,"4,440.00"
2019-08-08,2019080801028263,SJCL,26,57,20,222.00,"4,440.00"
2019-08-08,2019080801028262,SJCL,26,40,10,222.00,"2,220.00"
2019-08-08,2019080801028303,SJCL,28,21,20,222.00,"4,440.00"
2019-08-08,2019080801028301,SJCL,28,21,20,222.00,"4,440.00"
2019-08-08,2019080801028300,SJCL,28,55,10,222.00,"2,220.00"
2019-08-08,2019080801028299,SJCL,32,55,10,222.00,"2,220.00"
2019-08-08,2019080801028297,SJCL,32,56,20,222.00,"4,440.00"
2019-08-08,2019080801028283,SJCL,32,38,10,222.00,"2,220.00"
2019-08-08,2019080801028322,SJCL,28,21,20,222.00,"4,440.00"
2019-08-08,2019080801028320,SJCL,28,22,20,222.00,"4,440.00"
2019-08-08,2019080801028319,SJCL,28,43,20,222.00,"4,440.00"
2019-08-08,2019080801028311,SJCL,28,38,20,222.00,"4,440.00"
2019-08-08,2019080801028310,SJCL,28,44,20,222.00,"4,440.00"
2019-08-08,2019080801028304,SJCL,28,40,10,222.00,"2,220.00"
2019-08-08,2019080801028332,SJCL,28,21,20,222.00,"4,440.00"
2019-08-08,2019080801028330,SJCL,28,44,20,222.00,"4,440.00"
2019-08-08,2019080801028328,SJCL,28,38,20,222.00,"4,440.00"
2019-08-08,2019080801028327,SJCL,28,40,10,222.00,"2,220.00"
2019-08-08,2019080801028324,SJCL,28,7,20,222.00,"4,440.00"
2019-08-08,2019080801028323,SJCL,28,57,20,222.00,"4,440.00"
2019-08-08,2019080801028345,SJCL,28,21,10,222.00,"2,220.00"
2019-08-08,2019080801028339,SJCL,28,22,20,222.00,"4,440.00"
2019-08-08,2019080801028338,SJCL,28,54,20,222.00,"4,440.00"
2019-08-08,2019080801028337,SJCL,28,38,20,222.00,"4,440.00"
2019-08-08,2019080801028334,SJCL,28,21,20,222.00,"4,440.00"
2019-08-08,2019080801028333,SJCL,28,41,20,222.00,"4,440.00"
2019-08-08,2019080801028359,SJCL,28,40,20,222.00,"4,440.00"
2019-08-08,2019080801028357,SJCL,28,21,20,222.00,"4,440.00"
2019-08-08,2019080801028355,SJCL,28,43,20,222.00,"4,440.00"
2019-08-08,2019080801028354,SJCL,28,44,20,222.00,"4,440.00"
2019-08-08,2019080801028352,SJCL,28,41,20,222.00,"4,440.00"
2019-08-08,2019080801028351,SJCL,28,38,20,222.00,"4,440.00"
2019-08-08,2019080801028385,SJCL,52,11,20,221.00,"4,420.00"
2019-08-08,2019080801028374,SJCL,52,44,20,221.00,"4,420.00"
2019-08-08,2019080801028370,SJCL,52,21,20,221.00,"4,420.00"
2019-08-08,2019080801028368,SJCL,52,41,20,221.00,"4,420.00"
2019-08-08,2019080801028366,SJCL,52,21,20,221.00,"4,420.00"
2019-08-08,2019080801028360,SJCL,52,22,20,221.00,"4,420.00"
2019-08-08,2019080801028393,SJCL,52,44,20,221.00,"4,420.00"
2019-08-08,2019080801028392,SJCL,52,21,20,221.00,"4,420.00"
2019-08-08,2019080801028390,SJCL,52,41,20,221.00,"4,420.00"
2019-08-08,2019080801028389,SJCL,52,21,20,221.00,"4,420.00"
2019-08-08,2019080801028388,SJCL,52,21,20,221.00,"4,420.00"
2019-08-08,2019080801028387,SJCL,52,14,20,221.00,"4,420.00"
2019-08-08,2019080801028412,SJCL,52,55,20,221.00,"4,420.00"
2019-08-08,2019080801028410,SJCL,52,21,20,221.00,"4,420.00"
2019-08-08,2019080801028406,SJCL,52,21,20,221.00,"4,420.00"
2019-08-08,2019080801028403,SJCL,52,40,20,221.00,"4,420.00"
2019-08-08,2019080801028402,SJCL,52,21,20,221.00,"4,420.00"
2019-08-08,2019080801028395,SJCL,52,21,20,221.00,"4,420.00"
2019-08-08,2019080801028425,SJCL,52,41,20,221.00,"4,420.00"
2019-08-08,2019080801028424,SJCL,52,21,20,221.00,"4,420.00"
2019-08-08,2019080801028422,SJCL,52,21,10,221.00,"2,210.00"
2019-08-08,2019080801028421,SJCL,52,21,20,221.00,"4,420.00"
2019-08-08,2019080801028420,SJCL,52,21,20,221.00,"4,420.00"
2019-08-08,2019080801028413,SJCL,52,41,20,221.00,"4,420.00"
2019-08-08,2019080801028435,SJCL,39,17,10,222.00,"2,220.00"
2019-08-08,2019080801028432,SJCL,39,44,10,222.00,"2,220.00"
2019-08-08,2019080801028431,SJCL,39,33,20,222.00,"4,440.00"
2019-08-08,2019080801028430,SJCL,39,6,20,222.00,"4,440.00"
2019-08-08,2019080801028429,SJCL,39,57,20,222.00,"4,440.00"
2019-08-08,2019080801028428,SJCL,39,21,20,222.00,"4,440.00"
2019-08-08,2019080801028445,SJCL,58,55,20,221.00,"4,420.00"
2019-08-08,2019080801028444,SJCL,58,21,20,221.00,"4,420.00"
2019-08-08,2019080801028443,SJCL,58,21,20,221.00,"4,420.00"
2019-08-08,2019080801028441,SJCL,58,21,20,221.00,"4,420.00"
2019-08-08,2019080801028436,SJCL,58,17,10,221.00,"2,210.00"
2019-08-08,2019080801028459,SJCL,50,29,10,221.00,"2,210.00"
2019-08-08,2019080801028457,SJCL,50,44,20,221.00,"4,420.00"
2019-08-08,2019080801028456,SJCL,50,40,20,221.00,"4,420.00"
2019-08-08,2019080801028454,SJCL,50,17,10,221.00,"2,210.00"
2019-08-08,2019080801028451,SJCL,50,21,10,221.00,"2,210.00"
2019-08-08,2019080801028450,SJCL,58,21,10,221.00,"2,210.00"
2019-08-08,2019080801028470,SJCL,50,21,20,221.00,"4,420.00"
2019-08-08,2019080801028469,SJCL,50,22,20,221.00,"4,420.00"
2019-08-08,2019080801028468,SJCL,50,21,20,221.00,"4,420.00"
2019-08-08,2019080801028460,SJCL,50,17,10,221.00,"2,210.00"
2019-08-08,2019080801028394,SLBBL,36,55,60,547.00,"32,820.00"
2019-08-08,2019080801028378,SLICL,26,51,10,455.00,"4,550.00"
2019-08-08,2019080801028276,SLICL,48,51,13,455.00,"5,915.00"
2019-08-08,2019080801028275,SLICL,48,51,13,455.00,"5,915.00"
2019-08-08,2019080801028274,SLICL,48,51,13,455.00,"5,915.00"
2019-08-08,2019080801028273,SLICL,44,51,50,455.00,"22,750.00"
2019-08-08,2019080801028272,SLICL,52,51,100,455.00,"45,500.00"
2019-08-08,2019080801028271,SLICL,6,51,25,455.00,"11,375.00"
2019-08-08,2019080801028230,SLICL,17,51,200,456.00,"91,200.00"
2019-08-08,2019080801028353,SMB,49,7,10,495.00,"4,950.00"
2019-08-08,2019080801028331,SMFBS,25,40,10,790.00,"7,900.00"
2019-08-08,2019080801028244,SMFBS,25,58,10,789.00,"7,890.00"
2019-08-08,2019080801028243,SMFBS,25,47,10,785.00,"7,850.00"
2019-08-08,2019080801028242,SMFBS,25,57,10,784.00,"7,840.00"
2019-08-08,2019080801028296,SRBL,13,1,10,245.00,"2,450.00"
2019-08-08,2019080801028284,UIC,6,42,15,330.00,"4,950.00"
2019-08-08,2019080801028254,UIC,6,42,25,330.00,"8,250.00"
2019-08-08,2019080801028356,UPCL,41,57,70,86.00,"6,020.00"
2019-08-08,2019080801028248,UPCL,41,57,50,86.00,"4,300.00"
2019-08-08,2019080801028247,UPCL,42,57,50,86.00,"4,300.00"
2019-08-08,2019080801028433,UPPER,37,54,80,265.00,"21,200.00"
2019-08-08,2019080801028397,UPPER,37,54,300,265.00,"79,500.00"
2019-08-08,2019080801028365,UPPER,14,54,100,265.00,"26,500.00"
2019-08-08,2019080801028350,UPPER,19,40,40,264.00,"10,560.00"
2019-08-08,2019080801028341,UPPER,11,54,90,265.00,"23,850.00"
2019-08-08,2019080801028340,UPPER,11,45,10,265.00,"2,650.00"
2019-08-08,2019080801028220,UPPER,34,45,"1,080",265.00,"286,200.00"
2019-08-08,2019080801028219,UPPER,22,45,300,265.00,"79,500.00"
2019-08-08,2019080801028218,UPPER,56,45,110,265.00,"29,150.00"
2019-08-08,2019080801028019,UPPER,38,54,10,266.00,"2,660.00"
2019-08-08,2019080801028418,VLBS,51,55,10,590.00,"5,900.00"
2019-08-08,2019080801028417,VLBS,22,55,74,590.00,"43,660.00"
2019-08-08,2019080801027824,ADBL,53,6,86,430.00,"36,980.00"
2019-08-08,2019080801027686,ADBL,1,6,434,430.00,"186,620.00"
2019-08-08,2019080801027685,ADBL,1,22,66,430.00,"28,380.00"
2019-08-08,2019080801027640,ADBL,39,34,18,429.00,"7,722.00"
2019-08-08,2019080801027638,ADBL,58,22,500,430.00,"215,000.00"
2019-08-08,2019080801027727,ALBSL,46,7,10,475.00,"4,750.00"
2019-08-08,2019080801027804,ALICL,49,28,150,360.00,"54,000.00"
2019-08-08,2019080801027839,API,16,38,"1,496",130.00,"194,480.00"
2019-08-08,2019080801027802,API,25,38,200,130.00,"26,000.00"
2019-08-08,2019080801027731,API,53,43,28,129.00,"3,612.00"
2019-08-08,2019080801027599,API,47,38,"1,000",130.00,"130,000.00"
2019-08-08,2019080801027530,API,47,38,"1,000",130.00,"130,000.00"
2019-08-08,2019080801027688,BOKL,59,58,660,262.00,"172,920.00"
2019-08-08,2019080801027687,BOKL,14,58,133,262.00,"34,846.00"
2019-08-08,2019080801027596,BPCL,7,11,14,394.00,"5,516.00"
2019-08-08,2019080801027962,CBBL,1,57,100,990.00,"99,000.00"
2019-08-08,2019080801027941,CBL,34,51,30,151.00,"4,530.00"
2019-08-08,2019080801027795,CBL,34,43,621,151.00,"93,771.00"
2019-08-08,2019080801027829,CCBL,45,43,11,166.00,"1,826.00"
2019-08-08,2019080801027828,CCBL,58,43,100,166.00,"16,600.00"
2019-08-08,2019080801027827,CCBL,6,43,100,166.00,"16,600.00"
2019-08-08,2019080801027826,CCBL,32,43,104,166.00,"17,264.00"
2019-08-08,2019080801027816,CCBL,32,32,460,166.00,"76,360.00"
2019-08-08,2019080801027569,CCBL,32,1,58,166.00,"9,628.00"
2019-08-08,2019080801027642,CHCL,4,39,50,491.00,"24,550.00"
2019-08-08,2019080801027836,CIT,52,25,45,"2,410.00","108,450.00"
2019-08-08,2019080801027835,CIT,33,25,20,"2,410.00","48,200.00"
2019-08-08,2019080801027834,CIT,7,25,25,"2,410.00","60,250.00"
2019-08-08,2019080801027833,CIT,45,25,10,"2,410.00","24,100.00"
2019-08-08,2019080801027697,DBBL,42,57,50,142.00,"7,100.00"
2019-08-08,2019080801027645,EBL,17,6,55,654.00,"35,970.00"
2019-08-08,2019080801027521,FMDBL,41,51,139,383.00,"53,237.00"
2019-08-08,2019080801027520,FMDBL,28,51,111,384.00,"42,624.00"
2019-08-08,2019080801027863,GBLBS,35,19,30,371.00,"11,130.00"
2019-08-08,2019080801027631,GBLBS,6,19,35,371.00,"12,985.00"
2019-08-08,2019080801027898,GDBL,34,1,150,207.00,"31,050.00"
2019-08-08,2019080801027897,GDBL,34,1,40,207.00,"8,280.00"
2019-08-08,2019080801027609,GLICL,39,55,47,477.00,"22,419.00"
2019-08-08,2019080801027529,GLICL,14,40,20,476.00,"9,520.00"
2019-08-08,2019080801027933,HGI,6,21,136,333.00,"45,288.00"
2019-08-08,2019080801027932,HGI,33,21,211,334.00,"70,474.00"
2019-08-08,2019080801027562,HGI,33,40,50,334.00,"16,700.00"
2019-08-08,2019080801027597,HIDCL,6,1,61,153.00,"9,333.00"
2019-08-08,2019080801027537,HIDCL,6,25,61,153.00,"9,333.00"
2019-08-08,2019080801027964,ILBS,56,6,10,472.00,"4,720.00"
2019-08-08,2019080801027669,ILBS,7,58,10,469.00,"4,690.00"
2019-08-08,2019080801027531,ILBS,52,45,10,470.00,"4,700.00"
2019-08-08,2019080801027790,JSLBB,34,51,12,"1,010.00","12,120.00"
2019-08-08,2019080801027789,JSLBB,17,51,10,"1,011.00","10,110.00"
2019-08-08,2019080801027788,JSLBB,17,51,10,"1,012.00","10,120.00"
2019-08-08,2019080801027980,KBL,32,51,42,210.00,"8,820.00"
2019-08-08,2019080801027613,KPCL,21,48,10,87.00,870.00
2019-08-08,2019080801027498,KPCL,21,48,10,87.00,870.00
2019-08-08,2019080801027866,LBBL,59,47,150,170.00,"25,500.00"
2019-08-08,2019080801027911,LBL,45,55,200,215.00,"43,000.00"
2019-08-08,2019080801027910,LBL,19,55,300,215.00,"64,500.00"
2019-08-08,2019080801027909,LBL,8,55,212,215.00,"45,580.00"
2019-08-08,2019080801027500,LBL,8,41,288,215.00,"61,920.00"
2019-08-08,2019080801027861,LICN,4,43,180,"1,143.00","205,740.00"
2019-08-08,2019080801027860,LICN,6,43,10,"1,144.00","11,440.00"
2019-08-08,2019080801027859,LICN,25,43,10,"1,144.00","11,440.00"
2019-08-08,2019080801027904,MBL,26,43,99,258.00,"25,542.00"
2019-08-08,2019080801027903,MBL,13,43,10,258.00,"2,580.00"
2019-08-08,2019080801027974,MHNL,17,54,30,103.00,"3,090.00"
2019-08-08,2019080801027978,MNBBL,51,41,200,372.00,"74,400.00"
2019-08-08,2019080801027796,MPFL,11,42,180,116.00,"20,880.00"
2019-08-08,2019080801027558,MPFL,11,32,110,116.00,"12,760.00"
2019-08-08,2019080801027524,MPFL,11,29,10,115.00,"1,150.00"
2019-08-08,2019080801027557,MSMBS,39,33,500,523.00,"261,500.00"
2019-08-08,2019080801027749,NABIL,35,35,200,789.00,"157,800.00"
2019-08-08,2019080801027565,NABIL,42,11,90,790.00,"71,100.00"
2019-08-08,2019080801027838,NADEP,29,32,20,463.00,"9,260.00"
2019-08-08,2019080801027851,NAGRO,34,39,10,852.00,"8,520.00"
2019-08-08,2019080801027781,NAGRO,34,21,10,855.00,"8,550.00"
2019-08-08,2019080801027665,NBB,25,57,300,217.00,"65,100.00"
2019-08-08,2019080801027971,NBL,44,33,"1,031",327.00,"337,137.00"
2019-08-08,2019080801027883,NBL,17,33,300,327.00,"98,100.00"
2019-08-08,2019080801027882,NBL,17,33,300,327.00,"98,100.00"
2019-08-08,2019080801027881,NBL,17,33,208,327.00,"68,016.00"
2019-08-08,2019080801027729,NBL,17,40,92,327.00,"30,084.00"
2019-08-08,2019080801027636,NBL,39,40,100,327.00,"32,700.00"
2019-08-08,2019080801027635,NBL,56,40,500,327.00,"163,500.00"
2019-08-08,2019080801027896,NCCB,54,50,12,241.00,"2,892.00"
2019-08-08,2019080801027825,NCCB,14,50,100,241.00,"24,100.00"
2019-08-08,2019080801027785,NCCB,49,50,920,241.00,"221,720.00"
2019-08-08,2019080801027784,NCCB,49,34,"1,790",241.00,"431,390.00"
2019-08-08,2019080801027783,NCCB,49,34,"1,790",241.00,"431,390.00"
2019-08-08,2019080801027782,NCCB,49,45,500,241.00,"120,500.00"
2019-08-08,2019080801027571,NCCB,45,45,300,240.00,"72,000.00"
2019-08-08,2019080801027570,NCCB,38,45,628,240.00,"150,720.00"
2019-08-08,2019080801027710,NCCB,34,45,228,240.00,"54,720.00"
2019-08-08,2019080801027681,NCCB,34,13,72,240.00,"17,280.00"
2019-08-08,2019080801027680,NCCB,42,13,100,240.00,"24,000.00"
2019-08-08,2019080801027679,NCCB,16,13,200,240.00,"48,000.00"
2019-08-08,2019080801027678,NCCB,38,13,"1,628",240.00,"390,720.00"
2019-08-08,2019080801027572,NCCB,38,45,372,240.00,"89,280.00"
2019-08-08,2019080801027739,NCCB,6,7,200,240.00,"48,000.00"
2019-08-08,2019080801027722,NCCB,6,39,208,240.00,"49,920.00"
2019-08-08,2019080801027714,NCCB,6,45,245,240.00,"58,800.00"
2019-08-08,2019080801027713,NCCB,32,45,500,240.00,"120,000.00"
2019-08-08,2019080801027712,NCCB,59,45,200,240.00,"48,000.00"
2019-08-08,2019080801027711,NCCB,52,45,20,240.00,"4,800.00"
2019-08-08,2019080801027693,NEF,11,47,"2,414",8.06,"19,456.84"
2019-08-08,2019080801027692,NEF,11,47,"1,126",8.06,"9,075.56"
2019-08-08,2019080801027691,NEF,28,47,"1,288",8.06,"10,381.28"
2019-08-08,2019080801027798,NIB,7,42,20,510.00,"10,200.00"
2019-08-08,2019080801027797,NIB,7,54,12,510.00,"6,120.00"
2019-08-08,2019080801027519,NIB,13,54,10,510.00,"5,100.00"
2019-08-08,2019080801027983,NICA,43,50,16,450.00,"7,200.00"
2019-08-08,2019080801027815,NICA,52,50,200,450.00,"90,000.00"
2019-08-08,2019080801027647,NICA,55,51,322,449.00,"144,578.00"
2019-08-08,2019080801027646,NICA,55,51,178,449.00,"79,922.00"
2019-08-08,2019080801027905,NICL,44,1,500,344.00,"172,000.00"
2019-08-08,2019080801027867,NICL,22,7,200,344.00,"68,800.00"
2019-08-08,2019080801027730,NICL,19,19,327,344.00,"112,488.00"
2019-08-08,2019080801027661,NICL,48,46,148,343.00,"50,764.00"
2019-08-08,2019080801027660,NICL,56,46,100,343.00,"34,300.00"
2019-08-08,2019080801027659,NICL,58,46,22,343.00,"7,546.00"
2019-08-08,2019080801027658,NICL,28,46,100,343.00,"34,300.00"
2019-08-08,2019080801027657,NICL,42,46,500,343.00,"171,500.00"
2019-08-08,2019080801027539,NIL,56,51,100,468.00,"46,800.00"
2019-08-08,2019080801027823,NLBBL,50,33,50,570.00,"28,500.00"
2019-08-08,2019080801027822,NLBBL,33,33,200,570.00,"114,000.00"
2019-08-08,2019080801027821,NLBBL,33,33,50,570.00,"28,500.00"
2019-08-08,2019080801027820,NLBBL,45,33,22,570.00,"12,540.00"
2019-08-08,2019080801027561,NLBBL,45,38,223,570.00,"127,110.00"
2019-08-08,2019080801027560,NLBBL,44,38,77,571.00,"43,967.00"
2019-08-08,2019080801027805,NLIC,34,34,17,873.00,"14,841.00"
2019-08-08,2019080801027856,NLICL,39,11,19,572.00,"10,868.00"
2019-08-08,2019080801027855,NLICL,45,11,24,572.00,"13,728.00"
2019-08-08,2019080801027716,NMBSF1,35,6,"3,000",11.07,"33,210.00"
2019-08-08,2019080801027616,NMBSF1,49,6,"1,000",11.07,"11,070.00"
2019-08-08,2019080801027667,NMFBS,7,58,40,"1,485.00","59,400.00"
2019-08-08,2019080801027869,NSEWA,51,47,10,459.00,"4,590.00"
2019-08-08,2019080801027846,NSEWA,51,47,10,459.00,"4,590.00"
2019-08-08,2019080801027671,NSEWA,51,58,10,458.00,"4,580.00"
2019-08-08,2019080801027939,NTC,6,38,500,691.00,"345,500.00"
2019-08-08,2019080801027895,OHL,43,43,100,593.00,"59,300.00"
2019-08-08,2019080801027894,OHL,44,43,30,594.00,"17,820.00"
2019-08-08,2019080801027989,PCBL,44,39,100,276.00,"27,600.00"
2019-08-08,2019080801027694,PCBL,29,29,1,270.00,270.00
