Date,Transact. No.,Symbol,Buyer,Seller,Quantity,Rate,Amount
2019-12-18,2019121801005107,ADBL,16,25,200,406.00,"81,200.00"
2019-12-18,2019121801005106,ADBL,16,52,"1,000",406.00,"406,000.00"
2019-12-18,2019121801005105,ADBL,16,14,280,406.00,"113,680.00"
2019-12-18,2019121801005104,ADBL,16,8,254,406.00,"103,124.00"
2019-12-18,2019121801005013,ADBL,16,42,78,405.00,"31,590.00"
2019-12-18,2019121801004954,ADBL,16,39,200,405.00,"81,000.00"
2019-12-18,2019121801004914,AHPC,48,37,10,98.00,980.00
2019-12-18,2019121801004913,AHPC,28,37,614,98.00,"60,172.00"
2019-12-18,2019121801004806,AHPC,28,34,86,98.00,"8,428.00"
2019-12-18,2019121801004805,AHPC,53,34,300,98.00,"29,400.00"
2019-12-18,2019121801004804,AHPC,34,34,291,98.00,"28,518.00"
2019-12-18,2019121801005101,AKBSL,53,18,10,474.00,"4,740.00"
2019-12-18,2019121801004736,AKBSL,34,17,10,470.00,"4,700.00"
2019-12-18,2019121801004864,AKPL,5,16,20,125.00,"2,500.00"
2019-12-18,2019121801004968,ALICL,59,34,100,350.00,"35,000.00"
2019-12-18,2019121801004684,ALICL,59,58,30,350.00,"10,500.00"
2019-12-18,2019121801004935,API,25,22,10,109.00,"1,090.00"
2019-12-18,2019121801004934,API,25,57,900,108.00,"97,200.00"
2019-12-18,2019121801004664,API,25,57,50,108.00,"5,400.00"
2019-12-18,2019121801004663,API,25,34,250,108.00,"27,000.00"
2019-12-18,2019121801004911,API,48,25,10,107.00,"1,070.00"
2019-12-18,2019121801004910,API,57,25,322,107.00,"34,454.00"
2019-12-18,2019121801004767,API,57,46,200,107.00,"21,400.00"
2019-12-18,2019121801004760,API,25,57,50,108.00,"5,400.00"
2019-12-18,2019121801004752,API,57,25,478,107.00,"51,146.00"
2019-12-18,2019121801004751,API,42,25,522,107.00,"55,854.00"
2019-12-18,2019121801005023,BOKL,42,25,10,217.00,"2,170.00"
2019-12-18,2019121801004990,BOKL,45,39,20,215.00,"4,300.00"
2019-12-18,2019121801005066,BPCL,16,34,33,353.00,"11,649.00"
2019-12-18,2019121801004967,BPCL,33,8,10,355.00,"3,550.00"
2019-12-18,2019121801004881,BPCL,21,8,60,355.00,"21,300.00"
2019-12-18,2019121801004771,BPCL,43,33,22,354.00,"7,788.00"
2019-12-18,2019121801004646,BPCL,34,33,978,354.00,"346,212.00"
2019-12-18,2019121801005045,CBBL,54,59,100,800.00,"80,000.00"
2019-12-18,2019121801004956,CBL,43,43,10,136.00,"1,360.00"
2019-12-18,2019121801004875,CBL,49,11,583,135.00,"78,705.00"
2019-12-18,2019121801004856,CBL,49,11,895,135.00,"120,825.00"
2019-12-18,2019121801004855,CBL,36,11,"1,000",135.00,"135,000.00"
2019-12-18,2019121801004854,CBL,49,11,50,135.00,"6,750.00"
2019-12-18,2019121801004853,CBL,48,11,"1,000",135.00,"135,000.00"
2019-12-18,2019121801004794,CBL,25,48,964,135.00,"130,140.00"
2019-12-18,2019121801004748,CBL,40,40,1,134.00,134.00
2019-12-18,2019121801004846,CBL,3,11,"2,000",135.00,"270,000.00"
2019-12-18,2019121801004845,CBL,51,11,"1,000",135.00,"135,000.00"
2019-12-18,2019121801004844,CBL,25,11,300,135.00,"40,500.00"
2019-12-18,2019121801004843,CBL,37,11,50,135.00,"6,750.00"
2019-12-18,2019121801004842,CBL,40,11,"1,643",135.00,"221,805.00"
2019-12-18,2019121801004795,CBL,40,48,357,135.00,"48,195.00"
2019-12-18,2019121801004852,CBL,48,11,162,135.00,"21,870.00"
2019-12-18,2019121801004851,CBL,57,11,"1,000",135.00,"135,000.00"
2019-12-18,2019121801004850,CBL,29,11,400,135.00,"54,000.00"
2019-12-18,2019121801004849,CBL,26,11,500,135.00,"67,500.00"
2019-12-18,2019121801004848,CBL,28,11,"3,000",135.00,"405,000.00"
2019-12-18,2019121801004847,CBL,7,11,"2,000",135.00,"270,000.00"
2019-12-18,2019121801004859,CCBL,45,36,450,165.00,"74,250.00"
2019-12-18,2019121801005058,CHCL,52,5,15,357.00,"5,355.00"
2019-12-18,2019121801005133,CIT,34,11,12,"1,731.00","20,772.00"
2019-12-18,2019121801005132,CIT,17,11,10,"1,731.00","17,310.00"
2019-12-18,2019121801005048,CIT,11,52,20,"1,732.00","34,640.00"
2019-12-18,2019121801005047,CIT,13,52,10,"1,733.00","17,330.00"
2019-12-18,2019121801004857,CIT,57,45,50,"1,738.00","86,900.00"
2019-12-18,2019121801004718,CIT,1,45,50,"1,739.00","86,950.00"
2019-12-18,2019121801004672,CIT,17,45,30,"1,731.00","51,930.00"
2019-12-18,2019121801004665,CLBSL,7,4,17,577.00,"9,809.00"
2019-12-18,2019121801004931,CZBIL,6,49,13,186.00,"2,418.00"
2019-12-18,2019121801004930,CZBIL,16,49,72,186.00,"13,392.00"
2019-12-18,2019121801004704,CZBIL,16,51,978,186.00,"181,908.00"
2019-12-18,2019121801004668,CZBIL,16,13,150,186.00,"27,900.00"
2019-12-18,2019121801005128,DBBL,32,54,10,129.00,"1,290.00"
2019-12-18,2019121801005127,DBBL,32,6,338,128.00,"43,264.00"
2019-12-18,2019121801005055,DBBL,50,6,"1,000",127.00,"127,000.00"
2019-12-18,2019121801005054,DBBL,33,6,"2,162",127.00,"274,574.00"
2019-12-18,2019121801004813,DBBL,45,54,14,129.00,"1,806.00"
2019-12-18,2019121801004793,DBBL,33,45,"2,838",127.00,"360,426.00"
2019-12-18,2019121801004792,DBBL,20,45,232,127.00,"29,464.00"
2019-12-18,2019121801004754,DBBL,34,6,500,128.00,"64,000.00"
2019-12-18,2019121801004753,DBBL,59,6,"1,000",128.00,"128,000.00"
2019-12-18,2019121801004740,DBBL,32,54,200,129.00,"25,800.00"
2019-12-18,2019121801004830,DDBL,34,4,64,857.00,"54,848.00"
2019-12-18,2019121801004829,DDBL,50,4,10,857.00,"8,570.00"
2019-12-18,2019121801004828,DDBL,50,4,500,857.00,"428,500.00"
2019-12-18,2019121801004827,DDBL,38,4,50,857.00,"42,850.00"
2019-12-18,2019121801004826,DDBL,58,4,100,857.00,"85,700.00"
2019-12-18,2019121801004825,DDBL,1,4,26,858.00,"22,308.00"
2019-12-18,2019121801004719,EBL,6,28,10,570.00,"5,700.00"
2019-12-18,2019121801004685,EBL,19,28,10,570.00,"5,700.00"
2019-12-18,2019121801005052,EDBL,17,10,50,291.00,"14,550.00"
2019-12-18,2019121801004991,EDBL,36,10,50,294.00,"14,700.00"
2019-12-18,2019121801005031,EIC,16,45,200,263.00,"52,600.00"
2019-12-18,2019121801004863,EIC,13,35,26,261.00,"6,786.00"
2019-12-18,2019121801004862,EIC,41,35,300,261.00,"78,300.00"
2019-12-18,2019121801004802,EIC,22,34,137,261.00,"35,757.00"
2019-12-18,2019121801004777,EIC,6,34,200,261.00,"52,200.00"
2019-12-18,2019121801004776,EIC,33,34,363,261.00,"94,743.00"
2019-12-18,2019121801004728,EIC,34,41,100,262.00,"26,200.00"
2019-12-18,2019121801004700,EIC,33,38,337,261.00,"87,957.00"
2019-12-18,2019121801004699,EIC,34,38,13,261.00,"3,393.00"
2019-12-18,2019121801004861,FMDBL,49,37,50,316.00,"15,800.00"
2019-12-18,2019121801004677,FMDBL,11,36,50,317.00,"15,850.00"
2019-12-18,2019121801005130,GBBL,47,22,500,202.00,"101,000.00"
2019-12-18,2019121801005010,GBBL,47,43,100,202.00,"20,200.00"
2019-12-18,2019121801004901,GBLBS,56,39,10,316.00,"3,160.00"
2019-12-18,2019121801005094,GGBSL,56,35,10,615.00,"6,150.00"
2019-12-18,2019121801004958,GGBSL,56,33,10,614.00,"6,140.00"
2019-12-18,2019121801005019,GLICL,40,40,3,445.00,"1,335.00"
2019-12-18,2019121801004858,GLICL,46,44,30,454.00,"13,620.00"
2019-12-18,2019121801004836,GLICL,51,50,50,453.00,"22,650.00"
2019-12-18,2019121801004731,GLICL,51,41,50,453.00,"22,650.00"
2019-12-18,2019121801004944,GMFBS,34,34,10,565.00,"5,650.00"
2019-12-18,2019121801004943,GMFBS,55,34,90,566.00,"50,940.00"
2019-12-18,2019121801005068,HBL,13,17,20,491.00,"9,820.00"
2019-12-18,2019121801005043,HBL,39,17,10,496.00,"4,960.00"
2019-12-18,2019121801005064,HDL,41,45,15,"1,238.00","18,570.00"
2019-12-18,2019121801004982,HDL,58,21,10,"1,238.00","12,380.00"
2019-12-18,2019121801004963,HDL,58,26,300,"1,239.00","371,700.00"
2019-12-18,2019121801004962,HDL,25,26,20,"1,239.00","24,780.00"
2019-12-18,2019121801004961,HDL,45,26,20,"1,239.00","24,780.00"
2019-12-18,2019121801004960,HDL,45,26,10,"1,239.00","12,390.00"
2019-12-18,2019121801004959,HDL,45,26,20,"1,240.00","24,800.00"
2019-12-18,2019121801004735,HDL,48,26,10,"1,244.00","12,440.00"
2019-12-18,2019121801004955,HIDCL,39,1,20,134.00,"2,680.00"
2019-12-18,2019121801004929,HIDCL,14,37,61,132.00,"8,052.00"
2019-12-18,2019121801004681,HIDCL,14,37,61,132.00,"8,052.00"
2019-12-18,2019121801004969,HPPL,59,37,10,134.00,"1,340.00"
2019-12-18,2019121801004645,HPPL,59,13,20,134.00,"2,680.00"
2019-12-18,2019121801004686,IGI,11,40,160,295.00,"47,200.00"
2019-12-18,2019121801005126,ILBS,19,44,10,572.00,"5,720.00"
2019-12-18,2019121801005069,ILBS,19,44,10,572.00,"5,720.00"
2019-12-18,2019121801005051,ILBS,19,44,10,572.00,"5,720.00"
2019-12-18,2019121801005032,ILBS,51,44,10,572.00,"5,720.00"
2019-12-18,2019121801005014,ILBS,51,44,10,572.00,"5,720.00"
2019-12-18,2019121801004989,ILBS,51,44,10,572.00,"5,720.00"
2019-12-18,2019121801004734,ILBS,51,44,10,572.00,"5,720.00"
2019-12-18,2019121801004730,ILBS,51,44,10,572.00,"5,720.00"
2019-12-18,2019121801004702,ILBS,51,44,10,572.00,"5,720.00"
2019-12-18,2019121801004687,ILBS,51,44,10,572.00,"5,720.00"
2019-12-18,2019121801004662,ILBS,51,44,10,572.00,"5,720.00"
2019-12-18,2019121801004787,ILBS,51,39,20,572.00,"11,440.00"
2019-12-18,2019121801004779,ILBS,51,48,10,572.00,"5,720.00"
2019-12-18,2019121801004775,ILBS,51,44,10,572.00,"5,720.00"
2019-12-18,2019121801004761,ILBS,51,44,10,572.00,"5,720.00"
2019-12-18,2019121801004757,ILBS,51,7,30,572.00,"17,160.00"
2019-12-18,2019121801004741,ILBS,51,44,10,572.00,"5,720.00"
2019-12-18,2019121801004886,ILBS,51,44,10,572.00,"5,720.00"
2019-12-18,2019121801004869,ILBS,51,44,10,572.00,"5,720.00"
2019-12-18,2019121801004839,ILBS,51,44,10,572.00,"5,720.00"
2019-12-18,2019121801004811,ILBS,51,44,10,572.00,"5,720.00"
2019-12-18,2019121801004798,ILBS,51,44,10,572.00,"5,720.00"
2019-12-18,2019121801004789,ILBS,51,44,10,572.00,"5,720.00"
2019-12-18,2019121801004973,ILBS,51,45,20,572.00,"11,440.00"
2019-12-18,2019121801004966,ILBS,51,44,10,572.00,"5,720.00"
2019-12-18,2019121801004932,ILBS,51,44,10,572.00,"5,720.00"
2019-12-18,2019121801004912,ILBS,42,5,150,574.00,"86,100.00"
2019-12-18,2019121801004909,ILBS,51,44,10,572.00,"5,720.00"
2019-12-18,2019121801004908,ILBS,51,21,10,572.00,"5,720.00"
2019-12-18,2019121801005129,JBBL,49,52,10,169.00,"1,690.00"
2019-12-18,2019121801005124,JBBL,38,52,10,169.00,"1,690.00"
2019-12-18,2019121801004674,JBBL,41,48,944,167.00,"157,648.00"
2019-12-18,2019121801004673,JBBL,17,48,56,168.00,"9,408.00"
2019-12-18,2019121801004889,JFL,16,17,500,192.00,"96,000.00"
2019-12-18,2019121801005011,JOSHI,3,6,30,57.00,"1,710.00"
2019-12-18,2019121801005040,JSLBB,45,16,10,"1,210.00","12,100.00"
2019-12-18,2019121801005096,KBL,50,25,10,179.00,"1,790.00"
2019-12-18,2019121801005008,KPCL,55,55,190,85.00,"16,150.00"
2019-12-18,2019121801004947,KPCL,55,48,10,85.00,850.00
2019-12-18,2019121801004791,KPCL,55,48,10,85.00,850.00
2019-12-18,2019121801004884,KPCL,55,39,200,85.00,"17,000.00"
2019-12-18,2019121801005059,LBBL,33,14,10,190.00,"1,900.00"
2019-12-18,2019121801005030,LICN,25,35,14,"1,029.00","14,406.00"
2019-12-18,2019121801005029,LICN,25,25,38,"1,018.00","38,684.00"
2019-12-18,2019121801005028,LICN,25,45,58,"1,018.00","59,044.00"
2019-12-18,2019121801005027,LICN,25,17,15,"1,015.00","15,225.00"
2019-12-18,2019121801004667,LICN,28,44,10,"1,014.00","10,140.00"
2019-12-18,2019121801004810,MBL,34,40,150,218.00,"32,700.00"
2019-12-18,2019121801004680,MBL,47,50,100,218.00,"21,800.00"
2019-12-18,2019121801004679,MBL,43,50,133,218.00,"28,994.00"
2019-12-18,2019121801005093,MEGA,57,57,105,184.00,"19,320.00"
2019-12-18,2019121801005092,MEGA,25,57,50,184.00,"9,200.00"
2019-12-18,2019121801005091,MEGA,47,57,50,184.00,"9,200.00"
2019-12-18,2019121801005090,MEGA,57,57,300,184.00,"55,200.00"
2019-12-18,2019121801004919,MEGA,43,1,10,185.00,"1,850.00"
2019-12-18,2019121801005089,MEGA,55,57,500,184.00,"92,000.00"
2019-12-18,2019121801005088,MEGA,1,57,500,184.00,"92,000.00"
2019-12-18,2019121801005087,MEGA,14,57,385,184.00,"70,840.00"
2019-12-18,2019121801004860,MERO,56,41,23,440.00,"10,120.00"
2019-12-18,2019121801004797,MFIL,19,59,10,131.00,"1,310.00"
2019-12-18,2019121801004790,MFIL,19,59,164,131.00,"21,484.00"
2019-12-18,2019121801004774,MFIL,6,42,"1,000",132.00,"132,000.00"
2019-12-18,2019121801004773,MFIL,8,42,"1,000",132.00,"132,000.00"
2019-12-18,2019121801004763,MFIL,40,42,200,133.00,"26,600.00"
2019-12-18,2019121801004762,MFIL,6,42,"1,000",133.00,"133,000.00"
2019-12-18,2019121801004871,MLBBL,26,21,10,545.00,"5,450.00"
2019-12-18,2019121801004742,MLBBL,26,43,95,545.00,"51,775.00"
2019-12-18,2019121801005144,MNBBL,54,49,264,276.00,"72,864.00"
2019-12-18,2019121801005112,MNBBL,54,49,160,276.00,"44,160.00"
2019-12-18,2019121801005111,MNBBL,20,49,500,276.00,"138,000.00"
2019-12-18,2019121801005110,MNBBL,52,49,50,276.00,"13,800.00"
2019-12-18,2019121801005109,MNBBL,28,49,240,276.00,"66,240.00"
2019-12-18,2019121801004866,MNBBL,17,35,200,277.00,"55,400.00"
2019-12-18,2019121801004809,MNBBL,6,35,50,277.00,"13,850.00"
2019-12-18,2019121801004800,MNBBL,28,17,60,276.00,"16,560.00"
2019-12-18,2019121801005103,MSLB,39,50,50,886.00,"44,300.00"
2019-12-18,2019121801005102,MSLB,33,50,100,887.00,"88,700.00"
2019-12-18,2019121801005022,MSLB,33,1,50,899.00,"44,950.00"
2019-12-18,2019121801004749,MSLB,41,45,17,894.00,"15,198.00"
2019-12-18,2019121801004907,MSMBS,26,51,150,528.00,"79,200.00"
2019-12-18,2019121801005000,NABIL,8,19,20,748.00,"14,960.00"
2019-12-18,2019121801004865,NABIL,25,17,320,748.00,"239,360.00"
2019-12-18,2019121801004900,NBB,6,3,100,188.00,"18,800.00"
2019-12-18,2019121801004899,NBB,28,3,500,188.00,"94,000.00"
2019-12-18,2019121801004898,NBB,48,3,300,188.00,"56,400.00"
2019-12-18,2019121801004897,NBB,58,3,500,188.00,"94,000.00"
2019-12-18,2019121801004896,NBB,55,3,100,188.00,"18,800.00"
2019-12-18,2019121801004895,NBB,25,3,"1,500",188.00,"282,000.00"
2019-12-18,2019121801004822,NBB,49,55,100,189.00,"18,900.00"
2019-12-18,2019121801004821,NBB,58,55,18,189.00,"3,402.00"
2019-12-18,2019121801004894,NBB,43,3,100,188.00,"18,800.00"
2019-12-18,2019121801004893,NBB,49,3,200,188.00,"37,600.00"
2019-12-18,2019121801004892,NBB,25,3,100,188.00,"18,800.00"
2019-12-18,2019121801004891,NBB,25,3,70,188.00,"13,160.00"
2019-12-18,2019121801004890,NBB,49,3,18,189.00,"3,402.00"
2019-12-18,2019121801004823,NBB,49,55,82,189.00,"15,498.00"
2019-12-18,2019121801005033,NBL,43,26,10,315.00,"3,150.00"
2019-12-18,2019121801005007,NBL,32,4,"2,079",314.00,"652,806.00"
2019-12-18,2019121801004977,NBL,19,4,200,314.00,"62,800.00"
2019-12-18,2019121801004976,NBL,29,4,800,314.00,"251,200.00"
2019-12-18,2019121801004975,NBL,6,4,500,314.00,"157,000.00"
2019-12-18,2019121801004974,NBL,34,4,"1,421",314.00,"446,194.00"
2019-12-18,2019121801004675,NBL,32,21,260,314.00,"81,640.00"
2019-12-18,2019121801004841,NBL,32,53,"3,000",314.00,"942,000.00"
2019-12-18,2019121801004819,NBL,34,38,"1,000",314.00,"314,000.00"
2019-12-18,2019121801004818,NBL,34,38,"1,000",314.00,"314,000.00"
2019-12-18,2019121801004817,NBL,34,11,619,314.00,"194,366.00"
2019-12-18,2019121801004816,NBL,34,22,960,314.00,"301,440.00"
2019-12-18,2019121801004676,NBL,32,22,40,314.00,"12,560.00"
2019-12-18,2019121801005134,NCCB,48,48,243,201.00,"48,843.00"
2019-12-18,2019121801004801,NCCB,48,16,"1,000",201.00,"201,000.00"
2019-12-18,2019121801004709,NCCB,48,51,300,201.00,"60,300.00"
2019-12-18,2019121801005021,NGPL,42,45,122,112.00,"13,664.00"
2019-12-18,2019121801005020,NGPL,16,45,78,112.00,"8,736.00"
2019-12-18,2019121801005017,NGPL,16,37,11,112.00,"1,232.00"
2019-12-18,2019121801004703,NGPL,16,45,500,112.00,"56,000.00"
2019-12-18,2019121801004690,NGPL,16,57,200,112.00,"22,400.00"
2019-12-18,2019121801005005,NICA,51,45,"1,250",416.00,"520,000.00"
2019-12-18,2019121801005004,NICA,51,22,100,416.00,"41,600.00"
2019-12-18,2019121801005003,NICA,51,1,100,415.00,"41,500.00"
2019-12-18,2019121801005002,NICA,51,47,50,415.00,"20,750.00"
2019-12-18,2019121801005001,NICA,51,4,500,415.00,"207,500.00"
2019-12-18,2019121801004701,NICA,43,57,99,414.00,"40,986.00"
2019-12-18,2019121801004683,NICA,43,57,400,414.00,"165,600.00"
2019-12-18,2019121801004840,NICL,25,28,20,291.00,"5,820.00"
2019-12-18,2019121801004710,NICL,11,25,222,288.00,"63,936.00"
2019-12-18,2019121801004835,NIL,39,19,10,412.00,"4,120.00"
2019-12-18,2019121801004837,NLG,33,37,200,590.00,"118,000.00"
2019-12-18,2019121801004694,NLG,33,38,110,590.00,"64,900.00"
2019-12-18,2019121801005062,NLIC,44,52,63,881.00,"55,503.00"
2019-12-18,2019121801005061,NLIC,34,52,50,881.00,"44,050.00"
2019-12-18,2019121801005060,NLIC,6,52,10,881.00,"8,810.00"
2019-12-18,2019121801005026,NLIC,44,33,100,882.00,"88,200.00"
2019-12-18,2019121801005025,NLIC,44,58,20,882.00,"17,640.00"
2019-12-18,2019121801004905,NLIC,50,58,425,882.00,"374,850.00"
2019-12-18,2019121801004770,NLIC,50,37,75,882.00,"66,150.00"
2019-12-18,2019121801004769,NLIC,49,37,50,882.00,"44,100.00"
2019-12-18,2019121801004768,NLIC,26,37,450,882.00,"396,900.00"
2019-12-18,2019121801005125,NLICL,43,39,100,470.00,"47,000.00"
2019-12-18,2019121801005121,NLICL,43,48,56,470.00,"26,320.00"
2019-12-18,2019121801004993,NLICL,43,37,10,474.00,"4,740.00"
2019-12-18,2019121801004888,NLICL,44,56,529,467.00,"247,043.00"
2019-12-18,2019121801004887,NLICL,25,56,445,467.00,"207,815.00"
2019-12-18,2019121801004682,NLICL,25,5,55,467.00,"25,685.00"
2019-12-18,2019121801005135,NMB,33,44,10,400.00,"4,000.00"
2019-12-18,2019121801005077,NMB,53,40,52,399.00,"20,748.00"
2019-12-18,2019121801005053,NMB,45,44,200,400.00,"80,000.00"
2019-12-18,2019121801005049,NMB,45,44,90,400.00,"36,000.00"
2019-12-18,2019121801005039,NMB,16,44,132,400.00,"52,800.00"
2019-12-18,2019121801005012,NMB,11,44,20,400.00,"8,000.00"
2019-12-18,2019121801004739,NMB,32,53,461,400.00,"184,400.00"
2019-12-18,2019121801004738,NMB,32,57,99,400.00,"39,600.00"
2019-12-18,2019121801004732,NMB,6,57,10,400.00,"4,000.00"
2019-12-18,2019121801004717,NMB,7,57,10,400.00,"4,000.00"
2019-12-18,2019121801004688,NMB,8,57,100,400.00,"40,000.00"
2019-12-18,2019121801004678,NMB,42,57,50,400.00,"20,000.00"
2019-12-18,2019121801004832,NMB,19,7,100,400.00,"40,000.00"
2019-12-18,2019121801004831,NMB,19,58,89,400.00,"35,600.00"
2019-12-18,2019121801004820,NMB,25,58,150,400.00,"60,000.00"
2019-12-18,2019121801004815,NMB,41,58,761,400.00,"304,400.00"
2019-12-18,2019121801004814,NMB,41,53,39,400.00,"15,600.00"
2019-12-18,2019121801004803,NMB,14,57,1,400.00,400.00
2019-12-18,2019121801004877,NMB,53,49,40,399.00,"15,960.00"
2019-12-18,2019121801004874,NMB,7,14,260,400.00,"104,000.00"
2019-12-18,2019121801004868,NMB,42,14,161,400.00,"64,400.00"
2019-12-18,2019121801004867,NMB,42,44,139,400.00,"55,600.00"
2019-12-18,2019121801004834,NMB,19,44,161,400.00,"64,400.00"
2019-12-18,2019121801004833,NMB,19,7,150,400.00,"60,000.00"
2019-12-18,2019121801004953,NMB,14,28,121,400.00,"48,400.00"
2019-12-18,2019121801004952,NMB,14,6,379,400.00,"151,600.00"
2019-12-18,2019121801004949,NMB,14,57,1,400.00,400.00
2019-12-18,2019121801004928,NMB,59,28,331,400.00,"132,400.00"
2019-12-18,2019121801004927,NMB,59,14,69,400.00,"27,600.00"
2019-12-18,2019121801004916,NMB,11,14,10,400.00,"4,000.00"
2019-12-18,2019121801004988,NMB,11,44,10,400.00,"4,000.00"
2019-12-18,2019121801004972,NMB,49,44,693,400.00,"277,200.00"
2019-12-18,2019121801004971,NMB,49,49,584,400.00,"233,600.00"
2019-12-18,2019121801004970,NMB,49,28,28,400.00,"11,200.00"
2019-12-18,2019121801004965,NMB,5,28,500,400.00,"200,000.00"
2019-12-18,2019121801004957,NMB,11,28,20,400.00,"8,000.00"
2019-12-18,2019121801005016,NMBMF,34,34,10,560.00,"5,600.00"
2019-12-18,2019121801005123,NNLB,21,37,70,606.00,"42,420.00"
2019-12-18,2019121801005122,NNLB,16,37,100,607.00,"60,700.00"
2019-12-18,2019121801005072,NNLB,34,37,100,609.00,"60,900.00"
2019-12-18,2019121801005071,NNLB,19,37,50,609.00,"30,450.00"
2019-12-18,2019121801005070,NNLB,36,37,100,609.00,"60,900.00"
2019-12-18,2019121801005065,NNLB,19,25,69,610.00,"42,090.00"
2019-12-18,2019121801004780,NNLB,48,7,160,614.00,"98,240.00"
2019-12-18,2019121801004778,NNLB,48,33,40,614.00,"24,560.00"
2019-12-18,2019121801004758,NNLB,34,33,40,614.00,"24,560.00"
2019-12-18,2019121801004746,NNLB,34,45,60,614.00,"36,840.00"
2019-12-18,2019121801004838,NNLB,21,7,40,611.00,"24,440.00"
2019-12-18,2019121801004785,NNLB,34,7,200,611.00,"122,200.00"
2019-12-18,2019121801004784,NNLB,34,7,100,611.00,"61,100.00"
2019-12-18,2019121801004783,NNLB,34,7,100,612.00,"61,200.00"
2019-12-18,2019121801004782,NNLB,19,7,100,613.00,"61,300.00"
2019-12-18,2019121801004781,NNLB,34,7,100,613.00,"61,300.00"
2019-12-18,2019121801005015,NNLB,19,50,31,610.00,"18,910.00"
2019-12-18,2019121801005006,NNLB,48,55,100,611.00,"61,100.00"
2019-12-18,2019121801004992,NNLB,48,55,100,611.00,"61,100.00"
2019-12-18,2019121801004941,NNLB,36,37,100,614.00,"61,400.00"
2019-12-18,2019121801004906,NNLB,37,50,65,615.00,"39,975.00"
2019-12-18,2019121801004883,NNLB,21,54,20,616.00,"12,320.00"
2019-12-18,2019121801004729,NSEWA,48,13,30,444.00,"13,320.00"
2019-12-18,2019121801004766,NTC,11,45,50,643.00,"32,150.00"
2019-12-18,2019121801004765,NTC,11,54,50,642.00,"32,100.00"
2019-12-18,2019121801005120,PCBL,49,50,"1,000",279.00,"279,000.00"
2019-12-18,2019121801005119,PCBL,49,32,500,279.00,"139,500.00"
2019-12-18,2019121801005118,PCBL,49,26,50,279.00,"13,950.00"
2019-12-18,2019121801005117,PCBL,49,49,212,278.00,"58,936.00"
2019-12-18,2019121801004946,PCBL,36,16,100,277.00,"27,700.00"
2019-12-18,2019121801004945,PCBL,16,16,100,277.00,"27,700.00"
2019-12-18,2019121801004987,PFL,14,25,97,144.00,"13,968.00"
2019-12-18,2019121801004885,PFL,6,48,272,146.00,"39,712.00"
2019-12-18,2019121801005057,PIC,58,25,10,405.00,"4,050.00"
2019-12-18,2019121801004985,PIC,33,41,41,401.00,"16,441.00"
2019-12-18,2019121801004670,PIC,32,55,20,401.00,"8,020.00"
2019-12-18,2019121801004669,PIC,33,55,70,401.00,"28,070.00"
2019-12-18,2019121801005100,PLIC,19,52,91,346.00,"31,486.00"
2019-12-18,2019121801005099,PLIC,57,52,22,346.00,"7,612.00"
2019-12-18,2019121801005098,PLIC,1,52,30,347.00,"10,410.00"
2019-12-18,2019121801005097,PLIC,21,52,50,347.00,"17,350.00"
2019-12-18,2019121801004796,PMHPL,19,48,10,86.00,860.00
2019-12-18,2019121801004716,PMHPL,19,37,10,86.00,860.00
2019-12-18,2019121801005136,PRIN,58,32,10,335.00,"3,350.00"
2019-12-18,2019121801004925,PRIN,40,45,200,332.00,"66,400.00"
2019-12-18,2019121801004933,PRVU,52,34,300,227.00,"68,100.00"
2019-12-18,2019121801004707,PRVU,32,22,500,227.00,"113,500.00"
2019-12-18,2019121801004706,PRVU,32,36,100,227.00,"22,700.00"
2019-12-18,2019121801004705,PRVU,32,26,600,227.00,"136,200.00"
2019-12-18,2019121801005038,RADHI,16,50,"1,978",142.00,"280,876.00"
2019-12-18,2019121801005037,RADHI,42,50,265,143.00,"37,895.00"
2019-12-18,2019121801005036,RADHI,47,50,89,143.00,"12,727.00"
2019-12-18,2019121801004764,RHPC,19,28,100,71.00,"7,100.00"
2019-12-18,2019121801004745,RHPC,46,37,19,70.00,"1,330.00"
2019-12-18,2019121801005046,RHPL,38,37,40,171.00,"6,840.00"
2019-12-18,2019121801004964,RHPL,38,48,40,171.00,"6,840.00"
2019-12-18,2019121801004926,RHPL,45,45,"1,000",172.00,"172,000.00"
2019-12-18,2019121801004915,RHPL,38,41,10,171.00,"1,710.00"
2019-12-18,2019121801004878,RHPL,38,48,40,171.00,"6,840.00"
2019-12-18,2019121801004786,RHPL,38,37,40,171.00,"6,840.00"
2019-12-18,2019121801004708,RMDC,59,10,30,612.00,"18,360.00"
2019-12-18,2019121801004882,RRHP,47,48,10,95.00,950.00
2019-12-18,2019121801004737,RSDC,34,38,18,315.00,"5,670.00"
2019-12-18,2019121801004756,SANIMA,58,16,100,314.00,"31,400.00"
2019-12-18,2019121801004755,SANIMA,58,59,719,314.00,"225,766.00"
2019-12-18,2019121801004712,SANIMA,57,11,490,313.00,"153,370.00"
2019-12-18,2019121801004711,SANIMA,6,11,10,313.00,"3,130.00"
2019-12-18,2019121801004999,SAPDBL,17,48,"1,000",120.00,"120,000.00"
2019-12-18,2019121801005009,SBI,39,54,10,348.00,"3,480.00"
2019-12-18,2019121801005116,SBL,57,14,50,287.00,"14,350.00"
2019-12-18,2019121801004713,SBL,32,14,28,287.00,"8,036.00"
2019-12-18,2019121801004744,SCB,34,41,85,535.00,"45,475.00"
2019-12-18,2019121801004743,SCB,10,41,15,535.00,"8,025.00"
2019-12-18,2019121801004812,SDESI,43,45,200,571.00,"114,200.00"
2019-12-18,2019121801005063,SHINE,59,54,222,239.00,"53,058.00"
2019-12-18,2019121801004759,SHINE,59,49,100,238.00,"23,800.00"
2019-12-18,2019121801005137,SHIVM,48,51,10,355.00,"3,550.00"
2019-12-18,2019121801005083,SHIVM,1,58,80,351.00,"28,080.00"
2019-12-18,2019121801005082,SHIVM,34,58,50,352.00,"17,600.00"
2019-12-18,2019121801005081,SHIVM,32,58,200,352.00,"70,400.00"
2019-12-18,2019121801005080,SHIVM,57,58,50,353.00,"17,650.00"
2019-12-18,2019121801005079,SHIVM,34,58,100,353.00,"35,300.00"
2019-12-18,2019121801004650,SHIVM,35,40,70,353.00,"24,710.00"
2019-12-18,2019121801004649,SHIVM,21,40,200,353.00,"70,600.00"
2019-12-18,2019121801004648,SHIVM,37,40,200,353.00,"70,600.00"
2019-12-18,2019121801004647,SHIVM,41,40,10,354.00,"3,540.00"
2019-12-18,2019121801004656,SHIVM,5,40,100,352.00,"35,200.00"
2019-12-18,2019121801004655,SHIVM,32,40,100,352.00,"35,200.00"
2019-12-18,2019121801004654,SHIVM,37,40,20,353.00,"7,060.00"
2019-12-18,2019121801004653,SHIVM,14,40,500,353.00,"176,500.00"
2019-12-18,2019121801004652,SHIVM,58,40,200,353.00,"70,600.00"
2019-12-18,2019121801004651,SHIVM,42,40,50,353.00,"17,650.00"
2019-12-18,2019121801004720,SHIVM,51,7,20,352.00,"7,040.00"
2019-12-18,2019121801004661,SHIVM,51,40,30,352.00,"10,560.00"
2019-12-18,2019121801004660,SHIVM,49,40,50,352.00,"17,600.00"
2019-12-18,2019121801004659,SHIVM,48,40,500,352.00,"176,000.00"
2019-12-18,2019121801004658,SHIVM,14,40,100,352.00,"35,200.00"
2019-12-18,2019121801004657,SHIVM,5,40,150,352.00,"52,800.00"
2019-12-18,2019121801004726,SHIVM,7,7,100,351.00,"35,100.00"
2019-12-18,2019121801004725,SHIVM,32,7,10,351.00,"3,510.00"
2019-12-18,2019121801004724,SHIVM,32,7,10,351.00,"3,510.00"
2019-12-18,2019121801004723,SHIVM,55,7,100,351.00,"35,100.00"
2019-12-18,2019121801004722,SHIVM,45,7,200,351.00,"70,200.00"
2019-12-18,2019121801004721,SHIVM,57,7,300,352.00,"105,600.00"
2019-12-18,2019121801005078,SHIVM,25,58,10,353.00,"3,530.00"
2019-12-18,2019121801005041,SHIVM,3,58,500,354.00,"177,000.00"
2019-12-18,2019121801004948,SHIVM,25,21,20,353.00,"7,060.00"
2019-12-18,2019121801004788,SHIVM,5,58,50,354.00,"17,700.00"
2019-12-18,2019121801004772,SHIVM,1,43,100,351.00,"35,100.00"
2019-12-18,2019121801004727,SHIVM,1,7,260,351.00,"91,260.00"
2019-12-18,2019121801005143,SHPC,21,6,550,188.00,"103,400.00"
2019-12-18,2019121801005142,SHPC,16,6,500,188.00,"94,000.00"
2019-12-18,2019121801005141,SHPC,25,6,50,188.00,"9,400.00"
2019-12-18,2019121801005140,SHPC,1,6,"1,000",188.00,"188,000.00"
2019-12-18,2019121801005139,SHPC,43,6,200,189.00,"37,800.00"
2019-12-18,2019121801005138,SHPC,40,6,200,189.00,"37,800.00"
2019-12-18,2019121801004986,SHPC,49,6,300,190.00,"57,000.00"
2019-12-18,2019121801005073,SICL,33,17,130,851.00,"110,630.00"
2019-12-18,2019121801005050,SICL,42,48,10,860.00,"8,600.00"
2019-12-18,2019121801004666,SICL,33,39,20,851.00,"17,020.00"
2019-12-18,2019121801005067,SIL,58,37,10,407.00,"4,070.00"
2019-12-18,2019121801004940,SIL,6,56,165,400.00,"66,000.00"
2019-12-18,2019121801004939,SIL,14,56,20,400.00,"8,000.00"
2019-12-18,2019121801004938,SIL,34,56,10,402.00,"4,020.00"
2019-12-18,2019121801004937,SIL,34,56,10,402.00,"4,020.00"
2019-12-18,2019121801004936,SIL,16,56,50,402.00,"20,100.00"
2019-12-18,2019121801005044,SINDU,26,44,50,138.00,"6,900.00"
2019-12-18,2019121801004996,SINDU,10,44,20,138.00,"2,760.00"
2019-12-18,2019121801004995,SINDU,10,42,30,138.00,"4,140.00"
2019-12-18,2019121801004733,SINDU,13,42,20,138.00,"2,760.00"
2019-12-18,2019121801004715,SINDU,38,42,60,138.00,"8,280.00"
2019-12-18,2019121801004714,SINDU,38,34,190,138.00,"26,220.00"
2019-12-18,2019121801004693,SINDU,17,25,125,136.00,"17,000.00"
2019-12-18,2019121801004692,SINDU,17,25,200,136.00,"27,200.00"
2019-12-18,2019121801004691,SINDU,1,25,200,136.00,"27,200.00"
2019-12-18,2019121801005115,SJCL,35,36,10,159.00,"1,590.00"
2019-12-18,2019121801005095,SJCL,35,37,20,158.00,"3,160.00"
2019-12-18,2019121801004942,SJCL,35,36,10,159.00,"1,590.00"
2019-12-18,2019121801004904,SJCL,35,48,20,158.00,"3,160.00"
2019-12-18,2019121801004876,SJCL,35,36,10,159.00,"1,590.00"
2019-12-18,2019121801004808,SJCL,35,37,10,158.00,"1,580.00"
2019-12-18,2019121801004984,SJCL,35,36,10,159.00,"1,590.00"
2019-12-18,2019121801004983,SJCL,35,48,20,158.00,"3,160.00"
2019-12-18,2019121801004951,SJCL,35,41,10,158.00,"1,580.00"
2019-12-18,2019121801005131,SKBBL,34,53,50,980.00,"49,000.00"
2019-12-18,2019121801004671,SLBBL,43,11,120,550.00,"66,000.00"
2019-12-18,2019121801004981,SLBSL,22,14,10,618.00,"6,180.00"
2019-12-18,2019121801004980,SLBSL,22,26,10,618.00,"6,180.00"
2019-12-18,2019121801004979,SLBSL,22,59,50,617.00,"30,850.00"
2019-12-18,2019121801004978,SLBSL,22,34,100,615.00,"61,500.00"
2019-12-18,2019121801004903,SLICL,58,7,100,290.00,"29,000.00"
2019-12-18,2019121801004902,SLICL,21,7,300,291.00,"87,300.00"
2019-12-18,2019121801004750,SLICL,39,4,40,292.00,"11,680.00"
2019-12-18,2019121801004689,SLICL,41,4,30,292.00,"8,760.00"
2019-12-18,2019121801005056,SMFBS,34,41,10,940.00,"9,400.00"
2019-12-18,2019121801005042,SMFBS,34,34,10,923.00,"9,230.00"
2019-12-18,2019121801005034,SMFBS,34,42,10,912.00,"9,120.00"
2019-12-18,2019121801005018,SMFBS,34,42,10,912.00,"9,120.00"
2019-12-18,2019121801004998,SMFBS,34,14,10,918.00,"9,180.00"
2019-12-18,2019121801004997,SMFBS,34,45,10,917.00,"9,170.00"
2019-12-18,2019121801004950,SMFBS,34,35,50,914.00,"45,700.00"
2019-12-18,2019121801005076,SPARS,45,18,31,614.00,"19,034.00"
2019-12-18,2019121801005075,SPARS,45,35,10,614.00,"6,140.00"
2019-12-18,2019121801005074,SPARS,45,6,59,610.00,"35,990.00"
2019-12-18,2019121801004824,SPARS,34,6,31,610.00,"18,910.00"
2019-12-18,2019121801004747,SPARS,55,6,10,610.00,"6,100.00"
2019-12-18,2019121801004918,SRBL,49,22,50,217.00,"10,850.00"
2019-12-18,2019121801004917,SRBL,17,22,128,217.00,"27,776.00"
2019-12-18,2019121801004799,SRBL,17,49,600,217.00,"130,200.00"
2019-12-18,2019121801005114,STC,47,21,20,"1,628.00","32,560.00"
2019-12-18,2019121801005113,STC,34,21,30,"1,628.00","48,840.00"
2019-12-18,2019121801005108,STC,25,28,10,"1,645.00","16,450.00"
2019-12-18,2019121801005086,STC,34,28,40,"1,628.00","65,120.00"
2019-12-18,2019121801005085,STC,50,28,10,"1,629.00","16,290.00"
2019-12-18,2019121801005084,STC,46,28,50,"1,630.00","81,500.00"
2019-12-18,2019121801004880,STC,34,57,30,"1,628.00","48,840.00"
2019-12-18,2019121801004879,STC,42,57,100,"1,628.00","162,800.00"
2019-12-18,2019121801004870,STC,47,43,30,"1,640.00","49,200.00"
2019-12-18,2019121801004994,SWBBL,39,56,40,809.00,"32,360.00"
2019-12-18,2019121801004807,TRH,33,42,10,274.00,"2,740.00"
2019-12-18,2019121801004698,UIC,44,7,272,280.00,"76,160.00"
2019-12-18,2019121801004697,UIC,34,7,10,280.00,"2,800.00"
2019-12-18,2019121801004696,UIC,44,7,206,280.00,"57,680.00"
2019-12-18,2019121801004695,UIC,50,7,12,285.00,"3,420.00"
2019-12-18,2019121801005035,UPPER,1,46,120,232.00,"27,840.00"
2019-12-18,2019121801005024,UPPER,33,49,10,234.00,"2,340.00"
2019-12-18,2019121801004924,UPPER,1,46,122,232.00,"28,304.00"
2019-12-18,2019121801004923,UPPER,7,46,"1,000",232.00,"232,000.00"
2019-12-18,2019121801004922,UPPER,55,46,200,232.00,"46,400.00"
2019-12-18,2019121801004921,UPPER,46,46,160,232.00,"37,120.00"
2019-12-18,2019121801004920,UPPER,40,46,"1,408",232.00,"326,656.00"
2019-12-18,2019121801004873,UPPER,34,49,10,234.00,"2,340.00"
2019-12-18,2019121801004872,UPPER,34,11,50,233.00,"11,650.00"
2019-12-18,2019121801004502,ADBL,4,14,200,406.00,"81,200.00"
2019-12-18,2019121801004289,ADBL,45,14,20,406.00,"8,120.00"
2019-12-18,2019121801004220,ADBL,16,1,280,405.00,"113,400.00"
2019-12-18,2019121801004219,ADBL,26,1,50,405.00,"20,250.00"
2019-12-18,2019121801004218,ADBL,56,1,20,405.00,"8,100.00"
2019-12-18,2019121801004217,ADBL,25,1,100,405.00,"40,500.00"
2019-12-18,2019121801004216,ADBL,54,1,50,405.00,"20,250.00"
2019-12-18,2019121801004559,AHPC,34,25,114,98.00,"11,172.00"
2019-12-18,2019121801004547,AHPC,34,36,95,98.00,"9,310.00"
2019-12-18,2019121801004546,AHPC,42,36,905,98.00,"88,690.00"
2019-12-18,2019121801004614,AKBSL,32,48,10,468.00,"4,680.00"
2019-12-18,2019121801004535,ALBSL,1,48,10,466.00,"4,660.00"
2019-12-18,2019121801004579,ALICL,58,50,100,351.00,"35,100.00"
2019-12-18,2019121801004641,API,42,37,18,107.00,"1,926.00"
2019-12-18,2019121801004401,API,25,34,22,108.00,"2,376.00"
2019-12-18,2019121801004325,API,42,25,"1,460",107.00,"156,220.00"
2019-12-18,2019121801004324,API,13,25,40,107.00,"4,280.00"
2019-12-18,2019121801004453,BFC,32,8,30,84.00,"2,520.00"
2019-12-18,2019121801004285,BFC,42,42,10,85.00,850.00
2019-12-18,2019121801004423,BOKL,41,16,150,216.00,"32,400.00"
2019-12-18,2019121801004387,BOKL,51,16,50,216.00,"10,800.00"
2019-12-18,2019121801004227,BOKL,28,16,200,216.00,"43,200.00"
2019-12-18,2019121801004642,BPCL,34,22,22,354.00,"7,788.00"
2019-12-18,2019121801004570,BPCL,16,22,22,353.00,"7,766.00"
2019-12-18,2019121801004562,BPCL,16,22,22,353.00,"7,766.00"
2019-12-18,2019121801004528,BPCL,16,22,22,353.00,"7,766.00"
2019-12-18,2019121801004294,BPCL,43,16,20,354.00,"7,080.00"
2019-12-18,2019121801004272,BPCL,41,16,200,354.00,"70,800.00"
2019-12-18,2019121801004309,CBBL,34,22,280,785.00,"219,800.00"
2019-12-18,2019121801004302,CBBL,38,22,50,786.00,"39,300.00"
2019-12-18,2019121801004301,CBBL,38,22,20,786.00,"15,720.00"
2019-12-18,2019121801004300,CBBL,28,22,50,786.00,"39,300.00"
2019-12-18,2019121801004299,CBBL,34,22,100,787.00,"78,700.00"
2019-12-18,2019121801004523,CBL,6,48,100,136.00,"13,600.00"
2019-12-18,2019121801004515,CBL,25,43,10,135.00,"1,350.00"
2019-12-18,2019121801004429,CBL,25,3,80,135.00,"10,800.00"
2019-12-18,2019121801004428,CBL,25,8,446,135.00,"60,210.00"
2019-12-18,2019121801004427,CBL,25,8,500,135.00,"67,500.00"
2019-12-18,2019121801004426,CBL,43,8,266,135.00,"35,910.00"
2019-12-18,2019121801004201,CBL,36,48,"1,000",136.00,"136,000.00"
2019-12-18,2019121801004200,CBL,49,48,"1,000",136.00,"136,000.00"
2019-12-18,2019121801004199,CBL,35,48,50,136.00,"6,800.00"
2019-12-18,2019121801004198,CBL,13,48,378,136.00,"51,408.00"
2019-12-18,2019121801004173,CBL,36,11,417,137.00,"57,129.00"
2019-12-18,2019121801004172,CBL,36,11,583,137.00,"79,871.00"
2019-12-18,2019121801004327,CCBL,45,36,541,165.00,"89,265.00"
2019-12-18,2019121801004326,CCBL,45,45,459,164.00,"75,276.00"
2019-12-18,2019121801004298,CCBL,6,28,250,163.00,"40,750.00"
2019-12-18,2019121801004297,CCBL,59,28,450,163.00,"73,350.00"
2019-12-18,2019121801004284,CCBL,13,45,541,164.00,"88,724.00"
2019-12-18,2019121801004267,CCBL,13,36,459,164.00,"75,276.00"
2019-12-18,2019121801004590,CIT,34,22,26,"1,733.00","45,058.00"
2019-12-18,2019121801004589,CIT,45,22,10,"1,733.00","17,330.00"
2019-12-18,2019121801004588,CIT,41,22,15,"1,733.00","25,995.00"
2019-12-18,2019121801004587,CIT,7,22,20,"1,735.00","34,700.00"
2019-12-18,2019121801004543,CIT,19,45,70,"1,738.00","121,660.00"
2019-12-18,2019121801004542,CIT,19,35,20,"1,738.00","34,760.00"
2019-12-18,2019121801004461,CIT,55,35,10,"1,738.00","17,380.00"
2019-12-18,2019121801004637,CLBSL,7,58,11,566.00,"6,226.00"
2019-12-18,2019121801004605,DBBL,20,26,268,127.00,"34,036.00"
2019-12-18,2019121801004604,DBBL,33,26,232,127.00,"29,464.00"
2019-12-18,2019121801004575,DBBL,33,6,"4,768",127.00,"605,536.00"
2019-12-18,2019121801004574,DBBL,35,6,232,127.00,"29,464.00"
2019-12-18,2019121801004481,DBBL,43,26,200,128.00,"25,600.00"
2019-12-18,2019121801004468,DBBL,35,6,15,127.00,"1,905.00"
2019-12-18,2019121801004460,DBBL,35,6,15,127.00,"1,905.00"
2019-12-18,2019121801004430,DBBL,45,26,100,128.00,"12,800.00"
2019-12-18,2019121801004407,DBBL,45,26,100,128.00,"12,800.00"
2019-12-18,2019121801004176,DBBL,39,6,585,128.00,"74,880.00"
2019-12-18,2019121801004628,DDBL,41,32,20,860.00,"17,200.00"
2019-12-18,2019121801004627,DDBL,53,32,39,860.00,"33,540.00"
2019-12-18,2019121801004458,DDBL,33,22,246,860.00,"211,560.00"
2019-12-18,2019121801004357,DDBL,33,21,44,860.00,"37,840.00"
2019-12-18,2019121801004356,DDBL,33,33,100,860.00,"86,000.00"
2019-12-18,2019121801004355,DDBL,33,33,110,860.00,"94,600.00"
2019-12-18,2019121801004586,EBL,41,28,10,570.00,"5,700.00"
2019-12-18,2019121801004585,EBL,28,28,100,571.00,"57,100.00"
2019-12-18,2019121801004584,EBL,38,28,20,571.00,"11,420.00"
2019-12-18,2019121801004551,EBL,19,29,10,572.00,"5,720.00"
2019-12-18,2019121801004495,EBL,38,29,50,572.00,"28,600.00"
2019-12-18,2019121801004316,EBL,50,28,90,570.00,"51,300.00"
2019-12-18,2019121801004215,EBL,44,29,10,572.00,"5,720.00"
2019-12-18,2019121801004315,EBL,50,28,10,570.00,"5,700.00"
2019-12-18,2019121801004314,EBL,45,28,100,570.00,"57,000.00"
2019-12-18,2019121801004313,EBL,7,28,200,570.00,"114,000.00"
2019-12-18,2019121801004312,EBL,11,28,50,570.00,"28,500.00"
2019-12-18,2019121801004311,EBL,58,28,50,571.00,"28,550.00"
2019-12-18,2019121801004419,EIC,34,41,100,261.00,"26,100.00"
2019-12-18,2019121801004611,FMDBL,11,7,50,317.00,"15,850.00"
2019-12-18,2019121801004332,FMDBL,49,28,185,316.00,"58,460.00"
2019-12-18,2019121801004331,FMDBL,43,28,100,316.00,"31,600.00"
2019-12-18,2019121801004330,FMDBL,14,28,15,316.00,"4,740.00"
2019-12-18,2019121801004360,FOWAD,20,41,20,"1,370.00","27,400.00"
2019-12-18,2019121801004250,FOWAD,6,5,40,"1,365.00","54,600.00"
2019-12-18,2019121801004249,FOWAD,6,5,20,"1,366.00","27,320.00"
2019-12-18,2019121801004248,FOWAD,45,5,20,"1,366.00","27,320.00"
2019-12-18,2019121801004416,GBBL,47,3,60,202.00,"12,120.00"
2019-12-18,2019121801004379,GBBL,47,26,200,202.00,"40,400.00"
2019-12-18,2019121801004268,GBBL,47,46,100,202.00,"20,200.00"
2019-12-18,2019121801004174,GBBL,47,34,300,202.00,"60,600.00"
2019-12-18,2019121801004612,GBLBS,56,13,15,316.00,"4,740.00"
2019-12-18,2019121801004572,GBLBS,56,42,30,316.00,"9,480.00"
2019-12-18,2019121801004228,GBLBS,36,14,200,317.00,"63,400.00"
2019-12-18,2019121801004308,GILB,33,34,50,825.00,"41,250.00"
2019-12-18,2019121801004307,GILB,45,34,80,825.00,"66,000.00"
2019-12-18,2019121801004306,GILB,55,34,10,825.00,"8,250.00"
2019-12-18,2019121801004291,GILB,25,49,23,830.00,"19,090.00"
2019-12-18,2019121801004561,GLICL,52,58,160,453.00,"72,480.00"
2019-12-18,2019121801004475,GLICL,46,58,300,452.00,"135,600.00"
2019-12-18,2019121801004464,GLICL,46,34,200,452.00,"90,400.00"
2019-12-18,2019121801004463,GLICL,52,34,100,452.00,"45,200.00"
2019-12-18,2019121801004421,GLICL,46,58,50,454.00,"22,700.00"
2019-12-18,2019121801004329,GLICL,42,29,230,455.00,"104,650.00"
2019-12-18,2019121801004328,GLICL,42,45,50,455.00,"22,750.00"
2019-12-18,2019121801004293,GLICL,52,11,20,454.00,"9,080.00"
2019-12-18,2019121801004270,GLICL,28,45,180,454.00,"81,720.00"
2019-12-18,2019121801004263,GLICL,44,3,300,455.00,"136,500.00"
2019-12-18,2019121801004258,GLICL,28,34,11,454.00,"4,994.00"
2019-12-18,2019121801004211,GLICL,44,50,100,455.00,"45,500.00"
2019-12-18,2019121801004623,GMFBS,55,22,10,566.00,"5,660.00"
2019-12-18,2019121801004513,GMFBS,33,33,50,566.00,"28,300.00"
2019-12-18,2019121801004512,GMFBS,28,33,20,566.00,"11,320.00"
2019-12-18,2019121801004484,GMFBS,28,48,30,566.00,"16,980.00"
2019-12-18,2019121801004483,GMFBS,55,48,60,566.00,"33,960.00"
2019-12-18,2019121801004457,HBL,58,17,10,496.00,"4,960.00"
2019-12-18,2019121801004336,HBL,6,28,100,490.00,"49,000.00"
2019-12-18,2019121801004223,HBL,11,26,200,491.00,"98,200.00"
2019-12-18,2019121801004536,HDL,45,58,20,"1,239.00","24,780.00"
2019-12-18,2019121801004608,HGI,58,11,10,293.00,"2,930.00"
2019-12-18,2019121801004592,HGI,19,54,40,285.00,"11,400.00"
2019-12-18,2019121801004591,HGI,33,54,50,286.00,"14,300.00"
2019-12-18,2019121801004338,HGI,22,54,10,289.00,"2,890.00"
2019-12-18,2019121801004238,HIDCL,14,1,270,132.00,"35,640.00"
2019-12-18,2019121801004237,HIDCL,42,1,56,132.00,"7,392.00"
2019-12-18,2019121801004236,HIDCL,17,1,100,132.00,"13,200.00"
2019-12-18,2019121801004235,HIDCL,55,1,200,132.00,"26,400.00"
2019-12-18,2019121801004234,HIDCL,25,1,200,132.00,"26,400.00"
2019-12-18,2019121801004233,HIDCL,14,1,154,132.00,"20,328.00"
2019-12-18,2019121801004232,HIDCL,1,1,20,133.00,"2,660.00"
2019-12-18,2019121801004610,HPPL,59,37,10,134.00,"1,340.00"
2019-12-18,2019121801004472,HURJA,43,38,100,103.00,"10,300.00"
2019-12-18,2019121801004471,HURJA,43,6,20,103.00,"2,060.00"
2019-12-18,2019121801004633,ILBS,51,44,10,572.00,"5,720.00"
2019-12-18,2019121801004600,ILBS,52,44,10,571.00,"5,710.00"
2019-12-18,2019121801004593,ILBS,52,44,10,571.00,"5,710.00"
2019-12-18,2019121801004578,ILBS,52,44,10,571.00,"5,710.00"
2019-12-18,2019121801004571,ILBS,52,44,10,571.00,"5,710.00"
2019-12-18,2019121801004568,ILBS,52,44,10,571.00,"5,710.00"
2019-12-18,2019121801004290,ILBS,52,44,10,575.00,"5,750.00"
2019-12-18,2019121801004288,ILBS,49,39,30,576.00,"17,280.00"
2019-12-18,2019121801004283,ILBS,49,44,10,576.00,"5,760.00"
2019-12-18,2019121801004271,ILBS,49,44,10,576.00,"5,760.00"
2019-12-18,2019121801004359,ILBS,52,44,10,575.00,"5,750.00"
2019-12-18,2019121801004349,ILBS,52,44,10,575.00,"5,750.00"
2019-12-18,2019121801004345,ILBS,52,44,10,575.00,"5,750.00"
2019-12-18,2019121801004335,ILBS,52,44,10,575.00,"5,750.00"
2019-12-18,2019121801004323,ILBS,52,44,10,575.00,"5,750.00"
2019-12-18,2019121801004303,ILBS,52,44,10,575.00,"5,750.00"
2019-12-18,2019121801004441,ILBS,42,44,10,575.00,"5,750.00"
2019-12-18,2019121801004424,ILBS,42,44,10,575.00,"5,750.00"
2019-12-18,2019121801004420,ILBS,16,44,10,571.00,"5,710.00"
2019-12-18,2019121801004410,ILBS,14,5,80,575.00,"46,000.00"
2019-12-18,2019121801004390,ILBS,14,44,10,575.00,"5,750.00"
2019-12-18,2019121801004377,ILBS,52,44,10,575.00,"5,750.00"
2019-12-18,2019121801004480,ILBS,52,44,10,571.00,"5,710.00"
2019-12-18,2019121801004476,ILBS,16,44,10,571.00,"5,710.00"
2019-12-18,2019121801004466,ILBS,16,44,10,571.00,"5,710.00"
2019-12-18,2019121801004455,ILBS,42,7,160,575.00,"92,000.00"
2019-12-18,2019121801004454,ILBS,42,5,20,575.00,"11,500.00"
2019-12-18,2019121801004446,ILBS,42,44,10,575.00,"5,750.00"
2019-12-18,2019121801004526,ILBS,52,44,10,571.00,"5,710.00"
2019-12-18,2019121801004514,ILBS,52,44,10,571.00,"5,710.00"
2019-12-18,2019121801004501,ILBS,52,44,10,571.00,"5,710.00"
2019-12-18,2019121801004493,ILBS,52,44,10,571.00,"5,710.00"
2019-12-18,2019121801004488,ILBS,52,44,10,571.00,"5,710.00"
2019-12-18,2019121801004486,ILBS,52,44,10,571.00,"5,710.00"
2019-12-18,2019121801004566,JBBL,17,22,24,168.00,"4,032.00"
2019-12-18,2019121801004565,JBBL,16,22,88,168.00,"14,784.00"
2019-12-18,2019121801004494,JBBL,16,22,112,168.00,"18,816.00"
2019-12-18,2019121801004251,JBBL,16,13,100,168.00,"16,800.00"
2019-12-18,2019121801004644,JFL,52,46,200,191.00,"38,200.00"
2019-12-18,2019121801004643,JFL,51,46,100,191.00,"19,100.00"
2019-12-18,2019121801004626,JFL,51,13,100,191.00,"19,100.00"
2019-12-18,2019121801004629,KBL,28,22,250,180.00,"45,000.00"
2019-12-18,2019121801004603,KBL,19,22,500,180.00,"90,000.00"
2019-12-18,2019121801004531,KBL,33,22,10,180.00,"1,800.00"
2019-12-18,2019121801004400,KBL,50,8,130,179.00,"23,270.00"
2019-12-18,2019121801004273,KBL,35,22,50,180.00,"9,000.00"
2019-12-18,2019121801004541,KPCL,55,48,10,85.00,850.00
2019-12-18,2019121801004422,KPCL,55,46,400,85.00,"34,000.00"
2019-12-18,2019121801004353,KPCL,55,48,10,85.00,850.00
2019-12-18,2019121801004322,KPCL,55,42,10,85.00,850.00
2019-12-18,2019121801004478,LBBL,20,52,101,189.00,"19,089.00"
2019-12-18,2019121801004477,LBBL,28,52,199,189.00,"37,611.00"
2019-12-18,2019121801004367,LBL,33,8,532,192.00,"102,144.00"
2019-12-18,2019121801004366,LBL,49,8,10,193.00,"1,930.00"
2019-12-18,2019121801004278,LBL,21,52,100,193.00,"19,300.00"
2019-12-18,2019121801004277,LBL,21,1,50,193.00,"9,650.00"
2019-12-18,2019121801004577,LGIL,11,38,70,333.00,"23,310.00"
2019-12-18,2019121801004576,LGIL,11,39,30,331.00,"9,930.00"
2019-12-18,2019121801004439,LGIL,53,38,50,327.00,"16,350.00"
2019-12-18,2019121801004438,LGIL,28,38,500,327.00,"163,500.00"
2019-12-18,2019121801004437,LGIL,43,38,100,327.00,"32,700.00"
2019-12-18,2019121801004436,LGIL,17,38,100,328.00,"32,800.00"
2019-12-18,2019121801004411,LGIL,19,39,20,331.00,"6,620.00"
2019-12-18,2019121801004499,LICN,25,44,10,"1,014.00","10,140.00"
2019-12-18,2019121801004599,LLBS,17,32,200,670.00,"134,000.00"
2019-12-18,2019121801004598,LLBS,34,32,250,671.00,"167,750.00"
2019-12-18,2019121801004473,LLBS,17,32,200,675.00,"135,000.00"
2019-12-18,2019121801004348,MBL,43,28,67,218.00,"14,606.00"
2019-12-18,2019121801004347,MBL,21,28,45,218.00,"9,810.00"
2019-12-18,2019121801004346,MBL,14,28,61,218.00,"13,298.00"
2019-12-18,2019121801004395,MEGA,14,3,15,184.00,"2,760.00"
2019-12-18,2019121801004256,MEGA,59,1,300,185.00,"55,500.00"
2019-12-18,2019121801004193,MEGA,32,22,100,185.00,"18,500.00"
2019-12-18,2019121801004394,MEGA,34,3,45,184.00,"8,280.00"
2019-12-18,2019121801004389,MEGA,34,14,255,184.00,"46,920.00"
2019-12-18,2019121801004388,MEGA,46,14,245,184.00,"45,080.00"
2019-12-18,2019121801004351,MEGA,46,28,255,184.00,"46,920.00"
2019-12-18,2019121801004350,MEGA,37,28,95,184.00,"17,480.00"
2019-12-18,2019121801004210,MERO,56,33,27,440.00,"11,880.00"
2019-12-18,2019121801004209,MERO,26,33,100,440.00,"44,000.00"
2019-12-18,2019121801004208,MERO,58,33,373,440.00,"164,120.00"
2019-12-18,2019121801004226,MLBBL,50,33,70,544.00,"38,080.00"
2019-12-18,2019121801004556,MNBBL,28,39,20,276.00,"5,520.00"
2019-12-18,2019121801004555,MNBBL,28,26,80,276.00,"22,080.00"
2019-12-18,2019121801004183,MSLB,41,28,100,898.00,"89,800.00"
2019-12-18,2019121801004620,NABIL,47,19,50,747.00,"37,350.00"
2019-12-18,2019121801004619,NABIL,47,19,30,747.00,"22,410.00"
2019-12-18,2019121801004618,NABIL,42,19,20,747.00,"14,940.00"
2019-12-18,2019121801004617,NABIL,13,19,300,747.00,"224,100.00"
2019-12-18,2019121801004616,NABIL,21,19,100,747.00,"74,700.00"
2019-12-18,2019121801004615,NABIL,41,19,100,747.00,"74,700.00"
2019-12-18,2019121801004154,NABIL,4,19,10,748.00,"7,480.00"
2019-12-18,2019121801004153,NABIL,19,19,25,748.00,"18,700.00"
2019-12-18,2019121801004152,NABIL,55,19,34,748.00,"25,432.00"
2019-12-18,2019121801004560,NABIL,57,17,30,748.00,"22,440.00"
2019-12-18,2019121801004511,NABIL,6,17,50,748.00,"37,400.00"
2019-12-18,2019121801004510,NABIL,34,17,100,748.00,"74,800.00"
2019-12-18,2019121801004440,NABIL,45,4,20,749.00,"14,980.00"
2019-12-18,2019121801004414,NABIL,45,4,20,749.00,"14,980.00"
2019-12-18,2019121801004255,NABIL,42,4,25,749.00,"18,725.00"
2019-12-18,2019121801004636,NBL,32,21,240,314.00,"75,360.00"
2019-12-18,2019121801004635,NBL,32,21,"1,500",314.00,"471,000.00"
2019-12-18,2019121801004634,NBL,32,21,"1,260",314.00,"395,640.00"
2019-12-18,2019121801004625,NBL,34,21,240,314.00,"75,360.00"
2019-12-18,2019121801004624,NBL,34,21,760,314.00,"238,640.00"
2019-12-18,2019121801004622,NBL,7,21,740,314.00,"232,360.00"
2019-12-18,2019121801004241,NBL,25,35,500,314.00,"157,000.00"
2019-12-18,2019121801004621,NBL,7,4,260,314.00,"81,640.00"
2019-12-18,2019121801004516,NBL,34,22,50,313.00,"15,650.00"
2019-12-18,2019121801004442,NBL,45,4,20,314.00,"6,280.00"
2019-12-18,2019121801004417,NBL,45,4,20,314.00,"6,280.00"
2019-12-18,2019121801004281,NBL,49,4,"1,200",314.00,"376,800.00"
2019-12-18,2019121801004242,NBL,25,4,500,314.00,"157,000.00"
2019-12-18,2019121801004433,NCCB,48,26,182,201.00,"36,582.00"
2019-12-18,2019121801004432,NCCB,48,40,100,201.00,"20,100.00"
2019-12-18,2019121801004431,NCCB,48,4,149,201.00,"29,949.00"
2019-12-18,2019121801004265,NHDL,39,45,100,116.00,"11,600.00"
2019-12-18,2019121801004264,NHDL,39,45,50,116.00,"5,800.00"
2019-12-18,2019121801004520,NHPC,42,34,90,51.00,"4,590.00"
2019-12-18,2019121801004519,NHPC,44,34,910,51.00,"46,410.00"
2019-12-18,2019121801004365,NHPC,16,38,800,52.00,"41,600.00"
2019-12-18,2019121801004182,NHPC,42,26,200,52.00,"10,400.00"
2019-12-18,2019121801004447,NIB,58,33,10,428.00,"4,280.00"
2019-12-18,2019121801004361,NIB,8,28,300,425.00,"127,500.00"
2019-12-18,2019121801004489,NICA,43,49,20,414.00,"8,280.00"
2019-12-18,2019121801004358,NICA,43,42,400,414.00,"165,600.00"
2019-12-18,2019121801004240,NICA,43,28,354,414.00,"146,556.00"
2019-12-18,2019121801004239,NICA,36,28,646,414.00,"267,444.00"
2019-12-18,2019121801004214,NICA,36,4,500,414.00,"207,000.00"
2019-12-18,2019121801004204,NICA,52,46,500,415.00,"207,500.00"
2019-12-18,2019121801004203,NICA,52,57,"2,000",415.00,"830,000.00"
2019-12-18,2019121801004202,NICA,52,28,"1,000",415.00,"415,000.00"
2019-12-18,2019121801004518,NICL,11,36,241,288.00,"69,408.00"
2019-12-18,2019121801004482,NICL,25,28,20,291.00,"5,820.00"
2019-12-18,2019121801004148,NICL,34,46,770,287.00,"220,990.00"
2019-12-18,2019121801004147,NICL,45,46,500,288.00,"144,000.00"
2019-12-18,2019121801004146,NICL,52,46,30,288.00,"8,640.00"
2019-12-18,2019121801004145,NICL,28,46,200,289.00,"57,800.00"
2019-12-18,2019121801004221,NIL,43,42,56,407.00,"22,792.00"
2019-12-18,2019121801004435,NLBBL,14,33,100,551.00,"55,100.00"
2019-12-18,2019121801004631,NLIC,58,4,24,883.00,"21,192.00"
2019-12-18,2019121801004596,NLIC,26,48,50,882.00,"44,100.00"
2019-12-18,2019121801004550,NLIC,44,44,"1,000",881.00,"881,000.00"
2019-12-18,2019121801004533,NLIC,6,42,355,880.00,"312,400.00"
2019-12-18,2019121801004434,NLIC,52,28,250,879.00,"219,750.00"
2019-12-18,2019121801004418,NLIC,53,48,100,880.00,"88,000.00"
2019-12-18,2019121801004280,NLIC,53,4,50,883.00,"44,150.00"
2019-12-18,2019121801004279,NLIC,53,33,100,882.00,"88,200.00"
2019-12-18,2019121801004171,NLIC,17,4,30,883.00,"26,490.00"
2019-12-18,2019121801004630,NMB,53,22,12,399.00,"4,788.00"
2019-12-18,2019121801004609,NMB,28,57,250,400.00,"100,000.00"
2019-12-18,2019121801004607,NMB,26,57,500,400.00,"200,000.00"
2019-12-18,2019121801004595,NMB,39,57,531,400.00,"212,400.00"
2019-12-18,2019121801004594,NMB,39,43,119,400.00,"47,600.00"
2019-12-18,2019121801004583,NMB,53,22,12,399.00,"4,788.00"
2019-12-18,2019121801004194,NMB,47,59,50,400.00,"20,000.00"
2019-12-18,2019121801004185,NMB,32,59,100,400.00,"40,000.00"
2019-12-18,2019121801004184,NMB,41,59,600,400.00,"240,000.00"
2019-12-18,2019121801004157,NMB,52,59,125,400.00,"50,000.00"
2019-12-18,2019121801004149,NMB,21,59,20,400.00,"8,000.00"
2019-12-18,2019121801004246,NMB,41,11,48,400.00,"19,200.00"
2019-12-18,2019121801004231,NMB,48,11,524,400.00,"209,600.00"
2019-12-18,2019121801004230,NMB,48,45,100,400.00,"40,000.00"
2019-12-18,2019121801004229,NMB,48,59,201,400.00,"80,400.00"
2019-12-18,2019121801004212,NMB,45,59,600,400.00,"240,000.00"
2019-12-18,2019121801004206,NMB,54,59,200,400.00,"80,000.00"
2019-12-18,2019121801004304,NMB,28,34,100,400.00,"40,000.00"
2019-12-18,2019121801004269,NMB,28,45,221,400.00,"88,400.00"
2019-12-18,2019121801004262,NMB,28,7,78,400.00,"31,200.00"
2019-12-18,2019121801004261,NMB,28,7,22,400.00,"8,800.00"
2019-12-18,2019121801004253,NMB,28,57,50,400.00,"20,000.00"
2019-12-18,2019121801004252,NMB,28,11,428,400.00,"171,200.00"
2019-12-18,2019121801004393,NMB,45,59,200,400.00,"80,000.00"
2019-12-18,2019121801004340,NMB,17,16,344,401.00,"137,944.00"
2019-12-18,2019121801004320,NMB,19,59,199,400.00,"79,600.00"
2019-12-18,2019121801004319,NMB,28,59,500,400.00,"200,000.00"
2019-12-18,2019121801004318,NMB,28,59,500,400.00,"200,000.00"
2019-12-18,2019121801004317,NMB,28,59,101,400.00,"40,400.00"
2019-12-18,2019121801004462,NMB,17,48,91,400.00,"36,400.00"
2019-12-18,2019121801004456,NMB,19,14,1,400.00,400.00
2019-12-18,2019121801004452,NMB,35,48,47,400.00,"18,800.00"
2019-12-18,2019121801004451,NMB,35,45,189,400.00,"75,600.00"
2019-12-18,2019121801004450,NMB,35,26,64,400.00,"25,600.00"
2019-12-18,2019121801004449,NMB,35,59,800,400.00,"320,000.00"
2019-12-18,2019121801004517,NMB,55,43,50,400.00,"20,000.00"
2019-12-18,2019121801004504,NMB,53,22,12,399.00,"4,788.00"
2019-12-18,2019121801004503,NMB,17,43,10,400.00,"4,000.00"
2019-12-18,2019121801004487,NMB,49,49,"2,000",400.00,"800,000.00"
2019-12-18,2019121801004470,NMB,11,43,21,400.00,"8,400.00"
2019-12-18,2019121801004467,NMB,11,48,982,400.00,"392,800.00"
2019-12-18,2019121801004545,NMB,53,22,12,399.00,"4,788.00"
2019-12-18,2019121801004537,NMB,14,14,1,400.00,400.00
2019-12-18,2019121801004530,NMB,14,14,1,400.00,400.00
2019-12-18,2019121801004527,NMB,14,14,1,400.00,400.00
2019-12-18,2019121801004525,NMB,14,14,1,400.00,400.00
2019-12-18,2019121801004522,NMB,14,14,1,400.00,400.00
2019-12-18,2019121801004491,NMBMF,18,52,50,550.00,"27,500.00"
2019-12-18,2019121801004275,NMFBS,33,45,10,"1,265.00","12,650.00"
2019-12-18,2019121801004274,NMFBS,33,56,29,"1,260.00","36,540.00"
2019-12-18,2019121801004558,NNLB,41,33,20,615.00,"12,300.00"
2019-12-18,2019121801004409,NNLB,36,7,100,616.00,"61,600.00"
2019-12-18,2019121801004408,NNLB,43,7,50,617.00,"30,850.00"
2019-12-18,2019121801004405,NNLB,43,55,50,617.00,"30,850.00"
2019-12-18,2019121801004380,NNLB,34,28,100,616.00,"61,600.00"
2019-12-18,2019121801004266,NNLB,42,28,165,615.00,"101,475.00"
2019-12-18,2019121801004247,NNLB,34,45,100,612.00,"61,200.00"
2019-12-18,2019121801004151,NNLB,34,28,35,615.00,"21,525.00"
2019-12-18,2019121801004150,NNLB,34,1,200,615.00,"123,000.00"
2019-12-18,2019121801004310,NNLB,34,55,50,615.00,"30,750.00"
2019-12-18,2019121801004292,NNLB,34,55,50,615.00,"30,750.00"
2019-12-18,2019121801004287,NNLB,34,55,40,612.00,"24,480.00"
2019-12-18,2019121801004606,NSEWA,48,6,10,444.00,"4,440.00"
2019-12-18,2019121801004156,NSEWA,48,56,150,445.00,"66,750.00"
2019-12-18,2019121801004155,NSEWA,38,56,10,446.00,"4,460.00"
2019-12-18,2019121801004549,NUBL,26,39,20,761.00,"15,220.00"
2019-12-18,2019121801004548,NUBL,36,39,100,761.00,"76,100.00"
2019-12-18,2019121801004344,PCBL,45,10,500,276.00,"138,000.00"
2019-12-18,2019121801004343,PCBL,57,10,"1,000",276.00,"276,000.00"
2019-12-18,2019121801004342,PCBL,40,10,50,277.00,"13,850.00"
2019-12-18,2019121801004341,PCBL,47,10,144,277.00,"39,888.00"
2019-12-18,2019121801004337,PIC,33,48,50,401.00,"20,050.00"
2019-12-18,2019121801004259,PIC,33,39,100,401.00,"40,100.00"
2019-12-18,2019121801004544,PLIC,21,38,150,347.00,"52,050.00"
2019-12-18,2019121801004222,PLIC,21,55,100,347.00,"34,700.00"
2019-12-18,2019121801004364,PMHPL,19,48,10,86.00,860.00
2019-12-18,2019121801004534,PRIN,40,45,300,332.00,"99,600.00"
2019-12-18,2019121801004521,PRIN,40,26,200,332.00,"66,400.00"
2019-12-18,2019121801004640,PRVU,16,1,22,226.00,"4,972.00"
2019-12-18,2019121801004639,PRVU,16,1,500,226.00,"113,000.00"
2019-12-18,2019121801004638,PRVU,43,1,34,226.00,"7,684.00"
2019-12-18,2019121801004540,PRVU,43,43,17,226.00,"3,842.00"
2019-12-18,2019121801004492,PRVU,32,52,550,227.00,"124,850.00"
2019-12-18,2019121801004370,PRVU,43,28,449,226.00,"101,474.00"
2019-12-18,2019121801004369,PRVU,42,28,80,226.00,"18,080.00"
2019-12-18,2019121801004368,PRVU,13,28,71,226.00,"16,046.00"
2019-12-18,2019121801004339,PRVU,32,52,"1,450",227.00,"329,150.00"
2019-12-18,2019121801004257,PRVU,32,25,50,227.00,"11,350.00"
2019-12-18,2019121801004448,RADHI,47,19,10,144.00,"1,440.00"
2019-12-18,2019121801004529,RHPC,19,28,89,71.00,"6,319.00"
2019-12-18,2019121801004554,RHPL,38,48,30,171.00,"5,130.00"
2019-12-18,2019121801004553,RHPL,4,48,10,171.00,"1,710.00"
2019-12-18,2019121801004378,RHPL,4,48,40,171.00,"6,840.00"
2019-12-18,2019121801004532,RLFL,41,19,65,109.00,"7,085.00"
2019-12-18,2019121801004195,RMDC,6,47,30,613.00,"18,390.00"
2019-12-18,2019121801004563,RRHP,47,48,10,95.00,950.00
2019-12-18,2019121801004386,RSDC,38,28,60,311.00,"18,660.00"
2019-12-18,2019121801004385,RSDC,39,28,100,311.00,"31,100.00"
2019-12-18,2019121801004384,RSDC,32,28,100,312.00,"31,200.00"
2019-12-18,2019121801004383,RSDC,52,28,100,312.00,"31,200.00"
2019-12-18,2019121801004382,RSDC,6,28,40,312.00,"12,480.00"
2019-12-18,2019121801004632,SABSL,47,47,30,541.00,"16,230.00"
2019-12-18,2019121801004459,SABSL,47,48,10,541.00,"5,410.00"
2019-12-18,2019121801004539,SADBL,40,40,2,140.00,280.00
2019-12-18,2019121801004490,SADBL,40,40,2,140.00,280.00
2019-12-18,2019121801004205,SANIMA,47,59,"1,000",314.00,"314,000.00"
2019-12-18,2019121801004175,SANIMA,47,59,281,314.00,"88,234.00"
2019-12-18,2019121801004158,SANIMA,47,8,400,314.00,"125,600.00"
2019-12-18,2019121801004404,SBI,28,11,168,346.00,"58,128.00"
2019-12-18,2019121801004403,SBI,19,11,80,346.00,"27,680.00"
2019-12-18,2019121801004402,SBI,17,11,100,346.00,"34,600.00"
2019-12-18,2019121801004509,SBL,48,17,48,286.00,"13,728.00"
2019-12-18,2019121801004508,SBL,53,17,121,286.00,"34,606.00"
2019-12-18,2019121801004354,SBL,42,14,10,287.00,"2,870.00"
2019-12-18,2019121801004392,SCB,10,28,85,535.00,"45,475.00"
2019-12-18,2019121801004391,SCB,18,28,15,535.00,"8,025.00"
2019-12-18,2019121801004524,SDESI,45,47,100,571.00,"57,100.00"
2019-12-18,2019121801004582,SEF,3,34,"3,400",8.77,"29,818.00"
2019-12-18,2019121801004581,SEF,3,39,"1,500",8.76,"13,140.00"
2019-12-18,2019121801004569,SEF,3,35,900,8.70,"7,830.00"
2019-12-18,2019121801004244,SHINE,21,4,"1,000",238.00,"238,000.00"
2019-12-18,2019121801004243,SHINE,21,34,755,238.00,"179,690.00"
2019-12-18,2019121801004225,SHINE,51,34,100,238.00,"23,800.00"
2019-12-18,2019121801004245,SHINE,21,37,180,238.00,"42,840.00"
2019-12-18,2019121801004425,SHIVM,1,50,100,353.00,"35,300.00"
2019-12-18,2019121801004399,SHIVM,29,40,100,354.00,"35,400.00"
2019-12-18,2019121801004398,SHIVM,42,40,25,354.00,"8,850.00"
2019-12-18,2019121801004397,SHIVM,13,40,50,354.00,"17,700.00"
2019-12-18,2019121801004396,SHIVM,44,40,220,354.00,"77,880.00"
2019-12-18,2019121801004207,SHIVM,5,22,200,355.00,"71,000.00"
2019-12-18,2019121801004197,SHL,25,21,150,177.00,"26,550.00"
2019-12-18,2019121801004196,SHL,29,21,850,177.00,"150,450.00"
2019-12-18,2019121801004192,SHL,29,21,150,177.00,"26,550.00"
2019-12-18,2019121801004191,SHL,34,21,200,177.00,"35,400.00"
2019-12-18,2019121801004190,SHL,20,21,100,177.00,"17,700.00"
2019-12-18,2019121801004189,SHL,59,21,100,177.00,"17,700.00"
2019-12-18,2019121801004164,SHL,35,21,100,179.00,"17,900.00"
2019-12-18,2019121801004163,SHL,52,21,200,179.00,"35,800.00"
2019-12-18,2019121801004162,SHL,14,21,100,180.00,"18,000.00"
2019-12-18,2019121801004161,SHL,6,21,100,180.00,"18,000.00"
2019-12-18,2019121801004160,SHL,14,21,100,180.00,"18,000.00"
2019-12-18,2019121801004159,SHL,14,21,100,180.00,"18,000.00"
2019-12-18,2019121801004178,SHL,25,21,200,178.00,"35,600.00"
2019-12-18,2019121801004177,SHL,34,21,300,178.00,"53,400.00"
2019-12-18,2019121801004168,SHL,34,21,200,178.00,"35,600.00"
2019-12-18,2019121801004167,SHL,14,21,100,178.00,"17,800.00"
2019-12-18,2019121801004166,SHL,54,21,100,178.00,"17,800.00"
2019-12-18,2019121801004165,SHL,34,21,100,178.00,"17,800.00"
2019-12-18,2019121801004188,SHL,22,21,100,177.00,"17,700.00"
2019-12-18,2019121801004187,SHL,34,21,200,177.00,"35,400.00"
2019-12-18,2019121801004186,SHL,32,21,150,180.00,"27,000.00"
2019-12-18,2019121801004181,SHL,14,21,200,177.00,"35,400.00"
2019-12-18,2019121801004180,SHL,40,21,100,177.00,"17,700.00"
2019-12-18,2019121801004179,SHL,52,21,200,178.00,"35,600.00"
2019-12-18,2019121801004500,SICL,1,39,20,851.00,"17,020.00"
2019-12-18,2019121801004376,SICL,58,17,100,849.00,"84,900.00"
2019-12-18,2019121801004375,SICL,34,17,10,849.00,"8,490.00"
2019-12-18,2019121801004374,SICL,41,17,150,850.00,"127,500.00"
2019-12-18,2019121801004373,SICL,44,17,100,850.00,"85,000.00"
2019-12-18,2019121801004372,SICL,39,17,200,850.00,"170,000.00"
2019-12-18,2019121801004371,SICL,58,17,20,851.00,"17,020.00"
2019-12-18,2019121801004479,SINDU,50,34,10,138.00,"1,380.00"
2019-12-18,2019121801004260,SINDU,19,45,500,137.00,"68,500.00"
2019-12-18,2019121801004224,SINDU,39,55,58,137.00,"7,946.00"
2019-12-18,2019121801004602,SJCL,44,36,20,159.00,"3,180.00"
2019-12-18,2019121801004567,SJCL,35,48,20,158.00,"3,160.00"
2019-12-18,2019121801004557,SJCL,49,36,40,159.00,"6,360.00"
2019-12-18,2019121801004505,SJCL,35,41,10,159.00,"1,590.00"
2019-12-18,2019121801004497,SJCL,14,34,20,158.00,"3,160.00"
2019-12-18,2019121801004381,SJCL,14,48,20,158.00,"3,160.00"
2019-12-18,2019121801004445,SKBBL,49,50,490,970.00,"475,300.00"
2019-12-18,2019121801004444,SKBBL,50,50,150,971.00,"145,650.00"
2019-12-18,2019121801004334,SKBBL,50,22,350,971.00,"339,850.00"
2019-12-18,2019121801004333,SKBBL,48,22,100,972.00,"97,200.00"
2019-12-18,2019121801004282,SLBBL,49,7,50,550.00,"27,500.00"
2019-12-18,2019121801004597,SLBSL,48,22,10,610.00,"6,100.00"
2019-12-18,2019121801004321,SLBSL,14,1,44,612.00,"26,928.00"
2019-12-18,2019121801004286,SLBSL,36,48,10,612.00,"6,120.00"
2019-12-18,2019121801004276,SLBSL,36,48,10,612.00,"6,120.00"
2019-12-18,2019121801004443,SLICL,35,4,100,292.00,"29,200.00"
2019-12-18,2019121801004413,SLICL,38,51,10,293.00,"2,930.00"
2019-12-18,2019121801004412,SLICL,38,4,300,291.00,"87,300.00"
2019-12-18,2019121801004296,SLICL,38,25,472,290.00,"136,880.00"
2019-12-18,2019121801004465,SMATA,13,50,50,547.00,"27,350.00"
2019-12-18,2019121801004295,SMFBS,34,51,10,905.00,"9,050.00"
2019-12-18,2019121801004254,SMFBS,34,11,10,909.00,"9,090.00"
2019-12-18,2019121801004498,SPARS,11,25,40,605.00,"24,200.00"
2019-12-18,2019121801004485,SPARS,11,58,10,605.00,"6,050.00"
2019-12-18,2019121801004613,SRBL,40,40,9,214.00,"1,926.00"
2019-12-18,2019121801004564,SRBL,17,43,10,217.00,"2,170.00"
2019-12-18,2019121801004363,SRBL,17,19,262,217.00,"56,854.00"
2019-12-18,2019121801004362,SRBL,16,19,64,217.00,"13,888.00"
2019-12-18,2019121801004601,STC,5,57,50,"1,640.00","82,000.00"
2019-12-18,2019121801004538,STC,58,28,100,"1,650.00","165,000.00"
2019-12-18,2019121801004406,STC,52,57,70,"1,655.00","115,850.00"
2019-12-18,2019121801004352,STC,25,38,10,"1,659.00","16,590.00"
2019-12-18,2019121801004573,SWBBL,50,39,100,810.00,"81,000.00"
2019-12-18,2019121801004496,UIC,44,41,100,280.00,"28,000.00"
2019-12-18,2019121801004474,UIC,44,3,30,280.00,"8,400.00"
2019-12-18,2019121801004415,UIC,44,49,29,280.00,"8,120.00"
2019-12-18,2019121801004170,UIC,44,56,135,280.00,"37,800.00"
2019-12-18,2019121801004169,UIC,19,56,65,280.00,"18,200.00"
2019-12-18,2019121801004580,UPPER,40,42,50,232.00,"11,600.00"
2019-12-18,2019121801004552,UPPER,55,14,50,233.00,"11,650.00"
2019-12-18,2019121801004507,UPPER,40,48,42,232.00,"9,744.00"
2019-12-18,2019121801004506,UPPER,54,48,108,232.00,"25,056.00"
2019-12-18,2019121801004469,UPPER,45,14,200,233.00,"46,600.00"
2019-12-18,2019121801004305,UPPER,52,14,150,233.00,"34,950.00"
2019-12-18,2019121801004213,UPPER,54,39,30,232.00,"6,960.00"
2019-12-18,2019121801004109,ADBL,16,7,"1,030",405.00,"417,150.00"
2019-12-18,2019121801004108,ADBL,26,7,100,405.00,"40,500.00"
2019-12-18,2019121801004107,ADBL,42,7,70,405.00,"28,350.00"
2019-12-18,2019121801003808,ADBL,14,57,100,406.00,"40,600.00"
2019-12-18,2019121801003807,ADBL,14,58,798,406.00,"323,988.00"
2019-12-18,2019121801003717,ADBL,45,58,30,406.00,"12,180.00"
2019-12-18,2019121801003692,ADBL,35,58,300,406.00,"121,800.00"
2019-12-18,2019121801003707,AKBSL,25,16,140,470.00,"65,800.00"
2019-12-18,2019121801004062,AKJCL,7,48,20,57.00,"1,140.00"
2019-12-18,2019121801003914,ALBSL,1,39,10,466.00,"4,660.00"
2019-12-18,2019121801004098,API,13,34,160,107.00,"17,120.00"
2019-12-18,2019121801004097,API,36,34,208,107.00,"22,256.00"
2019-12-18,2019121801004096,API,53,34,132,107.00,"14,124.00"
2019-12-18,2019121801003752,API,45,34,28,108.00,"3,024.00"
2019-12-18,2019121801003848,BARUN,8,13,100,80.00,"8,000.00"
2019-12-18,2019121801004061,BOKL,49,58,43,216.00,"9,288.00"
2019-12-18,2019121801004060,BOKL,13,58,100,216.00,"21,600.00"
2019-12-18,2019121801004059,BOKL,55,58,42,216.00,"9,072.00"
2019-12-18,2019121801004030,BPCL,16,16,180,354.00,"63,720.00"
2019-12-18,2019121801003822,BPCL,34,8,850,355.00,"301,750.00"
2019-12-18,2019121801003723,BPCL,16,28,22,353.00,"7,766.00"
2019-12-18,2019121801003983,CBL,13,13,500,136.00,"68,000.00"
2019-12-18,2019121801003715,CBL,13,1,122,136.00,"16,592.00"
2019-12-18,2019121801003714,CBL,17,1,160,136.00,"21,760.00"
2019-12-18,2019121801003713,CBL,17,1,100,136.00,"13,600.00"
2019-12-18,2019121801003712,CBL,55,1,60,136.00,"8,160.00"
2019-12-18,2019121801003711,CBL,32,1,58,136.00,"7,888.00"
2019-12-18,2019121801004050,CCBL,22,36,50,164.00,"8,200.00"
2019-12-18,2019121801004049,CCBL,13,36,650,164.00,"106,600.00"
2019-12-18,2019121801004015,CCBL,13,8,350,164.00,"57,400.00"
2019-12-18,2019121801004014,CCBL,45,8,20,164.00,"3,280.00"
2019-12-18,2019121801004013,CCBL,28,8,701,164.00,"114,964.00"
2019-12-18,2019121801003737,CCBL,14,22,14,165.00,"2,310.00"
2019-12-18,2019121801003792,CCBL,45,47,125,164.00,"20,500.00"
2019-12-18,2019121801003779,CCBL,45,47,75,164.00,"12,300.00"
2019-12-18,2019121801003778,CCBL,19,47,169,164.00,"27,716.00"
2019-12-18,2019121801003759,CCBL,19,47,31,164.00,"5,084.00"
2019-12-18,2019121801003758,CCBL,45,47,260,164.00,"42,640.00"
2019-12-18,2019121801003738,CCBL,14,34,86,165.00,"14,190.00"
2019-12-18,2019121801003891,CCBL,40,40,6,162.00,972.00
2019-12-18,2019121801003886,CCBL,40,40,6,162.00,972.00
2019-12-18,2019121801003857,CCBL,40,34,414,165.00,"68,310.00"
2019-12-18,2019121801003856,CCBL,40,13,106,165.00,"17,490.00"
2019-12-18,2019121801003793,CCBL,28,47,299,164.00,"49,036.00"
2019-12-18,2019121801004000,CHCL,40,40,2,350.00,700.00
2019-12-18,2019121801003981,CHCL,40,40,2,350.00,700.00
2019-12-18,2019121801004130,CIT,42,45,30,"1,734.00","52,020.00"
2019-12-18,2019121801004077,CLBSL,45,7,100,556.00,"55,600.00"
2019-12-18,2019121801003688,CLBSL,38,7,50,566.00,"28,300.00"
2019-12-18,2019121801003687,CLBSL,45,7,10,566.00,"5,660.00"
2019-12-18,2019121801004009,CZBIL,16,10,10,186.00,"1,860.00"
2019-12-18,2019121801003722,CZBIL,16,49,773,186.00,"143,778.00"
2019-12-18,2019121801004069,DBBL,40,40,3,125.00,375.00
2019-12-18,2019121801003682,DBBL,35,14,38,127.00,"4,826.00"
2019-12-18,2019121801003650,DBBL,57,14,82,127.00,"10,414.00"
2019-12-18,2019121801004018,DDBL,1,28,24,858.00,"20,592.00"
2019-12-18,2019121801004017,DDBL,19,28,50,859.00,"42,950.00"
2019-12-18,2019121801003775,DDBL,54,33,20,860.00,"17,200.00"
2019-12-18,2019121801003679,DDBL,6,33,120,860.00,"103,200.00"
2019-12-18,2019121801004079,DHPL,29,34,10,59.00,590.00
2019-12-18,2019121801004038,DHPL,29,34,10,58.00,580.00
2019-12-18,2019121801003965,DHPL,29,52,10,57.00,570.00
2019-12-18,2019121801003970,EBL,41,38,100,571.00,"57,100.00"
2019-12-18,2019121801003850,EBL,50,25,211,573.00,"120,903.00"
2019-12-18,2019121801003832,EBL,50,38,40,573.00,"22,920.00"
2019-12-18,2019121801003815,EBL,50,45,49,573.00,"28,077.00"
2019-12-18,2019121801003814,EBL,57,45,76,573.00,"43,548.00"
2019-12-18,2019121801003797,EBL,14,45,100,573.00,"57,300.00"
2019-12-18,2019121801004139,EIC,33,45,50,263.00,"13,150.00"
2019-12-18,2019121801004121,EIC,34,38,49,261.00,"12,789.00"
2019-12-18,2019121801004117,EIC,44,38,500,262.00,"131,000.00"
2019-12-18,2019121801004081,EIC,26,45,50,262.00,"13,100.00"
2019-12-18,2019121801003751,FOWAD,6,6,100,"1,370.00","137,000.00"
2019-12-18,2019121801003735,GBBL,47,34,18,202.00,"3,636.00"
2019-12-18,2019121801003734,GBBL,47,34,82,202.00,"16,564.00"
2019-12-18,2019121801003695,GBBL,47,21,10,202.00,"2,020.00"
2019-12-18,2019121801003657,GBLBS,36,40,84,317.00,"26,628.00"
2019-12-18,2019121801003645,GBLBS,36,40,14,317.00,"4,438.00"
2019-12-18,2019121801004129,GGBSL,32,13,10,610.00,"6,100.00"
2019-12-18,2019121801004128,GGBSL,56,13,90,611.00,"54,990.00"
2019-12-18,2019121801004051,GGBSL,56,18,100,611.00,"61,100.00"
2019-12-18,2019121801003697,GGBSL,56,29,10,615.00,"6,150.00"
2019-12-18,2019121801003696,GGBSL,56,13,100,614.00,"61,400.00"
2019-12-18,2019121801003677,GGBSL,58,57,10,613.00,"6,130.00"
2019-12-18,2019121801003833,GILB,11,49,20,830.00,"16,600.00"
2019-12-18,2019121801003732,GLBSL,42,28,10,435.00,"4,350.00"
2019-12-18,2019121801003921,GLICL,25,58,250,455.00,"113,750.00"
2019-12-18,2019121801003762,GLICL,29,25,50,458.00,"22,900.00"
2019-12-18,2019121801003755,GLICL,29,34,100,458.00,"45,800.00"
2019-12-18,2019121801003747,GLICL,21,42,100,457.00,"45,700.00"
2019-12-18,2019121801003746,GLICL,21,38,200,457.00,"91,400.00"
2019-12-18,2019121801003745,GLICL,21,41,99,457.00,"45,243.00"
2019-12-18,2019121801003676,GLICL,49,45,100,453.00,"45,300.00"
2019-12-18,2019121801003744,GLICL,21,21,100,456.00,"45,600.00"
2019-12-18,2019121801003743,GLICL,21,7,170,455.00,"77,350.00"
2019-12-18,2019121801003708,GLICL,49,17,50,453.00,"22,650.00"
2019-12-18,2019121801003702,GLICL,26,17,50,455.00,"22,750.00"
2019-12-18,2019121801003691,GLICL,26,46,150,455.00,"68,250.00"
2019-12-18,2019121801003690,GLICL,26,19,100,455.00,"45,500.00"
2019-12-18,2019121801004073,GMFBS,55,22,10,566.00,"5,660.00"
2019-12-18,2019121801004041,GMFBS,14,34,150,568.00,"85,200.00"
2019-12-18,2019121801004106,HDL,21,53,250,"1,240.00","310,000.00"
2019-12-18,2019121801004105,HDL,21,53,200,"1,240.00","248,000.00"
2019-12-18,2019121801004104,HDL,58,53,400,"1,241.00","496,400.00"
2019-12-18,2019121801003930,HGI,42,45,100,284.00,"28,400.00"
2019-12-18,2019121801003929,HGI,11,45,15,285.00,"4,275.00"
2019-12-18,2019121801003928,HGI,53,45,50,285.00,"14,250.00"
2019-12-18,2019121801003964,HIDCL,14,37,346,132.00,"45,672.00"
2019-12-18,2019121801003963,HIDCL,44,37,25,132.00,"3,300.00"
2019-12-18,2019121801003962,HIDCL,52,37,68,133.00,"9,044.00"
2019-12-18,2019121801003961,HIDCL,7,37,61,133.00,"8,113.00"
2019-12-18,2019121801003927,HIDCL,52,52,19,133.00,"2,527.00"
2019-12-18,2019121801003926,HIDCL,45,52,37,133.00,"4,921.00"
2019-12-18,2019121801003680,HPPL,7,7,10,135.00,"1,350.00"
2019-12-18,2019121801003740,HURJA,39,28,20,102.00,"2,040.00"
2019-12-18,2019121801004068,IGI,34,40,10,301.00,"3,010.00"
2019-12-18,2019121801004078,ILBS,52,44,10,575.00,"5,750.00"
2019-12-18,2019121801004074,ILBS,52,44,10,575.00,"5,750.00"
2019-12-18,2019121801004057,ILBS,58,57,103,576.00,"59,328.00"
2019-12-18,2019121801004056,ILBS,14,57,35,576.00,"20,160.00"
2019-12-18,2019121801004055,ILBS,47,57,100,576.00,"57,600.00"
2019-12-18,2019121801004054,ILBS,57,57,20,576.00,"11,520.00"
2019-12-18,2019121801003754,ILBS,51,3,30,578.00,"17,340.00"
2019-12-18,2019121801003739,ILBS,51,34,10,578.00,"5,780.00"
2019-12-18,2019121801003731,ILBS,51,34,10,578.00,"5,780.00"
2019-12-18,2019121801003724,ILBS,51,34,10,578.00,"5,780.00"
2019-12-18,2019121801003821,ILBS,51,44,10,578.00,"5,780.00"
2019-12-18,2019121801003806,ILBS,51,44,10,578.00,"5,780.00"
2019-12-18,2019121801003799,ILBS,51,44,10,578.00,"5,780.00"
2019-12-18,2019121801003771,ILBS,51,44,10,578.00,"5,780.00"
2019-12-18,2019121801003766,ILBS,51,34,10,578.00,"5,780.00"
2019-12-18,2019121801003761,ILBS,33,7,10,579.00,"5,790.00"
2019-12-18,2019121801003911,ILBS,57,45,110,576.00,"63,360.00"
2019-12-18,2019121801003910,ILBS,19,45,100,577.00,"57,700.00"
2019-12-18,2019121801003909,ILBS,51,45,60,578.00,"34,680.00"
2019-12-18,2019121801003890,ILBS,51,38,10,578.00,"5,780.00"
2019-12-18,2019121801003884,ILBS,51,38,10,578.00,"5,780.00"
2019-12-18,2019121801003834,ILBS,51,44,10,578.00,"5,780.00"
2019-12-18,2019121801004040,ILBS,57,44,10,576.00,"5,760.00"
2019-12-18,2019121801004037,ILBS,57,21,10,576.00,"5,760.00"
2019-12-18,2019121801004012,ILBS,57,44,10,576.00,"5,760.00"
2019-12-18,2019121801003976,ILBS,57,57,10,576.00,"5,760.00"
2019-12-18,2019121801003918,ILBS,57,38,10,576.00,"5,760.00"
2019-12-18,2019121801003912,ILBS,57,45,30,576.00,"17,280.00"
2019-12-18,2019121801004003,JSLBB,50,16,50,"1,215.00","60,750.00"
2019-12-18,2019121801003971,JSLBB,41,16,40,"1,214.00","48,560.00"
2019-12-18,2019121801003882,KBL,11,22,200,180.00,"36,000.00"
2019-12-18,2019121801003881,KBL,13,22,100,180.00,"18,000.00"
2019-12-18,2019121801003880,KBL,57,22,152,180.00,"27,360.00"
2019-12-18,2019121801004072,KPCL,17,48,10,84.00,840.00
2019-12-18,2019121801003854,KPCL,17,28,10,85.00,850.00
2019-12-18,2019121801003853,KPCL,17,56,10,85.00,850.00
2019-12-18,2019121801003879,KSBBL,34,47,120,134.00,"16,080.00"
2019-12-18,2019121801003993,LBBL,28,8,801,189.00,"151,389.00"
2019-12-18,2019121801003992,LBBL,45,8,299,189.00,"56,511.00"
2019-12-18,2019121801003908,LBBL,20,57,200,190.00,"38,000.00"
2019-12-18,2019121801003907,LBBL,20,57,"1,000",190.00,"190,000.00"
2019-12-18,2019121801003760,LBBL,45,4,42,189.00,"7,938.00"
2019-12-18,2019121801003719,LBBL,20,4,500,190.00,"95,000.00"
2019-12-18,2019121801003693,LBBL,34,4,300,190.00,"57,000.00"
2019-12-18,2019121801004126,MERO,58,34,144,440.00,"63,360.00"
2019-12-18,2019121801004119,MERO,52,34,40,441.00,"17,640.00"
2019-12-18,2019121801003959,MERO,58,41,83,440.00,"36,520.00"
2019-12-18,2019121801003958,MERO,45,41,17,441.00,"7,497.00"
2019-12-18,2019121801003689,MERO,36,48,67,442.00,"29,614.00"
2019-12-18,2019121801004085,MNBBL,35,35,50,277.00,"13,850.00"
2019-12-18,2019121801004084,MNBBL,32,35,100,277.00,"27,700.00"
2019-12-18,2019121801004076,NABIL,38,38,200,748.00,"149,600.00"
2019-12-18,2019121801004067,NABIL,55,38,16,748.00,"11,968.00"
2019-12-18,2019121801004066,NABIL,44,38,25,748.00,"18,700.00"
2019-12-18,2019121801004065,NABIL,32,38,25,748.00,"18,700.00"
2019-12-18,2019121801004064,NABIL,38,38,116,748.00,"86,768.00"
2019-12-18,2019121801004042,NABIL,38,38,250,748.00,"187,000.00"
2019-12-18,2019121801003701,NABIL,32,4,307,750.00,"230,250.00"
2019-12-18,2019121801003700,NABIL,32,53,343,750.00,"257,250.00"
2019-12-18,2019121801003699,NABIL,32,50,250,750.00,"187,500.00"
2019-12-18,2019121801003698,NABIL,32,17,100,750.00,"75,000.00"
2019-12-18,2019121801004034,NABIL,38,38,200,748.00,"149,600.00"
2019-12-18,2019121801004021,NABIL,38,38,136,748.00,"101,728.00"
2019-12-18,2019121801004002,NABIL,32,4,100,750.00,"75,000.00"
2019-12-18,2019121801003994,NABIL,38,32,198,748.00,"148,104.00"
2019-12-18,2019121801003989,NABIL,38,43,50,748.00,"37,400.00"
2019-12-18,2019121801003823,NABIL,38,38,200,748.00,"149,600.00"
2019-12-18,2019121801003945,NADEP,45,7,20,460.00,"9,200.00"
2019-12-18,2019121801003944,NADEP,45,58,10,460.00,"4,600.00"
2019-12-18,2019121801003943,NADEP,45,11,20,459.00,"9,180.00"
2019-12-18,2019121801003942,NADEP,45,11,20,458.00,"9,160.00"
2019-12-18,2019121801003941,NADEP,45,50,70,458.00,"32,060.00"
2019-12-18,2019121801003940,NADEP,45,22,135,457.00,"61,695.00"
2019-12-18,2019121801003730,NBB,58,49,382,189.00,"72,198.00"
2019-12-18,2019121801003817,NBL,34,48,320,314.00,"100,480.00"
2019-12-18,2019121801003798,NBL,14,48,100,314.00,"31,400.00"
2019-12-18,2019121801003777,NBL,45,48,80,314.00,"25,120.00"
2019-12-18,2019121801003776,NBL,45,22,"1,000",314.00,"314,000.00"
2019-12-18,2019121801003678,NBL,53,22,500,314.00,"157,000.00"
2019-12-18,2019121801003651,NBL,13,22,300,314.00,"94,200.00"
2019-12-18,2019121801003979,NCCB,32,8,618,200.00,"123,600.00"
2019-12-18,2019121801003969,NCCB,32,8,"1,000",200.00,"200,000.00"
2019-12-18,2019121801003915,NCCB,32,45,"2,000",200.00,"400,000.00"
2019-12-18,2019121801003835,NCCB,48,45,"3,000",200.00,"600,000.00"
2019-12-18,2019121801003800,NHDL,39,45,50,114.00,"5,700.00"
2019-12-18,2019121801004136,NIB,8,59,538,425.00,"228,650.00"
2019-12-18,2019121801004135,NIB,44,59,200,425.00,"85,000.00"
2019-12-18,2019121801004134,NIB,47,59,100,425.00,"42,500.00"
2019-12-18,2019121801004133,NIB,18,59,100,425.00,"42,500.00"
2019-12-18,2019121801004132,NIB,49,59,200,425.00,"85,000.00"
2019-12-18,2019121801004131,NIB,6,59,30,425.00,"12,750.00"
2019-12-18,2019121801003949,NIB,32,49,88,426.00,"37,488.00"
2019-12-18,2019121801003816,NIB,33,49,120,426.00,"51,120.00"
2019-12-18,2019121801003742,NIB,38,49,100,426.00,"42,600.00"
2019-12-18,2019121801003741,NIB,39,49,192,426.00,"81,792.00"
2019-12-18,2019121801004138,NICA,36,26,57,414.00,"23,598.00"
2019-12-18,2019121801004035,NICA,36,3,100,414.00,"41,400.00"
2019-12-18,2019121801004016,NICA,36,59,198,414.00,"81,972.00"
2019-12-18,2019121801004007,NICA,36,14,26,414.00,"10,764.00"
2019-12-18,2019121801004006,NICA,33,14,474,414.00,"196,236.00"
2019-12-18,2019121801003794,NICA,33,34,700,414.00,"289,800.00"
2019-12-18,2019121801003646,NICA,33,17,200,414.00,"82,800.00"
2019-12-18,2019121801003866,NICL,34,45,500,290.00,"145,000.00"
2019-12-18,2019121801003865,NICL,48,45,"1,000",290.00,"290,000.00"
2019-12-18,2019121801003864,NICL,42,45,500,290.00,"145,000.00"
2019-12-18,2019121801003863,NICL,14,45,50,290.00,"14,500.00"
2019-12-18,2019121801003862,NICL,57,45,200,291.00,"58,200.00"
2019-12-18,2019121801003861,NICL,37,45,500,292.00,"146,000.00"
2019-12-18,2019121801003860,NICL,57,45,100,292.00,"29,200.00"
2019-12-18,2019121801003859,NICL,14,45,68,292.00,"19,856.00"
2019-12-18,2019121801003858,NICL,44,45,681,292.00,"198,852.00"
2019-12-18,2019121801003845,NICL,44,49,319,292.00,"93,148.00"
2019-12-18,2019121801003844,NICL,52,49,100,293.00,"29,300.00"
2019-12-18,2019121801003843,NICL,11,49,81,293.00,"23,733.00"
2019-12-18,2019121801004137,NIL,43,45,80,405.00,"32,400.00"
2019-12-18,2019121801004102,NIL,44,45,85,406.00,"34,510.00"
2019-12-18,2019121801004058,NIL,34,45,50,407.00,"20,350.00"
2019-12-18,2019121801004011,NIL,34,28,50,407.00,"20,350.00"
2019-12-18,2019121801004010,NIL,8,28,50,408.00,"20,400.00"
2019-12-18,2019121801003990,NLBBL,34,11,200,552.00,"110,400.00"
2019-12-18,2019121801003977,NLBBL,6,16,23,553.00,"12,719.00"
2019-12-18,2019121801003888,NLBBL,43,16,21,553.00,"11,613.00"
2019-12-18,2019121801003867,NLBBL,34,43,113,553.00,"62,489.00"
2019-12-18,2019121801003720,NLBBL,43,33,79,553.00,"43,687.00"
2019-12-18,2019121801004024,NLG,48,38,10,590.00,"5,900.00"
2019-12-18,2019121801004023,NLG,42,38,200,590.00,"118,000.00"
2019-12-18,2019121801004022,NLG,58,38,180,590.00,"106,200.00"
2019-12-18,2019121801003846,NLG,58,45,120,590.00,"70,800.00"
2019-12-18,2019121801004140,NLIC,17,4,20,883.00,"17,660.00"
2019-12-18,2019121801003937,NLIC,59,8,177,877.00,"155,229.00"
2019-12-18,2019121801003936,NLIC,53,8,100,877.00,"87,700.00"
2019-12-18,2019121801003935,NLIC,58,8,11,878.00,"9,658.00"
2019-12-18,2019121801003934,NLIC,19,8,75,878.00,"65,850.00"
2019-12-18,2019121801003933,NLIC,37,8,50,878.00,"43,900.00"
2019-12-18,2019121801003683,NLIC,11,45,13,880.00,"11,440.00"
2019-12-18,2019121801003681,NLIC,49,49,263,878.00,"230,914.00"
2019-12-18,2019121801003666,NLIC,58,10,135,880.00,"118,800.00"
2019-12-18,2019121801003665,NLIC,58,6,52,880.00,"45,760.00"
2019-12-18,2019121801003932,NLIC,57,8,50,878.00,"43,900.00"
2019-12-18,2019121801003931,NLIC,11,8,37,880.00,"32,560.00"
2019-12-18,2019121801003855,NLIC,18,18,5,880.00,"4,400.00"
2019-12-18,2019121801003849,NLIC,18,18,5,880.00,"4,400.00"
2019-12-18,2019121801003837,NLIC,18,18,5,880.00,"4,400.00"
2019-12-18,2019121801003795,NLIC,18,18,5,880.00,"4,400.00"
2019-12-18,2019121801004091,NLICL,38,38,100,467.00,"46,700.00"
2019-12-18,2019121801004090,NLICL,13,38,500,467.00,"233,500.00"
2019-12-18,2019121801004089,NLICL,48,38,350,467.00,"163,450.00"
2019-12-18,2019121801004088,NLICL,55,38,300,468.00,"140,400.00"
2019-12-18,2019121801004087,NLICL,26,38,100,468.00,"46,800.00"
2019-12-18,2019121801004127,NMB,40,59,50,400.00,"20,000.00"
2019-12-18,2019121801004125,NMB,54,59,54,400.00,"21,600.00"
2019-12-18,2019121801004124,NMB,54,20,31,400.00,"12,400.00"
2019-12-18,2019121801004123,NMB,39,20,430,400.00,"172,000.00"
2019-12-18,2019121801004122,NMB,53,46,37,399.00,"14,763.00"
2019-12-18,2019121801004118,NMB,4,20,39,400.00,"15,600.00"
2019-12-18,2019121801003673,NMB,19,16,18,400.00,"7,200.00"
2019-12-18,2019121801003664,NMB,17,16,10,400.00,"4,000.00"
2019-12-18,2019121801003767,NMB,13,16,500,400.00,"200,000.00"
2019-12-18,2019121801003753,NMB,57,28,25,399.00,"9,975.00"
2019-12-18,2019121801003736,NMB,26,16,100,400.00,"40,000.00"
2019-12-18,2019121801003721,NMB,42,16,30,400.00,"12,000.00"
2019-12-18,2019121801003716,NMB,42,16,30,400.00,"12,000.00"
2019-12-18,2019121801003710,NMB,42,16,30,400.00,"12,000.00"
2019-12-18,2019121801003894,NMB,44,26,353,400.00,"141,200.00"
2019-12-18,2019121801003893,NMB,44,37,352,400.00,"140,800.00"
2019-12-18,2019121801003892,NMB,44,16,259,400.00,"103,600.00"
2019-12-18,2019121801003868,NMB,22,16,500,400.00,"200,000.00"
2019-12-18,2019121801003838,NMB,57,51,37,399.00,"14,763.00"
2019-12-18,2019121801003791,NMB,26,16,50,400.00,"20,000.00"
2019-12-18,2019121801003900,NMB,44,10,163,400.00,"65,200.00"
2019-12-18,2019121801003899,NMB,44,22,189,400.00,"75,600.00"
2019-12-18,2019121801003898,NMB,44,13,"1,000",400.00,"400,000.00"
2019-12-18,2019121801003897,NMB,44,13,603,400.00,"241,200.00"
2019-12-18,2019121801003896,NMB,44,46,105,400.00,"42,000.00"
2019-12-18,2019121801003895,NMB,44,13,163,400.00,"65,200.00"
2019-12-18,2019121801003906,NMB,44,1,498,400.00,"199,200.00"
2019-12-18,2019121801003905,NMB,44,45,409,400.00,"163,600.00"
2019-12-18,2019121801003904,NMB,44,38,12,400.00,"4,800.00"
2019-12-18,2019121801003903,NMB,44,11,894,400.00,"357,600.00"
2019-12-18,2019121801003902,NMB,44,58,"1,000",400.00,"400,000.00"
2019-12-18,2019121801003901,NMB,44,44,"3,000",400.00,"1,200,000.00"
2019-12-18,2019121801003954,NMB,37,19,191,399.00,"76,209.00"
2019-12-18,2019121801003953,NMB,6,19,"1,550",399.00,"618,450.00"
2019-12-18,2019121801003952,NMB,36,19,100,399.00,"39,900.00"
2019-12-18,2019121801003951,NMB,52,19,100,399.00,"39,900.00"
2019-12-18,2019121801003950,NMB,57,19,229,399.00,"91,371.00"
2019-12-18,2019121801003938,NMB,42,1,70,400.00,"28,000.00"
2019-12-18,2019121801004020,NMB,26,1,50,400.00,"20,000.00"
2019-12-18,2019121801004001,NMB,33,1,200,400.00,"80,000.00"
2019-12-18,2019121801003987,NMB,1,1,50,400.00,"20,000.00"
2019-12-18,2019121801003957,NMB,53,19,520,399.00,"207,480.00"
2019-12-18,2019121801003956,NMB,33,19,300,399.00,"119,700.00"
2019-12-18,2019121801003955,NMB,49,19,10,399.00,"3,990.00"
2019-12-18,2019121801004103,NMB,4,6,200,400.00,"80,000.00"
2019-12-18,2019121801004101,NMB,4,44,561,400.00,"224,400.00"
2019-12-18,2019121801004100,NMB,3,44,10,400.00,"4,000.00"
2019-12-18,2019121801004099,NMB,3,1,90,400.00,"36,000.00"
2019-12-18,2019121801004045,NMB,11,1,10,400.00,"4,000.00"
2019-12-18,2019121801004044,NMB,45,1,30,400.00,"12,000.00"
2019-12-18,2019121801004027,NMBMF,26,58,95,551.00,"52,345.00"
2019-12-18,2019121801004026,NMBMF,14,58,25,551.00,"13,775.00"
2019-12-18,2019121801004025,NMBMF,14,58,25,555.00,"13,875.00"
2019-12-18,2019121801004095,NNLB,57,35,50,614.00,"30,700.00"
2019-12-18,2019121801004063,NNLB,41,35,100,614.00,"61,400.00"
2019-12-18,2019121801004053,NNLB,34,16,100,613.00,"61,300.00"
2019-12-18,2019121801004052,NNLB,34,33,135,613.00,"82,755.00"
2019-12-18,2019121801003920,NNLB,10,33,65,613.00,"39,845.00"
2019-12-18,2019121801003919,NNLB,10,21,10,612.00,"6,120.00"
2019-12-18,2019121801003885,NNLB,42,7,290,612.00,"177,480.00"
2019-12-18,2019121801003842,NNLB,42,37,100,612.00,"61,200.00"
2019-12-18,2019121801003841,NNLB,42,29,24,612.00,"14,688.00"
2019-12-18,2019121801003840,NNLB,42,38,35,612.00,"21,420.00"
2019-12-18,2019121801003839,NNLB,42,16,50,612.00,"30,600.00"
2019-12-18,2019121801004036,NSEWA,38,48,10,446.00,"4,460.00"
2019-12-18,2019121801004008,NSEWA,38,36,100,446.00,"44,600.00"
2019-12-18,2019121801003998,NSEWA,38,34,80,446.00,"35,680.00"
2019-12-18,2019121801003748,NUBL,19,41,80,762.00,"60,960.00"
2019-12-18,2019121801004019,PCBL,47,10,500,277.00,"138,500.00"
2019-12-18,2019121801003802,PCBL,47,8,356,277.00,"98,612.00"
2019-12-18,2019121801003787,PCBL,1,8,500,277.00,"138,500.00"
2019-12-18,2019121801003786,PCBL,45,8,500,277.00,"138,500.00"
2019-12-18,2019121801003785,PCBL,52,8,10,277.00,"2,770.00"
2019-12-18,2019121801003784,PCBL,29,8,268,277.00,"74,236.00"
2019-12-18,2019121801003783,PCBL,59,8,10,278.00,"2,780.00"
2019-12-18,2019121801003782,PCBL,45,8,38,278.00,"10,564.00"
2019-12-18,2019121801003718,PCBL,45,10,300,278.00,"83,400.00"
2019-12-18,2019121801003655,PFL,5,48,100,144.00,"14,400.00"
2019-12-18,2019121801003654,PFL,47,48,50,144.00,"7,200.00"
2019-12-18,2019121801003653,PFL,32,48,50,144.00,"7,200.00"
2019-12-18,2019121801003652,PFL,34,48,29,144.00,"4,176.00"
2019-12-18,2019121801004005,PIC,33,28,80,401.00,"32,080.00"
2019-12-18,2019121801004004,PIC,41,28,20,402.00,"8,040.00"
2019-12-18,2019121801003826,PIC,41,42,100,402.00,"40,200.00"
2019-12-18,2019121801003984,PICL,26,22,370,409.00,"151,330.00"
2019-12-18,2019121801003768,PLIC,6,13,200,350.00,"70,000.00"
2019-12-18,2019121801003709,PLIC,7,7,128,348.00,"44,544.00"
2019-12-18,2019121801003686,PLIC,57,36,278,346.00,"96,188.00"
2019-12-18,2019121801003685,PLIC,40,36,50,346.00,"17,300.00"
2019-12-18,2019121801003684,PLIC,34,36,10,347.00,"3,470.00"
2019-12-18,2019121801003756,PMHPL,19,28,10,86.00,860.00
2019-12-18,2019121801004028,PRIN,38,32,41,335.00,"13,735.00"
2019-12-18,2019121801004120,PRVU,32,8,500,227.00,"113,500.00"
2019-12-18,2019121801004110,PRVU,32,14,642,227.00,"145,734.00"
2019-12-18,2019121801004083,PRVU,13,7,17,226.00,"3,842.00"
2019-12-18,2019121801004082,PRVU,13,6,732,226.00,"165,432.00"
2019-12-18,2019121801004046,PRVU,13,59,100,226.00,"22,600.00"
2019-12-18,2019121801003999,PRVU,13,10,80,226.00,"18,080.00"
2019-12-18,2019121801003803,PRVU,26,5,649,227.00,"147,323.00"
2019-12-18,2019121801003769,PRVU,7,6,17,228.00,"3,876.00"
2019-12-18,2019121801003986,PRVU,36,14,358,227.00,"81,266.00"
2019-12-18,2019121801003975,PRVU,36,14,142,227.00,"32,234.00"
2019-12-18,2019121801003974,PRVU,36,14,660,227.00,"149,820.00"
2019-12-18,2019121801003973,PRVU,32,14,198,227.00,"44,946.00"
2019-12-18,2019121801003805,PRVU,32,8,"1,512",227.00,"343,224.00"
2019-12-18,2019121801003804,PRVU,32,5,"1,290",227.00,"292,830.00"
2019-12-18,2019121801003948,RBCL,38,57,10,"8,550.00","85,500.00"
2019-12-18,2019121801003947,RBCL,38,19,20,"8,535.00","170,700.00"
2019-12-18,2019121801003781,RHPC,19,4,11,71.00,781.00
2019-12-18,2019121801003982,RHPL,4,57,30,171.00,"5,130.00"
2019-12-18,2019121801003828,RHPL,4,28,50,171.00,"8,550.00"
2019-12-18,2019121801003765,RRHP,47,28,10,95.00,950.00
2019-12-18,2019121801004039,RSDC,33,16,10,313.00,"3,130.00"
2019-12-18,2019121801003917,RSDC,39,16,50,313.00,"15,650.00"
2019-12-18,2019121801003916,RSDC,46,16,40,313.00,"12,520.00"
2019-12-18,2019121801003887,SABSL,58,44,50,542.00,"27,100.00"
2019-12-18,2019121801003694,SADBL,13,19,480,142.00,"68,160.00"
2019-12-18,2019121801003656,SADBL,13,19,53,142.00,"7,526.00"
2019-12-18,2019121801003706,SANIMA,11,21,50,315.00,"15,750.00"
2019-12-18,2019121801003705,SANIMA,11,57,325,315.00,"102,375.00"
2019-12-18,2019121801003704,SANIMA,11,57,100,315.00,"31,500.00"
2019-12-18,2019121801003703,SANIMA,11,14,25,315.00,"7,875.00"
2019-12-18,2019121801003889,SBI,35,54,57,348.00,"19,836.00"
2019-12-18,2019121801003757,SBI,58,54,20,348.00,"6,960.00"
2019-12-18,2019121801003836,SBL,53,8,651,286.00,"186,186.00"
2019-12-18,2019121801003995,SCB,20,8,173,535.00,"92,555.00"
2019-12-18,2019121801003878,SCB,10,8,100,535.00,"53,500.00"
2019-12-18,2019121801003877,SCB,42,8,105,535.00,"56,175.00"
2019-12-18,2019121801003876,SCB,10,8,22,535.00,"11,770.00"
2019-12-18,2019121801003749,SCB,10,42,20,535.00,"10,700.00"
2019-12-18,2019121801003852,SHINE,59,34,10,238.00,"2,380.00"
2019-12-18,2019121801003812,SHINE,7,7,396,237.00,"93,852.00"
2019-12-18,2019121801003772,SHINE,42,34,10,238.00,"2,380.00"
2019-12-18,2019121801004144,SHIVM,44,7,"1,780",354.00,"630,120.00"
2019-12-18,2019121801004143,SHIVM,37,7,200,354.00,"70,800.00"
2019-12-18,2019121801004142,SHIVM,45,7,20,354.00,"7,080.00"
2019-12-18,2019121801003675,SHIVM,38,40,50,355.00,"17,750.00"
2019-12-18,2019121801003674,SHIVM,37,40,20,355.00,"7,100.00"
2019-12-18,2019121801003672,SHIVM,37,40,80,355.00,"28,400.00"
2019-12-18,2019121801003671,SHIVM,42,40,200,355.00,"71,000.00"
2019-12-18,2019121801003670,SHIVM,21,40,500,355.00,"177,500.00"
2019-12-18,2019121801003669,SHIVM,17,40,100,355.00,"35,500.00"
2019-12-18,2019121801003668,SHIVM,49,40,120,356.00,"42,720.00"
2019-12-18,2019121801003663,SHL,42,45,200,180.00,"36,000.00"
2019-12-18,2019121801003662,SHL,47,45,200,180.00,"36,000.00"
2019-12-18,2019121801003661,SHL,44,45,200,180.00,"36,000.00"
2019-12-18,2019121801003660,SHL,32,45,200,181.00,"36,200.00"
2019-12-18,2019121801003811,SICL,58,42,180,851.00,"153,180.00"
2019-12-18,2019121801003810,SICL,11,42,100,851.00,"85,100.00"
2019-12-18,2019121801003809,SICL,21,42,20,855.00,"17,100.00"
2019-12-18,2019121801003764,SINDU,51,34,165,138.00,"22,770.00"
2019-12-18,2019121801003729,SINDU,51,25,35,138.00,"4,830.00"
2019-12-18,2019121801003728,SINDU,49,25,165,138.00,"22,770.00"
2019-12-18,2019121801004141,SJCL,14,37,20,158.00,"3,160.00"
2019-12-18,2019121801003988,SJCL,14,57,20,158.00,"3,160.00"
2019-12-18,2019121801003985,SJCL,14,37,20,158.00,"3,160.00"
2019-12-18,2019121801003980,SJCL,14,37,20,158.00,"3,160.00"
2019-12-18,2019121801003978,SJCL,14,37,20,158.00,"3,160.00"
2019-12-18,2019121801003972,SJCL,14,37,20,158.00,"3,160.00"
2019-12-18,2019121801003968,SJCL,14,37,20,158.00,"3,160.00"
2019-12-18,2019121801003960,SJCL,14,37,20,158.00,"3,160.00"
2019-12-18,2019121801003939,SJCL,14,37,20,158.00,"3,160.00"
2019-12-18,2019121801003922,SJCL,14,37,20,158.00,"3,160.00"
2019-12-18,2019121801003913,SJCL,14,37,20,158.00,"3,160.00"
2019-12-18,2019121801003770,SJCL,14,28,20,158.00,"3,160.00"
2019-12-18,2019121801004093,SLBSL,48,48,10,612.00,"6,120.00"
2019-12-18,2019121801004075,SLBSL,48,18,100,610.00,"61,000.00"
2019-12-18,2019121801004031,SLBSL,34,22,10,609.00,"6,090.00"
2019-12-18,2019121801003925,SLBSL,34,18,412,609.00,"250,908.00"
2019-12-18,2019121801003924,SLBSL,14,18,18,610.00,"10,980.00"
2019-12-18,2019121801003923,SLBSL,49,18,60,611.00,"36,660.00"
2019-12-18,2019121801003790,SLBSL,49,21,440,611.00,"268,840.00"
2019-12-18,2019121801003789,SLBSL,22,21,160,612.00,"97,920.00"
2019-12-18,2019121801003774,SLBSL,34,28,10,615.00,"6,150.00"
2019-12-18,2019121801003997,SLICL,38,4,200,290.00,"58,000.00"
2019-12-18,2019121801003733,SLICL,38,56,633,290.00,"183,570.00"
2019-12-18,2019121801004071,SMATA,32,56,19,548.00,"10,412.00"
2019-12-18,2019121801003649,SMB,48,56,100,511.00,"51,100.00"
2019-12-18,2019121801003648,SMB,39,56,50,512.00,"25,600.00"
2019-12-18,2019121801003647,SMB,6,56,10,513.00,"5,130.00"
2019-12-18,2019121801003875,SMFBS,34,34,430,892.00,"383,560.00"
2019-12-18,2019121801003874,SMFBS,6,34,300,892.00,"267,600.00"
2019-12-18,2019121801003873,SMFBS,57,34,100,893.00,"89,300.00"
2019-12-18,2019121801003872,SMFBS,50,34,20,900.00,"18,000.00"
2019-12-18,2019121801003871,SMFBS,37,34,30,900.00,"27,000.00"
2019-12-18,2019121801003870,SMFBS,57,34,20,901.00,"18,020.00"
2019-12-18,2019121801003869,SMFBS,16,34,100,902.00,"90,200.00"
2019-12-18,2019121801004086,SPARS,55,39,100,608.00,"60,800.00"
2019-12-18,2019121801004048,SPARS,55,40,40,608.00,"24,320.00"
2019-12-18,2019121801004047,SPARS,26,40,10,609.00,"6,090.00"
2019-12-18,2019121801004029,SPARS,26,11,10,609.00,"6,090.00"
2019-12-18,2019121801003726,SPARS,55,35,10,608.00,"6,080.00"
2019-12-18,2019121801003725,SPARS,1,35,20,608.00,"12,160.00"
2019-12-18,2019121801004080,STC,5,28,40,"1,650.00","66,000.00"
2019-12-18,2019121801003967,STC,5,22,20,"1,642.00","32,840.00"
2019-12-18,2019121801003659,STC,5,28,10,"1,642.00","16,420.00"
2019-12-18,2019121801004116,SWBBL,50,56,200,810.00,"162,000.00"
2019-12-18,2019121801004115,SWBBL,4,56,30,810.00,"24,300.00"
2019-12-18,2019121801004114,SWBBL,36,56,100,811.00,"81,100.00"
2019-12-18,2019121801004113,SWBBL,49,56,100,811.00,"81,100.00"
2019-12-18,2019121801004112,SWBBL,41,56,100,812.00,"81,200.00"
2019-12-18,2019121801004111,SWBBL,45,56,20,812.00,"16,240.00"
2019-12-18,2019121801004094,SWBBL,36,53,30,815.00,"24,450.00"
2019-12-18,2019121801004033,TMDBL,19,38,100,152.00,"15,200.00"
2019-12-18,2019121801004032,TMDBL,51,38,100,152.00,"15,200.00"
2019-12-18,2019121801004043,UMHL,54,35,100,107.00,"10,700.00"
2019-12-18,2019121801003966,UMHL,39,39,337,107.00,"36,059.00"
2019-12-18,2019121801003883,UMHL,39,39,337,107.00,"36,059.00"
2019-12-18,2019121801003851,UMHL,49,57,431,107.00,"46,117.00"
2019-12-18,2019121801003847,UMHL,35,57,87,107.00,"9,309.00"
2019-12-18,2019121801003831,UMHL,35,57,133,107.00,"14,231.00"
2019-12-18,2019121801003727,UMHL,38,48,100,109.00,"10,900.00"
2019-12-18,2019121801003830,UMHL,37,57,385,107.00,"41,195.00"
2019-12-18,2019121801003825,UMHL,37,39,115,107.00,"12,305.00"
2019-12-18,2019121801003824,UMHL,26,39,222,107.00,"23,754.00"
2019-12-18,2019121801003820,UMHL,26,57,278,107.00,"29,746.00"
2019-12-18,2019121801003819,UMHL,14,57,130,108.00,"14,040.00"
2019-12-18,2019121801003818,UMHL,39,57,110,108.00,"11,880.00"
2019-12-18,2019121801003667,UNHPL,25,54,100,61.00,"6,100.00"
2019-12-18,2019121801004092,UPPER,34,49,10,234.00,"2,340.00"
2019-12-18,2019121801003991,UPPER,54,22,50,232.00,"11,600.00"
2019-12-18,2019121801003946,UPPER,54,52,72,232.00,"16,704.00"
2019-12-18,2019121801003788,UPPER,54,28,50,232.00,"11,600.00"
2019-12-18,2019121801003780,UPPER,54,54,40,232.00,"9,280.00"
2019-12-18,2019121801003773,UPPER,54,54,40,232.00,"9,280.00"
2019-12-18,2019121801003763,UPPER,54,54,40,232.00,"9,280.00"
2019-12-18,2019121801003750,UPPER,22,16,500,233.00,"116,500.00"
2019-12-18,2019121801003829,UPPER,54,54,40,232.00,"9,280.00"
2019-12-18,2019121801003827,UPPER,54,54,40,232.00,"9,280.00"
2019-12-18,2019121801003813,UPPER,54,54,40,232.00,"9,280.00"
2019-12-18,2019121801003801,UPPER,54,54,40,232.00,"9,280.00"
2019-12-18,2019121801003796,UPPER,54,54,40,232.00,"9,280.00"
2019-12-18,2019121801004070,VLBS,33,6,25,680.00,"17,000.00"
2019-12-18,2019121801003996,VLBS,7,7,13,668.00,"8,684.00"
2019-12-18,2019121801003658,VLBS,32,4,32,667.00,"21,344.00"
2019-12-18,2019121801003573,ADBL,42,58,20,406.00,"8,120.00"
2019-12-18,2019121801003524,ADBL,17,58,200,406.00,"81,200.00"
2019-12-18,2019121801003479,ADBL,42,40,130,405.00,"52,650.00"
2019-12-18,2019121801003437,ADBL,11,58,60,406.00,"24,360.00"
2019-12-18,2019121801003392,ADBL,41,19,14,405.00,"5,670.00"
2019-12-18,2019121801003427,AKBSL,1,58,10,470.00,"4,700.00"
2019-12-18,2019121801003353,AKJCL,7,16,10,58.00,580.00
2019-12-18,2019121801003352,AKJCL,29,16,10,59.00,590.00
2019-12-18,2019121801003288,AKJCL,29,16,20,59.00,"1,180.00"
2019-12-18,2019121801003239,AKPL,25,16,13,123.00,"1,599.00"
2019-12-18,2019121801003641,ALBSL,50,32,90,470.00,"42,300.00"
2019-12-18,2019121801003640,ALBSL,50,38,20,469.00,"9,380.00"
2019-12-18,2019121801003639,ALBSL,50,34,200,468.00,"93,600.00"
2019-12-18,2019121801003610,ALBSL,50,58,40,465.00,"18,600.00"
2019-12-18,2019121801003609,ALBSL,50,50,210,465.00,"97,650.00"
2019-12-18,2019121801003593,ALBSL,58,56,70,464.00,"32,480.00"
2019-12-18,2019121801003592,ALBSL,58,35,10,463.00,"4,630.00"
2019-12-18,2019121801003508,ALBSL,50,55,50,460.00,"23,000.00"
2019-12-18,2019121801003155,ALBSL,20,58,10,460.00,"4,600.00"
2019-12-18,2019121801003317,ALICL,59,56,81,350.00,"28,350.00"
2019-12-18,2019121801003316,ALICL,43,56,50,351.00,"17,550.00"
2019-12-18,2019121801003315,ALICL,25,56,16,351.00,"5,616.00"
2019-12-18,2019121801003314,ALICL,32,56,50,351.00,"17,550.00"
2019-12-18,2019121801003313,ALICL,57,56,284,351.00,"99,684.00"
2019-12-18,2019121801003312,ALICL,34,56,10,351.00,"3,510.00"
2019-12-18,2019121801003311,ALICL,45,56,75,352.00,"26,400.00"
2019-12-18,2019121801003626,API,45,56,500,108.00,"54,000.00"
2019-12-18,2019121801003625,API,45,42,72,108.00,"7,776.00"
2019-12-18,2019121801003370,API,53,56,11,107.00,"1,177.00"
2019-12-18,2019121801003335,API,16,16,1,105.00,105.00
2019-12-18,2019121801003255,API,16,16,1,106.00,106.00
2019-12-18,2019121801003510,BARUN,28,56,10,79.00,790.00
2019-12-18,2019121801003209,BFC,49,34,40,85.00,"3,400.00"
2019-12-18,2019121801003208,BFC,36,34,50,85.00,"4,250.00"
2019-12-18,2019121801003207,BFC,8,34,500,85.00,"42,500.00"
2019-12-18,2019121801003454,BOKL,57,59,250,218.00,"54,500.00"
2019-12-18,2019121801003261,BOKL,55,13,158,216.00,"34,128.00"
2019-12-18,2019121801003189,BOKL,26,6,"1,100",216.00,"237,600.00"
2019-12-18,2019121801003184,BOKL,26,34,780,215.00,"167,700.00"
2019-12-18,2019121801003156,BOKL,25,34,200,215.00,"43,000.00"
2019-12-18,2019121801003330,CBBL,44,56,141,787.00,"110,967.00"
2019-12-18,2019121801003329,CBBL,53,56,10,788.00,"7,880.00"
2019-12-18,2019121801003328,CBBL,26,56,100,788.00,"78,800.00"
2019-12-18,2019121801003258,CBL,32,32,42,136.00,"5,712.00"
2019-12-18,2019121801003157,CBL,43,45,91,136.00,"12,376.00"
2019-12-18,2019121801003378,CCBL,45,46,100,164.00,"16,400.00"
2019-12-18,2019121801003322,CCBL,45,34,500,164.00,"82,000.00"
2019-12-18,2019121801003299,CCBL,45,48,140,164.00,"22,960.00"
2019-12-18,2019121801003298,CCBL,34,48,100,164.00,"16,400.00"
2019-12-18,2019121801003297,CCBL,58,48,260,164.00,"42,640.00"
2019-12-18,2019121801003188,CCBL,58,36,"1,190",164.00,"195,160.00"
2019-12-18,2019121801003187,CCBL,19,36,25,164.00,"4,100.00"
2019-12-18,2019121801003186,CCBL,11,36,70,164.00,"11,480.00"
2019-12-18,2019121801003280,CEFL,4,13,30,101.00,"3,030.00"
2019-12-18,2019121801003547,CFCL,7,7,36,115.00,"4,140.00"
2019-12-18,2019121801003616,CHCL,38,38,500,357.00,"178,500.00"
2019-12-18,2019121801003349,CHCL,33,56,293,356.00,"104,308.00"
2019-12-18,2019121801003348,CHCL,6,56,10,356.00,"3,560.00"
2019-12-18,2019121801003347,CHCL,56,56,137,356.00,"48,772.00"
2019-12-18,2019121801003418,CHL,47,44,74,80.00,"5,920.00"
2019-12-18,2019121801003563,DBBL,57,14,30,127.00,"3,810.00"
2019-12-18,2019121801003513,DBBL,32,6,371,128.00,"47,488.00"
2019-12-18,2019121801003509,DBBL,32,14,156,127.00,"19,812.00"
2019-12-18,2019121801003480,DBBL,57,41,38,127.00,"4,826.00"
2019-12-18,2019121801003421,DBBL,1,14,150,127.00,"19,050.00"
2019-12-18,2019121801003420,DBBL,1,14,200,127.00,"25,400.00"
2019-12-18,2019121801003419,DBBL,6,14,50,127.00,"6,350.00"
2019-12-18,2019121801003234,DBBL,19,14,500,127.00,"63,500.00"
2019-12-18,2019121801003233,DBBL,56,14,500,127.00,"63,500.00"
2019-12-18,2019121801003428,EBL,11,45,100,573.00,"57,300.00"
2019-12-18,2019121801003236,EBL,57,57,124,570.00,"70,680.00"
2019-12-18,2019121801003235,EBL,57,57,76,570.00,"43,320.00"
2019-12-18,2019121801003612,EIC,34,49,338,261.00,"88,218.00"
2019-12-18,2019121801003611,EIC,36,49,162,261.00,"42,282.00"
2019-12-18,2019121801003605,EIC,36,49,38,261.00,"9,918.00"
2019-12-18,2019121801003604,EIC,28,49,262,262.00,"68,644.00"
2019-12-18,2019121801003603,EIC,50,49,200,262.00,"52,400.00"
2019-12-18,2019121801003633,GBBL,47,7,108,202.00,"21,816.00"
2019-12-18,2019121801003632,GBBL,47,7,292,202.00,"58,984.00"
2019-12-18,2019121801003631,GBBL,47,45,508,202.00,"102,616.00"
2019-12-18,2019121801003576,GBBL,47,7,50,202.00,"10,100.00"
2019-12-18,2019121801003568,GBBL,7,7,58,202.00,"11,716.00"
2019-12-18,2019121801003567,GBBL,7,7,50,202.00,"10,100.00"
2019-12-18,2019121801003549,GBBL,41,17,400,201.00,"80,400.00"
2019-12-18,2019121801003220,GBBL,45,7,50,202.00,"10,100.00"
2019-12-18,2019121801003219,GBBL,52,52,1,198.00,198.00
2019-12-18,2019121801003216,GBBL,45,42,50,202.00,"10,100.00"
2019-12-18,2019121801003644,GBLBS,58,40,70,317.00,"22,190.00"
2019-12-18,2019121801003444,GBLBS,58,29,30,317.00,"9,510.00"
2019-12-18,2019121801003443,GBLBS,45,29,170,317.00,"53,890.00"
2019-12-18,2019121801003153,GBLBS,45,52,15,317.00,"4,755.00"
2019-12-18,2019121801003431,GGBSL,32,58,10,610.00,"6,100.00"
2019-12-18,2019121801003638,GLICL,52,46,50,455.00,"22,750.00"
2019-12-18,2019121801003636,GLICL,39,47,818,453.00,"370,554.00"
2019-12-18,2019121801003579,GLICL,52,47,211,453.00,"95,583.00"
2019-12-18,2019121801003578,GLICL,52,42,200,453.00,"90,600.00"
2019-12-18,2019121801003577,GLICL,52,6,89,453.00,"40,317.00"
2019-12-18,2019121801003565,GLICL,38,6,11,453.00,"4,983.00"
2019-12-18,2019121801003389,GLICL,50,50,74,450.00,"33,300.00"
2019-12-18,2019121801003377,GLICL,50,50,200,450.00,"90,000.00"
2019-12-18,2019121801003339,GLICL,38,50,470,450.00,"211,500.00"
2019-12-18,2019121801003320,GLICL,43,50,30,450.00,"13,500.00"
2019-12-18,2019121801003446,GLICL,53,59,308,452.00,"139,216.00"
2019-12-18,2019121801003445,GLICL,53,14,228,452.00,"103,056.00"
2019-12-18,2019121801003442,GLICL,52,22,526,451.00,"237,226.00"
2019-12-18,2019121801003426,GLICL,38,22,119,451.00,"53,669.00"
2019-12-18,2019121801003425,GLICL,38,5,581,451.00,"262,031.00"
2019-12-18,2019121801003393,GLICL,38,50,126,450.00,"56,700.00"
2019-12-18,2019121801003540,GLICL,52,49,100,450.00,"45,000.00"
2019-12-18,2019121801003539,GLICL,40,49,200,451.00,"90,200.00"
2019-12-18,2019121801003493,GLICL,52,55,100,450.00,"45,000.00"
2019-12-18,2019121801003478,GLICL,38,21,200,452.00,"90,400.00"
2019-12-18,2019121801003477,GLICL,38,59,305,452.00,"137,860.00"
2019-12-18,2019121801003459,GLICL,38,50,100,451.00,"45,100.00"
2019-12-18,2019121801003492,GMFBS,1,58,10,568.00,"5,680.00"
2019-12-18,2019121801003600,HDL,43,54,50,"1,240.00","62,000.00"
2019-12-18,2019121801003599,HDL,21,54,300,"1,240.00","372,000.00"
2019-12-18,2019121801003598,HDL,43,54,200,"1,241.00","248,200.00"
2019-12-18,2019121801003597,HDL,36,54,10,"1,241.00","12,410.00"
2019-12-18,2019121801003596,HDL,16,54,100,"1,242.00","124,200.00"
2019-12-18,2019121801003595,HDL,21,54,300,"1,243.00","372,900.00"
2019-12-18,2019121801003594,HDL,11,54,50,"1,245.00","62,250.00"
2019-12-18,2019121801003466,HDL,40,54,200,"1,250.00","250,000.00"
2019-12-18,2019121801003361,HGI,28,56,100,283.00,"28,300.00"
2019-12-18,2019121801003360,HGI,17,56,100,284.00,"28,400.00"
2019-12-18,2019121801003359,HGI,58,56,500,284.00,"142,000.00"
2019-12-18,2019121801003358,HGI,47,56,50,284.00,"14,200.00"
2019-12-18,2019121801003357,HGI,28,56,500,285.00,"142,500.00"
2019-12-18,2019121801003356,HGI,16,56,50,285.00,"14,250.00"
2019-12-18,2019121801003622,HIDCL,45,7,33,133.00,"4,389.00"
2019-12-18,2019121801003621,HIDCL,26,7,28,133.00,"3,724.00"
