Date,Transact. No.,Symbol,Buyer,Seller,Quantity,Rate,Amount
2020-01-08,2020010801010017,ADBL,56,22,20,369.00,"7,380.00"
2020-01-08,2020010801009952,ADBL,49,22,20,369.00,"7,380.00"
2020-01-08,2020010801009951,ADBL,35,22,20,369.00,"7,380.00"
2020-01-08,2020010801009950,ADBL,19,22,40,369.00,"14,760.00"
2020-01-08,2020010801009688,ADBL,36,38,3,369.00,"1,107.00"
2020-01-08,2020010801009687,ADBL,36,22,197,369.00,"72,693.00"
2020-01-08,2020010801009686,ADBL,49,22,500,369.00,"184,500.00"
2020-01-08,2020010801009685,ADBL,59,22,103,369.00,"38,007.00"
2020-01-08,2020010801009708,AKPL,55,58,387,114.00,"44,118.00"
2020-01-08,2020010801009547,AKPL,25,16,10,117.00,"1,170.00"
2020-01-08,2020010801009711,AKPL,58,58,113,114.00,"12,882.00"
2020-01-08,2020010801009710,AKPL,34,58,500,114.00,"57,000.00"
2020-01-08,2020010801009709,AKPL,10,58,"1,000",114.00,"114,000.00"
2020-01-08,2020010801009841,ALBSL,34,50,100,565.00,"56,500.00"
2020-01-08,2020010801009840,ALBSL,34,25,10,563.00,"5,630.00"
2020-01-08,2020010801009839,ALBSL,34,16,100,563.00,"56,300.00"
2020-01-08,2020010801009838,ALBSL,34,51,50,563.00,"28,150.00"
2020-01-08,2020010801009837,ALBSL,34,55,50,562.00,"28,100.00"
2020-01-08,2020010801009836,ALBSL,34,38,25,560.00,"14,000.00"
2020-01-08,2020010801009797,ALBSL,34,51,50,555.00,"27,750.00"
2020-01-08,2020010801009796,ALBSL,34,45,200,554.00,"110,800.00"
2020-01-08,2020010801009795,ALBSL,34,45,50,550.00,"27,500.00"
2020-01-08,2020010801009835,ALBSL,34,42,10,560.00,"5,600.00"
2020-01-08,2020010801009834,ALBSL,34,46,50,558.00,"27,900.00"
2020-01-08,2020010801009801,ALBSL,34,46,10,557.00,"5,570.00"
2020-01-08,2020010801009800,ALBSL,34,39,50,555.00,"27,750.00"
2020-01-08,2020010801009799,ALBSL,34,16,200,555.00,"111,000.00"
2020-01-08,2020010801009798,ALBSL,34,42,100,555.00,"55,500.00"
2020-01-08,2020010801010035,ALICL,35,22,10,382.00,"3,820.00"
2020-01-08,2020010801009540,ALICL,35,19,734,378.00,"277,452.00"
2020-01-08,2020010801009539,ALICL,34,19,200,379.00,"75,800.00"
2020-01-08,2020010801009786,API,25,25,32,113.00,"3,616.00"
2020-01-08,2020010801009785,API,25,16,300,112.00,"33,600.00"
2020-01-08,2020010801009784,API,25,38,100,112.00,"11,200.00"
2020-01-08,2020010801009783,API,25,48,100,112.00,"11,200.00"
2020-01-08,2020010801009782,API,25,13,868,112.00,"97,216.00"
2020-01-08,2020010801009764,API,25,13,32,112.00,"3,584.00"
2020-01-08,2020010801009763,API,25,51,218,111.00,"24,198.00"
2020-01-08,2020010801009664,API,4,51,32,111.00,"3,552.00"
2020-01-08,2020010801009632,API,25,58,500,111.00,"55,500.00"
2020-01-08,2020010801009955,BFC,16,45,160,85.00,"13,600.00"
2020-01-08,2020010801009871,BFC,59,45,840,86.00,"72,240.00"
2020-01-08,2020010801009979,BOKL,42,11,110,226.00,"24,860.00"
2020-01-08,2020010801009978,BOKL,42,55,150,225.00,"33,750.00"
2020-01-08,2020010801009977,BOKL,42,56,200,225.00,"45,000.00"
2020-01-08,2020010801009976,BOKL,42,25,699,224.00,"156,576.00"
2020-01-08,2020010801009971,BOKL,45,25,50,224.00,"11,200.00"
2020-01-08,2020010801009970,BOKL,45,52,50,224.00,"11,200.00"
2020-01-08,2020010801009936,BOKL,44,5,500,223.00,"111,500.00"
2020-01-08,2020010801009769,BOKL,29,52,300,224.00,"67,200.00"
2020-01-08,2020010801009942,BOKL,36,5,100,222.00,"22,200.00"
2020-01-08,2020010801009941,BOKL,25,5,"1,000",223.00,"223,000.00"
2020-01-08,2020010801009940,BOKL,47,5,200,223.00,"44,600.00"
2020-01-08,2020010801009939,BOKL,34,5,20,223.00,"4,460.00"
2020-01-08,2020010801009938,BOKL,34,5,100,223.00,"22,300.00"
2020-01-08,2020010801009937,BOKL,38,5,100,223.00,"22,300.00"
2020-01-08,2020010801009948,BOKL,42,5,"1,000",222.00,"222,000.00"
2020-01-08,2020010801009947,BOKL,42,5,"1,000",222.00,"222,000.00"
2020-01-08,2020010801009946,BOKL,34,5,500,222.00,"111,000.00"
2020-01-08,2020010801009945,BOKL,22,5,20,222.00,"4,440.00"
2020-01-08,2020010801009944,BOKL,40,5,500,222.00,"111,000.00"
2020-01-08,2020010801009943,BOKL,36,5,"1,000",222.00,"222,000.00"
2020-01-08,2020010801009868,BPCL,33,49,10,309.00,"3,090.00"
2020-01-08,2020010801009987,CBBL,57,53,27,839.00,"22,653.00"
2020-01-08,2020010801009746,CBBL,57,46,186,839.00,"156,054.00"
2020-01-08,2020010801009745,CBBL,34,46,14,839.00,"11,746.00"
2020-01-08,2020010801009536,CBBL,34,56,210,839.00,"176,190.00"
2020-01-08,2020010801009983,CBL,11,51,90,137.00,"12,330.00"
2020-01-08,2020010801009982,CBL,11,52,150,137.00,"20,550.00"
2020-01-08,2020010801009981,CBL,42,51,100,136.00,"13,600.00"
2020-01-08,2020010801009954,CBL,43,51,10,137.00,"1,370.00"
2020-01-08,2020010801010026,CCBL,50,37,42,169.00,"7,098.00"
2020-01-08,2020010801010001,CCBL,50,57,303,169.00,"51,207.00"
2020-01-08,2020010801010000,CCBL,5,57,500,169.00,"84,500.00"
2020-01-08,2020010801009999,CCBL,35,57,50,169.00,"8,450.00"
2020-01-08,2020010801009998,CCBL,34,57,147,169.00,"24,843.00"
2020-01-08,2020010801009989,CCBL,34,25,100,169.00,"16,900.00"
2020-01-08,2020010801009875,CCBL,34,50,500,169.00,"84,500.00"
2020-01-08,2020010801009991,CHCL,56,13,10,373.00,"3,730.00"
2020-01-08,2020010801009648,CHL,59,41,74,85.00,"6,290.00"
2020-01-08,2020010801009647,CHL,59,41,106,85.00,"9,010.00"
2020-01-08,2020010801009646,CHL,59,42,10,85.00,850.00
2020-01-08,2020010801009645,CHL,59,33,34,85.00,"2,890.00"
2020-01-08,2020010801009642,CIT,4,1,14,"2,091.00","29,274.00"
2020-01-08,2020010801009641,CIT,19,1,25,"2,092.00","52,300.00"
2020-01-08,2020010801009637,CIT,26,34,60,"2,098.00","125,880.00"
2020-01-08,2020010801009582,CIT,26,34,90,"2,098.00","188,820.00"
2020-01-08,2020010801009581,CIT,26,5,125,"2,097.00","262,125.00"
2020-01-08,2020010801009580,CIT,26,51,85,"2,096.00","178,160.00"
2020-01-08,2020010801009542,CIT,19,52,25,"2,092.00","52,300.00"
2020-01-08,2020010801010025,DBBL,50,48,240,143.00,"34,320.00"
2020-01-08,2020010801009961,DBBL,59,34,82,142.00,"11,644.00"
2020-01-08,2020010801009907,DBBL,50,34,45,143.00,"6,435.00"
2020-01-08,2020010801009862,DBBL,4,34,873,145.00,"126,585.00"
2020-01-08,2020010801009793,DBBL,4,55,127,145.00,"18,415.00"
2020-01-08,2020010801009792,DBBL,4,55,73,145.00,"10,585.00"
2020-01-08,2020010801009629,DBBL,4,28,427,145.00,"61,915.00"
2020-01-08,2020010801009628,DBBL,4,34,500,145.00,"72,500.00"
2020-01-08,2020010801009613,DBBL,4,28,73,145.00,"10,585.00"
2020-01-08,2020010801009612,DBBL,4,49,900,145.00,"130,500.00"
2020-01-08,2020010801009704,DDBL,48,22,50,937.00,"46,850.00"
2020-01-08,2020010801009703,DDBL,49,22,50,937.00,"46,850.00"
2020-01-08,2020010801009702,DDBL,48,22,34,938.00,"31,892.00"
2020-01-08,2020010801009701,DDBL,59,22,65,938.00,"60,970.00"
2020-01-08,2020010801009864,EBL,44,37,70,585.00,"40,950.00"
2020-01-08,2020010801009712,EBL,44,7,500,585.00,"292,500.00"
2020-01-08,2020010801009680,FMDBL,46,10,100,342.00,"34,200.00"
2020-01-08,2020010801009679,FMDBL,42,10,100,342.00,"34,200.00"
2020-01-08,2020010801009678,FMDBL,44,10,200,342.00,"68,400.00"
2020-01-08,2020010801009677,FMDBL,34,10,100,342.00,"34,200.00"
2020-01-08,2020010801009676,FMDBL,42,10,"1,000",343.00,"343,000.00"
2020-01-08,2020010801009675,FMDBL,33,10,100,343.00,"34,300.00"
2020-01-08,2020010801009674,FMDBL,53,10,100,344.00,"34,400.00"
2020-01-08,2020010801009630,FOWAD,19,45,30,"1,110.00","33,300.00"
2020-01-08,2020010801009863,GBBL,4,50,416,212.00,"88,192.00"
2020-01-08,2020010801009660,GBLBS,16,7,260,352.00,"91,520.00"
2020-01-08,2020010801010033,GILB,7,34,10,969.00,"9,690.00"
2020-01-08,2020010801009544,GILB,14,52,50,950.00,"47,500.00"
2020-01-08,2020010801009564,GLBSL,41,38,10,545.00,"5,450.00"
2020-01-08,2020010801009842,GLICL,32,58,300,483.00,"144,900.00"
2020-01-08,2020010801009706,GLICL,10,58,268,483.00,"129,444.00"
2020-01-08,2020010801009662,GLICL,58,42,200,480.00,"96,000.00"
2020-01-08,2020010801009553,GLICL,58,36,50,479.00,"23,950.00"
2020-01-08,2020010801009552,GLICL,7,36,50,479.00,"23,950.00"
2020-01-08,2020010801009655,GMFIL,47,6,"2,700",118.00,"318,600.00"
2020-01-08,2020010801009638,GMFIL,47,58,"1,000",117.00,"117,000.00"
2020-01-08,2020010801009949,HBL,59,51,50,541.00,"27,050.00"
2020-01-08,2020010801009741,HBL,6,55,101,540.00,"54,540.00"
2020-01-08,2020010801009740,HBL,58,55,99,540.00,"53,460.00"
2020-01-08,2020010801009557,HURJA,36,59,20,104.00,"2,080.00"
2020-01-08,2020010801009556,HURJA,39,59,20,104.00,"2,080.00"
2020-01-08,2020010801009555,HURJA,22,59,40,104.00,"4,160.00"
2020-01-08,2020010801009643,ILBS,57,16,10,583.00,"5,830.00"
2020-01-08,2020010801009963,JBBL,35,34,10,157.00,"1,570.00"
2020-01-08,2020010801009873,JBBL,49,17,100,155.00,"15,500.00"
2020-01-08,2020010801009718,JFL,58,16,25,161.00,"4,025.00"
2020-01-08,2020010801009935,JOSHI,17,32,20,68.00,"1,360.00"
2020-01-08,2020010801009934,JOSHI,17,38,20,67.00,"1,340.00"
2020-01-08,2020010801009933,JOSHI,17,57,20,65.00,"1,300.00"
2020-01-08,2020010801009932,JOSHI,17,57,20,65.00,"1,300.00"
2020-01-08,2020010801009931,JOSHI,17,57,20,65.00,"1,300.00"
2020-01-08,2020010801009930,JOSHI,17,57,20,65.00,"1,300.00"
2020-01-08,2020010801009929,JOSHI,17,19,10,65.00,650.00
2020-01-08,2020010801009928,JOSHI,17,29,20,64.00,"1,280.00"
2020-01-08,2020010801010032,KBL,58,46,10,186.00,"1,860.00"
2020-01-08,2020010801009997,KBL,43,43,825,185.00,"152,625.00"
2020-01-08,2020010801009867,KBL,43,43,175,185.00,"32,375.00"
2020-01-08,2020010801009866,KBL,43,43,"1,000",185.00,"185,000.00"
2020-01-08,2020010801009865,KBL,43,46,825,185.00,"152,625.00"
2020-01-08,2020010801009752,KSBBL,59,45,404,138.00,"55,752.00"
2020-01-08,2020010801009751,KSBBL,57,45,350,138.00,"48,300.00"
2020-01-08,2020010801009750,KSBBL,21,45,"1,100",138.00,"151,800.00"
2020-01-08,2020010801009749,KSBBL,22,45,166,138.00,"22,908.00"
2020-01-08,2020010801009594,LBBL,45,32,14,180.00,"2,520.00"
2020-01-08,2020010801009569,LBBL,45,26,486,180.00,"87,480.00"
2020-01-08,2020010801009568,LBBL,42,26,300,180.00,"54,000.00"
2020-01-08,2020010801009567,LBBL,41,26,202,180.00,"36,360.00"
2020-01-08,2020010801009566,LBBL,42,26,200,180.00,"36,000.00"
2020-01-08,2020010801009565,LBBL,19,26,812,180.00,"146,160.00"
2020-01-08,2020010801009600,LBBL,44,32,100,180.00,"18,000.00"
2020-01-08,2020010801009599,LBBL,38,32,200,180.00,"36,000.00"
2020-01-08,2020010801009598,LBBL,1,32,40,180.00,"7,200.00"
2020-01-08,2020010801009597,LBBL,19,32,500,180.00,"90,000.00"
2020-01-08,2020010801009596,LBBL,56,32,100,180.00,"18,000.00"
2020-01-08,2020010801009595,LBBL,57,32,30,180.00,"5,400.00"
2020-01-08,2020010801009682,LBBL,19,38,"1,000",180.00,"180,000.00"
2020-01-08,2020010801009681,LBBL,44,38,81,180.00,"14,580.00"
2020-01-08,2020010801009673,LBBL,44,56,64,180.00,"11,520.00"
2020-01-08,2020010801009603,LBBL,44,32,30,180.00,"5,400.00"
2020-01-08,2020010801009602,LBBL,42,32,400,180.00,"72,000.00"
2020-01-08,2020010801009601,LBBL,19,32,"1,000",180.00,"180,000.00"
2020-01-08,2020010801009968,LBBL,42,38,500,180.00,"90,000.00"
2020-01-08,2020010801009960,LBBL,25,38,236,180.00,"42,480.00"
2020-01-08,2020010801009959,LBBL,25,38,64,180.00,"11,520.00"
2020-01-08,2020010801009967,LBL,50,41,250,201.00,"50,250.00"
2020-01-08,2020010801009791,LBL,50,19,400,201.00,"80,400.00"
2020-01-08,2020010801009671,LBL,50,51,338,201.00,"67,938.00"
2020-01-08,2020010801009670,LBL,43,51,162,201.00,"32,562.00"
2020-01-08,2020010801009562,LBL,43,51,100,201.00,"20,100.00"
2020-01-08,2020010801009768,LGIL,39,43,194,340.00,"65,960.00"
2020-01-08,2020010801009579,LGIL,33,43,30,340.00,"10,200.00"
2020-01-08,2020010801009578,LGIL,39,43,276,340.00,"93,840.00"
2020-01-08,2020010801009636,LICN,11,44,40,"1,090.00","43,600.00"
2020-01-08,2020010801009635,LICN,50,44,88,"1,090.00","95,920.00"
2020-01-08,2020010801009634,LICN,25,44,50,"1,091.00","54,550.00"
2020-01-08,2020010801009633,LICN,50,44,144,"1,092.00","157,248.00"
2020-01-08,2020010801009620,LICN,25,34,10,"1,095.00","10,950.00"
2020-01-08,2020010801010009,LLBS,26,34,22,788.00,"17,336.00"
2020-01-08,2020010801009803,LLBS,26,11,100,799.00,"79,900.00"
2020-01-08,2020010801009802,LLBS,26,44,158,790.00,"124,820.00"
2020-01-08,2020010801009781,LLBS,28,44,52,790.00,"41,080.00"
2020-01-08,2020010801009758,LLBS,28,34,100,790.00,"79,000.00"
2020-01-08,2020010801009700,LLBS,28,21,100,790.00,"79,000.00"
2020-01-08,2020010801009992,MBL,14,36,"1,440",225.00,"324,000.00"
2020-01-08,2020010801009957,MBL,14,36,"4,560",225.00,"1,026,000.00"
2020-01-08,2020010801009956,MBL,14,16,440,225.00,"99,000.00"
2020-01-08,2020010801009672,MBL,49,34,71,224.00,"15,904.00"
2020-01-08,2020010801010015,MDB,4,34,500,268.00,"134,000.00"
2020-01-08,2020010801009742,MEGA,43,8,10,194.00,"1,940.00"
2020-01-08,2020010801009626,MEGA,17,34,150,193.00,"28,950.00"
2020-01-08,2020010801009619,MEGA,50,45,200,194.00,"38,800.00"
2020-01-08,2020010801009737,MERO,45,39,36,502.00,"18,072.00"
2020-01-08,2020010801009736,MERO,53,39,100,502.00,"50,200.00"
2020-01-08,2020010801009735,MERO,45,39,100,502.00,"50,200.00"
2020-01-08,2020010801009734,MERO,5,39,83,502.00,"41,666.00"
2020-01-08,2020010801009733,MERO,50,39,400,504.00,"201,600.00"
2020-01-08,2020010801009732,MERO,32,39,71,505.00,"35,855.00"
2020-01-08,2020010801009588,MERO,32,4,29,505.00,"14,645.00"
2020-01-08,2020010801010012,MFIL,40,26,500,151.00,"75,500.00"
2020-01-08,2020010801010011,MFIL,40,57,690,151.00,"104,190.00"
2020-01-08,2020010801010010,MFIL,40,39,50,151.00,"7,550.00"
2020-01-08,2020010801009772,MFIL,40,39,319,150.00,"47,850.00"
2020-01-08,2020010801009771,MFIL,40,8,75,150.00,"11,250.00"
2020-01-08,2020010801009858,MHNL,52,40,30,95.00,"2,850.00"
2020-01-08,2020010801010002,MLBBL,44,21,50,543.00,"27,150.00"
2020-01-08,2020010801009859,MLBL,33,33,10,180.00,"1,800.00"
2020-01-08,2020010801009716,MLBL,45,56,64,179.00,"11,456.00"
2020-01-08,2020010801010030,MNBBL,48,57,10,291.00,"2,910.00"
2020-01-08,2020010801010006,MNBBL,4,48,"1,000",290.00,"290,000.00"
2020-01-08,2020010801010005,MNBBL,4,14,200,290.00,"58,000.00"
2020-01-08,2020010801010004,MNBBL,4,57,100,290.00,"29,000.00"
2020-01-08,2020010801010003,MNBBL,4,29,219,290.00,"63,510.00"
2020-01-08,2020010801009975,MNBBL,49,49,11,289.00,"3,179.00"
2020-01-08,2020010801009775,MNBBL,6,49,29,289.00,"8,381.00"
2020-01-08,2020010801009727,MNBBL,6,39,771,289.00,"222,819.00"
2020-01-08,2020010801009717,MNBBL,6,26,200,289.00,"57,800.00"
2020-01-08,2020010801009996,MSMBS,34,6,36,632.00,"22,752.00"
2020-01-08,2020010801009995,MSMBS,34,45,15,631.00,"9,465.00"
2020-01-08,2020010801009994,MSMBS,34,37,49,630.00,"30,870.00"
2020-01-08,2020010801009969,MSMBS,34,37,193,625.00,"120,625.00"
2020-01-08,2020010801009880,MSMBS,34,51,400,629.00,"251,600.00"
2020-01-08,2020010801009879,MSMBS,34,48,75,628.00,"47,100.00"
2020-01-08,2020010801009683,MSMBS,34,11,11,617.00,"6,787.00"
2020-01-08,2020010801009640,MSMBS,14,25,100,625.00,"62,500.00"
2020-01-08,2020010801009639,MSMBS,14,39,300,624.00,"187,200.00"
2020-01-08,2020010801009757,NABIL,4,29,97,721.00,"69,937.00"
2020-01-08,2020010801009756,NABIL,4,59,123,721.00,"88,683.00"
2020-01-08,2020010801009755,NABIL,4,25,80,720.00,"57,600.00"
2020-01-08,2020010801009993,NADEP,14,49,50,552.00,"27,600.00"
2020-01-08,2020010801009870,NADEP,38,6,100,553.00,"55,300.00"
2020-01-08,2020010801009707,NADEP,14,41,150,552.00,"82,800.00"
2020-01-08,2020010801009669,NADEP,26,11,60,551.00,"33,060.00"
2020-01-08,2020010801009668,NADEP,1,11,15,551.00,"8,265.00"
2020-01-08,2020010801009656,NADEP,38,41,50,552.00,"27,600.00"
2020-01-08,2020010801009808,NBB,44,10,17,196.00,"3,332.00"
2020-01-08,2020010801009807,NBB,19,10,500,196.00,"98,000.00"
2020-01-08,2020010801009806,NBB,37,10,100,196.00,"19,600.00"
2020-01-08,2020010801009805,NBB,57,10,223,196.00,"43,708.00"
2020-01-08,2020010801009754,NBB,40,50,100,197.00,"19,700.00"
2020-01-08,2020010801009753,NBB,40,44,600,197.00,"118,200.00"
2020-01-08,2020010801009559,NBB,47,44,400,197.00,"78,800.00"
2020-01-08,2020010801009541,NBB,47,51,100,197.00,"19,700.00"
2020-01-08,2020010801010034,NBL,33,44,25,273.00,"6,825.00"
2020-01-08,2020010801010028,NBL,14,44,20,273.00,"5,460.00"
2020-01-08,2020010801009980,NBL,43,44,10,273.00,"2,730.00"
2020-01-08,2020010801009770,NBL,14,44,880,272.00,"239,360.00"
2020-01-08,2020010801009765,NBL,43,44,10,272.00,"2,720.00"
2020-01-08,2020010801009744,NBL,36,10,170,271.00,"46,070.00"
2020-01-08,2020010801009585,NBL,44,14,25,271.00,"6,775.00"
2020-01-08,2020010801009743,NBL,49,10,275,271.00,"74,525.00"
2020-01-08,2020010801009684,NBL,49,52,200,271.00,"54,200.00"
2020-01-08,2020010801009615,NBL,49,33,400,271.00,"108,400.00"
2020-01-08,2020010801009614,NBL,14,33,500,271.00,"135,500.00"
2020-01-08,2020010801009587,NBL,49,14,125,271.00,"33,875.00"
2020-01-08,2020010801009586,NBL,41,14,100,271.00,"27,100.00"
2020-01-08,2020010801009872,NCCB,33,25,440,208.00,"91,520.00"
2020-01-08,2020010801009817,NCCB,33,25,100,208.00,"20,800.00"
2020-01-08,2020010801009583,NCCB,50,25,225,209.00,"47,025.00"
2020-01-08,2020010801010027,NIB,49,34,100,400.00,"40,000.00"
2020-01-08,2020010801009816,NIB,29,3,13,400.00,"5,200.00"
2020-01-08,2020010801009573,NIB,28,58,19,399.00,"7,581.00"
2020-01-08,2020010801009572,NIB,13,58,25,400.00,"10,000.00"
2020-01-08,2020010801009705,NICA,4,4,"31,372",434.00,"13,615,448.00"
2020-01-08,2020010801009659,NICA,3,49,505,432.00,"218,160.00"
2020-01-08,2020010801009658,NICA,43,49,495,432.00,"213,840.00"
2020-01-08,2020010801009546,NICA,43,57,"1,250",432.00,"540,000.00"
2020-01-08,2020010801009545,NICA,44,57,250,433.00,"108,250.00"
2020-01-08,2020010801009988,NICL,46,34,477,318.00,"151,686.00"
2020-01-08,2020010801009962,NICL,44,6,500,316.00,"158,000.00"
2020-01-08,2020010801009726,NICL,43,34,200,318.00,"63,600.00"
2020-01-08,2020010801009649,NICL,44,34,50,318.00,"15,900.00"
2020-01-08,2020010801009953,NLBBL,52,34,10,556.00,"5,560.00"
2020-01-08,2020010801009563,NLG,46,6,10,616.00,"6,160.00"
2020-01-08,2020010801009974,NLIC,8,58,100,961.00,"96,100.00"
2020-01-08,2020010801009916,NLIC,35,58,10,961.00,"9,610.00"
2020-01-08,2020010801009906,NLIC,34,56,37,960.00,"35,520.00"
2020-01-08,2020010801009905,NLIC,29,56,20,960.00,"19,200.00"
2020-01-08,2020010801009904,NLIC,49,56,30,960.00,"28,800.00"
2020-01-08,2020010801009881,NLIC,49,55,98,960.00,"94,080.00"
2020-01-08,2020010801009663,NLIC,26,58,100,961.00,"96,100.00"
2020-01-08,2020010801009644,NLIC,13,58,100,961.00,"96,100.00"
2020-01-08,2020010801009627,NLIC,54,58,120,961.00,"115,320.00"
2020-01-08,2020010801009855,NLICL,37,53,82,490.00,"40,180.00"
2020-01-08,2020010801010016,NMB,46,4,30,337.00,"10,110.00"
2020-01-08,2020010801009986,NMB,41,1,500,335.00,"167,500.00"
2020-01-08,2020010801009985,NMB,38,1,200,335.00,"67,000.00"
2020-01-08,2020010801009984,NMB,19,1,100,335.00,"33,500.00"
2020-01-08,2020010801009958,NMB,6,4,176,337.00,"59,312.00"
2020-01-08,2020010801009876,NMB,6,4,324,336.00,"108,864.00"
2020-01-08,2020010801009570,NMB,44,28,726,336.00,"243,936.00"
2020-01-08,2020010801009652,NMB,49,19,76,336.00,"25,536.00"
2020-01-08,2020010801009592,NMB,49,22,224,336.00,"75,264.00"
2020-01-08,2020010801009591,NMB,1,22,250,336.00,"84,000.00"
2020-01-08,2020010801009590,NMB,41,22,26,336.00,"8,736.00"
2020-01-08,2020010801009589,NMB,6,4,170,337.00,"57,290.00"
2020-01-08,2020010801009571,NMB,41,28,274,336.00,"92,064.00"
2020-01-08,2020010801009790,NMB,49,4,100,336.00,"33,600.00"
2020-01-08,2020010801009789,NMB,10,4,100,336.00,"33,600.00"
2020-01-08,2020010801009788,NMB,26,4,"1,000",336.00,"336,000.00"
2020-01-08,2020010801009787,NMB,42,4,476,336.00,"159,936.00"
2020-01-08,2020010801009654,NMB,42,19,24,336.00,"8,064.00"
2020-01-08,2020010801009653,NMB,21,19,100,336.00,"33,600.00"
2020-01-08,2020010801010031,NMBMF,59,34,10,644.00,"6,440.00"
2020-01-08,2020010801009973,NNLB,38,16,30,555.00,"16,650.00"
2020-01-08,2020010801009972,NNLB,38,50,130,555.00,"72,150.00"
2020-01-08,2020010801009776,NNLB,44,44,100,554.00,"55,400.00"
2020-01-08,2020010801009738,NNLB,14,44,100,554.00,"55,400.00"
2020-01-08,2020010801009554,NNLB,10,48,100,550.00,"55,000.00"
2020-01-08,2020010801009869,NTC,43,41,10,623.00,"6,230.00"
2020-01-08,2020010801009593,NTC,1,19,150,620.00,"93,000.00"
2020-01-08,2020010801009964,NUBL,4,34,100,857.00,"85,700.00"
2020-01-08,2020010801009760,OHL,14,3,56,465.00,"26,040.00"
2020-01-08,2020010801009759,OHL,37,3,37,466.00,"17,242.00"
2020-01-08,2020010801009814,PCBL,42,6,10,250.00,"2,500.00"
2020-01-08,2020010801009813,PCBL,42,44,400,249.00,"99,600.00"
2020-01-08,2020010801009812,PCBL,42,33,100,249.00,"24,900.00"
2020-01-08,2020010801009811,PCBL,42,57,125,249.00,"31,125.00"
2020-01-08,2020010801009611,PFL,34,59,500,137.00,"68,500.00"
2020-01-08,2020010801009610,PFL,34,59,900,137.00,"123,300.00"
2020-01-08,2020010801009609,PFL,34,59,700,137.00,"95,900.00"
2020-01-08,2020010801009608,PFL,34,59,900,137.00,"123,300.00"
2020-01-08,2020010801009607,PFL,34,59,"1,500",137.00,"205,500.00"
2020-01-08,2020010801009606,PFL,34,25,500,136.00,"68,000.00"
2020-01-08,2020010801009605,PFL,34,40,500,136.00,"68,000.00"
2020-01-08,2020010801010023,PIC,54,13,400,419.00,"167,600.00"
2020-01-08,2020010801009874,PIC,54,34,500,419.00,"209,500.00"
2020-01-08,2020010801010008,PICL,6,1,100,450.00,"45,000.00"
2020-01-08,2020010801009965,PICL,6,25,100,450.00,"45,000.00"
2020-01-08,2020010801009551,PICL,6,13,295,450.00,"132,750.00"
2020-01-08,2020010801009550,PICL,57,13,40,450.00,"18,000.00"
2020-01-08,2020010801009549,PICL,26,13,100,451.00,"45,100.00"
2020-01-08,2020010801009548,PICL,49,13,365,451.00,"164,615.00"
2020-01-08,2020010801009915,PLIC,48,48,"1,000",374.00,"374,000.00"
2020-01-08,2020010801009860,PLIC,48,51,56,374.00,"20,944.00"
2020-01-08,2020010801009815,PLIC,48,51,76,374.00,"28,424.00"
2020-01-08,2020010801010021,PRIN,6,38,15,338.00,"5,070.00"
2020-01-08,2020010801009762,PRIN,49,43,243,336.00,"81,648.00"
2020-01-08,2020010801009903,PRVU,55,47,"1,160",231.00,"267,960.00"
2020-01-08,2020010801009902,PRVU,51,47,300,231.00,"69,300.00"
2020-01-08,2020010801009901,PRVU,34,47,500,231.00,"115,500.00"
2020-01-08,2020010801009900,PRVU,52,47,100,231.00,"23,100.00"
2020-01-08,2020010801009899,PRVU,38,47,"1,000",231.00,"231,000.00"
2020-01-08,2020010801009898,PRVU,39,47,50,231.00,"11,550.00"
2020-01-08,2020010801009721,PRVU,19,5,110,233.00,"25,630.00"
2020-01-08,2020010801009720,PRVU,40,5,500,233.00,"116,500.00"
2020-01-08,2020010801009719,PRVU,43,5,37,233.00,"8,621.00"
2020-01-08,2020010801009725,PRVU,44,5,500,233.00,"116,500.00"
2020-01-08,2020010801009724,PRVU,41,5,100,233.00,"23,300.00"
2020-01-08,2020010801009723,PRVU,37,5,100,233.00,"23,300.00"
2020-01-08,2020010801009722,PRVU,37,5,"1,000",233.00,"233,000.00"
2020-01-08,2020010801009885,PRVU,14,47,500,232.00,"116,000.00"
2020-01-08,2020010801009884,PRVU,16,47,500,232.00,"116,000.00"
2020-01-08,2020010801009883,PRVU,38,47,"1,000",232.00,"232,000.00"
2020-01-08,2020010801009882,PRVU,43,47,25,232.00,"5,800.00"
2020-01-08,2020010801009767,PRVU,42,48,10,235.00,"2,350.00"
2020-01-08,2020010801009766,PRVU,42,34,"2,805",234.00,"656,370.00"
2020-01-08,2020010801009891,PRVU,56,47,100,232.00,"23,200.00"
2020-01-08,2020010801009890,PRVU,44,47,150,232.00,"34,800.00"
2020-01-08,2020010801009889,PRVU,51,47,"1,500",232.00,"348,000.00"
2020-01-08,2020010801009888,PRVU,35,47,40,232.00,"9,280.00"
2020-01-08,2020010801009887,PRVU,34,47,150,232.00,"34,800.00"
2020-01-08,2020010801009886,PRVU,53,47,500,232.00,"116,000.00"
2020-01-08,2020010801009897,PRVU,45,47,"1,000",231.00,"231,000.00"
2020-01-08,2020010801009896,PRVU,42,47,500,231.00,"115,500.00"
2020-01-08,2020010801009895,PRVU,43,47,25,231.00,"5,775.00"
2020-01-08,2020010801009894,PRVU,38,47,100,231.00,"23,100.00"
2020-01-08,2020010801009893,PRVU,34,47,300,231.00,"69,300.00"
2020-01-08,2020010801009892,PRVU,41,47,300,232.00,"69,600.00"
2020-01-08,2020010801010020,RHPC,17,26,10,72.00,720.00
2020-01-08,2020010801010019,RHPC,38,26,40,72.00,"2,880.00"
2020-01-08,2020010801010018,RHPC,47,26,274,72.00,"19,728.00"
2020-01-08,2020010801009773,RHPL,45,58,930,170.00,"158,100.00"
2020-01-08,2020010801009851,RMDC,56,6,100,582.00,"58,200.00"
2020-01-08,2020010801009850,RMDC,56,6,50,582.00,"29,100.00"
2020-01-08,2020010801009849,RMDC,56,6,337,581.00,"195,797.00"
2020-01-08,2020010801009848,RMDC,56,39,200,580.00,"116,000.00"
2020-01-08,2020010801009847,RMDC,56,34,100,580.00,"58,000.00"
2020-01-08,2020010801009846,RMDC,56,1,320,580.00,"185,600.00"
2020-01-08,2020010801009845,RMDC,56,52,"1,000",579.00,"579,000.00"
2020-01-08,2020010801009844,RMDC,56,50,90,578.00,"52,020.00"
2020-01-08,2020010801009699,RSDC,57,57,100,345.00,"34,500.00"
2020-01-08,2020010801009698,RSDC,28,57,200,345.00,"69,000.00"
2020-01-08,2020010801009697,RSDC,42,57,100,345.00,"34,500.00"
2020-01-08,2020010801009696,RSDC,38,57,200,345.00,"69,000.00"
2020-01-08,2020010801009695,RSDC,42,57,300,345.00,"103,500.00"
2020-01-08,2020010801009794,SABSL,19,34,10,684.00,"6,840.00"
2020-01-08,2020010801009584,SABSL,19,17,10,683.00,"6,830.00"
2020-01-08,2020010801009694,SANIMA,33,47,432,327.00,"141,264.00"
2020-01-08,2020010801009693,SANIMA,42,47,68,328.00,"22,304.00"
2020-01-08,2020010801009538,SANIMA,42,26,32,328.00,"10,496.00"
2020-01-08,2020010801009537,SANIMA,1,26,173,328.00,"56,744.00"
2020-01-08,2020010801009577,SAPDBL,43,41,44,134.00,"5,896.00"
2020-01-08,2020010801010014,SBI,28,34,584,386.00,"225,424.00"
2020-01-08,2020010801010013,SBI,4,34,416,386.00,"160,576.00"
2020-01-08,2020010801009924,SBI,56,19,356,390.00,"138,840.00"
2020-01-08,2020010801009923,SBI,56,19,19,390.00,"7,410.00"
2020-01-08,2020010801009731,SBI,13,51,100,388.00,"38,800.00"
2020-01-08,2020010801009730,SBI,13,7,10,388.00,"3,880.00"
2020-01-08,2020010801009729,SBI,13,45,20,388.00,"7,760.00"
2020-01-08,2020010801009661,SBI,52,45,150,388.00,"58,200.00"
2020-01-08,2020010801009543,SBI,4,26,84,386.00,"32,424.00"
2020-01-08,2020010801009558,SBL,58,26,122,301.00,"36,722.00"
2020-01-08,2020010801009715,SCB,34,41,35,573.00,"20,055.00"
2020-01-08,2020010801009714,SCB,49,41,30,574.00,"17,220.00"
2020-01-08,2020010801009713,SCB,18,41,20,574.00,"11,480.00"
2020-01-08,2020010801009774,SDESI,14,16,30,674.00,"20,220.00"
2020-01-08,2020010801009739,SDESI,47,1,100,673.00,"67,300.00"
2020-01-08,2020010801009576,SDESI,47,7,78,673.00,"52,494.00"
2020-01-08,2020010801009575,SDESI,56,7,22,673.00,"14,806.00"
2020-01-08,2020010801009574,SDESI,41,7,100,674.00,"67,400.00"
2020-01-08,2020010801009966,SFFIL,19,46,357,202.00,"72,114.00"
2020-01-08,2020010801009748,SFFIL,39,59,70,200.00,"14,000.00"
2020-01-08,2020010801009667,SHINE,34,42,400,241.00,"96,400.00"
2020-01-08,2020010801009666,SHINE,34,48,100,241.00,"24,100.00"
2020-01-08,2020010801009665,SHINE,34,57,55,241.00,"13,255.00"
2020-01-08,2020010801009878,SHIVM,32,49,170,482.00,"81,940.00"
2020-01-08,2020010801009877,SHIVM,32,1,30,482.00,"14,460.00"
2020-01-08,2020010801009857,SHIVM,25,26,350,479.00,"167,650.00"
2020-01-08,2020010801009856,SHIVM,32,26,650,479.00,"311,350.00"
2020-01-08,2020010801009854,SHIVM,51,1,10,482.00,"4,820.00"
2020-01-08,2020010801009810,SHIVM,32,45,300,479.00,"143,700.00"
2020-01-08,2020010801009624,SHIVM,48,55,100,481.00,"48,100.00"
2020-01-08,2020010801009623,SHIVM,48,34,500,481.00,"240,500.00"
2020-01-08,2020010801009622,SHIVM,48,14,200,481.00,"96,200.00"
2020-01-08,2020010801009621,SHIVM,48,33,200,481.00,"96,200.00"
2020-01-08,2020010801009809,SHIVM,49,45,200,480.00,"96,000.00"
2020-01-08,2020010801009761,SHIVM,34,35,458,480.00,"219,840.00"
2020-01-08,2020010801009747,SHIVM,35,1,10,482.00,"4,820.00"
2020-01-08,2020010801009692,SHIVM,34,51,542,480.00,"260,160.00"
2020-01-08,2020010801009651,SHIVM,32,10,50,479.00,"23,950.00"
2020-01-08,2020010801009650,SHIVM,32,10,200,480.00,"96,000.00"
2020-01-08,2020010801009728,SHL,57,50,200,197.00,"39,400.00"
2020-01-08,2020010801009657,SHL,57,14,100,197.00,"19,700.00"
2020-01-08,2020010801009780,SHPC,38,29,500,174.00,"87,000.00"
2020-01-08,2020010801009779,SHPC,7,29,500,174.00,"87,000.00"
2020-01-08,2020010801009778,SHPC,46,29,831,175.00,"145,425.00"
2020-01-08,2020010801009777,SHPC,57,29,300,176.00,"52,800.00"
2020-01-08,2020010801009922,SIFC,29,36,"3,044",139.00,"423,116.00"
2020-01-08,2020010801009921,SIFC,47,36,"2,000",139.00,"278,000.00"
2020-01-08,2020010801009920,SIFC,17,36,500,139.00,"69,500.00"
2020-01-08,2020010801009919,SIFC,43,36,500,140.00,"70,000.00"
2020-01-08,2020010801009918,SIFC,43,36,500,141.00,"70,500.00"
2020-01-08,2020010801009917,SIFC,10,36,456,141.00,"64,296.00"
2020-01-08,2020010801009616,SIL,44,25,10,430.00,"4,300.00"
2020-01-08,2020010801009804,SINDU,45,6,10,123.00,"1,230.00"
2020-01-08,2020010801010029,SLICL,38,26,10,311.00,"3,110.00"
2020-01-08,2020010801010022,SLICL,56,26,60,311.00,"18,660.00"
2020-01-08,2020010801009853,SLICL,17,48,400,308.00,"123,200.00"
2020-01-08,2020010801009852,SLICL,28,48,500,308.00,"154,000.00"
2020-01-08,2020010801009631,SLICL,6,26,100,312.00,"31,200.00"
2020-01-08,2020010801009604,SLICL,19,45,150,309.00,"46,350.00"
2020-01-08,2020010801009561,SMB,34,45,38,621.00,"23,598.00"
2020-01-08,2020010801009560,SMB,34,45,30,621.00,"18,630.00"
2020-01-08,2020010801009861,SMFBS,14,18,440,"1,070.00","470,800.00"
2020-01-08,2020010801009927,SPARS,21,19,40,654.00,"26,160.00"
2020-01-08,2020010801009926,SPARS,21,47,20,654.00,"13,080.00"
2020-01-08,2020010801009843,SPARS,38,26,200,650.00,"130,000.00"
2020-01-08,2020010801009833,SRBL,40,49,32,227.00,"7,264.00"
2020-01-08,2020010801009832,SRBL,47,49,140,227.00,"31,780.00"
2020-01-08,2020010801009831,SRBL,47,49,150,227.00,"34,050.00"
2020-01-08,2020010801009830,SRBL,47,49,330,227.00,"74,910.00"
2020-01-08,2020010801009829,SRBL,47,49,220,227.00,"49,940.00"
2020-01-08,2020010801009828,SRBL,47,49,270,227.00,"61,290.00"
2020-01-08,2020010801009821,SRBL,43,49,"1,000",227.00,"227,000.00"
2020-01-08,2020010801009820,SRBL,43,49,100,227.00,"22,700.00"
2020-01-08,2020010801009819,SRBL,17,49,90,227.00,"20,430.00"
2020-01-08,2020010801009818,SRBL,43,49,58,228.00,"13,224.00"
2020-01-08,2020010801009827,SRBL,47,49,300,227.00,"68,100.00"
2020-01-08,2020010801009826,SRBL,47,49,600,227.00,"136,200.00"
2020-01-08,2020010801009825,SRBL,47,49,800,227.00,"181,600.00"
2020-01-08,2020010801009824,SRBL,47,49,100,227.00,"22,700.00"
2020-01-08,2020010801009823,SRBL,47,49,360,227.00,"81,720.00"
2020-01-08,2020010801009822,SRBL,47,49,450,227.00,"102,150.00"
2020-01-08,2020010801010024,SWBBL,4,22,336,909.00,"305,424.00"
2020-01-08,2020010801009625,SWBBL,46,22,14,915.00,"12,810.00"
2020-01-08,2020010801009691,TRH,44,50,40,277.00,"11,080.00"
2020-01-08,2020010801009690,TRH,22,50,500,277.00,"138,500.00"
2020-01-08,2020010801009689,TRH,5,50,100,277.00,"27,700.00"
2020-01-08,2020010801009914,UPCL,11,1,10,75.00,750.00
2020-01-08,2020010801009913,UPCL,11,5,100,75.00,"7,500.00"
2020-01-08,2020010801009912,UPCL,11,6,200,75.00,"15,000.00"
2020-01-08,2020010801009911,UPCL,11,41,100,75.00,"7,500.00"
2020-01-08,2020010801009910,UPCL,11,10,50,75.00,"3,750.00"
2020-01-08,2020010801009909,UPCL,11,36,200,75.00,"15,000.00"
2020-01-08,2020010801009908,UPCL,11,45,50,75.00,"3,750.00"
2020-01-08,2020010801010007,WOMI,25,40,100,895.00,"89,500.00"
2020-01-08,2020010801009990,WOMI,41,16,20,894.00,"17,880.00"
2020-01-08,2020010801009925,WOMI,52,16,10,894.00,"8,940.00"
2020-01-08,2020010801009618,WOMI,6,16,40,894.00,"35,760.00"
2020-01-08,2020010801009617,WOMI,6,51,60,894.00,"53,640.00"
2020-01-08,2020010801009471,ADBL,32,34,500,370.00,"185,000.00"
2020-01-08,2020010801009438,ADBL,59,56,42,369.00,"15,498.00"
2020-01-08,2020010801009261,ADBL,59,34,555,369.00,"204,795.00"
2020-01-08,2020010801009260,ADBL,13,34,14,369.00,"5,166.00"
2020-01-08,2020010801009259,ADBL,56,34,431,370.00,"159,470.00"
2020-01-08,2020010801009128,ADBL,56,40,69,370.00,"25,530.00"
2020-01-08,2020010801009254,AKPL,19,25,500,115.00,"57,500.00"
2020-01-08,2020010801009253,AKPL,58,25,500,115.00,"57,500.00"
2020-01-08,2020010801009380,ALBSL,58,5,300,554.00,"166,200.00"
2020-01-08,2020010801009156,ALBSL,13,28,10,546.00,"5,460.00"
2020-01-08,2020010801009102,ALBSL,13,45,40,546.00,"21,840.00"
2020-01-08,2020010801009430,ALICL,34,34,"2,000",379.00,"758,000.00"
2020-01-08,2020010801009429,ALICL,19,34,"1,000",379.00,"379,000.00"
2020-01-08,2020010801009353,ALICL,16,19,"1,086",381.00,"413,766.00"
2020-01-08,2020010801009352,ALICL,6,19,30,382.00,"11,460.00"
2020-01-08,2020010801009129,API,25,13,50,112.00,"5,600.00"
2020-01-08,2020010801009392,BFC,59,8,10,86.00,860.00
2020-01-08,2020010801009269,BOKL,40,25,685,224.00,"153,440.00"
2020-01-08,2020010801009139,BOKL,35,25,20,224.00,"4,480.00"
2020-01-08,2020010801009138,BOKL,44,25,295,224.00,"66,080.00"
2020-01-08,2020010801009509,BPCL,29,22,83,307.00,"25,481.00"
2020-01-08,2020010801009508,BPCL,21,22,500,307.00,"153,500.00"
2020-01-08,2020010801009507,BPCL,14,22,20,307.00,"6,140.00"
2020-01-08,2020010801009506,BPCL,52,22,97,307.00,"29,779.00"
2020-01-08,2020010801009505,BPCL,56,22,300,307.00,"92,100.00"
2020-01-08,2020010801009375,BPCL,52,32,100,307.00,"30,700.00"
2020-01-08,2020010801009535,CBBL,4,56,550,840.00,"462,000.00"
2020-01-08,2020010801009461,CBBL,4,26,400,840.00,"336,000.00"
2020-01-08,2020010801009460,CBBL,20,26,100,841.00,"84,100.00"
2020-01-08,2020010801009437,CBBL,49,51,20,841.00,"16,820.00"
2020-01-08,2020010801009432,CBL,42,42,500,136.00,"68,000.00"
2020-01-08,2020010801009080,CBL,42,41,10,136.00,"1,360.00"
2020-01-08,2020010801009250,CCBL,53,36,350,169.00,"59,150.00"
2020-01-08,2020010801009037,CHCL,25,58,227,370.00,"83,990.00"
2020-01-08,2020010801009036,CHCL,32,58,200,371.00,"74,200.00"
2020-01-08,2020010801009132,CZBIL,56,56,28,193.00,"5,404.00"
2020-01-08,2020010801009131,CZBIL,53,56,80,193.00,"15,440.00"
2020-01-08,2020010801009388,DBBL,4,20,27,144.00,"3,888.00"
2020-01-08,2020010801009378,DBBL,4,20,973,144.00,"140,112.00"
2020-01-08,2020010801009377,DBBL,4,42,27,144.00,"3,888.00"
2020-01-08,2020010801009369,DBBL,4,42,"1,000",144.00,"144,000.00"
2020-01-08,2020010801009358,DBBL,4,42,394,144.00,"56,736.00"
2020-01-08,2020010801009357,DBBL,4,32,200,144.00,"28,800.00"
2020-01-08,2020010801009356,DBBL,4,52,406,144.00,"58,464.00"
2020-01-08,2020010801009343,DBBL,4,52,"1,000",144.00,"144,000.00"
2020-01-08,2020010801009320,DBBL,4,52,594,144.00,"85,536.00"
2020-01-08,2020010801009319,DBBL,4,40,406,144.00,"58,464.00"
2020-01-08,2020010801009171,DBBL,50,6,188,143.00,"26,884.00"
2020-01-08,2020010801009439,DDBL,49,45,100,939.00,"93,900.00"
2020-01-08,2020010801009428,DDBL,39,10,50,940.00,"47,000.00"
2020-01-08,2020010801009383,DDBL,7,50,50,940.00,"47,000.00"
2020-01-08,2020010801009382,DDBL,33,50,83,940.00,"78,020.00"
2020-01-08,2020010801009272,DDBL,33,10,27,940.00,"25,380.00"
2020-01-08,2020010801009271,DDBL,45,10,100,940.00,"94,000.00"
2020-01-08,2020010801009270,DDBL,6,10,20,940.00,"18,800.00"
2020-01-08,2020010801009265,DDBL,6,49,30,940.00,"28,200.00"
2020-01-08,2020010801009224,DDBL,32,49,60,940.00,"56,400.00"
2020-01-08,2020010801009201,DDBL,1,49,20,940.00,"18,800.00"
2020-01-08,2020010801009191,DDBL,41,49,100,940.00,"94,000.00"
2020-01-08,2020010801009110,DDBL,42,22,400,939.00,"375,600.00"
2020-01-08,2020010801009364,DHPL,34,29,20,55.00,"1,100.00"
2020-01-08,2020010801009321,EBL,44,50,500,585.00,"292,500.00"
2020-01-08,2020010801009069,EBL,25,29,100,587.00,"58,700.00"
2020-01-08,2020010801009484,EDBL,4,39,130,304.00,"39,520.00"
2020-01-08,2020010801009381,EDBL,4,58,400,304.00,"121,600.00"
2020-01-08,2020010801009344,EIC,38,38,152,275.00,"41,800.00"
2020-01-08,2020010801009213,EIC,57,21,25,273.00,"6,825.00"
2020-01-08,2020010801009258,FMDBL,42,10,30,345.00,"10,350.00"
2020-01-08,2020010801009247,FMDBL,10,10,300,345.00,"103,500.00"
2020-01-08,2020010801009223,FOWAD,44,45,20,"1,118.00","22,360.00"
2020-01-08,2020010801009133,FOWAD,33,6,19,"1,109.00","21,071.00"
2020-01-08,2020010801009495,GBBL,4,50,584,213.00,"124,392.00"
2020-01-08,2020010801009346,GBBL,4,17,220,213.00,"46,860.00"
2020-01-08,2020010801009199,GBBL,4,4,30,213.00,"6,390.00"
2020-01-08,2020010801009046,GBBL,4,48,666,213.00,"141,858.00"
2020-01-08,2020010801009510,GBLBS,16,22,"1,000",352.00,"352,000.00"
2020-01-08,2020010801009488,GBLBS,16,34,55,352.00,"19,360.00"
2020-01-08,2020010801009449,GBLBS,16,36,860,352.00,"302,720.00"
2020-01-08,2020010801009448,GBLBS,39,36,200,352.00,"70,400.00"
2020-01-08,2020010801009447,GBLBS,49,36,50,352.00,"17,600.00"
2020-01-08,2020010801009446,GBLBS,52,36,90,352.00,"31,680.00"
2020-01-08,2020010801009075,GBLBS,52,58,"1,000",353.00,"353,000.00"
2020-01-08,2020010801009530,GILB,44,33,30,964.00,"28,920.00"
2020-01-08,2020010801009064,GILB,36,6,15,946.00,"14,190.00"
2020-01-08,2020010801009160,GLBSL,38,38,280,535.00,"149,800.00"
2020-01-08,2020010801009513,GLICL,38,46,50,482.00,"24,100.00"
2020-01-08,2020010801009445,GLICL,58,25,497,480.00,"238,560.00"
2020-01-08,2020010801009444,GLICL,58,25,50,480.00,"24,000.00"
2020-01-08,2020010801009386,GLICL,58,58,950,480.00,"456,000.00"
2020-01-08,2020010801009385,GLICL,58,58,50,480.00,"24,000.00"
2020-01-08,2020010801009338,GLICL,58,16,500,480.00,"240,000.00"
2020-01-08,2020010801009305,GLICL,58,38,450,480.00,"216,000.00"
2020-01-08,2020010801009304,GLICL,50,38,50,480.00,"24,000.00"
2020-01-08,2020010801009193,GLICL,50,13,50,480.00,"24,000.00"
2020-01-08,2020010801009192,GLICL,29,13,50,480.00,"24,000.00"
2020-01-08,2020010801009215,GMFBS,59,28,10,635.00,"6,350.00"
2020-01-08,2020010801009184,GMFBS,59,28,10,623.00,"6,230.00"
2020-01-08,2020010801009178,GMFBS,59,7,10,635.00,"6,350.00"
2020-01-08,2020010801009177,GMFBS,59,45,10,635.00,"6,350.00"
2020-01-08,2020010801009173,GMFBS,59,42,10,625.00,"6,250.00"
2020-01-08,2020010801009095,GMFBS,16,42,10,622.00,"6,220.00"
2020-01-08,2020010801009107,GMFIL,5,6,273,115.00,"31,395.00"
2020-01-08,2020010801009533,HBL,58,13,50,540.00,"27,000.00"
2020-01-08,2020010801009170,HBL,36,51,100,541.00,"54,100.00"
2020-01-08,2020010801009183,HDL,55,55,50,"1,208.00","60,400.00"
2020-01-08,2020010801009226,HGI,11,7,"1,000",288.00,"288,000.00"
2020-01-08,2020010801009278,ICFC,28,19,"1,200",152.00,"182,400.00"
2020-01-08,2020010801009481,ILBS,57,59,110,583.00,"64,130.00"
2020-01-08,2020010801009312,ILBS,51,22,310,591.00,"183,210.00"
2020-01-08,2020010801009318,JBBL,25,34,226,157.00,"35,482.00"
2020-01-08,2020010801009317,JBBL,25,44,274,155.00,"42,470.00"
2020-01-08,2020010801009284,JBBL,25,44,500,155.00,"77,500.00"
2020-01-08,2020010801009196,JBBL,33,44,200,155.00,"31,000.00"
2020-01-08,2020010801009347,JSLBB,41,34,50,"1,261.00","63,050.00"
2020-01-08,2020010801009190,JSLBB,37,34,200,"1,261.00","252,200.00"
2020-01-08,2020010801009072,JSLBB,7,38,100,"1,261.00","126,100.00"
2020-01-08,2020010801009512,KADBL,28,1,12,229.00,"2,748.00"
2020-01-08,2020010801009468,KBL,32,46,"1,000",185.00,"185,000.00"
2020-01-08,2020010801009467,KBL,35,46,10,185.00,"1,850.00"
2020-01-08,2020010801009466,KBL,16,46,165,185.00,"30,525.00"
2020-01-08,2020010801009465,KBL,16,43,"1,835",185.00,"339,475.00"
2020-01-08,2020010801009464,KBL,22,43,50,185.00,"9,250.00"
2020-01-08,2020010801009463,KBL,37,43,100,185.00,"18,500.00"
2020-01-08,2020010801009462,KBL,45,43,15,185.00,"2,775.00"
2020-01-08,2020010801009313,KBL,45,52,250,185.00,"46,250.00"
2020-01-08,2020010801009302,KBL,13,46,100,186.00,"18,600.00"
2020-01-08,2020010801009274,KBL,45,58,723,185.00,"133,755.00"
2020-01-08,2020010801009291,KRBL,45,57,248,105.00,"26,040.00"
2020-01-08,2020010801009290,KRBL,45,43,140,104.00,"14,560.00"
2020-01-08,2020010801009289,KRBL,45,48,103,104.00,"10,712.00"
2020-01-08,2020010801009165,KRBL,45,48,197,104.00,"20,488.00"
2020-01-08,2020010801009164,KRBL,45,33,100,104.00,"10,400.00"
2020-01-08,2020010801009163,KRBL,45,22,183,104.00,"19,032.00"
2020-01-08,2020010801009162,KRBL,45,25,20,103.00,"2,060.00"
2020-01-08,2020010801009472,LBBL,19,56,64,180.00,"11,520.00"
2020-01-08,2020010801009422,LBBL,19,26,124,180.00,"22,320.00"
2020-01-08,2020010801009421,LBBL,29,26,300,180.00,"54,000.00"
2020-01-08,2020010801009420,LBBL,55,26,500,180.00,"90,000.00"
2020-01-08,2020010801009124,LBBL,41,55,880,180.00,"158,400.00"
2020-01-08,2020010801009123,LBBL,53,55,300,180.00,"54,000.00"
2020-01-08,2020010801009122,LBBL,56,55,200,180.00,"36,000.00"
2020-01-08,2020010801009121,LBBL,39,55,33,180.00,"5,940.00"
2020-01-08,2020010801009283,LBBL,22,32,100,181.00,"18,100.00"
2020-01-08,2020010801009282,LBBL,22,38,450,181.00,"81,450.00"
2020-01-08,2020010801009127,LBBL,37,55,420,180.00,"75,600.00"
2020-01-08,2020010801009126,LBBL,58,55,"1,000",180.00,"180,000.00"
2020-01-08,2020010801009125,LBBL,19,55,100,180.00,"18,000.00"
2020-01-08,2020010801009341,LBBL,22,32,386,181.00,"69,866.00"
2020-01-08,2020010801009298,LBBL,22,56,64,181.00,"11,584.00"
2020-01-08,2020010801009419,LBBL,10,26,100,180.00,"18,000.00"
2020-01-08,2020010801009418,LBBL,42,26,200,180.00,"36,000.00"
2020-01-08,2020010801009417,LBBL,37,26,80,180.00,"14,400.00"
2020-01-08,2020010801009404,LBBL,37,42,500,180.00,"90,000.00"
2020-01-08,2020010801009403,LBBL,58,42,"1,000",180.00,"180,000.00"
2020-01-08,2020010801009286,LBL,43,42,238,201.00,"47,838.00"
2020-01-08,2020010801009285,LBL,14,42,762,201.00,"153,162.00"
2020-01-08,2020010801009189,LICN,50,21,10,"1,092.00","10,920.00"
2020-01-08,2020010801009147,LICN,25,34,10,"1,095.00","10,950.00"
2020-01-08,2020010801009514,LLBS,28,52,24,790.00,"18,960.00"
2020-01-08,2020010801009426,LLBS,28,52,24,790.00,"18,960.00"
2020-01-08,2020010801009431,MBL,45,5,231,223.00,"51,513.00"
2020-01-08,2020010801009384,MBL,42,34,500,224.00,"112,000.00"
2020-01-08,2020010801009293,MBL,42,34,500,224.00,"112,000.00"
2020-01-08,2020010801009233,MBL,32,34,100,224.00,"22,400.00"
2020-01-08,2020010801009227,MBL,59,34,400,224.00,"89,600.00"
2020-01-08,2020010801009208,MBL,6,34,20,224.00,"4,480.00"
2020-01-08,2020010801009499,MDB,4,49,163,270.00,"44,010.00"
2020-01-08,2020010801009479,MDB,4,49,500,270.00,"135,000.00"
2020-01-08,2020010801009440,MDB,4,49,57,270.00,"15,390.00"
2020-01-08,2020010801009368,MDB,4,56,200,270.00,"54,000.00"
2020-01-08,2020010801009367,MDB,4,47,30,270.00,"8,100.00"
2020-01-08,2020010801009366,MDB,4,43,50,270.00,"13,500.00"
2020-01-08,2020010801009427,MEGA,17,28,100,193.00,"19,300.00"
2020-01-08,2020010801009176,MEGA,17,6,60,193.00,"11,580.00"
2020-01-08,2020010801009534,MERO,50,28,100,504.00,"50,400.00"
2020-01-08,2020010801009518,MERO,32,28,100,504.00,"50,400.00"
2020-01-08,2020010801009511,MFIL,41,42,"1,000",150.00,"150,000.00"
2020-01-08,2020010801009096,MFIL,48,57,500,151.00,"75,500.00"
2020-01-08,2020010801009079,MFIL,48,57,500,151.00,"75,500.00"
2020-01-08,2020010801009172,MHNL,52,13,200,94.00,"18,800.00"
2020-01-08,2020010801009146,MLBBL,44,21,20,539.00,"10,780.00"
2020-01-08,2020010801009082,MLBBL,44,55,30,539.00,"16,170.00"
2020-01-08,2020010801009145,MLBL,45,56,64,179.00,"11,456.00"
2020-01-08,2020010801009071,MLBL,45,34,23,179.00,"4,117.00"
2020-01-08,2020010801009070,MLBL,35,34,277,179.00,"49,583.00"
2020-01-08,2020010801009053,MLBL,35,50,223,179.00,"39,917.00"
2020-01-08,2020010801009052,MLBL,57,50,805,179.00,"144,095.00"
2020-01-08,2020010801009532,MNBBL,28,29,13,290.00,"3,770.00"
2020-01-08,2020010801009483,MNBBL,4,33,787,288.00,"226,656.00"
2020-01-08,2020010801009281,MNBBL,4,48,948,289.00,"273,972.00"
2020-01-08,2020010801009327,MNBBL,57,48,37,289.00,"10,693.00"
2020-01-08,2020010801009326,MNBBL,52,48,100,289.00,"28,900.00"
2020-01-08,2020010801009325,MNBBL,4,48,863,289.00,"249,407.00"
2020-01-08,2020010801009303,MNBBL,25,29,65,290.00,"18,850.00"
2020-01-08,2020010801009354,MNBBL,57,33,13,289.00,"3,757.00"
2020-01-08,2020010801009504,MSMBS,34,26,21,617.00,"12,957.00"
2020-01-08,2020010801009489,MSMBS,34,26,100,617.00,"61,700.00"
2020-01-08,2020010801009455,NABIL,29,26,271,718.00,"194,578.00"
2020-01-08,2020010801009454,NABIL,52,26,15,718.00,"10,770.00"
2020-01-08,2020010801009453,NABIL,57,26,100,718.00,"71,800.00"
2020-01-08,2020010801009452,NABIL,45,26,13,719.00,"9,347.00"
2020-01-08,2020010801009451,NABIL,46,26,30,719.00,"21,570.00"
2020-01-08,2020010801009450,NABIL,6,26,242,720.00,"174,240.00"
2020-01-08,2020010801009054,NABIL,34,11,150,720.00,"108,000.00"
2020-01-08,2020010801009425,NABIL,6,45,400,720.00,"288,000.00"
2020-01-08,2020010801009424,NABIL,6,51,200,720.00,"144,000.00"
2020-01-08,2020010801009423,NABIL,6,45,90,720.00,"64,800.00"
2020-01-08,2020010801009214,NABIL,11,45,10,720.00,"7,200.00"
2020-01-08,2020010801009182,NABIL,16,49,8,720.00,"5,760.00"
2020-01-08,2020010801009181,NABIL,34,49,32,720.00,"23,040.00"
2020-01-08,2020010801009249,NADEP,1,28,35,551.00,"19,285.00"
2020-01-08,2020010801009248,NADEP,38,28,40,551.00,"22,040.00"
2020-01-08,2020010801009204,NADEP,38,42,10,551.00,"5,510.00"
2020-01-08,2020010801009094,NADEP,38,34,22,551.00,"12,122.00"
2020-01-08,2020010801009323,NBB,47,6,500,197.00,"98,500.00"
2020-01-08,2020010801009307,NBB,47,6,500,197.00,"98,500.00"
2020-01-08,2020010801009306,NBB,47,29,60,197.00,"11,820.00"
2020-01-08,2020010801009371,NBL,44,47,400,271.00,"108,400.00"
2020-01-08,2020010801009106,NBL,39,44,100,272.00,"27,200.00"
2020-01-08,2020010801009397,NCCB,38,13,400,209.00,"83,600.00"
2020-01-08,2020010801009396,NCCB,38,43,"1,000",209.00,"209,000.00"
2020-01-08,2020010801009395,NCCB,38,28,115,209.00,"24,035.00"
2020-01-08,2020010801009394,NCCB,38,39,500,209.00,"104,500.00"
2020-01-08,2020010801009393,NCCB,38,14,100,209.00,"20,900.00"
2020-01-08,2020010801009251,NCCB,33,45,"2,000",208.00,"416,000.00"
2020-01-08,2020010801009203,NCCB,33,21,100,208.00,"20,800.00"
2020-01-08,2020010801009529,NIB,29,26,21,400.00,"8,400.00"
2020-01-08,2020010801009528,NIB,52,26,100,400.00,"40,000.00"
2020-01-08,2020010801009527,NIB,37,26,50,400.00,"20,000.00"
2020-01-08,2020010801009349,NIB,37,13,50,400.00,"20,000.00"
2020-01-08,2020010801009348,NIB,19,13,50,400.00,"20,000.00"
2020-01-08,2020010801009222,NIB,19,41,10,400.00,"4,000.00"
2020-01-08,2020010801009158,NIB,45,57,35,401.00,"14,035.00"
2020-01-08,2020010801009470,NIBPO,39,34,100,370.00,"37,000.00"
2020-01-08,2020010801009469,NIBPO,14,34,100,371.00,"37,100.00"
2020-01-08,2020010801009059,NIBPO,28,38,43,375.00,"16,125.00"
2020-01-08,2020010801009297,NIBSF1,7,26,"5,000",8.77,"43,850.00"
2020-01-08,2020010801009296,NIBSF1,7,26,"5,000",8.73,"43,650.00"
2020-01-08,2020010801009498,NICA,44,50,100,433.00,"43,300.00"
2020-01-08,2020010801009497,NICA,49,50,100,433.00,"43,300.00"
2020-01-08,2020010801009496,NICA,48,50,300,433.00,"129,900.00"
2020-01-08,2020010801009436,NICA,48,26,200,433.00,"86,600.00"
2020-01-08,2020010801009435,NICA,44,26,800,433.00,"346,400.00"
2020-01-08,2020010801009398,NICA,56,58,180,434.00,"78,120.00"
2020-01-08,2020010801009342,NICA,44,57,200,433.00,"86,600.00"
2020-01-08,2020010801009084,NICA,44,49,"1,000",433.00,"433,000.00"
2020-01-08,2020010801009482,NICL,57,34,"1,400",317.00,"443,800.00"
2020-01-08,2020010801009076,NICL,14,34,100,317.00,"31,700.00"
2020-01-08,2020010801009047,NICL,57,34,500,317.00,"158,500.00"
2020-01-08,2020010801009263,NIL,37,28,100,400.00,"40,000.00"
2020-01-08,2020010801009262,NIL,49,28,200,400.00,"80,000.00"
2020-01-08,2020010801009134,NIL,44,28,100,400.00,"40,000.00"
2020-01-08,2020010801009058,NIL,39,52,10,402.00,"4,020.00"
2020-01-08,2020010801009137,NIL,49,28,100,400.00,"40,000.00"
2020-01-08,2020010801009136,NIL,57,28,300,400.00,"120,000.00"
2020-01-08,2020010801009135,NIL,41,28,100,400.00,"40,000.00"
2020-01-08,2020010801009503,NLIC,49,7,272,960.00,"261,120.00"
2020-01-08,2020010801009502,NLIC,45,7,115,960.00,"110,400.00"
2020-01-08,2020010801009501,NLIC,39,7,50,960.00,"48,000.00"
2020-01-08,2020010801009500,NLIC,11,7,63,960.00,"60,480.00"
2020-01-08,2020010801009322,NLIC,32,56,50,961.00,"48,050.00"
2020-01-08,2020010801009309,NLIC,11,57,437,960.00,"419,520.00"
2020-01-08,2020010801009308,NLIC,51,57,128,960.00,"122,880.00"
2020-01-08,2020010801009279,NLIC,56,56,500,961.00,"480,500.00"
2020-01-08,2020010801009211,NLIC,6,56,189,961.00,"181,629.00"
2020-01-08,2020010801009119,NLIC,51,35,200,961.00,"192,200.00"
2020-01-08,2020010801009056,NLIC,25,7,137,961.00,"131,657.00"
2020-01-08,2020010801009055,NLIC,25,56,115,961.00,"110,515.00"
2020-01-08,2020010801009300,NLICL,37,34,413,490.00,"202,370.00"
2020-01-08,2020010801009299,NLICL,7,34,80,490.00,"39,200.00"
2020-01-08,2020010801009168,NLICL,7,13,20,490.00,"9,800.00"
2020-01-08,2020010801009167,NLICL,21,13,180,490.00,"88,200.00"
2020-01-08,2020010801009526,NMB,32,4,58,337.00,"19,546.00"
2020-01-08,2020010801009525,NMB,32,33,442,337.00,"148,954.00"
2020-01-08,2020010801009188,NMB,44,28,10,336.00,"3,360.00"
2020-01-08,2020010801009153,NMB,44,4,"1,000",336.00,"336,000.00"
2020-01-08,2020010801009097,NMB,54,33,508,337.00,"171,196.00"
2020-01-08,2020010801009311,NMBMF,11,41,10,632.00,"6,320.00"
2020-01-08,2020010801009310,NMBMF,41,41,200,633.00,"126,600.00"
2020-01-08,2020010801009154,NMFBS,16,36,10,"1,280.00","12,800.00"
2020-01-08,2020010801009065,NMFBS,16,55,39,"1,280.00","49,920.00"
2020-01-08,2020010801009459,NNLB,34,48,100,550.00,"55,000.00"
2020-01-08,2020010801009405,NNLB,34,44,200,550.00,"110,000.00"
2020-01-08,2020010801009255,NNLB,46,44,20,554.00,"11,080.00"
2020-01-08,2020010801009066,NNLB,6,44,100,554.00,"55,400.00"
2020-01-08,2020010801009441,NSEWA,48,25,20,536.00,"10,720.00"
2020-01-08,2020010801009372,NSEWA,48,41,70,536.00,"37,520.00"
2020-01-08,2020010801009370,NSEWA,48,58,10,536.00,"5,360.00"
2020-01-08,2020010801009365,NTC,1,41,10,620.00,"6,200.00"
2020-01-08,2020010801009231,NTC,1,42,30,620.00,"18,600.00"
2020-01-08,2020010801009039,OHL,37,44,38,466.00,"17,708.00"
2020-01-08,2020010801009252,PFL,13,43,276,135.00,"37,260.00"
2020-01-08,2020010801009206,PFL,34,43,24,135.00,"3,240.00"
2020-01-08,2020010801009205,PFL,34,58,476,135.00,"64,260.00"
2020-01-08,2020010801009412,PIC,40,25,255,416.00,"106,080.00"
2020-01-08,2020010801009411,PIC,41,25,272,416.00,"113,152.00"
2020-01-08,2020010801009494,PICL,49,11,100,451.00,"45,100.00"
2020-01-08,2020010801009345,PICL,49,4,35,451.00,"15,785.00"
2020-01-08,2020010801009277,PICL,6,26,500,452.00,"226,000.00"
2020-01-08,2020010801009531,PLIC,48,17,215,374.00,"80,410.00"
2020-01-08,2020010801009487,PLIC,6,16,31,375.00,"11,625.00"
2020-01-08,2020010801009402,PLIC,43,4,100,376.00,"37,600.00"
2020-01-08,2020010801009200,PLIC,22,49,100,377.00,"37,700.00"
2020-01-08,2020010801009268,PPCL,6,21,10,115.00,"1,150.00"
2020-01-08,2020010801009195,PPCL,6,28,10,115.00,"1,150.00"
2020-01-08,2020010801009050,PPCL,6,29,10,115.00,"1,150.00"
2020-01-08,2020010801009207,PRIN,57,52,199,338.00,"67,262.00"
2020-01-08,2020010801009109,PRIN,25,52,81,338.00,"27,378.00"
2020-01-08,2020010801009078,PRIN,25,57,919,338.00,"310,622.00"
2020-01-08,2020010801009077,PRIN,49,57,81,339.00,"27,459.00"
2020-01-08,2020010801009413,PROFL,13,20,100,98.00,"9,800.00"
2020-01-08,2020010801009400,PROFL,34,20,10,98.00,980.00
2020-01-08,2020010801009399,PRVU,8,34,195,234.00,"45,630.00"
2020-01-08,2020010801009245,PRVU,8,34,805,234.00,"188,370.00"
2020-01-08,2020010801009244,PRVU,42,34,195,234.00,"45,630.00"
2020-01-08,2020010801009186,PRVU,42,38,100,234.00,"23,400.00"
2020-01-08,2020010801009185,PRVU,42,48,205,234.00,"47,970.00"
2020-01-08,2020010801009148,RBCL,51,34,10,"8,602.00","86,020.00"
2020-01-08,2020010801009519,RHPL,45,36,70,170.00,"11,900.00"
2020-01-08,2020010801009329,RHPL,54,59,200,170.00,"34,000.00"
2020-01-08,2020010801009301,RHPL,54,41,10,170.00,"1,700.00"
2020-01-08,2020010801009220,RHPL,54,59,230,170.00,"39,100.00"
2020-01-08,2020010801009216,RHPL,54,14,40,170.00,"6,800.00"
2020-01-08,2020010801009210,RHPL,54,28,10,170.00,"1,700.00"
2020-01-08,2020010801009067,RHPL,54,26,10,170.00,"1,700.00"
2020-01-08,2020010801009063,RHPL,54,29,10,169.00,"1,690.00"
2020-01-08,2020010801009374,RLFL,38,34,354,122.00,"43,188.00"
2020-01-08,2020010801009373,RLFL,38,39,524,122.00,"63,928.00"
2020-01-08,2020010801009280,RLFL,58,10,100,120.00,"12,000.00"
2020-01-08,2020010801009267,RLFL,58,39,605,118.00,"71,390.00"
2020-01-08,2020010801009230,RLFL,38,17,90,118.00,"10,620.00"
2020-01-08,2020010801009085,RLFL,34,17,300,116.00,"34,800.00"
2020-01-08,2020010801009068,RLFL,39,53,200,116.00,"23,200.00"
2020-01-08,2020010801009049,RLFL,58,32,490,114.00,"55,860.00"
2020-01-08,2020010801009219,RSDC,47,57,50,346.00,"17,300.00"
2020-01-08,2020010801009218,RSDC,51,57,20,347.00,"6,940.00"
2020-01-08,2020010801009217,RSDC,58,57,30,347.00,"10,410.00"
2020-01-08,2020010801009493,SABSL,19,21,10,670.00,"6,700.00"
2020-01-08,2020010801009492,SABSL,19,21,10,669.00,"6,690.00"
2020-01-08,2020010801009491,SABSL,19,21,10,668.00,"6,680.00"
2020-01-08,2020010801009490,SABSL,19,7,500,660.00,"330,000.00"
2020-01-08,2020010801009246,SABSL,59,55,10,660.00,"6,600.00"
2020-01-08,2020010801009410,SADBL,4,48,17,149.00,"2,533.00"
2020-01-08,2020010801009409,SADBL,4,36,188,149.00,"28,012.00"
2020-01-08,2020010801009408,SADBL,4,50,276,148.00,"40,848.00"
2020-01-08,2020010801009407,SADBL,4,25,"1,000",147.00,"147,000.00"
2020-01-08,2020010801009406,SADBL,4,16,19,147.00,"2,793.00"
2020-01-08,2020010801009517,SANIMA,1,43,327,328.00,"107,256.00"
2020-01-08,2020010801009516,SANIMA,52,43,83,328.00,"27,224.00"
2020-01-08,2020010801009515,SANIMA,35,43,90,328.00,"29,520.00"
2020-01-08,2020010801009180,SANIMA,36,47,100,329.00,"32,900.00"
2020-01-08,2020010801009337,SAPDBL,4,45,456,135.00,"61,560.00"
2020-01-08,2020010801009336,SAPDBL,4,34,"1,000",135.00,"135,000.00"
2020-01-08,2020010801009335,SAPDBL,4,22,115,135.00,"15,525.00"
2020-01-08,2020010801009334,SAPDBL,4,39,51,135.00,"6,885.00"
2020-01-08,2020010801009333,SAPDBL,4,4,78,134.00,"10,452.00"
2020-01-08,2020010801009161,SAPDBL,43,4,122,134.00,"16,348.00"
2020-01-08,2020010801009157,SAPDBL,43,6,170,134.00,"22,780.00"
2020-01-08,2020010801009144,SAPDBL,43,8,44,134.00,"5,896.00"
2020-01-08,2020010801009143,SAPDBL,43,36,101,134.00,"13,534.00"
2020-01-08,2020010801009142,SAPDBL,43,11,63,134.00,"8,442.00"
2020-01-08,2020010801009057,SAPDBL,4,33,202,133.00,"26,866.00"
2020-01-08,2020010801009202,SBL,36,57,100,305.00,"30,500.00"
2020-01-08,2020010801009209,SCB,57,1,100,575.00,"57,500.00"
2020-01-08,2020010801009198,SCB,34,56,90,573.00,"51,570.00"
2020-01-08,2020010801009197,SCB,49,56,90,573.00,"51,570.00"
2020-01-08,2020010801009074,SCB,50,57,50,575.00,"28,750.00"
2020-01-08,2020010801009062,SCB,49,41,10,573.00,"5,730.00"
2020-01-08,2020010801009061,SCB,43,41,20,573.00,"11,460.00"
2020-01-08,2020010801009328,SDESI,14,34,200,678.00,"135,600.00"
2020-01-08,2020010801009060,SDESI,21,7,280,679.00,"190,120.00"
2020-01-08,2020010801009048,SDESI,41,1,200,675.00,"135,000.00"
2020-01-08,2020010801009324,SEF,3,38,"2,000",9.14,"18,280.00"
2020-01-08,2020010801009212,SFFIL,39,28,577,200.00,"115,400.00"
2020-01-08,2020010801009275,SHINE,57,28,500,240.00,"120,000.00"
2020-01-08,2020010801009187,SHINE,57,41,10,240.00,"2,400.00"
2020-01-08,2020010801009480,SHIVM,48,59,50,480.00,"24,000.00"
2020-01-08,2020010801009474,SHIVM,5,59,450,480.00,"216,000.00"
2020-01-08,2020010801009473,SHIVM,5,28,50,480.00,"24,000.00"
2020-01-08,2020010801009458,SHIVM,35,28,50,480.00,"24,000.00"
2020-01-08,2020010801009457,SHIVM,35,58,100,480.00,"48,000.00"
2020-01-08,2020010801009456,SHIVM,35,45,150,480.00,"72,000.00"
2020-01-08,2020010801009130,SHIVM,51,25,500,480.00,"240,000.00"
2020-01-08,2020010801009105,SHIVM,38,14,130,477.00,"62,010.00"
2020-01-08,2020010801009104,SHIVM,50,14,290,477.00,"138,330.00"
2020-01-08,2020010801009103,SHIVM,41,14,80,478.00,"38,240.00"
2020-01-08,2020010801009087,SHIVM,32,4,265,479.00,"126,935.00"
2020-01-08,2020010801009038,SHIVM,52,4,155,479.00,"74,245.00"
2020-01-08,2020010801009389,SHIVM,25,53,400,479.00,"191,600.00"
2020-01-08,2020010801009387,SHIVM,35,45,50,480.00,"24,000.00"
2020-01-08,2020010801009362,SHIVM,25,14,100,479.00,"47,900.00"
2020-01-08,2020010801009355,SHIVM,35,14,100,479.00,"47,900.00"
2020-01-08,2020010801009266,SHIVM,47,38,900,478.00,"430,200.00"
2020-01-08,2020010801009228,SHIVM,19,38,100,478.00,"47,800.00"
2020-01-08,2020010801009443,SHIVM,35,57,50,478.00,"23,900.00"
2020-01-08,2020010801009442,SHIVM,7,57,200,478.00,"95,600.00"
2020-01-08,2020010801009434,SHIVM,35,26,300,479.00,"143,700.00"
2020-01-08,2020010801009433,SHIVM,35,53,40,479.00,"19,160.00"
2020-01-08,2020010801009524,SHPC,46,55,"1,169",175.00,"204,575.00"
2020-01-08,2020010801009523,SHPC,57,55,500,175.00,"87,500.00"
2020-01-08,2020010801009522,SHPC,45,55,140,175.00,"24,500.00"
2020-01-08,2020010801009521,SHPC,45,55,180,175.00,"31,500.00"
2020-01-08,2020010801009520,SHPC,47,55,50,176.00,"8,800.00"
2020-01-08,2020010801009401,SHPC,57,55,961,177.00,"170,097.00"
2020-01-08,2020010801009316,SHPC,5,25,50,178.00,"8,900.00"
2020-01-08,2020010801009315,SHPC,5,47,100,178.00,"17,800.00"
2020-01-08,2020010801009314,SHPC,5,42,50,178.00,"8,900.00"
2020-01-08,2020010801009295,SICL,48,58,59,860.00,"50,740.00"
2020-01-08,2020010801009294,SICL,48,34,37,859.00,"31,783.00"
2020-01-08,2020010801009292,SICL,4,56,20,850.00,"17,000.00"
2020-01-08,2020010801009264,SICL,50,56,11,850.00,"9,350.00"
2020-01-08,2020010801009149,SICL,11,19,30,855.00,"25,650.00"
2020-01-08,2020010801009237,SICL,47,56,100,852.00,"85,200.00"
2020-01-08,2020010801009236,SICL,38,56,100,852.00,"85,200.00"
2020-01-08,2020010801009235,SICL,1,56,10,852.00,"8,520.00"
2020-01-08,2020010801009234,SICL,48,56,200,853.00,"170,600.00"
2020-01-08,2020010801009159,SICL,50,19,60,854.00,"51,240.00"
2020-01-08,2020010801009150,SICL,38,19,10,855.00,"8,550.00"
2020-01-08,2020010801009243,SICL,22,56,149,850.00,"126,650.00"
2020-01-08,2020010801009242,SICL,22,56,200,850.00,"170,000.00"
2020-01-08,2020010801009241,SICL,19,56,40,850.00,"34,000.00"
2020-01-08,2020010801009240,SICL,34,56,70,850.00,"59,500.00"
2020-01-08,2020010801009239,SICL,4,56,100,851.00,"85,100.00"
2020-01-08,2020010801009238,SICL,34,56,500,851.00,"425,500.00"
2020-01-08,2020010801009141,SIFC,10,6,44,141.00,"6,204.00"
2020-01-08,2020010801009140,SIFC,34,6,100,141.00,"14,100.00"
2020-01-08,2020010801009340,SIL,17,25,201,425.00,"85,425.00"
2020-01-08,2020010801009339,SIL,21,25,30,426.00,"12,780.00"
2020-01-08,2020010801009086,SIL,55,46,100,425.00,"42,500.00"
2020-01-08,2020010801009379,SINDU,45,39,10,125.00,"1,250.00"
2020-01-08,2020010801009276,SJCL,4,43,20,160.00,"3,200.00"
2020-01-08,2020010801009221,SJCL,4,28,10,160.00,"1,600.00"
2020-01-08,2020010801009073,SJCL,4,29,10,160.00,"1,600.00"
2020-01-08,2020010801009174,SLBBL,38,21,15,649.00,"9,735.00"
2020-01-08,2020010801009152,SLBBL,58,21,43,649.00,"27,907.00"
2020-01-08,2020010801009151,SLBBL,58,45,257,648.00,"166,536.00"
2020-01-08,2020010801009486,SLBSL,22,40,10,659.00,"6,590.00"
2020-01-08,2020010801009485,SLBSL,22,56,10,650.00,"6,500.00"
2020-01-08,2020010801009179,SLBSL,48,34,10,640.00,"6,400.00"
2020-01-08,2020010801009360,SLICL,35,45,20,309.00,"6,180.00"
2020-01-08,2020010801009359,SLICL,44,45,66,309.00,"20,394.00"
2020-01-08,2020010801009351,SLICL,5,44,50,310.00,"15,500.00"
2020-01-08,2020010801009350,SLICL,5,26,313,310.00,"97,030.00"
2020-01-08,2020010801009332,SLICL,44,26,934,309.00,"288,606.00"
2020-01-08,2020010801009331,SLICL,29,26,516,309.00,"159,444.00"
2020-01-08,2020010801009330,SLICL,17,26,450,309.00,"139,050.00"
2020-01-08,2020010801009114,SMB,34,3,70,621.00,"43,470.00"
2020-01-08,2020010801009113,SMB,45,3,10,621.00,"6,210.00"
2020-01-08,2020010801009112,SMB,42,3,20,621.00,"12,420.00"
2020-01-08,2020010801009111,SMB,45,3,50,623.00,"31,150.00"
2020-01-08,2020010801009416,SMFBS,14,25,60,"1,072.00","64,320.00"
2020-01-08,2020010801009415,SMFBS,14,57,50,"1,069.00","53,450.00"
2020-01-08,2020010801009414,SMFBS,14,22,10,"1,068.00","10,680.00"
2020-01-08,2020010801009257,SMFBS,16,48,40,"1,067.00","42,680.00"
2020-01-08,2020010801009256,SMFBS,16,57,10,"1,065.00","10,650.00"
2020-01-08,2020010801009194,SMFBS,29,55,30,"1,055.00","31,650.00"
2020-01-08,2020010801009118,SMFBS,52,48,50,"1,067.00","53,350.00"
2020-01-08,2020010801009117,SMFBS,52,29,10,"1,066.00","10,660.00"
2020-01-08,2020010801009116,SMFBS,52,7,20,"1,060.00","21,200.00"
2020-01-08,2020010801009115,SMFBS,52,41,20,"1,060.00","21,200.00"
2020-01-08,2020010801009040,SMFBS,7,48,10,"1,067.00","10,670.00"
2020-01-08,2020010801009288,SPARS,44,19,100,642.00,"64,200.00"
2020-01-08,2020010801009273,SPARS,44,49,10,640.00,"6,400.00"
2020-01-08,2020010801009478,SRBL,43,17,942,228.00,"214,776.00"
2020-01-08,2020010801009477,SRBL,25,17,100,228.00,"22,800.00"
2020-01-08,2020010801009476,SRBL,41,17,100,228.00,"22,800.00"
2020-01-08,2020010801009475,SRBL,38,17,58,228.00,"13,224.00"
2020-01-08,2020010801009108,STC,16,28,14,"1,942.00","27,188.00"
2020-01-08,2020010801009093,STC,59,28,50,"1,945.00","97,250.00"
2020-01-08,2020010801009092,STC,50,28,10,"1,945.00","19,450.00"
2020-01-08,2020010801009091,STC,5,28,10,"1,946.00","19,460.00"
2020-01-08,2020010801009090,STC,34,28,20,"1,946.00","38,920.00"
2020-01-08,2020010801009089,STC,59,28,76,"1,951.00","148,276.00"
2020-01-08,2020010801009088,STC,39,28,20,"1,955.00","39,100.00"
2020-01-08,2020010801009287,SWBBL,39,22,150,910.00,"136,500.00"
2020-01-08,2020010801009045,SWBBL,50,1,56,923.00,"51,688.00"
2020-01-08,2020010801009044,SWBBL,50,43,24,922.00,"22,128.00"
2020-01-08,2020010801009043,SWBBL,50,38,20,920.00,"18,400.00"
2020-01-08,2020010801009042,SWBBL,50,10,100,918.00,"91,800.00"
2020-01-08,2020010801009041,SWBBL,50,57,10,915.00,"9,150.00"
2020-01-08,2020010801009225,TMDBL,38,21,58,159.00,"9,222.00"
2020-01-08,2020010801009166,UIC,25,58,19,296.00,"5,624.00"
2020-01-08,2020010801009081,UIC,14,6,200,295.00,"59,000.00"
2020-01-08,2020010801009101,UPCL,11,48,510,74.00,"37,740.00"
2020-01-08,2020010801009100,UPCL,11,6,500,74.00,"37,000.00"
2020-01-08,2020010801009099,UPCL,11,26,150,74.00,"11,100.00"
2020-01-08,2020010801009098,UPCL,11,44,50,74.00,"3,700.00"
2020-01-08,2020010801009229,UPPER,44,28,50,238.00,"11,900.00"
2020-01-08,2020010801009175,UPPER,44,44,293,239.00,"70,027.00"
2020-01-08,2020010801009155,UPPER,44,6,50,238.00,"11,900.00"
2020-01-08,2020010801009083,UPPER,44,29,40,238.00,"9,520.00"
2020-01-08,2020010801009391,VLBS,55,47,50,736.00,"36,800.00"
2020-01-08,2020010801009390,VLBS,39,47,37,736.00,"27,232.00"
2020-01-08,2020010801009376,WOMI,34,43,47,889.00,"41,783.00"
2020-01-08,2020010801009363,WOMI,41,43,33,890.00,"29,370.00"
2020-01-08,2020010801009361,WOMI,42,43,13,893.00,"11,609.00"
2020-01-08,2020010801009232,WOMI,42,16,37,893.00,"33,041.00"
2020-01-08,2020010801009169,WOMI,1,16,15,893.00,"13,395.00"
2020-01-08,2020010801009120,WOMI,58,16,15,893.00,"13,395.00"
2020-01-08,2020010801009051,WOMI,32,16,30,894.00,"26,820.00"
2020-01-08,2020010801009032,ADBL,36,40,10,370.00,"3,700.00"
2020-01-08,2020010801008979,ADBL,13,46,186,369.00,"68,634.00"
2020-01-08,2020010801008978,ADBL,45,46,264,369.00,"97,416.00"
2020-01-08,2020010801008888,ADBL,45,56,43,369.00,"15,867.00"
2020-01-08,2020010801008670,ADBL,45,19,20,369.00,"7,380.00"
2020-01-08,2020010801008656,ADBL,45,56,173,369.00,"63,837.00"
2020-01-08,2020010801008655,ADBL,6,56,20,369.00,"7,380.00"
2020-01-08,2020010801008611,ADBL,11,40,50,370.00,"18,500.00"
2020-01-08,2020010801008610,ADBL,13,40,100,370.00,"37,000.00"
2020-01-08,2020010801008839,AKJCL,43,29,20,56.00,"1,120.00"
2020-01-08,2020010801008998,AKPL,45,25,492,116.00,"57,072.00"
2020-01-08,2020010801008621,AKPL,45,38,500,116.00,"58,000.00"
2020-01-08,2020010801008549,AKPL,19,16,500,117.00,"58,500.00"
2020-01-08,2020010801009003,ALBSL,13,29,10,546.00,"5,460.00"
2020-01-08,2020010801008946,ALBSL,52,16,10,546.00,"5,460.00"
2020-01-08,2020010801008930,ALBSL,13,21,250,550.00,"137,500.00"
2020-01-08,2020010801008937,API,55,46,"1,630",110.00,"179,300.00"
2020-01-08,2020010801008936,API,50,46,298,110.00,"32,780.00"
2020-01-08,2020010801008918,API,50,46,202,110.00,"22,220.00"
2020-01-08,2020010801008917,API,13,46,500,110.00,"55,000.00"
2020-01-08,2020010801008916,API,58,46,500,110.00,"55,000.00"
2020-01-08,2020010801008915,API,58,46,500,110.00,"55,000.00"
2020-01-08,2020010801008914,API,46,46,"1,000",110.00,"110,000.00"
2020-01-08,2020010801008913,API,28,46,23,110.00,"2,530.00"
2020-01-08,2020010801008912,API,36,46,200,111.00,"22,200.00"
2020-01-08,2020010801008911,API,43,46,75,111.00,"8,325.00"
2020-01-08,2020010801008593,API,25,13,21,112.00,"2,352.00"
2020-01-08,2020010801008997,BOKL,44,41,205,224.00,"45,920.00"
2020-01-08,2020010801008931,BOKL,56,41,25,224.00,"5,600.00"
2020-01-08,2020010801008791,BOKL,56,41,175,224.00,"39,200.00"
2020-01-08,2020010801008734,BOKL,16,14,200,224.00,"44,800.00"
2020-01-08,2020010801008790,BOKL,41,41,100,224.00,"22,400.00"
2020-01-08,2020010801008789,BOKL,35,41,30,224.00,"6,720.00"
2020-01-08,2020010801008788,BOKL,36,41,200,224.00,"44,800.00"
2020-01-08,2020010801008787,BOKL,19,41,100,224.00,"22,400.00"
2020-01-08,2020010801008786,BOKL,16,41,24,224.00,"5,376.00"
2020-01-08,2020010801008756,BOKL,16,49,200,224.00,"44,800.00"
2020-01-08,2020010801008849,BPCL,52,29,22,307.00,"6,754.00"
2020-01-08,2020010801009015,CBBL,47,47,361,841.00,"303,601.00"
2020-01-08,2020010801008923,CBL,42,29,154,136.00,"20,944.00"
2020-01-08,2020010801009022,CCBL,34,6,193,169.00,"32,617.00"
2020-01-08,2020010801008771,CCBL,19,42,100,170.00,"17,000.00"
2020-01-08,2020010801008744,CCBL,34,46,60,169.00,"10,140.00"
2020-01-08,2020010801008743,CCBL,59,46,40,169.00,"6,760.00"
2020-01-08,2020010801008742,CCBL,41,46,100,169.00,"16,900.00"
2020-01-08,2020010801008741,CCBL,1,46,300,169.00,"50,700.00"
2020-01-08,2020010801008740,CCBL,49,46,500,169.00,"84,500.00"
2020-01-08,2020010801008661,CCBL,25,13,500,169.00,"84,500.00"
2020-01-08,2020010801008660,CCBL,56,13,500,169.00,"84,500.00"
2020-01-08,2020010801009035,CHCL,40,58,40,371.00,"14,840.00"
2020-01-08,2020010801008810,CIT,19,40,100,"2,097.00","209,700.00"
2020-01-08,2020010801008625,CIT,4,20,24,"2,091.00","50,184.00"
2020-01-08,2020010801008792,CZBIL,45,45,398,194.00,"77,212.00"
2020-01-08,2020010801008680,CZBIL,53,38,220,193.00,"42,460.00"
2020-01-08,2020010801008679,CZBIL,53,38,"1,530",193.00,"295,290.00"
2020-01-08,2020010801008678,CZBIL,4,38,100,193.00,"19,300.00"
2020-01-08,2020010801008677,CZBIL,35,38,100,193.00,"19,300.00"
2020-01-08,2020010801008676,CZBIL,58,38,52,193.00,"10,036.00"
2020-01-08,2020010801008675,CZBIL,32,38,200,193.00,"38,600.00"
2020-01-08,2020010801008674,CZBIL,42,38,15,193.00,"2,895.00"
2020-01-08,2020010801008668,CZBIL,45,33,200,194.00,"38,800.00"
2020-01-08,2020010801008667,CZBIL,55,33,297,194.00,"57,618.00"
2020-01-08,2020010801008880,DBBL,26,40,40,144.00,"5,760.00"
2020-01-08,2020010801008879,DBBL,26,51,20,144.00,"2,880.00"
2020-01-08,2020010801008878,DBBL,26,51,40,144.00,"5,760.00"
2020-01-08,2020010801008877,DDBL,59,25,135,938.00,"126,630.00"
2020-01-08,2020010801008876,DDBL,5,25,50,939.00,"46,950.00"
2020-01-08,2020010801008875,DDBL,7,25,20,939.00,"18,780.00"
2020-01-08,2020010801008874,DDBL,59,25,295,939.00,"277,005.00"
2020-01-08,2020010801008831,DDBL,59,56,135,939.00,"126,765.00"
2020-01-08,2020010801008745,DDBL,45,49,90,940.00,"84,600.00"
2020-01-08,2020010801008682,DDBL,59,3,70,939.00,"65,730.00"
2020-01-08,2020010801008681,DDBL,32,3,130,940.00,"122,200.00"
2020-01-08,2020010801008658,DDBL,32,1,70,940.00,"65,800.00"
2020-01-08,2020010801008657,DDBL,41,1,30,940.00,"28,200.00"
2020-01-08,2020010801008838,EBL,16,55,170,586.00,"99,620.00"
2020-01-08,2020010801008767,EBL,25,6,50,587.00,"29,350.00"
2020-01-08,2020010801008732,EBL,16,42,330,586.00,"193,380.00"
2020-01-08,2020010801008731,EBL,57,42,100,586.00,"58,600.00"
2020-01-08,2020010801008730,EBL,25,42,70,586.00,"41,020.00"
2020-01-08,2020010801008751,EDBL,28,58,100,304.00,"30,400.00"
2020-01-08,2020010801009024,EIC,55,33,100,274.00,"27,400.00"
2020-01-08,2020010801008639,EIC,57,8,24,273.00,"6,552.00"
2020-01-08,2020010801008820,FOWAD,33,38,109,"1,109.00","120,881.00"
2020-01-08,2020010801009018,GBBL,35,48,50,213.00,"10,650.00"
2020-01-08,2020010801008927,GBBL,4,48,"2,000",213.00,"426,000.00"
2020-01-08,2020010801008794,GBBL,6,20,137,214.00,"29,318.00"
2020-01-08,2020010801008793,GBBL,6,16,100,214.00,"21,400.00"
2020-01-08,2020010801008977,GBLBS,52,58,"1,000",353.00,"353,000.00"
2020-01-08,2020010801008686,GBLBS,52,44,200,352.00,"70,400.00"
2020-01-08,2020010801008557,GBLBS,25,58,600,353.00,"211,800.00"
2020-01-08,2020010801008556,GBLBS,25,41,10,353.00,"3,530.00"
2020-01-08,2020010801008892,GFCL,28,10,406,130.00,"52,780.00"
2020-01-08,2020010801008891,GFCL,35,10,100,130.00,"13,000.00"
2020-01-08,2020010801008890,GFCL,59,10,150,130.00,"19,500.00"
2020-01-08,2020010801008889,GFCL,59,10,80,130.00,"10,400.00"
2020-01-08,2020010801008662,GFCL,59,5,220,130.00,"28,600.00"
2020-01-08,2020010801008638,GGBSL,32,32,10,629.00,"6,290.00"
2020-01-08,2020010801008602,GGBSL,3,44,10,628.00,"6,280.00"
2020-01-08,2020010801008594,GGBSL,3,34,10,628.00,"6,280.00"
2020-01-08,2020010801008550,GGBSL,3,44,10,628.00,"6,280.00"
2020-01-08,2020010801009026,GILB,36,55,60,946.00,"56,760.00"
2020-01-08,2020010801008975,GLBSL,45,55,10,527.00,"5,270.00"
2020-01-08,2020010801008900,GLBSL,54,13,50,530.00,"26,500.00"
2020-01-08,2020010801008899,GLBSL,52,13,10,531.00,"5,310.00"
2020-01-08,2020010801008554,GLICL,34,29,100,482.00,"48,200.00"
2020-01-08,2020010801009028,GMFBS,16,29,10,622.00,"6,220.00"
2020-01-08,2020010801008852,GMFBS,40,16,180,623.00,"112,140.00"
2020-01-08,2020010801008851,GMFBS,58,16,30,624.00,"18,720.00"
2020-01-08,2020010801008830,GMFBS,50,36,40,625.00,"25,000.00"
2020-01-08,2020010801008564,GMFBS,54,36,40,625.00,"25,000.00"
2020-01-08,2020010801008928,GRDBL,34,43,10,103.00,"1,030.00"
2020-01-08,2020010801008754,GUFL,58,32,100,117.00,"11,700.00"
2020-01-08,2020010801008753,GUFL,58,44,100,117.00,"11,700.00"
2020-01-08,2020010801009030,HBL,58,45,151,540.00,"81,540.00"
2020-01-08,2020010801009006,HBL,58,13,200,540.00,"108,000.00"
2020-01-08,2020010801008784,HDL,32,16,100,"1,203.00","120,300.00"
2020-01-08,2020010801008783,HDL,45,16,10,"1,203.00","12,030.00"
2020-01-08,2020010801008782,HDL,22,16,20,"1,203.00","24,060.00"
2020-01-08,2020010801008781,HDL,42,16,60,"1,203.00","72,180.00"
2020-01-08,2020010801008780,HDL,13,16,10,"1,205.00","12,050.00"
2020-01-08,2020010801008795,HGI,14,59,100,290.00,"29,000.00"
2020-01-08,2020010801008755,HGI,35,14,50,288.00,"14,400.00"
2020-01-08,2020010801008596,HIDCL,19,47,100,134.00,"13,400.00"
2020-01-08,2020010801008595,HIDCL,19,47,100,134.00,"13,400.00"
2020-01-08,2020010801009020,ICFC,28,19,800,152.00,"121,600.00"
2020-01-08,2020010801008972,ICFC,28,32,200,151.00,"30,200.00"
2020-01-08,2020010801008666,IGI,14,19,30,317.00,"9,510.00"
2020-01-08,2020010801008665,IGI,47,19,100,317.00,"31,700.00"
2020-01-08,2020010801008664,IGI,17,19,50,317.00,"15,850.00"
2020-01-08,2020010801008805,ILBS,51,39,206,591.00,"121,746.00"
2020-01-08,2020010801008804,ILBS,51,16,100,590.00,"59,000.00"
2020-01-08,2020010801008803,ILBS,51,5,10,590.00,"5,900.00"
2020-01-08,2020010801008802,ILBS,51,59,10,582.00,"5,820.00"
2020-01-08,2020010801008801,ILBS,47,59,30,582.00,"17,460.00"
2020-01-08,2020010801008800,ILBS,47,22,10,582.00,"5,820.00"
2020-01-08,2020010801008641,ILBS,46,39,10,582.00,"5,820.00"
2020-01-08,2020010801008635,JFL,6,49,200,163.00,"32,600.00"
2020-01-08,2020010801008634,JFL,35,49,184,163.00,"29,992.00"
2020-01-08,2020010801008921,JSLBB,40,38,200,"1,263.00","252,600.00"
2020-01-08,2020010801008974,KBL,13,46,50,186.00,"9,300.00"
2020-01-08,2020010801008766,KBL,45,56,12,185.00,"2,220.00"
2020-01-08,2020010801008765,KBL,34,56,100,185.00,"18,500.00"
2020-01-08,2020010801008764,KBL,34,56,254,185.00,"46,990.00"
2020-01-08,2020010801008748,KBL,34,58,46,185.00,"8,510.00"
2020-01-08,2020010801008747,KBL,42,58,100,185.00,"18,500.00"
2020-01-08,2020010801008720,KBL,4,17,200,185.00,"37,000.00"
2020-01-08,2020010801008746,KBL,34,58,254,185.00,"46,990.00"
2020-01-08,2020010801008725,KBL,34,17,"1,746",185.00,"323,010.00"
2020-01-08,2020010801008724,KBL,34,17,10,185.00,"1,850.00"
2020-01-08,2020010801008723,KBL,56,17,100,185.00,"18,500.00"
2020-01-08,2020010801008722,KBL,28,17,100,185.00,"18,500.00"
2020-01-08,2020010801008721,KBL,56,17,300,185.00,"55,500.00"
2020-01-08,2020010801008907,KKHC,45,21,10,52.00,520.00
2020-01-08,2020010801008906,KKHC,45,21,10,52.00,520.00
2020-01-08,2020010801008905,KKHC,45,21,10,52.00,520.00
2020-01-08,2020010801008904,KKHC,45,46,200,52.00,"10,400.00"
2020-01-08,2020010801008903,KKHC,45,21,10,52.00,520.00
2020-01-08,2020010801008902,KKHC,45,21,10,52.00,520.00
2020-01-08,2020010801008882,KKHC,45,21,10,51.00,510.00
2020-01-08,2020010801008881,KKHC,45,21,10,51.00,510.00
2020-01-08,2020010801008901,KKHC,45,21,10,52.00,520.00
2020-01-08,2020010801008887,KKHC,45,7,16,51.00,816.00
2020-01-08,2020010801008886,KKHC,45,21,10,51.00,510.00
2020-01-08,2020010801008885,KKHC,45,21,10,51.00,510.00
2020-01-08,2020010801008884,KKHC,45,21,10,51.00,510.00
2020-01-08,2020010801008883,KKHC,45,21,10,51.00,510.00
2020-01-08,2020010801008562,KSBBL,57,45,"1,154",139.00,"160,406.00"
2020-01-08,2020010801009014,LBBL,29,38,500,181.00,"90,500.00"
2020-01-08,2020010801008940,LBBL,25,38,50,181.00,"9,050.00"
2020-01-08,2020010801008719,LBBL,25,26,450,181.00,"81,450.00"
2020-01-08,2020010801008718,LBBL,6,26,50,181.00,"9,050.00"
2020-01-08,2020010801008715,LBBL,6,26,200,181.00,"36,200.00"
2020-01-08,2020010801008672,LBBL,39,34,27,180.00,"4,860.00"
2020-01-08,2020010801009029,LBL,14,38,704,201.00,"141,504.00"
2020-01-08,2020010801008637,LBL,16,45,150,202.00,"30,300.00"
2020-01-08,2020010801008636,LBL,16,29,50,202.00,"10,100.00"
2020-01-08,2020010801008575,LBL,14,46,234,201.00,"47,034.00"
2020-01-08,2020010801008574,LBL,50,46,200,201.00,"40,200.00"
2020-01-08,2020010801008573,LBL,43,46,"1,000",201.00,"201,000.00"
2020-01-08,2020010801008572,LBL,53,46,266,201.00,"53,466.00"
2020-01-08,2020010801008962,LGIL,39,52,24,340.00,"8,160.00"
2020-01-08,2020010801008961,LGIL,57,52,96,340.00,"32,640.00"
2020-01-08,2020010801008971,LICN,50,16,12,"1,090.00","13,080.00"
2020-01-08,2020010801008970,LICN,25,16,50,"1,090.00","54,500.00"
2020-01-08,2020010801008969,LICN,22,16,10,"1,090.00","10,900.00"
2020-01-08,2020010801008968,LICN,26,16,28,"1,091.00","30,548.00"
2020-01-08,2020010801008932,LICN,25,34,10,"1,095.00","10,950.00"
2020-01-08,2020010801008922,MBL,35,34,19,224.00,"4,256.00"
2020-01-08,2020010801008847,MBL,13,34,300,224.00,"67,200.00"
2020-01-08,2020010801008763,MBL,56,34,90,224.00,"20,160.00"
2020-01-08,2020010801008762,MBL,56,49,410,224.00,"91,840.00"
2020-01-08,2020010801008752,MBL,19,49,90,224.00,"20,160.00"
2020-01-08,2020010801008713,MBL,45,34,"1,720",223.00,"383,560.00"
2020-01-08,2020010801008588,MBL,56,34,96,224.00,"21,504.00"
2020-01-08,2020010801008587,MBL,43,34,200,224.00,"44,800.00"
2020-01-08,2020010801008586,MBL,34,34,200,224.00,"44,800.00"
2020-01-08,2020010801008585,MBL,56,34,100,224.00,"22,400.00"
2020-01-08,2020010801008584,MBL,52,34,204,224.00,"45,696.00"
2020-01-08,2020010801008537,MBL,52,34,12,224.00,"2,688.00"
2020-01-08,2020010801008694,MBL,51,34,500,223.00,"111,500.00"
2020-01-08,2020010801008693,MBL,22,34,"1,000",223.00,"223,000.00"
2020-01-08,2020010801008692,MBL,7,34,200,223.00,"44,600.00"
2020-01-08,2020010801008632,MBL,35,49,500,224.00,"112,000.00"
2020-01-08,2020010801008601,MBL,32,34,500,224.00,"112,000.00"
2020-01-08,2020010801008600,MBL,51,34,500,224.00,"112,000.00"
2020-01-08,2020010801008700,MBL,56,34,100,223.00,"22,300.00"
2020-01-08,2020010801008699,MBL,39,34,100,223.00,"22,300.00"
2020-01-08,2020010801008698,MBL,34,34,300,223.00,"66,900.00"
2020-01-08,2020010801008697,MBL,14,34,500,223.00,"111,500.00"
2020-01-08,2020010801008696,MBL,14,34,500,223.00,"111,500.00"
2020-01-08,2020010801008695,MBL,28,34,"1,000",223.00,"223,000.00"
2020-01-08,2020010801008706,MBL,59,34,40,223.00,"8,920.00"
2020-01-08,2020010801008705,MBL,34,34,20,223.00,"4,460.00"
2020-01-08,2020010801008704,MBL,3,34,500,223.00,"111,500.00"
2020-01-08,2020010801008703,MBL,44,34,"2,000",223.00,"446,000.00"
2020-01-08,2020010801008702,MBL,42,34,"1,000",223.00,"223,000.00"
2020-01-08,2020010801008701,MBL,22,34,20,223.00,"4,460.00"
2020-01-08,2020010801008712,MBL,57,34,200,223.00,"44,600.00"
2020-01-08,2020010801008711,MBL,34,34,500,223.00,"111,500.00"
2020-01-08,2020010801008710,MBL,25,34,"1,000",223.00,"223,000.00"
2020-01-08,2020010801008709,MBL,40,34,"1,000",223.00,"223,000.00"
2020-01-08,2020010801008708,MBL,42,34,500,223.00,"111,500.00"
2020-01-08,2020010801008707,MBL,45,34,300,223.00,"66,900.00"
2020-01-08,2020010801008738,MEGA,38,38,200,194.00,"38,800.00"
2020-01-08,2020010801008737,MEGA,38,38,549,194.00,"106,506.00"
2020-01-08,2020010801008647,MEGA,17,59,308,193.00,"59,444.00"
2020-01-08,2020010801008646,MEGA,38,59,192,193.00,"37,056.00"
2020-01-08,2020010801008590,MEGA,38,4,440,193.00,"84,920.00"
2020-01-08,2020010801008558,MEGA,38,45,65,193.00,"12,545.00"
2020-01-08,2020010801008555,MEGA,45,38,65,194.00,"12,610.00"
2020-01-08,2020010801008769,MERO,41,16,200,504.00,"100,800.00"
2020-01-08,2020010801008768,MERO,32,16,100,505.00,"50,500.00"
2020-01-08,2020010801008619,MERO,41,49,43,506.00,"21,758.00"
2020-01-08,2020010801008994,MFIL,6,3,900,149.00,"134,100.00"
2020-01-08,2020010801008993,MFIL,6,57,"2,000",149.00,"298,000.00"
2020-01-08,2020010801008954,MFIL,49,49,"3,000",148.00,"444,000.00"
2020-01-08,2020010801008898,MFIL,49,42,500,147.00,"73,500.00"
2020-01-08,2020010801008897,MFIL,49,34,500,146.00,"73,000.00"
2020-01-08,2020010801008581,MFIL,49,19,"3,020",147.00,"443,940.00"
2020-01-08,2020010801008580,MFIL,49,41,"1,000",147.00,"147,000.00"
2020-01-08,2020010801008579,MFIL,49,1,500,147.00,"73,500.00"
2020-01-08,2020010801008578,MFIL,49,37,110,146.00,"16,060.00"
2020-01-08,2020010801008577,MFIL,49,26,200,146.00,"29,200.00"
2020-01-08,2020010801008576,MFIL,49,28,500,146.00,"73,000.00"
2020-01-08,2020010801008929,MNBBL,42,29,100,290.00,"29,000.00"
2020-01-08,2020010801008844,MNBBL,4,14,200,289.00,"57,800.00"
2020-01-08,2020010801008829,MNBBL,4,55,"1,018",289.00,"294,202.00"
2020-01-08,2020010801008785,MNBBL,4,14,500,289.00,"144,500.00"
2020-01-08,2020010801008561,MNBBL,4,28,200,289.00,"57,800.00"
2020-01-08,2020010801009021,MSLB,33,5,10,868.00,"8,680.00"
2020-01-08,2020010801009011,MSLB,33,5,20,860.00,"17,200.00"
2020-01-08,2020010801008982,MSLB,33,5,10,858.00,"8,580.00"
2020-01-08,2020010801008939,NABIL,34,57,18,720.00,"12,960.00"
2020-01-08,2020010801008938,NABIL,11,57,16,720.00,"11,520.00"
2020-01-08,2020010801008873,NABIL,11,11,34,720.00,"24,480.00"
2020-01-08,2020010801008872,NABIL,8,11,66,720.00,"47,520.00"
2020-01-08,2020010801008735,NABIL,8,6,224,720.00,"161,280.00"
2020-01-08,2020010801008714,NABIL,8,48,100,720.00,"72,000.00"
2020-01-08,2020010801008565,NABIL,41,59,35,721.00,"25,235.00"
2020-01-08,2020010801008960,NADEP,38,34,20,551.00,"11,020.00"
2020-01-08,2020010801008945,NADEP,38,34,20,551.00,"11,020.00"
2020-01-08,2020010801008924,NADEP,38,34,20,551.00,"11,020.00"
2020-01-08,2020010801008870,NADEP,38,13,16,551.00,"8,816.00"
2020-01-08,2020010801009017,NBB,42,29,20,197.00,"3,940.00"
2020-01-08,2020010801009016,NBB,21,29,70,197.00,"13,790.00"
2020-01-08,2020010801008868,NBB,21,17,430,197.00,"84,710.00"
2020-01-08,2020010801008867,NBB,42,17,250,197.00,"49,250.00"
2020-01-08,2020010801008866,NBB,42,17,700,197.00,"137,900.00"
2020-01-08,2020010801008865,NBB,34,17,20,197.00,"3,940.00"
2020-01-08,2020010801008858,NBB,38,17,100,197.00,"19,700.00"
2020-01-08,2020010801008857,NBB,6,17,900,197.00,"177,300.00"
2020-01-08,2020010801008559,NBB,42,10,60,198.00,"11,880.00"
2020-01-08,2020010801008864,NBB,25,17,"2,500",197.00,"492,500.00"
2020-01-08,2020010801008863,NBB,32,17,500,197.00,"98,500.00"
2020-01-08,2020010801008862,NBB,37,17,100,197.00,"19,700.00"
2020-01-08,2020010801008861,NBB,29,17,"1,000",197.00,"197,000.00"
2020-01-08,2020010801008860,NBB,45,17,500,197.00,"98,500.00"
2020-01-08,2020010801008859,NBB,45,17,"1,000",197.00,"197,000.00"
2020-01-08,2020010801008618,NBL,44,33,"4,575",271.00,"1,239,825.00"
2020-01-08,2020010801008617,NBL,44,33,"5,000",271.00,"1,355,000.00"
2020-01-08,2020010801008616,NBL,17,33,500,271.00,"135,500.00"
2020-01-08,2020010801008615,NBL,1,33,300,271.00,"81,300.00"
2020-01-08,2020010801008614,NBL,58,33,125,271.00,"33,875.00"
2020-01-08,2020010801008613,NBL,43,33,500,271.00,"135,500.00"
2020-01-08,2020010801008729,NCCB,33,14,200,208.00,"41,600.00"
2020-01-08,2020010801008640,NCCB,33,19,500,208.00,"104,000.00"
2020-01-08,2020010801008606,NCCB,57,14,100,209.00,"20,900.00"
2020-01-08,2020010801008630,NGPL,55,10,911,110.00,"100,210.00"
2020-01-08,2020010801008629,NGPL,41,10,500,110.00,"55,000.00"
2020-01-08,2020010801008628,NGPL,51,10,589,110.00,"64,790.00"
2020-01-08,2020010801008991,NIB,19,57,190,400.00,"76,000.00"
2020-01-08,2020010801008990,NIB,55,57,30,400.00,"12,000.00"
2020-01-08,2020010801008989,NIB,21,57,100,400.00,"40,000.00"
2020-01-08,2020010801008988,NIB,35,57,100,400.00,"40,000.00"
2020-01-08,2020010801008987,NIB,5,57,30,400.00,"12,000.00"
2020-01-08,2020010801008986,NIB,41,57,50,400.00,"20,000.00"
2020-01-08,2020010801008631,NIB,51,57,44,401.00,"17,644.00"
2020-01-08,2020010801008567,NIB,51,57,44,401.00,"17,644.00"
2020-01-08,2020010801008809,NIB,46,3,100,400.00,"40,000.00"
2020-01-08,2020010801008808,NIB,57,3,60,400.00,"24,000.00"
2020-01-08,2020010801008807,NIB,58,3,57,400.00,"22,800.00"
2020-01-08,2020010801008806,NIB,37,3,80,400.00,"32,000.00"
2020-01-08,2020010801008644,NIB,58,33,43,400.00,"17,200.00"
2020-01-08,2020010801008643,NIB,3,33,57,400.00,"22,800.00"
2020-01-08,2020010801009031,NIBPO,28,38,275,375.00,"103,125.00"
2020-01-08,2020010801009025,NIBPO,28,38,400,375.00,"150,000.00"
2020-01-08,2020010801009019,NIBPO,28,38,600,375.00,"225,000.00"
2020-01-08,2020010801009010,NIBPO,28,38,710,375.00,"266,250.00"
2020-01-08,2020010801009009,NIBPO,45,38,20,376.00,"7,520.00"
2020-01-08,2020010801009008,NIBPO,28,38,300,376.00,"112,800.00"
2020-01-08,2020010801009007,NIBPO,40,38,200,376.00,"75,200.00"
2020-01-08,2020010801008592,NIBSF1,16,26,"10,000",8.60,"86,000.00"
2020-01-08,2020010801008973,NICA,46,45,16,435.00,"6,960.00"
2020-01-08,2020010801008959,NICA,5,59,259,434.00,"112,406.00"
2020-01-08,2020010801008855,NICA,42,59,100,434.00,"43,400.00"
2020-01-08,2020010801008827,NICA,46,59,31,434.00,"13,454.00"
2020-01-08,2020010801008818,NICA,46,52,200,433.00,"86,600.00"
2020-01-08,2020010801008817,NICA,46,52,134,433.00,"58,022.00"
2020-01-08,2020010801008543,NICA,58,49,"1,000",432.00,"432,000.00"
2020-01-08,2020010801008542,NICA,47,49,45,432.00,"19,440.00"
2020-01-08,2020010801008541,NICA,58,49,"1,000",432.00,"432,000.00"
2020-01-08,2020010801008540,NICA,4,49,200,432.00,"86,400.00"
2020-01-08,2020010801008816,NICA,46,34,585,433.00,"253,305.00"
2020-01-08,2020010801008717,NICA,56,34,200,433.00,"86,600.00"
2020-01-08,2020010801008649,NICA,50,34,215,433.00,"93,095.00"
2020-01-08,2020010801008648,NICA,50,34,285,433.00,"123,405.00"
2020-01-08,2020010801008545,NICA,43,49,255,432.00,"110,160.00"
2020-01-08,2020010801008544,NICA,57,49,500,432.00,"216,000.00"
2020-01-08,2020010801008976,NICL,46,34,189,317.00,"59,913.00"
2020-01-08,2020010801008953,NICL,44,59,200,316.00,"63,200.00"
2020-01-08,2020010801008654,NICL,44,19,300,316.00,"94,800.00"
2020-01-08,2020010801008553,NICL,44,25,45,316.00,"14,220.00"
2020-01-08,2020010801008547,NICL,44,25,21,316.00,"6,636.00"
2020-01-08,2020010801009034,NIL,49,52,80,402.00,"32,160.00"
2020-01-08,2020010801008813,NIL,55,38,600,400.00,"240,000.00"
2020-01-08,2020010801008770,NIL,55,51,"1,000",400.00,"400,000.00"
2020-01-08,2020010801008570,NIL,55,33,391,400.00,"156,400.00"
2020-01-08,2020010801008569,NIL,1,33,200,400.00,"80,000.00"
2020-01-08,2020010801008568,NIL,46,33,209,400.00,"83,600.00"
2020-01-08,2020010801008846,NLBBL,26,42,90,552.00,"49,680.00"
2020-01-08,2020010801008690,NLBBL,26,33,235,552.00,"129,720.00"
2020-01-08,2020010801008689,NLBBL,59,33,100,553.00,"55,300.00"
2020-01-08,2020010801008688,NLBBL,59,33,100,554.00,"55,400.00"
2020-01-08,2020010801008687,NLBBL,59,33,100,555.00,"55,500.00"
2020-01-08,2020010801008627,NLG,33,52,130,606.00,"78,780.00"
2020-01-08,2020010801008626,NLG,35,52,50,606.00,"30,300.00"
2020-01-08,2020010801009005,NLIC,42,7,100,961.00,"96,100.00"
2020-01-08,2020010801009004,NLIC,20,7,15,961.00,"14,415.00"
2020-01-08,2020010801008985,NLIC,20,38,185,961.00,"177,785.00"
2020-01-08,2020010801008984,NLIC,26,38,20,961.00,"19,220.00"
2020-01-08,2020010801008983,NLIC,16,38,105,961.00,"100,905.00"
2020-01-08,2020010801008948,NLIC,16,34,30,961.00,"28,830.00"
2020-01-08,2020010801008750,NLIC,50,26,100,963.00,"96,300.00"
2020-01-08,2020010801008726,NLIC,34,26,56,963.00,"53,928.00"
2020-01-08,2020010801008673,NLIC,6,6,4,963.00,"3,852.00"
2020-01-08,2020010801008536,NLIC,45,45,22,964.00,"21,208.00"
2020-01-08,2020010801008893,NLIC,49,44,800,962.00,"769,600.00"
2020-01-08,2020010801008850,NLIC,49,44,100,962.00,"96,200.00"
2020-01-08,2020010801008826,NLIC,16,5,15,961.00,"14,415.00"
2020-01-08,2020010801008825,NLIC,8,5,47,961.00,"45,167.00"
2020-01-08,2020010801008824,NLIC,8,19,200,961.00,"192,200.00"
2020-01-08,2020010801008799,NLIC,56,44,100,962.00,"96,200.00"
2020-01-08,2020010801008980,NLICL,50,21,20,491.00,"9,820.00"
2020-01-08,2020010801008926,NMB,44,56,64,336.00,"21,504.00"
2020-01-08,2020010801008896,NMB,46,40,12,338.00,"4,056.00"
2020-01-08,2020010801008895,NMB,46,38,100,337.00,"33,700.00"
2020-01-08,2020010801008837,NMB,44,4,350,336.00,"117,600.00"
2020-01-08,2020010801008591,NMB,44,28,100,336.00,"33,600.00"
2020-01-08,2020010801008582,NMB,56,4,10,337.00,"3,370.00"
2020-01-08,2020010801008546,NMB,58,4,70,337.00,"23,590.00"
2020-01-08,2020010801008933,NMBMF,1,55,50,643.00,"32,150.00"
2020-01-08,2020010801008823,NMBMF,59,48,20,654.00,"13,080.00"
2020-01-08,2020010801008822,NMBMF,59,59,180,653.00,"117,540.00"
2020-01-08,2020010801008815,NMBMF,52,48,20,643.00,"12,860.00"
2020-01-08,2020010801008685,NMFBS,33,38,41,"1,279.00","52,439.00"
2020-01-08,2020010801008684,NMFBS,34,38,74,"1,280.00","94,720.00"
2020-01-08,2020010801008683,NMFBS,16,38,100,"1,281.00","128,100.00"
2020-01-08,2020010801009023,NNLB,38,44,15,554.00,"8,310.00"
2020-01-08,2020010801008551,NNLB,5,39,35,553.00,"19,355.00"
2020-01-08,2020010801009033,NSEWA,34,52,10,535.00,"5,350.00"
2020-01-08,2020010801008749,NSEWA,34,6,10,535.00,"5,350.00"
2020-01-08,2020010801008944,NUBL,4,58,168,860.00,"144,480.00"
2020-01-08,2020010801008920,OHL,1,44,50,466.00,"23,300.00"
2020-01-08,2020010801008919,OHL,40,44,162,466.00,"75,492.00"
2020-01-08,2020010801008828,OHL,40,16,136,466.00,"63,376.00"
2020-01-08,2020010801008958,PCBL,38,57,36,248.00,"8,928.00"
2020-01-08,2020010801008739,PCBL,38,46,500,248.00,"124,000.00"
2020-01-08,2020010801008736,PIC,41,42,34,416.00,"14,144.00"
2020-01-08,2020010801008957,PICL,14,14,100,452.00,"45,200.00"
2020-01-08,2020010801008956,PICL,57,14,100,452.00,"45,200.00"
2020-01-08,2020010801008943,PLIC,6,56,42,375.00,"15,750.00"
2020-01-08,2020010801008909,PLIC,6,47,927,375.00,"347,625.00"
2020-01-08,2020010801008908,PLIC,57,47,178,375.00,"66,750.00"
2020-01-08,2020010801008798,PPCL,11,21,100,117.00,"11,700.00"
2020-01-08,2020010801008797,PPCL,11,34,10,117.00,"1,170.00"
2020-01-08,2020010801008796,PPCL,11,6,10,117.00,"1,170.00"
2020-01-08,2020010801008776,PPCL,11,5,10,116.00,"1,160.00"
2020-01-08,2020010801008775,PPCL,11,45,20,116.00,"2,320.00"
2020-01-08,2020010801008774,PPCL,11,54,40,116.00,"4,640.00"
2020-01-08,2020010801008773,PPCL,11,41,30,116.00,"3,480.00"
2020-01-08,2020010801008772,PPCL,11,17,30,116.00,"3,480.00"
2020-01-08,2020010801008845,PRIN,49,28,100,339.00,"33,900.00"
2020-01-08,2020010801008605,PRIN,49,52,200,339.00,"67,800.00"
2020-01-08,2020010801008599,PRIN,49,50,100,339.00,"33,900.00"
2020-01-08,2020010801009001,PRVU,28,48,"1,500",234.00,"351,000.00"
2020-01-08,2020010801008966,PRVU,43,38,163,233.00,"37,979.00"
2020-01-08,2020010801008965,PRVU,59,38,123,233.00,"28,659.00"
2020-01-08,2020010801008964,PRVU,37,38,100,233.00,"23,300.00"
2020-01-08,2020010801008963,PRVU,43,38,614,233.00,"143,062.00"
2020-01-08,2020010801008539,PRVU,43,10,320,233.00,"74,560.00"
2020-01-08,2020010801008691,PRVU,56,48,200,234.00,"46,800.00"
2020-01-08,2020010801008652,PRVU,52,48,95,234.00,"22,230.00"
2020-01-08,2020010801008651,PRVU,52,39,105,234.00,"24,570.00"
2020-01-08,2020010801008560,PRVU,41,39,100,234.00,"23,400.00"
2020-01-08,2020010801008645,RHPL,54,57,40,169.00,"6,760.00"
2020-01-08,2020010801009012,RLFL,39,34,370,113.00,"41,810.00"
2020-01-08,2020010801008760,RLFL,34,52,87,111.00,"9,657.00"
2020-01-08,2020010801008981,RSDC,58,32,80,347.00,"27,760.00"
2020-01-08,2020010801008935,SABSL,22,55,20,651.00,"13,020.00"
2020-01-08,2020010801008934,SABSL,1,55,10,651.00,"6,510.00"
2020-01-08,2020010801008842,SABSL,1,13,90,651.00,"58,590.00"
2020-01-08,2020010801008841,SABSL,1,13,50,651.00,"32,550.00"
2020-01-08,2020010801008840,SABSL,57,13,20,652.00,"13,040.00"
2020-01-08,2020010801008733,SABSL,28,38,10,655.00,"6,550.00"
2020-01-08,2020010801008669,SABSL,48,38,140,655.00,"91,700.00"
2020-01-08,2020010801008663,SABSL,48,34,10,655.00,"6,550.00"
2020-01-08,2020010801008650,SABSL,50,44,10,656.00,"6,560.00"
2020-01-08,2020010801008633,SABSL,50,44,10,656.00,"6,560.00"
2020-01-08,2020010801008612,SABSL,50,39,10,656.00,"6,560.00"
2020-01-08,2020010801008604,SABSL,52,55,10,657.00,"6,570.00"
2020-01-08,2020010801008728,SADBL,4,35,"1,066",147.00,"156,702.00"
2020-01-08,2020010801008854,SANIMA,52,28,32,328.00,"10,496.00"
2020-01-08,2020010801008853,SANIMA,54,28,68,328.00,"22,304.00"
2020-01-08,2020010801009027,SAPDBL,4,47,50,133.00,"6,650.00"
2020-01-08,2020010801008967,SAPDBL,4,28,500,133.00,"66,500.00"
2020-01-08,2020010801008819,SBI,58,45,500,387.00,"193,500.00"
2020-01-08,2020010801008894,SBL,42,57,100,305.00,"30,500.00"
2020-01-08,2020010801009000,SCB,43,33,80,573.00,"45,840.00"
2020-01-08,2020010801008999,SCB,52,33,20,573.00,"11,460.00"
2020-01-08,2020010801008947,SDESI,25,7,20,679.00,"13,580.00"
2020-01-08,2020010801008598,SDESI,56,38,278,673.00,"187,094.00"
2020-01-08,2020010801008597,SDESI,58,38,22,674.00,"14,828.00"
2020-01-08,2020010801008848,SHINE,57,57,100,240.00,"24,000.00"
2020-01-08,2020010801008814,SHINE,42,57,100,240.00,"24,000.00"
2020-01-08,2020010801009002,SHIVM,41,14,20,478.00,"9,560.00"
2020-01-08,2020010801008856,SHIVM,26,4,80,479.00,"38,320.00"
2020-01-08,2020010801008821,SHIVM,50,19,10,477.00,"4,770.00"
2020-01-08,2020010801008727,SHIVM,5,26,500,478.00,"239,000.00"
2020-01-08,2020010801008992,SHPC,1,16,50,179.00,"8,950.00"
2020-01-08,2020010801008871,SHPC,41,47,100,178.00,"17,800.00"
2020-01-08,2020010801008869,SIFC,34,28,200,141.00,"28,200.00"
2020-01-08,2020010801008758,SIL,21,44,300,426.00,"127,800.00"
2020-01-08,2020010801008757,SIL,5,44,100,428.00,"42,800.00"
2020-01-08,2020010801008609,SIL,22,42,20,429.00,"8,580.00"
2020-01-08,2020010801008761,SJCL,32,51,32,161.00,"5,152.00"
2020-01-08,2020010801008653,SJCL,4,57,20,160.00,"3,200.00"
2020-01-08,2020010801008996,SLBBL,58,20,100,647.00,"64,700.00"
2020-01-08,2020010801008995,SLBBL,58,54,150,646.00,"96,900.00"
2020-01-08,2020010801008624,SLBBL,14,42,90,638.00,"57,420.00"
2020-01-08,2020010801008623,SLBBL,52,42,10,639.00,"6,390.00"
2020-01-08,2020010801008642,SLBSL,25,25,155,641.00,"99,355.00"
2020-01-08,2020010801008811,SLICL,17,19,50,309.00,"15,450.00"
2020-01-08,2020010801008671,SMFBS,6,34,10,"1,055.00","10,550.00"
2020-01-08,2020010801008608,SMFBS,34,34,164,"1,055.00","173,020.00"
2020-01-08,2020010801008607,SMFBS,34,57,10,"1,054.00","10,540.00"
2020-01-08,2020010801008552,SMFBS,6,34,40,"1,055.00","42,200.00"
2020-01-08,2020010801008603,SMFDB,37,14,27,624.00,"16,848.00"
2020-01-08,2020010801008566,SMFDB,37,55,123,620.00,"76,260.00"
2020-01-08,2020010801008563,SMFDB,37,14,50,620.00,"31,000.00"
2020-01-08,2020010801008952,SRBL,38,43,42,228.00,"9,576.00"
2020-01-08,2020010801008951,SRBL,52,43,100,228.00,"22,800.00"
2020-01-08,2020010801008950,SRBL,43,43,"1,000",228.00,"228,000.00"
2020-01-08,2020010801008949,SRBL,6,43,858,228.00,"195,624.00"
2020-01-08,2020010801008942,SRBL,6,50,142,228.00,"32,376.00"
2020-01-08,2020010801008941,SRBL,45,50,28,229.00,"6,412.00"
2020-01-08,2020010801008589,SRBL,45,25,100,229.00,"22,900.00"
2020-01-08,2020010801008583,SRBL,45,45,38,229.00,"8,702.00"
2020-01-08,2020010801008571,SRBL,45,17,38,230.00,"8,740.00"
2020-01-08,2020010801008620,STC,59,16,19,"1,951.00","37,069.00"
2020-01-08,2020010801008779,SWBBL,46,17,127,908.00,"115,316.00"
2020-01-08,2020010801008778,SWBBL,22,17,63,908.00,"57,204.00"
2020-01-08,2020010801008777,SWBBL,11,17,10,910.00,"9,100.00"
2020-01-08,2020010801008925,TMDBL,29,59,200,161.00,"32,200.00"
2020-01-08,2020010801009013,UIC,14,13,400,295.00,"118,000.00"
2020-01-08,2020010801008910,UIC,6,58,160,296.00,"47,360.00"
2020-01-08,2020010801008843,UPCL,11,57,385,73.00,"28,105.00"
2020-01-08,2020010801008759,UPPER,44,6,40,238.00,"9,520.00"
2020-01-08,2020010801008716,UPPER,44,57,50,238.00,"11,900.00"
2020-01-08,2020010801008659,UPPER,44,6,40,238.00,"9,520.00"
2020-01-08,2020010801008548,UPPER,42,45,200,239.00,"47,800.00"
2020-01-08,2020010801008538,UPPER,44,5,50,238.00,"11,900.00"
2020-01-08,2020010801008812,VLBS,42,25,20,740.00,"14,800.00"
2020-01-08,2020010801008955,WOMI,41,41,67,890.00,"59,630.00"
2020-01-08,2020010801008836,WOMI,28,40,119,895.00,"106,505.00"
2020-01-08,2020010801008835,WOMI,28,58,100,895.00,"89,500.00"
2020-01-08,2020010801008834,WOMI,28,34,231,895.00,"206,745.00"
2020-01-08,2020010801008833,WOMI,28,58,100,895.00,"89,500.00"
2020-01-08,2020010801008832,WOMI,28,26,50,895.00,"44,750.00"
2020-01-08,2020010801008622,WOMI,43,34,216,890.00,"192,240.00"
2020-01-08,2020010801008404,AKPL,45,5,13,116.00,"1,508.00"
2020-01-08,2020010801008403,AKPL,45,38,"1,095",116.00,"127,020.00"
2020-01-08,2020010801008402,AKPL,45,21,100,116.00,"11,600.00"
2020-01-08,2020010801008359,ALBSL,13,41,190,555.00,"105,450.00"
2020-01-08,2020010801008358,ALBSL,13,38,170,555.00,"94,350.00"
2020-01-08,2020010801008338,ALBSL,13,21,250,550.00,"137,500.00"
2020-01-08,2020010801008306,ALBSL,25,34,10,544.00,"5,440.00"
2020-01-08,2020010801008525,ALICL,16,34,"1,886",381.00,"718,566.00"
2020-01-08,2020010801008524,ALICL,36,34,114,382.00,"43,548.00"
2020-01-08,2020010801008351,ALICL,36,55,200,382.00,"76,400.00"
2020-01-08,2020010801008310,ALICL,36,7,100,382.00,"38,200.00"
2020-01-08,2020010801008302,API,43,26,150,111.00,"16,650.00"
2020-01-08,2020010801008285,API,43,38,275,111.00,"30,525.00"
2020-01-08,2020010801008284,API,43,38,150,111.00,"16,650.00"
2020-01-08,2020010801008283,API,40,38,380,111.00,"42,180.00"
2020-01-08,2020010801008282,API,41,38,495,111.00,"54,945.00"
2020-01-08,2020010801008244,API,45,13,29,112.00,"3,248.00"
2020-01-08,2020010801008239,API,41,45,29,111.00,"3,219.00"
2020-01-08,2020010801008462,BOKL,16,32,76,224.00,"17,024.00"
2020-01-08,2020010801008461,BOKL,16,32,30,224.00,"6,720.00"
2020-01-08,2020010801008444,BOKL,16,49,470,224.00,"105,280.00"
2020-01-08,2020010801008443,BOKL,6,49,"1,000",224.00,"224,000.00"
2020-01-08,2020010801008165,BOKL,50,7,20,225.00,"4,500.00"
2020-01-08,2020010801008084,BOKL,50,14,100,225.00,"22,500.00"
2020-01-08,2020010801008442,BOKL,55,49,200,224.00,"44,800.00"
2020-01-08,2020010801008441,BOKL,43,49,300,224.00,"67,200.00"
2020-01-08,2020010801008440,BOKL,11,49,30,225.00,"6,750.00"
2020-01-08,2020010801008378,BOKL,11,28,70,225.00,"15,750.00"
2020-01-08,2020010801008377,BOKL,50,28,130,225.00,"29,250.00"
2020-01-08,2020010801008452,BPCL,52,32,81,307.00,"24,867.00"
2020-01-08,2020010801008451,BPCL,21,32,19,308.00,"5,852.00"
2020-01-08,2020010801008531,CBBL,4,52,10,840.00,"8,400.00"
2020-01-08,2020010801008485,CBBL,4,32,40,840.00,"33,600.00"
2020-01-08,2020010801008183,CBBL,34,34,236,839.00,"198,004.00"
2020-01-08,2020010801008134,CBBL,34,21,40,839.00,"33,560.00"
2020-01-08,2020010801008513,CBL,42,45,"1,636",136.00,"222,496.00"
2020-01-08,2020010801008512,CBL,34,45,50,136.00,"6,800.00"
2020-01-08,2020010801008511,CBL,28,45,"1,964",136.00,"267,104.00"
2020-01-08,2020010801008336,CBL,11,42,100,137.00,"13,700.00"
2020-01-08,2020010801008276,CCBL,56,49,500,169.00,"84,500.00"
2020-01-08,2020010801008243,CCBL,29,42,229,170.00,"38,930.00"
2020-01-08,2020010801008145,CCBL,29,5,371,170.00,"63,070.00"
2020-01-08,2020010801008144,CCBL,45,5,129,170.00,"21,930.00"
2020-01-08,2020010801008133,CCBL,45,32,150,170.00,"25,500.00"
2020-01-08,2020010801008132,CCBL,56,32,350,170.00,"59,500.00"
2020-01-08,2020010801008056,CCBL,56,7,100,170.00,"17,000.00"
2020-01-08,2020010801008415,CEFL,34,22,790,101.00,"79,790.00"
2020-01-08,2020010801008414,CEFL,34,22,10,101.00,"1,010.00"
2020-01-08,2020010801008535,CIT,4,56,25,"2,091.00","52,275.00"
2020-01-08,2020010801008534,CIT,33,56,25,"2,092.00","52,300.00"
2020-01-08,2020010801008533,CIT,22,56,10,"2,095.00","20,950.00"
2020-01-08,2020010801008466,CIT,19,1,25,"2,097.00","52,425.00"
2020-01-08,2020010801008198,CIT,19,32,20,"2,098.00","41,960.00"
2020-01-08,2020010801008184,CMF1,34,13,"14,400",9.45,"136,080.00"
2020-01-08,2020010801008501,CZBIL,55,42,203,194.00,"39,382.00"
2020-01-08,2020010801008500,CZBIL,40,42,797,194.00,"154,618.00"
2020-01-08,2020010801008387,CZBIL,11,7,50,195.00,"9,750.00"
2020-01-08,2020010801008372,CZBIL,40,45,203,194.00,"39,382.00"
2020-01-08,2020010801008371,CZBIL,21,45,300,194.00,"58,200.00"
2020-01-08,2020010801008370,CZBIL,56,45,100,194.00,"19,400.00"
2020-01-08,2020010801008369,CZBIL,42,45,100,194.00,"19,400.00"
2020-01-08,2020010801008368,CZBIL,52,45,150,194.00,"29,100.00"
2020-01-08,2020010801008367,CZBIL,43,45,237,194.00,"45,978.00"
2020-01-08,2020010801008309,CZBIL,43,26,13,194.00,"2,522.00"
2020-01-08,2020010801008412,DDBL,19,41,100,940.00,"94,000.00"
2020-01-08,2020010801008411,DDBL,48,41,26,940.00,"24,440.00"
2020-01-08,2020010801008410,DDBL,57,41,50,940.00,"47,000.00"
2020-01-08,2020010801008409,DDBL,19,41,200,940.00,"188,000.00"
2020-01-08,2020010801008408,DDBL,34,41,24,940.00,"22,560.00"
2020-01-08,2020010801008407,DDBL,42,41,100,941.00,"94,100.00"
2020-01-08,2020010801008291,DDBL,33,16,26,941.00,"24,466.00"
2020-01-08,2020010801008232,DDBL,33,29,74,941.00,"69,634.00"
2020-01-08,2020010801008231,DDBL,16,29,66,941.00,"62,106.00"
2020-01-08,2020010801008149,DDBL,16,41,34,941.00,"31,994.00"
2020-01-08,2020010801008148,DDBL,32,41,100,941.00,"94,100.00"
2020-01-08,2020010801008147,DDBL,19,41,86,941.00,"80,926.00"
2020-01-08,2020010801008436,EBL,25,14,30,586.00,"17,580.00"
2020-01-08,2020010801008303,EBL,58,38,320,587.00,"187,840.00"
2020-01-08,2020010801008300,EBL,42,11,100,588.00,"58,800.00"
2020-01-08,2020010801008211,EBL,58,48,100,587.00,"58,700.00"
2020-01-08,2020010801008164,EBL,26,16,200,589.00,"117,800.00"
2020-01-08,2020010801008138,EBL,26,16,15,589.00,"8,835.00"
2020-01-08,2020010801008137,EBL,26,18,100,589.00,"58,900.00"
2020-01-08,2020010801008136,EBL,26,56,85,588.00,"49,980.00"
2020-01-08,2020010801008128,EBL,58,56,73,587.00,"42,851.00"
2020-01-08,2020010801008127,EBL,14,56,10,587.00,"5,870.00"
2020-01-08,2020010801008126,EBL,1,56,17,587.00,"9,979.00"
2020-01-08,2020010801008456,EIC,42,54,50,273.00,"13,650.00"
2020-01-08,2020010801008455,EIC,20,54,100,273.00,"27,300.00"
2020-01-08,2020010801008288,EIC,20,42,30,274.00,"8,220.00"
2020-01-08,2020010801008261,EIC,22,42,10,274.00,"2,740.00"
2020-01-08,2020010801008162,FMDBL,45,42,100,345.00,"34,500.00"
2020-01-08,2020010801008161,FMDBL,50,42,"1,000",345.00,"345,000.00"
2020-01-08,2020010801008160,FMDBL,29,42,200,345.00,"69,000.00"
2020-01-08,2020010801008159,FMDBL,21,42,10,345.00,"3,450.00"
2020-01-08,2020010801008158,FMDBL,11,42,15,345.00,"5,175.00"
2020-01-08,2020010801008157,FMDBL,14,42,100,345.00,"34,500.00"
2020-01-08,2020010801008078,FMDBL,42,56,689,347.00,"239,083.00"
2020-01-08,2020010801008156,FMDBL,14,42,139,345.00,"47,955.00"
2020-01-08,2020010801008083,FMDBL,14,56,61,345.00,"21,045.00"
2020-01-08,2020010801008082,FMDBL,41,56,160,346.00,"55,360.00"
2020-01-08,2020010801008081,FMDBL,38,56,"1,000",346.00,"346,000.00"
2020-01-08,2020010801008080,FMDBL,28,56,100,346.00,"34,600.00"
2020-01-08,2020010801008079,FMDBL,42,56,500,346.00,"173,000.00"
2020-01-08,2020010801008465,FOWAD,33,6,19,"1,109.00","21,071.00"
2020-01-08,2020010801008356,FOWAD,33,6,100,"1,115.00","111,500.00"
2020-01-08,2020010801008401,GBBL,55,57,100,213.00,"21,300.00"
2020-01-08,2020010801008400,GBBL,56,57,200,213.00,"42,600.00"
2020-01-08,2020010801008399,GBBL,1,57,100,213.00,"21,300.00"
2020-01-08,2020010801008469,GBLBS,52,54,10,352.00,"3,520.00"
2020-01-08,2020010801008463,GBLBS,52,45,200,352.00,"70,400.00"
2020-01-08,2020010801008252,GBLBS,52,6,15,351.00,"5,265.00"
2020-01-08,2020010801008230,GBLBS,7,7,200,352.00,"70,400.00"
2020-01-08,2020010801008215,GBLBS,28,7,100,352.00,"35,200.00"
2020-01-08,2020010801008214,GBLBS,1,7,200,352.00,"70,400.00"
2020-01-08,2020010801008213,GBLBS,51,7,700,352.00,"246,400.00"
2020-01-08,2020010801008205,GBLBS,51,42,300,352.00,"105,600.00"
2020-01-08,2020010801008204,GBLBS,57,42,200,352.00,"70,400.00"
