Date,Transact. No.,Symbol,Buyer,Seller,Quantity,Rate,Amount
2019-04-07,2019040701007391,ADBL,5,55,310,309.00,"95,790.00"
2019-04-07,2019040701007390,ADBL,5,55,150,309.00,"46,350.00"
2019-04-07,2019040701007389,ADBL,5,19,40,309.00,"12,360.00"
2019-04-07,2019040701007339,ADBL,5,19,100,308.00,"30,800.00"
2019-04-07,2019040701007105,ADBL,19,58,100,307.00,"30,700.00"
2019-04-07,2019040701007444,AHPC,6,17,42,104.00,"4,368.00"
2019-04-07,2019040701007263,AHPC,7,7,"1,934",102.00,"197,268.00"
2019-04-07,2019040701007532,ALBSL,16,42,10,466.00,"4,660.00"
2019-04-07,2019040701007414,ALBSL,16,16,10,466.00,"4,660.00"
2019-04-07,2019040701007362,ALBSL,17,34,10,468.00,"4,680.00"
2019-04-07,2019040701007219,ALBSL,16,6,10,466.00,"4,660.00"
2019-04-07,2019040701007202,ALBSL,16,6,10,466.00,"4,660.00"
2019-04-07,2019040701007178,ALBSL,16,6,10,466.00,"4,660.00"
2019-04-07,2019040701007126,ALBSL,16,33,10,466.00,"4,660.00"
2019-04-07,2019040701007097,ALBSL,45,42,10,466.00,"4,660.00"
2019-04-07,2019040701007311,AMFI,48,14,10,635.00,"6,350.00"
2019-04-07,2019040701007049,AMFI,48,59,10,636.00,"6,360.00"
2019-04-07,2019040701007370,BHBL,42,59,666,173.00,"115,218.00"
2019-04-07,2019040701007369,BHBL,42,59,"1,500",173.00,"259,500.00"
2019-04-07,2019040701007368,BHBL,42,28,334,170.00,"56,780.00"
2019-04-07,2019040701007518,BOKL,25,22,26,261.00,"6,786.00"
2019-04-07,2019040701007517,BOKL,25,14,100,261.00,"26,100.00"
2019-04-07,2019040701007516,BOKL,25,34,874,261.00,"228,114.00"
2019-04-07,2019040701007458,BOKL,56,34,10,261.00,"2,610.00"
2019-04-07,2019040701007457,BOKL,56,35,50,260.00,"13,000.00"
2019-04-07,2019040701007413,BOKL,51,34,131,261.00,"34,191.00"
2019-04-07,2019040701007210,BOKL,34,45,10,260.00,"2,600.00"
2019-04-07,2019040701007209,BOKL,34,29,312,260.00,"81,120.00"
2019-04-07,2019040701007208,BOKL,34,54,500,260.00,"130,000.00"
2019-04-07,2019040701007207,BOKL,34,55,78,260.00,"20,280.00"
2019-04-07,2019040701007181,BOKL,34,55,"1,622",260.00,"421,720.00"
2019-04-07,2019040701007412,BOKL,51,11,69,261.00,"18,009.00"
2019-04-07,2019040701007394,BOKL,48,11,60,261.00,"15,660.00"
2019-04-07,2019040701007393,BOKL,48,51,15,260.00,"3,900.00"
2019-04-07,2019040701007363,BOKL,34,51,85,260.00,"22,100.00"
2019-04-07,2019040701007337,BOKL,34,34,15,260.00,"3,900.00"
2019-04-07,2019040701007211,BOKL,34,22,100,260.00,"26,000.00"
2019-04-07,2019040701007351,CBBL,41,39,400,895.00,"358,000.00"
2019-04-07,2019040701007350,CBBL,41,51,30,895.00,"26,850.00"
2019-04-07,2019040701007349,CBBL,41,58,10,895.00,"8,950.00"
2019-04-07,2019040701007348,CBBL,41,26,20,894.00,"17,880.00"
2019-04-07,2019040701007490,CBL,56,58,20,164.00,"3,280.00"
2019-04-07,2019040701007101,CBL,32,56,58,163.00,"9,454.00"
2019-04-07,2019040701007100,CBL,11,56,"1,657",163.00,"270,091.00"
2019-04-07,2019040701007036,CBL,11,1,115,163.00,"18,745.00"
2019-04-07,2019040701007104,CCBL,1,55,136,172.00,"23,392.00"
2019-04-07,2019040701007033,CCBL,1,55,64,172.00,"11,008.00"
2019-04-07,2019040701007161,CHCL,1,21,82,502.00,"41,164.00"
2019-04-07,2019040701007160,CHCL,44,21,50,502.00,"25,100.00"
2019-04-07,2019040701007159,CHCL,49,21,25,502.00,"12,550.00"
2019-04-07,2019040701007158,CHCL,44,21,50,502.00,"25,100.00"
2019-04-07,2019040701007421,CHLBS,56,5,190,480.00,"91,200.00"
2019-04-07,2019040701007420,CHLBS,35,5,40,480.00,"19,200.00"
2019-04-07,2019040701007419,CHLBS,14,5,10,484.00,"4,840.00"
2019-04-07,2019040701007277,CHLBS,38,5,10,485.00,"4,850.00"
2019-04-07,2019040701007264,CHLBS,48,38,10,484.00,"4,840.00"
2019-04-07,2019040701007200,CHLBS,1,5,20,485.00,"9,700.00"
2019-04-07,2019040701007199,CHLBS,56,5,200,485.00,"97,000.00"
2019-04-07,2019040701007198,CHLBS,48,5,30,486.00,"14,580.00"
2019-04-07,2019040701007187,CHLBS,48,33,10,486.00,"4,860.00"
2019-04-07,2019040701007170,CHLBS,48,33,10,486.00,"4,860.00"
2019-04-07,2019040701007135,CHLBS,14,33,10,487.00,"4,870.00"
2019-04-07,2019040701007110,CHLBS,14,38,10,487.00,"4,870.00"
2019-04-07,2019040701007149,CIT,49,1,100,"2,570.00","257,000.00"
2019-04-07,2019040701007148,CIT,29,1,80,"2,570.00","205,600.00"
2019-04-07,2019040701007147,CIT,41,1,100,"2,571.00","257,100.00"
2019-04-07,2019040701007092,CIT,1,40,10,"2,580.00","25,800.00"
2019-04-07,2019040701007089,CIT,32,25,56,"2,572.00","144,032.00"
2019-04-07,2019040701007088,CIT,25,25,20,"2,573.00","51,460.00"
2019-04-07,2019040701007087,CIT,34,25,50,"2,573.00","128,650.00"
2019-04-07,2019040701007086,CIT,41,25,50,"2,574.00","128,700.00"
2019-04-07,2019040701007085,CIT,19,25,15,"2,575.00","38,625.00"
2019-04-07,2019040701007084,CIT,5,25,20,"2,575.00","51,500.00"
2019-04-07,2019040701007526,CZBIL,39,55,10,220.00,"2,200.00"
2019-04-07,2019040701007453,CZBIL,17,47,79,222.00,"17,538.00"
2019-04-07,2019040701007376,CZBIL,19,47,110,223.00,"24,530.00"
2019-04-07,2019040701007354,CZBIL,19,13,90,223.00,"20,070.00"
2019-04-07,2019040701007237,CZBIL,17,34,120,222.00,"26,640.00"
2019-04-07,2019040701007116,CZBIL,17,25,40,222.00,"8,880.00"
2019-04-07,2019040701007038,CZBIL,17,21,261,222.00,"57,942.00"
2019-04-07,2019040701007496,DBBL,21,42,200,127.00,"25,400.00"
2019-04-07,2019040701007364,DBBL,21,42,400,127.00,"50,800.00"
2019-04-07,2019040701007217,DBBL,1,42,10,127.00,"1,270.00"
2019-04-07,2019040701007531,EBL,56,51,103,614.00,"63,242.00"
2019-04-07,2019040701007276,EBL,57,51,29,614.00,"17,806.00"
2019-04-07,2019040701007275,EBL,57,53,471,614.00,"289,194.00"
2019-04-07,2019040701007184,EBL,14,53,29,614.00,"17,806.00"
2019-04-07,2019040701007183,EBL,14,48,21,614.00,"12,894.00"
2019-04-07,2019040701007157,EBL,49,42,130,613.00,"79,690.00"
2019-04-07,2019040701007142,EBL,16,42,60,613.00,"36,780.00"
2019-04-07,2019040701007141,EBL,16,42,100,613.00,"61,300.00"
2019-04-07,2019040701007053,EBL,36,42,100,613.00,"61,300.00"
2019-04-07,2019040701007225,GBBL,45,44,556,195.00,"108,420.00"
2019-04-07,2019040701007224,GBBL,45,29,750,195.00,"146,250.00"
2019-04-07,2019040701007223,GBBL,45,6,30,195.00,"5,850.00"
2019-04-07,2019040701007222,GBBL,45,59,250,195.00,"48,750.00"
2019-04-07,2019040701007221,GBBL,45,41,120,195.00,"23,400.00"
2019-04-07,2019040701007510,GBIME,58,29,65,278.00,"18,070.00"
2019-04-07,2019040701007291,GBIME,21,39,100,277.00,"27,700.00"
2019-04-07,2019040701007425,GBLBS,17,49,10,441.00,"4,410.00"
2019-04-07,2019040701007424,GBLBS,17,49,10,441.00,"4,410.00"
2019-04-07,2019040701007037,GBLBS,55,42,10,438.00,"4,380.00"
2019-04-07,2019040701007447,GFCL,57,17,50,121.00,"6,050.00"
2019-04-07,2019040701007432,GLICL,56,56,200,500.00,"100,000.00"
2019-04-07,2019040701007398,GLICL,56,35,300,500.00,"150,000.00"
2019-04-07,2019040701007417,HBL,11,47,200,483.00,"96,600.00"
2019-04-07,2019040701007416,HBL,11,25,50,483.00,"24,150.00"
2019-04-07,2019040701007415,HBL,11,3,200,482.00,"96,400.00"
2019-04-07,2019040701007299,HBL,28,3,220,481.00,"105,820.00"
2019-04-07,2019040701007176,HBL,28,41,80,481.00,"38,480.00"
2019-04-07,2019040701007132,HPPL,45,42,10,188.00,"1,880.00"
2019-04-07,2019040701007131,HPPL,45,34,10,187.00,"1,870.00"
2019-04-07,2019040701007130,HPPL,45,29,10,187.00,"1,870.00"
2019-04-07,2019040701007071,HPPL,45,42,10,185.00,"1,850.00"
2019-04-07,2019040701007325,IGI,29,7,150,390.00,"58,500.00"
2019-04-07,2019040701007239,IGI,29,44,280,390.00,"109,200.00"
2019-04-07,2019040701007380,JBNL,14,22,50,184.00,"9,200.00"
2019-04-07,2019040701007379,JBNL,57,22,437,184.00,"80,408.00"
2019-04-07,2019040701007232,JBNL,57,56,63,184.00,"11,592.00"
2019-04-07,2019040701007231,JBNL,57,51,500,184.00,"92,000.00"
2019-04-07,2019040701007220,JBNL,38,26,900,184.00,"165,600.00"
2019-04-07,2019040701007069,JBNL,22,26,100,184.00,"18,400.00"
2019-04-07,2019040701007353,KADBL,25,7,90,151.00,"13,590.00"
2019-04-07,2019040701007352,KADBL,57,7,10,151.00,"1,510.00"
2019-04-07,2019040701007175,KBBL,49,32,"1,000",210.00,"210,000.00"
2019-04-07,2019040701007488,KBL,56,42,10,253.00,"2,530.00"
2019-04-07,2019040701007481,KBL,56,48,"2,000",253.00,"506,000.00"
2019-04-07,2019040701007480,KBL,56,48,"1,000",253.00,"253,000.00"
2019-04-07,2019040701007479,KBL,56,58,"1,000",253.00,"253,000.00"
2019-04-07,2019040701007478,KBL,56,41,100,253.00,"25,300.00"
2019-04-07,2019040701007477,KBL,56,13,106,252.00,"26,712.00"
2019-04-07,2019040701007282,KBL,56,22,100,250.00,"25,000.00"
2019-04-07,2019040701007240,KBL,28,51,182,249.00,"45,318.00"
2019-04-07,2019040701007470,KBL,56,53,480,251.00,"120,480.00"
2019-04-07,2019040701007300,KBL,28,57,36,249.00,"8,964.00"
2019-04-07,2019040701007286,KBL,56,53,10,251.00,"2,510.00"
2019-04-07,2019040701007285,KBL,56,42,100,250.00,"25,000.00"
2019-04-07,2019040701007284,KBL,56,17,140,250.00,"35,000.00"
2019-04-07,2019040701007283,KBL,56,33,"1,000",250.00,"250,000.00"
2019-04-07,2019040701007476,KBL,56,25,240,252.00,"60,480.00"
2019-04-07,2019040701007475,KBL,56,32,40,252.00,"10,080.00"
2019-04-07,2019040701007474,KBL,56,53,500,251.00,"125,500.00"
2019-04-07,2019040701007473,KBL,56,42,90,251.00,"22,590.00"
2019-04-07,2019040701007472,KBL,56,32,300,251.00,"75,300.00"
2019-04-07,2019040701007471,KBL,56,55,300,251.00,"75,300.00"
2019-04-07,2019040701007309,KMCDB,42,38,77,765.00,"58,905.00"
2019-04-07,2019040701007308,KMCDB,58,38,23,766.00,"17,618.00"
2019-04-07,2019040701007307,KMCDB,49,38,50,770.00,"38,500.00"
2019-04-07,2019040701007433,KSBBL,46,39,10,144.00,"1,440.00"
2019-04-07,2019040701007378,KSBBL,46,11,"1,450",142.00,"205,900.00"
2019-04-07,2019040701007342,KSBBL,46,39,11,144.00,"1,584.00"
2019-04-07,2019040701007341,KSBBL,46,17,189,143.00,"27,027.00"
2019-04-07,2019040701007492,LBBL,34,40,500,173.00,"86,500.00"
2019-04-07,2019040701007156,LBBL,17,40,500,171.00,"85,500.00"
2019-04-07,2019040701007155,LBBL,34,40,378,171.00,"64,638.00"
2019-04-07,2019040701007443,LBL,34,38,500,209.00,"104,500.00"
2019-04-07,2019040701007442,LBL,34,10,100,209.00,"20,900.00"
2019-04-07,2019040701007441,LBL,34,32,500,209.00,"104,500.00"
2019-04-07,2019040701007440,LBL,34,14,500,209.00,"104,500.00"
2019-04-07,2019040701007367,LBL,32,40,300,208.00,"62,400.00"
2019-04-07,2019040701007366,LBL,32,40,200,208.00,"41,600.00"
2019-04-07,2019040701007077,LBL,46,1,200,208.00,"41,600.00"
2019-04-07,2019040701007083,LBL,46,55,"1,220",208.00,"253,760.00"
2019-04-07,2019040701007082,LBL,46,41,774,208.00,"160,992.00"
2019-04-07,2019040701007081,LBL,46,17,156,208.00,"32,448.00"
2019-04-07,2019040701007080,LBL,46,34,50,208.00,"10,400.00"
2019-04-07,2019040701007079,LBL,46,17,500,208.00,"104,000.00"
2019-04-07,2019040701007078,LBL,46,28,100,208.00,"20,800.00"
2019-04-07,2019040701007253,LBL,32,19,80,208.00,"16,640.00"
2019-04-07,2019040701007252,LBL,50,19,120,208.00,"24,960.00"
2019-04-07,2019040701007251,LBL,50,55,80,208.00,"16,640.00"
2019-04-07,2019040701007169,LBL,58,55,500,208.00,"104,000.00"
2019-04-07,2019040701007165,LBL,55,55,200,208.00,"41,600.00"
2019-04-07,2019040701007127,LBL,36,55,"3,000",208.00,"624,000.00"
2019-04-07,2019040701007072,LGIL,32,45,162,505.00,"81,810.00"
2019-04-07,2019040701007250,LICN,34,1,20,"1,505.00","30,100.00"
2019-04-07,2019040701007387,LLBS,11,18,200,746.00,"149,200.00"
2019-04-07,2019040701007397,MBL,41,45,900,239.00,"215,100.00"
2019-04-07,2019040701007396,MBL,41,42,100,238.00,"23,800.00"
2019-04-07,2019040701007278,MBL,49,50,190,237.00,"45,030.00"
2019-04-07,2019040701007258,MBL,19,33,"1,000",236.00,"236,000.00"
2019-04-07,2019040701007483,MEGA,38,8,21,168.00,"3,528.00"
2019-04-07,2019040701007482,MEGA,14,8,76,169.00,"12,844.00"
2019-04-07,2019040701007439,MEGA,32,51,300,169.00,"50,700.00"
2019-04-07,2019040701007438,MEGA,32,8,400,169.00,"67,600.00"
2019-04-07,2019040701007268,MEGA,38,25,500,168.00,"84,000.00"
2019-04-07,2019040701007163,MEGA,37,8,100,169.00,"16,900.00"
2019-04-07,2019040701007162,MEGA,37,47,300,169.00,"50,700.00"
2019-04-07,2019040701007102,MLBL,33,32,100,174.00,"17,400.00"
2019-04-07,2019040701007213,MMFDB,47,40,50,900.00,"45,000.00"
2019-04-07,2019040701007502,MNBBL,38,1,200,352.00,"70,400.00"
2019-04-07,2019040701007462,MNBBL,29,1,250,352.00,"88,000.00"
2019-04-07,2019040701007329,MNBBL,17,52,200,350.00,"70,000.00"
2019-04-07,2019040701007279,MNBBL,32,1,50,352.00,"17,600.00"
2019-04-07,2019040701007230,MNBBL,17,48,21,350.00,"7,350.00"
2019-04-07,2019040701007229,MNBBL,11,48,20,350.00,"7,000.00"
2019-04-07,2019040701007152,MNBBL,45,52,100,353.00,"35,300.00"
2019-04-07,2019040701007486,NABIL,35,3,10,732.00,"7,320.00"
2019-04-07,2019040701007259,NABIL,8,3,500,729.00,"364,500.00"
2019-04-07,2019040701007145,NABIL,45,3,542,730.00,"395,660.00"
2019-04-07,2019040701007466,NABILP,44,39,"5,000",710.00,"3,550,000.00"
2019-04-07,2019040701007465,NABILP,44,39,374,711.00,"265,914.00"
2019-04-07,2019040701007464,NABILP,14,39,100,712.00,"71,200.00"
2019-04-07,2019040701007128,NADEP,58,1,10,655.00,"6,550.00"
2019-04-07,2019040701007511,NBB,36,4,10,212.00,"2,120.00"
2019-04-07,2019040701007388,NBB,6,57,58,211.00,"12,238.00"
2019-04-07,2019040701007318,NBB,6,48,318,211.00,"67,098.00"
2019-04-07,2019040701007317,NBB,26,48,200,211.00,"42,200.00"
2019-04-07,2019040701007316,NBB,1,48,930,211.00,"196,230.00"
2019-04-07,2019040701007310,NBB,35,4,"1,000",212.00,"212,000.00"
2019-04-07,2019040701007103,NBB,57,34,200,211.00,"42,200.00"
2019-04-07,2019040701007288,NBB,1,40,70,211.00,"14,770.00"
2019-04-07,2019040701007260,NBB,50,4,100,212.00,"21,200.00"
2019-04-07,2019040701007527,NBL,33,10,100,301.00,"30,100.00"
2019-04-07,2019040701007509,NBL,17,10,"1,799",301.00,"541,499.00"
2019-04-07,2019040701007487,NBL,17,37,"1,000",301.00,"301,000.00"
2019-04-07,2019040701007451,NBL,17,28,201,301.00,"60,501.00"
2019-04-07,2019040701007450,NBL,1,28,100,301.00,"30,100.00"
2019-04-07,2019040701007449,NBL,17,28,99,301.00,"29,799.00"
2019-04-07,2019040701007099,NBL,7,10,"1,000",301.00,"301,000.00"
2019-04-07,2019040701007035,NBL,35,10,200,301.00,"60,200.00"
2019-04-07,2019040701007301,NBL,17,40,70,301.00,"21,070.00"
2019-04-07,2019040701007295,NBL,17,53,31,301.00,"9,331.00"
2019-04-07,2019040701007294,NBL,17,10,"1,800",301.00,"541,800.00"
2019-04-07,2019040701007186,NBL,57,10,"1,000",301.00,"301,000.00"
2019-04-07,2019040701007144,NBL,32,43,628,300.00,"188,400.00"
2019-04-07,2019040701007143,NBL,58,43,172,300.00,"51,600.00"
2019-04-07,2019040701007501,NCCB,4,55,10,228.00,"2,280.00"
2019-04-07,2019040701007489,NCCB,56,56,"1,000",227.00,"227,000.00"
2019-04-07,2019040701007455,NCCB,49,32,500,227.00,"113,500.00"
2019-04-07,2019040701007435,NCCB,58,56,"1,850",226.00,"418,100.00"
2019-04-07,2019040701007434,NCCB,56,56,"3,150",226.00,"711,900.00"
2019-04-07,2019040701007346,NCCB,50,34,100,227.00,"22,700.00"
2019-04-07,2019040701007172,NCCB,42,58,300,227.00,"68,100.00"
2019-04-07,2019040701007345,NCCB,37,34,300,227.00,"68,100.00"
2019-04-07,2019040701007344,NCCB,16,34,100,227.00,"22,700.00"
2019-04-07,2019040701007254,NCCB,56,55,100,228.00,"22,800.00"
2019-04-07,2019040701007201,NCCB,46,57,800,227.00,"181,600.00"
2019-04-07,2019040701007179,NCCB,46,34,"1,300",227.00,"295,100.00"
2019-04-07,2019040701007173,NCCB,42,34,"4,700",227.00,"1,066,900.00"
2019-04-07,2019040701007381,NCDB,36,29,700,129.00,"90,300.00"
2019-04-07,2019040701007355,NCDB,36,40,70,129.00,"9,030.00"
2019-04-07,2019040701007262,NCDB,34,43,500,130.00,"65,000.00"
2019-04-07,2019040701007134,NCDB,34,49,662,131.00,"86,722.00"
2019-04-07,2019040701007306,NHPC,56,45,100,72.00,"7,200.00"
2019-04-07,2019040701007514,NIB,48,53,10,548.00,"5,480.00"
2019-04-07,2019040701007374,NIB,28,29,204,544.00,"110,976.00"
2019-04-07,2019040701007177,NIB,59,29,77,544.00,"41,888.00"
2019-04-07,2019040701007174,NIB,16,47,50,545.00,"27,250.00"
2019-04-07,2019040701007429,NIBPO,55,6,250,499.00,"124,750.00"
2019-04-07,2019040701007428,NIBPO,28,6,150,500.00,"75,000.00"
2019-04-07,2019040701007410,NIBPO,13,6,100,500.00,"50,000.00"
2019-04-07,2019040701007530,NICA,7,16,100,468.00,"46,800.00"
2019-04-07,2019040701007529,NICA,7,6,209,468.00,"97,812.00"
2019-04-07,2019040701007528,NICA,7,29,10,467.00,"4,670.00"
2019-04-07,2019040701007513,NICA,57,29,10,467.00,"4,670.00"
2019-04-07,2019040701007512,NICA,8,29,180,467.00,"84,060.00"
2019-04-07,2019040701007507,NICA,8,6,820,467.00,"382,940.00"
2019-04-07,2019040701007166,NICA,52,25,161,468.00,"75,348.00"
2019-04-07,2019040701007164,NICA,52,38,150,468.00,"70,200.00"
2019-04-07,2019040701007146,NICA,33,48,"1,000",469.00,"469,000.00"
2019-04-07,2019040701007070,NICA,45,48,40,469.00,"18,760.00"
2019-04-07,2019040701007321,NICA,25,8,250,469.00,"117,250.00"
2019-04-07,2019040701007298,NICA,34,8,50,469.00,"23,450.00"
2019-04-07,2019040701007242,NICA,43,48,648,469.00,"303,912.00"
2019-04-07,2019040701007214,NICA,43,48,"2,000",469.00,"938,000.00"
2019-04-07,2019040701007182,NICA,17,48,100,469.00,"46,900.00"
2019-04-07,2019040701007167,NICA,43,25,30,468.00,"14,040.00"
2019-04-07,2019040701007371,NICA,28,38,75,467.00,"35,025.00"
2019-04-07,2019040701007347,NICA,35,6,300,468.00,"140,400.00"
2019-04-07,2019040701007334,NICA,58,6,500,468.00,"234,000.00"
2019-04-07,2019040701007328,NICA,49,6,40,468.00,"18,720.00"
2019-04-07,2019040701007327,NICA,21,6,80,468.00,"37,440.00"
2019-04-07,2019040701007326,NICA,43,6,90,468.00,"42,120.00"
2019-04-07,2019040701007506,NICA,14,6,100,467.00,"46,700.00"
2019-04-07,2019040701007505,NICA,1,6,25,467.00,"11,675.00"
2019-04-07,2019040701007504,NICA,42,6,55,467.00,"25,685.00"
2019-04-07,2019040701007459,NICA,42,6,15,468.00,"7,020.00"
2019-04-07,2019040701007411,NICA,53,6,600,468.00,"280,800.00"
2019-04-07,2019040701007372,NICA,42,38,95,467.00,"44,365.00"
2019-04-07,2019040701007500,NICL,5,56,30,372.00,"11,160.00"
2019-04-07,2019040701007499,NICL,5,6,146,367.00,"53,582.00"
2019-04-07,2019040701007463,NICL,40,6,800,367.00,"293,600.00"
2019-04-07,2019040701007395,NICL,40,10,200,367.00,"73,400.00"
2019-04-07,2019040701007375,NICL,51,58,100,370.00,"37,000.00"
2019-04-07,2019040701007238,NIL,13,34,200,514.00,"102,800.00"
2019-04-07,2019040701007044,NIL,54,34,500,512.00,"256,000.00"
2019-04-07,2019040701007043,NIL,42,34,100,513.00,"51,300.00"
2019-04-07,2019040701007042,NIL,25,34,300,513.00,"153,900.00"
2019-04-07,2019040701007041,NIL,16,34,200,513.00,"102,600.00"
2019-04-07,2019040701007040,NIL,56,34,235,514.00,"120,790.00"
2019-04-07,2019040701007034,NIL,34,44,50,515.00,"25,750.00"
2019-04-07,2019040701007422,NLG,25,58,10,805.00,"8,050.00"
2019-04-07,2019040701007373,NLIC,28,36,100,"1,093.00","109,300.00"
2019-04-07,2019040701007269,NLIC,28,36,100,"1,093.00","109,300.00"
2019-04-07,2019040701007205,NLIC,40,38,24,"1,091.00","26,184.00"
2019-04-07,2019040701007095,NLIC,40,6,59,"1,091.00","64,369.00"
2019-04-07,2019040701007046,NLIC,40,19,17,"1,091.00","18,547.00"
2019-04-07,2019040701007333,NLICL,37,42,80,567.00,"45,360.00"
2019-04-07,2019040701007332,NLICL,46,42,100,568.00,"56,800.00"
2019-04-07,2019040701007331,NLICL,45,42,20,568.00,"11,360.00"
2019-04-07,2019040701007287,NLICL,45,34,80,568.00,"45,440.00"
2019-04-07,2019040701007236,NLICL,45,13,74,568.00,"42,032.00"
2019-04-07,2019040701007235,NLICL,32,13,200,569.00,"113,800.00"
2019-04-07,2019040701007171,NLICL,45,52,126,568.00,"71,568.00"
2019-04-07,2019040701007519,NMB,48,19,60,349.00,"20,940.00"
2019-04-07,2019040701007491,NMB,7,19,"1,000",349.00,"349,000.00"
2019-04-07,2019040701007385,NMB,32,8,100,349.00,"34,900.00"
2019-04-07,2019040701007302,NMB,7,44,500,349.00,"174,500.00"
2019-04-07,2019040701007296,NMB,33,44,200,349.00,"69,800.00"
2019-04-07,2019040701007293,NMB,50,44,100,349.00,"34,900.00"
2019-04-07,2019040701007109,NMB,19,44,10,350.00,"3,500.00"
2019-04-07,2019040701007098,NMB,21,45,59,348.00,"20,532.00"
2019-04-07,2019040701007090,NMB,26,34,50,349.00,"17,450.00"
2019-04-07,2019040701007255,NMB,57,44,200,349.00,"69,800.00"
2019-04-07,2019040701007234,NMB,42,39,10,350.00,"3,500.00"
2019-04-07,2019040701007233,NMB,42,44,390,350.00,"136,500.00"
2019-04-07,2019040701007212,NMB,21,49,100,348.00,"34,800.00"
2019-04-07,2019040701007185,NMB,21,17,28,348.00,"9,744.00"
2019-04-07,2019040701007138,NMB,57,57,12,349.00,"4,188.00"
2019-04-07,2019040701007521,NMBMF,51,6,50,985.00,"49,250.00"
2019-04-07,2019040701007520,NMBMF,17,6,20,990.00,"19,800.00"
2019-04-07,2019040701007320,NMBMF,46,42,35,"1,004.00","35,140.00"
2019-04-07,2019040701007319,NMBMF,46,56,50,"1,002.00","50,100.00"
2019-04-07,2019040701007195,NMBSF1,21,22,"2,000",10.35,"20,700.00"
2019-04-07,2019040701007194,NMBSF1,21,17,"1,000",10.35,"10,350.00"
2019-04-07,2019040701007343,NSEWA,17,14,10,489.00,"4,890.00"
2019-04-07,2019040701007112,NTC,19,51,100,684.00,"68,400.00"
2019-04-07,2019040701007122,NTC,19,7,50,685.00,"34,250.00"
2019-04-07,2019040701007115,NTC,19,51,100,684.00,"68,400.00"
2019-04-07,2019040701007114,NTC,19,51,100,684.00,"68,400.00"
2019-04-07,2019040701007113,NTC,19,51,100,684.00,"68,400.00"
2019-04-07,2019040701007365,NUBL,42,34,50,740.00,"37,000.00"
2019-04-07,2019040701007267,NUBL,46,38,13,735.00,"9,555.00"
2019-04-07,2019040701007266,NUBL,26,38,26,735.00,"19,110.00"
2019-04-07,2019040701007270,OHL,42,16,10,454.00,"4,540.00"
2019-04-07,2019040701007215,OHL,7,45,10,451.00,"4,510.00"
2019-04-07,2019040701007493,PCBL,44,28,"4,773",330.00,"1,575,090.00"
2019-04-07,2019040701007382,PCBL,44,19,227,330.00,"74,910.00"
2019-04-07,2019040701007045,PFL,6,6,39,131.00,"5,109.00"
2019-04-07,2019040701007297,PIC,48,52,11,"1,009.00","11,099.00"
2019-04-07,2019040701007281,PIC,19,28,218,"1,010.00","220,180.00"
2019-04-07,2019040701007133,PIC,19,19,108,"1,009.00","108,972.00"
2019-04-07,2019040701007051,PIC,48,42,11,"1,007.00","11,077.00"
2019-04-07,2019040701007123,PICL,34,58,10,690.00,"6,900.00"
2019-04-07,2019040701007206,PLIC,17,57,72,444.00,"31,968.00"
2019-04-07,2019040701007094,PLIC,29,57,200,444.00,"88,800.00"
2019-04-07,2019040701007111,PMHPL,6,59,10,110.00,"1,100.00"
2019-04-07,2019040701007106,PMHPL,38,59,10,110.00,"1,100.00"
2019-04-07,2019040701007096,PMHPL,49,38,10,109.00,"1,090.00"
2019-04-07,2019040701007076,PMHPL,49,6,10,109.00,"1,090.00"
2019-04-07,2019040701007193,PRIN,59,21,100,405.00,"40,500.00"
2019-04-07,2019040701007192,PRIN,51,21,200,407.00,"81,400.00"
2019-04-07,2019040701007052,PRIN,59,21,91,405.00,"36,855.00"
2019-04-07,2019040701007495,PRVU,39,50,320,251.00,"80,320.00"
2019-04-07,2019040701007494,PRVU,39,8,180,250.00,"45,000.00"
2019-04-07,2019040701007468,PRVU,32,8,100,250.00,"25,000.00"
2019-04-07,2019040701007467,PRVU,21,8,220,250.00,"55,000.00"
2019-04-07,2019040701007461,PRVU,21,39,210,250.00,"52,500.00"
2019-04-07,2019040701007445,PRVU,45,50,100,251.00,"25,100.00"
2019-04-07,2019040701007056,PRVU,5,58,361,250.00,"90,250.00"
2019-04-07,2019040701007055,PRVU,5,44,"2,000",249.00,"498,000.00"
2019-04-07,2019040701007062,PRVU,5,1,100,250.00,"25,000.00"
2019-04-07,2019040701007061,PRVU,5,47,200,250.00,"50,000.00"
2019-04-07,2019040701007060,PRVU,5,44,50,250.00,"12,500.00"
2019-04-07,2019040701007059,PRVU,5,42,280,250.00,"70,000.00"
2019-04-07,2019040701007058,PRVU,5,25,11,250.00,"2,750.00"
2019-04-07,2019040701007057,PRVU,5,46,78,250.00,"19,500.00"
2019-04-07,2019040701007068,PRVU,5,51,"1,250",252.00,"315,000.00"
2019-04-07,2019040701007067,PRVU,5,39,50,252.00,"12,600.00"
2019-04-07,2019040701007066,PRVU,5,53,"1,500",252.00,"378,000.00"
2019-04-07,2019040701007065,PRVU,5,47,100,251.00,"25,100.00"
2019-04-07,2019040701007064,PRVU,5,34,"3,000",251.00,"753,000.00"
2019-04-07,2019040701007063,PRVU,5,17,443,251.00,"111,193.00"
2019-04-07,2019040701007340,PRVU,21,1,200,250.00,"50,000.00"
2019-04-07,2019040701007336,PRVU,21,40,70,250.00,"17,500.00"
2019-04-07,2019040701007256,PRVU,21,1,300,251.00,"75,300.00"
2019-04-07,2019040701007091,PRVU,5,51,100,252.00,"25,200.00"
2019-04-07,2019040701007409,RADHI,54,6,20,175.00,"3,500.00"
2019-04-07,2019040701007408,RADHI,54,45,10,175.00,"1,750.00"
2019-04-07,2019040701007407,RADHI,54,37,143,175.00,"25,025.00"
2019-04-07,2019040701007406,RADHI,54,6,10,175.00,"1,750.00"
2019-04-07,2019040701007405,RADHI,54,42,11,175.00,"1,925.00"
2019-04-07,2019040701007404,RADHI,54,57,10,174.00,"1,740.00"
2019-04-07,2019040701007403,RADHI,54,17,11,174.00,"1,914.00"
2019-04-07,2019040701007402,RADHI,54,22,10,174.00,"1,740.00"
2019-04-07,2019040701007401,RADHI,54,13,11,174.00,"1,914.00"
2019-04-07,2019040701007400,RADHI,54,36,11,174.00,"1,914.00"
2019-04-07,2019040701007399,RADHI,54,21,11,173.00,"1,903.00"
2019-04-07,2019040701007280,RBCL,32,39,10,"9,052.00","90,520.00"
2019-04-07,2019040701007241,RBCL,32,51,20,"9,052.00","181,040.00"
2019-04-07,2019040701007515,SANIMA,49,48,10,323.00,"3,230.00"
2019-04-07,2019040701007497,SANIMA,58,48,20,323.00,"6,460.00"
2019-04-07,2019040701007456,SANIMA,41,14,112,319.00,"35,728.00"
2019-04-07,2019040701007437,SANIMA,32,14,500,319.00,"159,500.00"
2019-04-07,2019040701007436,SANIMA,52,14,378,319.00,"120,582.00"
2019-04-07,2019040701007377,SANIMA,58,14,10,322.00,"3,220.00"
2019-04-07,2019040701007073,SANIMA,52,21,100,320.00,"32,000.00"
2019-04-07,2019040701007357,SANIMA,52,57,102,319.00,"32,538.00"
2019-04-07,2019040701007356,SANIMA,32,57,11,320.00,"3,520.00"
2019-04-07,2019040701007292,SANIMA,32,58,88,320.00,"28,160.00"
2019-04-07,2019040701007228,SANIMA,54,58,"2,000",322.00,"644,000.00"
2019-04-07,2019040701007075,SANIMA,32,21,401,320.00,"128,320.00"
2019-04-07,2019040701007074,SANIMA,52,21,100,320.00,"32,000.00"
2019-04-07,2019040701007525,SBI,25,34,190,417.00,"79,230.00"
2019-04-07,2019040701007524,SBI,25,52,115,415.00,"47,725.00"
2019-04-07,2019040701007469,SBI,16,6,300,409.00,"122,700.00"
2019-04-07,2019040701007448,SBI,16,58,50,411.00,"20,550.00"
2019-04-07,2019040701007446,SBI,16,6,500,409.00,"204,500.00"
2019-04-07,2019040701007392,SBI,16,40,70,409.00,"28,630.00"
2019-04-07,2019040701007498,SBL,19,28,230,316.00,"72,680.00"
2019-04-07,2019040701007485,SBL,50,28,100,316.00,"31,600.00"
2019-04-07,2019040701007460,SBL,57,28,500,316.00,"158,000.00"
2019-04-07,2019040701007452,SBL,50,28,100,316.00,"31,600.00"
2019-04-07,2019040701007431,SBL,50,28,70,316.00,"22,120.00"
2019-04-07,2019040701007430,SBL,50,19,30,316.00,"9,480.00"
2019-04-07,2019040701007243,SBL,49,42,100,315.00,"31,500.00"
2019-04-07,2019040701007180,SBL,8,45,50,314.00,"15,700.00"
2019-04-07,2019040701007121,SBL,8,22,300,314.00,"94,200.00"
2019-04-07,2019040701007120,SBL,8,53,30,314.00,"9,420.00"
2019-04-07,2019040701007249,SBL,49,6,50,315.00,"15,750.00"
2019-04-07,2019040701007248,SBL,49,6,651,315.00,"205,065.00"
2019-04-07,2019040701007247,SBL,49,6,200,315.00,"63,000.00"
2019-04-07,2019040701007246,SBL,49,42,90,315.00,"28,350.00"
2019-04-07,2019040701007245,SBL,49,25,500,315.00,"157,500.00"
2019-04-07,2019040701007244,SBL,49,42,70,315.00,"22,050.00"
2019-04-07,2019040701007423,SBL,45,49,200,315.00,"63,000.00"
2019-04-07,2019040701007361,SBL,50,19,100,316.00,"31,600.00"
2019-04-07,2019040701007360,SBL,50,17,200,316.00,"63,200.00"
2019-04-07,2019040701007359,SBL,50,48,500,316.00,"158,000.00"
2019-04-07,2019040701007358,SBL,50,11,200,315.00,"63,000.00"
2019-04-07,2019040701007314,SBL,5,11,300,315.00,"94,500.00"
2019-04-07,2019040701007324,SCB,11,54,500,585.00,"292,500.00"
2019-04-07,2019040701007323,SCB,11,13,332,585.00,"194,220.00"
2019-04-07,2019040701007322,SCB,11,42,90,582.00,"52,380.00"
2019-04-07,2019040701007265,SCB,34,35,20,581.00,"11,620.00"
2019-04-07,2019040701007503,SDESI,57,25,10,539.00,"5,390.00"
2019-04-07,2019040701007054,SDESI,16,56,50,535.00,"26,750.00"
2019-04-07,2019040701007305,SFFIL,49,17,489,204.00,"99,756.00"
2019-04-07,2019040701007304,SFFIL,14,17,50,204.00,"10,200.00"
2019-04-07,2019040701007303,SFFIL,14,17,30,205.00,"6,150.00"
2019-04-07,2019040701007048,SHINE,20,28,962,233.00,"224,146.00"
2019-04-07,2019040701007047,SHINE,20,58,975,232.00,"226,200.00"
2019-04-07,2019040701007454,SHIVM,45,35,50,320.00,"16,000.00"
2019-04-07,2019040701007418,SHIVM,45,35,50,320.00,"16,000.00"
2019-04-07,2019040701007315,SHIVM,45,1,100,320.00,"32,000.00"
2019-04-07,2019040701007290,SHIVM,10,57,50,321.00,"16,050.00"
2019-04-07,2019040701007289,SHIVM,22,57,170,321.00,"54,570.00"
2019-04-07,2019040701007272,SHIVM,36,40,500,322.00,"161,000.00"
2019-04-07,2019040701007271,SHIVM,36,19,50,322.00,"16,100.00"
2019-04-07,2019040701007216,SHIVM,22,35,50,321.00,"16,050.00"
2019-04-07,2019040701007189,SHIVM,22,58,100,321.00,"32,100.00"
2019-04-07,2019040701007188,SHIVM,22,35,30,321.00,"9,630.00"
2019-04-07,2019040701007107,SHIVM,45,45,50,320.00,"16,000.00"
2019-04-07,2019040701007093,SHIVM,29,35,300,321.00,"96,300.00"
2019-04-07,2019040701007136,SHL,42,1,100,205.00,"20,500.00"
2019-04-07,2019040701007338,SHPC,28,48,16,229.00,"3,664.00"
2019-04-07,2019040701007154,SHPC,7,13,"3,403",225.00,"765,675.00"
2019-04-07,2019040701007153,SHPC,33,13,90,225.00,"20,250.00"
2019-04-07,2019040701007140,SHPC,33,16,210,225.00,"47,250.00"
2019-04-07,2019040701007125,SIC,7,32,10,"1,299.00","12,990.00"
2019-04-07,2019040701007427,SICL,45,22,20,864.00,"17,280.00"
2019-04-07,2019040701007384,SIL,25,45,15,600.00,"9,000.00"
2019-04-07,2019040701007383,SIL,25,49,55,599.00,"32,945.00"
2019-04-07,2019040701007190,SIL,51,33,63,593.00,"37,359.00"
2019-04-07,2019040701007426,SLBSL,50,36,10,636.00,"6,360.00"
2019-04-07,2019040701007150,SLBSL,5,38,10,644.00,"6,440.00"
2019-04-07,2019040701007124,SLBSL,5,38,10,644.00,"6,440.00"
2019-04-07,2019040701007484,SLICL,16,26,16,530.00,"8,480.00"
2019-04-07,2019040701007261,SLICL,16,52,16,528.00,"8,448.00"
2019-04-07,2019040701007119,SLICL,14,28,100,525.00,"52,500.00"
2019-04-07,2019040701007118,SLICL,14,35,50,525.00,"26,250.00"
2019-04-07,2019040701007117,SLICL,14,40,331,525.00,"173,775.00"
2019-04-07,2019040701007227,SMFDB,16,37,50,610.00,"30,500.00"
2019-04-07,2019040701007226,SMFDB,16,50,100,609.00,"60,900.00"
2019-04-07,2019040701007039,SMFDB,55,37,50,610.00,"30,500.00"
2019-04-07,2019040701007313,SRBL,28,22,10,239.00,"2,390.00"
2019-04-07,2019040701007312,SRBL,28,34,76,236.00,"17,936.00"
2019-04-07,2019040701007204,SRBL,49,44,"1,500",235.00,"352,500.00"
2019-04-07,2019040701007108,SRBL,21,44,300,235.00,"70,500.00"
2019-04-07,2019040701007050,SRBL,21,44,200,235.00,"47,000.00"
2019-04-07,2019040701007257,SWBBL,45,16,167,806.00,"134,602.00"
2019-04-07,2019040701007274,UFL,19,6,193,201.00,"38,793.00"
2019-04-07,2019040701007273,UFL,6,6,200,202.00,"40,400.00"
2019-04-07,2019040701007218,UIC,16,38,10,765.00,"7,650.00"
2019-04-07,2019040701007523,UPPER,56,19,"1,865",235.00,"438,275.00"
2019-04-07,2019040701007522,UPPER,56,16,410,235.00,"96,350.00"
2019-04-07,2019040701007508,UPPER,16,35,50,234.00,"11,700.00"
2019-04-07,2019040701007386,UPPER,41,16,"1,590",235.00,"373,650.00"
2019-04-07,2019040701007335,UPPER,41,38,40,235.00,"9,400.00"
2019-04-07,2019040701007330,UPPER,38,19,40,236.00,"9,440.00"
2019-04-07,2019040701007168,UPPER,41,38,50,235.00,"11,750.00"
2019-04-07,2019040701007151,UPPER,38,13,50,236.00,"11,800.00"
2019-04-07,2019040701007139,UPPER,41,38,50,235.00,"11,750.00"
2019-04-07,2019040701007137,UPPER,41,38,40,235.00,"9,400.00"
2019-04-07,2019040701007129,UPPER,41,38,50,235.00,"11,750.00"
2019-04-07,2019040701007203,UPPER,38,19,50,236.00,"11,800.00"
2019-04-07,2019040701007197,UPPER,56,19,450,236.00,"106,200.00"
2019-04-07,2019040701007196,UPPER,56,13,50,236.00,"11,800.00"
2019-04-07,2019040701007191,UPPER,41,38,50,235.00,"11,750.00"
2019-04-07,2019040701006555,ADBL,52,39,400,308.00,"123,200.00"
2019-04-07,2019040701006736,AHPC,32,10,400,103.00,"41,200.00"
2019-04-07,2019040701006624,AHPC,38,28,314,102.00,"32,028.00"
2019-04-07,2019040701006623,AHPC,46,28,10,102.00,"1,020.00"
2019-04-07,2019040701006726,AKJCL,5,8,10,79.00,790.00
2019-04-07,2019040701006705,AKJCL,5,8,10,79.00,790.00
2019-04-07,2019040701006701,AKPL,16,25,31,174.00,"5,394.00"
2019-04-07,2019040701006856,ALBSL,45,35,10,466.00,"4,660.00"
2019-04-07,2019040701006815,ALBSL,57,57,10,468.00,"4,680.00"
2019-04-07,2019040701006695,ALBSL,45,26,10,466.00,"4,660.00"
2019-04-07,2019040701006765,API,25,25,30,140.00,"4,200.00"
2019-04-07,2019040701006919,BARUN,34,19,"1,400",95.00,"133,000.00"
2019-04-07,2019040701006918,BARUN,34,19,100,95.00,"9,500.00"
2019-04-07,2019040701006911,BARUN,1,19,600,96.00,"57,600.00"
2019-04-07,2019040701006910,BARUN,56,19,40,96.00,"3,840.00"
2019-04-07,2019040701006724,BHBL,42,59,"1,000",173.00,"173,000.00"
2019-04-07,2019040701006723,BHBL,42,34,10,173.00,"1,730.00"
2019-04-07,2019040701006722,BHBL,42,28,"1,000",173.00,"173,000.00"
2019-04-07,2019040701006966,BOKL,19,45,27,258.00,"6,966.00"
2019-04-07,2019040701006930,BOKL,7,55,50,260.00,"13,000.00"
2019-04-07,2019040701006929,BOKL,7,41,450,259.00,"116,550.00"
2019-04-07,2019040701006914,BOKL,25,41,200,259.00,"51,800.00"
2019-04-07,2019040701006878,BOKL,43,41,"1,000",259.00,"259,000.00"
2019-04-07,2019040701006777,BOKL,19,28,77,258.00,"19,866.00"
2019-04-07,2019040701006776,BOKL,4,28,145,258.00,"37,410.00"
2019-04-07,2019040701006710,BOKL,4,21,645,258.00,"166,410.00"
2019-04-07,2019040701006557,BOKL,26,41,350,259.00,"90,650.00"
2019-04-07,2019040701006556,BOKL,26,26,772,259.00,"199,948.00"
2019-04-07,2019040701006548,BOKL,5,26,250,259.00,"64,750.00"
2019-04-07,2019040701006537,BOKL,21,26,100,259.00,"25,900.00"
2019-04-07,2019040701006968,BPCL,34,6,141,357.00,"50,337.00"
2019-04-07,2019040701006913,BPCL,45,6,30,358.00,"10,740.00"
2019-04-07,2019040701006912,BPCL,45,6,79,358.00,"28,282.00"
2019-04-07,2019040701006668,BPCL,45,42,35,358.00,"12,530.00"
2019-04-07,2019040701006658,BPCL,45,43,22,358.00,"7,876.00"
2019-04-07,2019040701006955,CBBL,45,45,200,890.00,"178,000.00"
2019-04-07,2019040701006869,CBL,11,52,28,163.00,"4,564.00"
2019-04-07,2019040701006832,CBL,11,1,200,163.00,"32,600.00"
2019-04-07,2019040701006805,CBL,38,38,5,161.00,805.00
2019-04-07,2019040701006730,CBL,1,58,440,164.00,"72,160.00"
2019-04-07,2019040701006717,CBL,1,53,"1,000",164.00,"164,000.00"
2019-04-07,2019040701006595,CBL,1,52,500,164.00,"82,000.00"
2019-04-07,2019040701006571,CBL,56,58,"1,247",163.00,"203,261.00"
2019-04-07,2019040701006570,CBL,56,25,"1,000",163.00,"163,000.00"
2019-04-07,2019040701006569,CBL,56,17,63,163.00,"10,269.00"
2019-04-07,2019040701006568,CBL,56,21,500,163.00,"81,500.00"
2019-04-07,2019040701006567,CBL,56,1,100,163.00,"16,300.00"
2019-04-07,2019040701006566,CBL,56,6,171,163.00,"27,873.00"
2019-04-07,2019040701006587,CBL,56,11,100,164.00,"16,400.00"
2019-04-07,2019040701006586,CBL,56,40,200,164.00,"32,800.00"
2019-04-07,2019040701006575,CBL,56,41,700,163.00,"114,100.00"
2019-04-07,2019040701006574,CBL,56,19,570,163.00,"92,910.00"
2019-04-07,2019040701006573,CBL,56,58,"2,000",163.00,"326,000.00"
2019-04-07,2019040701006572,CBL,56,47,"1,000",163.00,"163,000.00"
2019-04-07,2019040701006594,CBL,1,39,500,164.00,"82,000.00"
2019-04-07,2019040701006593,CBL,1,38,100,164.00,"16,400.00"
2019-04-07,2019040701006592,CBL,1,53,"3,000",164.00,"492,000.00"
2019-04-07,2019040701006591,CBL,1,50,460,164.00,"75,440.00"
2019-04-07,2019040701006589,CBL,56,50,"1,540",164.00,"252,560.00"
2019-04-07,2019040701006588,CBL,56,53,160,164.00,"26,240.00"
2019-04-07,2019040701007032,CCBL,1,41,300,172.00,"51,600.00"
2019-04-07,2019040701007031,CCBL,1,11,500,172.00,"86,000.00"
2019-04-07,2019040701007030,CCBL,1,36,746,172.00,"128,312.00"
2019-04-07,2019040701007029,CCBL,1,10,100,172.00,"17,200.00"
2019-04-07,2019040701007028,CCBL,1,28,94,172.00,"16,168.00"
2019-04-07,2019040701007027,CCBL,1,5,275,172.00,"47,300.00"
2019-04-07,2019040701006728,CCBL,42,21,41,169.00,"6,929.00"
2019-04-07,2019040701006651,CCBL,42,42,159,169.00,"26,871.00"
2019-04-07,2019040701006608,CCBL,49,7,691,171.00,"118,161.00"
2019-04-07,2019040701007026,CCBL,1,41,112,172.00,"19,264.00"
2019-04-07,2019040701007025,CCBL,1,18,500,171.00,"85,500.00"
2019-04-07,2019040701007024,CCBL,1,7,309,171.00,"52,839.00"
2019-04-07,2019040701006896,CCBL,48,45,200,170.00,"34,000.00"
2019-04-07,2019040701006895,CCBL,48,51,92,170.00,"15,640.00"
2019-04-07,2019040701006729,CCBL,34,21,400,169.00,"67,600.00"
2019-04-07,2019040701006866,CHCL,14,6,14,502.00,"7,028.00"
2019-04-07,2019040701006986,CHLBS,49,8,10,496.00,"4,960.00"
2019-04-07,2019040701006933,CHLBS,18,21,10,487.00,"4,870.00"
2019-04-07,2019040701007022,CIT,25,40,10,"2,580.00","25,800.00"
2019-04-07,2019040701007021,CIT,16,40,10,"2,581.00","25,810.00"
2019-04-07,2019040701006969,DBBL,51,36,63,125.00,"7,875.00"
2019-04-07,2019040701006915,DBBL,57,36,"2,000",126.00,"252,000.00"
2019-04-07,2019040701006854,DBBL,1,36,"1,000",126.00,"126,000.00"
2019-04-07,2019040701006853,DBBL,1,36,500,126.00,"63,000.00"
2019-04-07,2019040701006852,DBBL,52,36,"1,000",126.00,"126,000.00"
2019-04-07,2019040701006535,DBBL,51,53,257,125.00,"32,125.00"
2019-04-07,2019040701006534,DBBL,57,53,300,126.00,"37,800.00"
2019-04-07,2019040701006533,DBBL,42,53,443,126.00,"55,818.00"
2019-04-07,2019040701006875,DDBL,44,59,84,596.00,"50,064.00"
2019-04-07,2019040701006814,DDBL,44,22,300,596.00,"178,800.00"
2019-04-07,2019040701006813,DDBL,44,59,50,596.00,"29,800.00"
2019-04-07,2019040701006812,DDBL,44,52,49,592.00,"29,008.00"
2019-04-07,2019040701006811,DDBL,44,58,17,590.00,"10,030.00"
2019-04-07,2019040701006740,DHPL,35,38,10,85.00,850.00
2019-04-07,2019040701006702,FMDBL,32,52,54,371.00,"20,034.00"
2019-04-07,2019040701006692,FMDBL,21,5,10,365.00,"3,650.00"
2019-04-07,2019040701006739,FOWAD,33,41,50,"1,520.00","76,000.00"
2019-04-07,2019040701006964,GBBL,14,32,650,192.00,"124,800.00"
2019-04-07,2019040701006963,GBBL,50,32,50,192.00,"9,600.00"
2019-04-07,2019040701006962,GBBL,56,32,300,193.00,"57,900.00"
2019-04-07,2019040701006877,GBBL,34,32,600,194.00,"116,400.00"
2019-04-07,2019040701006861,GBBL,58,41,580,195.00,"113,100.00"
2019-04-07,2019040701006860,GBBL,58,59,400,195.00,"78,000.00"
2019-04-07,2019040701006576,GBBL,10,35,889,193.00,"171,577.00"
2019-04-07,2019040701006859,GBBL,58,6,20,195.00,"3,900.00"
2019-04-07,2019040701006822,GBBL,32,51,610,194.00,"118,340.00"
2019-04-07,2019040701006821,GBBL,32,34,"1,000",194.00,"194,000.00"
2019-04-07,2019040701006820,GBBL,32,39,400,194.00,"77,600.00"
2019-04-07,2019040701006819,GBBL,32,42,400,194.00,"77,600.00"
2019-04-07,2019040701006778,GBBL,32,42,100,194.00,"19,400.00"
2019-04-07,2019040701006942,GBIME,7,46,100,279.00,"27,900.00"
2019-04-07,2019040701006941,GBIME,7,53,300,279.00,"83,700.00"
2019-04-07,2019040701006940,GBIME,7,42,100,278.00,"27,800.00"
2019-04-07,2019040701006694,GBIME,58,53,50,279.00,"13,950.00"
2019-04-07,2019040701006684,GBIME,21,10,251,276.00,"69,276.00"
2019-04-07,2019040701006610,GBIME,21,55,500,278.00,"139,000.00"
2019-04-07,2019040701006693,GBIMEP,45,42,"4,725",174.00,"822,150.00"
2019-04-07,2019040701006873,GDBL,41,42,100,190.00,"19,000.00"
2019-04-07,2019040701006655,GDBL,49,48,"10,740",190.00,"2,040,600.00"
2019-04-07,2019040701006752,GFCL,57,50,19,121.00,"2,299.00"
2019-04-07,2019040701006997,GILB,34,7,13,993.00,"12,909.00"
2019-04-07,2019040701006884,GLICL,56,29,200,500.00,"100,000.00"
2019-04-07,2019040701006868,GLICL,56,42,217,500.00,"108,500.00"
2019-04-07,2019040701006867,GLICL,56,42,100,500.00,"50,000.00"
2019-04-07,2019040701006987,GUFL,5,42,150,112.00,"16,800.00"
2019-04-07,2019040701006709,GUFL,58,42,10,112.00,"1,120.00"
2019-04-07,2019040701006958,HBL,33,25,150,483.00,"72,450.00"
2019-04-07,2019040701006762,HBL,52,28,100,483.00,"48,300.00"
2019-04-07,2019040701006741,HBL,52,22,100,482.00,"48,200.00"
2019-04-07,2019040701006664,HBL,52,28,100,483.00,"48,300.00"
2019-04-07,2019040701006843,HGI,58,38,167,376.00,"62,792.00"
2019-04-07,2019040701006653,HGI,1,6,60,375.00,"22,500.00"
2019-04-07,2019040701006636,HGI,22,6,100,375.00,"37,500.00"
2019-04-07,2019040701007004,HIDCL,19,40,115,138.00,"15,870.00"
2019-04-07,2019040701007003,HIDCL,4,40,385,138.00,"53,130.00"
2019-04-07,2019040701006678,HIDCL,4,42,300,138.00,"41,400.00"
2019-04-07,2019040701006663,ICFC,10,41,376,157.00,"59,032.00"
2019-04-07,2019040701006662,ICFC,10,41,599,157.00,"94,043.00"
2019-04-07,2019040701006626,ICFC,14,19,200,156.00,"31,200.00"
2019-04-07,2019040701006625,ICFC,14,40,574,156.00,"89,544.00"
2019-04-07,2019040701006583,ICFC,36,40,426,156.00,"66,456.00"
2019-04-07,2019040701006559,IGI,54,5,48,390.00,"18,720.00"
2019-04-07,2019040701006558,IGI,45,5,10,391.00,"3,910.00"
2019-04-07,2019040701006562,IGI,29,5,20,390.00,"7,800.00"
2019-04-07,2019040701006561,IGI,45,5,10,390.00,"3,900.00"
2019-04-07,2019040701006560,IGI,6,5,300,390.00,"117,000.00"
2019-04-07,2019040701006847,JBBL,17,51,100,140.00,"14,000.00"
2019-04-07,2019040701006846,JBBL,17,29,57,140.00,"7,980.00"
2019-04-07,2019040701007015,JBNL,26,37,91,184.00,"16,744.00"
2019-04-07,2019040701006993,JBNL,19,43,87,185.00,"16,095.00"
2019-04-07,2019040701006992,JBNL,19,25,143,185.00,"26,455.00"
2019-04-07,2019040701006991,JBNL,19,53,770,185.00,"142,450.00"
2019-04-07,2019040701006749,JBNL,26,58,209,184.00,"38,456.00"
2019-04-07,2019040701006748,JBNL,45,58,500,184.00,"92,000.00"
2019-04-07,2019040701006601,JBNL,42,34,40,184.00,"7,360.00"
2019-04-07,2019040701006747,JBNL,29,58,291,184.00,"53,544.00"
2019-04-07,2019040701006734,JBNL,29,41,200,184.00,"36,800.00"
2019-04-07,2019040701006689,JBNL,29,42,100,184.00,"18,400.00"
2019-04-07,2019040701006604,JBNL,29,34,409,184.00,"75,256.00"
2019-04-07,2019040701006603,JBNL,10,34,500,184.00,"92,000.00"
2019-04-07,2019040701006602,JBNL,38,34,"2,000",184.00,"368,000.00"
2019-04-07,2019040701006842,JFL,49,17,10,177.00,"1,770.00"
2019-04-07,2019040701006841,JFL,49,32,22,175.00,"3,850.00"
2019-04-07,2019040701006829,JFL,49,26,50,174.00,"8,700.00"
2019-04-07,2019040701006828,JFL,49,47,10,172.00,"1,720.00"
2019-04-07,2019040701006673,KBBL,17,32,"1,000",210.00,"210,000.00"
2019-04-07,2019040701006672,KBBL,35,32,500,210.00,"105,000.00"
2019-04-07,2019040701006671,KBBL,34,32,135,210.00,"28,350.00"
2019-04-07,2019040701006670,KBBL,41,32,100,210.00,"21,000.00"
2019-04-07,2019040701006669,KBBL,46,32,200,211.00,"42,200.00"
2019-04-07,2019040701006894,KBL,56,32,200,250.00,"50,000.00"
2019-04-07,2019040701006893,KBL,56,53,500,250.00,"125,000.00"
2019-04-07,2019040701006892,KBL,56,17,100,250.00,"25,000.00"
2019-04-07,2019040701006891,KBL,56,5,828,250.00,"207,000.00"
2019-04-07,2019040701006845,KBL,28,44,500,249.00,"124,500.00"
2019-04-07,2019040701006844,KBL,28,44,727,249.00,"181,023.00"
2019-04-07,2019040701006810,KBL,28,5,172,250.00,"43,000.00"
2019-04-07,2019040701006809,KBL,28,20,50,250.00,"12,500.00"
2019-04-07,2019040701006744,KBL,28,4,273,249.00,"67,977.00"
2019-04-07,2019040701006681,KBL,10,4,200,249.00,"49,800.00"
2019-04-07,2019040701006680,KBL,56,4,27,249.00,"6,723.00"
2019-04-07,2019040701006642,KMFL,49,19,10,831.00,"8,310.00"
2019-04-07,2019040701006889,KNBL,33,36,10,128.00,"1,280.00"
2019-04-07,2019040701006639,KNBL,33,36,122,128.00,"15,616.00"
2019-04-07,2019040701006638,KNBL,33,6,23,127.00,"2,921.00"
2019-04-07,2019040701006637,KNBL,33,11,100,127.00,"12,700.00"
2019-04-07,2019040701006649,KPCL,5,7,10,93.00,930.00
2019-04-07,2019040701006605,KPCL,25,35,10,92.00,920.00
2019-04-07,2019040701006578,KPCL,25,35,150,92.00,"13,800.00"
2019-04-07,2019040701006650,KPCL,5,58,10,93.00,930.00
2019-04-07,2019040701006898,KSBBL,46,39,32,144.00,"4,608.00"
2019-04-07,2019040701006897,KSBBL,46,38,68,144.00,"9,792.00"
2019-04-07,2019040701006864,KSBBL,46,17,39,143.00,"5,577.00"
2019-04-07,2019040701006863,KSBBL,46,45,"1,500",143.00,"214,500.00"
2019-04-07,2019040701006862,KSBBL,46,49,50,143.00,"7,150.00"
2019-04-07,2019040701006660,KSBBL,57,53,195,141.00,"27,495.00"
2019-04-07,2019040701006688,LBBL,13,19,110,173.00,"19,030.00"
2019-04-07,2019040701006687,LBBL,13,40,700,173.00,"121,100.00"
2019-04-07,2019040701006652,LBBL,17,40,300,173.00,"51,900.00"
2019-04-07,2019040701007009,LBL,46,1,100,208.00,"20,800.00"
2019-04-07,2019040701006998,LBL,46,40,"1,000",207.00,"207,000.00"
2019-04-07,2019040701006758,LBL,32,26,350,207.00,"72,450.00"
2019-04-07,2019040701006704,LBL,32,40,"1,000",207.00,"207,000.00"
2019-04-07,2019040701006622,LBL,50,40,500,207.00,"103,500.00"
2019-04-07,2019040701006538,LBL,34,40,500,207.00,"103,500.00"
2019-04-07,2019040701006775,LGIL,10,10,"9,160",504.00,"4,616,640.00"
2019-04-07,2019040701006750,LGIL,34,21,100,503.00,"50,300.00"
2019-04-07,2019040701006996,MBL,57,50,10,237.00,"2,370.00"
2019-04-07,2019040701006995,MBL,48,50,"1,000",237.00,"237,000.00"
2019-04-07,2019040701006994,MBL,1,50,300,237.00,"71,100.00"
2019-04-07,2019040701006825,MBL,1,1,200,237.00,"47,400.00"
2019-04-07,2019040701006824,MBL,21,1,200,237.00,"47,400.00"
2019-04-07,2019040701006823,MBL,45,1,500,237.00,"118,500.00"
2019-04-07,2019040701006937,MEGA,38,6,50,168.00,"8,400.00"
2019-04-07,2019040701006936,MEGA,37,6,100,168.00,"16,800.00"
2019-04-07,2019040701006935,MEGA,28,6,100,168.00,"16,800.00"
2019-04-07,2019040701006617,MEGA,32,47,200,169.00,"33,800.00"
2019-04-07,2019040701006686,MLBL,33,38,63,171.00,"10,773.00"
2019-04-07,2019040701006654,MLBL,4,32,15,174.00,"2,610.00"
2019-04-07,2019040701006831,MNBBL,28,51,22,355.00,"7,810.00"
2019-04-07,2019040701006830,MNBBL,28,35,178,355.00,"63,190.00"
2019-04-07,2019040701006735,MNBBL,38,35,50,355.00,"17,750.00"
2019-04-07,2019040701006782,MSMBS,51,29,10,520.00,"5,200.00"
2019-04-07,2019040701006781,MSMBS,51,22,11,518.00,"5,698.00"
2019-04-07,2019040701006780,MSMBS,51,25,22,518.00,"11,396.00"
2019-04-07,2019040701006779,MSMBS,51,16,33,516.00,"17,028.00"
2019-04-07,2019040701006795,NABIL,33,59,70,730.00,"51,100.00"
2019-04-07,2019040701006683,NABIL,14,59,30,732.00,"21,960.00"
2019-04-07,2019040701006600,NABIL,45,39,542,728.00,"394,576.00"
2019-04-07,2019040701006599,NABIL,35,39,458,728.00,"333,424.00"
2019-04-07,2019040701006598,NABIL,8,39,"1,000",732.00,"732,000.00"
2019-04-07,2019040701006553,NABIL,14,3,100,732.00,"73,200.00"
2019-04-07,2019040701006552,NABIL,14,21,640,732.00,"468,480.00"
2019-04-07,2019040701006551,NABIL,14,19,10,732.00,"7,320.00"
2019-04-07,2019040701006550,NABIL,14,14,38,732.00,"27,816.00"
2019-04-07,2019040701006872,NABILP,49,6,100,715.00,"71,500.00"
2019-04-07,2019040701006917,NADEP,58,21,10,655.00,"6,550.00"
2019-04-07,2019040701006585,NADEP,29,45,10,660.00,"6,600.00"
2019-04-07,2019040701007016,NBB,42,4,200,212.00,"42,400.00"
2019-04-07,2019040701007000,NBB,8,4,"1,500",212.00,"318,000.00"
2019-04-07,2019040701006925,NBB,46,44,"1,000",212.00,"212,000.00"
2019-04-07,2019040701006924,NBB,46,37,800,212.00,"169,600.00"
2019-04-07,2019040701006890,NBB,42,37,200,212.00,"42,400.00"
2019-04-07,2019040701006751,NBB,49,42,100,212.00,"21,200.00"
2019-04-07,2019040701006628,NBB,40,48,500,213.00,"106,500.00"
2019-04-07,2019040701006770,NBBL,28,22,30,605.00,"18,150.00"
2019-04-07,2019040701006769,NBBL,28,6,70,600.00,"42,000.00"
2019-04-07,2019040701006923,NBL,58,6,128,300.00,"38,400.00"
2019-04-07,2019040701006922,NBL,22,6,800,300.00,"240,000.00"
2019-04-07,2019040701006885,NBL,22,53,100,300.00,"30,000.00"
2019-04-07,2019040701006871,NBL,55,10,"1,000",301.00,"301,000.00"
2019-04-07,2019040701006768,NBL,32,21,500,301.00,"150,500.00"
2019-04-07,2019040701006733,NBL,22,56,100,300.00,"30,000.00"
2019-04-07,2019040701006719,NBL,45,49,160,302.00,"48,320.00"
2019-04-07,2019040701006718,NBL,45,6,40,302.00,"12,080.00"
2019-04-07,2019040701006647,NBL,22,6,60,302.00,"18,120.00"
2019-04-07,2019040701006646,NBL,22,48,140,302.00,"42,280.00"
2019-04-07,2019040701007018,NCCB,37,51,294,227.00,"66,738.00"
2019-04-07,2019040701007010,NCCB,58,55,16,228.00,"3,648.00"
2019-04-07,2019040701006999,NCCB,37,58,206,227.00,"46,762.00"
2019-04-07,2019040701006967,NCCB,56,58,294,227.00,"66,738.00"
2019-04-07,2019040701006965,NCCB,56,41,100,227.00,"22,700.00"
2019-04-07,2019040701006938,NCCB,56,49,106,227.00,"24,062.00"
2019-04-07,2019040701006540,NCCB,53,54,400,227.00,"90,800.00"
2019-04-07,2019040701006791,NCCB,56,42,300,226.00,"67,800.00"
2019-04-07,2019040701006754,NCCB,59,51,500,227.00,"113,500.00"
2019-04-07,2019040701006753,NCCB,53,51,500,227.00,"113,500.00"
2019-04-07,2019040701006743,NCCB,44,51,500,227.00,"113,500.00"
2019-04-07,2019040701006643,NCCB,56,5,500,226.00,"113,000.00"
2019-04-07,2019040701006541,NCCB,53,51,600,227.00,"136,200.00"
2019-04-07,2019040701006904,NCCB,56,21,200,227.00,"45,400.00"
2019-04-07,2019040701006903,NCCB,56,1,200,227.00,"45,400.00"
2019-04-07,2019040701006902,NCCB,56,17,300,227.00,"68,100.00"
2019-04-07,2019040701006901,NCCB,56,13,"1,000",227.00,"227,000.00"
2019-04-07,2019040701006900,NCCB,56,46,506,227.00,"114,862.00"
2019-04-07,2019040701006899,NCCB,56,51,900,227.00,"204,300.00"
2019-04-07,2019040701006934,NCCB,56,39,50,226.00,"11,300.00"
2019-04-07,2019040701006909,NCCB,56,49,394,227.00,"89,438.00"
2019-04-07,2019040701006908,NCCB,56,32,500,227.00,"113,500.00"
2019-04-07,2019040701006907,NCCB,56,5,500,227.00,"113,500.00"
2019-04-07,2019040701006906,NCCB,56,50,500,227.00,"113,500.00"
2019-04-07,2019040701006905,NCCB,56,25,500,227.00,"113,500.00"
2019-04-07,2019040701006703,NCDB,49,50,10,133.00,"1,330.00"
2019-04-07,2019040701006547,NCDB,19,45,50,131.00,"6,550.00"
2019-04-07,2019040701006546,NCDB,19,50,500,131.00,"65,500.00"
2019-04-07,2019040701006545,NCDB,19,14,253,131.00,"33,143.00"
2019-04-07,2019040701006544,NCDB,19,26,100,131.00,"13,100.00"
2019-04-07,2019040701006543,NCDB,19,46,180,130.00,"23,400.00"
2019-04-07,2019040701006542,NCDB,19,59,100,130.00,"13,000.00"
2019-04-07,2019040701006554,NGPL,1,1,10,126.00,"1,260.00"
2019-04-07,2019040701006970,NIB,59,53,23,544.00,"12,512.00"
2019-04-07,2019040701006851,NIB,48,49,100,544.00,"54,400.00"
2019-04-07,2019040701006850,NIB,49,49,50,544.00,"27,200.00"
2019-04-07,2019040701006666,NIB,47,47,100,545.00,"54,500.00"
2019-04-07,2019040701006665,NIB,13,47,50,545.00,"27,250.00"
2019-04-07,2019040701007023,NICA,52,21,89,468.00,"41,652.00"
2019-04-07,2019040701007011,NICA,22,21,150,468.00,"70,200.00"
2019-04-07,2019040701006983,NICA,33,28,13,470.00,"6,110.00"
2019-04-07,2019040701006982,NICA,33,1,100,470.00,"47,000.00"
2019-04-07,2019040701006981,NICA,33,38,15,470.00,"7,050.00"
2019-04-07,2019040701006980,NICA,33,54,500,470.00,"235,000.00"
2019-04-07,2019040701006659,NICA,55,7,100,466.00,"46,600.00"
2019-04-07,2019040701006641,NICA,33,33,210,469.00,"98,490.00"
2019-04-07,2019040701006640,NICA,33,58,290,469.00,"136,010.00"
2019-04-07,2019040701006631,NICA,55,35,50,466.00,"23,300.00"
2019-04-07,2019040701006584,NICA,1,58,100,469.00,"46,900.00"
2019-04-07,2019040701006582,NICA,55,5,25,466.00,"11,650.00"
2019-04-07,2019040701006763,NICA,28,55,575,467.00,"268,525.00"
2019-04-07,2019040701006757,NICA,28,49,100,467.00,"46,700.00"
2019-04-07,2019040701006727,NICA,19,34,50,468.00,"23,400.00"
2019-04-07,2019040701006725,NICA,19,42,50,468.00,"23,400.00"
2019-04-07,2019040701006708,NICA,28,45,250,467.00,"116,750.00"
2019-04-07,2019040701006707,NICA,38,45,50,467.00,"23,350.00"
2019-04-07,2019040701006946,NICA,38,45,100,469.00,"46,900.00"
2019-04-07,2019040701006945,NICA,38,45,36,469.00,"16,884.00"
2019-04-07,2019040701006944,NICA,38,26,300,469.00,"140,700.00"
2019-04-07,2019040701006943,NICA,38,33,90,469.00,"42,210.00"
2019-04-07,2019040701006794,NICA,4,33,200,469.00,"93,800.00"
2019-04-07,2019040701006774,NICA,22,34,50,468.00,"23,400.00"
2019-04-07,2019040701006973,NICA,33,38,40,470.00,"18,800.00"
2019-04-07,2019040701006972,NICA,33,33,166,470.00,"78,020.00"
2019-04-07,2019040701006950,NICA,38,33,334,470.00,"156,980.00"
2019-04-07,2019040701006949,NICA,38,38,45,470.00,"21,150.00"
2019-04-07,2019040701006948,NICA,38,49,50,470.00,"23,500.00"
2019-04-07,2019040701006947,NICA,38,38,45,470.00,"21,150.00"
2019-04-07,2019040701006979,NICA,33,38,25,470.00,"11,750.00"
2019-04-07,2019040701006978,NICA,33,38,25,470.00,"11,750.00"
2019-04-07,2019040701006977,NICA,33,38,25,470.00,"11,750.00"
2019-04-07,2019040701006976,NICA,33,38,41,470.00,"19,270.00"
2019-04-07,2019040701006975,NICA,33,38,40,470.00,"18,800.00"
2019-04-07,2019040701006974,NICA,33,58,10,470.00,"4,700.00"
2019-04-07,2019040701006661,NICL,45,5,20,365.00,"7,300.00"
2019-04-07,2019040701006609,NICL,35,7,134,370.00,"49,580.00"
2019-04-07,2019040701007017,NIL,46,44,20,515.00,"10,300.00"
2019-04-07,2019040701007005,NIL,41,44,200,515.00,"103,000.00"
2019-04-07,2019040701006870,NIL,32,44,500,515.00,"257,500.00"
2019-04-07,2019040701006597,NIL,56,58,265,514.00,"136,210.00"
2019-04-07,2019040701006596,NIL,28,58,200,514.00,"102,800.00"
2019-04-07,2019040701006579,NIL,54,44,800,515.00,"412,000.00"
2019-04-07,2019040701006959,NLBBL,37,49,509,450.00,"229,050.00"
2019-04-07,2019040701007002,NLG,53,7,150,794.00,"119,100.00"
2019-04-07,2019040701006932,NLG,53,33,90,794.00,"71,460.00"
2019-04-07,2019040701006931,NLG,57,33,10,794.00,"7,940.00"
2019-04-07,2019040701006921,NLIC,40,42,50,"1,091.00","54,550.00"
2019-04-07,2019040701006858,NLIC,6,6,69,"1,092.00","75,348.00"
2019-04-07,2019040701006793,NLIC,40,28,174,"1,091.00","189,834.00"
2019-04-07,2019040701006721,NLIC,55,28,100,"1,091.00","109,100.00"
2019-04-07,2019040701006679,NLIC,35,28,50,"1,091.00","54,550.00"
2019-04-07,2019040701006756,NLICL,45,21,100,568.00,"56,800.00"
2019-04-07,2019040701007014,NMB,19,45,150,349.00,"52,350.00"
2019-04-07,2019040701007013,NMB,19,43,63,349.00,"21,987.00"
2019-04-07,2019040701007012,NMB,19,58,476,349.00,"166,124.00"
2019-04-07,2019040701006961,NMB,21,14,100,348.00,"34,800.00"
2019-04-07,2019040701006953,NMB,21,53,37,348.00,"12,876.00"
2019-04-07,2019040701006952,NMB,21,13,100,348.00,"34,800.00"
2019-04-07,2019040701006634,NMB,51,58,50,349.00,"17,450.00"
2019-04-07,2019040701006633,NMB,8,58,74,349.00,"25,826.00"
2019-04-07,2019040701006630,NMB,8,45,126,349.00,"43,974.00"
2019-04-07,2019040701006616,NMB,59,47,500,349.00,"174,500.00"
2019-04-07,2019040701006951,NMB,26,13,88,348.00,"30,624.00"
2019-04-07,2019040701006882,NMB,26,32,100,348.00,"34,800.00"
2019-04-07,2019040701006772,NMB,26,44,312,348.00,"108,576.00"
2019-04-07,2019040701006771,NMB,37,44,188,348.00,"65,424.00"
2019-04-07,2019040701006656,NMB,28,58,100,349.00,"34,900.00"
2019-04-07,2019040701006635,NMB,52,58,300,349.00,"104,700.00"
2019-04-07,2019040701006920,NMBMF,6,6,35,"1,000.00","35,000.00"
2019-04-07,2019040701006682,PCBL,38,17,50,334.00,"16,700.00"
2019-04-07,2019040701006536,PIC,44,19,50,"1,009.00","50,450.00"
2019-04-07,2019040701007020,PICL,34,7,40,682.00,"27,280.00"
2019-04-07,2019040701006988,PICL,34,45,100,682.00,"68,200.00"
2019-04-07,2019040701006855,PICL,34,58,10,690.00,"6,900.00"
2019-04-07,2019040701006581,PICL,34,58,500,685.00,"342,500.00"
2019-04-07,2019040701006580,PICL,34,38,100,685.00,"68,500.00"
2019-04-07,2019040701007008,PMHPL,49,25,10,109.00,"1,090.00"
2019-04-07,2019040701006956,PRIN,59,6,50,405.00,"20,250.00"
2019-04-07,2019040701006883,PRVU,42,52,100,249.00,"24,900.00"
2019-04-07,2019040701006720,PRVU,34,34,"2,000",249.00,"498,000.00"
2019-04-07,2019040701006716,PRVU,21,58,39,250.00,"9,750.00"
2019-04-07,2019040701006715,PRVU,21,46,24,250.00,"6,000.00"
2019-04-07,2019040701006714,PRVU,21,58,37,250.00,"9,250.00"
2019-04-07,2019040701006577,PRVU,49,45,50,250.00,"12,500.00"
2019-04-07,2019040701006691,PRVU,48,58,963,250.00,"240,750.00"
2019-04-07,2019040701006667,PRVU,48,50,500,250.00,"125,000.00"
2019-04-07,2019040701006645,PRVU,48,53,17,250.00,"4,250.00"
2019-04-07,2019040701006644,PRVU,48,40,220,250.00,"55,000.00"
2019-04-07,2019040701006620,PRVU,49,40,780,250.00,"195,000.00"
2019-04-07,2019040701007006,RADHI,57,57,11,173.00,"1,903.00"
2019-04-07,2019040701006954,RADHI,54,21,11,170.00,"1,870.00"
2019-04-07,2019040701006632,RMDC,29,5,15,536.00,"8,040.00"
2019-04-07,2019040701006700,SADBL,36,46,295,148.00,"43,660.00"
2019-04-07,2019040701006699,SADBL,36,37,200,148.00,"29,600.00"
2019-04-07,2019040701006698,SADBL,36,46,500,147.00,"73,500.00"
2019-04-07,2019040701006697,SADBL,36,59,150,147.00,"22,050.00"
2019-04-07,2019040701006984,SANIMA,16,58,200,322.00,"64,400.00"
2019-04-07,2019040701006960,SANIMA,10,58,"1,600",323.00,"516,800.00"
2019-04-07,2019040701006876,SANIMA,10,45,100,323.00,"32,300.00"
2019-04-07,2019040701006657,SANIMA,16,45,100,322.00,"32,200.00"
2019-04-07,2019040701007001,SBI,34,42,140,412.00,"57,680.00"
2019-04-07,2019040701006833,SBI,16,34,10,417.00,"4,170.00"
2019-04-07,2019040701006621,SBI,34,56,100,411.00,"41,100.00"
2019-04-07,2019040701006874,SBL,25,45,30,314.00,"9,420.00"
2019-04-07,2019040701006629,SBL,48,50,300,315.00,"94,500.00"
2019-04-07,2019040701006827,SCB,34,42,20,581.00,"11,620.00"
2019-04-07,2019040701006611,SCB,34,5,35,581.00,"20,335.00"
2019-04-07,2019040701006607,SCB,40,13,168,585.00,"98,280.00"
2019-04-07,2019040701006606,SCB,40,11,32,585.00,"18,720.00"
2019-04-07,2019040701006563,SCB,34,57,20,581.00,"11,620.00"
2019-04-07,2019040701006731,SDESI,16,6,15,535.00,"8,025.00"
2019-04-07,2019040701006818,SEF,26,48,"1,000",9.28,"9,280.00"
2019-04-07,2019040701006817,SEF,26,48,"1,000",9.28,"9,280.00"
2019-04-07,2019040701006816,SEF,26,48,"1,000",9.28,"9,280.00"
2019-04-07,2019040701006742,SEF,26,39,"2,000",9.27,"18,540.00"
2019-04-07,2019040701006614,SEF,26,33,"1,000",9.25,"9,250.00"
2019-04-07,2019040701006916,SHINE,28,58,15,232.00,"3,480.00"
2019-04-07,2019040701006676,SHINE,45,38,243,229.00,"55,647.00"
2019-04-07,2019040701006675,SHINE,34,38,50,230.00,"11,500.00"
2019-04-07,2019040701006674,SHINE,28,38,23,230.00,"5,290.00"
2019-04-07,2019040701006989,SHIVM,50,35,150,321.00,"48,150.00"
2019-04-07,2019040701006764,SHIVM,16,41,300,322.00,"96,600.00"
2019-04-07,2019040701006746,SHIVM,41,38,50,322.00,"16,100.00"
2019-04-07,2019040701006745,SHIVM,41,29,50,322.00,"16,100.00"
2019-04-07,2019040701006713,SHIVM,41,29,50,322.00,"16,100.00"
2019-04-07,2019040701006712,SHIVM,41,29,50,322.00,"16,100.00"
2019-04-07,2019040701006618,SHIVM,50,1,50,321.00,"16,050.00"
2019-04-07,2019040701006711,SHIVM,41,16,50,322.00,"16,100.00"
2019-04-07,2019040701006706,SHIVM,50,16,50,321.00,"16,050.00"
2019-04-07,2019040701006685,SHIVM,45,16,50,320.00,"16,000.00"
2019-04-07,2019040701006648,SHIVM,45,45,50,320.00,"16,000.00"
2019-04-07,2019040701006627,SHIVM,45,16,50,320.00,"16,000.00"
2019-04-07,2019040701006619,SHIVM,50,1,50,321.00,"16,050.00"
2019-04-07,2019040701006808,SHL,50,21,100,206.00,"20,600.00"
2019-04-07,2019040701006807,SHL,45,21,100,206.00,"20,600.00"
2019-04-07,2019040701006806,SHL,56,21,126,207.00,"26,082.00"
2019-04-07,2019040701006835,SHPC,54,13,60,225.00,"13,500.00"
2019-04-07,2019040701006834,SHPC,45,13,"1,447",225.00,"325,575.00"
2019-04-07,2019040701006790,SHPC,45,46,"2,553",225.00,"574,425.00"
2019-04-07,2019040701006789,SHPC,45,46,500,225.00,"112,500.00"
2019-04-07,2019040701006788,SHPC,11,46,426,225.00,"95,850.00"
2019-04-07,2019040701006787,SHPC,16,46,"2,000",226.00,"452,000.00"
2019-04-07,2019040701006786,SHPC,34,46,"1,000",226.00,"226,000.00"
2019-04-07,2019040701006785,SHPC,45,46,500,226.00,"113,000.00"
2019-04-07,2019040701006784,SHPC,58,46,"1,000",227.00,"227,000.00"
2019-04-07,2019040701006783,SHPC,10,46,21,227.00,"4,767.00"
2019-04-07,2019040701006615,SHPC,34,48,114,229.00,"26,106.00"
2019-04-07,2019040701006590,SHPC,34,28,200,229.00,"45,800.00"
2019-04-07,2019040701006761,SICL,21,21,80,860.00,"68,800.00"
2019-04-07,2019040701006760,SICL,45,21,20,865.00,"17,300.00"
2019-04-07,2019040701006732,SIL,59,21,129,594.00,"76,626.00"
2019-04-07,2019040701006928,SINDU,44,16,200,132.00,"26,400.00"
2019-04-07,2019040701006927,SINDU,44,42,200,132.00,"26,400.00"
2019-04-07,2019040701006926,SINDU,44,44,99,132.00,"13,068.00"
2019-04-07,2019040701006840,SLICL,43,21,200,518.00,"103,600.00"
2019-04-07,2019040701006839,SLICL,16,21,200,519.00,"103,800.00"
2019-04-07,2019040701006838,SLICL,5,21,79,519.00,"41,001.00"
2019-04-07,2019040701006837,SLICL,41,21,50,520.00,"26,000.00"
2019-04-07,2019040701006836,SLICL,22,21,10,522.00,"5,220.00"
2019-04-07,2019040701006690,SLICL,21,18,100,522.00,"52,200.00"
2019-04-07,2019040701006565,SMFDB,55,52,10,605.00,"6,050.00"
2019-04-07,2019040701006857,SPDL,39,38,15,102.00,"1,530.00"
2019-04-07,2019040701006696,SPDL,39,57,15,102.00,"1,530.00"
2019-04-07,2019040701006971,SRBL,49,44,690,235.00,"162,150.00"
2019-04-07,2019040701006957,SRBL,57,45,30,234.00,"7,020.00"
2019-04-07,2019040701006880,SRBL,57,46,50,234.00,"11,700.00"
2019-04-07,2019040701006879,SRBL,16,46,200,234.00,"46,800.00"
2019-04-07,2019040701006792,SRBL,28,44,"1,300",235.00,"305,500.00"
2019-04-07,2019040701006773,SRBL,28,21,500,235.00,"117,500.00"
2019-04-07,2019040701006759,SRBL,28,22,200,235.00,"47,000.00"
2019-04-07,2019040701006755,SRBL,48,34,924,236.00,"218,064.00"
2019-04-07,2019040701006738,SRBL,48,42,76,236.00,"17,936.00"
2019-04-07,2019040701006737,SRBL,28,42,24,236.00,"5,664.00"
2019-04-07,2019040701006613,SRBL,28,44,10,240.00,"2,400.00"
2019-04-07,2019040701006612,SRBL,28,52,150,238.00,"35,700.00"
2019-04-07,2019040701006849,SWBBL,45,21,20,806.00,"16,120.00"
2019-04-07,2019040701006848,SWBBL,45,21,20,808.00,"16,160.00"
2019-04-07,2019040701006564,SWBBL,13,35,80,810.00,"64,800.00"
2019-04-07,2019040701006888,UIC,16,33,200,754.00,"150,800.00"
2019-04-07,2019040701006887,UIC,17,33,50,754.00,"37,700.00"
2019-04-07,2019040701006886,UIC,46,33,20,755.00,"15,100.00"
2019-04-07,2019040701006826,UIC,41,50,300,760.00,"228,000.00"
2019-04-07,2019040701006677,UIC,6,50,50,760.00,"38,000.00"
2019-04-07,2019040701006539,UMHL,1,57,14,113.00,"1,582.00"
2019-04-07,2019040701007019,UPPER,38,13,40,236.00,"9,440.00"
2019-04-07,2019040701006990,UPPER,41,38,40,235.00,"9,400.00"
2019-04-07,2019040701006985,UPPER,41,25,40,235.00,"9,400.00"
2019-04-07,2019040701006939,UPPER,41,21,50,235.00,"11,750.00"
2019-04-07,2019040701006881,UPPER,16,35,50,234.00,"11,700.00"
2019-04-07,2019040701006865,UPPER,57,57,40,236.00,"9,440.00"
2019-04-07,2019040701006549,UPPER,57,39,34,236.00,"8,024.00"
2019-04-07,2019040701006798,UPPER,41,48,50,236.00,"11,800.00"
2019-04-07,2019040701006797,UPPER,41,48,40,236.00,"9,440.00"
2019-04-07,2019040701006796,UPPER,41,33,210,236.00,"49,560.00"
2019-04-07,2019040701006767,UPPER,41,33,790,236.00,"186,440.00"
2019-04-07,2019040701006766,UPPER,41,39,210,236.00,"49,560.00"
2019-04-07,2019040701006804,UPPER,41,59,40,236.00,"9,440.00"
2019-04-07,2019040701006803,UPPER,41,59,40,236.00,"9,440.00"
2019-04-07,2019040701006802,UPPER,41,39,293,236.00,"69,148.00"
2019-04-07,2019040701006801,UPPER,41,39,40,236.00,"9,440.00"
2019-04-07,2019040701006800,UPPER,41,19,"2,000",236.00,"472,000.00"
2019-04-07,2019040701006799,UPPER,41,48,40,236.00,"9,440.00"
2019-04-07,2019040701006531,ADBL,38,39,100,308.00,"30,800.00"
2019-04-07,2019040701006530,ADBL,38,52,100,308.00,"30,800.00"
2019-04-07,2019040701006276,AKJCL,57,8,20,78.00,"1,560.00"
2019-04-07,2019040701006258,AKJCL,57,8,10,78.00,780.00
2019-04-07,2019040701006253,AKJCL,57,8,10,78.00,780.00
2019-04-07,2019040701006221,AKJCL,57,8,10,78.00,780.00
2019-04-07,2019040701006192,AKJCL,25,8,10,79.00,790.00
2019-04-07,2019040701006152,AKJCL,25,8,20,79.00,"1,580.00"
2019-04-07,2019040701006035,AKPL,58,49,59,172.00,"10,148.00"
2019-04-07,2019040701006082,ALBSL,45,38,10,466.00,"4,660.00"
2019-04-07,2019040701006346,ALICL,46,39,85,393.00,"33,405.00"
2019-04-07,2019040701006349,API,57,57,28,140.00,"3,920.00"
2019-04-07,2019040701006269,API,25,25,232,142.00,"32,944.00"
2019-04-07,2019040701006262,API,25,25,200,140.00,"28,000.00"
2019-04-07,2019040701006255,API,25,56,100,138.00,"13,800.00"
2019-04-07,2019040701006245,API,25,6,100,136.00,"13,600.00"
2019-04-07,2019040701006033,API,57,29,28,135.00,"3,780.00"
2019-04-07,2019040701006244,API,25,16,150,136.00,"20,400.00"
2019-04-07,2019040701006243,API,25,45,100,136.00,"13,600.00"
2019-04-07,2019040701006242,API,25,45,18,136.00,"2,448.00"
2019-04-07,2019040701006241,API,25,29,29,136.00,"3,944.00"
2019-04-07,2019040701006214,API,25,29,500,135.00,"67,500.00"
2019-04-07,2019040701006077,API,25,29,72,135.00,"9,720.00"
2019-04-07,2019040701006347,BHBL,33,28,10,174.00,"1,740.00"
2019-04-07,2019040701006085,BHBL,42,28,500,167.00,"83,500.00"
2019-04-07,2019040701006114,BHBL,42,48,500,170.00,"85,000.00"
2019-04-07,2019040701006113,BHBL,42,1,500,170.00,"85,000.00"
2019-04-07,2019040701006112,BHBL,42,28,490,169.00,"82,810.00"
2019-04-07,2019040701006102,BHBL,42,28,510,169.00,"86,190.00"
2019-04-07,2019040701006101,BHBL,42,28,500,168.00,"84,000.00"
2019-04-07,2019040701006100,BHBL,42,28,490,168.00,"82,320.00"
2019-04-07,2019040701006119,BHBL,42,20,420,171.00,"71,820.00"
2019-04-07,2019040701006118,BHBL,42,48,500,171.00,"85,500.00"
2019-04-07,2019040701006117,BHBL,42,17,300,171.00,"51,300.00"
2019-04-07,2019040701006116,BHBL,42,1,200,171.00,"34,200.00"
2019-04-07,2019040701006115,BHBL,42,49,200,170.00,"34,000.00"
2019-04-07,2019040701006473,BOKL,38,26,200,259.00,"51,800.00"
2019-04-07,2019040701006410,BOKL,4,44,210,258.00,"54,180.00"
2019-04-07,2019040701006359,BOKL,28,26,342,259.00,"88,578.00"
2019-04-07,2019040701006267,BOKL,39,26,200,259.00,"51,800.00"
2019-04-07,2019040701006266,BOKL,1,26,137,259.00,"35,483.00"
2019-04-07,2019040701006263,BOKL,1,18,200,259.00,"51,800.00"
2019-04-07,2019040701006207,BOKL,32,55,250,260.00,"65,000.00"
2019-04-07,2019040701006206,BOKL,32,19,200,260.00,"52,000.00"
2019-04-07,2019040701006205,BOKL,32,53,50,260.00,"13,000.00"
2019-04-07,2019040701006169,BOKL,1,17,163,259.00,"42,217.00"
2019-04-07,2019040701006168,BOKL,47,17,17,259.00,"4,403.00"
2019-04-07,2019040701006459,BPCL,45,5,20,358.00,"7,160.00"
2019-04-07,2019040701006088,CBBL,45,50,100,890.00,"89,000.00"
2019-04-07,2019040701006418,CBL,58,6,200,163.00,"32,600.00"
2019-04-07,2019040701006281,CBL,37,34,"1,234",162.00,"199,908.00"
2019-04-07,2019040701006280,CBL,1,34,989,162.00,"160,218.00"
2019-04-07,2019040701006103,CBL,19,6,599,163.00,"97,637.00"
2019-04-07,2019040701006412,CCBL,50,22,"1,000",172.00,"172,000.00"
2019-04-07,2019040701006401,CCBL,49,52,24,171.00,"4,104.00"
2019-04-07,2019040701006352,CCBL,7,26,"1,400",172.00,"240,800.00"
2019-04-07,2019040701006301,CCBL,45,26,600,172.00,"103,200.00"
2019-04-07,2019040701006240,CCBL,45,5,400,172.00,"68,800.00"
2019-04-07,2019040701006289,CHLBS,56,5,200,486.00,"97,200.00"
2019-04-07,2019040701006288,CHLBS,49,5,100,486.00,"48,600.00"
2019-04-07,2019040701006287,CHLBS,25,5,100,487.00,"48,700.00"
2019-04-07,2019040701006286,CHLBS,45,5,50,488.00,"24,400.00"
2019-04-07,2019040701006285,CHLBS,16,5,100,488.00,"48,800.00"
2019-04-07,2019040701006284,CHLBS,45,5,10,489.00,"4,890.00"
2019-04-07,2019040701006310,CIT,19,34,30,"2,585.00","77,550.00"
2019-04-07,2019040701006388,CZBIL,26,22,200,224.00,"44,800.00"
2019-04-07,2019040701006387,CZBIL,26,6,"1,000",224.00,"224,000.00"
2019-04-07,2019040701006386,CZBIL,26,13,350,223.00,"78,050.00"
2019-04-07,2019040701006385,CZBIL,26,6,20,223.00,"4,460.00"
2019-04-07,2019040701006229,CZBIL,17,32,744,222.00,"165,168.00"
2019-04-07,2019040701006222,CZBIL,17,32,63,221.00,"13,923.00"
2019-04-07,2019040701006228,CZBIL,17,58,500,222.00,"111,000.00"
2019-04-07,2019040701006227,CZBIL,17,58,500,222.00,"111,000.00"
2019-04-07,2019040701006226,CZBIL,17,38,500,222.00,"111,000.00"
2019-04-07,2019040701006225,CZBIL,17,1,100,222.00,"22,200.00"
2019-04-07,2019040701006224,CZBIL,17,13,75,222.00,"16,650.00"
2019-04-07,2019040701006223,CZBIL,17,20,528,222.00,"117,216.00"
2019-04-07,2019040701006379,DBBL,25,32,"1,000",127.00,"127,000.00"
2019-04-07,2019040701006378,DBBL,25,37,510,127.00,"64,770.00"
2019-04-07,2019040701006489,EBL,41,5,26,610.00,"15,860.00"
2019-04-07,2019040701006470,EBL,49,48,300,614.00,"184,200.00"
2019-04-07,2019040701006167,EBL,46,53,12,615.00,"7,380.00"
2019-04-07,2019040701006124,EBL,45,29,66,612.00,"40,392.00"
2019-04-07,2019040701006086,EBL,7,29,10,612.00,"6,120.00"
2019-04-07,2019040701006350,EBL,40,48,300,614.00,"184,200.00"
2019-04-07,2019040701006348,EBL,35,48,300,614.00,"184,200.00"
2019-04-07,2019040701006493,GBIME,58,53,50,279.00,"13,950.00"
2019-04-07,2019040701006483,GBIME,58,6,11,278.00,"3,058.00"
2019-04-07,2019040701006454,GBIME,21,26,200,277.00,"55,400.00"
2019-04-07,2019040701006453,GBIME,21,53,50,277.00,"13,850.00"
2019-04-07,2019040701006382,GBIME,25,26,50,275.00,"13,750.00"
2019-04-07,2019040701006336,GBIME,58,53,50,277.00,"13,850.00"
2019-04-07,2019040701006292,GBIME,58,49,"1,000",275.00,"275,000.00"
2019-04-07,2019040701006291,GBIME,58,52,420,275.00,"115,500.00"
2019-04-07,2019040701006271,GBIME,19,52,100,275.00,"27,500.00"
2019-04-07,2019040701006110,GBIME,56,29,108,274.00,"29,592.00"
2019-04-07,2019040701006041,GBIME,56,44,90,274.00,"24,660.00"
2019-04-07,2019040701006323,GBIME,25,46,100,275.00,"27,500.00"
2019-04-07,2019040701006319,GBIME,58,53,100,277.00,"27,700.00"
2019-04-07,2019040701006308,GBIME,58,55,200,276.00,"55,200.00"
2019-04-07,2019040701006295,GBIME,58,38,78,275.00,"21,450.00"
2019-04-07,2019040701006294,GBIME,58,13,500,275.00,"137,500.00"
2019-04-07,2019040701006293,GBIME,58,26,300,275.00,"82,500.00"
2019-04-07,2019040701006423,GDBL,48,41,500,190.00,"95,000.00"
2019-04-07,2019040701006422,GDBL,48,41,500,190.00,"95,000.00"
2019-04-07,2019040701006421,GDBL,48,28,"1,000",190.00,"190,000.00"
2019-04-07,2019040701006420,GDBL,48,25,296,190.00,"56,240.00"
2019-04-07,2019040701006419,GDBL,48,45,117,190.00,"22,230.00"
2019-04-07,2019040701006372,GDBL,46,14,200,189.00,"37,800.00"
2019-04-07,2019040701006407,GRDBL,43,17,17,106.00,"1,802.00"
2019-04-07,2019040701006406,GRDBL,43,42,500,106.00,"53,000.00"
2019-04-07,2019040701006405,GRDBL,43,7,20,106.00,"2,120.00"
2019-04-07,2019040701006404,GRDBL,43,25,50,106.00,"5,300.00"
2019-04-07,2019040701006403,GRDBL,43,17,50,105.00,"5,250.00"
2019-04-07,2019040701006402,GRDBL,43,17,10,105.00,"1,050.00"
2019-04-07,2019040701006487,HBL,44,3,300,481.00,"144,300.00"
2019-04-07,2019040701006486,HBL,44,51,100,480.00,"48,000.00"
2019-04-07,2019040701006485,HBL,44,17,200,480.00,"96,000.00"
2019-04-07,2019040701006484,HBL,44,29,111,480.00,"53,280.00"
2019-04-07,2019040701006322,HBL,13,29,70,480.00,"33,600.00"
2019-04-07,2019040701006321,HBL,13,6,25,480.00,"12,000.00"
2019-04-07,2019040701006128,HBL,45,3,100,479.00,"47,900.00"
2019-04-07,2019040701006080,HBL,13,3,50,478.00,"23,900.00"
2019-04-07,2019040701006251,HGI,34,42,330,375.00,"123,750.00"
2019-04-07,2019040701006481,JBBL,17,29,143,140.00,"20,020.00"
2019-04-07,2019040701006480,JBBL,17,35,200,140.00,"28,000.00"
2019-04-07,2019040701006479,JBBL,17,4,500,140.00,"70,000.00"
2019-04-07,2019040701006478,JBBL,17,44,550,140.00,"77,000.00"
2019-04-07,2019040701006477,JBBL,17,42,329,140.00,"46,060.00"
2019-04-07,2019040701006476,JBBL,17,17,63,140.00,"8,820.00"
2019-04-07,2019040701006475,JBBL,17,8,500,139.00,"69,500.00"
2019-04-07,2019040701006474,JBBL,17,7,215,139.00,"29,885.00"
2019-04-07,2019040701006440,JBNL,42,5,160,184.00,"29,440.00"
2019-04-07,2019040701006339,JBNL,42,41,300,184.00,"55,200.00"
2019-04-07,2019040701006261,JBNL,52,53,230,185.00,"42,550.00"
2019-04-07,2019040701006260,JBNL,52,38,270,185.00,"49,950.00"
2019-04-07,2019040701006250,JBNL,42,38,730,185.00,"135,050.00"
2019-04-07,2019040701006249,JBNL,42,29,900,185.00,"166,500.00"
2019-04-07,2019040701006091,JBNL,32,41,100,183.00,"18,300.00"
2019-04-07,2019040701006090,JBNL,32,6,30,183.00,"5,490.00"
2019-04-07,2019040701006144,JBNL,38,51,"1,100",184.00,"202,400.00"
2019-04-07,2019040701006143,JBNL,38,43,900,184.00,"165,600.00"
2019-04-07,2019040701006142,JBNL,38,45,10,184.00,"1,840.00"
2019-04-07,2019040701006141,JBNL,38,53,"1,000",184.00,"184,000.00"
2019-04-07,2019040701006093,JBNL,32,22,500,183.00,"91,500.00"
2019-04-07,2019040701006092,JBNL,32,42,"1,000",183.00,"183,000.00"
2019-04-07,2019040701006309,KBBL,34,32,500,213.00,"106,500.00"
2019-04-07,2019040701006426,KNBL,32,28,200,126.00,"25,200.00"
2019-04-07,2019040701006425,KNBL,32,6,40,126.00,"5,040.00"
2019-04-07,2019040701006424,KNBL,32,36,53,126.00,"6,678.00"
2019-04-07,2019040701006302,KPCL,25,36,10,92.00,920.00
2019-04-07,2019040701006109,KPCL,25,7,10,92.00,920.00
2019-04-07,2019040701006052,KSBBL,57,49,96,141.00,"13,536.00"
2019-04-07,2019040701006333,LBL,32,40,227,207.00,"46,989.00"
2019-04-07,2019040701006265,LBL,42,40,273,207.00,"56,511.00"
2019-04-07,2019040701006215,LLBS,10,43,50,745.00,"37,250.00"
2019-04-07,2019040701006190,MBL,19,17,500,239.00,"119,500.00"
2019-04-07,2019040701006189,MBL,19,1,400,239.00,"95,600.00"
2019-04-07,2019040701006188,MBL,19,45,160,239.00,"38,240.00"
2019-04-07,2019040701006187,MBL,19,13,300,239.00,"71,700.00"
2019-04-07,2019040701006186,MBL,19,25,500,239.00,"119,500.00"
2019-04-07,2019040701006254,MDB,13,57,500,240.00,"120,000.00"
2019-04-07,2019040701006488,MEGA,57,36,"1,597",168.00,"268,296.00"
2019-04-07,2019040701006458,MEGA,28,36,100,168.00,"16,800.00"
2019-04-07,2019040701006457,MEGA,52,36,"1,000",168.00,"168,000.00"
2019-04-07,2019040701006456,MEGA,42,36,303,168.00,"50,904.00"
2019-04-07,2019040701006428,MEGA,44,1,120,169.00,"20,280.00"
2019-04-07,2019040701006324,MEGA,44,42,250,169.00,"42,250.00"
2019-04-07,2019040701006179,MEGA,32,41,209,168.00,"35,112.00"
2019-04-07,2019040701006178,MEGA,32,26,425,168.00,"71,400.00"
2019-04-07,2019040701006133,MEGA,58,26,75,168.00,"12,600.00"
2019-04-07,2019040701006132,MEGA,58,11,125,168.00,"21,000.00"
2019-04-07,2019040701006185,MEGA,32,55,400,168.00,"67,200.00"
2019-04-07,2019040701006184,MEGA,32,41,248,168.00,"41,664.00"
2019-04-07,2019040701006183,MEGA,32,52,400,168.00,"67,200.00"
2019-04-07,2019040701006182,MEGA,32,17,"1,500",168.00,"252,000.00"
2019-04-07,2019040701006181,MEGA,32,36,120,168.00,"20,160.00"
2019-04-07,2019040701006180,MEGA,32,7,400,168.00,"67,200.00"
2019-04-07,2019040701006318,MEGA,44,55,"1,400",169.00,"236,600.00"
2019-04-07,2019040701006317,MEGA,44,48,"2,000",169.00,"338,000.00"
2019-04-07,2019040701006316,MEGA,44,48,700,169.00,"118,300.00"
2019-04-07,2019040701006315,MEGA,44,17,30,169.00,"5,070.00"
2019-04-07,2019040701006314,MEGA,44,25,500,169.00,"84,500.00"
2019-04-07,2019040701006204,MEGA,32,57,398,167.00,"66,466.00"
2019-04-07,2019040701006355,MLBL,16,49,150,173.00,"25,950.00"
2019-04-07,2019040701006354,MLBL,16,47,"1,000",173.00,"173,000.00"
2019-04-07,2019040701006353,MLBL,16,41,206,173.00,"35,638.00"
2019-04-07,2019040701006331,MLBL,4,41,10,173.00,"1,730.00"
2019-04-07,2019040701006330,MLBL,16,41,284,173.00,"49,132.00"
2019-04-07,2019040701006329,MLBL,16,25,"1,072",173.00,"185,456.00"
2019-04-07,2019040701006193,MLBL,33,35,189,172.00,"32,508.00"
2019-04-07,2019040701006328,MLBL,16,25,44,173.00,"7,612.00"
2019-04-07,2019040701006198,MLBL,33,4,108,172.00,"18,576.00"
2019-04-07,2019040701006197,MLBL,33,25,500,172.00,"86,000.00"
2019-04-07,2019040701006196,MLBL,33,17,32,172.00,"5,504.00"
2019-04-07,2019040701006195,MLBL,33,41,106,172.00,"18,232.00"
2019-04-07,2019040701006194,MLBL,33,1,300,172.00,"51,600.00"
2019-04-07,2019040701006166,MNBBL,34,39,39,355.00,"13,845.00"
2019-04-07,2019040701006165,MNBBL,34,29,50,352.00,"17,600.00"
2019-04-07,2019040701006164,MNBBL,34,45,313,352.00,"110,176.00"
2019-04-07,2019040701006163,MNBBL,34,34,26,350.00,"9,100.00"
2019-04-07,2019040701006162,MNBBL,34,48,"2,000",350.00,"700,000.00"
2019-04-07,2019040701006161,MNBBL,34,6,100,350.00,"35,000.00"
2019-04-07,2019040701006160,MNBBL,34,28,485,350.00,"169,750.00"
2019-04-07,2019040701006159,MNBBL,34,16,500,350.00,"175,000.00"
2019-04-07,2019040701006087,MNBBL,56,34,59,349.00,"20,591.00"
2019-04-07,2019040701006532,NABIL,35,19,42,728.00,"30,576.00"
2019-04-07,2019040701006520,NABIL,35,58,100,731.00,"73,100.00"
2019-04-07,2019040701006519,NABIL,35,3,100,731.00,"73,100.00"
2019-04-07,2019040701006518,NABIL,35,45,20,730.00,"14,600.00"
2019-04-07,2019040701006517,NABIL,35,26,15,730.00,"10,950.00"
2019-04-07,2019040701006496,NABIL,49,26,35,730.00,"25,550.00"
2019-04-07,2019040701006272,NABIL,5,3,390,728.00,"283,920.00"
2019-04-07,2019040701006234,NABIL,42,3,110,728.00,"80,080.00"
2019-04-07,2019040701006233,NABIL,42,53,190,728.00,"138,320.00"
2019-04-07,2019040701006200,NABIL,42,53,10,728.00,"7,280.00"
2019-04-07,2019040701006199,NABIL,42,3,190,728.00,"138,320.00"
2019-04-07,2019040701006305,NABIL,5,29,50,729.00,"36,450.00"
2019-04-07,2019040701006304,NABIL,5,3,500,729.00,"364,500.00"
2019-04-07,2019040701006303,NABIL,5,3,115,728.00,"83,720.00"
2019-04-07,2019040701006275,NABIL,5,3,110,728.00,"80,080.00"
2019-04-07,2019040701006274,NABIL,5,39,100,728.00,"72,800.00"
2019-04-07,2019040701006273,NABIL,5,3,100,728.00,"72,800.00"
2019-04-07,2019040701006495,NABIL,49,39,100,730.00,"73,000.00"
2019-04-07,2019040701006494,NABIL,49,26,65,730.00,"47,450.00"
2019-04-07,2019040701006409,NABIL,10,26,35,730.00,"25,550.00"
2019-04-07,2019040701006408,NABIL,10,17,465,730.00,"339,450.00"
2019-04-07,2019040701006307,NABIL,5,17,35,730.00,"25,550.00"
2019-04-07,2019040701006306,NABIL,5,3,300,729.00,"218,700.00"
2019-04-07,2019040701006506,NABILP,49,41,100,715.00,"71,500.00"
2019-04-07,2019040701006452,NABILP,44,11,10,715.00,"7,150.00"
2019-04-07,2019040701006451,NABILP,44,39,200,714.00,"142,800.00"
2019-04-07,2019040701006450,NABILP,44,8,250,713.00,"178,250.00"
2019-04-07,2019040701006449,NABILP,44,28,40,713.00,"28,520.00"
2019-04-07,2019040701006313,NABILP,44,11,100,711.00,"71,100.00"
2019-04-07,2019040701006312,NABILP,44,39,"1,000",711.00,"711,000.00"
2019-04-07,2019040701006311,NABILP,44,6,26,710.00,"18,460.00"
2019-04-07,2019040701006439,NADEP,58,49,10,655.00,"6,550.00"
2019-04-07,2019040701006438,NADEP,58,4,10,655.00,"6,550.00"
2019-04-07,2019040701006325,NADEP,22,36,10,652.00,"6,520.00"
2019-04-07,2019040701006499,NBB,53,56,100,213.00,"21,300.00"
2019-04-07,2019040701006498,NBB,53,19,500,213.00,"106,500.00"
2019-04-07,2019040701006377,NBB,58,35,200,212.00,"42,400.00"
2019-04-07,2019040701006376,NBB,58,26,300,212.00,"63,600.00"
2019-04-07,2019040701006375,NBB,58,55,"3,000",212.00,"636,000.00"
2019-04-07,2019040701006154,NBB,58,16,"1,500",211.00,"316,500.00"
2019-04-07,2019040701006153,NBB,58,29,208,211.00,"43,888.00"
2019-04-07,2019040701006058,NBB,55,29,200,211.00,"42,200.00"
2019-04-07,2019040701006374,NBB,58,59,300,212.00,"63,600.00"
2019-04-07,2019040701006373,NBB,58,8,200,212.00,"42,400.00"
2019-04-07,2019040701006158,NBB,58,58,"1,000",211.00,"211,000.00"
2019-04-07,2019040701006157,NBB,58,21,500,211.00,"105,500.00"
2019-04-07,2019040701006156,NBB,58,55,"2,000",211.00,"422,000.00"
2019-04-07,2019040701006155,NBB,58,16,"1,500",211.00,"316,500.00"
2019-04-07,2019040701006397,NBL,38,58,"2,000",302.00,"604,000.00"
2019-04-07,2019040701006396,NBL,38,22,200,302.00,"60,400.00"
2019-04-07,2019040701006395,NBL,38,25,"4,500",302.00,"1,359,000.00"
2019-04-07,2019040701006394,NBL,38,44,300,302.00,"90,600.00"
2019-04-07,2019040701006393,NBL,38,8,200,302.00,"60,400.00"
2019-04-07,2019040701006392,NBL,38,41,100,302.00,"30,200.00"
2019-04-07,2019040701006075,NBL,34,55,500,300.00,"150,000.00"
2019-04-07,2019040701006057,NBL,10,55,435,300.00,"130,500.00"
2019-04-07,2019040701006056,NBL,10,48,400,300.00,"120,000.00"
2019-04-07,2019040701006055,NBL,10,41,165,300.00,"49,500.00"
2019-04-07,2019040701006216,NBL,33,34,50,300.00,"15,000.00"
2019-04-07,2019040701006209,NBL,34,6,295,300.00,"88,500.00"
2019-04-07,2019040701006151,NBL,45,6,705,300.00,"211,500.00"
2019-04-07,2019040701006150,NBL,45,16,100,300.00,"30,000.00"
2019-04-07,2019040701006149,NBL,45,43,130,300.00,"39,000.00"
2019-04-07,2019040701006148,NBL,45,55,65,300.00,"19,500.00"
2019-04-07,2019040701006381,NBL,32,53,50,301.00,"15,050.00"
2019-04-07,2019040701006380,NBL,32,53,440,301.00,"132,440.00"
2019-04-07,2019040701006220,NBL,33,53,60,301.00,"18,060.00"
2019-04-07,2019040701006219,NBL,33,35,140,301.00,"42,140.00"
2019-04-07,2019040701006218,NBL,33,8,200,301.00,"60,200.00"
2019-04-07,2019040701006217,NBL,33,53,50,300.00,"15,000.00"
2019-04-07,2019040701006524,NCCB,34,54,100,227.00,"22,700.00"
2019-04-07,2019040701006523,NCCB,34,49,100,227.00,"22,700.00"
2019-04-07,2019040701006522,NCCB,34,50,100,227.00,"22,700.00"
2019-04-07,2019040701006521,NCCB,34,8,200,227.00,"45,400.00"
2019-04-07,2019040701006516,NCCB,56,56,500,226.00,"113,000.00"
2019-04-07,2019040701006515,NCCB,56,1,304,226.00,"68,704.00"
2019-04-07,2019040701006238,NCCB,58,48,"2,947",224.00,"660,128.00"
2019-04-07,2019040701006237,NCCB,58,7,700,224.00,"156,800.00"
2019-04-07,2019040701006230,NCCB,1,48,400,224.00,"89,600.00"
2019-04-07,2019040701006146,NCCB,13,48,150,224.00,"33,600.00"
2019-04-07,2019040701006414,NCCB,29,45,300,225.00,"67,500.00"
2019-04-07,2019040701006413,NCCB,29,49,55,225.00,"12,375.00"
2019-04-07,2019040701006383,NCCB,58,5,330,224.00,"73,920.00"
2019-04-07,2019040701006361,NCCB,1,5,100,224.00,"22,400.00"
2019-04-07,2019040701006360,NCCB,52,5,70,224.00,"15,680.00"
2019-04-07,2019040701006239,NCCB,58,33,"2,843",224.00,"636,832.00"
2019-04-07,2019040701006433,NCCB,58,45,"1,862",225.00,"418,950.00"
2019-04-07,2019040701006432,NCCB,58,56,"1,000",225.00,"225,000.00"
2019-04-07,2019040701006431,NCCB,58,1,200,225.00,"45,000.00"
2019-04-07,2019040701006430,NCCB,58,34,"1,355",225.00,"304,875.00"
2019-04-07,2019040701006416,NCCB,29,34,645,225.00,"145,125.00"
2019-04-07,2019040701006415,NCCB,29,51,"1,000",225.00,"225,000.00"
2019-04-07,2019040701006443,NCCB,58,57,100,225.00,"22,500.00"
2019-04-07,2019040701006442,NCCB,58,19,101,225.00,"22,725.00"
2019-04-07,2019040701006441,NCCB,58,48,603,225.00,"135,675.00"
2019-04-07,2019040701006436,NCCB,58,48,283,225.00,"63,675.00"
2019-04-07,2019040701006435,NCCB,58,52,200,225.00,"45,000.00"
2019-04-07,2019040701006434,NCCB,58,8,100,225.00,"22,500.00"
2019-04-07,2019040701006508,NCCB,56,49,100,226.00,"22,600.00"
2019-04-07,2019040701006507,NCCB,56,34,"1,804",226.00,"407,704.00"
2019-04-07,2019040701006469,NCCB,58,34,196,226.00,"44,296.00"
2019-04-07,2019040701006468,NCCB,58,33,804,225.00,"180,900.00"
2019-04-07,2019040701006455,NCCB,58,20,900,224.00,"201,600.00"
2019-04-07,2019040701006444,NCCB,58,33,"4,196",225.00,"944,100.00"
2019-04-07,2019040701006514,NCCB,56,34,80,226.00,"18,080.00"
2019-04-07,2019040701006513,NCCB,56,13,300,226.00,"67,800.00"
2019-04-07,2019040701006512,NCCB,56,16,"1,500",226.00,"339,000.00"
2019-04-07,2019040701006511,NCCB,56,16,"1,500",226.00,"339,000.00"
2019-04-07,2019040701006510,NCCB,56,29,500,226.00,"113,000.00"
2019-04-07,2019040701006509,NCCB,56,29,"1,000",226.00,"226,000.00"
2019-04-07,2019040701006400,NCDB,36,47,200,129.00,"25,800.00"
2019-04-07,2019040701006384,NCDB,36,28,500,127.00,"63,500.00"
2019-04-07,2019040701006505,NIB,38,5,10,545.00,"5,450.00"
2019-04-07,2019040701006460,NIB,49,38,50,546.00,"27,300.00"
2019-04-07,2019040701006252,NIB,49,38,450,546.00,"245,700.00"
2019-04-07,2019040701006248,NIB,49,25,400,546.00,"218,400.00"
2019-04-07,2019040701006247,NIB,49,46,50,546.00,"27,300.00"
2019-04-07,2019040701006246,NIB,49,17,100,546.00,"54,600.00"
2019-04-07,2019040701006138,NIB,56,17,200,546.00,"109,200.00"
2019-04-07,2019040701006504,NICA,17,17,274,467.00,"127,958.00"
2019-04-07,2019040701006502,NICA,7,58,610,469.00,"286,090.00"
2019-04-07,2019040701006501,NICA,7,43,30,467.00,"14,010.00"
2019-04-07,2019040701006471,NICA,14,17,100,469.00,"46,900.00"
2019-04-07,2019040701006464,NICA,52,17,180,469.00,"84,420.00"
2019-04-07,2019040701006446,NICA,52,55,20,469.00,"9,380.00"
2019-04-07,2019040701006071,NICA,6,22,30,470.00,"14,100.00"
2019-04-07,2019040701006053,NICA,14,22,70,470.00,"32,900.00"
2019-04-07,2019040701006042,NICA,14,21,10,470.00,"4,700.00"
2019-04-07,2019040701006039,NICA,14,33,"1,500",470.00,"705,000.00"
2019-04-07,2019040701006038,NICA,14,53,400,470.00,"188,000.00"
2019-04-07,2019040701006037,NICA,14,58,20,470.00,"9,400.00"
2019-04-07,2019040701006108,NICA,47,17,100,470.00,"47,000.00"
2019-04-07,2019040701006107,NICA,49,17,50,470.00,"23,500.00"
2019-04-07,2019040701006106,NICA,6,17,265,470.00,"124,550.00"
2019-04-07,2019040701006099,NICA,6,29,505,470.00,"237,350.00"
2019-04-07,2019040701006084,NICA,6,45,100,470.00,"47,000.00"
2019-04-07,2019040701006081,NICA,6,22,100,470.00,"47,000.00"
2019-04-07,2019040701006147,NICA,38,22,100,470.00,"47,000.00"
2019-04-07,2019040701006145,NICA,56,42,"1,000",471.00,"471,000.00"
2019-04-07,2019040701006140,NICA,38,29,65,470.00,"30,550.00"
2019-04-07,2019040701006131,NICA,38,18,200,470.00,"94,000.00"
2019-04-07,2019040701006127,NICA,38,29,45,470.00,"21,150.00"
2019-04-07,2019040701006126,NICA,38,17,85,470.00,"39,950.00"
2019-04-07,2019040701006320,NICA,56,38,50,471.00,"23,550.00"
2019-04-07,2019040701006277,NICA,56,38,50,471.00,"23,550.00"
2019-04-07,2019040701006259,NICA,28,28,900,472.00,"424,800.00"
2019-04-07,2019040701006256,NICA,56,38,55,471.00,"25,905.00"
2019-04-07,2019040701006177,NICA,4,28,100,472.00,"47,200.00"
2019-04-07,2019040701006176,NICA,4,22,300,472.00,"141,600.00"
2019-04-07,2019040701006351,NICA,42,38,50,471.00,"23,550.00"
2019-04-07,2019040701006341,NICA,42,52,705,471.00,"332,055.00"
2019-04-07,2019040701006340,NICA,56,52,295,471.00,"138,945.00"
2019-04-07,2019040701006335,NICA,56,11,205,471.00,"96,555.00"
2019-04-07,2019040701006334,NICA,56,11,295,471.00,"138,945.00"
2019-04-07,2019040701006332,NICA,56,38,50,471.00,"23,550.00"
2019-04-07,2019040701006445,NICA,33,55,25,469.00,"11,725.00"
2019-04-07,2019040701006427,NICA,33,55,475,469.00,"222,775.00"
2019-04-07,2019040701006417,NICA,38,55,455,470.00,"213,850.00"
2019-04-07,2019040701006411,NICA,38,38,50,470.00,"23,500.00"
2019-04-07,2019040701006362,NICA,42,38,50,471.00,"23,550.00"
2019-04-07,2019040701006358,NICA,4,49,100,472.00,"47,200.00"
2019-04-07,2019040701006232,NICL,21,7,100,368.00,"36,800.00"
2019-04-07,2019040701006231,NICL,52,7,30,368.00,"11,040.00"
2019-04-07,2019040701006447,NIL,53,44,100,515.00,"51,500.00"
2019-04-07,2019040701006389,NIL,37,44,100,515.00,"51,500.00"
2019-04-07,2019040701006270,NLIC,22,57,17,"1,090.00","18,530.00"
2019-04-07,2019040701006201,NLIC,28,28,100,"1,091.00","109,100.00"
2019-04-07,2019040701006079,NLIC,58,28,230,"1,091.00","250,930.00"
2019-04-07,2019040701006078,NLIC,58,40,70,"1,090.00","76,300.00"
2019-04-07,2019040701006074,NLIC,6,33,12,"1,090.00","13,080.00"
2019-04-07,2019040701006503,NMB,50,44,200,350.00,"70,000.00"
2019-04-07,2019040701006500,NMB,16,44,100,350.00,"35,000.00"
2019-04-07,2019040701006472,NMB,41,44,300,350.00,"105,000.00"
2019-04-07,2019040701006357,NMB,10,6,100,352.00,"35,200.00"
2019-04-07,2019040701006344,NMB,50,43,100,351.00,"35,100.00"
2019-04-07,2019040701006343,NMB,50,5,100,351.00,"35,100.00"
2019-04-07,2019040701006036,NMB,53,50,23,350.00,"8,050.00"
2019-04-07,2019040701006290,NMB,13,17,7,344.00,"2,408.00"
2019-04-07,2019040701006122,NMB,28,57,693,351.00,"243,243.00"
2019-04-07,2019040701006095,NMB,49,44,"1,000",350.00,"350,000.00"
2019-04-07,2019040701006094,NMB,49,58,50,350.00,"17,500.00"
2019-04-07,2019040701006060,NMB,49,50,977,350.00,"341,950.00"
2019-04-07,2019040701006054,NMB,58,50,"1,000",350.00,"350,000.00"
2019-04-07,2019040701006482,NTC,19,51,100,684.00,"68,400.00"
2019-04-07,2019040701006208,PCBL,18,43,100,334.00,"33,400.00"
2019-04-07,2019040701006202,PCBL,44,11,100,338.00,"33,800.00"
2019-04-07,2019040701006048,PCBL,18,43,500,334.00,"167,000.00"
2019-04-07,2019040701006047,PCBL,18,32,300,333.00,"99,900.00"
2019-04-07,2019040701006046,PCBL,18,54,100,333.00,"33,300.00"
2019-04-07,2019040701006045,PCBL,18,16,100,332.00,"33,200.00"
2019-04-07,2019040701006044,PCBL,18,6,"1,000",332.00,"332,000.00"
2019-04-07,2019040701006043,PCBL,18,53,400,332.00,"132,800.00"
2019-04-07,2019040701006034,PCBL,6,53,100,332.00,"33,200.00"
2019-04-07,2019040701006076,PIC,21,44,11,"1,006.00","11,066.00"
2019-04-07,2019040701006051,PIC,21,44,11,"1,006.00","11,066.00"
2019-04-07,2019040701006282,PICL,56,10,100,681.00,"68,100.00"
2019-04-07,2019040701006104,PLIC,57,42,50,446.00,"22,300.00"
2019-04-07,2019040701006283,PMHPL,49,36,10,109.00,"1,090.00"
2019-04-07,2019040701006257,PRIN,22,50,61,405.00,"24,705.00"
2019-04-07,2019040701006213,PRIN,51,50,50,405.00,"20,250.00"
2019-04-07,2019040701006212,PRIN,16,50,22,405.00,"8,910.00"
2019-04-07,2019040701006429,PRVU,49,14,170,250.00,"42,500.00"
2019-04-07,2019040701006069,PRVU,36,6,"1,000",249.00,"249,000.00"
2019-04-07,2019040701006211,PRVU,51,32,"1,400",250.00,"350,000.00"
2019-04-07,2019040701006210,PRVU,51,8,100,250.00,"25,000.00"
2019-04-07,2019040701006137,PRVU,43,38,87,249.00,"21,663.00"
2019-04-07,2019040701006136,PRVU,43,38,87,249.00,"21,663.00"
2019-04-07,2019040701006135,PRVU,43,51,685,249.00,"170,565.00"
2019-04-07,2019040701006134,PRVU,43,6,800,249.00,"199,200.00"
2019-04-07,2019040701006299,PRVU,43,28,200,250.00,"50,000.00"
2019-04-07,2019040701006298,PRVU,43,52,300,250.00,"75,000.00"
2019-04-07,2019040701006297,PRVU,43,50,395,250.00,"98,750.00"
2019-04-07,2019040701006296,PRVU,43,8,600,250.00,"150,000.00"
2019-04-07,2019040701006279,PRVU,21,8,400,250.00,"100,000.00"
2019-04-07,2019040701006278,PRVU,21,32,600,250.00,"150,000.00"
2019-04-07,2019040701006356,PRVU,43,17,57,251.00,"14,307.00"
2019-04-07,2019040701006342,PRVU,21,53,500,252.00,"126,000.00"
2019-04-07,2019040701006327,PRVU,43,35,343,251.00,"86,093.00"
2019-04-07,2019040701006326,PRVU,43,8,100,251.00,"25,100.00"
2019-04-07,2019040701006300,PRVU,43,6,500,250.00,"125,000.00"
2019-04-07,2019040701006399,RADHI,54,47,11,171.00,"1,881.00"
2019-04-07,2019040701006398,RADHI,54,21,11,171.00,"1,881.00"
2019-04-07,2019040701006264,RRHP,45,7,10,90.00,900.00
2019-04-07,2019040701006235,RRHP,45,7,10,90.00,900.00
2019-04-07,2019040701006070,RRHP,45,7,10,90.00,900.00
2019-04-07,2019040701006497,SADBL,46,43,312,146.00,"45,552.00"
2019-04-07,2019040701006105,SADBL,4,56,500,145.00,"72,500.00"
2019-04-07,2019040701006437,SANIMA,34,43,10,328.00,"3,280.00"
2019-04-07,2019040701006067,SANIMA,52,39,72,325.00,"23,400.00"
2019-04-07,2019040701006066,SANIMA,52,6,255,324.00,"82,620.00"
2019-04-07,2019040701006065,SANIMA,52,8,200,323.00,"64,600.00"
2019-04-07,2019040701006064,SANIMA,52,48,750,321.00,"240,750.00"
2019-04-07,2019040701006063,SANIMA,52,10,533,321.00,"171,093.00"
2019-04-07,2019040701006062,SANIMA,52,8,200,321.00,"64,200.00"
2019-04-07,2019040701006061,SANIMA,52,58,"1,000",320.00,"320,000.00"
2019-04-07,2019040701006050,SANIMA,58,45,300,319.00,"95,700.00"
2019-04-07,2019040701006049,SANIMA,58,57,180,319.00,"57,420.00"
2019-04-07,2019040701006191,SBI,17,45,100,411.00,"41,100.00"
2019-04-07,2019040701006492,SBL,25,28,200,316.00,"63,200.00"
2019-04-07,2019040701006491,SBL,25,32,300,316.00,"94,800.00"
2019-04-07,2019040701006490,SBL,25,43,50,315.00,"15,750.00"
2019-04-07,2019040701006467,SBL,43,43,290,315.00,"91,350.00"
2019-04-07,2019040701006466,SBL,43,59,957,315.00,"301,455.00"
2019-04-07,2019040701006465,SBL,43,43,50,314.00,"15,700.00"
2019-04-07,2019040701006345,SBL,16,43,160,314.00,"50,240.00"
2019-04-07,2019040701006170,SBL,16,43,80,314.00,"25,120.00"
2019-04-07,2019040701006121,SBL,16,43,50,314.00,"15,700.00"
2019-04-07,2019040701006097,SBL,45,38,600,315.00,"189,000.00"
2019-04-07,2019040701006096,SBL,45,52,200,315.00,"63,000.00"
2019-04-07,2019040701006089,SBL,16,43,80,314.00,"25,120.00"
2019-04-07,2019040701006527,SCB,56,11,68,585.00,"39,780.00"
2019-04-07,2019040701006526,SCB,56,39,100,584.00,"58,400.00"
2019-04-07,2019040701006525,SCB,56,6,18,583.00,"10,494.00"
2019-04-07,2019040701006448,SFFIL,29,16,430,203.00,"87,290.00"
2019-04-07,2019040701006462,SHIVM,50,1,50,321.00,"16,050.00"
2019-04-07,2019040701006461,SHIVM,50,1,50,321.00,"16,050.00"
2019-04-07,2019040701006371,SHIVM,50,16,50,322.00,"16,100.00"
2019-04-07,2019040701006370,SHIVM,50,16,50,322.00,"16,100.00"
2019-04-07,2019040701006369,SHIVM,50,16,100,322.00,"32,200.00"
2019-04-07,2019040701006368,SHIVM,50,5,50,322.00,"16,100.00"
2019-04-07,2019040701006130,SHIVM,45,35,50,322.00,"16,100.00"
2019-04-07,2019040701006129,SHIVM,45,17,50,322.00,"16,100.00"
2019-04-07,2019040701006367,SHIVM,50,5,50,322.00,"16,100.00"
2019-04-07,2019040701006366,SHIVM,50,5,50,322.00,"16,100.00"
2019-04-07,2019040701006365,SHIVM,50,34,50,322.00,"16,100.00"
2019-04-07,2019040701006364,SHIVM,50,1,50,321.00,"16,050.00"
2019-04-07,2019040701006363,SHIVM,50,1,50,321.00,"16,050.00"
2019-04-07,2019040701006203,SHIVM,43,52,50,321.00,"16,050.00"
2019-04-07,2019040701006040,SIL,53,21,50,594.00,"29,700.00"
2019-04-07,2019040701006236,SINDU,29,44,50,132.00,"6,600.00"
2019-04-07,2019040701006463,SLBSL,5,45,10,657.00,"6,570.00"
2019-04-07,2019040701006072,SPDL,39,49,32,102.00,"3,264.00"
2019-04-07,2019040701006175,SRBL,28,55,"5,000",236.00,"1,180,000.00"
2019-04-07,2019040701006174,SRBL,28,55,122,236.00,"28,792.00"
2019-04-07,2019040701006173,SRBL,28,38,224,235.00,"52,640.00"
2019-04-07,2019040701006172,SRBL,28,56,100,235.00,"23,500.00"
2019-04-07,2019040701006171,SRBL,28,55,"1,330",235.00,"312,550.00"
2019-04-07,2019040701006139,SRBL,28,55,"1,000",235.00,"235,000.00"
2019-04-07,2019040701006123,SRBL,49,55,170,235.00,"39,950.00"
2019-04-07,2019040701006098,SRBL,16,45,100,234.00,"23,400.00"
2019-04-07,2019040701006068,SRBL,28,55,500,235.00,"117,500.00"
2019-04-07,2019040701006120,SWBBL,46,16,33,817.00,"26,961.00"
2019-04-07,2019040701006073,UIC,6,50,300,760.00,"228,000.00"
2019-04-07,2019040701006529,UPPER,57,57,34,235.00,"7,990.00"
2019-04-07,2019040701006528,UPPER,22,57,34,235.00,"7,990.00"
2019-04-07,2019040701006391,UPPER,22,58,166,235.00,"39,010.00"
2019-04-07,2019040701006390,UPPER,55,58,84,235.00,"19,740.00"
2019-04-07,2019040701006338,UPPER,55,1,916,235.00,"215,260.00"
2019-04-07,2019040701006337,UPPER,55,1,84,235.00,"19,740.00"
2019-04-07,2019040701006059,UPPER,55,57,146,235.00,"34,310.00"
2019-04-07,2019040701006268,UPPER,55,36,50,235.00,"11,750.00"
2019-04-07,2019040701006125,UPPER,55,58,50,235.00,"11,750.00"
2019-04-07,2019040701006111,UPPER,55,38,40,235.00,"9,400.00"
2019-04-07,2019040701006083,UPPER,57,39,146,236.00,"34,456.00"
2019-04-07,2019040701005688,ADBL,49,50,100,307.00,"30,700.00"
2019-04-07,2019040701005687,ADBL,49,43,500,307.00,"153,500.00"
2019-04-07,2019040701005686,ADBL,49,58,685,306.00,"209,610.00"
2019-04-07,2019040701005951,AHPC,7,7,"5,000",102.00,"510,000.00"
2019-04-07,2019040701005995,AKJCL,25,8,20,79.00,"1,580.00"
2019-04-07,2019040701005919,AKJCL,57,8,10,78.00,780.00
2019-04-07,2019040701005909,AKJCL,57,8,10,78.00,780.00
2019-04-07,2019040701005875,AKJCL,57,8,20,78.00,"1,560.00"
2019-04-07,2019040701005846,AKJCL,57,8,20,78.00,"1,560.00"
2019-04-07,2019040701005834,AKJCL,57,8,10,78.00,780.00
2019-04-07,2019040701005599,AKJCL,57,8,20,78.00,"1,560.00"
2019-04-07,2019040701005577,AKJCL,48,8,20,78.00,"1,560.00"
2019-04-07,2019040701005573,AKJCL,48,8,10,78.00,780.00
2019-04-07,2019040701005546,AKJCL,48,8,20,78.00,"1,560.00"
2019-04-07,2019040701005535,AKJCL,48,8,20,78.00,"1,560.00"
2019-04-07,2019040701005813,AKJCL,57,8,10,78.00,780.00
2019-04-07,2019040701005801,AKJCL,57,8,10,78.00,780.00
2019-04-07,2019040701005779,AKJCL,57,8,20,78.00,"1,560.00"
2019-04-07,2019040701005662,AKJCL,57,8,20,78.00,"1,560.00"
2019-04-07,2019040701005639,AKJCL,57,8,20,78.00,"1,560.00"
2019-04-07,2019040701005624,AKJCL,57,8,20,78.00,"1,560.00"
2019-04-07,2019040701005986,AKPL,58,49,41,172.00,"7,052.00"
2019-04-07,2019040701005769,AKPL,58,49,41,172.00,"7,052.00"
2019-04-07,2019040701005564,AKPL,59,37,64,175.00,"11,200.00"
2019-04-07,2019040701005653,ALBSL,45,44,10,466.00,"4,660.00"
2019-04-07,2019040701005996,API,25,57,28,134.00,"3,752.00"
2019-04-07,2019040701005921,API,25,38,368,134.00,"49,312.00"
2019-04-07,2019040701005920,API,47,38,32,134.00,"4,288.00"
2019-04-07,2019040701005777,API,25,29,150,135.00,"20,250.00"
2019-04-07,2019040701005966,BOKL,25,53,100,260.00,"26,000.00"
2019-04-07,2019040701005872,BOKL,47,51,300,259.00,"77,700.00"
2019-04-07,2019040701005871,BOKL,47,33,57,259.00,"14,763.00"
2019-04-07,2019040701005870,BOKL,47,48,100,259.00,"25,900.00"
2019-04-07,2019040701005869,BOKL,47,22,56,259.00,"14,504.00"
2019-04-07,2019040701005868,BOKL,47,43,470,259.00,"121,730.00"
2019-04-07,2019040701005815,BOKL,34,43,500,259.00,"129,500.00"
2019-04-07,2019040701005753,BOKL,37,55,100,258.00,"25,800.00"
2019-04-07,2019040701005985,BPCL,44,49,18,360.00,"6,480.00"
2019-04-07,2019040701005984,BPCL,44,43,22,360.00,"7,920.00"
2019-04-07,2019040701005831,BPCL,45,44,22,358.00,"7,876.00"
2019-04-07,2019040701005574,BPCL,45,44,11,358.00,"3,938.00"
2019-04-07,2019040701005560,BPCL,45,44,11,358.00,"3,938.00"
2019-04-07,2019040701005699,CBBL,41,58,12,895.00,"10,740.00"
2019-04-07,2019040701005945,CBL,1,19,11,162.00,"1,782.00"
2019-04-07,2019040701005887,CBL,29,6,30,163.00,"4,890.00"
2019-04-07,2019040701005886,CBL,29,28,"1,000",163.00,"163,000.00"
2019-04-07,2019040701005885,CBL,29,41,280,163.00,"45,640.00"
2019-04-07,2019040701005884,CBL,29,42,500,163.00,"81,500.00"
2019-04-07,2019040701005883,CBL,29,59,90,163.00,"14,670.00"
2019-04-07,2019040701005855,CBL,37,49,500,162.00,"81,000.00"
2019-04-07,2019040701005854,CBL,37,29,72,162.00,"11,664.00"
2019-04-07,2019040701005590,CBL,48,58,"1,900",161.00,"305,900.00"
2019-04-07,2019040701005589,CBL,48,43,200,161.00,"32,200.00"
2019-04-07,2019040701005882,CBL,29,58,100,163.00,"16,300.00"
2019-04-07,2019040701005860,CBL,37,1,144,162.00,"23,328.00"
2019-04-07,2019040701005859,CBL,37,41,"1,000",162.00,"162,000.00"
2019-04-07,2019040701005858,CBL,37,6,"1,000",162.00,"162,000.00"
2019-04-07,2019040701005857,CBL,37,32,100,162.00,"16,200.00"
2019-04-07,2019040701005856,CBL,37,11,100,162.00,"16,200.00"
2019-04-07,2019040701005962,CCBL,45,58,300,172.00,"51,600.00"
2019-04-07,2019040701005961,CCBL,45,48,"1,000",172.00,"172,000.00"
2019-04-07,2019040701005960,CCBL,45,6,150,172.00,"25,800.00"
2019-04-07,2019040701005924,CCBL,49,41,215,171.00,"36,765.00"
2019-04-07,2019040701005923,CCBL,49,41,70,171.00,"11,970.00"
2019-04-07,2019040701005898,CCBL,48,34,100,171.00,"17,100.00"
2019-04-07,2019040701005568,CCBL,48,11,100,171.00,"17,100.00"
2019-04-07,2019040701005567,CCBL,48,56,"1,000",171.00,"171,000.00"
2019-04-07,2019040701005566,CCBL,48,25,300,171.00,"51,300.00"
2019-04-07,2019040701005545,CCBL,59,6,500,170.00,"85,000.00"
2019-04-07,2019040701005544,CCBL,59,56,200,170.00,"34,000.00"
2019-04-07,2019040701005533,CCBL,34,26,"2,250",168.00,"378,000.00"
2019-04-07,2019040701005897,CCBL,48,25,"1,000",171.00,"171,000.00"
2019-04-07,2019040701005896,CCBL,48,7,900,171.00,"153,900.00"
2019-04-07,2019040701005861,CCBL,34,59,250,168.00,"42,000.00"
2019-04-07,2019040701005719,CCBL,34,54,105,168.00,"17,640.00"
2019-04-07,2019040701005673,CCBL,53,7,500,171.00,"85,500.00"
2019-04-07,2019040701005569,CCBL,48,7,600,171.00,"102,600.00"
2019-04-07,2019040701005709,CHLBS,44,44,10,495.00,"4,950.00"
2019-04-07,2019040701005634,CIT,16,25,90,"2,581.00","232,290.00"
2019-04-07,2019040701005633,CIT,11,25,10,"2,581.00","25,810.00"
2019-04-07,2019040701005632,CIT,37,25,20,"2,582.00","51,640.00"
2019-04-07,2019040701005794,CZBIL,21,32,"1,000",219.00,"219,000.00"
2019-04-07,2019040701005793,CZBIL,29,32,"1,000",219.00,"219,000.00"
2019-04-07,2019040701005792,CZBIL,28,32,980,219.00,"214,620.00"
2019-04-07,2019040701005791,CZBIL,43,32,270,220.00,"59,400.00"
2019-04-07,2019040701005733,CZBIL,48,22,428,221.00,"94,588.00"
2019-04-07,2019040701005732,CZBIL,48,43,200,221.00,"44,200.00"
2019-04-07,2019040701005658,CZBIL,43,49,10,220.00,"2,200.00"
2019-04-07,2019040701005623,CZBIL,43,49,10,220.00,"2,200.00"
2019-04-07,2019040701005731,CZBIL,48,6,40,221.00,"8,840.00"
2019-04-07,2019040701005730,CZBIL,48,28,100,221.00,"22,100.00"
2019-04-07,2019040701005729,CZBIL,48,26,250,221.00,"55,250.00"
2019-04-07,2019040701005728,CZBIL,48,37,300,221.00,"66,300.00"
2019-04-07,2019040701005727,CZBIL,48,43,50,221.00,"11,050.00"
2019-04-07,2019040701005689,CZBIL,43,49,10,220.00,"2,200.00"
2019-04-07,2019040701005979,DDBL,55,58,43,590.00,"25,370.00"
2019-04-07,2019040701005978,DDBL,55,19,50,590.00,"29,500.00"
2019-04-07,2019040701005977,DDBL,55,50,49,589.00,"28,861.00"
2019-04-07,2019040701005976,DDBL,55,39,58,589.00,"34,162.00"
2019-04-07,2019040701005563,DDBL,16,45,100,586.00,"58,600.00"
2019-04-07,2019040701005922,EBL,34,29,24,612.00,"14,688.00"
2019-04-07,2019040701005908,EBL,34,19,13,610.00,"7,930.00"
2019-04-07,2019040701005907,EBL,34,17,100,610.00,"61,000.00"
2019-04-07,2019040701005906,EBL,34,13,50,610.00,"30,500.00"
2019-04-07,2019040701005905,EBL,34,35,18,610.00,"10,980.00"
2019-04-07,2019040701005864,EBL,14,35,82,610.00,"50,020.00"
2019-04-07,2019040701005799,EBL,52,35,200,610.00,"122,000.00"
2019-04-07,2019040701005593,EBL,34,29,50,609.00,"30,450.00"
2019-04-07,2019040701005557,EBL,34,13,26,609.00,"15,834.00"
2019-04-07,2019040701005910,FMDBL,45,28,38,365.00,"13,870.00"
2019-04-07,2019040701005549,FOWAD,45,45,80,"1,500.00","120,000.00"
2019-04-07,2019040701005548,FOWAD,45,45,20,"1,500.00","30,000.00"
2019-04-07,2019040701005660,GBBL,1,35,111,193.00,"21,423.00"
2019-04-07,2019040701005989,GBIME,48,44,10,274.00,"2,740.00"
2019-04-07,2019040701005988,GBIME,48,35,290,274.00,"79,460.00"
2019-04-07,2019040701005953,GBIME,52,35,210,274.00,"57,540.00"
2019-04-07,2019040701005952,GBIME,52,52,290,274.00,"79,460.00"
2019-04-07,2019040701005888,GBIME,34,52,500,274.00,"137,000.00"
