Date,Transact. No.,Symbol,Buyer,Seller,Quantity,Rate,Amount
2019-03-25,2019032501005123,ADBL,37,59,400,294.00,"117,600.00"
2019-03-25,2019032501005113,ADBL,37,10,100,294.00,"29,400.00"
2019-03-25,2019032501004880,ADBL,36,6,200,294.00,"58,800.00"
2019-03-25,2019032501004879,ADBL,36,28,640,294.00,"188,160.00"
2019-03-25,2019032501004862,ADBL,57,28,50,294.00,"14,700.00"
2019-03-25,2019032501004793,ADBL,45,1,31,293.00,"9,083.00"
2019-03-25,2019032501004958,AHPC,58,8,"1,000",101.00,"101,000.00"
2019-03-25,2019032501004957,AHPC,10,8,"1,000",101.00,"101,000.00"
2019-03-25,2019032501004956,AHPC,48,8,500,101.00,"50,500.00"
2019-03-25,2019032501004955,AHPC,45,8,300,101.00,"30,300.00"
2019-03-25,2019032501004954,AHPC,13,8,500,102.00,"51,000.00"
2019-03-25,2019032501004846,AHPC,22,58,299,102.00,"30,498.00"
2019-03-25,2019032501004978,AKJCL,39,58,20,79.00,"1,580.00"
2019-03-25,2019032501004947,AKJCL,39,10,10,79.00,790.00
2019-03-25,2019032501004940,AKJCL,39,54,20,79.00,"1,580.00"
2019-03-25,2019032501004866,AKJCL,39,10,20,79.00,"1,580.00"
2019-03-25,2019032501004786,AKJCL,39,10,20,79.00,"1,580.00"
2019-03-25,2019032501004756,AKJCL,39,43,10,79.00,790.00
2019-03-25,2019032501005034,AKPL,56,56,13,167.00,"2,171.00"
2019-03-25,2019032501004764,AKPL,41,45,13,166.00,"2,158.00"
2019-03-25,2019032501004887,AKPL,41,56,13,166.00,"2,158.00"
2019-03-25,2019032501005234,ALBSL,39,36,10,490.00,"4,900.00"
2019-03-25,2019032501005186,ALBSL,39,29,10,490.00,"4,900.00"
2019-03-25,2019032501005112,ALBSL,48,49,10,490.00,"4,900.00"
2019-03-25,2019032501005101,ALBSL,48,49,10,490.00,"4,900.00"
2019-03-25,2019032501005065,ALBSL,45,16,10,490.00,"4,900.00"
2019-03-25,2019032501004795,ALBSL,45,42,10,490.00,"4,900.00"
2019-03-25,2019032501004828,ALBSL,10,29,10,492.00,"4,920.00"
2019-03-25,2019032501004827,ALBSL,10,29,10,492.00,"4,920.00"
2019-03-25,2019032501004826,ALBSL,10,29,10,492.00,"4,920.00"
2019-03-25,2019032501004825,ALBSL,10,51,10,491.00,"4,910.00"
2019-03-25,2019032501004822,ALBSL,14,42,10,490.00,"4,900.00"
2019-03-25,2019032501004816,ALBSL,14,42,10,490.00,"4,900.00"
2019-03-25,2019032501004834,ALBSL,10,29,10,492.00,"4,920.00"
2019-03-25,2019032501004833,ALBSL,10,29,10,492.00,"4,920.00"
2019-03-25,2019032501004832,ALBSL,10,29,10,492.00,"4,920.00"
2019-03-25,2019032501004831,ALBSL,10,29,10,492.00,"4,920.00"
2019-03-25,2019032501004830,ALBSL,10,29,10,492.00,"4,920.00"
2019-03-25,2019032501004829,ALBSL,10,29,10,492.00,"4,920.00"
2019-03-25,2019032501004884,ALBSL,50,42,10,490.00,"4,900.00"
2019-03-25,2019032501004877,ALBSL,29,21,10,491.00,"4,910.00"
2019-03-25,2019032501004876,ALBSL,29,51,10,491.00,"4,910.00"
2019-03-25,2019032501004867,ALBSL,17,42,10,490.00,"4,900.00"
2019-03-25,2019032501004856,ALBSL,14,42,10,490.00,"4,900.00"
2019-03-25,2019032501004842,ALBSL,14,42,10,490.00,"4,900.00"
2019-03-25,2019032501005026,ALBSL,45,42,10,490.00,"4,900.00"
2019-03-25,2019032501005025,ALBSL,45,52,10,490.00,"4,900.00"
2019-03-25,2019032501005024,ALBSL,45,42,10,490.00,"4,900.00"
2019-03-25,2019032501004995,ALBSL,43,35,10,489.00,"4,890.00"
2019-03-25,2019032501004973,ALBSL,43,16,10,489.00,"4,890.00"
2019-03-25,2019032501005032,ALBSL,45,44,10,490.00,"4,900.00"
2019-03-25,2019032501005031,ALBSL,45,13,10,490.00,"4,900.00"
2019-03-25,2019032501005030,ALBSL,45,44,10,490.00,"4,900.00"
2019-03-25,2019032501005029,ALBSL,45,57,10,490.00,"4,900.00"
2019-03-25,2019032501005028,ALBSL,45,42,10,490.00,"4,900.00"
2019-03-25,2019032501005027,ALBSL,45,42,10,490.00,"4,900.00"
2019-03-25,2019032501005136,ALICL,45,10,260,385.00,"100,100.00"
2019-03-25,2019032501005063,ALICL,52,10,30,385.00,"11,550.00"
2019-03-25,2019032501005033,ALICL,52,10,10,385.00,"3,850.00"
2019-03-25,2019032501004949,ALICL,46,51,100,383.00,"38,300.00"
2019-03-25,2019032501004820,ALICL,57,38,100,383.00,"38,300.00"
2019-03-25,2019032501004819,ALICL,40,38,30,383.00,"11,490.00"
2019-03-25,2019032501004818,ALICL,29,38,100,384.00,"38,400.00"
2019-03-25,2019032501005041,AMFI,45,39,10,641.00,"6,410.00"
2019-03-25,2019032501005040,AMFI,45,38,400,640.00,"256,000.00"
2019-03-25,2019032501005039,AMFI,45,39,20,639.00,"12,780.00"
2019-03-25,2019032501005038,AMFI,45,29,10,635.00,"6,350.00"
2019-03-25,2019032501005005,API,33,53,38,134.00,"5,092.00"
2019-03-25,2019032501005006,BARUN,17,17,170,95.00,"16,150.00"
2019-03-25,2019032501005173,BHBL,42,48,200,140.00,"28,000.00"
2019-03-25,2019032501004890,BNT,33,47,30,"6,370.00","191,100.00"
2019-03-25,2019032501004889,BNT,53,47,20,"6,371.00","127,420.00"
2019-03-25,2019032501005227,BOKL,39,43,10,243.00,"2,430.00"
2019-03-25,2019032501005226,BOKL,19,43,65,243.00,"15,795.00"
2019-03-25,2019032501004970,BOKL,19,57,35,243.00,"8,505.00"
2019-03-25,2019032501004969,BOKL,51,57,100,243.00,"24,300.00"
2019-03-25,2019032501004968,BOKL,29,57,65,243.00,"15,795.00"
2019-03-25,2019032501004914,BOKL,29,6,85,243.00,"20,655.00"
2019-03-25,2019032501004913,BOKL,58,6,100,243.00,"24,300.00"
2019-03-25,2019032501004863,BOKL,35,6,150,244.00,"36,600.00"
2019-03-25,2019032501004770,BPCL,37,35,10,360.00,"3,600.00"
2019-03-25,2019032501004769,BPCL,37,1,40,360.00,"14,400.00"
2019-03-25,2019032501005212,CBBL,58,25,100,884.00,"88,400.00"
2019-03-25,2019032501005211,CBBL,35,25,10,884.00,"8,840.00"
2019-03-25,2019032501005146,CBBL,38,17,250,887.00,"221,750.00"
2019-03-25,2019032501005085,CBBL,35,37,20,884.00,"17,680.00"
2019-03-25,2019032501005158,CBL,34,52,259,156.00,"40,404.00"
2019-03-25,2019032501005106,CBL,58,46,40,157.00,"6,280.00"
2019-03-25,2019032501005092,CBL,58,54,50,156.00,"7,800.00"
2019-03-25,2019032501004814,CCBL,25,17,100,160.00,"16,000.00"
2019-03-25,2019032501004785,CCBL,25,11,"2,436",160.00,"389,760.00"
2019-03-25,2019032501004771,CCBL,57,11,"1,000",160.00,"160,000.00"
2019-03-25,2019032501005171,CFCL,33,28,10,107.00,"1,070.00"
2019-03-25,2019032501004881,CHCL,28,28,6,500.00,"3,000.00"
2019-03-25,2019032501004871,CHCL,58,33,33,504.00,"16,632.00"
2019-03-25,2019032501005044,CHL,58,34,10,102.00,"1,020.00"
2019-03-25,2019032501004939,CHL,58,49,14,100.00,"1,400.00"
2019-03-25,2019032501005124,CHLBS,35,13,10,540.00,"5,400.00"
2019-03-25,2019032501005086,CHLBS,35,16,10,540.00,"5,400.00"
2019-03-25,2019032501005253,CIT,22,35,67,"2,610.00","174,870.00"
2019-03-25,2019032501005252,CIT,39,35,20,"2,610.00","52,200.00"
2019-03-25,2019032501005249,CIT,59,35,10,"2,610.00","26,100.00"
2019-03-25,2019032501005223,CIT,48,35,200,"2,610.00","522,000.00"
2019-03-25,2019032501005222,CIT,17,35,14,"2,610.00","36,540.00"
2019-03-25,2019032501005221,CIT,11,35,10,"2,610.00","26,100.00"
2019-03-25,2019032501004985,CIT,57,57,20,"2,615.00","52,300.00"
2019-03-25,2019032501004984,CIT,19,57,10,"2,617.00","26,170.00"
2019-03-25,2019032501004962,CIT,19,56,30,"2,617.00","78,510.00"
2019-03-25,2019032501004961,CIT,49,56,50,"2,618.00","130,900.00"
2019-03-25,2019032501004960,CIT,34,56,20,"2,618.00","52,360.00"
2019-03-25,2019032501004779,CIT,58,58,100,"2,620.00","262,000.00"
2019-03-25,2019032501005214,CIT,25,35,19,"2,615.00","49,685.00"
2019-03-25,2019032501005213,CIT,46,35,10,"2,616.00","26,160.00"
2019-03-25,2019032501005037,CIT,25,19,21,"2,615.00","54,915.00"
2019-03-25,2019032501004988,CIT,25,57,10,"2,615.00","26,150.00"
2019-03-25,2019032501004987,CIT,17,57,50,"2,615.00","130,750.00"
2019-03-25,2019032501004986,CIT,40,57,10,"2,615.00","26,150.00"
2019-03-25,2019032501005220,CIT,16,35,20,"2,610.00","52,200.00"
2019-03-25,2019032501005219,CIT,42,35,10,"2,610.00","26,100.00"
2019-03-25,2019032501005218,CIT,28,35,40,"2,611.00","104,440.00"
2019-03-25,2019032501005217,CIT,16,35,20,"2,612.00","52,240.00"
2019-03-25,2019032501005216,CIT,39,35,10,"2,614.00","26,140.00"
2019-03-25,2019032501005215,CIT,33,35,50,"2,615.00","130,750.00"
2019-03-25,2019032501004977,CZBIL,48,48,3,206.00,618.00
2019-03-25,2019032501005084,DBBL,19,35,150,126.00,"18,900.00"
2019-03-25,2019032501005083,DBBL,19,25,324,126.00,"40,824.00"
2019-03-25,2019032501004907,DBBL,48,25,827,126.00,"104,202.00"
2019-03-25,2019032501005230,DDBL,22,29,127,581.00,"73,787.00"
2019-03-25,2019032501005019,DDBL,21,33,19,582.00,"11,058.00"
2019-03-25,2019032501004875,DDBL,55,33,50,582.00,"29,100.00"
2019-03-25,2019032501005142,EBL,26,19,50,553.00,"27,650.00"
2019-03-25,2019032501004998,EBL,56,33,294,552.00,"162,288.00"
2019-03-25,2019032501004997,EBL,35,33,50,552.00,"27,600.00"
2019-03-25,2019032501004996,EBL,11,33,100,553.00,"55,300.00"
2019-03-25,2019032501004917,EBL,28,13,260,554.00,"144,040.00"
2019-03-25,2019032501004811,EBL,45,33,12,555.00,"6,660.00"
2019-03-25,2019032501004810,EBL,45,6,399,555.00,"221,445.00"
2019-03-25,2019032501004809,EBL,45,32,189,555.00,"104,895.00"
2019-03-25,2019032501004919,EBL,49,13,100,554.00,"55,400.00"
2019-03-25,2019032501004918,EBL,35,13,50,554.00,"27,700.00"
2019-03-25,2019032501005145,EDBL,58,51,500,285.00,"142,500.00"
2019-03-25,2019032501005144,EDBL,55,51,200,286.00,"57,200.00"
2019-03-25,2019032501005143,EDBL,32,51,76,286.00,"21,736.00"
2019-03-25,2019032501005014,EDBL,37,51,62,288.00,"17,856.00"
2019-03-25,2019032501004892,EIC,19,44,110,838.00,"92,180.00"
2019-03-25,2019032501004891,EIC,19,44,100,838.00,"83,800.00"
2019-03-25,2019032501004845,FMDBL,43,56,100,366.00,"36,600.00"
2019-03-25,2019032501005117,GBBL,4,34,10,190.00,"1,900.00"
2019-03-25,2019032501005116,GBBL,4,14,17,188.00,"3,196.00"
2019-03-25,2019032501005105,GBBL,4,14,10,188.00,"1,880.00"
2019-03-25,2019032501005104,GBBL,4,29,50,187.00,"9,350.00"
2019-03-25,2019032501005103,GBBL,4,50,170,187.00,"31,790.00"
2019-03-25,2019032501005075,GBBL,13,50,600,187.00,"112,200.00"
2019-03-25,2019032501005036,GBBL,4,59,50,187.00,"9,350.00"
2019-03-25,2019032501005206,GBIME,35,19,42,262.00,"11,004.00"
2019-03-25,2019032501004869,GBIME,45,19,20,262.00,"5,240.00"
2019-03-25,2019032501004848,GBIME,56,45,10,261.00,"2,610.00"
2019-03-25,2019032501004847,GBIME,56,57,56,261.00,"14,616.00"
2019-03-25,2019032501005250,GBLBS,16,50,10,450.00,"4,500.00"
2019-03-25,2019032501005155,GBLBS,33,40,50,445.00,"22,250.00"
2019-03-25,2019032501005154,GBLBS,34,40,50,446.00,"22,300.00"
2019-03-25,2019032501005153,GBLBS,16,40,10,446.00,"4,460.00"
2019-03-25,2019032501005043,GBLBS,16,56,10,446.00,"4,460.00"
2019-03-25,2019032501004821,GBLBS,57,42,130,447.00,"58,110.00"
2019-03-25,2019032501005160,GDBL,45,25,200,186.00,"37,200.00"
2019-03-25,2019032501005159,GDBL,45,8,25,186.00,"4,650.00"
2019-03-25,2019032501005067,GDBL,40,53,200,185.00,"37,000.00"
2019-03-25,2019032501005149,GILB,48,21,19,"1,029.00","19,551.00"
2019-03-25,2019032501005148,GILB,48,21,19,"1,029.00","19,551.00"
2019-03-25,2019032501005147,GILB,48,34,10,"1,029.00","10,290.00"
2019-03-25,2019032501004782,GILB,48,34,10,"1,009.00","10,090.00"
2019-03-25,2019032501004781,GILB,48,43,31,"1,005.00","31,155.00"
2019-03-25,2019032501004922,GIMES1,22,51,"5,000",7.90,"39,500.00"
2019-03-25,2019032501004921,GIMES1,46,51,500,7.91,"3,955.00"
2019-03-25,2019032501005197,GLICL,13,50,90,502.00,"45,180.00"
2019-03-25,2019032501005196,GLICL,32,50,10,502.00,"5,020.00"
2019-03-25,2019032501005107,GLICL,7,5,500,504.00,"252,000.00"
2019-03-25,2019032501005172,GRDBL,39,51,250,104.00,"26,000.00"
2019-03-25,2019032501005251,GUFL,51,39,700,111.00,"77,700.00"
2019-03-25,2019032501005233,GUFL,7,19,60,112.00,"6,720.00"
2019-03-25,2019032501005090,GUFL,7,50,30,112.00,"3,360.00"
2019-03-25,2019032501004878,GUFL,25,42,25,113.00,"2,825.00"
2019-03-25,2019032501004799,GUFL,7,17,122,112.00,"13,664.00"
2019-03-25,2019032501004798,GUFL,28,17,78,112.00,"8,736.00"
2019-03-25,2019032501004981,HBL,42,35,60,459.00,"27,540.00"
2019-03-25,2019032501004790,HBL,49,35,50,459.00,"22,950.00"
2019-03-25,2019032501004886,HDL,42,5,10,"1,355.00","13,550.00"
2019-03-25,2019032501005122,HGI,7,32,261,378.00,"98,658.00"
2019-03-25,2019032501005121,HGI,7,29,50,378.00,"18,900.00"
2019-03-25,2019032501005120,HGI,22,51,27,375.00,"10,125.00"
2019-03-25,2019032501005096,HGI,49,51,240,375.00,"90,000.00"
2019-03-25,2019032501005209,HIDCL,44,10,363,131.00,"47,553.00"
2019-03-25,2019032501005194,HIDCL,49,26,800,130.00,"104,000.00"
2019-03-25,2019032501005193,HIDCL,41,26,500,130.00,"65,000.00"
2019-03-25,2019032501005192,HIDCL,51,26,200,130.00,"26,000.00"
2019-03-25,2019032501005156,HIDCL,48,10,703,131.00,"92,093.00"
2019-03-25,2019032501004945,HIDCL,16,10,100,132.00,"13,200.00"
2019-03-25,2019032501004883,HIDCL,38,10,56,132.00,"7,392.00"
2019-03-25,2019032501004882,HIDCL,48,38,56,131.00,"7,336.00"
2019-03-25,2019032501004808,HIDCL,49,10,100,132.00,"13,200.00"
2019-03-25,2019032501004952,HPPL,45,17,10,179.00,"1,790.00"
2019-03-25,2019032501004926,HPPL,45,17,10,179.00,"1,790.00"
2019-03-25,2019032501004768,ICFC,49,6,"1,506",150.00,"225,900.00"
2019-03-25,2019032501004767,ICFC,41,6,384,150.00,"57,600.00"
2019-03-25,2019032501004766,ICFC,1,6,10,150.00,"1,500.00"
2019-03-25,2019032501004804,JBBL,44,8,"1,000",136.00,"136,000.00"
2019-03-25,2019032501004803,JBBL,48,8,745,136.00,"101,320.00"
2019-03-25,2019032501004802,JBBL,22,8,42,136.00,"5,712.00"
2019-03-25,2019032501005195,JBNL,4,21,68,172.00,"11,696.00"
2019-03-25,2019032501005182,JBNL,28,21,10,172.00,"1,720.00"
2019-03-25,2019032501005088,JBNL,37,6,440,171.00,"75,240.00"
2019-03-25,2019032501004938,JBNL,38,19,200,172.00,"34,400.00"
2019-03-25,2019032501005111,JSLBB,22,10,10,"2,112.00","21,120.00"
2019-03-25,2019032501005110,JSLBB,55,10,10,"2,112.00","21,120.00"
2019-03-25,2019032501005109,JSLBB,48,10,200,"2,112.00","422,400.00"
2019-03-25,2019032501005108,JSLBB,32,10,50,"2,112.00","105,600.00"
2019-03-25,2019032501004951,JSLBB,32,10,75,"2,155.00","161,625.00"
2019-03-25,2019032501004950,JSLBB,48,10,14,"2,158.00","30,212.00"
2019-03-25,2019032501004936,JSLBB,48,10,20,"2,160.00","43,200.00"
2019-03-25,2019032501004935,JSLBB,29,10,14,"2,161.00","30,254.00"
2019-03-25,2019032501004934,JSLBB,48,10,20,"2,161.00","43,220.00"
2019-03-25,2019032501004933,JSLBB,43,10,20,"2,170.00","43,400.00"
2019-03-25,2019032501004932,JSLBB,34,10,20,"2,171.00","43,420.00"
2019-03-25,2019032501004931,JSLBB,32,10,20,"2,172.00","43,440.00"
2019-03-25,2019032501005097,KBBL,41,25,122,209.00,"25,498.00"
2019-03-25,2019032501005207,KBL,29,57,"1,000",234.00,"234,000.00"
2019-03-25,2019032501004784,KBL,45,33,30,233.00,"6,990.00"
2019-03-25,2019032501005093,KKHC,14,56,10,78.00,780.00
2019-03-25,2019032501005017,KMCDB,7,57,68,791.00,"53,788.00"
2019-03-25,2019032501005016,KMCDB,54,57,31,791.00,"24,521.00"
2019-03-25,2019032501005089,KMFL,57,38,79,810.00,"63,990.00"
2019-03-25,2019032501005015,KPCL,11,58,10,93.00,930.00
2019-03-25,2019032501004904,KPCL,11,10,10,93.00,930.00
2019-03-25,2019032501004815,KPCL,11,10,10,93.00,930.00
2019-03-25,2019032501005229,KSBBL,17,6,50,139.00,"6,950.00"
2019-03-25,2019032501005023,KSBBL,34,8,"3,000",137.00,"411,000.00"
2019-03-25,2019032501005022,KSBBL,54,8,300,137.00,"41,100.00"
2019-03-25,2019032501005021,KSBBL,10,8,248,137.00,"33,976.00"
2019-03-25,2019032501004792,KSBBL,10,33,238,137.00,"32,606.00"
2019-03-25,2019032501004765,KSBBL,1,10,88,138.00,"12,144.00"
2019-03-25,2019032501005181,LBBL,39,58,500,170.00,"85,000.00"
2019-03-25,2019032501005180,LBBL,32,58,120,170.00,"20,400.00"
2019-03-25,2019032501005179,LBBL,6,58,150,170.00,"25,500.00"
2019-03-25,2019032501005178,LBBL,19,58,101,170.00,"17,170.00"
2019-03-25,2019032501005177,LBBL,21,58,500,170.00,"85,000.00"
2019-03-25,2019032501005176,LBBL,35,58,200,170.00,"34,000.00"
2019-03-25,2019032501005008,LBBL,56,51,40,171.00,"6,840.00"
2019-03-25,2019032501004959,LBBL,33,51,37,171.00,"6,327.00"
2019-03-25,2019032501005066,LBL,48,33,112,193.00,"21,616.00"
2019-03-25,2019032501005060,LBL,37,16,500,194.00,"97,000.00"
2019-03-25,2019032501005002,LBL,22,16,100,194.00,"19,400.00"
2019-03-25,2019032501004874,LBL,35,16,150,194.00,"29,100.00"
2019-03-25,2019032501004864,LBL,48,43,500,193.00,"96,500.00"
2019-03-25,2019032501005058,LGIL,45,32,349,507.00,"176,943.00"
2019-03-25,2019032501005053,LGIL,37,32,61,507.00,"30,927.00"
2019-03-25,2019032501004800,LGIL,37,33,39,507.00,"19,773.00"
2019-03-25,2019032501005174,LICN,42,28,10,"1,500.00","15,000.00"
2019-03-25,2019032501005187,MBL,37,40,50,218.00,"10,900.00"
2019-03-25,2019032501005051,MBL,17,17,101,219.00,"22,119.00"
2019-03-25,2019032501004927,MBL,37,11,50,218.00,"10,900.00"
2019-03-25,2019032501004853,MBL,22,34,280,220.00,"61,600.00"
2019-03-25,2019032501004852,MBL,22,45,20,220.00,"4,400.00"
2019-03-25,2019032501004851,MBL,22,39,200,220.00,"44,000.00"
2019-03-25,2019032501005064,MDB,19,56,262,232.00,"60,784.00"
2019-03-25,2019032501005201,MEGA,32,58,34,159.00,"5,406.00"
2019-03-25,2019032501004990,MEGA,58,38,25,160.00,"4,000.00"
2019-03-25,2019032501005050,MFIL,47,8,110,111.00,"12,210.00"
2019-03-25,2019032501005049,MFIL,42,8,"2,000",111.00,"222,000.00"
2019-03-25,2019032501005048,MFIL,54,8,300,111.00,"33,300.00"
2019-03-25,2019032501005047,MFIL,59,8,290,111.00,"32,190.00"
2019-03-25,2019032501005169,MLBL,54,53,200,170.00,"34,000.00"
2019-03-25,2019032501005168,MLBL,54,53,500,170.00,"85,000.00"
2019-03-25,2019032501004783,MLBL,45,17,80,169.00,"13,520.00"
2019-03-25,2019032501004780,MLBL,45,17,80,169.00,"13,520.00"
2019-03-25,2019032501005127,MNBBL,40,29,34,340.00,"11,560.00"
2019-03-25,2019032501005126,MNBBL,40,11,66,340.00,"22,440.00"
2019-03-25,2019032501004980,MNBBL,45,28,400,337.00,"134,800.00"
2019-03-25,2019032501004979,MNBBL,58,28,500,337.00,"168,500.00"
2019-03-25,2019032501004906,MPFL,46,56,15,143.00,"2,145.00"
2019-03-25,2019032501004912,MSMBS,29,6,11,517.00,"5,687.00"
2019-03-25,2019032501004755,MSMBS,42,58,50,526.00,"26,300.00"
2019-03-25,2019032501005235,NABIL,49,7,20,712.00,"14,240.00"
2019-03-25,2019032501005225,NABIL,42,7,25,712.00,"17,800.00"
2019-03-25,2019032501005098,NABIL,41,44,100,713.00,"71,300.00"
2019-03-25,2019032501004778,NABIL,42,7,10,712.00,"7,120.00"
2019-03-25,2019032501004777,NABIL,36,57,330,710.00,"234,300.00"
2019-03-25,2019032501004776,NABIL,49,57,50,711.00,"35,550.00"
2019-03-25,2019032501004775,NABIL,5,57,170,711.00,"120,870.00"
2019-03-25,2019032501004774,NABIL,5,57,100,711.00,"71,100.00"
2019-03-25,2019032501005099,NABILP,44,11,10,691.00,"6,910.00"
2019-03-25,2019032501004794,NADEP,57,44,10,657.00,"6,570.00"
2019-03-25,2019032501004763,NADEP,17,17,10,658.00,"6,580.00"
2019-03-25,2019032501005073,NBB,17,17,88,193.00,"16,984.00"
2019-03-25,2019032501005100,NBBL,42,40,100,609.00,"60,900.00"
2019-03-25,2019032501005081,NBBL,8,57,153,598.00,"91,494.00"
2019-03-25,2019032501005080,NBBL,28,57,500,599.00,"299,500.00"
2019-03-25,2019032501005079,NBBL,25,57,15,600.00,"9,000.00"
2019-03-25,2019032501005078,NBBL,51,57,50,601.00,"30,050.00"
2019-03-25,2019032501005077,NBBL,14,57,16,601.00,"9,616.00"
2019-03-25,2019032501005076,NBBL,33,57,59,603.00,"35,577.00"
2019-03-25,2019032501004789,NBBL,33,57,41,603.00,"24,723.00"
2019-03-25,2019032501004788,NBBL,13,57,80,605.00,"48,400.00"
2019-03-25,2019032501005244,NBL,33,46,100,287.00,"28,700.00"
2019-03-25,2019032501005232,NBL,7,46,50,286.00,"14,300.00"
2019-03-25,2019032501005231,NBL,10,46,700,286.00,"200,200.00"
2019-03-25,2019032501005185,NBL,10,46,300,286.00,"85,800.00"
2019-03-25,2019032501005184,NBL,36,46,200,286.00,"57,200.00"
2019-03-25,2019032501005183,NBL,49,46,"1,000",286.00,"286,000.00"
2019-03-25,2019032501004975,NBL,40,51,100,287.00,"28,700.00"
2019-03-25,2019032501004974,NBL,1,51,150,287.00,"43,050.00"
2019-03-25,2019032501004772,NBL,1,37,200,287.00,"57,400.00"
2019-03-25,2019032501005152,NBL,21,46,50,287.00,"14,350.00"
2019-03-25,2019032501005151,NBL,21,57,50,287.00,"14,350.00"
2019-03-25,2019032501005095,NBL,1,57,300,287.00,"86,100.00"
2019-03-25,2019032501005094,NBL,56,57,50,287.00,"14,350.00"
2019-03-25,2019032501004989,NBL,56,51,150,287.00,"43,050.00"
2019-03-25,2019032501004976,NBL,25,51,100,287.00,"28,700.00"
2019-03-25,2019032501005254,NCCB,33,5,10,211.00,"2,110.00"
2019-03-25,2019032501005248,NCCB,4,5,"1,000",211.00,"211,000.00"
2019-03-25,2019032501005128,NCCB,36,38,"1,000",211.00,"211,000.00"
2019-03-25,2019032501004817,NCCB,4,33,"1,605",210.00,"337,050.00"
2019-03-25,2019032501005020,NHPC,34,48,"1,000",72.00,"72,000.00"
2019-03-25,2019032501004757,NHPC,56,46,180,72.00,"12,960.00"
2019-03-25,2019032501005242,NIB,28,47,15,530.00,"7,950.00"
2019-03-25,2019032501005241,NIB,28,35,380,530.00,"201,400.00"
2019-03-25,2019032501005240,NIB,28,6,100,530.00,"53,000.00"
2019-03-25,2019032501005239,NIB,28,11,78,530.00,"41,340.00"
2019-03-25,2019032501005238,NIB,28,55,75,530.00,"39,750.00"
2019-03-25,2019032501005237,NIB,28,19,37,529.00,"19,573.00"
2019-03-25,2019032501005236,NIB,28,47,315,529.00,"166,635.00"
2019-03-25,2019032501005035,NIB,42,55,25,530.00,"13,250.00"
2019-03-25,2019032501004972,NIB,17,43,50,529.00,"26,450.00"
2019-03-25,2019032501004843,NIBLPF,53,14,525,7.30,"3,832.50"
2019-03-25,2019032501005141,NIBPO,45,8,"1,501",488.00,"732,488.00"
2019-03-25,2019032501005198,NICA,35,40,20,398.00,"7,960.00"
2019-03-25,2019032501005071,NICA,37,39,188,399.00,"75,012.00"
2019-03-25,2019032501005070,NICA,37,25,112,399.00,"44,688.00"
2019-03-25,2019032501005059,NICA,35,38,200,398.00,"79,600.00"
2019-03-25,2019032501004893,NICA,28,28,1,395.00,395.00
2019-03-25,2019032501004858,NICA,45,25,25,399.00,"9,975.00"
2019-03-25,2019032501004857,NICA,45,59,400,399.00,"159,600.00"
2019-03-25,2019032501005042,NICL,34,50,200,372.00,"74,400.00"
2019-03-25,2019032501004983,NICL,53,40,497,370.00,"183,890.00"
2019-03-25,2019032501004982,NICL,34,6,72,372.00,"26,784.00"
2019-03-25,2019032501004840,NICL,53,33,53,370.00,"19,610.00"
2019-03-25,2019032501004839,NICL,49,33,35,371.00,"12,985.00"
2019-03-25,2019032501005245,NIL,39,46,10,518.00,"5,180.00"
2019-03-25,2019032501005074,NIL,33,10,100,514.00,"51,400.00"
2019-03-25,2019032501004925,NIL,33,17,50,514.00,"25,700.00"
2019-03-25,2019032501004910,NIL,33,17,40,514.00,"20,560.00"
2019-03-25,2019032501004909,NIL,14,17,10,515.00,"5,150.00"
2019-03-25,2019032501004807,NIL,56,46,500,515.00,"257,500.00"
2019-03-25,2019032501004806,NIL,26,46,100,515.00,"51,500.00"
2019-03-25,2019032501004805,NIL,29,46,300,516.00,"154,800.00"
2019-03-25,2019032501005072,NLBBL,17,51,60,455.00,"27,300.00"
2019-03-25,2019032501005069,NLBBL,36,51,16,455.00,"7,280.00"
2019-03-25,2019032501005000,NLBBL,41,51,86,455.00,"39,130.00"
2019-03-25,2019032501004929,NLG,41,33,95,792.00,"75,240.00"
2019-03-25,2019032501004928,NLG,48,33,205,792.00,"162,360.00"
2019-03-25,2019032501005150,NLIC,19,19,450,"1,083.00","487,350.00"
2019-03-25,2019032501005061,NLIC,39,56,16,"1,081.00","17,296.00"
2019-03-25,2019032501005052,NLIC,45,19,100,"1,083.00","108,300.00"
2019-03-25,2019032501004916,NLIC,39,56,17,"1,081.00","18,377.00"
2019-03-25,2019032501004885,NLIC,16,16,3,"1,062.00","3,186.00"
2019-03-25,2019032501004855,NLIC,39,56,17,"1,081.00","18,377.00"
2019-03-25,2019032501004823,NLIC,19,19,80,"1,083.00","86,640.00"
2019-03-25,2019032501004773,NLIC,18,19,16,"1,083.00","17,328.00"
2019-03-25,2019032501004758,NLIC,16,50,4,"1,065.00","4,260.00"
2019-03-25,2019032501005210,NLICL,28,44,100,573.00,"57,300.00"
2019-03-25,2019032501004999,NLICL,25,33,400,572.00,"228,800.00"
2019-03-25,2019032501004944,NLICL,45,33,100,572.00,"57,200.00"
2019-03-25,2019032501004870,NLICL,32,11,20,570.00,"11,400.00"
2019-03-25,2019032501005087,NMB,38,6,80,322.00,"25,760.00"
2019-03-25,2019032501004873,NMB,25,58,94,322.00,"30,268.00"
2019-03-25,2019032501004872,NMB,25,54,"1,534",322.00,"493,948.00"
2019-03-25,2019032501004861,NMB,35,54,50,322.00,"16,100.00"
2019-03-25,2019032501005167,NMBMF,18,5,10,"1,019.00","10,190.00"
2019-03-25,2019032501005161,NMBMF,25,48,18,"1,000.00","18,000.00"
2019-03-25,2019032501004943,NMBMF,25,56,22,"1,000.00","22,000.00"
2019-03-25,2019032501005199,NMFBS,33,21,10,"1,620.00","16,200.00"
2019-03-25,2019032501005170,NMFBS,34,36,71,"1,590.00","112,890.00"
2019-03-25,2019032501005157,NMFBS,33,36,200,"1,592.00","318,400.00"
2019-03-25,2019032501005140,NMFBS,42,36,150,"1,593.00","238,950.00"
2019-03-25,2019032501005007,NNLB,34,33,100,450.00,"45,000.00"
2019-03-25,2019032501005046,NSEWA,51,16,10,500.00,"5,000.00"
2019-03-25,2019032501005228,NTC,49,45,506,674.00,"341,044.00"
2019-03-25,2019032501005062,NUBL,42,21,74,738.00,"54,612.00"
2019-03-25,2019032501004905,OHL,42,43,20,434.00,"8,680.00"
2019-03-25,2019032501005224,PCBL,53,58,51,316.00,"16,116.00"
2019-03-25,2019032501004801,PCBL,49,16,10,317.00,"3,170.00"
2019-03-25,2019032501005114,PFL,41,56,13,130.00,"1,690.00"
2019-03-25,2019032501005068,PFL,41,56,13,130.00,"1,690.00"
2019-03-25,2019032501004971,PFL,32,33,235,132.00,"31,020.00"
2019-03-25,2019032501004948,PFL,41,56,13,130.00,"1,690.00"
2019-03-25,2019032501004930,PFL,38,38,39,131.00,"5,109.00"
2019-03-25,2019032501004865,PFL,41,56,13,130.00,"1,690.00"
2019-03-25,2019032501005175,PIC,45,19,20,"1,015.00","20,300.00"
2019-03-25,2019032501005129,PICL,48,37,50,670.00,"33,500.00"
2019-03-25,2019032501004991,PICL,48,57,100,670.00,"67,000.00"
2019-03-25,2019032501004841,PICL,34,44,20,673.00,"13,460.00"
2019-03-25,2019032501005102,PLIC,17,17,11,440.00,"4,840.00"
2019-03-25,2019032501005132,PMHPL,56,59,400,112.00,"44,800.00"
2019-03-25,2019032501005001,PMHPL,56,58,10,112.00,"1,120.00"
2019-03-25,2019032501004908,PMHPL,56,10,10,112.00,"1,120.00"
2019-03-25,2019032501004797,PMHPL,56,44,10,112.00,"1,120.00"
2019-03-25,2019032501004761,PMHPL,56,10,10,112.00,"1,120.00"
2019-03-25,2019032501005247,PRVU,49,28,10,235.00,"2,350.00"
2019-03-25,2019032501005135,PRVU,7,57,383,233.00,"89,239.00"
2019-03-25,2019032501005018,PRVU,32,33,500,234.00,"117,000.00"
2019-03-25,2019032501004994,PRVU,7,56,930,233.00,"216,690.00"
2019-03-25,2019032501004993,PRVU,49,56,60,233.00,"13,980.00"
2019-03-25,2019032501004992,PRVU,19,56,10,233.00,"2,330.00"
2019-03-25,2019032501004937,PRVU,26,33,100,234.00,"23,400.00"
2019-03-25,2019032501004849,PRVU,35,59,150,235.00,"35,250.00"
2019-03-25,2019032501004946,RADHI,38,38,11,169.00,"1,859.00"
2019-03-25,2019032501004911,RADHI,50,54,11,168.00,"1,848.00"
2019-03-25,2019032501005134,RBCL,57,40,40,"9,189.00","367,560.00"
2019-03-25,2019032501005133,RBCL,57,56,15,"9,180.00","137,700.00"
2019-03-25,2019032501005118,RBCL,16,16,100,"9,102.00","910,200.00"
2019-03-25,2019032501004915,RRHP,58,10,10,97.00,970.00
2019-03-25,2019032501004796,RRHP,58,56,10,97.00,970.00
2019-03-25,2019032501004762,RRHP,58,16,10,97.00,970.00
2019-03-25,2019032501005166,RSDC,6,17,50,365.00,"18,250.00"
2019-03-25,2019032501005165,RSDC,35,17,58,365.00,"21,170.00"
2019-03-25,2019032501005164,RSDC,10,17,300,366.00,"109,800.00"
2019-03-25,2019032501005163,RSDC,5,17,81,367.00,"29,727.00"
2019-03-25,2019032501005045,RSDC,38,38,82,369.00,"30,258.00"
2019-03-25,2019032501004813,RSDC,5,17,50,367.00,"18,350.00"
2019-03-25,2019032501004888,RSDC,5,17,50,367.00,"18,350.00"
2019-03-25,2019032501005243,SADBL,17,14,50,142.00,"7,100.00"
2019-03-25,2019032501004953,SADBL,48,33,139,141.00,"19,599.00"
2019-03-25,2019032501005057,SBI,36,42,18,395.00,"7,110.00"
2019-03-25,2019032501005056,SBI,36,42,50,392.00,"19,600.00"
2019-03-25,2019032501005055,SBI,36,33,47,388.00,"18,236.00"
2019-03-25,2019032501005013,SBI,19,33,57,388.00,"22,116.00"
2019-03-25,2019032501005012,SBI,43,33,50,388.00,"19,400.00"
2019-03-25,2019032501005011,SBI,17,33,144,388.00,"55,872.00"
2019-03-25,2019032501005010,SBI,42,33,100,389.00,"38,900.00"
2019-03-25,2019032501005009,SBI,48,33,179,390.00,"69,810.00"
2019-03-25,2019032501005208,SBL,34,36,451,284.00,"128,084.00"
2019-03-25,2019032501005191,SBL,34,36,635,284.00,"180,340.00"
2019-03-25,2019032501005190,SBL,28,36,500,284.00,"142,000.00"
2019-03-25,2019032501005189,SBL,16,36,50,284.00,"14,200.00"
2019-03-25,2019032501005188,SBL,28,36,100,285.00,"28,500.00"
2019-03-25,2019032501005131,SBL,54,36,"1,000",285.00,"285,000.00"
2019-03-25,2019032501005130,SBL,45,36,264,285.00,"75,240.00"
2019-03-25,2019032501004920,SBL,19,6,150,286.00,"42,900.00"
2019-03-25,2019032501004860,SBL,35,6,50,286.00,"14,300.00"
2019-03-25,2019032501004859,SBL,35,54,100,286.00,"28,600.00"
2019-03-25,2019032501005004,SCB,42,16,15,568.00,"8,520.00"
2019-03-25,2019032501005003,SCB,42,45,10,568.00,"5,680.00"
2019-03-25,2019032501004967,SHINE,34,28,447,232.00,"103,704.00"
2019-03-25,2019032501004836,SHINE,32,28,102,235.00,"23,970.00"
2019-03-25,2019032501004835,SHINE,32,32,10,235.00,"2,350.00"
2019-03-25,2019032501004966,SHINE,56,28,470,232.00,"109,040.00"
2019-03-25,2019032501004965,SHINE,32,28,200,233.00,"46,600.00"
2019-03-25,2019032501004964,SHINE,25,28,50,233.00,"11,650.00"
2019-03-25,2019032501004963,SHINE,59,28,33,233.00,"7,689.00"
2019-03-25,2019032501005246,SHPC,45,46,"1,000",224.00,"224,000.00"
2019-03-25,2019032501005200,SHPC,21,56,100,224.00,"22,400.00"
2019-03-25,2019032501004903,SHPC,36,38,"1,800",221.00,"397,800.00"
2019-03-25,2019032501004902,SHPC,13,38,100,221.00,"22,100.00"
2019-03-25,2019032501004901,SHPC,53,38,100,221.00,"22,100.00"
2019-03-25,2019032501004894,SHPC,7,38,500,224.00,"112,000.00"
2019-03-25,2019032501004900,SHPC,53,38,100,221.00,"22,100.00"
2019-03-25,2019032501004899,SHPC,53,38,100,222.00,"22,200.00"
2019-03-25,2019032501004898,SHPC,50,38,"1,000",222.00,"222,000.00"
2019-03-25,2019032501004897,SHPC,22,38,100,223.00,"22,300.00"
2019-03-25,2019032501004896,SHPC,22,38,400,223.00,"89,200.00"
2019-03-25,2019032501004895,SHPC,7,38,800,223.00,"178,400.00"
2019-03-25,2019032501004787,SICL,57,56,11,867.00,"9,537.00"
2019-03-25,2019032501004942,SIFC,6,47,"1,725",132.00,"227,700.00"
2019-03-25,2019032501004941,SIFC,6,47,275,133.00,"36,575.00"
2019-03-25,2019032501004924,SIFC,1,47,500,134.00,"67,000.00"
2019-03-25,2019032501004923,SIFC,43,47,500,135.00,"67,500.00"
2019-03-25,2019032501005139,SIL,35,58,50,596.00,"29,800.00"
2019-03-25,2019032501005138,SIL,44,58,300,596.00,"178,800.00"
2019-03-25,2019032501005137,SIL,32,58,150,599.00,"89,850.00"
2019-03-25,2019032501004850,SIL,11,10,300,600.00,"180,000.00"
2019-03-25,2019032501005115,SKBBL,57,14,891,851.00,"758,241.00"
2019-03-25,2019032501005091,SLBS,11,56,18,871.00,"15,678.00"
2019-03-25,2019032501004868,SLICL,28,28,3,520.00,"1,560.00"
2019-03-25,2019032501004791,SMATA,17,17,6,"1,226.00","7,356.00"
2019-03-25,2019032501005162,SRBL,37,55,100,217.00,"21,700.00"
2019-03-25,2019032501005082,TRH,34,33,10,238.00,"2,380.00"
2019-03-25,2019032501005119,UIC,52,40,14,760.00,"10,640.00"
2019-03-25,2019032501005125,UMHL,17,17,113,114.00,"12,882.00"
2019-03-25,2019032501004824,UMHL,14,16,10,113.00,"1,130.00"
2019-03-25,2019032501005205,UPPER,46,35,50,240.00,"12,000.00"
2019-03-25,2019032501005204,UPPER,46,13,50,240.00,"12,000.00"
2019-03-25,2019032501005203,UPPER,46,13,50,240.00,"12,000.00"
2019-03-25,2019032501005202,UPPER,46,56,50,240.00,"12,000.00"
2019-03-25,2019032501005054,UPPER,36,16,50,239.00,"11,950.00"
2019-03-25,2019032501004812,UPPER,58,44,40,240.00,"9,600.00"
2019-03-25,2019032501004760,UPPER,19,22,"1,400",241.00,"337,400.00"
2019-03-25,2019032501004759,UPPER,19,39,100,240.00,"24,000.00"
2019-03-25,2019032501004854,UPPER,36,16,50,239.00,"11,950.00"
2019-03-25,2019032501004844,UPPER,36,16,50,239.00,"11,950.00"
2019-03-25,2019032501004838,UPPER,36,35,40,239.00,"9,560.00"
2019-03-25,2019032501004837,UPPER,58,35,10,240.00,"2,400.00"
2019-03-25,2019032501004582,ADBL,34,57,30,292.00,"8,760.00"
2019-03-25,2019032501004581,ADBL,8,57,20,292.00,"5,840.00"
2019-03-25,2019032501004556,ADBL,20,1,86,293.00,"25,198.00"
2019-03-25,2019032501004555,ADBL,5,1,63,293.00,"18,459.00"
2019-03-25,2019032501004554,ADBL,8,1,500,293.00,"146,500.00"
2019-03-25,2019032501004553,ADBL,34,1,100,293.00,"29,300.00"
2019-03-25,2019032501004552,ADBL,19,1,100,293.00,"29,300.00"
2019-03-25,2019032501004551,ADBL,58,1,100,293.00,"29,300.00"
2019-03-25,2019032501004539,ADBL,13,28,300,294.00,"88,200.00"
2019-03-25,2019032501004593,AHPC,51,19,500,102.00,"51,000.00"
2019-03-25,2019032501004488,AHPC,42,32,41,101.00,"4,141.00"
2019-03-25,2019032501004641,AKJCL,39,10,10,79.00,790.00
2019-03-25,2019032501004611,AKJCL,39,10,10,79.00,790.00
2019-03-25,2019032501004493,AKJCL,39,20,20,79.00,"1,580.00"
2019-03-25,2019032501004474,AKJCL,39,33,20,79.00,"1,580.00"
2019-03-25,2019032501004466,AKJCL,39,33,10,79.00,790.00
2019-03-25,2019032501004305,AKPL,41,47,13,166.00,"2,158.00"
2019-03-25,2019032501004604,AKPL,41,38,196,166.00,"32,536.00"
2019-03-25,2019032501004549,AKPL,41,32,10,166.00,"1,660.00"
2019-03-25,2019032501004727,ALBSL,45,19,10,490.00,"4,900.00"
2019-03-25,2019032501004725,ALBSL,45,25,10,490.00,"4,900.00"
2019-03-25,2019032501004704,ALBSL,29,29,10,492.00,"4,920.00"
2019-03-25,2019032501004703,ALBSL,29,29,10,492.00,"4,920.00"
2019-03-25,2019032501004702,ALBSL,29,29,10,492.00,"4,920.00"
2019-03-25,2019032501004701,ALBSL,29,29,10,492.00,"4,920.00"
2019-03-25,2019032501004274,ALBSL,37,59,10,490.00,"4,900.00"
2019-03-25,2019032501004264,ALBSL,37,29,10,490.00,"4,900.00"
2019-03-25,2019032501004258,ALBSL,43,52,10,489.00,"4,890.00"
2019-03-25,2019032501004352,ALBSL,39,28,10,490.00,"4,900.00"
2019-03-25,2019032501004321,ALBSL,37,58,10,490.00,"4,900.00"
2019-03-25,2019032501004309,ALBSL,37,10,10,490.00,"4,900.00"
2019-03-25,2019032501004289,ALBSL,37,40,10,490.00,"4,900.00"
2019-03-25,2019032501004280,ALBSL,52,55,10,491.00,"4,910.00"
2019-03-25,2019032501004408,ALBSL,52,58,10,490.00,"4,900.00"
2019-03-25,2019032501004406,ALBSL,52,52,10,490.00,"4,900.00"
2019-03-25,2019032501004386,ALBSL,39,52,10,490.00,"4,900.00"
2019-03-25,2019032501004373,ALBSL,39,52,10,490.00,"4,900.00"
2019-03-25,2019032501004371,ALBSL,39,58,10,490.00,"4,900.00"
2019-03-25,2019032501004362,ALBSL,39,28,10,490.00,"4,900.00"
2019-03-25,2019032501004453,ALBSL,45,22,10,490.00,"4,900.00"
2019-03-25,2019032501004452,ALBSL,45,58,10,490.00,"4,900.00"
2019-03-25,2019032501004447,ALBSL,45,53,10,490.00,"4,900.00"
2019-03-25,2019032501004437,ALBSL,43,58,10,489.00,"4,890.00"
2019-03-25,2019032501004434,ALBSL,52,42,10,490.00,"4,900.00"
2019-03-25,2019032501004421,ALBSL,52,58,10,490.00,"4,900.00"
2019-03-25,2019032501004522,ALBSL,22,55,10,491.00,"4,910.00"
2019-03-25,2019032501004521,ALBSL,22,55,10,491.00,"4,910.00"
2019-03-25,2019032501004505,ALBSL,45,22,10,490.00,"4,900.00"
2019-03-25,2019032501004502,ALBSL,45,42,10,490.00,"4,900.00"
2019-03-25,2019032501004498,ALBSL,45,42,10,490.00,"4,900.00"
2019-03-25,2019032501004469,ALBSL,45,58,10,490.00,"4,900.00"
2019-03-25,2019032501004548,ALBSL,45,20,10,490.00,"4,900.00"
2019-03-25,2019032501004533,ALBSL,45,53,10,490.00,"4,900.00"
2019-03-25,2019032501004531,ALBSL,45,42,10,490.00,"4,900.00"
2019-03-25,2019032501004525,ALBSL,22,55,10,491.00,"4,910.00"
2019-03-25,2019032501004524,ALBSL,22,55,10,491.00,"4,910.00"
2019-03-25,2019032501004523,ALBSL,22,52,10,491.00,"4,910.00"
2019-03-25,2019032501004595,ALBSL,54,6,10,490.00,"4,900.00"
2019-03-25,2019032501004583,ALBSL,54,20,10,490.00,"4,900.00"
2019-03-25,2019032501004577,ALBSL,22,20,10,490.00,"4,900.00"
2019-03-25,2019032501004567,ALBSL,22,53,10,490.00,"4,900.00"
2019-03-25,2019032501004688,ALBSL,29,22,10,491.00,"4,910.00"
2019-03-25,2019032501004687,ALBSL,29,16,10,490.00,"4,900.00"
2019-03-25,2019032501004686,ALBSL,29,19,10,490.00,"4,900.00"
2019-03-25,2019032501004685,ALBSL,29,45,10,490.00,"4,900.00"
2019-03-25,2019032501004650,ALBSL,21,16,10,490.00,"4,900.00"
2019-03-25,2019032501004640,ALBSL,54,19,10,490.00,"4,900.00"
2019-03-25,2019032501004694,ALBSL,29,29,10,492.00,"4,920.00"
2019-03-25,2019032501004693,ALBSL,29,29,10,492.00,"4,920.00"
2019-03-25,2019032501004692,ALBSL,29,29,10,492.00,"4,920.00"
2019-03-25,2019032501004691,ALBSL,29,46,10,492.00,"4,920.00"
2019-03-25,2019032501004690,ALBSL,29,45,10,492.00,"4,920.00"
2019-03-25,2019032501004689,ALBSL,29,56,10,491.00,"4,910.00"
2019-03-25,2019032501004700,ALBSL,29,29,10,492.00,"4,920.00"
2019-03-25,2019032501004699,ALBSL,29,29,10,492.00,"4,920.00"
2019-03-25,2019032501004698,ALBSL,29,29,10,492.00,"4,920.00"
2019-03-25,2019032501004697,ALBSL,29,29,10,492.00,"4,920.00"
2019-03-25,2019032501004696,ALBSL,29,29,10,492.00,"4,920.00"
2019-03-25,2019032501004695,ALBSL,29,29,10,492.00,"4,920.00"
2019-03-25,2019032501004528,ALICL,29,38,100,385.00,"38,500.00"
2019-03-25,2019032501004711,AMFI,28,39,20,630.00,"12,600.00"
2019-03-25,2019032501004710,AMFI,45,39,20,631.00,"12,620.00"
2019-03-25,2019032501004673,AMFI,17,17,10,631.00,"6,310.00"
2019-03-25,2019032501004634,AMFI,28,21,10,630.00,"6,300.00"
2019-03-25,2019032501004576,AMFI,28,19,10,630.00,"6,300.00"
2019-03-25,2019032501004473,AMFI,45,39,10,625.00,"6,250.00"
2019-03-25,2019032501004353,AMFI,45,38,10,625.00,"6,250.00"
2019-03-25,2019032501004494,API,53,32,10,132.00,"1,320.00"
2019-03-25,2019032501004516,BARUN,45,22,430,94.00,"40,420.00"
2019-03-25,2019032501004372,BOKL,58,54,100,243.00,"24,300.00"
2019-03-25,2019032501004340,CBBL,48,53,11,885.00,"9,735.00"
2019-03-25,2019032501004745,CBL,58,33,105,155.00,"16,275.00"
2019-03-25,2019032501004744,CBL,49,33,20,156.00,"3,120.00"
2019-03-25,2019032501004648,CBL,19,54,100,156.00,"15,600.00"
2019-03-25,2019032501004647,CBL,19,44,50,156.00,"7,800.00"
2019-03-25,2019032501004646,CBL,19,44,50,156.00,"7,800.00"
2019-03-25,2019032501004645,CBL,19,19,16,156.00,"2,496.00"
2019-03-25,2019032501004644,CBL,19,38,"1,200",156.00,"187,200.00"
2019-03-25,2019032501004431,CBL,58,47,150,155.00,"23,250.00"
2019-03-25,2019032501004430,CBL,58,1,300,155.00,"46,500.00"
2019-03-25,2019032501004429,CBL,58,8,190,155.00,"29,450.00"
2019-03-25,2019032501004428,CBL,58,42,"2,988",155.00,"463,140.00"
2019-03-25,2019032501004397,CBL,28,42,12,155.00,"1,860.00"
2019-03-25,2019032501004754,CCBL,56,11,131,160.00,"20,960.00"
2019-03-25,2019032501004753,CCBL,56,33,58,160.00,"9,280.00"
2019-03-25,2019032501004559,CCBL,56,10,11,160.00,"1,760.00"
2019-03-25,2019032501004476,CCBL,51,10,200,160.00,"32,000.00"
2019-03-25,2019032501004418,CCBL,51,45,500,160.00,"80,000.00"
2019-03-25,2019032501004400,CCBL,54,51,"1,000",161.00,"161,000.00"
2019-03-25,2019032501004399,CCBL,54,45,"1,301",161.00,"209,461.00"
2019-03-25,2019032501004417,CCBL,34,45,100,160.00,"16,000.00"
2019-03-25,2019032501004416,CCBL,59,45,200,160.00,"32,000.00"
2019-03-25,2019032501004415,CCBL,32,45,50,160.00,"8,000.00"
2019-03-25,2019032501004414,CCBL,53,45,500,160.00,"80,000.00"
2019-03-25,2019032501004413,CCBL,22,45,846,160.00,"135,360.00"
2019-03-25,2019032501004401,CCBL,54,45,"5,000",161.00,"805,000.00"
2019-03-25,2019032501004398,CHCL,32,51,50,505.00,"25,250.00"
2019-03-25,2019032501004319,CHCL,25,51,10,505.00,"5,050.00"
2019-03-25,2019032501004724,CHLBS,43,49,10,539.00,"5,390.00"
2019-03-25,2019032501004661,CHLBS,17,17,10,540.00,"5,400.00"
2019-03-25,2019032501004629,CHLBS,43,33,10,539.00,"5,390.00"
2019-03-25,2019032501004599,CHLBS,14,38,10,540.00,"5,400.00"
2019-03-25,2019032501004598,CHLBS,43,37,10,539.00,"5,390.00"
2019-03-25,2019032501004478,CHLBS,43,46,10,539.00,"5,390.00"
2019-03-25,2019032501004392,CHLBS,51,35,10,540.00,"5,400.00"
2019-03-25,2019032501004311,CHLBS,43,55,10,539.00,"5,390.00"
2019-03-25,2019032501004299,CHLBS,43,55,10,539.00,"5,390.00"
2019-03-25,2019032501004287,CHLBS,14,42,10,540.00,"5,400.00"
2019-03-25,2019032501004734,CIT,34,17,49,"2,620.00","128,380.00"
2019-03-25,2019032501004712,CIT,42,17,18,"2,620.00","47,160.00"
2019-03-25,2019032501004405,CIT,59,35,48,"2,620.00","125,760.00"
2019-03-25,2019032501004404,CIT,33,35,132,"2,621.00","345,972.00"
2019-03-25,2019032501004403,CIT,37,35,20,"2,621.00","52,420.00"
2019-03-25,2019032501004346,CIT,34,16,100,"2,627.00","262,700.00"
2019-03-25,2019032501004345,CIT,34,35,150,"2,625.00","393,750.00"
2019-03-25,2019032501004344,CIT,59,35,50,"2,620.00","131,000.00"
2019-03-25,2019032501004343,CIT,22,35,50,"2,620.00","131,000.00"
2019-03-25,2019032501004257,CIT,59,35,50,"2,625.00","131,250.00"
2019-03-25,2019032501004632,CZBIL,17,17,10,206.00,"2,060.00"
2019-03-25,2019032501004566,CZBIL,25,21,13,205.00,"2,665.00"
2019-03-25,2019032501004534,CZBIL,54,14,450,207.00,"93,150.00"
2019-03-25,2019032501004500,CZBIL,54,20,11,207.00,"2,277.00"
2019-03-25,2019032501004347,CZBIL,54,42,39,207.00,"8,073.00"
2019-03-25,2019032501004508,DBBL,8,25,79,126.00,"9,954.00"
2019-03-25,2019032501004507,DBBL,29,20,36,125.00,"4,500.00"
2019-03-25,2019032501004506,DBBL,32,20,13,125.00,"1,625.00"
2019-03-25,2019032501004342,DBBL,32,8,38,125.00,"4,750.00"
2019-03-25,2019032501004273,DBBL,8,25,50,126.00,"6,300.00"
2019-03-25,2019032501004730,DDBL,20,36,129,582.00,"75,078.00"
2019-03-25,2019032501004679,DDBL,19,36,300,582.00,"174,600.00"
2019-03-25,2019032501004678,DDBL,48,36,121,582.00,"70,422.00"
2019-03-25,2019032501004672,EBL,19,32,100,555.00,"55,500.00"
2019-03-25,2019032501004618,EBL,28,6,240,554.00,"132,960.00"
2019-03-25,2019032501004501,EBL,34,6,50,554.00,"27,700.00"
2019-03-25,2019032501004485,EBL,45,6,10,554.00,"5,540.00"
2019-03-25,2019032501004348,EBL,45,40,16,553.00,"8,848.00"
2019-03-25,2019032501004445,EDBL,37,6,48,287.00,"13,776.00"
2019-03-25,2019032501004597,EIC,19,34,110,838.00,"92,180.00"
2019-03-25,2019032501004480,FOWAD,17,17,5,"1,515.00","7,575.00"
2019-03-25,2019032501004443,GBBL,48,1,24,185.00,"4,440.00"
2019-03-25,2019032501004350,GBBL,17,17,55,185.00,"10,175.00"
2019-03-25,2019032501004394,GBIME,17,57,100,261.00,"26,100.00"
2019-03-25,2019032501004393,GBIME,22,57,349,261.00,"91,089.00"
2019-03-25,2019032501004298,GBIME,22,39,151,261.00,"39,411.00"
2019-03-25,2019032501004297,GBIME,25,39,30,261.00,"7,830.00"
2019-03-25,2019032501004653,GBLBS,57,25,10,447.00,"4,470.00"
2019-03-25,2019032501004639,GBLBS,57,38,10,447.00,"4,470.00"
2019-03-25,2019032501004638,GBLBS,38,11,10,448.00,"4,480.00"
2019-03-25,2019032501004705,GDBL,40,42,139,185.00,"25,715.00"
2019-03-25,2019032501004610,GFCL,7,16,100,118.00,"11,800.00"
2019-03-25,2019032501004609,GFCL,51,16,50,118.00,"5,900.00"
2019-03-25,2019032501004295,GIMES1,38,38,"1,000",7.92,"7,920.00"
2019-03-25,2019032501004293,GLICL,32,3,100,503.00,"50,300.00"
2019-03-25,2019032501004499,GRDBL,17,17,40,105.00,"4,200.00"
2019-03-25,2019032501004633,HGI,40,40,150,376.00,"56,400.00"
2019-03-25,2019032501004330,HGI,17,17,50,376.00,"18,800.00"
2019-03-25,2019032501004560,HIDCL,48,32,11,131.00,"1,441.00"
2019-03-25,2019032501004503,HIDCL,48,32,11,131.00,"1,441.00"
2019-03-25,2019032501004351,HIDCL,34,51,159,131.00,"20,829.00"
2019-03-25,2019032501004318,HIDCL,53,47,56,129.00,"7,224.00"
2019-03-25,2019032501004317,HIDCL,38,38,56,130.00,"7,280.00"
2019-03-25,2019032501004286,HIDCL,16,11,54,130.00,"7,020.00"
2019-03-25,2019032501004272,HIDCL,53,11,100,130.00,"13,000.00"
2019-03-25,2019032501004271,HIDCL,5,11,20,130.00,"2,600.00"
2019-03-25,2019032501004657,HPPL,45,16,10,179.00,"1,790.00"
2019-03-25,2019032501004470,HPPL,45,45,10,179.00,"1,790.00"
2019-03-25,2019032501004427,HPPL,45,45,20,179.00,"3,580.00"
2019-03-25,2019032501004387,HPPL,17,17,10,180.00,"1,800.00"
2019-03-25,2019032501004654,IGI,48,55,150,409.00,"61,350.00"
2019-03-25,2019032501004671,IGI,48,55,100,409.00,"40,900.00"
2019-03-25,2019032501004463,JBBL,22,29,100,136.00,"13,600.00"
2019-03-25,2019032501004407,JBBL,22,1,58,136.00,"7,888.00"
2019-03-25,2019032501004751,JBNL,37,54,50,171.00,"8,550.00"
2019-03-25,2019032501004719,JBNL,38,45,100,172.00,"17,200.00"
2019-03-25,2019032501004718,JBNL,38,14,84,172.00,"14,448.00"
2019-03-25,2019032501004717,JBNL,38,51,"4,500",172.00,"774,000.00"
2019-03-25,2019032501004682,JBNL,22,34,"1,000",172.00,"172,000.00"
2019-03-25,2019032501004669,JBNL,38,58,"1,211",172.00,"208,292.00"
2019-03-25,2019032501004668,JBNL,38,18,132,171.00,"22,572.00"
2019-03-25,2019032501004652,JBNL,38,18,200,171.00,"34,200.00"
2019-03-25,2019032501004651,JBNL,48,18,668,171.00,"114,228.00"
2019-03-25,2019032501004517,JBNL,48,36,100,171.00,"17,100.00"
2019-03-25,2019032501004441,JSLBB,48,38,24,"2,190.00","52,560.00"
2019-03-25,2019032501004279,JSLBB,48,28,32,"2,198.00","70,336.00"
2019-03-25,2019032501004726,KBL,45,39,89,233.00,"20,737.00"
2019-03-25,2019032501004667,KBL,21,39,50,233.00,"11,650.00"
2019-03-25,2019032501004448,KBL,40,22,235,232.00,"54,520.00"
2019-03-25,2019032501004379,KBL,40,11,17,232.00,"3,944.00"
2019-03-25,2019032501004292,KBL,32,6,"1,201",233.00,"279,833.00"
2019-03-25,2019032501004584,KKHC,14,14,25,78.00,"1,950.00"
2019-03-25,2019032501004564,KMCDB,54,20,19,791.00,"15,029.00"
2019-03-25,2019032501004432,KMCDB,7,40,100,800.00,"80,000.00"
2019-03-25,2019032501004435,KMFL,41,46,37,805.00,"29,785.00"
2019-03-25,2019032501004746,KPCL,11,10,10,93.00,930.00
2019-03-25,2019032501004268,KPCL,16,33,10,94.00,940.00
2019-03-25,2019032501004259,KPCL,16,5,10,94.00,940.00
2019-03-25,2019032501004304,KPCL,16,33,10,94.00,940.00
2019-03-25,2019032501004331,KPCL,16,33,10,94.00,940.00
2019-03-25,2019032501004518,KPCL,11,20,10,93.00,930.00
2019-03-25,2019032501004617,KPCL,11,10,10,93.00,930.00
2019-03-25,2019032501004612,KPCL,11,33,10,93.00,930.00
2019-03-25,2019032501004526,KPCL,17,17,10,94.00,940.00
2019-03-25,2019032501004716,KPCL,17,17,10,94.00,940.00
2019-03-25,2019032501004481,KSBBL,10,29,40,137.00,"5,480.00"
2019-03-25,2019032501004504,LBL,48,29,50,193.00,"9,650.00"
2019-03-25,2019032501004423,LBL,32,47,100,193.00,"19,300.00"
2019-03-25,2019032501004367,LBL,17,47,200,193.00,"38,600.00"
2019-03-25,2019032501004326,LBL,17,47,24,192.00,"4,608.00"
2019-03-25,2019032501004389,LICN,35,16,20,"1,500.00","30,000.00"
2019-03-25,2019032501004263,LICN,45,28,100,"1,498.00","149,800.00"
2019-03-25,2019032501004262,LICN,45,43,100,"1,495.00","149,500.00"
2019-03-25,2019032501004261,LICN,45,17,80,"1,494.00","119,520.00"
2019-03-25,2019032501004260,LICN,45,28,40,"1,493.00","59,720.00"
2019-03-25,2019032501004677,MBL,19,51,"1,112",219.00,"243,528.00"
2019-03-25,2019032501004676,MBL,19,14,100,219.00,"21,900.00"
2019-03-25,2019032501004660,MBL,37,50,31,218.00,"6,758.00"
2019-03-25,2019032501004659,MBL,21,50,50,218.00,"10,900.00"
2019-03-25,2019032501004658,MBL,21,50,119,218.00,"25,942.00"
2019-03-25,2019032501004592,MBL,21,43,50,218.00,"10,900.00"
2019-03-25,2019032501004532,MBL,21,20,40,218.00,"8,720.00"
2019-03-25,2019032501004337,MBL,21,43,291,218.00,"63,438.00"
2019-03-25,2019032501004336,MBL,36,43,"1,136",218.00,"247,648.00"
2019-03-25,2019032501004310,MBL,36,39,76,218.00,"16,568.00"
2019-03-25,2019032501004741,MDB,19,52,200,232.00,"46,400.00"
2019-03-25,2019032501004616,MDB,19,38,135,232.00,"31,320.00"
2019-03-25,2019032501004615,MDB,56,38,50,233.00,"11,650.00"
2019-03-25,2019032501004614,MDB,39,38,10,233.00,"2,330.00"
2019-03-25,2019032501004743,MEGA,40,38,500,160.00,"80,000.00"
2019-03-25,2019032501004742,MEGA,51,38,300,160.00,"48,000.00"
2019-03-25,2019032501004740,MEGA,17,17,3,161.00,483.00
2019-03-25,2019032501004733,MEGA,51,54,12,160.00,"1,920.00"
2019-03-25,2019032501004591,MEGA,45,51,100,161.00,"16,100.00"
2019-03-25,2019032501004590,MEGA,45,8,990,161.00,"159,390.00"
2019-03-25,2019032501004424,MEGA,53,43,39,160.00,"6,240.00"
2019-03-25,2019032501004570,MEGA,28,25,65,160.00,"10,400.00"
2019-03-25,2019032501004569,MEGA,57,25,90,160.00,"14,400.00"
2019-03-25,2019032501004511,MEGA,57,29,60,160.00,"9,600.00"
2019-03-25,2019032501004510,MEGA,8,29,40,160.00,"6,400.00"
2019-03-25,2019032501004442,MEGA,8,43,110,160.00,"17,600.00"
2019-03-25,2019032501004425,MEGA,8,43,70,160.00,"11,200.00"
2019-03-25,2019032501004589,MEGA,45,33,300,161.00,"48,300.00"
2019-03-25,2019032501004575,MEGA,51,25,688,160.00,"110,080.00"
2019-03-25,2019032501004574,MEGA,16,25,500,160.00,"80,000.00"
2019-03-25,2019032501004573,MEGA,8,25,500,160.00,"80,000.00"
2019-03-25,2019032501004572,MEGA,8,25,500,160.00,"80,000.00"
2019-03-25,2019032501004571,MEGA,8,25,500,160.00,"80,000.00"
2019-03-25,2019032501004303,MFIL,46,8,200,112.00,"22,400.00"
2019-03-25,2019032501004613,MLBL,45,34,104,169.00,"17,576.00"
2019-03-25,2019032501004436,MLBL,17,18,145,168.00,"24,360.00"
2019-03-25,2019032501004714,MMFDB,34,10,46,922.00,"42,412.00"
2019-03-25,2019032501004288,MMFDB,34,22,20,922.00,"18,440.00"
2019-03-25,2019032501004433,MNBBL,58,57,45,338.00,"15,210.00"
2019-03-25,2019032501004420,MNBBL,57,57,137,338.00,"46,306.00"
2019-03-25,2019032501004385,MSMBS,22,38,20,516.00,"10,320.00"
2019-03-25,2019032501004384,MSMBS,37,38,50,516.00,"25,800.00"
2019-03-25,2019032501004383,MSMBS,29,38,120,517.00,"62,040.00"
2019-03-25,2019032501004320,MSMBS,41,38,50,520.00,"26,000.00"
2019-03-25,2019032501004585,NABIL,48,7,110,712.00,"78,320.00"
2019-03-25,2019032501004378,NABIL,35,7,50,712.00,"35,600.00"
2019-03-25,2019032501004377,NABIL,25,7,100,712.00,"71,200.00"
2019-03-25,2019032501004376,NABIL,45,7,50,712.00,"35,600.00"
2019-03-25,2019032501004732,NADEP,57,49,40,657.00,"26,280.00"
2019-03-25,2019032501004731,NADEP,6,49,10,660.00,"6,600.00"
2019-03-25,2019032501004709,NADEP,42,39,70,666.00,"46,620.00"
2019-03-25,2019032501004708,NADEP,42,38,10,666.00,"6,660.00"
2019-03-25,2019032501004707,NADEP,42,16,10,665.00,"6,650.00"
2019-03-25,2019032501004706,NADEP,42,16,10,665.00,"6,650.00"
2019-03-25,2019032501004487,NADEP,11,39,80,660.00,"52,800.00"
2019-03-25,2019032501004486,NADEP,11,58,10,658.00,"6,580.00"
2019-03-25,2019032501004339,NADEP,38,38,10,657.00,"6,570.00"
2019-03-25,2019032501004630,NADEP,6,18,10,660.00,"6,600.00"
2019-03-25,2019032501004543,NADEP,17,17,10,660.00,"6,600.00"
2019-03-25,2019032501004723,NBB,19,47,"1,200",193.00,"231,600.00"
2019-03-25,2019032501004722,NBB,19,1,150,192.00,"28,800.00"
2019-03-25,2019032501004558,NBB,26,1,200,192.00,"38,400.00"
2019-03-25,2019032501004557,NBB,1,1,50,192.00,"9,600.00"
2019-03-25,2019032501004497,NBB,1,22,150,192.00,"28,800.00"
2019-03-25,2019032501004266,NBB,47,22,19,193.00,"3,667.00"
2019-03-25,2019032501004265,NBB,41,22,20,193.00,"3,860.00"
2019-03-25,2019032501004467,NBB,38,25,500,193.00,"96,500.00"
2019-03-25,2019032501004355,NBB,35,25,200,193.00,"38,600.00"
2019-03-25,2019032501004354,NBB,47,25,306,193.00,"59,058.00"
2019-03-25,2019032501004729,NBL,1,6,350,287.00,"100,450.00"
2019-03-25,2019032501004619,NBL,5,6,300,287.00,"86,100.00"
2019-03-25,2019032501004388,NBL,36,6,"1,000",287.00,"287,000.00"
2019-03-25,2019032501004285,NBL,5,6,500,287.00,"143,500.00"
2019-03-25,2019032501004284,NBL,32,6,500,287.00,"143,500.00"
2019-03-25,2019032501004283,NBL,21,6,500,287.00,"143,500.00"
2019-03-25,2019032501004282,NBL,38,6,150,287.00,"43,050.00"
2019-03-25,2019032501004578,NCCB,4,1,395,210.00,"82,950.00"
2019-03-25,2019032501004565,NCCB,4,1,105,210.00,"22,050.00"
2019-03-25,2019032501004334,NCCB,4,34,"2,645",210.00,"555,450.00"
2019-03-25,2019032501004333,NCCB,5,34,700,210.00,"147,000.00"
2019-03-25,2019032501004332,NCCB,58,34,655,210.00,"137,550.00"
2019-03-25,2019032501004728,NCDB,26,49,"2,400",120.00,"288,000.00"
2019-03-25,2019032501004509,NGPL,1,32,11,122.00,"1,342.00"
2019-03-25,2019032501004368,NHDL,38,38,10,127.00,"1,270.00"
2019-03-25,2019032501004530,NHPC,56,40,"2,300",72.00,"165,600.00"
2019-03-25,2019032501004529,NHPC,56,40,520,72.00,"37,440.00"
2019-03-25,2019032501004302,NHPC,41,40,200,72.00,"14,400.00"
2019-03-25,2019032501004749,NIB,48,19,50,528.00,"26,400.00"
2019-03-25,2019032501004642,NIB,48,33,37,528.00,"19,536.00"
2019-03-25,2019032501004563,NIB,48,42,80,528.00,"42,240.00"
2019-03-25,2019032501004550,NIB,21,42,20,528.00,"10,560.00"
2019-03-25,2019032501004477,NIB,45,43,10,529.00,"5,290.00"
2019-03-25,2019032501004462,NIB,45,43,20,529.00,"10,580.00"
2019-03-25,2019032501004459,NIB,36,43,20,529.00,"10,580.00"
2019-03-25,2019032501004374,NIB,38,38,37,528.00,"19,536.00"
2019-03-25,2019032501004649,NIBLPF,39,14,"2,000",7.30,"14,600.00"
2019-03-25,2019032501004720,NICA,48,54,48,397.00,"19,056.00"
2019-03-25,2019032501004674,NICA,48,54,50,397.00,"19,850.00"
2019-03-25,2019032501004601,NICA,48,5,100,397.00,"39,700.00"
2019-03-25,2019032501004391,NICA,42,54,50,397.00,"19,850.00"
2019-03-25,2019032501004349,NICA,17,17,50,397.00,"19,850.00"
2019-03-25,2019032501004306,NICA,42,19,119,398.00,"47,362.00"
2019-03-25,2019032501004329,NIL,45,28,50,515.00,"25,750.00"
2019-03-25,2019032501004536,NLG,46,44,205,800.00,"164,000.00"
2019-03-25,2019032501004631,NLIC,18,38,17,"1,081.00","18,377.00"
2019-03-25,2019032501004535,NLIC,48,19,454,"1,083.00","491,682.00"
2019-03-25,2019032501004496,NLIC,11,19,100,"1,083.00","108,300.00"
2019-03-25,2019032501004479,NLIC,18,38,17,"1,081.00","18,377.00"
2019-03-25,2019032501004422,NLIC,38,38,17,"1,082.00","18,394.00"
2019-03-25,2019032501004419,NLIC,17,17,17,"1,082.00","18,394.00"
2019-03-25,2019032501004365,NLICL,17,17,20,570.00,"11,400.00"
2019-03-25,2019032501004713,NMB,34,1,100,321.00,"32,100.00"
2019-03-25,2019032501004666,NMB,45,54,20,322.00,"6,440.00"
2019-03-25,2019032501004637,NMB,34,45,200,321.00,"64,200.00"
2019-03-25,2019032501004636,NMB,25,45,300,321.00,"96,300.00"
2019-03-25,2019032501004627,NMB,48,54,404,322.00,"130,088.00"
2019-03-25,2019032501004626,NMB,32,54,882,322.00,"284,004.00"
2019-03-25,2019032501004625,NMB,17,54,100,323.00,"32,300.00"
2019-03-25,2019032501004411,NMB,36,45,"1,000",323.00,"323,000.00"
2019-03-25,2019032501004410,NMB,36,6,800,323.00,"258,400.00"
2019-03-25,2019032501004409,NMB,36,41,990,323.00,"319,770.00"
2019-03-25,2019032501004366,NMB,45,41,10,323.00,"3,230.00"
2019-03-25,2019032501004322,NMB,32,39,78,322.00,"25,116.00"
2019-03-25,2019032501004542,NMBHF1,54,39,832,8.85,"7,363.20"
2019-03-25,2019032501004541,NMBSF1,28,28,"13,200",10.12,"133,584.00"
2019-03-25,2019032501004440,NMFBS,38,17,12,"1,590.00","19,080.00"
2019-03-25,2019032501004439,NMFBS,38,38,11,"1,590.00","17,490.00"
2019-03-25,2019032501004438,NMFBS,17,38,12,"1,590.00","19,080.00"
2019-03-25,2019032501004396,NNLB,34,1,20,444.00,"8,880.00"
2019-03-25,2019032501004395,NNLB,41,1,10,445.00,"4,450.00"
2019-03-25,2019032501004586,NTC,48,45,154,675.00,"103,950.00"
2019-03-25,2019032501004275,NTC,35,45,30,675.00,"20,250.00"
2019-03-25,2019032501004370,NTC,45,45,10,675.00,"6,750.00"
2019-03-25,2019032501004277,NTC,45,45,20,675.00,"13,500.00"
2019-03-25,2019032501004276,NTC,43,45,500,675.00,"337,500.00"
2019-03-25,2019032501004603,PCBL,58,43,148,316.00,"46,768.00"
2019-03-25,2019032501004602,PCBL,58,19,365,316.00,"115,340.00"
2019-03-25,2019032501004594,PCBL,48,19,410,316.00,"129,560.00"
2019-03-25,2019032501004458,PFL,17,17,13,131.00,"1,703.00"
2019-03-25,2019032501004446,PFL,38,38,39,131.00,"5,109.00"
2019-03-25,2019032501004281,PFL,51,45,39,132.00,"5,148.00"
2019-03-25,2019032501004562,PIC,45,50,100,"1,015.00","101,500.00"
2019-03-25,2019032501004468,PIC,17,17,11,"1,016.00","11,176.00"
2019-03-25,2019032501004465,PIC,38,38,11,"1,016.00","11,176.00"
2019-03-25,2019032501004327,PICL,32,44,50,673.00,"33,650.00"
2019-03-25,2019032501004475,PLIC,35,44,95,440.00,"41,800.00"
2019-03-25,2019032501004752,PMHPL,56,44,10,112.00,"1,120.00"
2019-03-25,2019032501004721,PMHPL,56,44,10,112.00,"1,120.00"
2019-03-25,2019032501004670,PMHPL,56,44,10,112.00,"1,120.00"
2019-03-25,2019032501004628,PMHPL,56,10,10,112.00,"1,120.00"
2019-03-25,2019032501004600,PMHPL,56,33,10,112.00,"1,120.00"
2019-03-25,2019032501004335,PMHPL,10,58,10,111.00,"1,110.00"
2019-03-25,2019032501004296,PMHPL,10,33,10,111.00,"1,110.00"
2019-03-25,2019032501004255,PMHPL,10,33,10,111.00,"1,110.00"
2019-03-25,2019032501004665,PRIN,48,45,248,410.00,"101,680.00"
2019-03-25,2019032501004664,PRIN,4,45,50,410.00,"20,500.00"
2019-03-25,2019032501004681,PRVU,49,1,100,234.00,"23,400.00"
2019-03-25,2019032501004680,PRVU,49,34,152,234.00,"35,568.00"
2019-03-25,2019032501004547,PRVU,26,34,48,234.00,"11,232.00"
2019-03-25,2019032501004546,PRVU,26,43,60,234.00,"14,040.00"
2019-03-25,2019032501004545,PRVU,26,43,80,234.00,"18,720.00"
2019-03-25,2019032501004544,PRVU,26,43,12,234.00,"2,808.00"
2019-03-25,2019032501004364,PRVU,57,43,238,234.00,"55,692.00"
2019-03-25,2019032501004363,PRVU,57,43,62,234.00,"14,508.00"
2019-03-25,2019032501004587,RADHI,17,17,1,168.00,168.00
2019-03-25,2019032501004328,RADHI,50,58,11,168.00,"1,848.00"
2019-03-25,2019032501004269,RADHI,17,17,1,168.00,168.00
2019-03-25,2019032501004451,RHPC,57,48,260,96.00,"24,960.00"
2019-03-25,2019032501004450,RHPC,57,54,50,96.00,"4,800.00"
2019-03-25,2019032501004449,RHPC,57,11,500,96.00,"48,000.00"
2019-03-25,2019032501004375,RHPC,17,17,100,95.00,"9,500.00"
2019-03-25,2019032501004325,RMDC,5,53,40,525.00,"21,000.00"
2019-03-25,2019032501004369,RRHP,58,58,10,97.00,970.00
2019-03-25,2019032501004622,RSDC,5,38,53,367.00,"19,451.00"
2019-03-25,2019032501004490,RSDC,5,38,33,367.00,"12,111.00"
2019-03-25,2019032501004489,RSDC,7,38,20,368.00,"7,360.00"
2019-03-25,2019032501004471,RSDC,38,38,82,369.00,"30,258.00"
2019-03-25,2019032501004635,SADBL,48,39,86,141.00,"12,126.00"
2019-03-25,2019032501004540,SANIMA,42,29,50,297.00,"14,850.00"
2019-03-25,2019032501004461,SANIMA,42,36,830,297.00,"246,510.00"
2019-03-25,2019032501004460,SANIMA,33,36,170,297.00,"50,490.00"
2019-03-25,2019032501004456,SANIMA,33,1,30,297.00,"8,910.00"
2019-03-25,2019032501004455,SANIMA,25,1,20,297.00,"5,940.00"
2019-03-25,2019032501004454,SANIMA,42,1,50,297.00,"14,850.00"
2019-03-25,2019032501004256,SANIMA,42,47,300,297.00,"89,100.00"
2019-03-25,2019032501004663,SBL,19,6,370,286.00,"105,820.00"
2019-03-25,2019032501004655,SBL,39,6,30,286.00,"8,580.00"
2019-03-25,2019032501004580,SBL,45,36,236,285.00,"67,260.00"
2019-03-25,2019032501004579,SBL,48,36,264,285.00,"75,240.00"
2019-03-25,2019032501004315,SBL,48,36,236,285.00,"67,260.00"
2019-03-25,2019032501004314,SBL,36,36,"1,000",285.00,"285,000.00"
2019-03-25,2019032501004313,SBL,39,36,200,286.00,"57,200.00"
2019-03-25,2019032501004312,SBL,55,36,64,286.00,"18,304.00"
2019-03-25,2019032501004301,SCB,1,16,40,562.00,"22,480.00"
2019-03-25,2019032501004270,SCB,40,51,10,565.00,"5,650.00"
2019-03-25,2019032501004484,SCB,11,38,20,564.00,"11,280.00"
2019-03-25,2019032501004483,SCB,38,51,20,565.00,"11,300.00"
2019-03-25,2019032501004482,SCB,45,51,10,565.00,"5,650.00"
2019-03-25,2019032501004527,SCB,17,17,20,566.00,"11,320.00"
2019-03-25,2019032501004492,SCB,17,11,20,565.00,"11,300.00"
2019-03-25,2019032501004491,SCB,17,29,64,565.00,"36,160.00"
2019-03-25,2019032501004568,SDESI,38,56,23,557.00,"12,811.00"
2019-03-25,2019032501004537,SDESI,17,17,13,558.00,"7,254.00"
2019-03-25,2019032501004356,SEOS,16,53,"5,000",9.81,"49,050.00"
2019-03-25,2019032501004426,SHL,56,58,500,204.00,"102,000.00"
2019-03-25,2019032501004684,SHPC,7,19,904,224.00,"202,496.00"
2019-03-25,2019032501004683,SHPC,1,19,96,224.00,"21,504.00"
2019-03-25,2019032501004361,SHPC,53,46,300,225.00,"67,500.00"
2019-03-25,2019032501004360,SHPC,40,46,500,225.00,"112,500.00"
2019-03-25,2019032501004359,SHPC,45,46,"1,000",225.00,"225,000.00"
2019-03-25,2019032501004358,SHPC,32,46,500,225.00,"112,500.00"
2019-03-25,2019032501004357,SHPC,39,46,100,226.00,"22,600.00"
2019-03-25,2019032501004294,SHPC,7,46,"1,500",227.00,"340,500.00"
2019-03-25,2019032501004608,SIC,6,16,55,"1,295.00","71,225.00"
2019-03-25,2019032501004607,SIC,6,55,10,"1,285.00","12,850.00"
2019-03-25,2019032501004606,SIC,6,38,35,"1,279.00","44,765.00"
2019-03-25,2019032501004457,SICL,22,6,20,875.00,"17,500.00"
2019-03-25,2019032501004444,SICL,22,6,20,875.00,"17,500.00"
2019-03-25,2019032501004748,SLBS,42,51,10,888.00,"8,880.00"
2019-03-25,2019032501004588,SMFDB,32,20,50,618.00,"30,900.00"
2019-03-25,2019032501004605,SPDL,17,17,15,105.00,"1,575.00"
2019-03-25,2019032501004596,SPDL,38,38,10,105.00,"1,050.00"
2019-03-25,2019032501004390,SPDL,45,39,500,105.00,"52,500.00"
2019-03-25,2019032501004381,SPDL,45,51,114,104.00,"11,856.00"
2019-03-25,2019032501004380,SPDL,45,51,100,104.00,"10,400.00"
2019-03-25,2019032501004675,SRBL,37,22,276,217.00,"59,892.00"
2019-03-25,2019032501004643,UMHL,1,58,50,114.00,"5,700.00"
2019-03-25,2019032501004561,UMHL,13,45,68,114.00,"7,752.00"
2019-03-25,2019032501004750,UPPER,19,25,200,240.00,"48,000.00"
2019-03-25,2019032501004747,UPPER,36,44,40,239.00,"9,560.00"
2019-03-25,2019032501004739,UPPER,19,33,40,240.00,"9,600.00"
2019-03-25,2019032501004738,UPPER,19,33,40,240.00,"9,600.00"
2019-03-25,2019032501004737,UPPER,19,37,50,240.00,"12,000.00"
2019-03-25,2019032501004267,UPPER,53,38,50,240.00,"12,000.00"
2019-03-25,2019032501004307,UPPER,53,43,260,240.00,"62,400.00"
2019-03-25,2019032501004300,UPPER,53,48,40,240.00,"9,600.00"
2019-03-25,2019032501004291,UPPER,53,33,50,240.00,"12,000.00"
2019-03-25,2019032501004290,UPPER,53,48,50,240.00,"12,000.00"
2019-03-25,2019032501004278,UPPER,53,5,50,240.00,"12,000.00"
2019-03-25,2019032501004338,UPPER,41,22,10,241.00,"2,410.00"
2019-03-25,2019032501004324,UPPER,34,33,33,239.00,"7,887.00"
2019-03-25,2019032501004323,UPPER,19,33,17,240.00,"4,080.00"
2019-03-25,2019032501004316,UPPER,19,48,50,240.00,"12,000.00"
2019-03-25,2019032501004308,UPPER,19,43,33,240.00,"7,920.00"
2019-03-25,2019032501004472,UPPER,34,10,50,239.00,"11,950.00"
2019-03-25,2019032501004464,UPPER,34,53,40,239.00,"9,560.00"
2019-03-25,2019032501004412,UPPER,34,53,40,239.00,"9,560.00"
2019-03-25,2019032501004402,UPPER,34,25,14,239.00,"3,346.00"
2019-03-25,2019032501004382,UPPER,34,58,50,239.00,"11,950.00"
2019-03-25,2019032501004341,UPPER,34,47,40,239.00,"9,560.00"
2019-03-25,2019032501004515,UPPER,34,58,50,239.00,"11,950.00"
2019-03-25,2019032501004514,UPPER,33,52,40,240.00,"9,600.00"
2019-03-25,2019032501004513,UPPER,33,52,40,240.00,"9,600.00"
2019-03-25,2019032501004512,UPPER,33,10,30,240.00,"7,200.00"
2019-03-25,2019032501004495,UPPER,50,48,50,240.00,"12,000.00"
2019-03-25,2019032501004538,UPPER,42,53,40,239.00,"9,560.00"
2019-03-25,2019032501004520,UPPER,42,11,28,239.00,"6,692.00"
2019-03-25,2019032501004519,UPPER,34,11,22,239.00,"5,258.00"
2019-03-25,2019032501004656,UPPER,36,44,40,239.00,"9,560.00"
2019-03-25,2019032501004624,UPPER,36,45,418,239.00,"99,902.00"
2019-03-25,2019032501004623,UPPER,42,45,282,239.00,"67,398.00"
2019-03-25,2019032501004621,UPPER,38,35,50,240.00,"12,000.00"
2019-03-25,2019032501004620,UPPER,42,38,50,239.00,"11,950.00"
2019-03-25,2019032501004736,UPPER,19,52,40,240.00,"9,600.00"
2019-03-25,2019032501004735,UPPER,19,35,550,240.00,"132,000.00"
2019-03-25,2019032501004715,UPPER,36,44,50,239.00,"11,950.00"
2019-03-25,2019032501004662,UPPER,36,53,40,239.00,"9,560.00"
2019-03-25,2019032501004238,ADBL,7,28,10,294.00,"2,940.00"
2019-03-25,2019032501004124,ADBL,33,59,288,294.00,"84,672.00"
2019-03-25,2019032501004025,ADBL,18,59,12,294.00,"3,528.00"
2019-03-25,2019032501004232,AKJCL,39,58,20,79.00,"1,580.00"
2019-03-25,2019032501003788,AKPL,17,17,86,167.00,"14,362.00"
2019-03-25,2019032501004122,AKPL,17,17,13,167.00,"2,171.00"
2019-03-25,2019032501004197,AKPL,38,38,13,169.00,"2,197.00"
2019-03-25,2019032501004248,ALBSL,47,52,10,489.00,"4,890.00"
2019-03-25,2019032501004243,ALBSL,47,5,10,489.00,"4,890.00"
2019-03-25,2019032501004240,ALBSL,52,29,10,490.00,"4,900.00"
2019-03-25,2019032501004220,ALBSL,53,5,10,489.00,"4,890.00"
2019-03-25,2019032501004200,ALBSL,32,55,10,491.00,"4,910.00"
2019-03-25,2019032501004199,ALBSL,32,46,10,491.00,"4,910.00"
2019-03-25,2019032501003769,ALBSL,17,16,10,489.00,"4,890.00"
2019-03-25,2019032501003767,ALBSL,17,10,10,489.00,"4,890.00"
2019-03-25,2019032501003764,ALBSL,17,43,10,489.00,"4,890.00"
2019-03-25,2019032501003761,ALBSL,17,42,10,489.00,"4,890.00"
2019-03-25,2019032501003757,ALBSL,17,42,10,489.00,"4,890.00"
2019-03-25,2019032501003755,ALBSL,17,43,10,489.00,"4,890.00"
2019-03-25,2019032501003809,ALBSL,45,38,10,490.00,"4,900.00"
2019-03-25,2019032501003792,ALBSL,45,56,10,490.00,"4,900.00"
2019-03-25,2019032501003784,ALBSL,17,43,10,489.00,"4,890.00"
2019-03-25,2019032501003783,ALBSL,17,17,10,489.00,"4,890.00"
2019-03-25,2019032501003771,ALBSL,17,43,10,489.00,"4,890.00"
2019-03-25,2019032501003842,ALBSL,43,44,10,491.00,"4,910.00"
2019-03-25,2019032501003841,ALBSL,43,58,10,491.00,"4,910.00"
2019-03-25,2019032501003840,ALBSL,43,17,10,490.00,"4,900.00"
2019-03-25,2019032501003839,ALBSL,47,17,10,489.00,"4,890.00"
2019-03-25,2019032501003838,ALBSL,17,10,10,489.00,"4,890.00"
2019-03-25,2019032501003831,ALBSL,45,57,10,490.00,"4,900.00"
2019-03-25,2019032501003869,ALBSL,53,17,10,489.00,"4,890.00"
2019-03-25,2019032501003857,ALBSL,48,47,10,489.00,"4,890.00"
2019-03-25,2019032501003846,ALBSL,43,16,10,492.00,"4,920.00"
2019-03-25,2019032501003845,ALBSL,43,19,10,492.00,"4,920.00"
2019-03-25,2019032501003844,ALBSL,43,19,10,492.00,"4,920.00"
2019-03-25,2019032501003843,ALBSL,43,21,10,492.00,"4,920.00"
2019-03-25,2019032501003931,ALBSL,38,38,10,491.00,"4,910.00"
2019-03-25,2019032501003913,ALBSL,51,48,10,490.00,"4,900.00"
2019-03-25,2019032501003912,ALBSL,38,38,10,491.00,"4,910.00"
2019-03-25,2019032501003906,ALBSL,38,38,10,491.00,"4,910.00"
2019-03-25,2019032501003896,ALBSL,51,18,10,490.00,"4,900.00"
2019-03-25,2019032501003880,ALBSL,53,17,10,489.00,"4,890.00"
2019-03-25,2019032501003959,ALBSL,51,16,10,490.00,"4,900.00"
2019-03-25,2019032501003955,ALBSL,38,38,10,491.00,"4,910.00"
2019-03-25,2019032501003949,ALBSL,38,38,10,491.00,"4,910.00"
2019-03-25,2019032501003943,ALBSL,38,38,10,491.00,"4,910.00"
2019-03-25,2019032501003942,ALBSL,51,17,10,490.00,"4,900.00"
2019-03-25,2019032501003937,ALBSL,38,38,10,491.00,"4,910.00"
2019-03-25,2019032501003979,ALBSL,21,46,10,492.00,"4,920.00"
2019-03-25,2019032501003978,ALBSL,21,16,10,492.00,"4,920.00"
2019-03-25,2019032501003977,ALBSL,21,46,10,492.00,"4,920.00"
2019-03-25,2019032501003976,ALBSL,21,46,10,492.00,"4,920.00"
2019-03-25,2019032501003975,ALBSL,45,10,10,490.00,"4,900.00"
2019-03-25,2019032501003967,ALBSL,51,16,10,490.00,"4,900.00"
2019-03-25,2019032501004023,ALBSL,21,20,10,492.00,"4,920.00"
2019-03-25,2019032501004017,ALBSL,21,45,10,492.00,"4,920.00"
2019-03-25,2019032501004007,ALBSL,21,45,10,492.00,"4,920.00"
2019-03-25,2019032501004002,ALBSL,38,46,10,493.00,"4,930.00"
2019-03-25,2019032501003999,ALBSL,21,58,10,492.00,"4,920.00"
2019-03-25,2019032501003980,ALBSL,21,44,10,492.00,"4,920.00"
2019-03-25,2019032501004067,ALBSL,45,17,10,490.00,"4,900.00"
2019-03-25,2019032501004056,ALBSL,45,46,10,490.00,"4,900.00"
2019-03-25,2019032501004045,ALBSL,45,20,10,490.00,"4,900.00"
2019-03-25,2019032501004036,ALBSL,21,46,10,492.00,"4,920.00"
2019-03-25,2019032501004032,ALBSL,21,20,10,492.00,"4,920.00"
2019-03-25,2019032501004029,ALBSL,21,17,10,492.00,"4,920.00"
2019-03-25,2019032501004102,ALBSL,45,17,10,490.00,"4,900.00"
2019-03-25,2019032501004099,ALBSL,45,20,10,490.00,"4,900.00"
2019-03-25,2019032501004095,ALBSL,45,46,10,490.00,"4,900.00"
2019-03-25,2019032501004093,ALBSL,45,20,10,490.00,"4,900.00"
2019-03-25,2019032501004087,ALBSL,45,46,10,490.00,"4,900.00"
2019-03-25,2019032501004074,ALBSL,45,46,10,490.00,"4,900.00"
2019-03-25,2019032501004132,ALBSL,39,46,10,490.00,"4,900.00"
2019-03-25,2019032501004118,ALBSL,53,20,10,489.00,"4,890.00"
2019-03-25,2019032501004117,ALBSL,53,17,10,489.00,"4,890.00"
2019-03-25,2019032501004111,ALBSL,14,20,10,490.00,"4,900.00"
2019-03-25,2019032501004108,ALBSL,14,46,10,490.00,"4,900.00"
2019-03-25,2019032501004176,ALBSL,39,5,10,490.00,"4,900.00"
2019-03-25,2019032501004173,ALBSL,39,14,10,490.00,"4,900.00"
2019-03-25,2019032501004169,ALBSL,39,17,10,490.00,"4,900.00"
2019-03-25,2019032501004162,ALBSL,39,17,10,490.00,"4,900.00"
2019-03-25,2019032501004135,ALBSL,17,17,10,491.00,"4,910.00"
2019-03-25,2019032501004152,ALICL,17,17,78,386.00,"30,108.00"
2019-03-25,2019032501003817,ALICL,1,28,150,385.00,"57,750.00"
2019-03-25,2019032501003816,ALICL,41,28,50,385.00,"19,250.00"
2019-03-25,2019032501004211,AMFI,38,38,10,629.00,"6,290.00"
2019-03-25,2019032501004110,AMFI,11,17,10,623.00,"6,230.00"
2019-03-25,2019032501004089,AMFI,48,17,10,624.00,"6,240.00"
2019-03-25,2019032501003864,AMFI,48,17,10,624.00,"6,240.00"
2019-03-25,2019032501003818,AMFI,42,17,10,629.00,"6,290.00"
2019-03-25,2019032501003808,AMFI,42,17,10,629.00,"6,290.00"
2019-03-25,2019032501003962,API,1,53,451,134.00,"60,434.00"
2019-03-25,2019032501003961,API,1,32,29,133.00,"3,857.00"
2019-03-25,2019032501003960,API,1,37,20,133.00,"2,660.00"
2019-03-25,2019032501003870,BARUN,45,22,70,94.00,"6,580.00"
2019-03-25,2019032501004109,BHBL,44,28,500,141.00,"70,500.00"
2019-03-25,2019032501004077,BHBL,44,28,500,141.00,"70,500.00"
2019-03-25,2019032501004178,BOKL,17,17,56,243.00,"13,608.00"
2019-03-25,2019032501004141,BOKL,32,28,103,242.00,"24,926.00"
2019-03-25,2019032501004140,BOKL,19,28,100,242.00,"24,200.00"
2019-03-25,2019032501004139,BOKL,16,28,50,242.00,"12,100.00"
2019-03-25,2019032501004138,BOKL,17,28,100,243.00,"24,300.00"
2019-03-25,2019032501004020,BOKL,39,6,50,244.00,"12,200.00"
2019-03-25,2019032501004215,BPCL,38,38,50,359.00,"17,950.00"
2019-03-25,2019032501004143,BPCL,17,17,20,359.00,"7,180.00"
2019-03-25,2019032501004010,BPCL,36,51,10,358.00,"3,580.00"
2019-03-25,2019032501003855,BPCL,36,7,20,358.00,"7,160.00"
2019-03-25,2019032501004061,CBBL,54,42,100,890.00,"89,000.00"
2019-03-25,2019032501004060,CBBL,54,35,500,890.00,"445,000.00"
2019-03-25,2019032501004059,CBBL,54,22,50,887.00,"44,350.00"
2019-03-25,2019032501004058,CBBL,54,25,100,887.00,"88,700.00"
2019-03-25,2019032501004057,CBBL,54,40,10,887.00,"8,870.00"
2019-03-25,2019032501003996,CBBL,26,17,200,885.00,"177,000.00"
2019-03-25,2019032501003933,CBBL,57,17,100,885.00,"88,500.00"
2019-03-25,2019032501003829,CBBL,39,17,250,885.00,"221,250.00"
2019-03-25,2019032501003895,CBL,42,39,53,154.00,"8,162.00"
2019-03-25,2019032501004021,CCBL,22,38,100,160.00,"16,000.00"
2019-03-25,2019032501003994,CCBL,57,45,320,161.00,"51,520.00"
2019-03-25,2019032501003953,CCBL,22,57,54,160.00,"8,640.00"
2019-03-25,2019032501003781,CCBL,58,57,74,160.00,"11,840.00"
2019-03-25,2019032501003780,CCBL,58,22,"1,000",160.00,"160,000.00"
2019-03-25,2019032501003779,CCBL,58,19,82,160.00,"13,120.00"
2019-03-25,2019032501003778,CCBL,58,51,344,160.00,"55,040.00"
2019-03-25,2019032501004168,CHCL,1,46,22,506.00,"11,132.00"
2019-03-25,2019032501004165,CHL,17,17,34,99.00,"3,366.00"
2019-03-25,2019032501003981,CHL,26,48,10,98.00,980.00
2019-03-25,2019032501004073,CHLBS,35,17,10,540.00,"5,400.00"
2019-03-25,2019032501004004,CHLBS,35,51,10,540.00,"5,400.00"
2019-03-25,2019032501003873,CHLBS,35,17,10,540.00,"5,400.00"
2019-03-25,2019032501003847,CHLBS,35,16,10,540.00,"5,400.00"
2019-03-25,2019032501003758,CHLBS,35,10,10,540.00,"5,400.00"
2019-03-25,2019032501004242,CIT,59,16,50,"2,627.00","131,350.00"
2019-03-25,2019032501004239,CIT,59,16,50,"2,627.00","131,350.00"
2019-03-25,2019032501004217,CIT,36,35,130,"2,625.00","341,250.00"
2019-03-25,2019032501004195,CIT,59,35,50,"2,625.00","131,250.00"
2019-03-25,2019032501004185,CIT,29,35,50,"2,625.00","131,250.00"
2019-03-25,2019032501004174,CIT,29,17,38,"2,624.00","99,712.00"
2019-03-25,2019032501004149,CIT,10,17,100,"2,624.00","262,400.00"
2019-03-25,2019032501004094,CIT,33,17,68,"2,618.00","178,024.00"
2019-03-25,2019032501004068,CIT,1,35,20,"2,621.00","52,420.00"
2019-03-25,2019032501003957,CIT,42,17,21,"2,625.00","55,125.00"
2019-03-25,2019032501003954,CIT,10,17,32,"2,625.00","84,000.00"
2019-03-25,2019032501004001,CZBIL,25,51,10,205.00,"2,050.00"
2019-03-25,2019032501003993,CZBIL,45,14,500,207.00,"103,500.00"
2019-03-25,2019032501003811,CZBIL,25,38,39,205.00,"7,995.00"
2019-03-25,2019032501004134,DBBL,8,8,456,126.00,"57,456.00"
2019-03-25,2019032501004133,DBBL,16,8,50,126.00,"6,300.00"
2019-03-25,2019032501003885,DBBL,16,57,450,126.00,"56,700.00"
2019-03-25,2019032501004119,DDBL,7,36,450,583.00,"262,350.00"
2019-03-25,2019032501003908,DDBL,7,1,50,585.00,"29,250.00"
2019-03-25,2019032501003851,DDBL,48,25,45,582.00,"26,190.00"
2019-03-25,2019032501003850,DDBL,45,25,10,583.00,"5,830.00"
2019-03-25,2019032501004225,DHPL,38,38,11,95.00,"1,045.00"
2019-03-25,2019032501003930,EBL,13,45,50,551.00,"27,550.00"
2019-03-25,2019032501003861,EBL,16,21,12,551.00,"6,612.00"
2019-03-25,2019032501003837,EBL,58,57,59,551.00,"32,509.00"
2019-03-25,2019032501004213,EIC,19,58,10,838.00,"8,380.00"
2019-03-25,2019032501003877,FMDBL,41,39,129,365.00,"47,085.00"
2019-03-25,2019032501003876,FMDBL,41,59,100,365.00,"36,500.00"
2019-03-25,2019032501003776,FMDBL,25,39,10,365.00,"3,650.00"
2019-03-25,2019032501003777,GBBL,43,50,500,185.00,"92,500.00"
2019-03-25,2019032501003791,GBLBS,16,16,480,446.00,"214,080.00"
2019-03-25,2019032501003790,GBLBS,32,16,20,446.00,"8,920.00"
2019-03-25,2019032501004076,GILB,50,55,19,990.00,"18,810.00"
2019-03-25,2019032501004214,GLICL,42,45,100,501.00,"50,100.00"
2019-03-25,2019032501003972,GLICL,42,52,200,501.00,"100,200.00"
2019-03-25,2019032501003920,GLICL,13,58,500,500.00,"250,000.00"
2019-03-25,2019032501003919,GLICL,13,45,170,499.00,"84,830.00"
2019-03-25,2019032501003836,GLICL,34,50,25,496.00,"12,400.00"
2019-03-25,2019032501003825,GLICL,32,45,30,499.00,"14,970.00"
2019-03-25,2019032501004008,GRDBL,17,17,40,105.00,"4,200.00"
2019-03-25,2019032501004191,HBL,17,17,50,458.00,"22,900.00"
2019-03-25,2019032501004175,HIDCL,5,36,838,130.00,"108,940.00"
2019-03-25,2019032501003968,HIDCL,5,17,56,130.00,"7,280.00"
2019-03-25,2019032501003952,HIDCL,5,36,86,130.00,"11,180.00"
2019-03-25,2019032501003928,HIDCL,1,36,355,130.00,"46,150.00"
2019-03-25,2019032501003927,HIDCL,41,36,500,130.00,"65,000.00"
2019-03-25,2019032501003926,HIDCL,19,36,500,130.00,"65,000.00"
2019-03-25,2019032501003925,HIDCL,44,36,"1,000",130.00,"130,000.00"
2019-03-25,2019032501003924,HIDCL,46,36,200,130.00,"26,000.00"
2019-03-25,2019032501003923,HIDCL,29,36,300,130.00,"39,000.00"
2019-03-25,2019032501003922,HIDCL,42,36,59,130.00,"7,670.00"
2019-03-25,2019032501003921,HIDCL,4,51,41,131.00,"5,371.00"
2019-03-25,2019032501003812,HIDCL,4,6,112,131.00,"14,672.00"
2019-03-25,2019032501003992,HPPL,45,48,10,179.00,"1,790.00"
2019-03-25,2019032501003989,HPPL,45,48,10,179.00,"1,790.00"
2019-03-25,2019032501004031,IGI,42,55,100,409.00,"40,900.00"
2019-03-25,2019032501004236,JBBL,57,57,194,135.00,"26,190.00"
2019-03-25,2019032501004223,JBBL,57,57,"1,000",135.00,"135,000.00"
2019-03-25,2019032501004210,JBBL,33,8,100,135.00,"13,500.00"
2019-03-25,2019032501004209,JBBL,19,8,101,135.00,"13,635.00"
2019-03-25,2019032501004208,JBBL,4,8,205,135.00,"27,675.00"
2019-03-25,2019032501004207,JBBL,34,8,500,135.00,"67,500.00"
2019-03-25,2019032501004206,JBBL,41,8,250,135.00,"33,750.00"
2019-03-25,2019032501004205,JBBL,50,8,"1,000",135.00,"135,000.00"
2019-03-25,2019032501004204,JBBL,39,8,90,135.00,"12,150.00"
2019-03-25,2019032501004053,JBBL,59,57,50,136.00,"6,800.00"
2019-03-25,2019032501003917,JBBL,33,57,50,136.00,"6,800.00"
2019-03-25,2019032501003910,JBNL,28,39,286,170.00,"48,620.00"
2019-03-25,2019032501003909,JBNL,59,39,214,170.00,"36,380.00"
2019-03-25,2019032501003884,JBNL,29,36,"2,000",171.00,"342,000.00"
2019-03-25,2019032501003867,JBNL,59,46,40,170.00,"6,800.00"
2019-03-25,2019032501004142,JFL,1,16,30,166.00,"4,980.00"
2019-03-25,2019032501004075,JSLBB,17,17,2,"2,198.00","4,396.00"
2019-03-25,2019032501003985,JSLBB,48,22,14,"2,199.00","30,786.00"
2019-03-25,2019032501003982,KBBL,13,13,907,207.00,"187,749.00"
2019-03-25,2019032501003830,KBBL,25,38,300,207.00,"62,100.00"
2019-03-25,2019032501003765,KBBL,25,42,325,206.00,"66,950.00"
2019-03-25,2019032501004105,KBL,11,6,146,233.00,"34,018.00"
2019-03-25,2019032501004101,KBL,11,6,82,233.00,"19,106.00"
2019-03-25,2019032501004100,KBL,11,53,18,233.00,"4,194.00"
2019-03-25,2019032501004011,KBL,26,53,200,233.00,"46,600.00"
2019-03-25,2019032501003886,KMFL,41,38,20,805.00,"16,100.00"
2019-03-25,2019032501003827,KPCL,11,19,30,94.00,"2,820.00"
2019-03-25,2019032501003826,KPCL,11,19,40,94.00,"3,760.00"
2019-03-25,2019032501003958,KPCL,11,16,10,93.00,930.00
2019-03-25,2019032501003995,KPCL,11,51,10,93.00,930.00
2019-03-25,2019032501004012,KPCL,11,16,10,93.00,930.00
2019-03-25,2019032501004150,KPCL,22,5,10,95.00,950.00
2019-03-25,2019032501004131,KPCL,22,19,620,94.00,"58,280.00"
2019-03-25,2019032501004218,KPCL,16,5,10,94.00,940.00
2019-03-25,2019032501003853,KRBL,58,19,121,100.00,"12,100.00"
2019-03-25,2019032501004088,LBL,55,16,200,194.00,"38,800.00"
2019-03-25,2019032501003865,LBL,29,16,900,194.00,"174,600.00"
2019-03-25,2019032501004051,LGIL,6,14,100,510.00,"51,000.00"
2019-03-25,2019032501003941,LICN,45,39,100,"1,482.00","148,200.00"
2019-03-25,2019032501004033,MBL,17,22,200,218.00,"43,600.00"
2019-03-25,2019032501003987,MBL,43,14,200,219.00,"43,800.00"
2019-03-25,2019032501004186,MDB,45,58,82,236.00,"19,352.00"
2019-03-25,2019032501004172,MDB,45,7,418,235.00,"98,230.00"
2019-03-25,2019032501004171,MDB,28,7,50,235.00,"11,750.00"
2019-03-25,2019032501004170,MDB,29,7,60,235.00,"14,100.00"
2019-03-25,2019032501004226,MEGA,53,11,200,160.00,"32,000.00"
2019-03-25,2019032501004128,MEGA,53,8,109,160.00,"17,440.00"
2019-03-25,2019032501004127,MEGA,53,8,109,160.00,"17,440.00"
2019-03-25,2019032501004126,MEGA,53,38,43,160.00,"6,880.00"
2019-03-25,2019032501003901,MEGA,39,48,367,160.00,"58,720.00"
2019-03-25,2019032501003863,MEGA,32,47,12,159.00,"1,908.00"
2019-03-25,2019032501003862,MEGA,32,46,20,159.00,"3,180.00"
2019-03-25,2019032501003773,MERO,38,38,16,579.00,"9,264.00"
2019-03-25,2019032501004107,MLBBL,50,39,50,541.00,"27,050.00"
2019-03-25,2019032501004034,MMFDB,10,22,10,935.00,"9,350.00"
2019-03-25,2019032501003998,MMFDB,10,22,10,935.00,"9,350.00"
2019-03-25,2019032501004153,MNBBL,57,16,63,338.00,"21,294.00"
2019-03-25,2019032501004050,MNBBL,58,36,238,337.00,"80,206.00"
2019-03-25,2019032501004042,MNBBL,17,36,300,337.00,"101,100.00"
2019-03-25,2019032501004041,MNBBL,41,36,50,337.00,"16,850.00"
2019-03-25,2019032501004040,MNBBL,26,36,144,337.00,"48,528.00"
2019-03-25,2019032501004039,MNBBL,8,36,200,338.00,"67,600.00"
2019-03-25,2019032501004038,MNBBL,7,36,50,340.00,"17,000.00"
2019-03-25,2019032501004037,MNBBL,40,36,18,340.00,"6,120.00"
2019-03-25,2019032501004241,NABIL,38,44,30,713.00,"21,390.00"
2019-03-25,2019032501004184,NABIL,25,44,50,713.00,"35,650.00"
2019-03-25,2019032501003834,NABIL,41,44,230,712.00,"163,760.00"
2019-03-25,2019032501003782,NABIL,5,52,100,711.00,"71,100.00"
2019-03-25,2019032501003775,NABIL,5,19,30,712.00,"21,360.00"
2019-03-25,2019032501003768,NABIL,26,19,200,712.00,"142,400.00"
2019-03-25,2019032501004098,NABILP,45,49,90,690.00,"62,100.00"
2019-03-25,2019032501004097,NABILP,45,32,286,690.00,"197,340.00"
2019-03-25,2019032501004046,NABILP,59,49,10,690.00,"6,900.00"
2019-03-25,2019032501003871,NABILP,59,14,50,690.00,"34,500.00"
2019-03-25,2019032501004116,NADEP,38,39,20,660.00,"13,200.00"
2019-03-25,2019032501004027,NBB,1,6,363,193.00,"70,059.00"
2019-03-25,2019032501003866,NBBL,29,39,100,615.00,"61,500.00"
2019-03-25,2019032501004072,NBL,38,13,100,287.00,"28,700.00"
2019-03-25,2019032501003939,NBL,57,46,250,288.00,"72,000.00"
2019-03-25,2019032501003938,NBL,57,6,750,288.00,"216,000.00"
2019-03-25,2019032501004234,NCCB,58,14,345,210.00,"72,450.00"
2019-03-25,2019032501004066,NCCB,32,5,29,210.00,"6,090.00"
2019-03-25,2019032501004065,NCCB,32,51,500,210.00,"105,000.00"
2019-03-25,2019032501004064,NCCB,32,10,"1,300",210.00,"273,000.00"
2019-03-25,2019032501004063,NCCB,32,42,593,210.00,"124,530.00"
2019-03-25,2019032501004019,NCCB,32,42,"1,000",210.00,"210,000.00"
2019-03-25,2019032501003798,NCCB,36,48,400,209.00,"83,600.00"
2019-03-25,2019032501003797,NCCB,37,48,200,209.00,"41,800.00"
2019-03-25,2019032501003796,NCCB,36,48,248,209.00,"51,832.00"
2019-03-25,2019032501003804,NCCB,59,48,100,209.00,"20,900.00"
2019-03-25,2019032501003803,NCCB,22,48,"1,000",209.00,"209,000.00"
2019-03-25,2019032501003802,NCCB,52,48,100,209.00,"20,900.00"
2019-03-25,2019032501003801,NCCB,50,48,100,209.00,"20,900.00"
2019-03-25,2019032501003800,NCCB,57,48,100,209.00,"20,900.00"
2019-03-25,2019032501003799,NCCB,8,48,"1,000",209.00,"209,000.00"
2019-03-25,2019032501003966,NCCB,36,42,200,210.00,"42,000.00"
2019-03-25,2019032501003915,NCCB,8,42,207,210.00,"43,470.00"
2019-03-25,2019032501003914,NCCB,8,5,"4,793",210.00,"1,006,530.00"
2019-03-25,2019032501003807,NCCB,33,48,987,209.00,"206,283.00"
2019-03-25,2019032501003806,NCCB,25,48,500,209.00,"104,500.00"
2019-03-25,2019032501003805,NCCB,37,48,300,209.00,"62,700.00"
2019-03-25,2019032501003940,NEF,42,41,966,7.92,"7,650.72"
2019-03-25,2019032501003860,NEF,42,41,483,7.92,"3,825.36"
2019-03-25,2019032501004080,NHDL,56,40,10,125.00,"1,250.00"
2019-03-25,2019032501004079,NHDL,56,52,10,125.00,"1,250.00"
2019-03-25,2019032501003916,NHDL,49,17,10,123.00,"1,230.00"
2019-03-25,2019032501003900,NIB,41,57,50,530.00,"26,500.00"
2019-03-25,2019032501003899,NIB,41,55,40,530.00,"21,200.00"
2019-03-25,2019032501003898,NIB,41,33,11,528.00,"5,808.00"
2019-03-25,2019032501003897,NIB,41,49,37,528.00,"19,536.00"
2019-03-25,2019032501003892,NIB,40,40,5,527.00,"2,635.00"
2019-03-25,2019032501003824,NIB,37,7,37,526.00,"19,462.00"
2019-03-25,2019032501003785,NIB,38,38,37,527.00,"19,499.00"
2019-03-25,2019032501003756,NIB,28,45,200,525.00,"105,000.00"
2019-03-25,2019032501004156,NIBPO,45,50,300,486.00,"145,800.00"
2019-03-25,2019032501004155,NIBPO,45,25,100,486.00,"48,600.00"
2019-03-25,2019032501004154,NIBPO,45,53,165,485.00,"80,025.00"
2019-03-25,2019032501004115,NICA,36,39,210,396.00,"83,160.00"
2019-03-25,2019032501003905,NICL,49,36,45,371.00,"16,695.00"
2019-03-25,2019032501003904,NICL,49,6,20,371.00,"7,420.00"
2019-03-25,2019032501004003,NIL,13,46,500,516.00,"258,000.00"
2019-03-25,2019032501003986,NIL,39,39,100,513.00,"51,300.00"
2019-03-25,2019032501003760,NIL,40,25,100,515.00,"51,500.00"
2019-03-25,2019032501003888,NLBBL,41,38,239,459.00,"109,701.00"
2019-03-25,2019032501003887,NLBBL,41,6,15,458.00,"6,870.00"
2019-03-25,2019032501004086,NLIC,54,16,400,"1,085.00","434,000.00"
2019-03-25,2019032501004085,NLIC,54,59,40,"1,084.00","43,360.00"
2019-03-25,2019032501004084,NLIC,54,16,300,"1,084.00","325,200.00"
2019-03-25,2019032501004083,NLIC,54,22,20,"1,084.00","21,680.00"
2019-03-25,2019032501004082,NLIC,54,58,20,"1,084.00","21,680.00"
2019-03-25,2019032501003964,NLIC,17,16,100,"1,081.00","108,100.00"
2019-03-25,2019032501003835,NLIC,26,7,17,"1,080.00","18,360.00"
2019-03-25,2019032501003815,NLIC,26,42,20,"1,080.00","21,600.00"
2019-03-25,2019032501004212,NLICL,21,40,12,569.00,"6,828.00"
2019-03-25,2019032501004235,NMB,32,32,5,322.00,"1,610.00"
2019-03-25,2019032501004203,NMB,32,6,40,322.00,"12,880.00"
2019-03-25,2019032501004048,NMB,42,50,34,322.00,"10,948.00"
2019-03-25,2019032501004047,NMB,42,42,"1,319",322.00,"424,718.00"
2019-03-25,2019032501003971,NMB,42,44,7,318.00,"2,226.00"
2019-03-25,2019032501003951,NMBHF1,26,41,832,8.73,"7,263.36"
2019-03-25,2019032501003868,NMBHF1,43,41,832,8.72,"7,255.04"
2019-03-25,2019032501004188,NMFBS,42,57,23,"1,583.00","36,409.00"
2019-03-25,2019032501003793,NMFBS,38,38,23,"1,590.00","36,570.00"
2019-03-25,2019032501004187,NNLB,34,40,10,444.00,"4,440.00"
2019-03-25,2019032501004049,NSEWA,45,17,10,498.00,"4,980.00"
2019-03-25,2019032501004016,NSEWA,22,10,10,500.00,"5,000.00"
2019-03-25,2019032501003856,NSEWA,29,17,10,497.00,"4,970.00"
2019-03-25,2019032501003823,NSEWA,29,17,10,497.00,"4,970.00"
2019-03-25,2019032501003794,NSEWA,57,17,10,498.00,"4,980.00"
2019-03-25,2019032501003770,NSEWA,57,17,10,498.00,"4,980.00"
2019-03-25,2019032501003766,NSEWA,51,17,10,498.00,"4,980.00"
2019-03-25,2019032501003762,NSEWA,51,17,10,498.00,"4,980.00"
2019-03-25,2019032501003759,NSEWA,51,17,10,498.00,"4,980.00"
2019-03-25,2019032501004078,NTC,59,45,10,677.00,"6,770.00"
2019-03-25,2019032501004055,NTC,1,45,200,675.00,"135,000.00"
2019-03-25,2019032501004054,NTC,57,45,10,675.00,"6,750.00"
2019-03-25,2019032501004219,NUBL,7,38,150,731.00,"109,650.00"
2019-03-25,2019032501004182,NUBL,45,21,10,738.00,"7,380.00"
2019-03-25,2019032501004181,NUBL,45,51,40,738.00,"29,520.00"
2019-03-25,2019032501004180,NUBL,45,53,50,737.00,"36,850.00"
2019-03-25,2019032501004125,PCBL,58,19,225,316.00,"71,100.00"
2019-03-25,2019032501003833,PCBL,58,42,75,316.00,"23,700.00"
2019-03-25,2019032501003772,PCBL,13,45,81,316.00,"25,596.00"
2019-03-25,2019032501003763,PCBL,4,45,94,316.00,"29,704.00"
2019-03-25,2019032501004251,PFL,13,44,709,131.00,"92,879.00"
2019-03-25,2019032501004081,PFL,57,44,100,131.00,"13,100.00"
2019-03-25,2019032501004044,PIC,45,38,11,"1,015.00","11,165.00"
2019-03-25,2019032501003875,PIC,37,8,200,"1,020.00","204,000.00"
2019-03-25,2019032501003874,PIC,37,11,11,"1,020.00","11,220.00"
2019-03-25,2019032501003814,PIC,39,11,11,"1,020.00","11,220.00"
2019-03-25,2019032501003813,PIC,39,11,11,"1,020.00","11,220.00"
2019-03-25,2019032501004245,PLIC,4,44,50,440.00,"22,000.00"
2019-03-25,2019032501004244,PLIC,19,44,135,440.00,"59,400.00"
2019-03-25,2019032501004198,PLIC,19,40,150,440.00,"66,000.00"
2019-03-25,2019032501003911,PLIC,19,45,50,440.00,"22,000.00"
2019-03-25,2019032501004158,PMHPL,10,5,10,111.00,"1,110.00"
2019-03-25,2019032501004028,PMHPL,14,16,10,112.00,"1,120.00"
2019-03-25,2019032501003991,PMHPL,14,51,10,112.00,"1,120.00"
2019-03-25,2019032501003990,PMHPL,14,16,10,112.00,"1,120.00"
2019-03-25,2019032501003970,PMHPL,14,16,10,112.00,"1,120.00"
2019-03-25,2019032501003786,PMHPL,14,40,10,112.00,"1,120.00"
2019-03-25,2019032501004120,PRVU,19,39,140,233.00,"32,620.00"
2019-03-25,2019032501003973,PRVU,19,39,50,233.00,"11,650.00"
2019-03-25,2019032501003820,PRVU,33,35,390,233.00,"90,870.00"
2019-03-25,2019032501004216,RADHI,17,42,1,168.00,168.00
2019-03-25,2019032501004179,RADHI,50,17,11,168.00,"1,848.00"
2019-03-25,2019032501004121,RADHI,50,17,11,168.00,"1,848.00"
2019-03-25,2019032501004035,RADHI,50,17,11,168.00,"1,848.00"
2019-03-25,2019032501003988,RADHI,50,17,11,168.00,"1,848.00"
2019-03-25,2019032501003889,RADHI,17,17,11,169.00,"1,859.00"
2019-03-25,2019032501003848,RADHI,17,17,11,169.00,"1,859.00"
2019-03-25,2019032501004114,RBCL,25,25,50,"9,190.00","459,500.00"
2019-03-25,2019032501003932,RMDC,55,28,30,527.00,"15,810.00"
2019-03-25,2019032501004069,RSDC,7,45,30,368.00,"11,040.00"
2019-03-25,2019032501003882,RSDC,5,38,33,367.00,"12,111.00"
2019-03-25,2019032501003881,RSDC,25,38,20,367.00,"7,340.00"
2019-03-25,2019032501004112,SADBL,46,16,300,140.00,"42,000.00"
2019-03-25,2019032501004145,SANIMA,42,29,150,297.00,"44,550.00"
2019-03-25,2019032501004137,SANIMA,45,28,82,299.00,"24,518.00"
2019-03-25,2019032501004092,SANIMA,42,57,438,300.00,"131,400.00"
2019-03-25,2019032501004091,SANIMA,42,19,300,300.00,"90,000.00"
2019-03-25,2019032501004090,SANIMA,42,41,762,300.00,"228,600.00"
2019-03-25,2019032501004014,SANIMA,45,34,317,299.00,"94,783.00"
2019-03-25,2019032501004013,SANIMA,45,42,58,298.00,"17,284.00"
2019-03-25,2019032501004161,SBL,25,52,100,287.00,"28,700.00"
2019-03-25,2019032501004160,SBL,25,8,200,287.00,"57,400.00"
2019-03-25,2019032501004159,SBL,25,8,170,287.00,"48,790.00"
2019-03-25,2019032501004136,SBL,35,8,30,287.00,"8,610.00"
2019-03-25,2019032501004146,SCB,1,38,10,562.00,"5,620.00"
2019-03-25,2019032501004052,SCB,1,38,10,562.00,"5,620.00"
2019-03-25,2019032501003902,SCB,1,45,100,562.00,"56,200.00"
2019-03-25,2019032501003828,SHIVM,35,58,50,377.00,"18,850.00"
2019-03-25,2019032501004148,SHPC,41,46,"2,000",225.00,"450,000.00"
2019-03-25,2019032501004147,SHPC,25,46,500,225.00,"112,500.00"
2019-03-25,2019032501004129,SHPC,45,46,500,227.00,"113,500.00"
2019-03-25,2019032501004247,SICL,7,6,10,870.00,"8,700.00"
2019-03-25,2019032501004231,SICL,45,6,42,870.00,"36,540.00"
2019-03-25,2019032501004230,SICL,45,13,258,869.00,"224,202.00"
2019-03-25,2019032501004062,SICL,57,38,10,867.00,"8,670.00"
2019-03-25,2019032501003858,SICL,25,6,20,870.00,"17,400.00"
2019-03-25,2019032501004246,SLICL,32,22,45,525.00,"23,625.00"
2019-03-25,2019032501004024,SLICL,55,44,"1,000",523.00,"523,000.00"
2019-03-25,2019032501004018,SLICL,21,55,40,522.00,"20,880.00"
2019-03-25,2019032501004103,SMB,17,17,10,645.00,"6,450.00"
2019-03-25,2019032501003878,SMB,38,38,10,648.00,"6,480.00"
2019-03-25,2019032501003883,SPDL,38,38,10,106.00,"1,060.00"
2019-03-25,2019032501004000,SRBL,14,8,20,217.00,"4,340.00"
2019-03-25,2019032501003789,SRBL,17,8,200,217.00,"43,400.00"
2019-03-25,2019032501003936,UPCL,48,7,30,243.00,"7,290.00"
2019-03-25,2019032501003935,UPCL,48,4,20,243.00,"4,860.00"
2019-03-25,2019032501004254,UPPER,53,20,50,240.00,"12,000.00"
2019-03-25,2019032501004253,UPPER,53,33,20,240.00,"4,800.00"
2019-03-25,2019032501004252,UPPER,19,33,20,240.00,"4,800.00"
2019-03-25,2019032501004250,UPPER,19,5,30,240.00,"7,200.00"
2019-03-25,2019032501004249,UPPER,39,5,20,240.00,"4,800.00"
2019-03-25,2019032501004237,UPPER,39,38,40,240.00,"9,600.00"
2019-03-25,2019032501003819,UPPER,53,6,50,240.00,"12,000.00"
2019-03-25,2019032501003810,UPPER,53,59,50,240.00,"12,000.00"
2019-03-25,2019032501003795,UPPER,53,38,50,240.00,"12,000.00"
2019-03-25,2019032501003787,UPPER,53,38,82,240.00,"19,680.00"
2019-03-25,2019032501003774,UPPER,53,17,50,240.00,"12,000.00"
2019-03-25,2019032501003849,UPPER,53,19,40,240.00,"9,600.00"
2019-03-25,2019032501003832,UPPER,53,19,40,240.00,"9,600.00"
2019-03-25,2019032501003822,UPPER,53,19,40,240.00,"9,600.00"
2019-03-25,2019032501003821,UPPER,53,39,259,240.00,"62,160.00"
2019-03-25,2019032501003890,UPPER,53,19,293,240.00,"70,320.00"
2019-03-25,2019032501003879,UPPER,53,38,241,240.00,"57,840.00"
2019-03-25,2019032501003872,UPPER,53,38,343,240.00,"82,320.00"
2019-03-25,2019032501003859,UPPER,53,19,40,240.00,"9,600.00"
2019-03-25,2019032501003854,UPPER,53,34,40,240.00,"9,600.00"
2019-03-25,2019032501003852,UPPER,53,33,22,240.00,"5,280.00"
2019-03-25,2019032501003918,UPPER,21,44,40,240.00,"9,600.00"
2019-03-25,2019032501003907,UPPER,21,19,50,240.00,"12,000.00"
2019-03-25,2019032501003903,UPPER,21,44,40,240.00,"9,600.00"
2019-03-25,2019032501003894,UPPER,38,22,50,241.00,"12,050.00"
2019-03-25,2019032501003893,UPPER,21,38,50,240.00,"12,000.00"
2019-03-25,2019032501003891,UPPER,21,19,204,240.00,"48,960.00"
2019-03-25,2019032501003947,UPPER,53,44,14,240.00,"3,360.00"
2019-03-25,2019032501003946,UPPER,19,44,36,240.00,"8,640.00"
2019-03-25,2019032501003945,UPPER,19,48,24,240.00,"5,760.00"
2019-03-25,2019032501003944,UPPER,21,48,26,240.00,"6,240.00"
2019-03-25,2019032501003934,UPPER,21,44,50,240.00,"12,000.00"
2019-03-25,2019032501003929,UPPER,21,21,40,240.00,"9,600.00"
2019-03-25,2019032501003965,UPPER,53,44,50,240.00,"12,000.00"
2019-03-25,2019032501003963,UPPER,53,48,40,240.00,"9,600.00"
2019-03-25,2019032501003956,UPPER,53,48,50,240.00,"12,000.00"
2019-03-25,2019032501003950,UPPER,53,48,50,240.00,"12,000.00"
2019-03-25,2019032501003948,UPPER,53,47,40,240.00,"9,600.00"
2019-03-25,2019032501003997,UPPER,53,16,50,240.00,"12,000.00"
2019-03-25,2019032501003984,UPPER,53,51,40,240.00,"9,600.00"
2019-03-25,2019032501003983,UPPER,53,44,40,240.00,"9,600.00"
2019-03-25,2019032501003974,UPPER,53,48,40,240.00,"9,600.00"
2019-03-25,2019032501003969,UPPER,53,48,40,240.00,"9,600.00"
2019-03-25,2019032501004022,UPPER,17,17,40,240.00,"9,600.00"
2019-03-25,2019032501004015,UPPER,17,38,40,240.00,"9,600.00"
2019-03-25,2019032501004009,UPPER,17,38,50,240.00,"12,000.00"
2019-03-25,2019032501004006,UPPER,17,58,40,240.00,"9,600.00"
2019-03-25,2019032501004005,UPPER,53,38,46,240.00,"11,040.00"
2019-03-25,2019032501004071,UPPER,17,44,50,240.00,"12,000.00"
2019-03-25,2019032501004070,UPPER,17,44,40,240.00,"9,600.00"
2019-03-25,2019032501004043,UPPER,17,44,40,240.00,"9,600.00"
2019-03-25,2019032501004030,UPPER,17,37,50,240.00,"12,000.00"
2019-03-25,2019032501004026,UPPER,17,44,50,240.00,"12,000.00"
2019-03-25,2019032501004130,UPPER,17,44,40,240.00,"9,600.00"
2019-03-25,2019032501004123,UPPER,17,58,50,240.00,"12,000.00"
2019-03-25,2019032501004113,UPPER,17,48,50,240.00,"12,000.00"
2019-03-25,2019032501004106,UPPER,17,44,50,240.00,"12,000.00"
2019-03-25,2019032501004104,UPPER,17,38,50,240.00,"12,000.00"
2019-03-25,2019032501004096,UPPER,17,44,40,240.00,"9,600.00"
2019-03-25,2019032501004163,UPPER,17,29,200,240.00,"48,000.00"
2019-03-25,2019032501004157,UPPER,17,39,50,240.00,"12,000.00"
2019-03-25,2019032501004151,UPPER,17,17,50,240.00,"12,000.00"
2019-03-25,2019032501004144,UPPER,17,39,40,240.00,"9,600.00"
2019-03-25,2019032501004189,UPPER,17,17,40,240.00,"9,600.00"
2019-03-25,2019032501004183,UPPER,17,48,50,240.00,"12,000.00"
2019-03-25,2019032501004177,UPPER,17,39,50,240.00,"12,000.00"
2019-03-25,2019032501004167,UPPER,17,48,40,240.00,"9,600.00"
2019-03-25,2019032501004166,UPPER,17,39,40,240.00,"9,600.00"
2019-03-25,2019032501004164,UPPER,17,5,50,240.00,"12,000.00"
2019-03-25,2019032501004201,UPPER,17,41,40,240.00,"9,600.00"
2019-03-25,2019032501004196,UPPER,17,39,40,240.00,"9,600.00"
2019-03-25,2019032501004194,UPPER,17,19,500,240.00,"120,000.00"
2019-03-25,2019032501004193,UPPER,17,5,40,240.00,"9,600.00"
2019-03-25,2019032501004192,UPPER,17,48,50,240.00,"12,000.00"
2019-03-25,2019032501004190,UPPER,17,39,40,240.00,"9,600.00"
2019-03-25,2019032501004233,UPPER,39,39,50,240.00,"12,000.00"
2019-03-25,2019032501004224,UPPER,39,5,50,240.00,"12,000.00"
2019-03-25,2019032501004222,UPPER,39,39,40,240.00,"9,600.00"
2019-03-25,2019032501004221,UPPER,33,39,10,240.00,"2,400.00"
2019-03-25,2019032501004202,UPPER,33,39,40,240.00,"9,600.00"
2019-03-25,2019032501004229,VLBS,42,38,10,650.00,"6,500.00"
2019-03-25,2019032501004228,VLBS,26,38,24,650.00,"15,600.00"
2019-03-25,2019032501004227,VLBS,29,38,21,650.00,"13,650.00"
2019-03-25,2019032501003569,ADBL,18,51,105,293.00,"30,765.00"
2019-03-25,2019032501003539,ADBL,18,51,83,293.00,"24,319.00"
2019-03-25,2019032501003538,ADBL,6,51,50,293.00,"14,650.00"
2019-03-25,2019032501003537,ADBL,37,51,11,293.00,"3,223.00"
2019-03-25,2019032501003426,ADBL,46,59,200,294.00,"58,800.00"
2019-03-25,2019032501003367,ADBL,14,59,400,294.00,"117,600.00"
2019-03-25,2019032501003256,ADBL,37,35,169,293.00,"49,517.00"
2019-03-25,2019032501003255,ADBL,58,35,31,293.00,"9,083.00"
2019-03-25,2019032501003560,AKJCL,39,59,10,79.00,790.00
2019-03-25,2019032501003554,AKJCL,39,59,10,79.00,790.00
2019-03-25,2019032501003260,AKPL,53,45,13,165.00,"2,145.00"
2019-03-25,2019032501003541,AKPL,38,38,13,168.00,"2,184.00"
2019-03-25,2019032501003750,ALBSL,1,10,10,489.00,"4,890.00"
2019-03-25,2019032501003749,ALBSL,1,17,10,489.00,"4,890.00"
2019-03-25,2019032501003745,ALBSL,45,17,10,489.00,"4,890.00"
2019-03-25,2019032501003742,ALBSL,45,39,10,489.00,"4,890.00"
2019-03-25,2019032501003741,ALBSL,59,48,10,490.00,"4,900.00"
2019-03-25,2019032501003740,ALBSL,59,48,10,490.00,"4,900.00"
2019-03-25,2019032501003305,ALBSL,56,1,10,490.00,"4,900.00"
2019-03-25,2019032501003291,ALBSL,56,1,10,490.00,"4,900.00"
2019-03-25,2019032501003271,ALBSL,56,1,10,490.00,"4,900.00"
2019-03-25,2019032501003262,ALBSL,56,17,10,490.00,"4,900.00"
2019-03-25,2019032501003257,ALBSL,56,1,10,490.00,"4,900.00"
2019-03-25,2019032501003378,ALBSL,42,41,10,490.00,"4,900.00"
2019-03-25,2019032501003343,ALBSL,38,17,10,489.00,"4,890.00"
2019-03-25,2019032501003323,ALBSL,43,26,10,490.00,"4,900.00"
2019-03-25,2019032501003321,ALBSL,43,26,10,490.00,"4,900.00"
2019-03-25,2019032501003318,ALBSL,56,49,10,490.00,"4,900.00"
2019-03-25,2019032501003310,ALBSL,56,26,10,490.00,"4,900.00"
2019-03-25,2019032501003414,ALBSL,40,52,10,490.00,"4,900.00"
2019-03-25,2019032501003405,ALBSL,40,48,10,490.00,"4,900.00"
2019-03-25,2019032501003399,ALBSL,38,17,10,489.00,"4,890.00"
2019-03-25,2019032501003395,ALBSL,42,17,10,490.00,"4,900.00"
2019-03-25,2019032501003388,ALBSL,42,17,10,490.00,"4,900.00"
2019-03-25,2019032501003379,ALBSL,42,58,10,490.00,"4,900.00"
2019-03-25,2019032501003466,ALBSL,40,51,10,490.00,"4,900.00"
2019-03-25,2019032501003464,ALBSL,40,48,10,490.00,"4,900.00"
2019-03-25,2019032501003463,ALBSL,40,16,10,490.00,"4,900.00"
2019-03-25,2019032501003459,ALBSL,40,48,10,490.00,"4,900.00"
2019-03-25,2019032501003439,ALBSL,40,51,10,490.00,"4,900.00"
2019-03-25,2019032501003419,ALBSL,40,17,10,490.00,"4,900.00"
2019-03-25,2019032501003547,ALBSL,45,17,10,489.00,"4,890.00"
2019-03-25,2019032501003543,ALBSL,45,17,10,489.00,"4,890.00"
2019-03-25,2019032501003515,ALBSL,38,57,10,489.00,"4,890.00"
2019-03-25,2019032501003469,ALBSL,40,16,10,490.00,"4,900.00"
2019-03-25,2019032501003468,ALBSL,40,59,10,490.00,"4,900.00"
2019-03-25,2019032501003610,ALBSL,11,48,10,490.00,"4,900.00"
2019-03-25,2019032501003609,ALBSL,11,48,10,490.00,"4,900.00"
2019-03-25,2019032501003608,ALBSL,11,48,10,490.00,"4,900.00"
2019-03-25,2019032501003607,ALBSL,11,48,10,490.00,"4,900.00"
2019-03-25,2019032501003606,ALBSL,11,51,10,490.00,"4,900.00"
2019-03-25,2019032501003568,ALBSL,45,57,10,489.00,"4,890.00"
2019-03-25,2019032501003630,ALBSL,11,48,10,490.00,"4,900.00"
2019-03-25,2019032501003629,ALBSL,11,48,10,490.00,"4,900.00"
2019-03-25,2019032501003628,ALBSL,11,48,10,490.00,"4,900.00"
2019-03-25,2019032501003627,ALBSL,11,48,10,490.00,"4,900.00"
2019-03-25,2019032501003626,ALBSL,45,17,10,489.00,"4,890.00"
2019-03-25,2019032501003617,ALBSL,45,57,10,489.00,"4,890.00"
2019-03-25,2019032501003683,ALBSL,54,48,10,490.00,"4,900.00"
2019-03-25,2019032501003674,ALBSL,45,57,10,489.00,"4,890.00"
2019-03-25,2019032501003656,ALBSL,45,57,10,489.00,"4,890.00"
2019-03-25,2019032501003655,ALBSL,45,17,10,489.00,"4,890.00"
2019-03-25,2019032501003634,ALBSL,45,57,10,489.00,"4,890.00"
2019-03-25,2019032501003631,ALBSL,11,48,10,490.00,"4,900.00"
2019-03-25,2019032501003716,ALBSL,45,58,10,489.00,"4,890.00"
2019-03-25,2019032501003715,ALBSL,45,57,10,489.00,"4,890.00"
2019-03-25,2019032501003713,ALBSL,45,39,10,489.00,"4,890.00"
2019-03-25,2019032501003706,ALBSL,45,17,10,489.00,"4,890.00"
2019-03-25,2019032501003696,ALBSL,45,17,10,489.00,"4,890.00"
2019-03-25,2019032501003685,ALBSL,45,57,10,489.00,"4,890.00"
2019-03-25,2019032501003739,ALBSL,59,48,10,490.00,"4,900.00"
2019-03-25,2019032501003738,ALBSL,59,48,10,490.00,"4,900.00"
2019-03-25,2019032501003737,ALBSL,59,48,10,490.00,"4,900.00"
2019-03-25,2019032501003735,ALBSL,45,39,10,489.00,"4,890.00"
2019-03-25,2019032501003727,ALBSL,45,39,10,489.00,"4,890.00"
2019-03-25,2019032501003718,ALBSL,45,39,10,489.00,"4,890.00"
2019-03-25,2019032501003714,AMFI,42,17,10,629.00,"6,290.00"
2019-03-25,2019032501003268,AMFI,48,17,10,624.00,"6,240.00"
2019-03-25,2019032501003619,API,46,37,80,133.00,"10,640.00"
2019-03-25,2019032501003433,API,46,6,80,133.00,"10,640.00"
2019-03-25,2019032501003432,API,46,25,40,133.00,"5,320.00"
2019-03-25,2019032501003684,BFC,57,33,15,95.00,"1,425.00"
2019-03-25,2019032501003623,BFC,57,33,35,95.00,"3,325.00"
2019-03-25,2019032501003401,BHBL,28,28,107,140.00,"14,980.00"
2019-03-25,2019032501003397,BHBL,28,28,"1,000",140.00,"140,000.00"
2019-03-25,2019032501003396,BHBL,28,28,"1,000",140.00,"140,000.00"
2019-03-25,2019032501003368,BHBL,17,28,893,140.00,"125,020.00"
2019-03-25,2019032501003354,BHBL,17,28,107,140.00,"14,980.00"
2019-03-25,2019032501003754,BOKL,44,6,"1,000",243.00,"243,000.00"
2019-03-25,2019032501003480,BOKL,44,6,"1,000",243.00,"243,000.00"
2019-03-25,2019032501003479,BOKL,42,6,700,243.00,"170,100.00"
2019-03-25,2019032501003478,BOKL,26,6,115,243.00,"27,945.00"
2019-03-25,2019032501003407,BOKL,51,6,100,244.00,"24,400.00"
2019-03-25,2019032501003370,BOKL,26,49,100,243.00,"24,300.00"
2019-03-25,2019032501003559,BPCL,38,38,50,359.00,"17,950.00"
2019-03-25,2019032501003443,BPCL,36,25,20,358.00,"7,160.00"
2019-03-25,2019032501003748,CBBL,58,58,"2,395",884.00,"2,117,180.00"
2019-03-25,2019032501003698,CBBL,42,39,90,884.00,"79,560.00"
2019-03-25,2019032501003671,CCBL,57,42,175,159.00,"27,825.00"
2019-03-25,2019032501003670,CCBL,33,42,300,159.00,"47,700.00"
2019-03-25,2019032501003669,CCBL,47,42,"1,676",159.00,"266,484.00"
2019-03-25,2019032501003477,CCBL,47,46,50,159.00,"7,950.00"
2019-03-25,2019032501003467,CCBL,47,46,30,159.00,"4,770.00"
2019-03-25,2019032501003372,CCBL,47,49,100,159.00,"15,900.00"
2019-03-25,2019032501003353,CCBL,13,13,860,160.00,"137,600.00"
2019-03-25,2019032501003734,CFCL,34,59,"1,000",105.00,"105,000.00"
2019-03-25,2019032501003457,CFCL,17,17,1,106.00,106.00
2019-03-25,2019032501003329,CFCL,53,25,100,106.00,"10,600.00"
2019-03-25,2019032501003393,CHCL,28,28,400,504.00,"201,600.00"
2019-03-25,2019032501003387,CHCL,56,28,200,504.00,"100,800.00"
2019-03-25,2019032501003366,CHCL,45,21,16,504.00,"8,064.00"
2019-03-25,2019032501003345,CHCL,13,13,287,505.00,"144,935.00"
2019-03-25,2019032501003588,CHL,56,49,20,100.00,"2,000.00"
2019-03-25,2019032501003733,CHLBS,19,57,10,540.00,"5,400.00"
2019-03-25,2019032501003694,CHLBS,19,16,10,540.00,"5,400.00"
2019-03-25,2019032501003661,CHLBS,19,17,10,540.00,"5,400.00"
2019-03-25,2019032501003632,CHLBS,19,16,10,540.00,"5,400.00"
2019-03-25,2019032501003555,CHLBS,19,17,10,540.00,"5,400.00"
2019-03-25,2019032501003544,CHLBS,19,21,10,540.00,"5,400.00"
2019-03-25,2019032501003389,CHLBS,42,44,10,541.00,"5,410.00"
2019-03-25,2019032501003383,CHLBS,6,17,10,540.00,"5,400.00"
2019-03-25,2019032501003272,CHLBS,6,43,10,540.00,"5,400.00"
2019-03-25,2019032501003533,CHLBS,35,21,10,541.00,"5,410.00"
2019-03-25,2019032501003509,CHLBS,35,16,10,541.00,"5,410.00"
2019-03-25,2019032501003476,CHLBS,35,16,10,541.00,"5,410.00"
2019-03-25,2019032501003448,CHLBS,35,51,10,541.00,"5,410.00"
