Date,Transact. No.,Symbol,Buyer,Seller,Quantity,Rate,Amount
2020-11-08,2020110804001581,BBC,34,45,40,"2,392.00","95,680.00"
2020-11-08,2020110804001566,BBC,55,45,10,"2,392.00","23,920.00"
2020-11-08,2020110804001538,BBC,34,25,50,"2,346.00","117,300.00"
2020-11-08,2020110804001529,BBC,34,43,500,"2,307.00","1,153,500.00"
2020-11-08,2020110804001528,BBC,34,41,915,"2,307.00","2,110,905.00"
2020-11-08,2020110804001527,BBC,34,48,50,"2,305.00","115,250.00"
2020-11-08,2020110804001226,BBC,1,48,40,"2,306.00","92,240.00"
2020-11-08,2020110804001224,BBC,1,48,50,"2,305.00","115,250.00"
2020-11-08,2020110804001220,BBC,1,48,10,"2,304.00","23,040.00"
2020-11-08,2020110804001194,BBC,58,48,10,"2,304.00","23,040.00"
2020-11-08,2020110804001183,BBC,39,48,10,"2,304.00","23,040.00"
2020-11-08,2020110804001384,BBC,58,48,20,"2,284.00","45,680.00"
2020-11-08,2020110804001365,BBC,36,48,25,"2,306.00","57,650.00"
2020-11-08,2020110804001357,BBC,36,48,40,"2,306.00","92,240.00"
2020-11-08,2020110804001313,BBC,21,48,10,"2,306.00","23,060.00"
2020-11-08,2020110804001272,BBC,58,41,10,"2,307.00","23,070.00"
2020-11-08,2020110804001267,BBC,1,48,50,"2,306.00","115,300.00"
2020-11-08,2020110804001526,BBC,34,17,10,"2,300.00","23,000.00"
2020-11-08,2020110804001525,BBC,34,45,50,"2,300.00","115,000.00"
2020-11-08,2020110804001524,BBC,34,7,10,"2,300.00","23,000.00"
2020-11-08,2020110804001523,BBC,34,48,20,"2,300.00","46,000.00"
2020-11-08,2020110804001386,BBC,39,48,10,"2,280.00","22,800.00"
2020-11-08,2020110804001385,BBC,1,48,50,"2,281.00","114,050.00"
2020-11-08,2020110804001504,CMF1,45,58,"9,600",10.09,"96,864.00"
2020-11-08,2020110804001503,CMF1,45,58,"20,000",10.09,"201,800.00"
2020-11-08,2020110804001502,CMF1,45,43,"10,000",10.08,"100,800.00"
2020-11-08,2020110804001501,CMF1,45,14,300,10.08,"3,024.00"
2020-11-08,2020110804001500,CMF1,45,37,100,10.05,"1,005.00"
2020-11-08,2020110804001499,CMF1,45,58,500,10.05,"5,025.00"
2020-11-08,2020110804001498,CMF1,45,46,500,10.05,"5,025.00"
2020-11-08,2020110804001497,CMF1,45,59,100,10.04,"1,004.00"
2020-11-08,2020110804001496,CMF1,45,42,"8,900",10.02,"89,178.00"
2020-11-08,2020110804001170,CMF1,51,45,400,9.95,"3,980.00"
2020-11-08,2020110804001233,GBIMEP,42,34,"44,920",150.00,"6,738,000.00"
2020-11-08,2020110804001633,GIC,44,35,10,530.00,"5,300.00"
2020-11-08,2020110804001632,GIC,43,35,10,530.00,"5,300.00"
2020-11-08,2020110804001631,GIC,43,21,10,529.00,"5,290.00"
2020-11-08,2020110804001624,GIC,17,3,10,528.00,"5,280.00"
2020-11-08,2020110804001620,GIC,17,10,10,528.00,"5,280.00"
2020-11-08,2020110804001619,GIC,38,17,10,529.00,"5,290.00"
2020-11-08,2020110804001135,GIC,21,47,10,529.00,"5,290.00"
2020-11-08,2020110804001142,GIC,21,47,10,529.00,"5,290.00"
2020-11-08,2020110804001141,GIC,21,58,10,529.00,"5,290.00"
2020-11-08,2020110804001140,GIC,21,47,10,529.00,"5,290.00"
2020-11-08,2020110804001139,GIC,21,57,10,529.00,"5,290.00"
2020-11-08,2020110804001138,GIC,21,1,10,529.00,"5,290.00"
2020-11-08,2020110804001136,GIC,21,58,10,529.00,"5,290.00"
2020-11-08,2020110804001148,GIC,52,57,10,529.00,"5,290.00"
2020-11-08,2020110804001147,GIC,52,28,10,529.00,"5,290.00"
2020-11-08,2020110804001146,GIC,21,58,10,529.00,"5,290.00"
2020-11-08,2020110804001145,GIC,21,43,10,529.00,"5,290.00"
2020-11-08,2020110804001144,GIC,21,40,10,529.00,"5,290.00"
2020-11-08,2020110804001143,GIC,21,40,10,529.00,"5,290.00"
2020-11-08,2020110804001155,GIC,21,50,10,530.00,"5,300.00"
2020-11-08,2020110804001154,GIC,21,1,10,530.00,"5,300.00"
2020-11-08,2020110804001153,GIC,21,36,10,530.00,"5,300.00"
2020-11-08,2020110804001152,GIC,21,52,10,530.00,"5,300.00"
2020-11-08,2020110804001151,GIC,21,47,10,530.00,"5,300.00"
2020-11-08,2020110804001150,GIC,21,46,10,530.00,"5,300.00"
2020-11-08,2020110804001161,GIC,52,38,10,529.00,"5,290.00"
2020-11-08,2020110804001160,GIC,52,43,10,529.00,"5,290.00"
2020-11-08,2020110804001159,GIC,52,36,10,529.00,"5,290.00"
2020-11-08,2020110804001158,GIC,21,38,10,530.00,"5,300.00"
2020-11-08,2020110804001157,GIC,21,36,10,530.00,"5,300.00"
2020-11-08,2020110804001156,GIC,21,40,10,530.00,"5,300.00"
2020-11-08,2020110804001167,GIC,52,18,10,529.00,"5,290.00"
2020-11-08,2020110804001166,GIC,52,48,10,529.00,"5,290.00"
2020-11-08,2020110804001165,GIC,52,32,10,529.00,"5,290.00"
2020-11-08,2020110804001164,GIC,52,16,10,529.00,"5,290.00"
2020-11-08,2020110804001163,GIC,52,46,10,529.00,"5,290.00"
2020-11-08,2020110804001162,GIC,52,50,10,529.00,"5,290.00"
2020-11-08,2020110804001179,GIC,19,40,10,530.00,"5,300.00"
2020-11-08,2020110804001178,GIC,6,45,10,529.00,"5,290.00"
2020-11-08,2020110804001177,GIC,6,38,10,529.00,"5,290.00"
2020-11-08,2020110804001171,GIC,6,41,10,529.00,"5,290.00"
2020-11-08,2020110804001169,GIC,6,16,10,529.00,"5,290.00"
2020-11-08,2020110804001168,GIC,52,32,10,529.00,"5,290.00"
2020-11-08,2020110804001189,GIC,6,1,10,529.00,"5,290.00"
2020-11-08,2020110804001186,GIC,6,56,10,529.00,"5,290.00"
2020-11-08,2020110804001184,GIC,6,49,10,529.00,"5,290.00"
2020-11-08,2020110804001182,GIC,19,22,10,530.00,"5,300.00"
2020-11-08,2020110804001181,GIC,19,14,10,530.00,"5,300.00"
2020-11-08,2020110804001180,GIC,19,6,10,530.00,"5,300.00"
2020-11-08,2020110804001205,GIC,52,14,10,529.00,"5,290.00"
2020-11-08,2020110804001204,GIC,45,35,100,530.00,"53,000.00"
2020-11-08,2020110804001199,GIC,6,6,10,529.00,"5,290.00"
2020-11-08,2020110804001197,GIC,6,57,10,529.00,"5,290.00"
2020-11-08,2020110804001196,GIC,8,34,10,530.00,"5,300.00"
2020-11-08,2020110804001190,GIC,6,34,10,529.00,"5,290.00"
2020-11-08,2020110804001211,GIC,41,19,10,528.00,"5,280.00"
2020-11-08,2020110804001210,GIC,41,52,10,528.00,"5,280.00"
2020-11-08,2020110804001209,GIC,41,19,10,528.00,"5,280.00"
2020-11-08,2020110804001208,GIC,41,45,10,528.00,"5,280.00"
2020-11-08,2020110804001207,GIC,52,45,10,529.00,"5,290.00"
2020-11-08,2020110804001206,GIC,52,58,10,529.00,"5,290.00"
2020-11-08,2020110804001225,GIC,41,16,10,528.00,"5,280.00"
2020-11-08,2020110804001222,GIC,41,16,10,528.00,"5,280.00"
2020-11-08,2020110804001221,GIC,41,52,10,528.00,"5,280.00"
2020-11-08,2020110804001214,GIC,41,49,10,528.00,"5,280.00"
2020-11-08,2020110804001213,GIC,41,55,10,528.00,"5,280.00"
2020-11-08,2020110804001212,GIC,41,42,10,528.00,"5,280.00"
2020-11-08,2020110804001232,GIC,32,16,10,528.00,"5,280.00"
2020-11-08,2020110804001231,GIC,32,10,10,528.00,"5,280.00"
2020-11-08,2020110804001230,GIC,41,56,10,528.00,"5,280.00"
2020-11-08,2020110804001229,GIC,41,16,10,528.00,"5,280.00"
2020-11-08,2020110804001228,GIC,41,25,10,528.00,"5,280.00"
2020-11-08,2020110804001227,GIC,41,47,10,528.00,"5,280.00"
2020-11-08,2020110804001247,GIC,32,43,10,528.00,"5,280.00"
2020-11-08,2020110804001246,GIC,32,10,10,528.00,"5,280.00"
2020-11-08,2020110804001245,GIC,21,7,10,529.00,"5,290.00"
2020-11-08,2020110804001244,GIC,21,6,10,529.00,"5,290.00"
2020-11-08,2020110804001243,GIC,21,58,10,529.00,"5,290.00"
2020-11-08,2020110804001242,GIC,21,38,10,529.00,"5,290.00"
2020-11-08,2020110804001254,GIC,33,10,10,528.00,"5,280.00"
2020-11-08,2020110804001252,GIC,33,21,10,528.00,"5,280.00"
2020-11-08,2020110804001251,GIC,33,11,10,528.00,"5,280.00"
2020-11-08,2020110804001250,GIC,33,43,10,528.00,"5,280.00"
2020-11-08,2020110804001249,GIC,33,21,10,528.00,"5,280.00"
2020-11-08,2020110804001248,GIC,32,46,10,528.00,"5,280.00"
2020-11-08,2020110804001260,GIC,42,10,10,528.00,"5,280.00"
2020-11-08,2020110804001259,GIC,33,55,10,528.00,"5,280.00"
2020-11-08,2020110804001258,GIC,33,45,10,528.00,"5,280.00"
2020-11-08,2020110804001257,GIC,33,45,10,528.00,"5,280.00"
2020-11-08,2020110804001256,GIC,33,34,10,528.00,"5,280.00"
2020-11-08,2020110804001255,GIC,33,11,10,528.00,"5,280.00"
2020-11-08,2020110804001266,GIC,43,58,10,529.00,"5,290.00"
2020-11-08,2020110804001265,GIC,43,58,10,529.00,"5,290.00"
2020-11-08,2020110804001264,GIC,43,58,10,529.00,"5,290.00"
2020-11-08,2020110804001263,GIC,42,36,10,528.00,"5,280.00"
2020-11-08,2020110804001262,GIC,42,36,10,528.00,"5,280.00"
2020-11-08,2020110804001261,GIC,42,43,10,528.00,"5,280.00"
2020-11-08,2020110804001277,GIC,42,8,10,528.00,"5,280.00"
2020-11-08,2020110804001276,GIC,42,45,10,528.00,"5,280.00"
2020-11-08,2020110804001275,GIC,42,51,10,528.00,"5,280.00"
2020-11-08,2020110804001274,GIC,32,26,10,529.00,"5,290.00"
2020-11-08,2020110804001270,GIC,43,51,10,529.00,"5,290.00"
2020-11-08,2020110804001269,GIC,43,58,10,529.00,"5,290.00"
2020-11-08,2020110804001285,GIC,58,56,10,529.00,"5,290.00"
2020-11-08,2020110804001284,GIC,58,10,10,529.00,"5,290.00"
2020-11-08,2020110804001283,GIC,58,56,10,529.00,"5,290.00"
2020-11-08,2020110804001282,GIC,58,56,10,529.00,"5,290.00"
2020-11-08,2020110804001279,GIC,42,36,50,528.00,"26,400.00"
2020-11-08,2020110804001278,GIC,43,58,10,529.00,"5,290.00"
2020-11-08,2020110804001293,GIC,42,51,10,528.00,"5,280.00"
2020-11-08,2020110804001290,GIC,42,45,10,528.00,"5,280.00"
2020-11-08,2020110804001289,GIC,42,51,10,528.00,"5,280.00"
2020-11-08,2020110804001288,GIC,42,41,10,528.00,"5,280.00"
2020-11-08,2020110804001287,GIC,32,35,80,530.00,"42,400.00"
2020-11-08,2020110804001286,GIC,32,56,10,529.00,"5,290.00"
2020-11-08,2020110804001310,GIC,42,21,10,528.00,"5,280.00"
2020-11-08,2020110804001308,GIC,42,21,10,528.00,"5,280.00"
2020-11-08,2020110804001307,GIC,42,42,10,528.00,"5,280.00"
2020-11-08,2020110804001302,GIC,42,32,10,528.00,"5,280.00"
2020-11-08,2020110804001301,GIC,42,34,10,528.00,"5,280.00"
2020-11-08,2020110804001297,GIC,42,49,10,528.00,"5,280.00"
2020-11-08,2020110804001327,GIC,42,47,10,528.00,"5,280.00"
2020-11-08,2020110804001326,GIC,42,39,10,528.00,"5,280.00"
2020-11-08,2020110804001325,GIC,42,34,10,528.00,"5,280.00"
2020-11-08,2020110804001323,GIC,42,42,10,528.00,"5,280.00"
2020-11-08,2020110804001314,GIC,42,32,10,528.00,"5,280.00"
2020-11-08,2020110804001312,GIC,42,38,10,528.00,"5,280.00"
2020-11-08,2020110804001335,GIC,52,39,100,528.00,"52,800.00"
2020-11-08,2020110804001334,GIC,42,39,210,528.00,"110,880.00"
2020-11-08,2020110804001332,GIC,41,29,10,529.00,"5,290.00"
2020-11-08,2020110804001331,GIC,41,58,10,529.00,"5,290.00"
2020-11-08,2020110804001330,GIC,41,54,10,529.00,"5,290.00"
2020-11-08,2020110804001328,GIC,42,47,10,528.00,"5,280.00"
2020-11-08,2020110804001341,GIC,38,39,100,528.00,"52,800.00"
2020-11-08,2020110804001340,GIC,36,39,100,528.00,"52,800.00"
2020-11-08,2020110804001339,GIC,17,39,100,528.00,"52,800.00"
2020-11-08,2020110804001338,GIC,17,39,10,528.00,"5,280.00"
2020-11-08,2020110804001337,GIC,43,39,30,528.00,"15,840.00"
2020-11-08,2020110804001336,GIC,44,39,100,528.00,"52,800.00"
2020-11-08,2020110804001347,GIC,51,39,20,528.00,"10,560.00"
2020-11-08,2020110804001346,GIC,53,39,20,528.00,"10,560.00"
2020-11-08,2020110804001345,GIC,26,39,40,528.00,"21,120.00"
2020-11-08,2020110804001344,GIC,14,39,100,528.00,"52,800.00"
2020-11-08,2020110804001343,GIC,52,39,40,528.00,"21,120.00"
2020-11-08,2020110804001342,GIC,17,39,500,528.00,"264,000.00"
2020-11-08,2020110804001355,GIC,14,57,10,528.00,"5,280.00"
2020-11-08,2020110804001354,GIC,14,39,50,528.00,"26,400.00"
2020-11-08,2020110804001353,GIC,41,58,10,527.00,"5,270.00"
2020-11-08,2020110804001351,GIC,41,49,10,527.00,"5,270.00"
2020-11-08,2020110804001350,GIC,41,19,10,527.00,"5,270.00"
2020-11-08,2020110804001349,GIC,41,33,10,527.00,"5,270.00"
2020-11-08,2020110804001362,GIC,17,44,10,528.00,"5,280.00"
2020-11-08,2020110804001361,GIC,17,58,10,528.00,"5,280.00"
2020-11-08,2020110804001360,GIC,17,19,10,528.00,"5,280.00"
2020-11-08,2020110804001359,GIC,17,42,10,528.00,"5,280.00"
2020-11-08,2020110804001358,GIC,17,42,10,528.00,"5,280.00"
2020-11-08,2020110804001356,GIC,14,52,10,528.00,"5,280.00"
2020-11-08,2020110804001373,GIC,17,33,10,528.00,"5,280.00"
2020-11-08,2020110804001372,GIC,17,58,10,528.00,"5,280.00"
2020-11-08,2020110804001369,GIC,17,41,10,528.00,"5,280.00"
2020-11-08,2020110804001367,GIC,17,41,10,528.00,"5,280.00"
2020-11-08,2020110804001366,GIC,17,16,10,528.00,"5,280.00"
2020-11-08,2020110804001363,GIC,17,33,10,528.00,"5,280.00"
2020-11-08,2020110804001394,GIC,17,54,10,528.00,"5,280.00"
2020-11-08,2020110804001391,GIC,17,48,10,528.00,"5,280.00"
2020-11-08,2020110804001390,GIC,17,11,10,528.00,"5,280.00"
2020-11-08,2020110804001388,GIC,17,33,10,528.00,"5,280.00"
2020-11-08,2020110804001379,GIC,17,11,10,528.00,"5,280.00"
2020-11-08,2020110804001378,GIC,17,19,10,528.00,"5,280.00"
2020-11-08,2020110804001403,GIC,17,17,10,528.00,"5,280.00"
2020-11-08,2020110804001402,GIC,34,45,10,529.00,"5,290.00"
2020-11-08,2020110804001401,GIC,34,16,10,529.00,"5,290.00"
2020-11-08,2020110804001400,GIC,34,16,10,529.00,"5,290.00"
2020-11-08,2020110804001399,GIC,21,16,10,529.00,"5,290.00"
2020-11-08,2020110804001395,GIC,17,56,10,528.00,"5,280.00"
2020-11-08,2020110804001411,GIC,17,20,10,528.00,"5,280.00"
2020-11-08,2020110804001409,GIC,28,43,10,529.00,"5,290.00"
2020-11-08,2020110804001408,GIC,28,57,10,529.00,"5,290.00"
2020-11-08,2020110804001406,GIC,28,34,10,529.00,"5,290.00"
2020-11-08,2020110804001405,GIC,28,22,10,529.00,"5,290.00"
2020-11-08,2020110804001404,GIC,28,46,10,529.00,"5,290.00"
2020-11-08,2020110804001420,GIC,17,8,10,528.00,"5,280.00"
2020-11-08,2020110804001417,GIC,17,34,10,528.00,"5,280.00"
2020-11-08,2020110804001416,GIC,17,34,10,528.00,"5,280.00"
2020-11-08,2020110804001415,GIC,17,8,10,528.00,"5,280.00"
2020-11-08,2020110804001413,GIC,17,22,10,528.00,"5,280.00"
2020-11-08,2020110804001412,GIC,17,39,10,528.00,"5,280.00"
2020-11-08,2020110804001430,GIC,17,16,10,528.00,"5,280.00"
2020-11-08,2020110804001427,GIC,17,59,10,528.00,"5,280.00"
2020-11-08,2020110804001425,GIC,17,42,190,528.00,"100,320.00"
2020-11-08,2020110804001424,GIC,17,59,10,528.00,"5,280.00"
2020-11-08,2020110804001423,GIC,17,38,10,528.00,"5,280.00"
2020-11-08,2020110804001422,GIC,17,16,10,528.00,"5,280.00"
2020-11-08,2020110804001438,GIC,17,38,10,528.00,"5,280.00"
2020-11-08,2020110804001437,GIC,17,10,10,528.00,"5,280.00"
2020-11-08,2020110804001435,GIC,17,7,10,528.00,"5,280.00"
2020-11-08,2020110804001434,GIC,17,45,10,528.00,"5,280.00"
2020-11-08,2020110804001433,GIC,17,10,10,528.00,"5,280.00"
2020-11-08,2020110804001432,GIC,17,59,10,528.00,"5,280.00"
2020-11-08,2020110804001445,GIC,17,38,10,528.00,"5,280.00"
2020-11-08,2020110804001444,GIC,17,10,10,528.00,"5,280.00"
2020-11-08,2020110804001443,GIC,17,39,10,528.00,"5,280.00"
2020-11-08,2020110804001442,GIC,17,49,10,528.00,"5,280.00"
2020-11-08,2020110804001441,GIC,17,10,10,528.00,"5,280.00"
2020-11-08,2020110804001439,GIC,17,10,10,528.00,"5,280.00"
2020-11-08,2020110804001453,GIC,17,10,10,528.00,"5,280.00"
2020-11-08,2020110804001452,GIC,17,20,10,528.00,"5,280.00"
2020-11-08,2020110804001450,GIC,17,10,10,528.00,"5,280.00"
2020-11-08,2020110804001448,GIC,17,10,10,528.00,"5,280.00"
2020-11-08,2020110804001447,GIC,17,56,10,528.00,"5,280.00"
2020-11-08,2020110804001446,GIC,17,10,10,528.00,"5,280.00"
2020-11-08,2020110804001459,GIC,17,20,10,528.00,"5,280.00"
2020-11-08,2020110804001458,GIC,57,35,60,530.00,"31,800.00"
2020-11-08,2020110804001457,GIC,57,44,10,529.00,"5,290.00"
2020-11-08,2020110804001456,GIC,57,45,10,529.00,"5,290.00"
2020-11-08,2020110804001455,GIC,57,44,10,529.00,"5,290.00"
2020-11-08,2020110804001454,GIC,57,44,10,529.00,"5,290.00"
2020-11-08,2020110804001467,GIC,17,56,10,528.00,"5,280.00"
2020-11-08,2020110804001466,GIC,17,47,10,528.00,"5,280.00"
2020-11-08,2020110804001465,GIC,17,14,10,528.00,"5,280.00"
2020-11-08,2020110804001464,GIC,17,10,10,528.00,"5,280.00"
2020-11-08,2020110804001462,GIC,17,59,10,528.00,"5,280.00"
2020-11-08,2020110804001460,GIC,17,10,10,528.00,"5,280.00"
2020-11-08,2020110804001475,GIC,49,56,10,529.00,"5,290.00"
2020-11-08,2020110804001473,GIC,49,35,10,529.00,"5,290.00"
2020-11-08,2020110804001472,GIC,49,20,10,529.00,"5,290.00"
2020-11-08,2020110804001471,GIC,49,21,10,529.00,"5,290.00"
2020-11-08,2020110804001470,GIC,17,20,10,528.00,"5,280.00"
2020-11-08,2020110804001468,GIC,17,10,10,528.00,"5,280.00"
2020-11-08,2020110804001491,GIC,49,57,10,529.00,"5,290.00"
2020-11-08,2020110804001490,GIC,49,38,10,529.00,"5,290.00"
2020-11-08,2020110804001481,GIC,49,29,10,529.00,"5,290.00"
2020-11-08,2020110804001480,GIC,49,47,10,529.00,"5,290.00"
2020-11-08,2020110804001477,GIC,49,29,10,529.00,"5,290.00"
2020-11-08,2020110804001476,GIC,49,20,10,529.00,"5,290.00"
2020-11-08,2020110804001506,GIC,17,10,10,528.00,"5,280.00"
2020-11-08,2020110804001505,GIC,17,10,10,528.00,"5,280.00"
2020-11-08,2020110804001495,GIC,17,19,10,528.00,"5,280.00"
2020-11-08,2020110804001494,GIC,17,10,10,528.00,"5,280.00"
2020-11-08,2020110804001493,GIC,17,57,10,528.00,"5,280.00"
2020-11-08,2020110804001492,GIC,17,10,10,528.00,"5,280.00"
2020-11-08,2020110804001514,GIC,17,46,10,528.00,"5,280.00"
2020-11-08,2020110804001513,GIC,17,51,10,528.00,"5,280.00"
2020-11-08,2020110804001512,GIC,17,59,10,528.00,"5,280.00"
2020-11-08,2020110804001511,GIC,17,10,10,528.00,"5,280.00"
2020-11-08,2020110804001510,GIC,17,10,10,528.00,"5,280.00"
2020-11-08,2020110804001508,GIC,17,10,10,528.00,"5,280.00"
2020-11-08,2020110804001533,GIC,57,22,200,528.00,"105,600.00"
2020-11-08,2020110804001532,GIC,17,22,70,528.00,"36,960.00"
2020-11-08,2020110804001531,GIC,17,34,10,528.00,"5,280.00"
2020-11-08,2020110804001521,GIC,17,3,10,528.00,"5,280.00"
2020-11-08,2020110804001520,GIC,17,56,10,528.00,"5,280.00"
2020-11-08,2020110804001515,GIC,17,41,10,528.00,"5,280.00"
2020-11-08,2020110804001546,GIC,54,57,10,529.00,"5,290.00"
2020-11-08,2020110804001540,GIC,22,49,10,528.00,"5,280.00"
2020-11-08,2020110804001537,GIC,22,22,90,528.00,"47,520.00"
2020-11-08,2020110804001536,GIC,42,22,50,528.00,"26,400.00"
2020-11-08,2020110804001535,GIC,45,22,40,528.00,"21,120.00"
2020-11-08,2020110804001534,GIC,5,22,50,528.00,"26,400.00"
2020-11-08,2020110804001555,GIC,22,49,10,528.00,"5,280.00"
2020-11-08,2020110804001551,GIC,54,39,63,529.00,"33,327.00"
2020-11-08,2020110804001550,GIC,34,35,40,530.00,"21,200.00"
2020-11-08,2020110804001549,GIC,54,49,10,529.00,"5,290.00"
2020-11-08,2020110804001548,GIC,54,46,10,529.00,"5,290.00"
2020-11-08,2020110804001547,GIC,54,46,10,529.00,"5,290.00"
2020-11-08,2020110804001564,GIC,21,39,60,529.00,"31,740.00"
2020-11-08,2020110804001563,GIC,22,10,10,528.00,"5,280.00"
2020-11-08,2020110804001559,GIC,22,10,10,528.00,"5,280.00"
2020-11-08,2020110804001558,GIC,22,45,10,528.00,"5,280.00"
2020-11-08,2020110804001557,GIC,22,10,10,528.00,"5,280.00"
2020-11-08,2020110804001556,GIC,22,38,10,528.00,"5,280.00"
2020-11-08,2020110804001571,GIC,22,39,790,528.00,"417,120.00"
2020-11-08,2020110804001570,GIC,22,10,10,528.00,"5,280.00"
2020-11-08,2020110804001569,GIC,22,59,10,528.00,"5,280.00"
2020-11-08,2020110804001568,GIC,22,53,10,528.00,"5,280.00"
2020-11-08,2020110804001567,GIC,22,10,10,528.00,"5,280.00"
2020-11-08,2020110804001565,GIC,22,53,10,528.00,"5,280.00"
2020-11-08,2020110804001578,GIC,39,10,10,529.00,"5,290.00"
2020-11-08,2020110804001577,GIC,39,6,10,529.00,"5,290.00"
2020-11-08,2020110804001575,GIC,17,39,57,528.00,"30,096.00"
2020-11-08,2020110804001574,GIC,1,39,55,528.00,"29,040.00"
2020-11-08,2020110804001573,GIC,25,39,10,528.00,"5,280.00"
2020-11-08,2020110804001572,GIC,59,39,270,528.00,"142,560.00"
2020-11-08,2020110804001587,GIC,39,8,10,529.00,"5,290.00"
2020-11-08,2020110804001585,GIC,39,10,10,529.00,"5,290.00"
2020-11-08,2020110804001584,GIC,39,10,10,529.00,"5,290.00"
2020-11-08,2020110804001583,GIC,39,59,10,529.00,"5,290.00"
2020-11-08,2020110804001582,GIC,39,10,10,529.00,"5,290.00"
2020-11-08,2020110804001580,GIC,39,59,10,529.00,"5,290.00"
2020-11-08,2020110804001595,GIC,17,10,10,528.00,"5,280.00"
2020-11-08,2020110804001594,GIC,17,29,10,528.00,"5,280.00"
2020-11-08,2020110804001592,GIC,17,10,10,528.00,"5,280.00"
2020-11-08,2020110804001591,GIC,17,8,10,528.00,"5,280.00"
2020-11-08,2020110804001590,GIC,39,10,10,529.00,"5,290.00"
2020-11-08,2020110804001589,GIC,39,21,10,529.00,"5,290.00"
2020-11-08,2020110804001608,GIC,17,57,10,528.00,"5,280.00"
2020-11-08,2020110804001607,GIC,17,10,10,528.00,"5,280.00"
2020-11-08,2020110804001602,GIC,34,48,10,529.00,"5,290.00"
2020-11-08,2020110804001598,GIC,17,10,10,528.00,"5,280.00"
2020-11-08,2020110804001597,GIC,17,32,10,528.00,"5,280.00"
2020-11-08,2020110804001596,GIC,17,32,10,528.00,"5,280.00"
2020-11-08,2020110804001618,GIC,17,45,10,528.00,"5,280.00"
2020-11-08,2020110804001617,GIC,17,10,10,528.00,"5,280.00"
2020-11-08,2020110804001616,GIC,17,47,10,528.00,"5,280.00"
2020-11-08,2020110804001615,GIC,17,10,10,528.00,"5,280.00"
2020-11-08,2020110804001614,GIC,17,10,10,528.00,"5,280.00"
2020-11-08,2020110804001609,GIC,17,10,10,528.00,"5,280.00"
2020-11-08,2020110804001588,GIMES1,38,51,"4,000",10.15,"40,600.00"
2020-11-08,2020110804001479,GIMES1,45,33,"49,852",10.17,"506,994.84"
2020-11-08,2020110804001478,GIMES1,45,55,148,10.17,"1,505.16"
2020-11-08,2020110804001474,GIMES1,45,3,300,10.14,"3,042.00"
2020-11-08,2020110804001469,GIMES1,45,33,"52,158",10.15,"529,403.70"
2020-11-08,2020110804001461,GIMES1,45,47,"2,500",10.14,"25,350.00"
2020-11-08,2020110804001172,GIMES1,50,33,"41,300",10.12,"417,956.00"
2020-11-08,2020110804001522,KBLPO,16,49,"20,000",106.00,"2,120,000.00"
2020-11-08,2020110804001593,LEMF,22,48,"5,000",9.51,"47,550.00"
2020-11-08,2020110804001392,LEMF,58,58,500,9.50,"4,750.00"
2020-11-08,2020110804001273,LEMF,58,41,500,9.50,"4,750.00"
2020-11-08,2020110804001606,LUK,36,22,"3,700",9.80,"36,260.00"
2020-11-08,2020110804001605,LUK,36,57,100,9.79,979.00
2020-11-08,2020110804001604,LUK,36,47,"1,000",9.79,"9,790.00"
2020-11-08,2020110804001603,LUK,36,22,200,9.78,"1,956.00"
2020-11-08,2020110804001426,LUK,39,28,"1,000",9.80,"9,800.00"
2020-11-08,2020110804001389,LUK,57,45,100,9.84,984.00
2020-11-08,2020110804001315,LUK,49,56,"1,400",9.45,"13,230.00"
2020-11-08,2020110804001309,LUK,45,21,100,9.40,940.00
2020-11-08,2020110804001294,LUK,45,34,100,9.40,940.00
2020-11-08,2020110804001321,LUK,49,45,"25,550",9.52,"243,236.00"
2020-11-08,2020110804001320,LUK,49,21,100,9.50,950.00
2020-11-08,2020110804001319,LUK,49,25,"1,000",9.50,"9,500.00"
2020-11-08,2020110804001318,LUK,49,58,"1,600",9.49,"15,184.00"
2020-11-08,2020110804001317,LUK,49,57,100,9.45,945.00
2020-11-08,2020110804001316,LUK,49,7,"4,820",9.45,"45,549.00"
2020-11-08,2020110804001383,LUK,57,7,300,9.65,"2,895.00"
2020-11-08,2020110804001382,LUK,57,58,100,9.53,953.00
2020-11-08,2020110804001381,LUK,57,42,500,9.53,"4,765.00"
2020-11-08,2020110804001370,LUK,49,7,930,9.52,"8,853.60"
2020-11-08,2020110804001333,LUK,49,51,"9,500",9.52,"90,440.00"
2020-11-08,2020110804001322,LUK,49,38,"5,000",9.52,"47,600.00"
2020-11-08,2020110804001281,NBF2,45,39,"8,800",9.46,"83,248.00"
2020-11-08,2020110804001280,NBF2,50,39,"49,400",9.47,"467,818.00"
2020-11-08,2020110804001234,NBF2,50,56,500,9.47,"4,735.00"
2020-11-08,2020110804001192,NBF2,17,5,500,9.60,"4,800.00"
2020-11-08,2020110804001191,NBF2,17,50,100,9.60,960.00
2020-11-08,2020110804001174,NBF2,17,57,"2,000",9.60,"19,200.00"
2020-11-08,2020110804001173,NBF2,26,57,500,9.60,"4,800.00"
2020-11-08,2020110804001218,NBF2,29,39,500,9.50,"4,750.00"
2020-11-08,2020110804001217,NBF2,47,39,"20,000",9.50,"190,000.00"
2020-11-08,2020110804001216,NBF2,14,39,"6,500",9.55,"62,075.00"
2020-11-08,2020110804001215,NBF2,11,39,"2,400",9.55,"22,920.00"
2020-11-08,2020110804001195,NBF2,17,39,"2,400",9.60,"23,040.00"
2020-11-08,2020110804001431,NEF,17,51,"1,000",9.60,"9,600.00"
2020-11-08,2020110804001371,NEF,17,41,241,9.60,"2,313.60"
2020-11-08,2020110804001368,NEF,17,49,483,9.60,"4,636.80"
2020-11-08,2020110804001303,NEF,17,58,"1,448",9.60,"13,900.80"
2020-11-08,2020110804001223,NEF,17,52,"1,319",9.60,"12,662.40"
2020-11-08,2020110804001219,NEF,17,49,483,9.60,"4,636.80"
2020-11-08,2020110804001629,NIBLPF,49,7,"1,629",9.89,"16,110.81"
2020-11-08,2020110804001300,NIBLPF,49,56,"5,000",9.89,"49,450.00"
2020-11-08,2020110804001299,NIBLPF,49,48,505,9.89,"4,994.45"
2020-11-08,2020110804001298,NIBLPF,49,38,505,9.89,"4,994.45"
2020-11-08,2020110804001562,NIBPO,49,28,500,369.00,"184,500.00"
2020-11-08,2020110804001561,NIBPO,16,28,"1,000",369.00,"369,000.00"
2020-11-08,2020110804001560,NIBPO,58,28,100,369.00,"36,900.00"
2020-11-08,2020110804001553,NIBPO,55,28,"1,000",370.00,"370,000.00"
2020-11-08,2020110804001552,NIBPO,47,28,200,370.00,"74,000.00"
2020-11-08,2020110804001542,NIBPO,16,28,497,370.00,"183,890.00"
2020-11-08,2020110804001188,NIBPO,37,56,"1,000",372.00,"372,000.00"
2020-11-08,2020110804001187,NIBPO,37,28,"2,000",371.00,"742,000.00"
2020-11-08,2020110804001519,NIBPO,16,56,503,370.00,"186,110.00"
2020-11-08,2020110804001518,NIBPO,11,56,270,370.00,"99,900.00"
2020-11-08,2020110804001517,NIBPO,14,56,50,370.00,"18,500.00"
2020-11-08,2020110804001516,NIBPO,59,56,177,370.00,"65,490.00"
2020-11-08,2020110804001509,NIBPO,46,28,300,371.00,"111,300.00"
2020-11-08,2020110804001507,NIBPO,10,28,200,371.00,"74,200.00"
2020-11-08,2020110804001630,NIBSF1,33,7,"7,500",10.20,"76,500.00"
2020-11-08,2020110804001628,NIBSF1,33,7,"2,500",10.20,"25,500.00"
2020-11-08,2020110804001627,NIBSF1,33,41,"2,500",10.20,"25,500.00"
2020-11-08,2020110804001626,NIBSF1,33,10,"5,000",10.20,"51,000.00"
2020-11-08,2020110804001586,NIBSF1,33,45,"6,605",10.12,"66,842.60"
2020-11-08,2020110804001579,NIBSF1,19,45,"8,473",10.12,"85,746.76"
2020-11-08,2020110804001544,NIBSF1,14,45,350,10.13,"3,545.50"
2020-11-08,2020110804001543,NIBSF1,56,45,"3,700",10.13,"37,481.00"
2020-11-08,2020110804001364,NIBSF1,56,32,"1,300",10.13,"13,169.00"
2020-11-08,2020110804001291,NIBSF1,4,41,"5,000",10.13,"50,650.00"
2020-11-08,2020110804001613,NICBF,33,45,"4,600",9.80,"45,080.00"
2020-11-08,2020110804001612,NICBF,33,41,100,9.80,980.00
2020-11-08,2020110804001611,NICBF,33,53,200,9.80,"1,960.00"
2020-11-08,2020110804001610,NICBF,33,33,100,9.75,975.00
2020-11-08,2020110804001419,NICBF,22,46,500,9.70,"4,850.00"
2020-11-08,2020110804001418,NICBF,22,49,100,9.70,970.00
2020-11-08,2020110804001414,NICBF,49,58,500,9.68,"4,840.00"
2020-11-08,2020110804001380,NICBF,34,45,150,9.69,"1,453.50"
2020-11-08,2020110804001296,NICBF,49,32,"1,000",9.68,"9,680.00"
2020-11-08,2020110804001295,NICBF,49,45,100,9.68,968.00
2020-11-08,2020110804001463,NICGF,22,55,500,10.10,"5,050.00"
2020-11-08,2020110804001398,NICGF,22,59,100,10.00,"1,000.00"
2020-11-08,2020110804001397,NICGF,22,34,500,10.00,"5,000.00"
2020-11-08,2020110804001396,NICGF,22,17,100,10.00,"1,000.00"
2020-11-08,2020110804001352,NICGF,11,41,500,9.99,"4,995.00"
2020-11-08,2020110804001268,NICGF,22,17,"4,900",10.00,"49,000.00"
2020-11-08,2020110804001541,NMB50,22,47,200,9.60,"1,920.00"
2020-11-08,2020110804001440,NMB50,22,36,800,9.65,"7,720.00"
2020-11-08,2020110804001407,NMB50,22,49,"1,300",9.60,"12,480.00"
2020-11-08,2020110804001305,NMB50,22,49,"2,900",9.61,"27,869.00"
2020-11-08,2020110804001304,NMB50,59,49,800,9.62,"7,696.00"
2020-11-08,2020110804001176,NMB50,22,57,"2,000",9.61,"19,220.00"
2020-11-08,2020110804001175,NMB50,51,57,500,9.62,"4,810.00"
2020-11-08,2020110804001554,NMBHF1,49,7,677,9.80,"6,634.60"
2020-11-08,2020110804001545,NMBHF1,49,35,"1,248",9.80,"12,230.40"
2020-11-08,2020110804001489,NMBHF1,49,11,416,9.80,"4,076.80"
2020-11-08,2020110804001488,NMBHF1,49,55,"1,577",9.80,"15,454.60"
2020-11-08,2020110804001487,NMBHF1,49,28,"20,000",9.80,"196,000.00"
2020-11-08,2020110804001486,NMBHF1,49,34,664,9.80,"6,507.20"
2020-11-08,2020110804001375,NMBHF1,49,34,929,9.70,"9,011.30"
2020-11-08,2020110804001374,NMBHF1,49,17,832,9.64,"8,020.48"
2020-11-08,2020110804001306,NMBHF1,22,58,832,9.63,"8,012.16"
2020-11-08,2020110804001485,NMBHF1,49,4,"1,420",9.80,"13,916.00"
2020-11-08,2020110804001484,NMBHF1,49,34,750,9.80,"7,350.00"
2020-11-08,2020110804001483,NMBHF1,49,51,"1,248",9.80,"12,230.40"
2020-11-08,2020110804001482,NMBHF1,49,56,"2,000",9.79,"19,580.00"
2020-11-08,2020110804001377,NMBHF1,49,10,661,9.70,"6,411.70"
2020-11-08,2020110804001376,NMBHF1,49,36,"1,577",9.70,"15,296.90"
2020-11-08,2020110804001449,PCBLP,44,39,"14,732",150.00,"2,209,800.00"
2020-11-08,2020110804001193,PRVUPO,8,58,"23,000",130.00,"2,990,000.00"
2020-11-08,2020110804001625,RBCLPO,32,37,10,"12,200.00","122,000.00"
2020-11-08,2020110804001410,RBCLPO,35,16,30,"12,200.00","366,000.00"
2020-11-08,2020110804001393,RBCLPO,35,45,20,"12,200.00","244,000.00"
2020-11-08,2020110804001387,RBCLPO,55,16,10,"12,180.00","121,800.00"
2020-11-08,2020110804001203,RBCLPO,28,33,10,"12,200.00","122,000.00"
2020-11-08,2020110804001202,RBCLPO,28,50,10,"12,200.00","122,000.00"
2020-11-08,2020110804001201,RBCLPO,28,28,10,"12,199.00","121,990.00"
2020-11-08,2020110804001200,RBCLPO,28,28,20,"12,199.00","243,980.00"
2020-11-08,2020110804001198,RBCLPO,33,28,100,"12,199.00","1,219,900.00"
2020-11-08,2020110804001149,RBCLPO,6,40,10,"12,010.00","120,100.00"
2020-11-08,2020110804001623,SAEF,42,17,"1,000",10.36,"10,360.00"
2020-11-08,2020110804001622,SAEF,50,56,"20,000",10.33,"206,600.00"
2020-11-08,2020110804001329,SAEF,51,41,790,10.31,"8,144.90"
2020-11-08,2020110804001324,SAEF,51,53,500,10.31,"5,155.00"
2020-11-08,2020110804001311,SAEF,42,41,210,10.32,"2,167.20"
2020-11-08,2020110804001621,SAND2085,19,42,50,"1,075.00","53,750.00"
2020-11-08,2020110804001539,SEF,57,38,"1,200",9.93,"11,916.00"
2020-11-08,2020110804001451,SEF,57,34,300,9.93,"2,979.00"
2020-11-08,2020110804001436,SEF,38,54,"1,750",9.93,"17,377.50"
2020-11-08,2020110804001241,SEF,34,54,"8,300",9.93,"82,419.00"
2020-11-08,2020110804001240,SEF,35,54,200,9.93,"1,986.00"
2020-11-08,2020110804001239,SEF,45,54,"44,300",9.93,"439,899.00"
2020-11-08,2020110804001238,SEF,57,54,"10,000",9.94,"99,400.00"
2020-11-08,2020110804001237,SEF,55,54,"2,000",9.94,"19,880.00"
2020-11-08,2020110804001236,SEF,14,54,"5,000",9.94,"49,700.00"
2020-11-08,2020110804001235,SEF,57,54,"2,000",9.94,"19,880.00"
2020-11-08,2020110804001137,SEF,57,16,"5,000",9.94,"49,700.00"
2020-11-08,2020110804001421,SFMF,50,58,500,9.97,"4,985.00"
2020-11-08,2020110804001348,SFMF,50,41,100,9.97,997.00
2020-11-08,2020110804001185,SFMF,50,33,100,9.97,997.00
2020-11-08,2020110804001292,SGI,48,35,10,413.00,"4,130.00"
2020-11-08,2020110804001271,SGI,48,40,10,413.00,"4,130.00"
2020-11-08,2020110804001134,SGI,48,16,10,413.00,"4,130.00"
2020-11-08,2020110804001601,STC,26,19,50,"4,275.00","213,750.00"
2020-11-08,2020110804001600,STC,26,19,20,"4,276.00","85,520.00"
2020-11-08,2020110804001599,STC,37,19,10,"4,276.00","42,760.00"
2020-11-08,2020110804001576,STC,57,41,323,"4,276.00","1,381,148.00"
2020-11-08,2020110804001530,STC,26,10,10,"4,276.00","42,760.00"
2020-11-08,2020110804001429,STC,50,13,10,"4,250.00","42,500.00"
2020-11-08,2020110804001428,STC,33,13,10,"4,250.00","42,500.00"
2020-11-08,2020110804001253,STC,6,22,10,"4,276.00","42,760.00"
2020-11-08,2020110804001026,BBC,1,13,100,"2,300.00","230,000.00"
2020-11-08,2020110804001025,BBC,1,45,50,"2,300.00","115,000.00"
2020-11-08,2020110804001013,BBC,37,41,25,"2,307.00","57,675.00"
2020-11-08,2020110804000984,BBC,1,48,30,"2,306.00","69,180.00"
2020-11-08,2020110804000980,BBC,1,17,15,"2,304.00","34,560.00"
2020-11-08,2020110804000888,BBC,1,32,25,"2,300.00","57,500.00"
2020-11-08,2020110804001096,CMF1,50,14,500,9.92,"4,960.00"
2020-11-08,2020110804001082,CMF1,50,14,500,9.92,"4,960.00"
2020-11-08,2020110804000795,CMF1,50,49,100,9.92,992.00
2020-11-08,2020110804000760,CMF1,50,14,500,9.92,"4,960.00"
2020-11-08,2020110804000715,CMF1,50,14,500,9.92,"4,960.00"
2020-11-08,2020110804001132,GIC,21,28,10,529.00,"5,290.00"
2020-11-08,2020110804001131,GIC,21,47,10,529.00,"5,290.00"
2020-11-08,2020110804001130,GIC,21,45,10,529.00,"5,290.00"
2020-11-08,2020110804001129,GIC,21,45,10,529.00,"5,290.00"
2020-11-08,2020110804001126,GIC,19,39,10,530.00,"5,300.00"
2020-11-08,2020110804001125,GIC,21,36,10,529.00,"5,290.00"
2020-11-08,2020110804000634,GIC,36,54,10,529.00,"5,290.00"
2020-11-08,2020110804000651,GIC,44,39,10,530.00,"5,300.00"
2020-11-08,2020110804000650,GIC,44,41,10,530.00,"5,300.00"
2020-11-08,2020110804000649,GIC,44,52,10,529.00,"5,290.00"
2020-11-08,2020110804000637,GIC,36,42,10,529.00,"5,290.00"
2020-11-08,2020110804000636,GIC,36,57,10,529.00,"5,290.00"
2020-11-08,2020110804000635,GIC,36,39,10,529.00,"5,290.00"
2020-11-08,2020110804000657,GIC,44,13,10,530.00,"5,300.00"
2020-11-08,2020110804000656,GIC,44,33,10,530.00,"5,300.00"
2020-11-08,2020110804000655,GIC,44,35,10,530.00,"5,300.00"
2020-11-08,2020110804000654,GIC,44,58,10,530.00,"5,300.00"
2020-11-08,2020110804000653,GIC,44,42,10,530.00,"5,300.00"
2020-11-08,2020110804000652,GIC,44,28,10,530.00,"5,300.00"
2020-11-08,2020110804000665,GIC,57,38,10,529.00,"5,290.00"
2020-11-08,2020110804000664,GIC,57,10,10,529.00,"5,290.00"
2020-11-08,2020110804000663,GIC,57,39,10,529.00,"5,290.00"
2020-11-08,2020110804000662,GIC,41,54,10,528.00,"5,280.00"
2020-11-08,2020110804000659,GIC,41,56,10,528.00,"5,280.00"
2020-11-08,2020110804000658,GIC,44,42,10,530.00,"5,300.00"
2020-11-08,2020110804000673,GIC,52,10,10,530.00,"5,300.00"
2020-11-08,2020110804000670,GIC,52,26,10,530.00,"5,300.00"
2020-11-08,2020110804000669,GIC,52,43,10,530.00,"5,300.00"
2020-11-08,2020110804000668,GIC,52,39,10,530.00,"5,300.00"
2020-11-08,2020110804000667,GIC,52,41,10,530.00,"5,300.00"
2020-11-08,2020110804000666,GIC,52,58,10,530.00,"5,300.00"
2020-11-08,2020110804000682,GIC,44,47,10,531.00,"5,310.00"
2020-11-08,2020110804000681,GIC,44,51,10,531.00,"5,310.00"
2020-11-08,2020110804000680,GIC,44,49,10,531.00,"5,310.00"
2020-11-08,2020110804000679,GIC,44,33,10,531.00,"5,310.00"
2020-11-08,2020110804000678,GIC,52,26,10,530.00,"5,300.00"
2020-11-08,2020110804000677,GIC,52,50,10,530.00,"5,300.00"
2020-11-08,2020110804000690,GIC,44,29,10,532.00,"5,320.00"
2020-11-08,2020110804000689,GIC,44,38,10,532.00,"5,320.00"
2020-11-08,2020110804000688,GIC,44,52,10,532.00,"5,320.00"
2020-11-08,2020110804000687,GIC,44,25,10,532.00,"5,320.00"
2020-11-08,2020110804000686,GIC,44,46,10,532.00,"5,320.00"
2020-11-08,2020110804000683,GIC,44,47,10,531.00,"5,310.00"
2020-11-08,2020110804000700,GIC,11,58,10,531.00,"5,310.00"
2020-11-08,2020110804000698,GIC,21,38,10,530.00,"5,300.00"
2020-11-08,2020110804000697,GIC,41,11,10,532.00,"5,320.00"
2020-11-08,2020110804000694,GIC,52,32,10,530.00,"5,300.00"
2020-11-08,2020110804000693,GIC,52,10,10,530.00,"5,300.00"
2020-11-08,2020110804000691,GIC,44,58,10,532.00,"5,320.00"
2020-11-08,2020110804000709,GIC,11,3,10,531.00,"5,310.00"
2020-11-08,2020110804000708,GIC,11,28,10,531.00,"5,310.00"
2020-11-08,2020110804000705,GIC,11,3,10,531.00,"5,310.00"
2020-11-08,2020110804000704,GIC,11,57,10,531.00,"5,310.00"
2020-11-08,2020110804000702,GIC,41,58,10,532.00,"5,320.00"
2020-11-08,2020110804000701,GIC,25,6,10,532.00,"5,320.00"
2020-11-08,2020110804000724,GIC,52,42,10,531.00,"5,310.00"
2020-11-08,2020110804000720,GIC,11,47,10,531.00,"5,310.00"
2020-11-08,2020110804000716,GIC,11,38,10,531.00,"5,310.00"
2020-11-08,2020110804000714,GIC,11,17,10,531.00,"5,310.00"
2020-11-08,2020110804000713,GIC,41,51,10,534.00,"5,340.00"
2020-11-08,2020110804000711,GIC,11,42,10,531.00,"5,310.00"
2020-11-08,2020110804000730,GIC,52,42,10,531.00,"5,310.00"
2020-11-08,2020110804000729,GIC,41,58,10,532.00,"5,320.00"
2020-11-08,2020110804000728,GIC,52,39,10,531.00,"5,310.00"
2020-11-08,2020110804000727,GIC,41,44,10,532.00,"5,320.00"
2020-11-08,2020110804000726,GIC,52,47,10,531.00,"5,310.00"
2020-11-08,2020110804000725,GIC,52,47,10,531.00,"5,310.00"
2020-11-08,2020110804000739,GIC,52,17,10,531.00,"5,310.00"
2020-11-08,2020110804000738,GIC,52,36,10,531.00,"5,310.00"
2020-11-08,2020110804000737,GIC,41,57,10,532.00,"5,320.00"
2020-11-08,2020110804000736,GIC,52,39,10,531.00,"5,310.00"
2020-11-08,2020110804000735,GIC,52,40,10,531.00,"5,310.00"
2020-11-08,2020110804000734,GIC,41,48,10,533.00,"5,330.00"
2020-11-08,2020110804000747,GIC,41,44,10,533.00,"5,330.00"
2020-11-08,2020110804000746,GIC,11,21,10,530.00,"5,300.00"
2020-11-08,2020110804000745,GIC,11,19,10,530.00,"5,300.00"
2020-11-08,2020110804000744,GIC,21,45,10,530.00,"5,300.00"
2020-11-08,2020110804000743,GIC,41,53,10,531.00,"5,310.00"
2020-11-08,2020110804000740,GIC,52,16,10,531.00,"5,310.00"
2020-11-08,2020110804000758,GIC,47,35,200,530.00,"106,000.00"
2020-11-08,2020110804000757,GIC,25,35,40,530.00,"21,200.00"
2020-11-08,2020110804000756,GIC,6,35,10,530.00,"5,300.00"
2020-11-08,2020110804000755,GIC,11,35,50,530.00,"26,500.00"
2020-11-08,2020110804000750,GIC,11,8,10,530.00,"5,300.00"
2020-11-08,2020110804000748,GIC,11,49,10,530.00,"5,300.00"
2020-11-08,2020110804000773,GIC,57,7,10,529.00,"5,290.00"
2020-11-08,2020110804000767,GIC,57,10,10,529.00,"5,290.00"
2020-11-08,2020110804000766,GIC,57,28,10,529.00,"5,290.00"
2020-11-08,2020110804000765,GIC,45,57,10,530.00,"5,300.00"
2020-11-08,2020110804000762,GIC,45,58,10,530.00,"5,300.00"
2020-11-08,2020110804000759,GIC,45,58,10,530.00,"5,300.00"
2020-11-08,2020110804000780,GIC,58,21,10,532.00,"5,320.00"
2020-11-08,2020110804000779,GIC,41,13,10,531.00,"5,310.00"
2020-11-08,2020110804000778,GIC,41,34,10,531.00,"5,310.00"
2020-11-08,2020110804000777,GIC,41,58,10,531.00,"5,310.00"
2020-11-08,2020110804000776,GIC,41,22,10,531.00,"5,310.00"
2020-11-08,2020110804000775,GIC,41,58,10,531.00,"5,310.00"
2020-11-08,2020110804000788,GIC,57,13,10,529.00,"5,290.00"
2020-11-08,2020110804000787,GIC,57,45,10,529.00,"5,290.00"
2020-11-08,2020110804000785,GIC,57,35,10,529.00,"5,290.00"
2020-11-08,2020110804000784,GIC,57,58,10,529.00,"5,290.00"
2020-11-08,2020110804000782,GIC,57,45,10,529.00,"5,290.00"
2020-11-08,2020110804000781,GIC,57,42,10,529.00,"5,290.00"
2020-11-08,2020110804000805,GIC,57,28,10,529.00,"5,290.00"
2020-11-08,2020110804000804,GIC,57,10,10,529.00,"5,290.00"
2020-11-08,2020110804000803,GIC,57,45,10,529.00,"5,290.00"
2020-11-08,2020110804000799,GIC,57,10,10,529.00,"5,290.00"
2020-11-08,2020110804000793,GIC,57,10,10,530.00,"5,300.00"
2020-11-08,2020110804000789,GIC,57,45,10,530.00,"5,300.00"
2020-11-08,2020110804000811,GIC,1,13,10,529.00,"5,290.00"
2020-11-08,2020110804000810,GIC,1,25,10,529.00,"5,290.00"
2020-11-08,2020110804000809,GIC,57,10,10,529.00,"5,290.00"
2020-11-08,2020110804000808,GIC,57,4,10,529.00,"5,290.00"
2020-11-08,2020110804000807,GIC,57,6,10,529.00,"5,290.00"
2020-11-08,2020110804000806,GIC,57,45,10,529.00,"5,290.00"
2020-11-08,2020110804000817,GIC,42,34,10,530.00,"5,300.00"
2020-11-08,2020110804000816,GIC,42,55,10,530.00,"5,300.00"
2020-11-08,2020110804000815,GIC,42,43,10,530.00,"5,300.00"
2020-11-08,2020110804000814,GIC,41,45,10,528.00,"5,280.00"
2020-11-08,2020110804000813,GIC,21,19,10,530.00,"5,300.00"
2020-11-08,2020110804000812,GIC,1,6,10,529.00,"5,290.00"
2020-11-08,2020110804000825,GIC,34,20,10,531.00,"5,310.00"
2020-11-08,2020110804000824,GIC,34,34,10,531.00,"5,310.00"
2020-11-08,2020110804000823,GIC,42,10,10,530.00,"5,300.00"
2020-11-08,2020110804000822,GIC,42,28,10,530.00,"5,300.00"
2020-11-08,2020110804000821,GIC,42,58,10,530.00,"5,300.00"
2020-11-08,2020110804000820,GIC,42,55,10,530.00,"5,300.00"
2020-11-08,2020110804000831,GIC,34,38,10,534.00,"5,340.00"
2020-11-08,2020110804000830,GIC,34,55,10,533.00,"5,330.00"
2020-11-08,2020110804000829,GIC,34,5,10,533.00,"5,330.00"
2020-11-08,2020110804000828,GIC,34,54,10,532.00,"5,320.00"
2020-11-08,2020110804000827,GIC,34,45,10,532.00,"5,320.00"
2020-11-08,2020110804000826,GIC,34,34,10,531.00,"5,310.00"
2020-11-08,2020110804000837,GIC,34,53,10,534.00,"5,340.00"
2020-11-08,2020110804000836,GIC,34,42,10,534.00,"5,340.00"
2020-11-08,2020110804000835,GIC,34,17,10,534.00,"5,340.00"
2020-11-08,2020110804000834,GIC,34,21,10,534.00,"5,340.00"
2020-11-08,2020110804000833,GIC,34,34,10,534.00,"5,340.00"
2020-11-08,2020110804000832,GIC,34,58,10,534.00,"5,340.00"
2020-11-08,2020110804000845,GIC,42,10,10,530.00,"5,300.00"
2020-11-08,2020110804000843,GIC,42,6,10,530.00,"5,300.00"
2020-11-08,2020110804000841,GIC,42,49,10,530.00,"5,300.00"
2020-11-08,2020110804000840,GIC,42,6,10,530.00,"5,300.00"
2020-11-08,2020110804000839,GIC,34,42,10,534.00,"5,340.00"
2020-11-08,2020110804000838,GIC,34,16,10,534.00,"5,340.00"
2020-11-08,2020110804000851,GIC,21,57,10,530.00,"5,300.00"
2020-11-08,2020110804000850,GIC,21,58,10,530.00,"5,300.00"
2020-11-08,2020110804000849,GIC,42,38,10,530.00,"5,300.00"
2020-11-08,2020110804000848,GIC,42,10,10,530.00,"5,300.00"
2020-11-08,2020110804000847,GIC,42,46,10,530.00,"5,300.00"
2020-11-08,2020110804000846,GIC,42,38,10,530.00,"5,300.00"
2020-11-08,2020110804000857,GIC,38,57,10,533.00,"5,330.00"
2020-11-08,2020110804000856,GIC,38,58,10,533.00,"5,330.00"
2020-11-08,2020110804000855,GIC,59,17,10,530.00,"5,300.00"
2020-11-08,2020110804000854,GIC,59,6,10,530.00,"5,300.00"
2020-11-08,2020110804000853,GIC,59,4,10,530.00,"5,300.00"
2020-11-08,2020110804000852,GIC,21,42,10,530.00,"5,300.00"
2020-11-08,2020110804000864,GIC,59,38,10,530.00,"5,300.00"
2020-11-08,2020110804000863,GIC,59,6,10,530.00,"5,300.00"
2020-11-08,2020110804000862,GIC,59,20,10,530.00,"5,300.00"
2020-11-08,2020110804000861,GIC,59,48,10,530.00,"5,300.00"
2020-11-08,2020110804000860,GIC,59,6,10,530.00,"5,300.00"
2020-11-08,2020110804000859,GIC,59,58,10,530.00,"5,300.00"
2020-11-08,2020110804000872,GIC,41,21,10,531.00,"5,310.00"
2020-11-08,2020110804000871,GIC,41,47,10,531.00,"5,310.00"
2020-11-08,2020110804000868,GIC,41,57,10,531.00,"5,310.00"
2020-11-08,2020110804000867,GIC,41,45,10,531.00,"5,310.00"
2020-11-08,2020110804000866,GIC,41,42,10,531.00,"5,310.00"
2020-11-08,2020110804000865,GIC,59,19,10,530.00,"5,300.00"
2020-11-08,2020110804000882,GIC,41,49,10,531.00,"5,310.00"
2020-11-08,2020110804000881,GIC,34,56,10,534.00,"5,340.00"
2020-11-08,2020110804000880,GIC,34,41,10,534.00,"5,340.00"
2020-11-08,2020110804000879,GIC,34,59,10,533.00,"5,330.00"
2020-11-08,2020110804000878,GIC,34,43,10,533.00,"5,330.00"
2020-11-08,2020110804000873,GIC,41,22,10,531.00,"5,310.00"
2020-11-08,2020110804000889,GIC,29,5,10,532.00,"5,320.00"
2020-11-08,2020110804000887,GIC,29,1,10,532.00,"5,320.00"
2020-11-08,2020110804000886,GIC,29,46,10,532.00,"5,320.00"
2020-11-08,2020110804000885,GIC,29,58,10,532.00,"5,320.00"
2020-11-08,2020110804000884,GIC,41,38,10,531.00,"5,310.00"
2020-11-08,2020110804000883,GIC,34,45,10,534.00,"5,340.00"
2020-11-08,2020110804000897,GIC,29,42,10,532.00,"5,320.00"
2020-11-08,2020110804000896,GIC,29,1,10,532.00,"5,320.00"
2020-11-08,2020110804000895,GIC,29,54,10,532.00,"5,320.00"
2020-11-08,2020110804000892,GIC,34,58,10,534.00,"5,340.00"
2020-11-08,2020110804000891,GIC,34,7,10,534.00,"5,340.00"
2020-11-08,2020110804000890,GIC,34,46,10,533.00,"5,330.00"
2020-11-08,2020110804000906,GIC,41,34,10,531.00,"5,310.00"
2020-11-08,2020110804000903,GIC,41,59,10,531.00,"5,310.00"
2020-11-08,2020110804000902,GIC,41,34,10,531.00,"5,310.00"
2020-11-08,2020110804000900,GIC,29,38,10,532.00,"5,320.00"
2020-11-08,2020110804000899,GIC,29,38,10,532.00,"5,320.00"
2020-11-08,2020110804000898,GIC,29,21,10,532.00,"5,320.00"
2020-11-08,2020110804000912,GIC,41,57,10,531.00,"5,310.00"
2020-11-08,2020110804000911,GIC,41,6,10,531.00,"5,310.00"
2020-11-08,2020110804000910,GIC,41,34,10,531.00,"5,310.00"
2020-11-08,2020110804000909,GIC,25,51,10,532.00,"5,320.00"
2020-11-08,2020110804000908,GIC,41,34,10,531.00,"5,310.00"
2020-11-08,2020110804000907,GIC,41,28,10,531.00,"5,310.00"
2020-11-08,2020110804000918,GIC,43,21,10,532.00,"5,320.00"
2020-11-08,2020110804000917,GIC,43,13,10,532.00,"5,320.00"
2020-11-08,2020110804000916,GIC,43,34,10,532.00,"5,320.00"
2020-11-08,2020110804000915,GIC,43,38,10,532.00,"5,320.00"
2020-11-08,2020110804000914,GIC,43,34,10,532.00,"5,320.00"
2020-11-08,2020110804000913,GIC,41,6,10,531.00,"5,310.00"
2020-11-08,2020110804000925,GIC,29,40,10,533.00,"5,330.00"
2020-11-08,2020110804000924,GIC,41,46,10,531.00,"5,310.00"
2020-11-08,2020110804000923,GIC,41,28,10,531.00,"5,310.00"
2020-11-08,2020110804000922,GIC,58,39,10,532.00,"5,320.00"
2020-11-08,2020110804000920,GIC,58,33,10,532.00,"5,320.00"
2020-11-08,2020110804000919,GIC,41,1,10,531.00,"5,310.00"
2020-11-08,2020110804000932,GIC,45,49,10,534.00,"5,340.00"
2020-11-08,2020110804000931,GIC,45,49,40,534.00,"21,360.00"
2020-11-08,2020110804000930,GIC,45,49,40,534.00,"21,360.00"
2020-11-08,2020110804000929,GIC,45,32,10,534.00,"5,340.00"
2020-11-08,2020110804000927,GIC,41,21,10,531.00,"5,310.00"
2020-11-08,2020110804000926,GIC,29,36,10,534.00,"5,340.00"
2020-11-08,2020110804000943,GIC,45,42,10,534.00,"5,340.00"
2020-11-08,2020110804000938,GIC,45,28,10,534.00,"5,340.00"
2020-11-08,2020110804000937,GIC,45,42,10,534.00,"5,340.00"
2020-11-08,2020110804000936,GIC,45,22,10,534.00,"5,340.00"
2020-11-08,2020110804000935,GIC,45,28,10,534.00,"5,340.00"
2020-11-08,2020110804000933,GIC,45,58,10,534.00,"5,340.00"
2020-11-08,2020110804000951,GIC,38,49,10,535.00,"5,350.00"
2020-11-08,2020110804000950,GIC,38,6,10,535.00,"5,350.00"
2020-11-08,2020110804000949,GIC,38,52,10,535.00,"5,350.00"
2020-11-08,2020110804000948,GIC,6,1,10,534.00,"5,340.00"
2020-11-08,2020110804000947,GIC,6,42,10,534.00,"5,340.00"
2020-11-08,2020110804000946,GIC,6,46,10,534.00,"5,340.00"
2020-11-08,2020110804000959,GIC,6,56,10,534.00,"5,340.00"
2020-11-08,2020110804000956,GIC,6,42,10,534.00,"5,340.00"
2020-11-08,2020110804000955,GIC,6,46,10,534.00,"5,340.00"
2020-11-08,2020110804000954,GIC,6,22,10,534.00,"5,340.00"
2020-11-08,2020110804000953,GIC,38,4,10,535.00,"5,350.00"
2020-11-08,2020110804000952,GIC,38,50,10,535.00,"5,350.00"
2020-11-08,2020110804000968,GIC,41,7,10,531.00,"5,310.00"
2020-11-08,2020110804000967,GIC,41,58,10,531.00,"5,310.00"
2020-11-08,2020110804000965,GIC,6,46,10,534.00,"5,340.00"
2020-11-08,2020110804000964,GIC,6,58,10,534.00,"5,340.00"
2020-11-08,2020110804000963,GIC,6,56,10,534.00,"5,340.00"
2020-11-08,2020110804000960,GIC,53,4,30,535.00,"16,050.00"
2020-11-08,2020110804000976,GIC,58,7,10,531.00,"5,310.00"
2020-11-08,2020110804000975,GIC,58,21,10,531.00,"5,310.00"
2020-11-08,2020110804000972,GIC,58,4,10,531.00,"5,310.00"
2020-11-08,2020110804000971,GIC,58,7,10,531.00,"5,310.00"
2020-11-08,2020110804000970,GIC,41,7,10,531.00,"5,310.00"
2020-11-08,2020110804000969,GIC,41,58,10,531.00,"5,310.00"
2020-11-08,2020110804000986,GIC,49,45,10,533.00,"5,330.00"
2020-11-08,2020110804000985,GIC,49,41,10,533.00,"5,330.00"
2020-11-08,2020110804000983,GIC,49,19,10,533.00,"5,330.00"
2020-11-08,2020110804000981,GIC,19,49,10,531.00,"5,310.00"
2020-11-08,2020110804000979,GIC,19,7,10,531.00,"5,310.00"
2020-11-08,2020110804000977,GIC,58,56,10,531.00,"5,310.00"
2020-11-08,2020110804000994,GIC,19,41,10,531.00,"5,310.00"
2020-11-08,2020110804000992,GIC,19,41,10,531.00,"5,310.00"
2020-11-08,2020110804000991,GIC,19,21,10,531.00,"5,310.00"
2020-11-08,2020110804000990,GIC,19,21,10,531.00,"5,310.00"
2020-11-08,2020110804000988,GIC,49,21,10,533.00,"5,330.00"
2020-11-08,2020110804000987,GIC,49,47,10,533.00,"5,330.00"
2020-11-08,2020110804001007,GIC,59,21,10,530.00,"5,300.00"
2020-11-08,2020110804001006,GIC,59,6,10,530.00,"5,300.00"
2020-11-08,2020110804001005,GIC,19,21,10,531.00,"5,310.00"
2020-11-08,2020110804001003,GIC,19,21,10,531.00,"5,310.00"
2020-11-08,2020110804000996,GIC,19,21,10,531.00,"5,310.00"
2020-11-08,2020110804000995,GIC,19,21,10,531.00,"5,310.00"
2020-11-08,2020110804001021,GIC,59,49,10,530.00,"5,300.00"
2020-11-08,2020110804001018,GIC,59,22,10,530.00,"5,300.00"
2020-11-08,2020110804001014,GIC,59,49,10,530.00,"5,300.00"
2020-11-08,2020110804001010,GIC,59,26,10,530.00,"5,300.00"
2020-11-08,2020110804001009,GIC,59,28,10,530.00,"5,300.00"
2020-11-08,2020110804001008,GIC,59,35,10,530.00,"5,300.00"
2020-11-08,2020110804001033,GIC,20,36,10,531.00,"5,310.00"
2020-11-08,2020110804001032,GIC,20,53,10,531.00,"5,310.00"
2020-11-08,2020110804001029,GIC,59,41,10,530.00,"5,300.00"
2020-11-08,2020110804001027,GIC,59,42,10,530.00,"5,300.00"
2020-11-08,2020110804001024,GIC,59,41,10,530.00,"5,300.00"
2020-11-08,2020110804001022,GIC,59,49,10,530.00,"5,300.00"
2020-11-08,2020110804001045,GIC,14,36,10,531.00,"5,310.00"
2020-11-08,2020110804001043,GIC,34,38,10,531.00,"5,310.00"
2020-11-08,2020110804001041,GIC,34,34,10,531.00,"5,310.00"
2020-11-08,2020110804001040,GIC,34,47,10,531.00,"5,310.00"
2020-11-08,2020110804001039,GIC,59,42,10,530.00,"5,300.00"
2020-11-08,2020110804001034,GIC,20,57,10,531.00,"5,310.00"
2020-11-08,2020110804001052,GIC,58,32,10,531.00,"5,310.00"
2020-11-08,2020110804001050,GIC,34,36,10,531.00,"5,310.00"
2020-11-08,2020110804001049,GIC,34,41,10,531.00,"5,310.00"
2020-11-08,2020110804001048,GIC,14,11,10,531.00,"5,310.00"
2020-11-08,2020110804001047,GIC,14,32,10,531.00,"5,310.00"
2020-11-08,2020110804001046,GIC,14,3,10,531.00,"5,310.00"
2020-11-08,2020110804001065,GIC,34,22,10,531.00,"5,310.00"
2020-11-08,2020110804001064,GIC,34,46,10,531.00,"5,310.00"
2020-11-08,2020110804001062,GIC,59,28,10,530.00,"5,300.00"
2020-11-08,2020110804001056,GIC,59,59,10,530.00,"5,300.00"
2020-11-08,2020110804001054,GIC,58,29,10,531.00,"5,310.00"
2020-11-08,2020110804001053,GIC,58,44,10,531.00,"5,310.00"
2020-11-08,2020110804001071,GIC,34,22,10,531.00,"5,310.00"
2020-11-08,2020110804001070,GIC,34,14,10,531.00,"5,310.00"
2020-11-08,2020110804001069,GIC,34,14,10,531.00,"5,310.00"
2020-11-08,2020110804001068,GIC,34,21,10,531.00,"5,310.00"
2020-11-08,2020110804001067,GIC,34,45,10,531.00,"5,310.00"
2020-11-08,2020110804001066,GIC,34,22,10,531.00,"5,310.00"
2020-11-08,2020110804001087,GIC,37,58,10,530.00,"5,300.00"
2020-11-08,2020110804001079,GIC,37,42,10,530.00,"5,300.00"
2020-11-08,2020110804001078,GIC,21,3,56,531.00,"29,736.00"
2020-11-08,2020110804001077,GIC,37,58,10,530.00,"5,300.00"
2020-11-08,2020110804001073,GIC,34,29,10,531.00,"5,310.00"
2020-11-08,2020110804001072,GIC,34,47,10,531.00,"5,310.00"
2020-11-08,2020110804001093,GIC,26,14,10,531.00,"5,310.00"
2020-11-08,2020110804001092,GIC,26,58,10,531.00,"5,310.00"
2020-11-08,2020110804001091,GIC,26,53,10,531.00,"5,310.00"
2020-11-08,2020110804001090,GIC,37,50,10,530.00,"5,300.00"
2020-11-08,2020110804001089,GIC,37,5,10,530.00,"5,300.00"
2020-11-08,2020110804001088,GIC,37,48,10,530.00,"5,300.00"
2020-11-08,2020110804001104,GIC,37,49,10,530.00,"5,300.00"
2020-11-08,2020110804001103,GIC,37,43,10,530.00,"5,300.00"
2020-11-08,2020110804001100,GIC,37,34,10,530.00,"5,300.00"
2020-11-08,2020110804001099,GIC,42,47,10,531.00,"5,310.00"
2020-11-08,2020110804001095,GIC,26,47,10,531.00,"5,310.00"
2020-11-08,2020110804001094,GIC,26,42,10,531.00,"5,310.00"
2020-11-08,2020110804001111,GIC,32,39,125,530.00,"66,250.00"
2020-11-08,2020110804001110,GIC,16,39,10,530.00,"5,300.00"
2020-11-08,2020110804001109,GIC,48,39,100,530.00,"53,000.00"
2020-11-08,2020110804001108,GIC,29,39,200,530.00,"106,000.00"
2020-11-08,2020110804001107,GIC,37,39,100,530.00,"53,000.00"
2020-11-08,2020110804001106,GIC,37,43,10,530.00,"5,300.00"
2020-11-08,2020110804001117,GIC,6,39,10,530.00,"5,300.00"
2020-11-08,2020110804001116,GIC,49,39,90,530.00,"47,700.00"
2020-11-08,2020110804001115,GIC,44,39,100,530.00,"53,000.00"
2020-11-08,2020110804001114,GIC,5,39,50,530.00,"26,500.00"
2020-11-08,2020110804001113,GIC,38,39,20,530.00,"10,600.00"
2020-11-08,2020110804001112,GIC,47,39,100,530.00,"53,000.00"
2020-11-08,2020110804001123,GIC,21,36,10,529.00,"5,290.00"
2020-11-08,2020110804001122,GIC,21,14,10,529.00,"5,290.00"
2020-11-08,2020110804001121,GIC,21,38,10,529.00,"5,290.00"
2020-11-08,2020110804001120,GIC,21,36,10,529.00,"5,290.00"
2020-11-08,2020110804001119,GIC,6,28,10,530.00,"5,300.00"
2020-11-08,2020110804001118,GIC,6,28,10,530.00,"5,300.00"
2020-11-08,2020110804001128,GIMES1,22,33,"5,000",10.12,"50,600.00"
2020-11-08,2020110804001127,GIMES1,19,33,"3,700",10.12,"37,444.00"
2020-11-08,2020110804001055,GIMES1,19,17,"1,000",10.12,"10,120.00"
2020-11-08,2020110804000945,GIMES1,19,45,200,10.11,"2,022.00"
2020-11-08,2020110804000944,GIMES1,19,35,100,10.11,"1,011.00"
2020-11-08,2020110804000819,GIMES1,34,7,500,10.04,"5,020.00"
2020-11-08,2020110804000818,GIMES1,49,7,200,10.20,"2,040.00"
2020-11-08,2020110804000786,GIMES1,49,7,700,10.20,"7,140.00"
2020-11-08,2020110804000752,GIMES1,49,7,700,10.20,"7,140.00"
2020-11-08,2020110804000712,GIMES1,49,7,700,10.20,"7,140.00"
2020-11-08,2020110804000699,GIMES1,49,7,700,10.20,"7,140.00"
2020-11-08,2020110804001124,KBLPO,49,57,"6,726",95.00,"638,970.00"
2020-11-08,2020110804001080,LEMF,6,45,325,9.69,"3,149.25"
2020-11-08,2020110804000982,LEMF,53,6,300,9.70,"2,910.00"
2020-11-08,2020110804000942,LUK,57,56,300,9.45,"2,835.00"
2020-11-08,2020110804000941,LUK,57,34,400,9.34,"3,736.00"
2020-11-08,2020110804000783,LUK,21,34,100,9.34,934.00
2020-11-08,2020110804000696,LUK,6,7,180,9.53,"1,715.40"
2020-11-08,2020110804000646,LUK,6,52,"1,620",9.53,"15,438.60"
2020-11-08,2020110804000645,LUK,6,48,200,9.46,"1,892.00"
2020-11-08,2020110804000644,LUK,6,38,"5,000",9.45,"47,250.00"
2020-11-08,2020110804000643,LUK,6,28,"1,300",9.38,"12,194.00"
2020-11-08,2020110804000642,LUK,6,57,100,9.35,935.00
2020-11-08,2020110804000641,LUK,6,58,"1,000",9.30,"9,300.00"
2020-11-08,2020110804000640,LUK,6,8,500,9.17,"4,585.00"
2020-11-08,2020110804000639,LUK,6,45,100,9.17,917.00
2020-11-08,2020110804001051,NBF2,11,42,200,9.55,"1,910.00"
2020-11-08,2020110804001031,NBF2,11,19,"2,000",9.55,"19,100.00"
2020-11-08,2020110804001023,NBF2,11,1,300,9.55,"2,865.00"
2020-11-08,2020110804001012,NBF2,11,47,500,9.55,"4,775.00"
2020-11-08,2020110804000769,NBF2,6,22,100,9.60,960.00
2020-11-08,2020110804000718,NBF2,11,49,500,9.55,"4,775.00"
2020-11-08,2020110804000717,NBF2,53,49,500,9.56,"4,780.00"
2020-11-08,2020110804000973,NBF2,11,1,100,9.55,955.00
2020-11-08,2020110804000858,NBF2,6,19,"1,000",9.68,"9,680.00"
2020-11-08,2020110804000842,NBF2,6,53,"4,000",9.68,"38,720.00"
2020-11-08,2020110804000772,NBF2,6,45,"2,000",9.68,"19,360.00"
2020-11-08,2020110804000771,NBF2,6,21,"3,000",9.67,"29,010.00"
2020-11-08,2020110804000770,NBF2,6,25,200,9.60,"1,920.00"
2020-11-08,2020110804001085,NEF,55,45,"1,127",9.63,"10,853.01"
2020-11-08,2020110804001001,NEF,49,47,"2,245",9.65,"21,664.25"
2020-11-08,2020110804001000,NEF,49,57,"1,207",9.60,"11,587.20"
2020-11-08,2020110804000999,NEF,49,57,"1,207",9.60,"11,587.20"
2020-11-08,2020110804000998,NEF,49,35,100,9.60,960.00
2020-11-08,2020110804000997,NEF,49,17,241,9.60,"2,313.60"
2020-11-08,2020110804000722,NIBLPF,57,17,"1,010",9.89,"9,988.90"
2020-11-08,2020110804000721,NIBLPF,57,37,"2,525",9.89,"24,972.25"
2020-11-08,2020110804000958,NIBPO,59,58,823,370.00,"304,510.00"
2020-11-08,2020110804000957,NIBPO,47,58,177,370.00,"65,490.00"
2020-11-08,2020110804000675,NIBPO,47,58,123,370.00,"45,510.00"
2020-11-08,2020110804000674,NIBPO,14,58,500,370.00,"185,000.00"
2020-11-08,2020110804000893,NIBSF1,53,45,"1,900",10.20,"19,380.00"
2020-11-08,2020110804000710,NIBSF1,11,16,"5,000",10.10,"50,500.00"
2020-11-08,2020110804001105,NICGF,11,14,200,9.99,"1,998.00"
2020-11-08,2020110804001098,NICGF,58,14,300,10.00,"3,000.00"
2020-11-08,2020110804001083,NICGF,11,14,500,10.00,"5,000.00"
2020-11-08,2020110804000798,NICGF,11,49,500,10.00,"5,000.00"
2020-11-08,2020110804000761,NICGF,11,14,500,10.00,"5,000.00"
2020-11-08,2020110804000723,NICGF,11,14,500,10.00,"5,000.00"
2020-11-08,2020110804000707,NICGF,55,41,500,10.10,"5,050.00"
2020-11-08,2020110804000706,NICGF,55,25,"1,000",10.10,"10,100.00"
2020-11-08,2020110804000671,NICGF,11,57,"2,500",10.00,"25,000.00"
2020-11-08,2020110804000978,NMB50,22,1,100,9.61,961.00
2020-11-08,2020110804000638,NMB50,58,43,100,9.64,964.00
2020-11-08,2020110804001042,NMBHF1,36,19,"1,410",9.60,"13,536.00"
2020-11-08,2020110804001038,NMBHF1,11,19,"4,900",9.65,"47,285.00"
2020-11-08,2020110804000844,NMBHF1,11,35,100,9.65,965.00
2020-11-08,2020110804000797,NMBHF1,22,45,"1,000",9.65,"9,650.00"
2020-11-08,2020110804000754,NMBHF1,21,28,500,9.70,"4,850.00"
2020-11-08,2020110804001133,RBCLPO,4,50,10,"12,200.00","122,000.00"
2020-11-08,2020110804001081,RBCLPO,33,56,60,"12,150.00","729,000.00"
2020-11-08,2020110804000966,RBCLPO,33,44,10,"12,120.00","121,200.00"
2020-11-08,2020110804000939,RBCLPO,33,14,40,"12,120.00","484,800.00"
2020-11-08,2020110804000921,RBCLPO,33,48,50,"12,120.00","606,000.00"
2020-11-08,2020110804000742,RBCLPO,59,33,10,"12,150.00","121,500.00"
2020-11-08,2020110804000741,RBCLPO,59,33,20,"12,150.00","243,000.00"
2020-11-08,2020110804000719,RBCLPO,34,46,18,"12,138.00","218,484.00"
2020-11-08,2020110804000695,RBCLPO,49,46,10,"12,138.00","121,380.00"
2020-11-08,2020110804001102,SAEF,51,14,"4,000",10.31,"41,240.00"
2020-11-08,2020110804001101,SAEF,55,14,"1,000",10.32,"10,320.00"
2020-11-08,2020110804001084,SAEF,47,14,"5,000",10.33,"51,650.00"
2020-11-08,2020110804001057,SAEF,55,6,500,10.32,"5,160.00"
2020-11-08,2020110804000934,SAEF,55,32,"5,000",10.32,"51,600.00"
2020-11-08,2020110804000870,SAEF,18,51,"1,000",10.40,"10,400.00"
2020-11-08,2020110804000731,SAEF,45,14,500,10.42,"5,210.00"
2020-11-08,2020110804000703,SAEF,45,50,500,10.42,"5,210.00"
2020-11-08,2020110804000869,SAEF,22,51,"7,000",10.40,"72,800.00"
2020-11-08,2020110804000796,SAEF,22,22,500,10.40,"5,200.00"
2020-11-08,2020110804000764,SAEF,22,14,"2,500",10.40,"26,000.00"
2020-11-08,2020110804000763,SAEF,34,14,"2,500",10.41,"26,025.00"
2020-11-08,2020110804000733,SAEF,34,14,"3,500",10.41,"36,435.00"
2020-11-08,2020110804000732,SAEF,47,14,"1,000",10.41,"10,410.00"
2020-11-08,2020110804001075,SBLPO,28,14,"46,010",190.00,"8,741,900.00"
2020-11-08,2020110804001076,SEF,57,18,"1,000",9.94,"9,940.00"
2020-11-08,2020110804001044,SEF,22,58,"9,000",9.95,"89,550.00"
2020-11-08,2020110804001037,SEF,49,16,"2,000",9.99,"19,980.00"
2020-11-08,2020110804001036,SEF,49,41,"1,000",9.97,"9,970.00"
2020-11-08,2020110804001035,SEF,49,13,"2,000",9.97,"19,940.00"
2020-11-08,2020110804001028,SEF,19,52,"5,000",9.96,"49,800.00"
2020-11-08,2020110804000928,SEF,22,3,"1,000",9.95,"9,950.00"
2020-11-08,2020110804000894,SEF,57,47,"2,000",9.94,"19,880.00"
2020-11-08,2020110804000768,SEF,45,57,"5,000",9.93,"49,650.00"
2020-11-08,2020110804001097,SGI,48,22,10,413.00,"4,130.00"
2020-11-08,2020110804001086,SGI,48,34,10,413.00,"4,130.00"
2020-11-08,2020110804001011,SGI,48,45,10,413.00,"4,130.00"
2020-11-08,2020110804001002,SGI,48,57,10,413.00,"4,130.00"
2020-11-08,2020110804000901,SGI,48,8,10,413.00,"4,130.00"
2020-11-08,2020110804000676,SGI,48,51,10,413.00,"4,130.00"
2020-11-08,2020110804001074,STC,33,52,10,"4,245.00","42,450.00"
2020-11-08,2020110804001063,STC,59,52,10,"4,276.00","42,760.00"
2020-11-08,2020110804001061,STC,59,18,200,"4,276.00","855,200.00"
2020-11-08,2020110804001060,STC,59,28,100,"4,250.00","425,000.00"
2020-11-08,2020110804001059,STC,59,28,10,"4,250.00","42,500.00"
2020-11-08,2020110804001058,STC,59,28,90,"4,249.00","382,410.00"
2020-11-08,2020110804000648,STC,19,42,10,"4,200.00","42,000.00"
2020-11-08,2020110804000647,STC,19,39,10,"4,199.00","41,990.00"
2020-11-08,2020110804000692,STC,34,25,10,"4,250.00","42,500.00"
2020-11-08,2020110804000685,STC,34,1,427,"4,200.00","1,793,400.00"
2020-11-08,2020110804000684,STC,48,1,10,"4,200.00","42,000.00"
2020-11-08,2020110804000672,STC,48,19,52,"4,200.00","218,400.00"
2020-11-08,2020110804000661,STC,48,42,38,"4,200.00","159,600.00"
2020-11-08,2020110804000660,STC,33,42,12,"4,200.00","50,400.00"
2020-11-08,2020110804000791,STC,19,51,10,"4,276.00","42,760.00"
2020-11-08,2020110804000790,STC,19,25,10,"4,275.00","42,750.00"
2020-11-08,2020110804000774,STC,5,3,100,"4,267.00","426,700.00"
2020-11-08,2020110804000753,STC,59,3,90,"4,249.00","382,410.00"
2020-11-08,2020110804000751,STC,46,3,10,"4,249.00","42,490.00"
2020-11-08,2020110804000749,STC,6,57,30,"4,248.00","127,440.00"
2020-11-08,2020110804000874,STC,48,45,10,"4,273.00","42,730.00"
2020-11-08,2020110804000802,STC,5,22,20,"4,276.00","85,520.00"
2020-11-08,2020110804000801,STC,5,37,10,"4,276.00","42,760.00"
2020-11-08,2020110804000800,STC,5,51,10,"4,276.00","42,760.00"
2020-11-08,2020110804000794,STC,45,51,10,"4,276.00","42,760.00"
2020-11-08,2020110804000792,STC,45,51,30,"4,276.00","128,280.00"
2020-11-08,2020110804000940,STC,5,51,10,"4,276.00","42,760.00"
2020-11-08,2020110804000905,STC,5,41,20,"4,276.00","85,520.00"
2020-11-08,2020110804000904,STC,5,34,50,"4,276.00","213,800.00"
2020-11-08,2020110804000877,STC,48,28,30,"4,276.00","128,280.00"
2020-11-08,2020110804000876,STC,48,3,70,"4,276.00","299,320.00"
2020-11-08,2020110804000875,STC,48,28,20,"4,275.00","85,500.00"
2020-11-08,2020110804001004,STC,59,28,10,"4,249.00","42,490.00"
2020-11-08,2020110804000993,STC,41,28,20,"4,250.00","85,000.00"
2020-11-08,2020110804000989,STC,57,19,80,"4,260.00","340,800.00"
2020-11-08,2020110804000974,STC,58,28,50,"4,276.00","213,800.00"
2020-11-08,2020110804000962,STC,48,28,10,"4,276.00","42,760.00"
2020-11-08,2020110804000961,STC,5,28,10,"4,276.00","42,760.00"
2020-11-08,2020110804001030,STC,14,28,30,"4,200.00","126,000.00"
2020-11-08,2020110804001020,STC,34,28,10,"4,200.00","42,000.00"
2020-11-08,2020110804001019,STC,11,28,60,"4,200.00","252,000.00"
2020-11-08,2020110804001017,STC,11,28,40,"4,200.00","168,000.00"
2020-11-08,2020110804001016,STC,34,28,10,"4,200.00","42,000.00"
2020-11-08,2020110804001015,STC,48,28,50,"4,201.00","210,050.00"
2020-11-08,2020110804000503,BBC,7,43,40,"2,262.00","90,480.00"
2020-11-08,2020110804000502,BBC,7,6,10,"2,230.00","22,300.00"
2020-11-08,2020110804000464,BBC,1,43,20,"2,225.00","44,500.00"
2020-11-08,2020110804000461,BBC,1,43,10,"2,226.00","22,260.00"
2020-11-08,2020110804000460,BBC,33,43,20,"2,227.00","44,540.00"
2020-11-08,2020110804000457,BBC,45,43,10,"2,228.00","22,280.00"
2020-11-08,2020110804000255,BBC,37,50,28,"2,218.00","62,104.00"
2020-11-08,2020110804000247,BBC,35,17,10,"2,180.00","21,800.00"
2020-11-08,2020110804000246,BBC,33,17,10,"2,217.00","22,170.00"
2020-11-08,2020110804000232,BBC,33,32,10,"2,174.00","21,740.00"
2020-11-08,2020110804000135,BBC,1,48,10,"2,132.00","21,320.00"
2020-11-08,2020110804000366,BBC,37,58,10,"2,262.00","22,620.00"
2020-11-08,2020110804000365,BBC,7,58,20,"2,263.00","45,260.00"
2020-11-08,2020110804000357,BBC,55,18,70,"2,262.00","158,340.00"
2020-11-08,2020110804000356,BBC,45,18,20,"2,265.00","45,300.00"
2020-11-08,2020110804000339,BBC,55,41,30,"2,262.00","67,860.00"
2020-11-08,2020110804000256,BBC,37,38,40,"2,218.00","88,720.00"
2020-11-08,2020110804000414,BBC,43,43,50,"2,226.00","111,300.00"
2020-11-08,2020110804000413,BBC,3,43,50,"2,226.00","111,300.00"
2020-11-08,2020110804000411,BBC,22,43,10,"2,230.00","22,300.00"
2020-11-08,2020110804000410,BBC,1,47,20,"2,231.00","44,620.00"
2020-11-08,2020110804000409,BBC,39,43,10,"2,262.00","22,620.00"
2020-11-08,2020110804000397,BBC,45,43,10,"2,235.00","22,350.00"
2020-11-08,2020110804000627,CMF1,50,41,500,9.92,"4,960.00"
2020-11-08,2020110804000449,CMF1,50,42,"1,000",9.92,"9,920.00"
2020-11-08,2020110804000391,CMF1,50,48,"2,500",9.92,"24,800.00"
2020-11-08,2020110804000352,CMF1,36,49,"1,000",9.93,"9,930.00"
2020-11-08,2020110804000315,CMF1,36,48,"2,500",9.93,"24,825.00"
2020-11-08,2020110804000151,CMF1,6,43,"10,000",10.09,"100,900.00"
2020-11-08,2020110804000632,GIC,36,52,10,529.00,"5,290.00"
2020-11-08,2020110804000631,GIC,43,6,10,529.00,"5,290.00"
2020-11-08,2020110804000630,GIC,43,45,10,530.00,"5,300.00"
2020-11-08,2020110804000629,GIC,43,50,10,529.00,"5,290.00"
2020-11-08,2020110804000628,GIC,41,52,10,528.00,"5,280.00"
2020-11-08,2020110804000626,GIC,41,26,10,528.00,"5,280.00"
2020-11-08,2020110804000141,GIC,57,45,10,529.00,"5,290.00"
2020-11-08,2020110804000140,GIC,57,58,10,529.00,"5,290.00"
2020-11-08,2020110804000138,GIC,58,47,10,530.00,"5,300.00"
2020-11-08,2020110804000137,GIC,58,48,10,529.00,"5,290.00"
2020-11-08,2020110804000136,GIC,58,41,10,529.00,"5,290.00"
2020-11-08,2020110804000134,GIC,52,57,10,529.00,"5,290.00"
2020-11-08,2020110804000150,GIC,5,56,10,528.00,"5,280.00"
2020-11-08,2020110804000149,GIC,42,4,10,529.00,"5,290.00"
2020-11-08,2020110804000148,GIC,42,29,10,529.00,"5,290.00"
2020-11-08,2020110804000147,GIC,42,45,10,529.00,"5,290.00"
2020-11-08,2020110804000146,GIC,42,41,10,529.00,"5,290.00"
2020-11-08,2020110804000145,GIC,42,1,10,529.00,"5,290.00"
2020-11-08,2020110804000159,GIC,42,47,10,528.00,"5,280.00"
2020-11-08,2020110804000158,GIC,42,58,10,528.00,"5,280.00"
2020-11-08,2020110804000157,GIC,42,39,10,528.00,"5,280.00"
2020-11-08,2020110804000156,GIC,42,32,10,528.00,"5,280.00"
2020-11-08,2020110804000153,GIC,42,22,10,528.00,"5,280.00"
2020-11-08,2020110804000152,GIC,5,35,10,528.00,"5,280.00"
2020-11-08,2020110804000167,GIC,38,38,10,529.00,"5,290.00"
2020-11-08,2020110804000166,GIC,38,41,10,529.00,"5,290.00"
2020-11-08,2020110804000165,GIC,42,38,10,528.00,"5,280.00"
2020-11-08,2020110804000164,GIC,42,52,10,528.00,"5,280.00"
2020-11-08,2020110804000163,GIC,42,58,10,528.00,"5,280.00"
2020-11-08,2020110804000162,GIC,42,58,10,528.00,"5,280.00"
2020-11-08,2020110804000173,GIC,58,22,5,528.00,"2,640.00"
2020-11-08,2020110804000172,GIC,58,17,10,526.00,"5,260.00"
2020-11-08,2020110804000171,GIC,42,36,10,528.00,"5,280.00"
2020-11-08,2020110804000170,GIC,38,38,10,529.00,"5,290.00"
2020-11-08,2020110804000169,GIC,38,36,10,529.00,"5,290.00"
2020-11-08,2020110804000168,GIC,38,47,10,529.00,"5,290.00"
2020-11-08,2020110804000183,GIC,8,58,10,526.00,"5,260.00"
2020-11-08,2020110804000181,GIC,8,50,10,526.00,"5,260.00"
2020-11-08,2020110804000180,GIC,52,56,20,527.00,"10,540.00"
2020-11-08,2020110804000176,GIC,8,14,10,526.00,"5,260.00"
2020-11-08,2020110804000175,GIC,8,32,10,526.00,"5,260.00"
2020-11-08,2020110804000174,GIC,58,28,10,526.00,"5,260.00"
2020-11-08,2020110804000194,GIC,52,28,10,528.00,"5,280.00"
2020-11-08,2020110804000193,GIC,52,43,10,528.00,"5,280.00"
2020-11-08,2020110804000187,GIC,43,22,10,528.00,"5,280.00"
2020-11-08,2020110804000186,GIC,43,41,10,528.00,"5,280.00"
2020-11-08,2020110804000185,GIC,43,6,10,528.00,"5,280.00"
2020-11-08,2020110804000184,GIC,43,6,10,528.00,"5,280.00"
2020-11-08,2020110804000204,GIC,44,52,10,527.00,"5,270.00"
2020-11-08,2020110804000202,GIC,44,21,10,527.00,"5,270.00"
2020-11-08,2020110804000201,GIC,44,11,10,527.00,"5,270.00"
2020-11-08,2020110804000197,GIC,44,43,10,527.00,"5,270.00"
2020-11-08,2020110804000196,GIC,44,21,10,527.00,"5,270.00"
2020-11-08,2020110804000195,GIC,52,38,10,528.00,"5,280.00"
2020-11-08,2020110804000212,GIC,43,41,10,527.00,"5,270.00"
2020-11-08,2020110804000210,GIC,11,54,10,527.00,"5,270.00"
2020-11-08,2020110804000209,GIC,11,40,10,527.00,"5,270.00"
2020-11-08,2020110804000207,GIC,11,42,10,527.00,"5,270.00"
2020-11-08,2020110804000206,GIC,11,38,10,527.00,"5,270.00"
2020-11-08,2020110804000205,GIC,11,21,10,527.00,"5,270.00"
2020-11-08,2020110804000220,GIC,19,17,10,527.00,"5,270.00"
2020-11-08,2020110804000218,GIC,19,14,10,527.00,"5,270.00"
2020-11-08,2020110804000217,GIC,19,21,10,527.00,"5,270.00"
2020-11-08,2020110804000215,GIC,43,45,10,527.00,"5,270.00"
2020-11-08,2020110804000214,GIC,43,39,10,527.00,"5,270.00"
2020-11-08,2020110804000213,GIC,43,21,10,527.00,"5,270.00"
2020-11-08,2020110804000227,GIC,19,34,10,527.00,"5,270.00"
2020-11-08,2020110804000225,GIC,19,28,10,527.00,"5,270.00"
2020-11-08,2020110804000224,GIC,19,42,10,527.00,"5,270.00"
2020-11-08,2020110804000223,GIC,19,58,10,527.00,"5,270.00"
2020-11-08,2020110804000222,GIC,19,14,10,527.00,"5,270.00"
2020-11-08,2020110804000221,GIC,19,19,10,527.00,"5,270.00"
2020-11-08,2020110804000234,GIC,54,46,10,527.00,"5,270.00"
2020-11-08,2020110804000233,GIC,54,56,10,527.00,"5,270.00"
2020-11-08,2020110804000231,GIC,38,22,5,529.00,"2,645.00"
2020-11-08,2020110804000230,GIC,38,52,10,529.00,"5,290.00"
2020-11-08,2020110804000229,GIC,38,17,10,529.00,"5,290.00"
2020-11-08,2020110804000228,GIC,19,37,10,527.00,"5,270.00"
2020-11-08,2020110804000252,GIC,44,39,10,527.00,"5,270.00"
2020-11-08,2020110804000251,GIC,44,17,10,527.00,"5,270.00"
2020-11-08,2020110804000250,GIC,44,40,10,527.00,"5,270.00"
2020-11-08,2020110804000249,GIC,44,38,10,527.00,"5,270.00"
2020-11-08,2020110804000248,GIC,44,17,10,527.00,"5,270.00"
2020-11-08,2020110804000245,GIC,54,58,10,527.00,"5,270.00"
2020-11-08,2020110804000264,GIC,49,17,10,528.00,"5,280.00"
2020-11-08,2020110804000263,GIC,22,43,10,529.00,"5,290.00"
2020-11-08,2020110804000262,GIC,49,17,10,528.00,"5,280.00"
2020-11-08,2020110804000260,GIC,49,41,10,528.00,"5,280.00"
2020-11-08,2020110804000257,GIC,49,32,10,528.00,"5,280.00"
2020-11-08,2020110804000254,GIC,49,26,10,528.00,"5,280.00"
2020-11-08,2020110804000271,GIC,52,13,20,527.00,"10,540.00"
2020-11-08,2020110804000270,GIC,48,13,10,527.00,"5,270.00"
2020-11-08,2020110804000269,GIC,44,13,50,527.00,"26,350.00"
2020-11-08,2020110804000268,GIC,49,13,30,528.00,"15,840.00"
2020-11-08,2020110804000267,GIC,49,17,10,528.00,"5,280.00"
2020-11-08,2020110804000266,GIC,49,38,10,528.00,"5,280.00"
2020-11-08,2020110804000278,GIC,8,41,10,526.00,"5,260.00"
2020-11-08,2020110804000277,GIC,8,38,10,526.00,"5,260.00"
2020-11-08,2020110804000276,GIC,8,17,10,526.00,"5,260.00"
2020-11-08,2020110804000274,GIC,8,17,10,526.00,"5,260.00"
2020-11-08,2020110804000273,GIC,53,13,10,527.00,"5,270.00"
2020-11-08,2020110804000272,GIC,20,13,100,527.00,"52,700.00"
2020-11-08,2020110804000288,GIC,8,38,10,526.00,"5,260.00"
2020-11-08,2020110804000287,GIC,8,26,10,526.00,"5,260.00"
2020-11-08,2020110804000285,GIC,8,58,10,526.00,"5,260.00"
2020-11-08,2020110804000284,GIC,8,41,10,526.00,"5,260.00"
2020-11-08,2020110804000282,GIC,34,13,20,527.00,"10,540.00"
2020-11-08,2020110804000281,GIC,8,45,10,526.00,"5,260.00"
2020-11-08,2020110804000295,GIC,8,49,10,526.00,"5,260.00"
2020-11-08,2020110804000294,GIC,8,41,10,526.00,"5,260.00"
2020-11-08,2020110804000293,GIC,8,40,10,526.00,"5,260.00"
2020-11-08,2020110804000292,GIC,8,43,97,526.00,"51,022.00"
2020-11-08,2020110804000290,GIC,8,49,10,526.00,"5,260.00"
2020-11-08,2020110804000289,GIC,8,39,10,526.00,"5,260.00"
2020-11-08,2020110804000301,GIC,8,49,10,526.00,"5,260.00"
2020-11-08,2020110804000300,GIC,8,58,10,526.00,"5,260.00"
2020-11-08,2020110804000299,GIC,8,22,10,526.00,"5,260.00"
2020-11-08,2020110804000298,GIC,8,49,10,526.00,"5,260.00"
2020-11-08,2020110804000297,GIC,8,26,10,526.00,"5,260.00"
2020-11-08,2020110804000296,GIC,8,38,10,526.00,"5,260.00"
2020-11-08,2020110804000309,GIC,8,49,10,526.00,"5,260.00"
2020-11-08,2020110804000308,GIC,8,58,10,526.00,"5,260.00"
2020-11-08,2020110804000307,GIC,8,38,10,526.00,"5,260.00"
2020-11-08,2020110804000305,GIC,19,13,10,527.00,"5,270.00"
2020-11-08,2020110804000303,GIC,28,13,100,527.00,"52,700.00"
2020-11-08,2020110804000302,GIC,36,13,100,527.00,"52,700.00"
2020-11-08,2020110804000322,GIC,8,17,593,526.00,"311,918.00"
2020-11-08,2020110804000321,GIC,22,13,500,527.00,"263,500.00"
2020-11-08,2020110804000320,GIC,8,10,10,526.00,"5,260.00"
2020-11-08,2020110804000319,GIC,8,47,10,526.00,"5,260.00"
2020-11-08,2020110804000318,GIC,8,53,10,526.00,"5,260.00"
2020-11-08,2020110804000316,GIC,8,42,10,526.00,"5,260.00"
2020-11-08,2020110804000328,GIC,33,48,10,526.00,"5,260.00"
2020-11-08,2020110804000327,GIC,33,17,37,526.00,"19,462.00"
2020-11-08,2020110804000326,GIC,52,17,30,526.00,"15,780.00"
2020-11-08,2020110804000325,GIC,43,17,40,526.00,"21,040.00"
2020-11-08,2020110804000324,GIC,41,17,100,526.00,"52,600.00"
2020-11-08,2020110804000323,GIC,28,17,200,526.00,"105,200.00"
2020-11-08,2020110804000334,GIC,52,50,10,527.00,"5,270.00"
2020-11-08,2020110804000333,GIC,52,21,10,527.00,"5,270.00"
2020-11-08,2020110804000332,GIC,52,13,150,527.00,"79,050.00"
2020-11-08,2020110804000331,GIC,33,42,10,526.00,"5,260.00"
2020-11-08,2020110804000330,GIC,33,48,10,526.00,"5,260.00"
2020-11-08,2020110804000329,GIC,33,52,10,526.00,"5,260.00"
2020-11-08,2020110804000344,GIC,26,58,10,527.00,"5,270.00"
2020-11-08,2020110804000343,GIC,26,34,10,527.00,"5,270.00"
2020-11-08,2020110804000338,GIC,33,28,10,526.00,"5,260.00"
2020-11-08,2020110804000337,GIC,52,57,10,527.00,"5,270.00"
2020-11-08,2020110804000336,GIC,52,57,10,527.00,"5,270.00"
2020-11-08,2020110804000335,GIC,52,35,20,527.00,"10,540.00"
2020-11-08,2020110804000353,GIC,17,38,10,526.00,"5,260.00"
2020-11-08,2020110804000351,GIC,17,28,10,526.00,"5,260.00"
2020-11-08,2020110804000350,GIC,17,6,10,526.00,"5,260.00"
2020-11-08,2020110804000349,GIC,17,7,10,526.00,"5,260.00"
2020-11-08,2020110804000348,GIC,33,50,10,526.00,"5,260.00"
2020-11-08,2020110804000345,GIC,19,50,10,527.00,"5,270.00"
2020-11-08,2020110804000369,GIC,17,14,10,526.00,"5,260.00"
2020-11-08,2020110804000368,GIC,17,6,10,526.00,"5,260.00"
2020-11-08,2020110804000367,GIC,17,36,10,526.00,"5,260.00"
2020-11-08,2020110804000364,GIC,17,39,10,526.00,"5,260.00"
2020-11-08,2020110804000358,GIC,34,19,10,527.00,"5,270.00"
2020-11-08,2020110804000354,GIC,17,50,10,526.00,"5,260.00"
2020-11-08,2020110804000381,GIC,17,58,10,526.00,"5,260.00"
2020-11-08,2020110804000380,GIC,17,26,10,526.00,"5,260.00"
2020-11-08,2020110804000377,GIC,17,54,10,526.00,"5,260.00"
2020-11-08,2020110804000376,GIC,17,39,10,526.00,"5,260.00"
2020-11-08,2020110804000373,GIC,17,16,10,526.00,"5,260.00"
2020-11-08,2020110804000372,GIC,34,57,10,527.00,"5,270.00"
2020-11-08,2020110804000390,GIC,17,49,10,526.00,"5,260.00"
2020-11-08,2020110804000389,GIC,17,45,10,526.00,"5,260.00"
2020-11-08,2020110804000388,GIC,48,57,10,527.00,"5,270.00"
2020-11-08,2020110804000386,GIC,48,58,10,527.00,"5,270.00"
2020-11-08,2020110804000385,GIC,48,52,10,527.00,"5,270.00"
2020-11-08,2020110804000384,GIC,48,19,10,527.00,"5,270.00"
2020-11-08,2020110804000400,GIC,17,6,10,526.00,"5,260.00"
2020-11-08,2020110804000399,GIC,17,35,10,526.00,"5,260.00"
2020-11-08,2020110804000398,GIC,17,29,10,526.00,"5,260.00"
2020-11-08,2020110804000396,GIC,17,21,10,526.00,"5,260.00"
2020-11-08,2020110804000394,GIC,17,21,10,526.00,"5,260.00"
2020-11-08,2020110804000393,GIC,17,6,10,526.00,"5,260.00"
2020-11-08,2020110804000417,GIC,17,55,10,526.00,"5,260.00"
2020-11-08,2020110804000416,GIC,17,58,10,526.00,"5,260.00"
2020-11-08,2020110804000415,GIC,17,55,10,526.00,"5,260.00"
2020-11-08,2020110804000412,GIC,17,41,10,526.00,"5,260.00"
2020-11-08,2020110804000406,GIC,17,35,10,526.00,"5,260.00"
2020-11-08,2020110804000405,GIC,17,35,10,526.00,"5,260.00"
2020-11-08,2020110804000424,GIC,17,57,10,526.00,"5,260.00"
2020-11-08,2020110804000422,GIC,17,16,10,526.00,"5,260.00"
2020-11-08,2020110804000421,GIC,41,26,10,527.00,"5,270.00"
2020-11-08,2020110804000420,GIC,41,6,10,527.00,"5,270.00"
2020-11-08,2020110804000419,GIC,41,6,10,527.00,"5,270.00"
2020-11-08,2020110804000418,GIC,41,6,10,527.00,"5,270.00"
2020-11-08,2020110804000441,GIC,17,34,10,526.00,"5,260.00"
2020-11-08,2020110804000440,GIC,17,17,10,526.00,"5,260.00"
2020-11-08,2020110804000439,GIC,17,17,10,526.00,"5,260.00"
2020-11-08,2020110804000433,GIC,17,58,10,526.00,"5,260.00"
2020-11-08,2020110804000429,GIC,17,28,10,526.00,"5,260.00"
2020-11-08,2020110804000427,GIC,17,58,10,526.00,"5,260.00"
2020-11-08,2020110804000448,GIC,17,45,10,526.00,"5,260.00"
2020-11-08,2020110804000447,GIC,17,50,10,526.00,"5,260.00"
2020-11-08,2020110804000446,GIC,17,38,10,526.00,"5,260.00"
2020-11-08,2020110804000445,GIC,17,58,10,526.00,"5,260.00"
2020-11-08,2020110804000443,GIC,17,45,10,526.00,"5,260.00"
2020-11-08,2020110804000442,GIC,17,7,10,526.00,"5,260.00"
2020-11-08,2020110804000462,GIC,17,45,10,526.00,"5,260.00"
2020-11-08,2020110804000459,GIC,17,58,10,526.00,"5,260.00"
2020-11-08,2020110804000456,GIC,17,42,10,526.00,"5,260.00"
2020-11-08,2020110804000453,GIC,17,39,10,526.00,"5,260.00"
2020-11-08,2020110804000451,GIC,17,28,10,526.00,"5,260.00"
2020-11-08,2020110804000450,GIC,17,6,10,526.00,"5,260.00"
2020-11-08,2020110804000471,GIC,22,25,10,527.00,"5,270.00"
2020-11-08,2020110804000470,GIC,22,58,10,527.00,"5,270.00"
2020-11-08,2020110804000469,GIC,17,58,10,526.00,"5,260.00"
2020-11-08,2020110804000468,GIC,17,6,10,526.00,"5,260.00"
2020-11-08,2020110804000466,GIC,17,28,10,526.00,"5,260.00"
2020-11-08,2020110804000463,GIC,17,45,10,526.00,"5,260.00"
2020-11-08,2020110804000478,GIC,22,32,10,527.00,"5,270.00"
2020-11-08,2020110804000477,GIC,22,58,10,527.00,"5,270.00"
2020-11-08,2020110804000476,GIC,22,49,10,527.00,"5,270.00"
2020-11-08,2020110804000474,GIC,22,38,10,527.00,"5,270.00"
2020-11-08,2020110804000473,GIC,22,58,10,527.00,"5,270.00"
2020-11-08,2020110804000472,GIC,22,17,10,527.00,"5,270.00"
2020-11-08,2020110804000488,GIC,21,45,10,527.00,"5,270.00"
2020-11-08,2020110804000487,GIC,21,38,10,527.00,"5,270.00"
2020-11-08,2020110804000486,GIC,21,41,10,527.00,"5,270.00"
2020-11-08,2020110804000485,GIC,21,34,10,527.00,"5,270.00"
2020-11-08,2020110804000484,GIC,22,6,10,527.00,"5,270.00"
2020-11-08,2020110804000483,GIC,22,16,10,527.00,"5,270.00"
2020-11-08,2020110804000495,GIC,44,42,10,528.00,"5,280.00"
2020-11-08,2020110804000494,GIC,44,36,50,528.00,"26,400.00"
2020-11-08,2020110804000493,GIC,44,42,10,528.00,"5,280.00"
2020-11-08,2020110804000492,GIC,44,49,10,528.00,"5,280.00"
2020-11-08,2020110804000491,GIC,44,22,10,528.00,"5,280.00"
2020-11-08,2020110804000489,GIC,44,56,10,527.00,"5,270.00"
2020-11-08,2020110804000505,GIC,49,58,10,528.00,"5,280.00"
2020-11-08,2020110804000504,GIC,49,17,10,528.00,"5,280.00"
2020-11-08,2020110804000501,GIC,44,51,10,527.00,"5,270.00"
2020-11-08,2020110804000500,GIC,44,56,10,527.00,"5,270.00"
2020-11-08,2020110804000498,GIC,44,21,10,527.00,"5,270.00"
2020-11-08,2020110804000496,GIC,44,21,10,528.00,"5,280.00"
2020-11-08,2020110804000517,GIC,49,39,10,528.00,"5,280.00"
2020-11-08,2020110804000516,GIC,49,42,10,528.00,"5,280.00"
2020-11-08,2020110804000512,GIC,49,45,10,528.00,"5,280.00"
2020-11-08,2020110804000508,GIC,49,45,10,528.00,"5,280.00"
2020-11-08,2020110804000507,GIC,49,38,10,528.00,"5,280.00"
2020-11-08,2020110804000506,GIC,49,58,10,528.00,"5,280.00"
2020-11-08,2020110804000531,GIC,49,47,10,528.00,"5,280.00"
2020-11-08,2020110804000530,GIC,49,45,10,528.00,"5,280.00"
2020-11-08,2020110804000524,GIC,49,25,10,528.00,"5,280.00"
2020-11-08,2020110804000523,GIC,49,39,10,528.00,"5,280.00"
2020-11-08,2020110804000520,GIC,49,42,10,528.00,"5,280.00"
2020-11-08,2020110804000518,GIC,49,56,10,528.00,"5,280.00"
2020-11-08,2020110804000538,GIC,49,58,10,528.00,"5,280.00"
2020-11-08,2020110804000537,GIC,49,39,10,528.00,"5,280.00"
2020-11-08,2020110804000535,GIC,49,45,10,528.00,"5,280.00"
2020-11-08,2020110804000534,GIC,49,42,10,528.00,"5,280.00"
2020-11-08,2020110804000533,GIC,49,47,10,528.00,"5,280.00"
2020-11-08,2020110804000532,GIC,49,34,10,528.00,"5,280.00"
2020-11-08,2020110804000546,GIC,44,57,10,529.00,"5,290.00"
2020-11-08,2020110804000545,GIC,44,52,10,529.00,"5,290.00"
2020-11-08,2020110804000544,GIC,44,51,10,529.00,"5,290.00"
2020-11-08,2020110804000543,GIC,44,38,10,529.00,"5,290.00"
2020-11-08,2020110804000542,GIC,44,44,10,529.00,"5,290.00"
2020-11-08,2020110804000541,GIC,44,51,10,529.00,"5,290.00"
2020-11-08,2020110804000552,GIC,44,38,10,530.00,"5,300.00"
2020-11-08,2020110804000551,GIC,44,52,10,530.00,"5,300.00"
2020-11-08,2020110804000550,GIC,49,22,10,528.00,"5,280.00"
2020-11-08,2020110804000549,GIC,49,7,10,528.00,"5,280.00"
2020-11-08,2020110804000548,GIC,49,45,10,528.00,"5,280.00"
2020-11-08,2020110804000547,GIC,49,39,10,528.00,"5,280.00"
2020-11-08,2020110804000558,GIC,44,52,10,530.00,"5,300.00"
2020-11-08,2020110804000557,GIC,44,19,10,530.00,"5,300.00"
2020-11-08,2020110804000556,GIC,44,58,10,530.00,"5,300.00"
2020-11-08,2020110804000555,GIC,44,21,10,530.00,"5,300.00"
2020-11-08,2020110804000554,GIC,44,42,10,530.00,"5,300.00"
2020-11-08,2020110804000553,GIC,44,58,10,530.00,"5,300.00"
2020-11-08,2020110804000564,GIC,44,58,10,530.00,"5,300.00"
2020-11-08,2020110804000563,GIC,44,42,10,530.00,"5,300.00"
2020-11-08,2020110804000562,GIC,44,42,10,530.00,"5,300.00"
2020-11-08,2020110804000561,GIC,44,58,10,530.00,"5,300.00"
2020-11-08,2020110804000560,GIC,44,49,10,530.00,"5,300.00"
2020-11-08,2020110804000559,GIC,44,19,10,530.00,"5,300.00"
2020-11-08,2020110804000570,GIC,44,45,10,530.00,"5,300.00"
2020-11-08,2020110804000569,GIC,44,46,10,530.00,"5,300.00"
2020-11-08,2020110804000568,GIC,44,36,10,530.00,"5,300.00"
2020-11-08,2020110804000567,GIC,44,49,10,530.00,"5,300.00"
2020-11-08,2020110804000566,GIC,44,6,10,530.00,"5,300.00"
2020-11-08,2020110804000565,GIC,44,49,10,530.00,"5,300.00"
2020-11-08,2020110804000576,GIC,44,41,10,530.00,"5,300.00"
2020-11-08,2020110804000575,GIC,44,57,10,530.00,"5,300.00"
2020-11-08,2020110804000574,GIC,44,52,10,530.00,"5,300.00"
2020-11-08,2020110804000573,GIC,44,42,10,530.00,"5,300.00"
2020-11-08,2020110804000572,GIC,44,55,10,530.00,"5,300.00"
2020-11-08,2020110804000571,GIC,44,41,10,530.00,"5,300.00"
2020-11-08,2020110804000582,GIC,44,46,440,530.00,"233,200.00"
2020-11-08,2020110804000581,GIC,44,29,10,530.00,"5,300.00"
2020-11-08,2020110804000580,GIC,44,21,10,530.00,"5,300.00"
2020-11-08,2020110804000579,GIC,44,42,10,530.00,"5,300.00"
2020-11-08,2020110804000578,GIC,44,58,10,530.00,"5,300.00"
2020-11-08,2020110804000577,GIC,44,5,10,530.00,"5,300.00"
2020-11-08,2020110804000588,GIC,44,19,10,530.00,"5,300.00"
2020-11-08,2020110804000587,GIC,44,45,10,530.00,"5,300.00"
2020-11-08,2020110804000586,GIC,44,46,10,530.00,"5,300.00"
2020-11-08,2020110804000585,GIC,44,41,10,530.00,"5,300.00"
2020-11-08,2020110804000584,GIC,44,42,10,530.00,"5,300.00"
2020-11-08,2020110804000583,GIC,44,34,10,530.00,"5,300.00"
2020-11-08,2020110804000594,GIC,44,26,10,530.00,"5,300.00"
2020-11-08,2020110804000593,GIC,44,34,10,530.00,"5,300.00"
2020-11-08,2020110804000592,GIC,44,35,10,530.00,"5,300.00"
2020-11-08,2020110804000591,GIC,44,17,10,530.00,"5,300.00"
2020-11-08,2020110804000590,GIC,44,41,10,530.00,"5,300.00"
2020-11-08,2020110804000589,GIC,44,35,10,530.00,"5,300.00"
2020-11-08,2020110804000604,GIC,49,45,10,528.00,"5,280.00"
2020-11-08,2020110804000603,GIC,49,14,10,528.00,"5,280.00"
2020-11-08,2020110804000602,GIC,49,38,10,528.00,"5,280.00"
2020-11-08,2020110804000598,GIC,49,38,10,528.00,"5,280.00"
2020-11-08,2020110804000597,GIC,21,29,10,529.00,"5,290.00"
2020-11-08,2020110804000595,GIC,43,39,10,529.00,"5,290.00"
2020-11-08,2020110804000617,GIC,41,22,10,528.00,"5,280.00"
2020-11-08,2020110804000615,GIC,49,16,10,528.00,"5,280.00"
2020-11-08,2020110804000614,GIC,17,38,10,529.00,"5,290.00"
2020-11-08,2020110804000611,GIC,49,49,10,528.00,"5,280.00"
2020-11-08,2020110804000606,GIC,49,14,10,528.00,"5,280.00"
2020-11-08,2020110804000605,GIC,43,46,10,529.00,"5,290.00"
2020-11-08,2020110804000613,GIMES1,5,49,"1,000",10.24,"10,240.00"
2020-11-08,2020110804000497,GIMES1,49,49,"1,000",10.20,"10,200.00"
2020-11-08,2020110804000481,GIMES1,49,48,"1,000",10.20,"10,200.00"
2020-11-08,2020110804000387,GIMES1,49,58,"3,000",10.10,"30,300.00"
2020-11-08,2020110804000383,GIMES1,21,58,"1,000",10.10,"10,100.00"
2020-11-08,2020110804000375,GIMES1,57,58,"1,000",10.10,"10,100.00"
2020-11-08,2020110804000219,GIMES1,38,34,319,10.00,"3,190.00"
2020-11-08,2020110804000438,LEMF,6,57,"3,000",9.69,"29,070.00"
2020-11-08,2020110804000437,LEMF,6,42,"1,100",9.65,"10,615.00"
2020-11-08,2020110804000436,LEMF,6,39,475,9.65,"4,583.75"
2020-11-08,2020110804000435,LEMF,6,46,"5,000",9.60,"48,000.00"
2020-11-08,2020110804000434,LEMF,6,32,100,9.55,955.00
2020-11-08,2020110804000515,LUK,28,57,"4,900",9.35,"45,815.00"
2020-11-08,2020110804000514,LUK,28,32,100,9.28,928.00
2020-11-08,2020110804000432,LUK,57,57,100,9.46,946.00
2020-11-08,2020110804000404,LUK,57,35,"10,000",9.28,"92,800.00"
2020-11-08,2020110804000403,LUK,57,58,"10,000",9.25,"92,500.00"
2020-11-08,2020110804000402,LUK,57,56,400,9.25,"3,700.00"
2020-11-08,2020110804000401,LUK,57,28,"1,000",9.24,"9,240.00"
2020-11-08,2020110804000607,NBF2,11,49,"4,000",9.55,"38,200.00"
2020-11-08,2020110804000529,NBF2,35,45,500,9.69,"4,845.00"
2020-11-08,2020110804000528,NBF2,35,49,300,9.69,"2,907.00"
2020-11-08,2020110804000527,NBF2,35,41,"3,450",9.69,"33,430.50"
2020-11-08,2020110804000526,NBF2,35,57,500,9.69,"4,845.00"
2020-11-08,2020110804000525,NBF2,35,45,200,9.67,"1,934.00"
2020-11-08,2020110804000431,NBF2,35,57,"2,500",9.60,"24,000.00"
2020-11-08,2020110804000430,NBF2,35,57,"1,000",9.60,"9,600.00"
2020-11-08,2020110804000480,NBF2,6,45,"10,000",9.60,"96,000.00"
2020-11-08,2020110804000408,NEF,6,46,"2,115",9.79,"20,705.85"
2020-11-08,2020110804000407,NEF,6,43,"7,885",9.79,"77,194.15"
2020-11-08,2020110804000342,NEF,36,34,"1,207",9.60,"11,587.20"
2020-11-08,2020110804000216,NEF,55,14,414,9.60,"3,974.40"
2020-11-08,2020110804000211,NEF,55,14,"1,207",9.50,"11,466.50"
2020-11-08,2020110804000199,NEF,55,5,"1,207",9.50,"11,466.50"
2020-11-08,2020110804000198,NEF,55,34,"1,207",9.50,"11,466.50"
2020-11-08,2020110804000499,NIBLPF,47,7,100,9.89,989.00
2020-11-08,2020110804000144,NIBLPF,57,26,505,9.70,"4,898.50"
2020-11-08,2020110804000143,NIBLPF,57,26,505,9.70,"4,898.50"
2020-11-08,2020110804000513,NIBPO,13,58,110,370.00,"40,700.00"
2020-11-08,2020110804000511,NIBPO,39,58,"1,000",370.00,"370,000.00"
2020-11-08,2020110804000510,NIBPO,8,58,100,370.00,"37,000.00"
2020-11-08,2020110804000509,NIBPO,7,58,790,371.00,"293,090.00"
2020-11-08,2020110804000482,NIBPO,39,44,27,373.00,"10,071.00"
2020-11-08,2020110804000423,NIBPO,28,58,"1,000",375.00,"375,000.00"
2020-11-08,2020110804000379,NIBPO,39,58,42,375.00,"15,750.00"
2020-11-08,2020110804000340,NIBPO,7,49,10,376.00,"3,760.00"
2020-11-08,2020110804000370,NIBSF1,19,34,"1,527",10.00,"15,270.00"
2020-11-08,2020110804000203,NICBF,22,26,300,9.70,"2,910.00"
2020-11-08,2020110804000522,NICGF,11,42,500,10.00,"5,000.00"
2020-11-08,2020110804000458,NICGF,49,42,"1,000",9.98,"9,980.00"
2020-11-08,2020110804000428,NICGF,57,45,300,10.00,"3,000.00"
2020-11-08,2020110804000392,NICGF,22,48,"4,300",9.97,"42,871.00"
2020-11-08,2020110804000382,NICGF,22,44,100,9.97,997.00
2020-11-08,2020110804000275,NICGF,22,48,"1,700",9.97,"16,949.00"
2020-11-08,2020110804000154,NICGF,34,53,300,9.95,"2,985.00"
2020-11-08,2020110804000444,NMB50,41,45,100,9.50,950.00
2020-11-08,2020110804000190,NMB50,22,57,"1,000",9.46,"9,460.00"
2020-11-08,2020110804000314,PRVUPO,6,16,"5,950",130.00,"773,500.00"
2020-11-08,2020110804000519,RBCLPO,59,32,20,"12,138.00","242,760.00"
2020-11-08,2020110804000208,RBCLPO,33,34,10,"12,138.00","121,380.00"
2020-11-08,2020110804000178,RBCLPO,26,17,10,"11,900.00","119,000.00"
2020-11-08,2020110804000177,RBCLPO,37,44,10,"11,950.00","119,500.00"
2020-11-08,2020110804000161,RBCLPO,33,32,75,"11,900.00","892,500.00"
2020-11-08,2020110804000155,RBCLPO,50,32,20,"11,900.00","238,000.00"
2020-11-08,2020110804000625,SAEF,51,41,500,10.41,"5,205.00"
2020-11-08,2020110804000624,SAEF,51,47,200,10.41,"2,082.00"
2020-11-08,2020110804000623,SAEF,47,47,"1,000",10.42,"10,420.00"
2020-11-08,2020110804000622,SAEF,47,47,"2,000",10.42,"20,840.00"
2020-11-08,2020110804000621,SAEF,47,47,"2,000",10.42,"20,840.00"
2020-11-08,2020110804000620,SAEF,47,47,"2,000",10.42,"20,840.00"
2020-11-08,2020110804000452,SAEF,55,45,690,10.43,"7,196.70"
2020-11-08,2020110804000395,SAEF,18,51,"1,000",10.44,"10,440.00"
2020-11-08,2020110804000347,SAEF,4,49,"1,000",10.44,"10,440.00"
2020-11-08,2020110804000200,SAEF,49,49,"5,000",10.50,"52,500.00"
2020-11-08,2020110804000599,SAEF,58,42,"1,000",10.42,"10,420.00"
2020-11-08,2020110804000490,SAEF,51,57,"2,000",10.41,"20,820.00"
2020-11-08,2020110804000479,SAEF,51,51,490,10.41,"5,100.90"
2020-11-08,2020110804000475,SAEF,22,51,"9,310",10.42,"97,010.20"
2020-11-08,2020110804000455,SAEF,22,42,690,10.42,"7,189.80"
2020-11-08,2020110804000454,SAEF,55,42,310,10.43,"3,233.30"
2020-11-08,2020110804000619,SAEF,47,47,"2,000",10.42,"20,840.00"
2020-11-08,2020110804000618,SAEF,47,47,800,10.42,"8,336.00"
2020-11-08,2020110804000612,SAEF,47,16,200,10.42,"2,084.00"
2020-11-08,2020110804000610,SAEF,47,49,"1,000",10.42,"10,420.00"
2020-11-08,2020110804000609,SAEF,47,49,500,10.42,"5,210.00"
2020-11-08,2020110804000600,SAEF,47,42,"1,500",10.42,"15,630.00"
2020-11-08,2020110804000426,SEF,45,48,700,9.93,"6,951.00"
2020-11-08,2020110804000425,SEF,18,48,"1,000",9.94,"9,940.00"
2020-11-08,2020110804000363,SEF,45,52,"34,700",10.00,"347,000.00"
2020-11-08,2020110804000362,SEF,45,41,"1,000",9.99,"9,990.00"
2020-11-08,2020110804000361,SEF,45,51,"11,000",9.99,"109,890.00"
2020-11-08,2020110804000360,SEF,45,56,"2,000",9.98,"19,960.00"
2020-11-08,2020110804000283,SEF,41,43,500,9.95,"4,975.00"
2020-11-08,2020110804000280,SEF,41,48,"4,300",9.95,"42,785.00"
2020-11-08,2020110804000142,SEF,22,58,"7,900",9.99,"78,921.00"
2020-11-08,2020110804000359,SEF,45,43,"1,300",9.94,"12,922.00"
2020-11-08,2020110804000346,SEF,22,34,"10,000",9.92,"99,200.00"
2020-11-08,2020110804000317,SEF,35,6,"5,000",9.94,"49,700.00"
2020-11-08,2020110804000312,SEF,5,6,700,9.95,"6,965.00"
2020-11-08,2020110804000311,SEF,5,43,300,9.95,"2,985.00"
2020-11-08,2020110804000310,SEF,41,43,200,9.95,"1,990.00"
2020-11-08,2020110804000536,SFMF,50,52,100,9.79,979.00
2020-11-08,2020110804000633,SGI,48,7,10,413.00,"4,130.00"
2020-11-08,2020110804000465,SGI,48,36,10,413.00,"4,130.00"
2020-11-08,2020110804000371,SGI,48,43,10,413.00,"4,130.00"
2020-11-08,2020110804000306,SGI,48,40,10,413.00,"4,130.00"
2020-11-08,2020110804000279,SGI,48,40,10,413.00,"4,130.00"
2020-11-08,2020110804000616,STC,40,49,300,"4,185.00","1,255,500.00"
2020-11-08,2020110804000608,STC,40,55,121,"4,184.00","506,264.00"
2020-11-08,2020110804000601,STC,7,55,50,"4,184.00","209,200.00"
2020-11-08,2020110804000596,STC,6,55,80,"4,184.00","334,720.00"
2020-11-08,2020110804000540,STC,19,52,10,"4,180.00","41,800.00"
2020-11-08,2020110804000539,STC,19,1,13,"4,179.00","54,327.00"
2020-11-08,2020110804000182,STC,59,3,90,"4,075.00","366,750.00"
2020-11-08,2020110804000179,STC,34,3,10,"4,075.00","40,750.00"
2020-11-08,2020110804000160,STC,19,34,30,"4,079.00","122,370.00"
2020-11-08,2020110804000139,STC,45,3,50,"4,000.00","200,000.00"
2020-11-08,2020110804000235,STC,58,3,12,"4,100.00","49,200.00"
2020-11-08,2020110804000226,STC,28,28,100,"4,102.00","410,200.00"
2020-11-08,2020110804000192,STC,33,57,30,"4,100.00","123,000.00"
2020-11-08,2020110804000191,STC,19,57,20,"4,100.00","82,000.00"
2020-11-08,2020110804000189,STC,33,57,28,"4,100.00","114,800.00"
2020-11-08,2020110804000188,STC,33,3,50,"4,099.00","204,950.00"
2020-11-08,2020110804000241,STC,28,28,38,"4,100.00","155,800.00"
2020-11-08,2020110804000240,STC,28,28,62,"4,100.00","254,200.00"
2020-11-08,2020110804000239,STC,28,28,38,"4,100.00","155,800.00"
2020-11-08,2020110804000238,STC,28,28,62,"4,100.00","254,200.00"
2020-11-08,2020110804000237,STC,33,28,100,"4,100.00","410,000.00"
2020-11-08,2020110804000236,STC,28,3,38,"4,100.00","155,800.00"
2020-11-08,2020110804000259,STC,33,34,30,"4,181.00","125,430.00"
2020-11-08,2020110804000258,STC,33,3,50,"4,180.00","209,000.00"
2020-11-08,2020110804000253,STC,41,34,10,"4,181.00","41,810.00"
2020-11-08,2020110804000244,STC,28,3,50,"4,100.00","205,000.00"
2020-11-08,2020110804000243,STC,28,28,38,"4,100.00","155,800.00"
2020-11-08,2020110804000242,STC,28,28,62,"4,100.00","254,200.00"
2020-11-08,2020110804000313,STC,28,28,100,"4,103.00","410,300.00"
2020-11-08,2020110804000304,STC,28,28,100,"4,103.00","410,300.00"
2020-11-08,2020110804000291,STC,28,28,100,"4,101.00","410,100.00"
2020-11-08,2020110804000286,STC,28,28,100,"4,101.00","410,100.00"
2020-11-08,2020110804000265,STC,48,3,80,"4,184.00","334,720.00"
2020-11-08,2020110804000261,STC,48,51,50,"4,184.00","209,200.00"
2020-11-08,2020110804000521,STC,40,34,10,"4,160.00","41,600.00"
2020-11-08,2020110804000467,STC,5,41,10,"4,150.00","41,500.00"
2020-11-08,2020110804000378,STC,45,25,10,"4,102.00","41,020.00"
2020-11-08,2020110804000374,STC,45,10,10,"4,120.00","41,200.00"
2020-11-08,2020110804000355,STC,41,35,14,"4,103.00","57,442.00"
2020-11-08,2020110804000341,STC,28,28,100,"4,104.00","410,400.00"
2020-11-08,2020110803013597,ALBSL,1,58,10,860.00,"8,600.00"
2020-11-08,2020110803013596,ALBSL,1,45,10,857.00,"8,570.00"
2020-11-08,2020110803013443,ALBSL,1,35,13,859.00,"11,167.00"
2020-11-08,2020110803013442,ALBSL,1,29,11,859.00,"9,449.00"
2020-11-08,2020110803013441,ALBSL,1,1,120,858.00,"102,960.00"
2020-11-08,2020110803013440,ALBSL,1,57,111,857.00,"95,127.00"
2020-11-08,2020110803013600,ALICL,4,45,500,757.00,"378,500.00"
2020-11-08,2020110803013505,ALICL,4,4,200,757.00,"151,400.00"
2020-11-08,2020110804000118,BBC,19,49,100,"2,174.00","217,400.00"
2020-11-08,2020110804000089,BBC,51,50,10,"2,218.00","22,180.00"
2020-11-08,2020110804000021,BBC,33,52,10,"2,263.00","22,630.00"
2020-11-08,2020110804000012,BBC,26,58,10,"2,309.00","23,090.00"
2020-11-08,2020110803013512,BFC,1,34,14,146.00,"2,044.00"
2020-11-08,2020110803013473,BFC,49,45,"1,600",145.00,"232,000.00"
2020-11-08,2020110803013687,CBBL,4,56,200,"1,186.00","237,200.00"
2020-11-08,2020110803013632,CBBL,4,16,117,"1,186.00","138,762.00"
2020-11-08,2020110803013628,CFCL,4,55,10,170.00,"1,700.00"
2020-11-08,2020110803013678,CIT,16,11,21,"3,840.00","80,640.00"
2020-11-08,2020110803013651,CIT,59,11,14,"3,840.00","53,760.00"
2020-11-08,2020110803013647,CIT,45,11,15,"3,840.00","57,600.00"
2020-11-08,2020110803013509,CIT,41,6,16,"3,838.00","61,408.00"
2020-11-08,2020110803013508,CIT,53,6,10,"3,838.00","38,380.00"
2020-11-08,2020110803013507,CIT,59,6,14,"3,840.00","53,760.00"
2020-11-08,2020110803013387,CIT,28,34,196,"3,838.00","752,248.00"
2020-11-08,2020110803013343,CIT,34,36,15,"3,835.00","57,525.00"
2020-11-08,2020110803013393,CIT,28,7,50,"3,850.00","192,500.00"
2020-11-08,2020110803013392,CIT,28,4,100,"3,850.00","385,000.00"
2020-11-08,2020110803013391,CIT,28,45,76,"3,845.00","292,220.00"
2020-11-08,2020110803013390,CIT,28,46,10,"3,845.00","38,450.00"
2020-11-08,2020110803013389,CIT,28,51,20,"3,840.00","76,800.00"
2020-11-08,2020110803013388,CIT,28,19,10,"3,840.00","38,400.00"
2020-11-08,2020110803013399,CIT,28,36,10,"3,850.00","38,500.00"
2020-11-08,2020110803013398,CIT,28,26,12,"3,850.00","46,200.00"
2020-11-08,2020110803013397,CIT,28,11,10,"3,850.00","38,500.00"
2020-11-08,2020110803013396,CIT,28,58,20,"3,850.00","77,000.00"
2020-11-08,2020110803013395,CIT,28,32,11,"3,850.00","42,350.00"
2020-11-08,2020110803013394,CIT,28,17,20,"3,850.00","77,000.00"
2020-11-08,2020110803013501,CIT,26,5,15,"3,840.00","57,600.00"
2020-11-08,2020110803013456,CIT,45,36,85,"3,835.00","325,975.00"
2020-11-08,2020110803013455,CIT,48,36,15,"3,835.00","57,525.00"
2020-11-08,2020110803013402,CIT,28,45,30,"3,850.00","115,500.00"
2020-11-08,2020110803013401,CIT,28,5,55,"3,850.00","211,750.00"
2020-11-08,2020110803013400,CIT,28,5,65,"3,850.00","250,250.00"
2020-11-08,2020110804000124,CMF1,43,58,500,10.09,"5,045.00"
2020-11-08,2020110803013660,DDBL,19,57,30,993.00,"29,790.00"
2020-11-08,2020110803013659,DDBL,19,11,20,993.00,"19,860.00"
2020-11-08,2020110803013645,DDBL,52,6,30,992.00,"29,760.00"
2020-11-08,2020110803013558,DDBL,48,53,200,991.00,"198,200.00"
2020-11-08,2020110803013557,DDBL,14,53,20,991.00,"19,820.00"
2020-11-08,2020110803013424,DDBL,52,6,70,992.00,"69,440.00"
2020-11-08,2020110803013417,DDBL,52,1,15,992.00,"14,880.00"
2020-11-08,2020110803013416,DDBL,43,1,55,992.00,"54,560.00"
2020-11-08,2020110803013406,DDBL,43,45,100,992.00,"99,200.00"
2020-11-08,2020110803013354,DDBL,43,47,60,992.00,"59,520.00"
2020-11-08,2020110803013353,DDBL,43,28,85,992.00,"84,320.00"
2020-11-08,2020110803013539,FMDBL,44,48,211,611.00,"128,921.00"
2020-11-08,2020110803013439,FMDBL,44,43,200,611.00,"122,200.00"
2020-11-08,2020110803013380,FMDBL,48,16,15,612.00,"9,180.00"
2020-11-08,2020110803013689,FOWAD,26,55,55,"1,591.00","87,505.00"
2020-11-08,2020110803013688,FOWAD,41,55,35,"1,593.00","55,755.00"
2020-11-08,2020110803013535,GBBL,19,4,200,266.00,"53,200.00"
2020-11-08,2020110803013534,GBBL,13,4,375,266.00,"99,750.00"
2020-11-08,2020110803013533,GBBL,18,4,400,266.00,"106,400.00"
2020-11-08,2020110803013532,GBBL,36,4,200,266.00,"53,200.00"
2020-11-08,2020110803013531,GBBL,35,4,200,266.00,"53,200.00"
2020-11-08,2020110803013530,GBBL,41,4,50,266.00,"13,300.00"
2020-11-08,2020110803013529,GBBL,32,4,900,266.00,"239,400.00"
2020-11-08,2020110803013348,GBBL,57,1,50,267.00,"13,350.00"
2020-11-08,2020110803013347,GBBL,57,45,950,267.00,"253,650.00"
2020-11-08,2020110803013658,GBLBS,29,38,20,543.00,"10,860.00"
2020-11-08,2020110803013657,GBLBS,29,6,15,543.00,"8,145.00"
2020-11-08,2020110803013656,GBLBS,29,44,15,543.00,"8,145.00"
2020-11-08,2020110803013480,GBLBS,33,34,"1,000",540.00,"540,000.00"
2020-11-08,2020110804000132,GIC,58,45,10,529.00,"5,290.00"
2020-11-08,2020110804000131,GIC,58,45,10,529.00,"5,290.00"
2020-11-08,2020110804000121,GIC,25,13,10,529.00,"5,290.00"
2020-11-08,2020110804000116,GIC,22,45,10,530.00,"5,300.00"
2020-11-08,2020110804000115,GIC,34,42,10,530.00,"5,300.00"
2020-11-08,2020110804000114,GIC,34,47,10,530.00,"5,300.00"
2020-11-08,2020110804000005,GIC,36,42,10,540.00,"5,400.00"
2020-11-08,2020110804000004,GIC,36,51,10,540.00,"5,400.00"
2020-11-08,2020110804000003,GIC,36,42,10,540.00,"5,400.00"
2020-11-08,2020110804000002,GIC,36,39,10,535.00,"5,350.00"
2020-11-08,2020110804000001,GIC,36,4,10,530.00,"5,300.00"
2020-11-08,2020110804000011,GIC,56,52,20,559.00,"11,180.00"
2020-11-08,2020110804000010,GIC,21,34,10,550.00,"5,500.00"
2020-11-08,2020110804000009,GIC,21,50,50,550.00,"27,500.00"
2020-11-08,2020110804000008,GIC,21,52,10,550.00,"5,500.00"
2020-11-08,2020110804000007,GIC,36,29,10,540.00,"5,400.00"
2020-11-08,2020110804000006,GIC,36,44,10,540.00,"5,400.00"
2020-11-08,2020110804000024,GIC,7,56,10,529.00,"5,290.00"
2020-11-08,2020110804000023,GIC,52,38,10,529.00,"5,290.00"
2020-11-08,2020110804000022,GIC,52,21,10,529.00,"5,290.00"
2020-11-08,2020110804000020,GIC,49,42,10,539.00,"5,390.00"
2020-11-08,2020110804000019,GIC,49,38,10,539.00,"5,390.00"
2020-11-08,2020110804000014,GIC,11,49,10,548.00,"5,480.00"
2020-11-08,2020110804000031,GIC,7,21,10,529.00,"5,290.00"
2020-11-08,2020110804000030,GIC,7,58,10,529.00,"5,290.00"
2020-11-08,2020110804000029,GIC,7,58,10,529.00,"5,290.00"
2020-11-08,2020110804000027,GIC,7,45,10,529.00,"5,290.00"
2020-11-08,2020110804000026,GIC,7,38,10,529.00,"5,290.00"
2020-11-08,2020110804000025,GIC,7,21,10,529.00,"5,290.00"
2020-11-08,2020110804000037,GIC,38,17,10,529.00,"5,290.00"
2020-11-08,2020110804000036,GIC,38,52,10,529.00,"5,290.00"
2020-11-08,2020110804000035,GIC,38,58,10,529.00,"5,290.00"
2020-11-08,2020110804000034,GIC,7,49,10,529.00,"5,290.00"
2020-11-08,2020110804000033,GIC,7,49,10,529.00,"5,290.00"
2020-11-08,2020110804000032,GIC,7,22,10,529.00,"5,290.00"
2020-11-08,2020110804000043,GIC,51,42,10,529.00,"5,290.00"
2020-11-08,2020110804000042,GIC,51,43,10,529.00,"5,290.00"
2020-11-08,2020110804000041,GIC,51,52,10,529.00,"5,290.00"
2020-11-08,2020110804000040,GIC,51,34,10,529.00,"5,290.00"
2020-11-08,2020110804000039,GIC,38,49,10,529.00,"5,290.00"
2020-11-08,2020110804000038,GIC,38,52,10,529.00,"5,290.00"
2020-11-08,2020110804000051,GIC,38,56,10,530.00,"5,300.00"
2020-11-08,2020110804000050,GIC,11,21,10,529.00,"5,290.00"
2020-11-08,2020110804000049,GIC,11,58,10,529.00,"5,290.00"
2020-11-08,2020110804000046,GIC,11,21,10,529.00,"5,290.00"
2020-11-08,2020110804000045,GIC,11,6,10,529.00,"5,290.00"
2020-11-08,2020110804000044,GIC,51,45,10,529.00,"5,290.00"
2020-11-08,2020110804000057,GIC,11,21,10,529.00,"5,290.00"
2020-11-08,2020110804000056,GIC,11,6,10,529.00,"5,290.00"
2020-11-08,2020110804000055,GIC,11,42,10,529.00,"5,290.00"
2020-11-08,2020110804000054,GIC,11,58,10,529.00,"5,290.00"
2020-11-08,2020110804000053,GIC,38,6,10,530.00,"5,300.00"
2020-11-08,2020110804000052,GIC,38,45,10,530.00,"5,300.00"
2020-11-08,2020110804000067,GIC,51,58,10,530.00,"5,300.00"
2020-11-08,2020110804000066,GIC,51,57,10,530.00,"5,300.00"
2020-11-08,2020110804000065,GIC,51,42,10,530.00,"5,300.00"
2020-11-08,2020110804000064,GIC,17,42,10,530.00,"5,300.00"
2020-11-08,2020110804000060,GIC,17,21,10,530.00,"5,300.00"
2020-11-08,2020110804000059,GIC,17,42,10,530.00,"5,300.00"
2020-11-08,2020110804000075,GIC,11,47,10,529.00,"5,290.00"
2020-11-08,2020110804000074,GIC,11,54,10,529.00,"5,290.00"
2020-11-08,2020110804000072,GIC,51,17,10,530.00,"5,300.00"
2020-11-08,2020110804000070,GIC,51,38,10,530.00,"5,300.00"
2020-11-08,2020110804000069,GIC,51,42,10,530.00,"5,300.00"
2020-11-08,2020110804000068,GIC,51,58,10,530.00,"5,300.00"
2020-11-08,2020110804000082,GIC,57,42,10,530.00,"5,300.00"
2020-11-08,2020110804000080,GIC,57,58,10,530.00,"5,300.00"
2020-11-08,2020110804000079,GIC,57,57,10,530.00,"5,300.00"
2020-11-08,2020110804000078,GIC,57,55,10,530.00,"5,300.00"
2020-11-08,2020110804000077,GIC,49,54,10,529.00,"5,290.00"
2020-11-08,2020110804000076,GIC,58,38,10,528.00,"5,280.00"
2020-11-08,2020110804000094,GIC,57,58,10,530.00,"5,300.00"
2020-11-08,2020110804000093,GIC,57,58,10,530.00,"5,300.00"
2020-11-08,2020110804000092,GIC,57,49,10,530.00,"5,300.00"
2020-11-08,2020110804000090,GIC,57,47,10,530.00,"5,300.00"
2020-11-08,2020110804000088,GIC,57,13,10,530.00,"5,300.00"
2020-11-08,2020110804000084,GIC,57,58,10,530.00,"5,300.00"
2020-11-08,2020110804000103,GIC,34,32,10,530.00,"5,300.00"
2020-11-08,2020110804000102,GIC,34,17,10,530.00,"5,300.00"
2020-11-08,2020110804000101,GIC,25,43,10,529.00,"5,290.00"
2020-11-08,2020110804000099,GIC,25,49,10,529.00,"5,290.00"
