Date,Transact. No.,Symbol,Buyer,Seller,Quantity,Rate,Amount
2020-11-19,2020111904005901,CMF1,22,14,500,10.35,"5,175.00"
2020-11-19,2020111904005908,GIC,17,36,90,560.00,"50,400.00"
2020-11-19,2020111904005905,GIC,20,55,360,562.00,"202,320.00"
2020-11-19,2020111904005902,GIC,17,21,10,560.00,"5,600.00"
2020-11-19,2020111904005900,GIC,51,51,15,561.00,"8,415.00"
2020-11-19,2020111904005898,GIC,17,29,300,560.00,"168,000.00"
2020-11-19,2020111904005896,GIC,17,42,10,560.00,"5,600.00"
2020-11-19,2020111904005419,GIC,34,42,10,562.00,"5,620.00"
2020-11-19,2020111904005416,GIC,34,48,10,562.00,"5,620.00"
2020-11-19,2020111904005411,GIC,34,57,10,562.00,"5,620.00"
2020-11-19,2020111904005433,GIC,34,57,10,562.00,"5,620.00"
2020-11-19,2020111904005432,GIC,34,48,10,562.00,"5,620.00"
2020-11-19,2020111904005429,GIC,34,45,10,562.00,"5,620.00"
2020-11-19,2020111904005425,GIC,51,57,10,563.00,"5,630.00"
2020-11-19,2020111904005423,GIC,51,57,10,563.00,"5,630.00"
2020-11-19,2020111904005421,GIC,34,48,10,562.00,"5,620.00"
2020-11-19,2020111904005452,GIC,28,58,10,564.00,"5,640.00"
2020-11-19,2020111904005451,GIC,28,45,10,564.00,"5,640.00"
2020-11-19,2020111904005447,GIC,55,49,50,563.00,"28,150.00"
2020-11-19,2020111904005446,GIC,55,45,10,563.00,"5,630.00"
2020-11-19,2020111904005444,GIC,34,38,10,562.00,"5,620.00"
2020-11-19,2020111904005436,GIC,34,48,10,562.00,"5,620.00"
2020-11-19,2020111904005462,GIC,28,47,80,564.00,"45,120.00"
2020-11-19,2020111904005460,GIC,36,56,10,563.00,"5,630.00"
2020-11-19,2020111904005456,GIC,28,47,30,564.00,"16,920.00"
2020-11-19,2020111904005455,GIC,28,39,30,564.00,"16,920.00"
2020-11-19,2020111904005454,GIC,28,39,70,564.00,"39,480.00"
2020-11-19,2020111904005453,GIC,28,4,10,564.00,"5,640.00"
2020-11-19,2020111904005482,GIC,45,49,10,564.00,"5,640.00"
2020-11-19,2020111904005481,GIC,45,52,10,564.00,"5,640.00"
2020-11-19,2020111904005479,GIC,45,13,100,564.00,"56,400.00"
2020-11-19,2020111904005472,GIC,45,47,10,564.00,"5,640.00"
2020-11-19,2020111904005465,GIC,45,48,10,564.00,"5,640.00"
2020-11-19,2020111904005463,GIC,28,50,20,565.00,"11,300.00"
2020-11-19,2020111904005497,GIC,45,39,10,564.00,"5,640.00"
2020-11-19,2020111904005496,GIC,45,56,10,564.00,"5,640.00"
2020-11-19,2020111904005492,GIC,45,39,100,564.00,"56,400.00"
2020-11-19,2020111904005489,GIC,45,49,10,564.00,"5,640.00"
2020-11-19,2020111904005486,GIC,45,51,10,564.00,"5,640.00"
2020-11-19,2020111904005485,GIC,45,49,10,564.00,"5,640.00"
2020-11-19,2020111904005561,GIC,33,4,350,563.00,"197,050.00"
2020-11-19,2020111904005560,GIC,36,4,460,563.00,"258,980.00"
2020-11-19,2020111904005558,GIC,36,34,10,563.00,"5,630.00"
2020-11-19,2020111904005556,GIC,36,39,10,563.00,"5,630.00"
2020-11-19,2020111904005555,GIC,36,38,10,563.00,"5,630.00"
2020-11-19,2020111904005527,GIC,45,39,10,564.00,"5,640.00"
2020-11-19,2020111904005567,GIC,45,4,150,562.00,"84,300.00"
2020-11-19,2020111904005566,GIC,51,4,100,562.00,"56,200.00"
2020-11-19,2020111904005565,GIC,35,4,200,562.00,"112,400.00"
2020-11-19,2020111904005564,GIC,43,4,40,562.00,"22,480.00"
2020-11-19,2020111904005563,GIC,36,4,100,562.00,"56,200.00"
2020-11-19,2020111904005562,GIC,34,4,350,562.00,"196,700.00"
2020-11-19,2020111904005584,GIC,45,32,10,563.00,"5,630.00"
2020-11-19,2020111904005583,GIC,45,52,10,563.00,"5,630.00"
2020-11-19,2020111904005577,GIC,17,59,180,564.00,"101,520.00"
2020-11-19,2020111904005576,GIC,17,16,100,564.00,"56,400.00"
2020-11-19,2020111904005574,GIC,45,4,10,563.00,"5,630.00"
2020-11-19,2020111904005568,GIC,10,4,73,562.00,"41,026.00"
2020-11-19,2020111904005597,GIC,10,38,150,562.00,"84,300.00"
2020-11-19,2020111904005591,GIC,6,59,10,564.00,"5,640.00"
2020-11-19,2020111904005590,GIC,6,42,10,563.00,"5,630.00"
2020-11-19,2020111904005589,GIC,10,4,98,562.00,"55,076.00"
2020-11-19,2020111904005588,GIC,45,4,60,563.00,"33,780.00"
2020-11-19,2020111904005586,GIC,45,32,10,563.00,"5,630.00"
2020-11-19,2020111904005618,GIC,10,22,10,562.00,"5,620.00"
2020-11-19,2020111904005617,GIC,17,34,50,563.00,"28,150.00"
2020-11-19,2020111904005616,GIC,17,46,20,563.00,"11,260.00"
2020-11-19,2020111904005614,GIC,17,45,10,563.00,"5,630.00"
2020-11-19,2020111904005606,GIC,17,29,10,563.00,"5,630.00"
2020-11-19,2020111904005605,GIC,17,49,10,563.00,"5,630.00"
2020-11-19,2020111904005636,GIC,21,37,10,562.00,"5,620.00"
2020-11-19,2020111904005634,GIC,21,34,61,562.00,"34,282.00"
2020-11-19,2020111904005633,GIC,10,34,39,562.00,"21,918.00"
2020-11-19,2020111904005630,GIC,10,37,10,562.00,"5,620.00"
2020-11-19,2020111904005625,GIC,10,21,10,562.00,"5,620.00"
2020-11-19,2020111904005623,GIC,10,4,10,562.00,"5,620.00"
2020-11-19,2020111904005648,GIC,43,38,10,561.00,"5,610.00"
2020-11-19,2020111904005647,GIC,43,49,10,561.00,"5,610.00"
2020-11-19,2020111904005646,GIC,13,38,10,561.00,"5,610.00"
2020-11-19,2020111904005641,GIC,13,38,10,561.00,"5,610.00"
2020-11-19,2020111904005640,GIC,34,38,150,562.00,"84,300.00"
2020-11-19,2020111904005639,GIC,21,38,329,562.00,"184,898.00"
2020-11-19,2020111904005660,GIC,59,58,10,561.00,"5,610.00"
2020-11-19,2020111904005659,GIC,50,51,10,561.00,"5,610.00"
2020-11-19,2020111904005658,GIC,50,51,10,561.00,"5,610.00"
2020-11-19,2020111904005656,GIC,43,38,10,561.00,"5,610.00"
2020-11-19,2020111904005655,GIC,43,34,10,561.00,"5,610.00"
2020-11-19,2020111904005649,GIC,43,26,10,561.00,"5,610.00"
2020-11-19,2020111904005667,GIC,28,38,10,560.00,"5,600.00"
2020-11-19,2020111904005666,GIC,28,51,10,560.00,"5,600.00"
2020-11-19,2020111904005664,GIC,28,38,10,560.00,"5,600.00"
2020-11-19,2020111904005663,GIC,28,59,10,560.00,"5,600.00"
2020-11-19,2020111904005662,GIC,28,36,10,560.00,"5,600.00"
2020-11-19,2020111904005661,GIC,59,38,20,562.00,"11,240.00"
2020-11-19,2020111904005677,GIC,55,56,10,561.00,"5,610.00"
2020-11-19,2020111904005676,GIC,55,8,10,561.00,"5,610.00"
2020-11-19,2020111904005674,GIC,55,26,10,561.00,"5,610.00"
2020-11-19,2020111904005673,GIC,55,34,10,561.00,"5,610.00"
2020-11-19,2020111904005672,GIC,55,33,10,561.00,"5,610.00"
2020-11-19,2020111904005671,GIC,55,39,10,561.00,"5,610.00"
2020-11-19,2020111904005699,GIC,55,1,10,561.00,"5,610.00"
2020-11-19,2020111904005698,GIC,55,33,20,561.00,"11,220.00"
2020-11-19,2020111904005694,GIC,39,34,10,560.00,"5,600.00"
2020-11-19,2020111904005691,GIC,55,33,80,561.00,"44,880.00"
2020-11-19,2020111904005680,GIC,55,34,50,561.00,"28,050.00"
2020-11-19,2020111904005679,GIC,55,10,10,561.00,"5,610.00"
2020-11-19,2020111904005706,GIC,3,26,10,560.00,"5,600.00"
2020-11-19,2020111904005705,GIC,39,16,50,561.00,"28,050.00"
2020-11-19,2020111904005704,GIC,3,56,10,560.00,"5,600.00"
2020-11-19,2020111904005702,GIC,55,16,20,561.00,"11,220.00"
2020-11-19,2020111904005701,GIC,55,58,10,561.00,"5,610.00"
2020-11-19,2020111904005700,GIC,55,56,10,561.00,"5,610.00"
2020-11-19,2020111904005719,GIC,7,36,10,560.00,"5,600.00"
2020-11-19,2020111904005718,GIC,7,33,70,560.00,"39,200.00"
2020-11-19,2020111904005717,GIC,44,33,10,560.00,"5,600.00"
2020-11-19,2020111904005716,GIC,3,33,70,560.00,"39,200.00"
2020-11-19,2020111904005711,GIC,3,56,10,560.00,"5,600.00"
2020-11-19,2020111904005709,GIC,11,16,10,561.00,"5,610.00"
2020-11-19,2020111904005732,GIC,20,37,10,560.00,"5,600.00"
2020-11-19,2020111904005731,GIC,20,1,10,560.00,"5,600.00"
2020-11-19,2020111904005725,GIC,20,37,10,560.00,"5,600.00"
2020-11-19,2020111904005724,GIC,20,50,10,560.00,"5,600.00"
2020-11-19,2020111904005723,GIC,20,48,10,560.00,"5,600.00"
2020-11-19,2020111904005721,GIC,20,19,10,560.00,"5,600.00"
2020-11-19,2020111904005741,GIC,26,39,80,561.00,"44,880.00"
2020-11-19,2020111904005738,GIC,26,37,10,561.00,"5,610.00"
2020-11-19,2020111904005737,GIC,57,38,50,562.00,"28,100.00"
2020-11-19,2020111904005736,GIC,57,34,100,561.00,"56,100.00"
2020-11-19,2020111904005735,GIC,57,44,30,561.00,"16,830.00"
2020-11-19,2020111904005734,GIC,57,16,20,561.00,"11,220.00"
2020-11-19,2020111904005764,GIC,55,13,10,560.00,"5,600.00"
2020-11-19,2020111904005760,GIC,55,47,10,560.00,"5,600.00"
2020-11-19,2020111904005754,GIC,55,59,460,560.00,"257,600.00"
2020-11-19,2020111904005753,GIC,21,59,10,560.00,"5,600.00"
2020-11-19,2020111904005752,GIC,20,59,30,560.00,"16,800.00"
2020-11-19,2020111904005751,GIC,26,37,10,561.00,"5,610.00"
2020-11-19,2020111904005792,GIC,4,38,451,562.00,"253,462.00"
2020-11-19,2020111904005783,GIC,43,1,10,561.00,"5,610.00"
2020-11-19,2020111904005782,GIC,58,21,10,561.00,"5,610.00"
2020-11-19,2020111904005770,GIC,55,25,10,560.00,"5,600.00"
2020-11-19,2020111904005767,GIC,55,22,10,560.00,"5,600.00"
2020-11-19,2020111904005765,GIC,55,54,10,560.00,"5,600.00"
2020-11-19,2020111904005799,GIC,34,29,70,561.00,"39,270.00"
2020-11-19,2020111904005798,GIC,43,29,30,561.00,"16,830.00"
2020-11-19,2020111904005796,GIC,4,16,10,562.00,"5,620.00"
2020-11-19,2020111904005795,GIC,4,7,10,562.00,"5,620.00"
2020-11-19,2020111904005794,GIC,4,7,10,562.00,"5,620.00"
2020-11-19,2020111904005793,GIC,4,7,10,562.00,"5,620.00"
2020-11-19,2020111904005822,GIC,32,38,10,562.00,"5,620.00"
2020-11-19,2020111904005820,GIC,55,8,10,560.00,"5,600.00"
2020-11-19,2020111904005815,GIC,55,42,10,560.00,"5,600.00"
2020-11-19,2020111904005804,GIC,55,57,10,560.00,"5,600.00"
2020-11-19,2020111904005801,GIC,55,16,170,560.00,"95,200.00"
2020-11-19,2020111904005800,GIC,34,16,30,561.00,"16,830.00"
2020-11-19,2020111904005846,GIC,34,1,180,561.00,"100,980.00"
2020-11-19,2020111904005845,GIC,7,1,90,561.00,"50,490.00"
2020-11-19,2020111904005841,GIC,7,29,10,561.00,"5,610.00"
2020-11-19,2020111904005828,GIC,4,42,20,562.00,"11,240.00"
2020-11-19,2020111904005827,GIC,55,50,10,560.00,"5,600.00"
2020-11-19,2020111904005823,GIC,32,42,90,562.00,"50,580.00"
2020-11-19,2020111904005860,GIC,35,55,100,562.00,"56,200.00"
2020-11-19,2020111904005859,GIC,34,49,10,561.00,"5,610.00"
2020-11-19,2020111904005858,GIC,34,38,10,561.00,"5,610.00"
2020-11-19,2020111904005856,GIC,55,55,20,562.00,"11,240.00"
2020-11-19,2020111904005855,GIC,55,42,30,562.00,"16,860.00"
2020-11-19,2020111904005853,GIC,51,42,20,562.00,"11,240.00"
2020-11-19,2020111904005877,GIC,42,17,20,560.00,"11,200.00"
2020-11-19,2020111904005876,GIC,55,17,270,560.00,"151,200.00"
2020-11-19,2020111904005874,GIC,55,25,10,560.00,"5,600.00"
2020-11-19,2020111904005868,GIC,51,21,10,561.00,"5,610.00"
2020-11-19,2020111904005867,GIC,51,3,10,561.00,"5,610.00"
2020-11-19,2020111904005866,GIC,51,25,10,561.00,"5,610.00"
2020-11-19,2020111904005883,GIC,38,36,10,561.00,"5,610.00"
2020-11-19,2020111904005882,GIC,38,25,10,561.00,"5,610.00"
2020-11-19,2020111904005881,GIC,22,17,90,560.00,"50,400.00"
2020-11-19,2020111904005880,GIC,58,17,20,560.00,"11,200.00"
2020-11-19,2020111904005879,GIC,10,17,100,560.00,"56,000.00"
2020-11-19,2020111904005878,GIC,39,17,500,560.00,"280,000.00"
2020-11-19,2020111904005893,GIC,56,51,35,561.00,"19,635.00"
2020-11-19,2020111904005892,GIC,56,36,50,561.00,"28,050.00"
2020-11-19,2020111904005890,GIC,17,21,10,560.00,"5,600.00"
2020-11-19,2020111904005889,GIC,22,21,10,560.00,"5,600.00"
2020-11-19,2020111904005887,GIC,51,36,20,561.00,"11,220.00"
2020-11-19,2020111904005886,GIC,41,36,70,561.00,"39,270.00"
2020-11-19,2020111904005681,KBLD86,4,4,25,"1,050.00","26,250.00"
2020-11-19,2020111904005692,LEMF,5,45,"5,000",10.01,"50,050.00"
2020-11-19,2020111904005557,LEMF,5,6,"1,000",10.01,"10,010.00"
2020-11-19,2020111904005849,LUK,6,48,"1,000",9.92,"9,920.00"
2020-11-19,2020111904005435,LUK,22,58,100,9.90,990.00
2020-11-19,2020111904005619,MEGAPO,55,5,"9,780",122.00,"1,193,160.00"
2020-11-19,2020111904005602,MEGAPO,55,5,"2,445",124.00,"303,180.00"
2020-11-19,2020111904005596,NBF2,58,42,"2,000",9.99,"19,980.00"
2020-11-19,2020111904005580,NBF2,58,6,"5,400",9.99,"53,946.00"
2020-11-19,2020111904005579,NBF2,57,6,"4,600",10.00,"46,000.00"
2020-11-19,2020111904005891,NEF,21,32,921,9.97,"9,182.37"
2020-11-19,2020111904005733,NEF,13,17,"3,380",9.96,"33,664.80"
2020-11-19,2020111904005615,NEF,54,58,170,10.10,"1,717.00"
2020-11-19,2020111904005448,NEF,26,3,"5,000",9.97,"49,850.00"
2020-11-19,2020111904005441,NEF,38,3,"10,000",9.98,"99,800.00"
2020-11-19,2020111904005434,NEF,10,3,"1,086",9.99,"10,849.14"
2020-11-19,2020111904005424,NEF,40,3,"3,310",10.00,"33,100.00"
2020-11-19,2020111904005904,NIBLPF,38,58,"1,071",10.25,"10,977.75"
2020-11-19,2020111904005899,NIBLPF,38,17,"1,061",10.25,"10,875.25"
2020-11-19,2020111904005870,NIBLPF,38,55,258,10.24,"2,641.92"
2020-11-19,2020111904005869,NIBLPF,49,55,247,10.24,"2,529.28"
2020-11-19,2020111904005850,NIBLPF,49,45,253,10.24,"2,590.72"
2020-11-19,2020111904005678,NIBLPF,38,51,300,10.23,"3,069.00"
2020-11-19,2020111904005670,NIBLPF,56,58,"2,525",10.16,"25,654.00"
2020-11-19,2020111904005909,NIBPO,38,54,100,370.00,"37,000.00"
2020-11-19,2020111904005875,NIBPO,11,54,27,370.00,"9,990.00"
2020-11-19,2020111904005847,NIBPO,20,54,88,370.00,"32,560.00"
2020-11-19,2020111904005831,NIBPO,20,54,650,370.00,"240,500.00"
2020-11-19,2020111904005830,NIBPO,47,54,350,370.00,"129,500.00"
2020-11-19,2020111904005675,NIBPO,42,54,"1,500",372.00,"558,000.00"
2020-11-19,2020111904005755,NIBSF1,17,34,100,11.13,"1,113.00"
2020-11-19,2020111904005872,NICBF,42,41,100,10.38,"1,038.00"
2020-11-19,2020111904005714,NICGF,8,32,"1,000",10.81,"10,810.00"
2020-11-19,2020111904005762,NMB50,25,56,100,10.27,"1,027.00"
2020-11-19,2020111904005469,NMB50,25,52,"1,000",10.25,"10,250.00"
2020-11-19,2020111904005468,NMB50,25,41,"1,500",10.25,"15,375.00"
2020-11-19,2020111904005467,NMB50,25,32,500,10.20,"5,100.00"
2020-11-19,2020111904005907,RBCLPO,54,28,50,"15,994.00","799,700.00"
2020-11-19,2020111904005863,RBCLPO,59,4,100,"15,705.00","1,570,500.00"
2020-11-19,2020111904005854,RBCLPO,43,28,10,"15,994.00","159,940.00"
2020-11-19,2020111904005840,RBCLPO,58,39,13,"16,320.00","212,160.00"
2020-11-19,2020111904005839,RBCLPO,58,28,10,"16,301.00","163,010.00"
2020-11-19,2020111904005838,RBCLPO,58,39,17,"16,300.00","277,100.00"
2020-11-19,2020111904005488,RBCLPO,6,6,20,"16,000.00","320,000.00"
2020-11-19,2020111904005450,RBCLPO,54,34,10,"16,015.00","160,150.00"
2020-11-19,2020111904005438,RBCLPO,54,7,10,"16,015.00","160,150.00"
2020-11-19,2020111904005417,RBCLPO,54,59,80,"16,015.00","1,281,200.00"
2020-11-19,2020111904005412,RBCLPO,56,59,20,"16,015.00","320,300.00"
2020-11-19,2020111904005686,RBCLPO,33,59,20,"16,000.00","320,000.00"
2020-11-19,2020111904005685,RBCLPO,33,4,10,"16,000.00","160,000.00"
2020-11-19,2020111904005684,RBCLPO,33,14,15,"16,000.00","240,000.00"
2020-11-19,2020111904005683,RBCLPO,33,17,10,"16,000.00","160,000.00"
2020-11-19,2020111904005682,RBCLPO,33,6,10,"16,000.00","160,000.00"
2020-11-19,2020111904005592,RBCLPO,54,6,25,"16,010.00","400,250.00"
2020-11-19,2020111904005746,RBCLPO,49,6,30,"16,000.00","480,000.00"
2020-11-19,2020111904005693,RBCLPO,33,34,60,"16,015.00","960,900.00"
2020-11-19,2020111904005690,RBCLPO,33,53,10,"16,010.00","160,100.00"
2020-11-19,2020111904005689,RBCLPO,33,53,30,"16,010.00","480,300.00"
2020-11-19,2020111904005688,RBCLPO,33,14,25,"16,010.00","400,250.00"
2020-11-19,2020111904005687,RBCLPO,33,16,20,"16,000.00","320,000.00"
2020-11-19,2020111904005776,RBCLPO,58,45,20,"16,014.00","320,280.00"
2020-11-19,2020111904005775,RBCLPO,58,5,20,"16,014.00","320,280.00"
2020-11-19,2020111904005774,RBCLPO,58,59,50,"16,000.00","800,000.00"
2020-11-19,2020111904005773,RBCLPO,58,18,20,"15,999.00","319,980.00"
2020-11-19,2020111904005748,RBCLPO,58,59,450,"16,000.00","7,200,000.00"
2020-11-19,2020111904005747,RBCLPO,58,6,50,"16,000.00","800,000.00"
2020-11-19,2020111904005787,RBCLPO,58,45,100,"16,050.00","1,605,000.00"
2020-11-19,2020111904005786,RBCLPO,58,37,160,"16,045.00","2,567,200.00"
2020-11-19,2020111904005780,RBCLPO,58,25,10,"16,040.00","160,400.00"
2020-11-19,2020111904005779,RBCLPO,58,4,20,"16,040.00","320,800.00"
2020-11-19,2020111904005778,RBCLPO,58,10,10,"16,016.00","160,160.00"
2020-11-19,2020111904005777,RBCLPO,58,33,50,"16,015.00","800,750.00"
2020-11-19,2020111904005811,RBCLPO,58,32,10,"16,200.00","162,000.00"
2020-11-19,2020111904005810,RBCLPO,58,59,20,"16,100.00","322,000.00"
2020-11-19,2020111904005809,RBCLPO,58,33,10,"16,070.00","160,700.00"
2020-11-19,2020111904005808,RBCLPO,58,1,21,"16,040.00","336,840.00"
2020-11-19,2020111904005789,RBCLPO,58,33,10,"16,070.00","160,700.00"
2020-11-19,2020111904005788,RBCLPO,58,33,30,"16,065.00","481,950.00"
2020-11-19,2020111904005837,RBCLPO,58,1,100,"16,300.00","1,630,000.00"
2020-11-19,2020111904005836,RBCLPO,58,34,20,"16,300.00","326,000.00"
2020-11-19,2020111904005835,RBCLPO,58,59,40,"16,000.00","640,000.00"
2020-11-19,2020111904005814,RBCLPO,58,59,10,"16,207.00","162,070.00"
2020-11-19,2020111904005813,RBCLPO,58,22,10,"16,207.00","162,070.00"
2020-11-19,2020111904005812,RBCLPO,58,33,10,"16,207.00","162,070.00"
2020-11-19,2020111904005864,SAEF,51,51,"4,000",11.63,"46,520.00"
2020-11-19,2020111904005844,SAEF,51,18,500,11.63,"5,815.00"
2020-11-19,2020111904005834,SAEF,34,5,"3,300",11.64,"38,412.00"
2020-11-19,2020111904005756,SAEF,34,16,500,11.64,"5,820.00"
2020-11-19,2020111904005710,SAEF,34,47,200,11.64,"2,328.00"
2020-11-19,2020111904005668,SAEF,51,6,500,11.63,"5,815.00"
2020-11-19,2020111904005645,SAEF,51,57,"10,000",11.63,"116,300.00"
2020-11-19,2020111904005599,SAEF,51,51,"5,000",11.63,"58,150.00"
2020-11-19,2020111904005665,SAND2085,17,58,100,"1,054.00","105,400.00"
2020-11-19,2020111904005797,SBLD2082,4,58,110,"1,098.00","120,780.00"
2020-11-19,2020111904005903,SEF,47,1,221,10.65,"2,353.65"
2020-11-19,2020111904005848,SEF,47,58,"1,000",10.65,"10,650.00"
2020-11-19,2020111904005826,SEF,40,4,"2,100",10.70,"22,470.00"
2020-11-19,2020111904005825,SEF,40,47,400,10.70,"4,280.00"
2020-11-19,2020111904005784,SEF,40,39,500,10.69,"5,345.00"
2020-11-19,2020111904005763,SEF,40,16,500,10.69,"5,345.00"
2020-11-19,2020111904005612,SEF,14,16,"4,710",10.66,"50,208.60"
2020-11-19,2020111904005611,SEF,53,16,"5,000",10.67,"53,350.00"
2020-11-19,2020111904005610,SEF,6,16,"1,811",10.67,"19,323.37"
2020-11-19,2020111904005585,SEF,6,19,"2,000",10.67,"21,340.00"
2020-11-19,2020111904005571,SEF,6,19,500,10.67,"5,335.00"
2020-11-19,2020111904005487,SEF,6,19,689,10.67,"7,351.63"
2020-11-19,2020111904005743,SEF,40,51,500,10.69,"5,345.00"
2020-11-19,2020111904005742,SEF,40,14,"1,000",10.69,"10,690.00"
2020-11-19,2020111904005696,SEF,47,47,300,10.65,"3,195.00"
2020-11-19,2020111904005628,SEF,47,17,"1,000",10.65,"10,650.00"
2020-11-19,2020111904005624,SEF,47,45,"10,000",10.65,"106,500.00"
2020-11-19,2020111904005613,SEF,47,16,"18,479",10.65,"196,801.35"
2020-11-19,2020111904005910,SGI,42,53,10,613.00,"6,130.00"
2020-11-19,2020111904005906,SGI,42,41,10,613.00,"6,130.00"
2020-11-19,2020111904005897,SGI,42,49,10,613.00,"6,130.00"
2020-11-19,2020111904005895,SGI,42,41,10,613.00,"6,130.00"
2020-11-19,2020111904005894,SGI,42,21,10,613.00,"6,130.00"
2020-11-19,2020111904005888,SGI,42,36,10,613.00,"6,130.00"
2020-11-19,2020111904005420,SGI,59,38,10,613.00,"6,130.00"
2020-11-19,2020111904005418,SGI,59,57,10,613.00,"6,130.00"
2020-11-19,2020111904005415,SGI,59,38,10,613.00,"6,130.00"
2020-11-19,2020111904005414,SGI,59,21,10,613.00,"6,130.00"
2020-11-19,2020111904005413,SGI,59,39,10,613.00,"6,130.00"
2020-11-19,2020111904005431,SGI,59,38,10,613.00,"6,130.00"
2020-11-19,2020111904005430,SGI,59,45,10,613.00,"6,130.00"
2020-11-19,2020111904005428,SGI,59,34,10,613.00,"6,130.00"
2020-11-19,2020111904005427,SGI,59,38,10,613.00,"6,130.00"
2020-11-19,2020111904005426,SGI,59,38,10,613.00,"6,130.00"
2020-11-19,2020111904005422,SGI,59,58,10,613.00,"6,130.00"
2020-11-19,2020111904005445,SGI,59,57,10,613.00,"6,130.00"
2020-11-19,2020111904005443,SGI,59,47,10,613.00,"6,130.00"
2020-11-19,2020111904005442,SGI,59,39,10,613.00,"6,130.00"
2020-11-19,2020111904005440,SGI,59,57,10,613.00,"6,130.00"
2020-11-19,2020111904005439,SGI,59,34,10,613.00,"6,130.00"
2020-11-19,2020111904005437,SGI,59,57,10,613.00,"6,130.00"
2020-11-19,2020111904005464,SGI,59,25,10,613.00,"6,130.00"
2020-11-19,2020111904005461,SGI,59,57,10,613.00,"6,130.00"
2020-11-19,2020111904005459,SGI,59,49,10,613.00,"6,130.00"
2020-11-19,2020111904005458,SGI,59,38,10,613.00,"6,130.00"
2020-11-19,2020111904005457,SGI,59,1,10,613.00,"6,130.00"
2020-11-19,2020111904005449,SGI,59,34,10,613.00,"6,130.00"
2020-11-19,2020111904005484,SGI,59,51,10,613.00,"6,130.00"
2020-11-19,2020111904005483,SGI,59,51,10,613.00,"6,130.00"
2020-11-19,2020111904005480,SGI,59,51,10,613.00,"6,130.00"
2020-11-19,2020111904005471,SGI,59,51,10,613.00,"6,130.00"
2020-11-19,2020111904005470,SGI,59,56,10,613.00,"6,130.00"
2020-11-19,2020111904005466,SGI,59,1,10,613.00,"6,130.00"
2020-11-19,2020111904005499,SGI,19,4,250,613.00,"153,250.00"
2020-11-19,2020111904005498,SGI,46,4,500,613.00,"306,500.00"
2020-11-19,2020111904005494,SGI,59,51,10,613.00,"6,130.00"
2020-11-19,2020111904005493,SGI,59,53,10,613.00,"6,130.00"
2020-11-19,2020111904005491,SGI,59,52,10,613.00,"6,130.00"
2020-11-19,2020111904005490,SGI,59,57,10,613.00,"6,130.00"
2020-11-19,2020111904005505,SGI,41,4,32,613.00,"19,616.00"
2020-11-19,2020111904005504,SGI,50,4,90,613.00,"55,170.00"
2020-11-19,2020111904005503,SGI,57,4,400,613.00,"245,200.00"
2020-11-19,2020111904005502,SGI,11,4,30,613.00,"18,390.00"
2020-11-19,2020111904005501,SGI,29,4,500,613.00,"306,500.00"
2020-11-19,2020111904005500,SGI,59,4,120,613.00,"73,560.00"
2020-11-19,2020111904005511,SGI,59,4,100,613.00,"61,300.00"
2020-11-19,2020111904005510,SGI,14,4,30,613.00,"18,390.00"
2020-11-19,2020111904005509,SGI,58,4,80,613.00,"49,040.00"
2020-11-19,2020111904005508,SGI,1,4,40,613.00,"24,520.00"
2020-11-19,2020111904005507,SGI,28,4,500,613.00,"306,500.00"
2020-11-19,2020111904005506,SGI,41,4,500,613.00,"306,500.00"
2020-11-19,2020111904005517,SGI,19,4,10,613.00,"6,130.00"
2020-11-19,2020111904005516,SGI,45,4,100,613.00,"61,300.00"
2020-11-19,2020111904005515,SGI,16,4,50,613.00,"30,650.00"
2020-11-19,2020111904005514,SGI,22,4,20,613.00,"12,260.00"
2020-11-19,2020111904005513,SGI,7,4,500,613.00,"306,500.00"
2020-11-19,2020111904005512,SGI,58,4,500,613.00,"306,500.00"
2020-11-19,2020111904005523,SGI,36,4,50,613.00,"30,650.00"
2020-11-19,2020111904005522,SGI,21,4,50,613.00,"30,650.00"
2020-11-19,2020111904005521,SGI,40,4,50,613.00,"30,650.00"
2020-11-19,2020111904005520,SGI,54,4,50,613.00,"30,650.00"
2020-11-19,2020111904005519,SGI,42,4,150,613.00,"91,950.00"
2020-11-19,2020111904005518,SGI,22,4,300,613.00,"183,900.00"
2020-11-19,2020111904005530,SGI,22,4,20,613.00,"12,260.00"
2020-11-19,2020111904005529,SGI,43,4,974,613.00,"597,062.00"
2020-11-19,2020111904005528,SGI,43,22,10,613.00,"6,130.00"
2020-11-19,2020111904005526,SGI,43,4,16,613.00,"9,808.00"
2020-11-19,2020111904005525,SGI,43,4,"1,000",613.00,"613,000.00"
2020-11-19,2020111904005524,SGI,6,4,800,613.00,"490,400.00"
2020-11-19,2020111904005536,SGI,19,4,100,613.00,"61,300.00"
2020-11-19,2020111904005535,SGI,26,4,200,613.00,"122,600.00"
2020-11-19,2020111904005534,SGI,41,4,100,613.00,"61,300.00"
2020-11-19,2020111904005533,SGI,32,4,10,613.00,"6,130.00"
2020-11-19,2020111904005532,SGI,58,4,10,613.00,"6,130.00"
2020-11-19,2020111904005531,SGI,50,4,100,613.00,"61,300.00"
2020-11-19,2020111904005542,SGI,35,4,50,613.00,"30,650.00"
2020-11-19,2020111904005541,SGI,49,4,100,613.00,"61,300.00"
2020-11-19,2020111904005540,SGI,57,4,100,613.00,"61,300.00"
2020-11-19,2020111904005539,SGI,14,4,50,613.00,"30,650.00"
2020-11-19,2020111904005538,SGI,41,4,50,613.00,"30,650.00"
2020-11-19,2020111904005537,SGI,45,4,30,613.00,"18,390.00"
2020-11-19,2020111904005548,SGI,36,4,100,613.00,"61,300.00"
2020-11-19,2020111904005547,SGI,13,4,180,613.00,"110,340.00"
2020-11-19,2020111904005546,SGI,10,4,100,613.00,"61,300.00"
2020-11-19,2020111904005545,SGI,22,4,100,613.00,"61,300.00"
2020-11-19,2020111904005544,SGI,34,4,200,613.00,"122,600.00"
2020-11-19,2020111904005543,SGI,19,4,200,613.00,"122,600.00"
2020-11-19,2020111904005554,SGI,55,4,129,613.00,"79,077.00"
2020-11-19,2020111904005553,SGI,59,4,200,613.00,"122,600.00"
2020-11-19,2020111904005552,SGI,38,4,15,613.00,"9,195.00"
2020-11-19,2020111904005551,SGI,45,4,200,613.00,"122,600.00"
2020-11-19,2020111904005550,SGI,56,4,300,613.00,"183,900.00"
2020-11-19,2020111904005549,SGI,41,4,100,613.00,"61,300.00"
2020-11-19,2020111904005575,SGI,55,7,10,613.00,"6,130.00"
2020-11-19,2020111904005573,SGI,55,1,10,613.00,"6,130.00"
2020-11-19,2020111904005572,SGI,55,43,10,613.00,"6,130.00"
2020-11-19,2020111904005570,SGI,55,7,10,613.00,"6,130.00"
2020-11-19,2020111904005569,SGI,55,39,10,613.00,"6,130.00"
2020-11-19,2020111904005559,SGI,55,58,10,613.00,"6,130.00"
2020-11-19,2020111904005594,SGI,55,58,10,613.00,"6,130.00"
2020-11-19,2020111904005593,SGI,55,57,10,613.00,"6,130.00"
2020-11-19,2020111904005587,SGI,55,29,10,613.00,"6,130.00"
2020-11-19,2020111904005582,SGI,55,7,10,613.00,"6,130.00"
2020-11-19,2020111904005581,SGI,55,1,10,613.00,"6,130.00"
2020-11-19,2020111904005578,SGI,55,39,10,613.00,"6,130.00"
2020-11-19,2020111904005604,SGI,55,22,10,613.00,"6,130.00"
2020-11-19,2020111904005603,SGI,55,42,10,613.00,"6,130.00"
2020-11-19,2020111904005601,SGI,55,57,10,613.00,"6,130.00"
2020-11-19,2020111904005600,SGI,55,54,10,613.00,"6,130.00"
2020-11-19,2020111904005598,SGI,55,39,10,613.00,"6,130.00"
2020-11-19,2020111904005595,SGI,55,57,10,613.00,"6,130.00"
2020-11-19,2020111904005622,SGI,55,58,10,613.00,"6,130.00"
2020-11-19,2020111904005621,SGI,55,58,10,613.00,"6,130.00"
2020-11-19,2020111904005620,SGI,55,54,10,613.00,"6,130.00"
2020-11-19,2020111904005609,SGI,55,57,10,613.00,"6,130.00"
2020-11-19,2020111904005608,SGI,55,54,10,613.00,"6,130.00"
2020-11-19,2020111904005607,SGI,55,45,10,613.00,"6,130.00"
2020-11-19,2020111904005635,SGI,55,51,10,613.00,"6,130.00"
2020-11-19,2020111904005632,SGI,55,45,10,613.00,"6,130.00"
2020-11-19,2020111904005631,SGI,55,38,10,613.00,"6,130.00"
2020-11-19,2020111904005629,SGI,55,51,10,613.00,"6,130.00"
2020-11-19,2020111904005627,SGI,55,54,10,613.00,"6,130.00"
2020-11-19,2020111904005626,SGI,55,38,10,613.00,"6,130.00"
2020-11-19,2020111904005650,SGI,55,34,21,613.00,"12,873.00"
2020-11-19,2020111904005644,SGI,55,52,10,613.00,"6,130.00"
2020-11-19,2020111904005643,SGI,55,40,10,613.00,"6,130.00"
2020-11-19,2020111904005642,SGI,55,52,10,613.00,"6,130.00"
2020-11-19,2020111904005638,SGI,55,42,10,613.00,"6,130.00"
2020-11-19,2020111904005637,SGI,55,38,10,613.00,"6,130.00"
2020-11-19,2020111904005669,SGI,16,38,10,613.00,"6,130.00"
2020-11-19,2020111904005657,SGI,16,58,10,613.00,"6,130.00"
2020-11-19,2020111904005654,SGI,16,34,59,613.00,"36,167.00"
2020-11-19,2020111904005653,SGI,47,34,300,613.00,"183,900.00"
2020-11-19,2020111904005652,SGI,37,34,120,613.00,"73,560.00"
2020-11-19,2020111904005651,SGI,59,34,500,613.00,"306,500.00"
2020-11-19,2020111904005712,SGI,16,47,10,613.00,"6,130.00"
2020-11-19,2020111904005708,SGI,16,51,10,613.00,"6,130.00"
2020-11-19,2020111904005707,SGI,16,38,10,613.00,"6,130.00"
2020-11-19,2020111904005703,SGI,16,33,10,613.00,"6,130.00"
2020-11-19,2020111904005697,SGI,16,50,10,613.00,"6,130.00"
2020-11-19,2020111904005695,SGI,16,58,10,613.00,"6,130.00"
2020-11-19,2020111904005727,SGI,16,53,10,613.00,"6,130.00"
2020-11-19,2020111904005726,SGI,16,58,10,613.00,"6,130.00"
2020-11-19,2020111904005722,SGI,16,16,10,613.00,"6,130.00"
2020-11-19,2020111904005720,SGI,16,50,10,613.00,"6,130.00"
2020-11-19,2020111904005715,SGI,16,49,10,613.00,"6,130.00"
2020-11-19,2020111904005713,SGI,16,49,10,613.00,"6,130.00"
2020-11-19,2020111904005757,SGI,16,42,10,613.00,"6,130.00"
2020-11-19,2020111904005750,SGI,16,42,10,613.00,"6,130.00"
2020-11-19,2020111904005745,SGI,16,1,10,613.00,"6,130.00"
2020-11-19,2020111904005744,SGI,16,22,10,613.00,"6,130.00"
2020-11-19,2020111904005740,SGI,16,34,10,613.00,"6,130.00"
2020-11-19,2020111904005739,SGI,16,21,10,613.00,"6,130.00"
2020-11-19,2020111904005772,SGI,16,42,10,613.00,"6,130.00"
2020-11-19,2020111904005771,SGI,16,21,10,613.00,"6,130.00"
2020-11-19,2020111904005766,SGI,16,41,10,613.00,"6,130.00"
2020-11-19,2020111904005761,SGI,16,42,10,613.00,"6,130.00"
2020-11-19,2020111904005759,SGI,16,54,10,613.00,"6,130.00"
2020-11-19,2020111904005758,SGI,16,38,10,613.00,"6,130.00"
2020-11-19,2020111904005803,SGI,16,45,10,613.00,"6,130.00"
2020-11-19,2020111904005802,SGI,16,58,10,613.00,"6,130.00"
2020-11-19,2020111904005791,SGI,16,22,10,613.00,"6,130.00"
2020-11-19,2020111904005790,SGI,16,49,10,613.00,"6,130.00"
2020-11-19,2020111904005785,SGI,16,42,10,613.00,"6,130.00"
2020-11-19,2020111904005781,SGI,16,22,10,613.00,"6,130.00"
2020-11-19,2020111904005818,SGI,16,7,10,613.00,"6,130.00"
2020-11-19,2020111904005817,SGI,16,42,10,613.00,"6,130.00"
2020-11-19,2020111904005816,SGI,16,50,10,613.00,"6,130.00"
2020-11-19,2020111904005807,SGI,16,7,10,613.00,"6,130.00"
2020-11-19,2020111904005806,SGI,16,42,10,613.00,"6,130.00"
2020-11-19,2020111904005805,SGI,16,22,10,613.00,"6,130.00"
2020-11-19,2020111904005833,SGI,16,21,10,613.00,"6,130.00"
2020-11-19,2020111904005832,SGI,16,21,10,613.00,"6,130.00"
2020-11-19,2020111904005829,SGI,16,58,10,613.00,"6,130.00"
2020-11-19,2020111904005824,SGI,16,36,10,613.00,"6,130.00"
2020-11-19,2020111904005821,SGI,16,42,10,613.00,"6,130.00"
2020-11-19,2020111904005819,SGI,16,32,10,613.00,"6,130.00"
2020-11-19,2020111904005861,SGI,35,21,10,613.00,"6,130.00"
2020-11-19,2020111904005857,SGI,35,14,10,613.00,"6,130.00"
2020-11-19,2020111904005852,SGI,56,4,10,613.00,"6,130.00"
2020-11-19,2020111904005851,SGI,56,53,10,613.00,"6,130.00"
2020-11-19,2020111904005843,SGI,56,21,10,613.00,"6,130.00"
2020-11-19,2020111904005842,SGI,47,41,10,613.00,"6,130.00"
2020-11-19,2020111904005885,SGI,50,33,10,613.00,"6,130.00"
2020-11-19,2020111904005884,SGI,50,46,10,613.00,"6,130.00"
2020-11-19,2020111904005873,SGI,50,17,10,613.00,"6,130.00"
2020-11-19,2020111904005871,SGI,50,6,10,613.00,"6,130.00"
2020-11-19,2020111904005865,SGI,50,38,10,613.00,"6,130.00"
2020-11-19,2020111904005862,SGI,35,55,10,613.00,"6,130.00"
2020-11-19,2020111904005769,STC,18,14,10,"7,242.00","72,420.00"
2020-11-19,2020111904005768,STC,56,14,10,"7,243.00","72,430.00"
2020-11-19,2020111904005749,STC,6,59,20,"7,245.00","144,900.00"
2020-11-19,2020111904005730,STC,16,59,10,"7,245.00","72,450.00"
2020-11-19,2020111904005729,STC,56,59,10,"7,245.00","72,450.00"
2020-11-19,2020111904005728,STC,41,59,10,"7,245.00","72,450.00"
2020-11-19,2020111904005473,STC,33,32,10,"7,245.00","72,450.00"
2020-11-19,2020111904005495,STC,32,32,2,"7,245.00","14,490.00"
2020-11-19,2020111904005478,STC,42,32,10,"7,245.00","72,450.00"
2020-11-19,2020111904005477,STC,34,32,20,"7,245.00","144,900.00"
2020-11-19,2020111904005476,STC,48,32,36,"7,245.00","260,820.00"
2020-11-19,2020111904005475,STC,56,32,10,"7,245.00","72,450.00"
2020-11-19,2020111904005474,STC,25,32,20,"7,245.00","144,900.00"
2020-11-19,2020111904005311,CMF1,34,10,100,10.48,"1,048.00"
2020-11-19,2020111904005251,CMF1,10,7,"1,000",10.36,"10,360.00"
2020-11-19,2020111904005250,CMF1,51,7,"18,700",10.36,"193,732.00"
2020-11-19,2020111904005109,CMF1,5,10,"4,900",10.50,"51,450.00"
2020-11-19,2020111904005108,CMF1,5,54,900,10.50,"9,450.00"
2020-11-19,2020111904005107,CMF1,5,37,"6,100",10.50,"64,050.00"
2020-11-19,2020111904005106,CMF1,5,42,200,10.49,"2,098.00"
2020-11-19,2020111904005105,CMF1,5,45,"2,000",10.49,"20,980.00"
2020-11-19,2020111904005104,CMF1,5,52,"1,000",10.49,"10,490.00"
2020-11-19,2020111904005103,CMF1,5,49,100,10.46,"1,046.00"
2020-11-19,2020111904005102,CMF1,5,1,"1,000",10.46,"10,460.00"
2020-11-19,2020111904005408,GIC,47,57,10,563.00,"5,630.00"
2020-11-19,2020111904005407,GIC,47,48,10,563.00,"5,630.00"
2020-11-19,2020111904005398,GIC,47,48,10,563.00,"5,630.00"
2020-11-19,2020111904005397,GIC,47,57,10,563.00,"5,630.00"
2020-11-19,2020111904005394,GIC,8,26,10,564.00,"5,640.00"
2020-11-19,2020111904005393,GIC,8,57,10,564.00,"5,640.00"
2020-11-19,2020111904004912,GIC,57,41,10,565.00,"5,650.00"
2020-11-19,2020111904004911,GIC,57,34,10,565.00,"5,650.00"
2020-11-19,2020111904004942,GIC,19,36,10,564.00,"5,640.00"
2020-11-19,2020111904004940,GIC,19,59,10,564.00,"5,640.00"
2020-11-19,2020111904004939,GIC,19,58,10,564.00,"5,640.00"
2020-11-19,2020111904004932,GIC,19,45,10,564.00,"5,640.00"
2020-11-19,2020111904004924,GIC,19,5,10,564.00,"5,640.00"
2020-11-19,2020111904004913,GIC,57,33,80,566.00,"45,280.00"
2020-11-19,2020111904004957,GIC,19,38,10,564.00,"5,640.00"
2020-11-19,2020111904004956,GIC,19,36,10,564.00,"5,640.00"
2020-11-19,2020111904004954,GIC,19,14,10,564.00,"5,640.00"
2020-11-19,2020111904004950,GIC,19,47,10,564.00,"5,640.00"
2020-11-19,2020111904004947,GIC,19,1,10,564.00,"5,640.00"
2020-11-19,2020111904004945,GIC,19,58,10,564.00,"5,640.00"
2020-11-19,2020111904004982,GIC,19,47,10,564.00,"5,640.00"
2020-11-19,2020111904004981,GIC,19,47,10,564.00,"5,640.00"
2020-11-19,2020111904004970,GIC,54,21,50,565.00,"28,250.00"
2020-11-19,2020111904004961,GIC,44,21,100,565.00,"56,500.00"
2020-11-19,2020111904004960,GIC,19,42,10,564.00,"5,640.00"
2020-11-19,2020111904004958,GIC,50,21,10,565.00,"5,650.00"
2020-11-19,2020111904005001,GIC,11,35,50,565.00,"28,250.00"
2020-11-19,2020111904005000,GIC,11,45,10,565.00,"5,650.00"
2020-11-19,2020111904004999,GIC,11,21,40,565.00,"22,600.00"
2020-11-19,2020111904004995,GIC,19,7,10,564.00,"5,640.00"
2020-11-19,2020111904004994,GIC,19,52,10,564.00,"5,640.00"
2020-11-19,2020111904004992,GIC,19,25,10,564.00,"5,640.00"
2020-11-19,2020111904005038,GIC,26,41,30,565.00,"16,950.00"
2020-11-19,2020111904005037,GIC,26,13,10,565.00,"5,650.00"
2020-11-19,2020111904005036,GIC,26,35,50,565.00,"28,250.00"
2020-11-19,2020111904005022,GIC,19,22,10,564.00,"5,640.00"
2020-11-19,2020111904005021,GIC,39,35,100,565.00,"56,500.00"
2020-11-19,2020111904005013,GIC,19,36,10,564.00,"5,640.00"
2020-11-19,2020111904005059,GIC,19,22,10,564.00,"5,640.00"
2020-11-19,2020111904005057,GIC,19,32,10,564.00,"5,640.00"
2020-11-19,2020111904005055,GIC,19,36,10,564.00,"5,640.00"
2020-11-19,2020111904005049,GIC,19,42,10,564.00,"5,640.00"
2020-11-19,2020111904005045,GIC,19,49,10,564.00,"5,640.00"
2020-11-19,2020111904005039,GIC,19,45,10,564.00,"5,640.00"
2020-11-19,2020111904005065,GIC,45,4,10,565.00,"5,650.00"
2020-11-19,2020111904005064,GIC,45,29,10,565.00,"5,650.00"
2020-11-19,2020111904005063,GIC,45,34,10,565.00,"5,650.00"
2020-11-19,2020111904005062,GIC,45,6,10,565.00,"5,650.00"
2020-11-19,2020111904005061,GIC,45,45,10,565.00,"5,650.00"
2020-11-19,2020111904005060,GIC,45,41,10,565.00,"5,650.00"
2020-11-19,2020111904005080,GIC,19,53,50,564.00,"28,200.00"
2020-11-19,2020111904005075,GIC,45,4,10,565.00,"5,650.00"
2020-11-19,2020111904005073,GIC,45,57,10,565.00,"5,650.00"
2020-11-19,2020111904005068,GIC,45,53,10,565.00,"5,650.00"
2020-11-19,2020111904005067,GIC,45,35,60,565.00,"33,900.00"
2020-11-19,2020111904005066,GIC,45,35,50,565.00,"28,250.00"
2020-11-19,2020111904005093,GIC,58,38,100,564.00,"56,400.00"
2020-11-19,2020111904005092,GIC,14,38,20,564.00,"11,280.00"
2020-11-19,2020111904005091,GIC,42,38,200,564.00,"112,800.00"
2020-11-19,2020111904005090,GIC,46,38,100,564.00,"56,400.00"
2020-11-19,2020111904005089,GIC,43,38,50,564.00,"28,200.00"
2020-11-19,2020111904005084,GIC,19,49,10,564.00,"5,640.00"
2020-11-19,2020111904005121,GIC,21,36,10,563.00,"5,630.00"
2020-11-19,2020111904005120,GIC,52,34,10,563.00,"5,630.00"
2020-11-19,2020111904005119,GIC,52,38,10,563.00,"5,630.00"
2020-11-19,2020111904005118,GIC,52,57,10,563.00,"5,630.00"
2020-11-19,2020111904005115,GIC,52,49,10,563.00,"5,630.00"
2020-11-19,2020111904005110,GIC,52,56,10,563.00,"5,630.00"
2020-11-19,2020111904005130,GIC,58,18,10,565.00,"5,650.00"
2020-11-19,2020111904005129,GIC,58,57,10,565.00,"5,650.00"
2020-11-19,2020111904005128,GIC,58,1,10,565.00,"5,650.00"
2020-11-19,2020111904005125,GIC,38,22,10,564.00,"5,640.00"
2020-11-19,2020111904005124,GIC,38,38,10,564.00,"5,640.00"
2020-11-19,2020111904005122,GIC,21,49,10,563.00,"5,630.00"
2020-11-19,2020111904005139,GIC,21,5,80,563.00,"45,040.00"
2020-11-19,2020111904005138,GIC,38,5,20,564.00,"11,280.00"
2020-11-19,2020111904005135,GIC,58,50,40,565.00,"22,600.00"
2020-11-19,2020111904005133,GIC,58,53,10,565.00,"5,650.00"
2020-11-19,2020111904005132,GIC,58,4,10,565.00,"5,650.00"
2020-11-19,2020111904005131,GIC,58,57,10,565.00,"5,650.00"
2020-11-19,2020111904005173,GIC,56,5,50,563.00,"28,150.00"
2020-11-19,2020111904005172,GIC,34,26,10,562.00,"5,620.00"
2020-11-19,2020111904005167,GIC,44,34,10,562.00,"5,620.00"
2020-11-19,2020111904005158,GIC,44,56,10,562.00,"5,620.00"
2020-11-19,2020111904005156,GIC,44,46,10,562.00,"5,620.00"
2020-11-19,2020111904005154,GIC,44,56,10,562.00,"5,620.00"
2020-11-19,2020111904005216,GIC,56,57,60,563.00,"33,780.00"
2020-11-19,2020111904005203,GIC,56,51,10,563.00,"5,630.00"
2020-11-19,2020111904005202,GIC,56,45,10,563.00,"5,630.00"
2020-11-19,2020111904005189,GIC,56,45,10,563.00,"5,630.00"
2020-11-19,2020111904005188,GIC,56,16,10,563.00,"5,630.00"
2020-11-19,2020111904005174,GIC,56,29,50,563.00,"28,150.00"
2020-11-19,2020111904005228,GIC,34,41,50,563.00,"28,150.00"
2020-11-19,2020111904005227,GIC,34,29,10,563.00,"5,630.00"
2020-11-19,2020111904005225,GIC,34,29,10,563.00,"5,630.00"
2020-11-19,2020111904005222,GIC,34,29,10,563.00,"5,630.00"
2020-11-19,2020111904005219,GIC,34,4,10,563.00,"5,630.00"
2020-11-19,2020111904005217,GIC,34,57,40,563.00,"22,520.00"
2020-11-19,2020111904005238,GIC,19,5,20,564.00,"11,280.00"
2020-11-19,2020111904005237,GIC,19,47,30,564.00,"16,920.00"
2020-11-19,2020111904005236,GIC,34,57,10,563.00,"5,630.00"
2020-11-19,2020111904005234,GIC,34,32,10,563.00,"5,630.00"
2020-11-19,2020111904005232,GIC,34,36,10,563.00,"5,630.00"
2020-11-19,2020111904005229,GIC,34,42,10,563.00,"5,630.00"
2020-11-19,2020111904005252,GIC,34,55,10,563.00,"5,630.00"
2020-11-19,2020111904005249,GIC,34,55,10,563.00,"5,630.00"
2020-11-19,2020111904005247,GIC,34,50,10,563.00,"5,630.00"
2020-11-19,2020111904005246,GIC,34,41,10,563.00,"5,630.00"
2020-11-19,2020111904005244,GIC,34,6,10,563.00,"5,630.00"
2020-11-19,2020111904005240,GIC,34,6,10,563.00,"5,630.00"
2020-11-19,2020111904005266,GIC,34,19,170,563.00,"95,710.00"
2020-11-19,2020111904005263,GIC,21,5,25,564.00,"14,100.00"
2020-11-19,2020111904005257,GIC,34,29,10,563.00,"5,630.00"
2020-11-19,2020111904005256,GIC,34,21,10,563.00,"5,630.00"
2020-11-19,2020111904005255,GIC,34,26,10,563.00,"5,630.00"
2020-11-19,2020111904005253,GIC,34,43,10,563.00,"5,630.00"
2020-11-19,2020111904005294,GIC,34,26,10,562.00,"5,620.00"
2020-11-19,2020111904005291,GIC,34,21,10,562.00,"5,620.00"
2020-11-19,2020111904005283,GIC,34,28,30,563.00,"16,890.00"
2020-11-19,2020111904005275,GIC,34,26,10,563.00,"5,630.00"
2020-11-19,2020111904005274,GIC,34,7,10,563.00,"5,630.00"
2020-11-19,2020111904005273,GIC,34,36,10,563.00,"5,630.00"
2020-11-19,2020111904005302,GIC,34,37,10,562.00,"5,620.00"
2020-11-19,2020111904005299,GIC,34,5,290,564.00,"163,560.00"
2020-11-19,2020111904005298,GIC,34,42,10,563.00,"5,630.00"
2020-11-19,2020111904005297,GIC,54,34,10,563.00,"5,630.00"
2020-11-19,2020111904005296,GIC,54,42,10,563.00,"5,630.00"
2020-11-19,2020111904005295,GIC,34,56,10,562.00,"5,620.00"
2020-11-19,2020111904005321,GIC,19,40,10,563.00,"5,630.00"
2020-11-19,2020111904005320,GIC,19,14,10,563.00,"5,630.00"
2020-11-19,2020111904005315,GIC,19,14,10,563.00,"5,630.00"
2020-11-19,2020111904005313,GIC,57,5,100,564.00,"56,400.00"
2020-11-19,2020111904005310,GIC,19,16,10,563.00,"5,630.00"
2020-11-19,2020111904005306,GIC,34,42,10,562.00,"5,620.00"
2020-11-19,2020111904005343,GIC,19,40,10,563.00,"5,630.00"
2020-11-19,2020111904005341,GIC,29,5,20,564.00,"11,280.00"
2020-11-19,2020111904005339,GIC,19,45,10,563.00,"5,630.00"
2020-11-19,2020111904005328,GIC,19,38,10,563.00,"5,630.00"
2020-11-19,2020111904005325,GIC,19,38,10,563.00,"5,630.00"
2020-11-19,2020111904005323,GIC,19,14,10,563.00,"5,630.00"
2020-11-19,2020111904005361,GIC,38,44,10,563.00,"5,630.00"
2020-11-19,2020111904005360,GIC,38,45,10,563.00,"5,630.00"
2020-11-19,2020111904005357,GIC,38,44,10,563.00,"5,630.00"
2020-11-19,2020111904005347,GIC,38,45,10,563.00,"5,630.00"
2020-11-19,2020111904005345,GIC,16,5,20,564.00,"11,280.00"
2020-11-19,2020111904005344,GIC,19,4,10,563.00,"5,630.00"
2020-11-19,2020111904005379,GIC,38,10,60,563.00,"33,780.00"
2020-11-19,2020111904005375,GIC,38,4,10,563.00,"5,630.00"
2020-11-19,2020111904005373,GIC,38,45,10,563.00,"5,630.00"
2020-11-19,2020111904005371,GIC,38,45,10,563.00,"5,630.00"
2020-11-19,2020111904005369,GIC,38,14,10,563.00,"5,630.00"
2020-11-19,2020111904005368,GIC,38,19,10,563.00,"5,630.00"
2020-11-19,2020111904005392,GIC,8,35,10,564.00,"5,640.00"
2020-11-19,2020111904005391,GIC,8,57,10,564.00,"5,640.00"
2020-11-19,2020111904005390,GIC,8,32,10,564.00,"5,640.00"
2020-11-19,2020111904005389,GIC,8,54,10,564.00,"5,640.00"
2020-11-19,2020111904005388,GIC,8,5,25,564.00,"14,100.00"
2020-11-19,2020111904005380,GIC,47,10,40,563.00,"22,520.00"
2020-11-19,2020111904005026,GIMES1,34,13,"4,000",11.57,"46,280.00"
2020-11-19,2020111904005025,GIMES1,34,42,"1,000",11.56,"11,560.00"
2020-11-19,2020111904004989,GIMES1,34,17,"3,500",11.55,"40,425.00"
2020-11-19,2020111904004933,GIMES1,36,13,"2,000",11.55,"23,100.00"
2020-11-19,2020111904004923,GIMES1,36,17,"1,000",11.55,"11,550.00"
2020-11-19,2020111904005410,LUK,22,32,100,9.90,990.00
2020-11-19,2020111904005052,LUK,35,48,100,9.94,994.00
2020-11-19,2020111904005051,LUK,35,39,100,9.91,991.00
2020-11-19,2020111904005304,NBF2,57,49,400,10.00,"4,000.00"
2020-11-19,2020111904005303,NBF2,41,49,100,10.00,"1,000.00"
2020-11-19,2020111904005242,NBF2,51,51,600,10.05,"6,030.00"
2020-11-19,2020111904005395,NEF,40,41,"1,690",10.00,"16,900.00"
2020-11-19,2020111904005359,NEF,10,19,414,9.99,"4,135.86"
2020-11-19,2020111904005358,NEF,10,19,"2,000",9.99,"19,980.00"
2020-11-19,2020111904005261,NEF,26,28,"22,054",10.00,"220,540.00"
2020-11-19,2020111904005224,NEF,38,28,"5,000",10.00,"50,000.00"
2020-11-19,2020111904005223,NEF,26,28,"2,429",10.00,"24,290.00"
2020-11-19,2020111904005207,NEF,38,44,"2,414",10.10,"24,381.40"
2020-11-19,2020111904005179,NEF,38,51,"1,110",10.10,"11,211.00"
2020-11-19,2020111904005146,NEF,42,35,"2,414",10.05,"24,260.70"
2020-11-19,2020111904004953,NEF,26,3,"10,157",10.00,"101,570.00"
2020-11-19,2020111904004952,NEF,26,49,"2,414",9.97,"24,067.58"
2020-11-19,2020111904005221,NEF,38,3,"5,000",10.01,"50,050.00"
2020-11-19,2020111904005220,NEF,42,3,500,10.01,"5,005.00"
2020-11-19,2020111904005211,NEF,38,6,"1,095",10.10,"11,059.50"
2020-11-19,2020111904005210,NEF,38,58,"4,732",10.10,"47,793.20"
2020-11-19,2020111904005209,NEF,38,14,966,10.10,"9,756.60"
2020-11-19,2020111904005208,NEF,38,51,784,10.10,"7,918.40"
2020-11-19,2020111904005346,NIBLPF,56,19,"2,525",10.16,"25,654.00"
2020-11-19,2020111904005267,NIBLPF,56,44,"2,525",10.16,"25,654.00"
2020-11-19,2020111904004915,NIBLPF,5,38,"1,010",10.20,"10,302.00"
2020-11-19,2020111904005366,NIBPO,42,22,250,379.00,"94,750.00"
2020-11-19,2020111904005365,NIBPO,42,4,500,379.00,"189,500.00"
2020-11-19,2020111904005364,NIBPO,42,49,"1,000",379.00,"379,000.00"
2020-11-19,2020111904005363,NIBPO,42,49,"1,000",379.00,"379,000.00"
2020-11-19,2020111904005362,NIBPO,42,39,100,379.00,"37,900.00"
2020-11-19,2020111904005356,NIBPO,42,49,10,377.00,"3,770.00"
2020-11-19,2020111904005355,NIBPO,42,49,500,377.00,"188,500.00"
2020-11-19,2020111904005354,NIBPO,42,39,168,375.00,"63,000.00"
2020-11-19,2020111904005353,NIBPO,42,13,400,374.00,"149,600.00"
2020-11-19,2020111904005212,NIBPO,20,6,262,370.00,"96,940.00"
2020-11-19,2020111904004921,NIBPO,51,39,60,371.00,"22,260.00"
2020-11-19,2020111904005384,NIBSF1,51,40,"1,000",10.96,"10,960.00"
2020-11-19,2020111904005017,NIBSF1,51,35,"4,850",10.96,"53,156.00"
2020-11-19,2020111904005016,NIBSF1,14,35,150,11.00,"1,650.00"
2020-11-19,2020111904004935,NICAD8283,6,58,50,"1,140.00","57,000.00"
2020-11-19,2020111904005333,NICBF,42,58,100,10.38,"1,038.00"
2020-11-19,2020111904005271,NICBF,51,34,100,10.32,"1,032.00"
2020-11-19,2020111904005175,NICBF,51,34,300,10.32,"3,096.00"
2020-11-19,2020111904005042,NICGF,8,39,100,10.81,"1,081.00"
2020-11-19,2020111904005381,NMB50,51,1,500,10.17,"5,085.00"
2020-11-19,2020111904005230,NMB50,13,16,100,10.16,"1,016.00"
2020-11-19,2020111904005178,NMB50,13,34,200,10.16,"2,032.00"
2020-11-19,2020111904005348,NMBHF1,53,19,"4,161",10.47,"43,565.67"
2020-11-19,2020111904005153,NMBHF1,53,17,732,10.47,"7,664.04"
2020-11-19,2020111904005404,RBCLPO,54,22,80,"16,000.00","1,280,000.00"
2020-11-19,2020111904005403,RBCLPO,54,42,45,"16,000.00","720,000.00"
2020-11-19,2020111904005322,RBCLPO,18,18,30,"16,015.00","480,450.00"
2020-11-19,2020111904005312,RBCLPO,58,59,70,"16,000.00","1,120,000.00"
2020-11-19,2020111904005309,RBCLPO,58,59,10,"16,000.00","160,000.00"
2020-11-19,2020111904005308,RBCLPO,58,4,20,"15,900.00","318,000.00"
2020-11-19,2020111904005194,RBCLPO,54,45,30,"16,008.00","480,240.00"
2020-11-19,2020111904005193,RBCLPO,54,16,10,"16,005.00","160,050.00"
2020-11-19,2020111904005192,RBCLPO,54,45,30,"16,000.00","480,000.00"
2020-11-19,2020111904005270,RBCLPO,21,59,20,"16,000.00","320,000.00"
2020-11-19,2020111904005269,RBCLPO,21,42,10,"16,000.00","160,000.00"
2020-11-19,2020111904005198,RBCLPO,54,5,10,"16,016.00","160,160.00"
2020-11-19,2020111904005197,RBCLPO,54,7,10,"16,015.00","160,150.00"
2020-11-19,2020111904005196,RBCLPO,54,6,10,"16,010.00","160,100.00"
2020-11-19,2020111904005195,RBCLPO,54,39,10,"16,009.00","160,090.00"
2020-11-19,2020111904005284,SAEF,39,33,200,11.70,"2,340.00"
2020-11-19,2020111904005268,SAEF,39,16,"4,800",11.70,"56,160.00"
2020-11-19,2020111904005199,SAEF,47,16,200,11.70,"2,340.00"
2020-11-19,2020111904005140,SAEF,47,51,600,11.70,"7,020.00"
2020-11-19,2020111904005134,SAEF,34,51,900,11.72,"10,548.00"
2020-11-19,2020111904005087,SAEF,34,11,"5,000",11.73,"58,650.00"
2020-11-19,2020111904004931,SAEF,34,33,"1,800",11.70,"21,060.00"
2020-11-19,2020111904004930,SAEF,34,41,200,11.70,"2,340.00"
2020-11-19,2020111904004918,SAEF,34,5,500,11.69,"5,845.00"
2020-11-19,2020111904004917,SAEF,34,5,500,11.65,"5,825.00"
2020-11-19,2020111904004979,SAEF,34,44,"2,100",11.72,"24,612.00"
2020-11-19,2020111904004978,SAEF,34,51,"1,000",11.72,"11,720.00"
2020-11-19,2020111904004969,SAEF,34,51,"4,000",11.72,"46,880.00"
2020-11-19,2020111904004948,SAEF,47,33,"3,700",11.70,"43,290.00"
2020-11-19,2020111904004946,SAEF,34,33,"2,000",11.70,"23,400.00"
2020-11-19,2020111904004944,SAEF,36,33,"2,500",11.70,"29,250.00"
2020-11-19,2020111904005147,SAND2085,17,58,200,"1,054.00","210,800.00"
2020-11-19,2020111904005386,SEF,14,46,290,10.66,"3,091.40"
2020-11-19,2020111904005338,SEF,47,39,"16,000",10.65,"170,400.00"
2020-11-19,2020111904005337,SEF,21,39,"1,000",10.66,"10,660.00"
2020-11-19,2020111904005336,SEF,56,39,"1,500",10.66,"15,990.00"
2020-11-19,2020111904005335,SEF,5,39,"2,500",10.67,"26,675.00"
2020-11-19,2020111904005334,SEF,6,39,"4,000",10.68,"42,720.00"
2020-11-19,2020111904005289,SEF,6,51,500,10.68,"5,340.00"
2020-11-19,2020111904005282,SEF,6,28,500,10.68,"5,340.00"
2020-11-19,2020111904005239,SEF,5,49,500,10.67,"5,335.00"
2020-11-19,2020111904005161,SEF,6,49,"4,000",10.69,"42,760.00"
2020-11-19,2020111904005160,SEF,6,48,500,10.68,"5,340.00"
2020-11-19,2020111904005034,SFMF,41,44,500,10.76,"5,380.00"
2020-11-19,2020111904005033,SFMF,41,4,"1,000",10.75,"10,750.00"
2020-11-19,2020111904005409,SGI,59,38,10,613.00,"6,130.00"
2020-11-19,2020111904005406,SGI,59,49,10,613.00,"6,130.00"
2020-11-19,2020111904005405,SGI,59,48,10,613.00,"6,130.00"
2020-11-19,2020111904005402,SGI,59,38,10,613.00,"6,130.00"
2020-11-19,2020111904005401,SGI,59,48,10,613.00,"6,130.00"
2020-11-19,2020111904005400,SGI,59,38,10,613.00,"6,130.00"
2020-11-19,2020111904004914,SGI,43,45,10,613.00,"6,130.00"
2020-11-19,2020111904004926,SGI,50,8,10,613.00,"6,130.00"
2020-11-19,2020111904004925,SGI,50,59,10,613.00,"6,130.00"
2020-11-19,2020111904004922,SGI,43,48,10,613.00,"6,130.00"
2020-11-19,2020111904004920,SGI,43,58,10,613.00,"6,130.00"
2020-11-19,2020111904004919,SGI,43,59,10,613.00,"6,130.00"
2020-11-19,2020111904004916,SGI,43,52,10,613.00,"6,130.00"
2020-11-19,2020111904004937,SGI,33,59,10,613.00,"6,130.00"
2020-11-19,2020111904004936,SGI,33,22,10,613.00,"6,130.00"
2020-11-19,2020111904004934,SGI,50,59,10,613.00,"6,130.00"
2020-11-19,2020111904004929,SGI,50,22,10,613.00,"6,130.00"
2020-11-19,2020111904004928,SGI,50,42,10,613.00,"6,130.00"
2020-11-19,2020111904004927,SGI,50,42,10,613.00,"6,130.00"
2020-11-19,2020111904004955,SGI,33,39,10,613.00,"6,130.00"
2020-11-19,2020111904004951,SGI,33,39,10,613.00,"6,130.00"
2020-11-19,2020111904004949,SGI,33,59,10,613.00,"6,130.00"
2020-11-19,2020111904004943,SGI,33,45,10,613.00,"6,130.00"
2020-11-19,2020111904004941,SGI,33,22,10,613.00,"6,130.00"
2020-11-19,2020111904004938,SGI,33,5,10,613.00,"6,130.00"
2020-11-19,2020111904004966,SGI,47,39,10,613.00,"6,130.00"
2020-11-19,2020111904004965,SGI,47,47,10,613.00,"6,130.00"
2020-11-19,2020111904004964,SGI,47,38,10,613.00,"6,130.00"
2020-11-19,2020111904004963,SGI,47,34,10,613.00,"6,130.00"
2020-11-19,2020111904004962,SGI,33,38,10,613.00,"6,130.00"
2020-11-19,2020111904004959,SGI,33,58,10,613.00,"6,130.00"
2020-11-19,2020111904004974,SGI,21,42,10,613.00,"6,130.00"
2020-11-19,2020111904004973,SGI,21,47,10,613.00,"6,130.00"
2020-11-19,2020111904004972,SGI,21,39,10,613.00,"6,130.00"
2020-11-19,2020111904004971,SGI,39,34,10,613.00,"6,130.00"
2020-11-19,2020111904004968,SGI,39,39,10,613.00,"6,130.00"
2020-11-19,2020111904004967,SGI,47,42,10,613.00,"6,130.00"
2020-11-19,2020111904004984,SGI,16,38,10,613.00,"6,130.00"
2020-11-19,2020111904004983,SGI,16,53,10,613.00,"6,130.00"
2020-11-19,2020111904004980,SGI,16,38,10,613.00,"6,130.00"
2020-11-19,2020111904004977,SGI,16,58,10,613.00,"6,130.00"
2020-11-19,2020111904004976,SGI,21,34,10,613.00,"6,130.00"
2020-11-19,2020111904004975,SGI,21,19,10,613.00,"6,130.00"
2020-11-19,2020111904004993,SGI,16,50,10,613.00,"6,130.00"
2020-11-19,2020111904004991,SGI,16,57,10,613.00,"6,130.00"
2020-11-19,2020111904004990,SGI,16,47,10,613.00,"6,130.00"
2020-11-19,2020111904004988,SGI,16,45,10,613.00,"6,130.00"
2020-11-19,2020111904004987,SGI,16,57,10,613.00,"6,130.00"
2020-11-19,2020111904004986,SGI,16,29,10,613.00,"6,130.00"
2020-11-19,2020111904005004,SGI,16,18,10,613.00,"6,130.00"
2020-11-19,2020111904005003,SGI,16,57,10,613.00,"6,130.00"
2020-11-19,2020111904005002,SGI,16,57,10,613.00,"6,130.00"
2020-11-19,2020111904004998,SGI,16,51,10,613.00,"6,130.00"
2020-11-19,2020111904004997,SGI,16,22,10,613.00,"6,130.00"
2020-11-19,2020111904004996,SGI,16,45,10,613.00,"6,130.00"
2020-11-19,2020111904005010,SGI,16,57,10,613.00,"6,130.00"
2020-11-19,2020111904005009,SGI,16,38,10,613.00,"6,130.00"
2020-11-19,2020111904005008,SGI,16,45,10,613.00,"6,130.00"
2020-11-19,2020111904005007,SGI,16,56,10,613.00,"6,130.00"
2020-11-19,2020111904005006,SGI,16,49,10,613.00,"6,130.00"
2020-11-19,2020111904005005,SGI,16,51,10,613.00,"6,130.00"
2020-11-19,2020111904005020,SGI,16,38,10,613.00,"6,130.00"
2020-11-19,2020111904005019,SGI,16,53,10,613.00,"6,130.00"
2020-11-19,2020111904005018,SGI,16,22,10,613.00,"6,130.00"
2020-11-19,2020111904005015,SGI,16,58,10,613.00,"6,130.00"
2020-11-19,2020111904005012,SGI,16,8,10,613.00,"6,130.00"
2020-11-19,2020111904005011,SGI,16,8,10,613.00,"6,130.00"
2020-11-19,2020111904005030,SGI,6,22,10,613.00,"6,130.00"
2020-11-19,2020111904005029,SGI,6,42,10,613.00,"6,130.00"
2020-11-19,2020111904005028,SGI,6,38,10,613.00,"6,130.00"
2020-11-19,2020111904005027,SGI,6,22,10,613.00,"6,130.00"
2020-11-19,2020111904005024,SGI,16,49,10,613.00,"6,130.00"
2020-11-19,2020111904005023,SGI,16,8,10,613.00,"6,130.00"
2020-11-19,2020111904005043,SGI,6,7,10,613.00,"6,130.00"
2020-11-19,2020111904005041,SGI,6,38,10,613.00,"6,130.00"
2020-11-19,2020111904005040,SGI,6,22,10,613.00,"6,130.00"
2020-11-19,2020111904005035,SGI,6,22,10,613.00,"6,130.00"
2020-11-19,2020111904005032,SGI,6,14,10,613.00,"6,130.00"
2020-11-19,2020111904005031,SGI,6,38,10,613.00,"6,130.00"
2020-11-19,2020111904005053,SGI,6,44,10,613.00,"6,130.00"
2020-11-19,2020111904005050,SGI,6,38,10,613.00,"6,130.00"
2020-11-19,2020111904005048,SGI,6,53,10,613.00,"6,130.00"
2020-11-19,2020111904005047,SGI,6,42,10,613.00,"6,130.00"
2020-11-19,2020111904005046,SGI,6,42,10,613.00,"6,130.00"
2020-11-19,2020111904005044,SGI,6,19,10,613.00,"6,130.00"
2020-11-19,2020111904005071,SGI,6,42,10,613.00,"6,130.00"
2020-11-19,2020111904005070,SGI,6,45,10,613.00,"6,130.00"
2020-11-19,2020111904005069,SGI,6,38,10,613.00,"6,130.00"
2020-11-19,2020111904005058,SGI,6,40,10,613.00,"6,130.00"
2020-11-19,2020111904005056,SGI,6,44,10,613.00,"6,130.00"
2020-11-19,2020111904005054,SGI,6,38,10,613.00,"6,130.00"
2020-11-19,2020111904005079,SGI,6,47,10,613.00,"6,130.00"
2020-11-19,2020111904005078,SGI,6,16,10,613.00,"6,130.00"
2020-11-19,2020111904005077,SGI,6,38,10,613.00,"6,130.00"
2020-11-19,2020111904005076,SGI,6,8,10,613.00,"6,130.00"
2020-11-19,2020111904005074,SGI,6,38,10,613.00,"6,130.00"
2020-11-19,2020111904005072,SGI,6,47,10,613.00,"6,130.00"
2020-11-19,2020111904005088,SGI,6,59,10,613.00,"6,130.00"
2020-11-19,2020111904005086,SGI,6,16,10,613.00,"6,130.00"
2020-11-19,2020111904005085,SGI,6,19,10,613.00,"6,130.00"
2020-11-19,2020111904005083,SGI,6,53,10,613.00,"6,130.00"
2020-11-19,2020111904005082,SGI,6,49,10,613.00,"6,130.00"
2020-11-19,2020111904005081,SGI,6,59,10,613.00,"6,130.00"
2020-11-19,2020111904005099,SGI,6,58,10,613.00,"6,130.00"
2020-11-19,2020111904005098,SGI,6,56,10,613.00,"6,130.00"
2020-11-19,2020111904005097,SGI,6,38,10,613.00,"6,130.00"
2020-11-19,2020111904005096,SGI,6,16,10,613.00,"6,130.00"
2020-11-19,2020111904005095,SGI,6,4,10,613.00,"6,130.00"
2020-11-19,2020111904005094,SGI,6,16,10,613.00,"6,130.00"
2020-11-19,2020111904005114,SGI,6,25,10,613.00,"6,130.00"
2020-11-19,2020111904005113,SGI,6,16,10,613.00,"6,130.00"
2020-11-19,2020111904005112,SGI,6,45,10,613.00,"6,130.00"
2020-11-19,2020111904005111,SGI,6,48,10,613.00,"6,130.00"
2020-11-19,2020111904005101,SGI,6,58,10,613.00,"6,130.00"
2020-11-19,2020111904005100,SGI,6,29,10,613.00,"6,130.00"
2020-11-19,2020111904005136,SGI,6,45,10,613.00,"6,130.00"
2020-11-19,2020111904005127,SGI,6,45,10,613.00,"6,130.00"
2020-11-19,2020111904005126,SGI,6,36,10,613.00,"6,130.00"
2020-11-19,2020111904005123,SGI,6,42,10,613.00,"6,130.00"
2020-11-19,2020111904005117,SGI,6,49,10,613.00,"6,130.00"
2020-11-19,2020111904005116,SGI,6,7,10,613.00,"6,130.00"
2020-11-19,2020111904005145,SGI,6,16,10,613.00,"6,130.00"
2020-11-19,2020111904005144,SGI,6,32,10,613.00,"6,130.00"
2020-11-19,2020111904005143,SGI,6,35,10,613.00,"6,130.00"
2020-11-19,2020111904005142,SGI,6,45,10,613.00,"6,130.00"
2020-11-19,2020111904005141,SGI,6,56,10,613.00,"6,130.00"
2020-11-19,2020111904005137,SGI,6,16,10,613.00,"6,130.00"
2020-11-19,2020111904005155,SGI,6,16,10,613.00,"6,130.00"
2020-11-19,2020111904005152,SGI,6,49,10,613.00,"6,130.00"
2020-11-19,2020111904005151,SGI,6,52,10,613.00,"6,130.00"
2020-11-19,2020111904005150,SGI,6,16,10,613.00,"6,130.00"
2020-11-19,2020111904005149,SGI,6,53,10,613.00,"6,130.00"
2020-11-19,2020111904005148,SGI,6,7,10,613.00,"6,130.00"
2020-11-19,2020111904005165,SGI,6,42,10,613.00,"6,130.00"
2020-11-19,2020111904005164,SGI,6,46,10,613.00,"6,130.00"
2020-11-19,2020111904005163,SGI,6,4,10,613.00,"6,130.00"
2020-11-19,2020111904005162,SGI,6,59,10,613.00,"6,130.00"
2020-11-19,2020111904005159,SGI,6,4,10,613.00,"6,130.00"
2020-11-19,2020111904005157,SGI,6,58,10,613.00,"6,130.00"
2020-11-19,2020111904005176,SGI,6,21,10,613.00,"6,130.00"
2020-11-19,2020111904005171,SGI,6,59,10,613.00,"6,130.00"
2020-11-19,2020111904005170,SGI,6,46,10,613.00,"6,130.00"
2020-11-19,2020111904005169,SGI,6,3,10,613.00,"6,130.00"
2020-11-19,2020111904005168,SGI,6,41,10,613.00,"6,130.00"
2020-11-19,2020111904005166,SGI,6,49,10,613.00,"6,130.00"
2020-11-19,2020111904005184,SGI,6,52,10,613.00,"6,130.00"
2020-11-19,2020111904005183,SGI,6,59,10,613.00,"6,130.00"
2020-11-19,2020111904005182,SGI,6,3,10,613.00,"6,130.00"
2020-11-19,2020111904005181,SGI,6,21,10,613.00,"6,130.00"
2020-11-19,2020111904005180,SGI,6,59,10,613.00,"6,130.00"
2020-11-19,2020111904005177,SGI,6,3,10,613.00,"6,130.00"
2020-11-19,2020111904005200,SGI,6,21,10,613.00,"6,130.00"
2020-11-19,2020111904005191,SGI,6,56,10,613.00,"6,130.00"
2020-11-19,2020111904005190,SGI,6,21,10,613.00,"6,130.00"
2020-11-19,2020111904005187,SGI,6,3,10,613.00,"6,130.00"
2020-11-19,2020111904005186,SGI,6,53,10,613.00,"6,130.00"
2020-11-19,2020111904005185,SGI,6,21,10,613.00,"6,130.00"
2020-11-19,2020111904005214,SGI,6,29,10,613.00,"6,130.00"
2020-11-19,2020111904005213,SGI,6,7,10,613.00,"6,130.00"
2020-11-19,2020111904005206,SGI,6,36,10,613.00,"6,130.00"
2020-11-19,2020111904005205,SGI,6,36,10,613.00,"6,130.00"
2020-11-19,2020111904005204,SGI,6,59,10,613.00,"6,130.00"
2020-11-19,2020111904005201,SGI,6,45,10,613.00,"6,130.00"
2020-11-19,2020111904005235,SGI,6,6,10,613.00,"6,130.00"
2020-11-19,2020111904005233,SGI,6,4,10,613.00,"6,130.00"
2020-11-19,2020111904005231,SGI,6,45,10,613.00,"6,130.00"
2020-11-19,2020111904005226,SGI,6,59,10,613.00,"6,130.00"
2020-11-19,2020111904005218,SGI,6,29,10,613.00,"6,130.00"
2020-11-19,2020111904005215,SGI,6,52,10,613.00,"6,130.00"
2020-11-19,2020111904005258,SGI,42,56,10,613.00,"6,130.00"
2020-11-19,2020111904005254,SGI,42,36,10,613.00,"6,130.00"
2020-11-19,2020111904005248,SGI,42,36,10,613.00,"6,130.00"
2020-11-19,2020111904005245,SGI,42,7,10,613.00,"6,130.00"
2020-11-19,2020111904005243,SGI,42,50,10,613.00,"6,130.00"
2020-11-19,2020111904005241,SGI,42,42,10,613.00,"6,130.00"
2020-11-19,2020111904005272,SGI,59,45,10,613.00,"6,130.00"
2020-11-19,2020111904005265,SGI,53,8,10,613.00,"6,130.00"
2020-11-19,2020111904005264,SGI,42,45,10,613.00,"6,130.00"
2020-11-19,2020111904005262,SGI,42,55,10,613.00,"6,130.00"
2020-11-19,2020111904005260,SGI,42,54,10,613.00,"6,130.00"
2020-11-19,2020111904005259,SGI,42,55,10,613.00,"6,130.00"
2020-11-19,2020111904005281,SGI,59,45,10,613.00,"6,130.00"
2020-11-19,2020111904005280,SGI,59,7,10,613.00,"6,130.00"
2020-11-19,2020111904005279,SGI,59,45,10,613.00,"6,130.00"
2020-11-19,2020111904005278,SGI,59,41,10,613.00,"6,130.00"
2020-11-19,2020111904005277,SGI,59,58,10,613.00,"6,130.00"
2020-11-19,2020111904005276,SGI,59,45,10,613.00,"6,130.00"
2020-11-19,2020111904005292,SGI,59,59,10,613.00,"6,130.00"
2020-11-19,2020111904005290,SGI,59,45,10,613.00,"6,130.00"
2020-11-19,2020111904005288,SGI,59,43,10,613.00,"6,130.00"
2020-11-19,2020111904005287,SGI,59,54,10,613.00,"6,130.00"
2020-11-19,2020111904005286,SGI,59,45,10,613.00,"6,130.00"
2020-11-19,2020111904005285,SGI,59,45,10,613.00,"6,130.00"
2020-11-19,2020111904005314,SGI,59,14,10,613.00,"6,130.00"
2020-11-19,2020111904005307,SGI,59,34,10,613.00,"6,130.00"
2020-11-19,2020111904005305,SGI,59,37,10,613.00,"6,130.00"
2020-11-19,2020111904005301,SGI,59,6,10,613.00,"6,130.00"
2020-11-19,2020111904005300,SGI,59,43,10,613.00,"6,130.00"
2020-11-19,2020111904005293,SGI,59,7,10,613.00,"6,130.00"
2020-11-19,2020111904005326,SGI,59,49,10,613.00,"6,130.00"
2020-11-19,2020111904005324,SGI,59,54,10,613.00,"6,130.00"
2020-11-19,2020111904005319,SGI,59,58,10,613.00,"6,130.00"
2020-11-19,2020111904005318,SGI,59,51,10,613.00,"6,130.00"
2020-11-19,2020111904005317,SGI,59,7,10,613.00,"6,130.00"
2020-11-19,2020111904005316,SGI,59,42,10,613.00,"6,130.00"
2020-11-19,2020111904005340,SGI,59,45,10,613.00,"6,130.00"
2020-11-19,2020111904005332,SGI,59,1,10,613.00,"6,130.00"
2020-11-19,2020111904005331,SGI,59,1,10,613.00,"6,130.00"
2020-11-19,2020111904005330,SGI,59,49,10,613.00,"6,130.00"
2020-11-19,2020111904005329,SGI,59,49,10,613.00,"6,130.00"
2020-11-19,2020111904005327,SGI,59,7,10,613.00,"6,130.00"
2020-11-19,2020111904005367,SGI,59,45,10,613.00,"6,130.00"
2020-11-19,2020111904005352,SGI,59,26,10,613.00,"6,130.00"
2020-11-19,2020111904005351,SGI,59,45,10,613.00,"6,130.00"
2020-11-19,2020111904005350,SGI,59,34,10,613.00,"6,130.00"
2020-11-19,2020111904005349,SGI,59,10,10,613.00,"6,130.00"
2020-11-19,2020111904005342,SGI,59,45,10,613.00,"6,130.00"
2020-11-19,2020111904005378,SGI,59,36,10,613.00,"6,130.00"
2020-11-19,2020111904005377,SGI,59,45,10,613.00,"6,130.00"
2020-11-19,2020111904005376,SGI,59,57,10,613.00,"6,130.00"
2020-11-19,2020111904005374,SGI,59,57,10,613.00,"6,130.00"
2020-11-19,2020111904005372,SGI,59,14,10,613.00,"6,130.00"
2020-11-19,2020111904005370,SGI,59,56,10,613.00,"6,130.00"
2020-11-19,2020111904005399,SGI,59,45,10,613.00,"6,130.00"
2020-11-19,2020111904005396,SGI,59,38,10,613.00,"6,130.00"
2020-11-19,2020111904005387,SGI,59,58,10,613.00,"6,130.00"
2020-11-19,2020111904005385,SGI,59,57,10,613.00,"6,130.00"
2020-11-19,2020111904005383,SGI,59,36,10,613.00,"6,130.00"
2020-11-19,2020111904005382,SGI,59,46,10,613.00,"6,130.00"
2020-11-19,2020111904005014,STC,21,33,5,"7,245.00","36,225.00"
2020-11-19,2020111904004985,STC,34,5,50,"7,245.00","362,250.00"
2020-11-19,2020111904004875,CMF1,51,21,300,10.36,"3,108.00"
2020-11-19,2020111904004853,CMF1,51,21,"1,000",10.36,"10,360.00"
2020-11-19,2020111904004847,CMF1,46,21,500,10.40,"5,200.00"
2020-11-19,2020111904004840,CMF1,46,21,500,10.40,"5,200.00"
2020-11-19,2020111904004822,CMF1,46,21,500,10.40,"5,200.00"
2020-11-19,2020111904004821,CMF1,46,45,500,10.40,"5,200.00"
2020-11-19,2020111904004820,CMF1,21,45,500,10.40,"5,200.00"
2020-11-19,2020111904004812,CMF1,21,21,500,10.40,"5,200.00"
2020-11-19,2020111904004517,CMF1,51,43,"2,050",10.48,"21,484.00"
2020-11-19,2020111904004589,GBD80/81,13,58,50,"1,020.00","51,000.00"
2020-11-19,2020111904004910,GIC,19,59,10,564.00,"5,640.00"
2020-11-19,2020111904004907,GIC,19,59,10,564.00,"5,640.00"
2020-11-19,2020111904004904,GIC,6,33,400,566.00,"226,400.00"
2020-11-19,2020111904004903,GIC,6,52,10,566.00,"5,660.00"
2020-11-19,2020111904004902,GIC,6,43,50,566.00,"28,300.00"
2020-11-19,2020111904004901,GIC,6,56,10,566.00,"5,660.00"
2020-11-19,2020111904004421,GIC,57,17,10,564.00,"5,640.00"
2020-11-19,2020111904004427,GIC,36,41,10,565.00,"5,650.00"
2020-11-19,2020111904004426,GIC,36,45,10,565.00,"5,650.00"
2020-11-19,2020111904004425,GIC,36,58,10,565.00,"5,650.00"
2020-11-19,2020111904004424,GIC,36,34,10,565.00,"5,650.00"
2020-11-19,2020111904004423,GIC,36,41,10,565.00,"5,650.00"
2020-11-19,2020111904004422,GIC,36,29,140,565.00,"79,100.00"
2020-11-19,2020111904004443,GIC,36,56,10,565.00,"5,650.00"
2020-11-19,2020111904004441,GIC,36,28,10,565.00,"5,650.00"
2020-11-19,2020111904004434,GIC,36,49,50,565.00,"28,250.00"
2020-11-19,2020111904004433,GIC,36,28,10,565.00,"5,650.00"
2020-11-19,2020111904004430,GIC,36,49,10,565.00,"5,650.00"
2020-11-19,2020111904004428,GIC,36,28,10,565.00,"5,650.00"
2020-11-19,2020111904004451,GIC,36,49,10,565.00,"5,650.00"
2020-11-19,2020111904004449,GIC,36,1,10,565.00,"5,650.00"
2020-11-19,2020111904004448,GIC,36,38,10,565.00,"5,650.00"
2020-11-19,2020111904004447,GIC,36,26,10,565.00,"5,650.00"
2020-11-19,2020111904004446,GIC,36,38,10,565.00,"5,650.00"
2020-11-19,2020111904004445,GIC,36,41,40,565.00,"22,600.00"
2020-11-19,2020111904004475,GIC,36,13,10,565.00,"5,650.00"
2020-11-19,2020111904004471,GIC,36,38,10,565.00,"5,650.00"
2020-11-19,2020111904004470,GIC,36,56,10,565.00,"5,650.00"
2020-11-19,2020111904004467,GIC,36,49,10,565.00,"5,650.00"
2020-11-19,2020111904004460,GIC,36,13,10,565.00,"5,650.00"
2020-11-19,2020111904004454,GIC,36,49,10,565.00,"5,650.00"
2020-11-19,2020111904004483,GIC,25,33,200,566.00,"113,200.00"
2020-11-19,2020111904004482,GIC,25,57,250,566.00,"141,500.00"
2020-11-19,2020111904004481,GIC,25,13,100,566.00,"56,600.00"
2020-11-19,2020111904004480,GIC,25,44,100,566.00,"56,600.00"
2020-11-19,2020111904004479,GIC,25,58,50,566.00,"28,300.00"
2020-11-19,2020111904004477,GIC,36,45,10,565.00,"5,650.00"
2020-11-19,2020111904004491,GIC,17,45,100,565.00,"56,500.00"
2020-11-19,2020111904004490,GIC,17,49,10,565.00,"5,650.00"
2020-11-19,2020111904004488,GIC,17,13,10,565.00,"5,650.00"
2020-11-19,2020111904004486,GIC,17,28,60,565.00,"33,900.00"
2020-11-19,2020111904004485,GIC,36,28,40,565.00,"22,600.00"
2020-11-19,2020111904004484,GIC,36,22,10,565.00,"5,650.00"
2020-11-19,2020111904004508,GIC,26,14,30,565.00,"16,950.00"
2020-11-19,2020111904004507,GIC,36,14,280,565.00,"158,200.00"
2020-11-19,2020111904004505,GIC,17,58,10,565.00,"5,650.00"
2020-11-19,2020111904004500,GIC,42,33,280,566.00,"158,480.00"
2020-11-19,2020111904004494,GIC,17,42,10,565.00,"5,650.00"
2020-11-19,2020111904004492,GIC,38,33,200,566.00,"113,200.00"
2020-11-19,2020111904004549,GIC,44,42,10,562.00,"5,620.00"
2020-11-19,2020111904004548,GIC,44,38,10,562.00,"5,620.00"
2020-11-19,2020111904004546,GIC,44,42,10,562.00,"5,620.00"
2020-11-19,2020111904004541,GIC,44,10,10,562.00,"5,620.00"
2020-11-19,2020111904004518,GIC,38,48,10,563.00,"5,630.00"
2020-11-19,2020111904004512,GIC,38,17,10,563.00,"5,630.00"
2020-11-19,2020111904004562,GIC,7,47,10,565.00,"5,650.00"
2020-11-19,2020111904004561,GIC,7,14,220,565.00,"124,300.00"
2020-11-19,2020111904004559,GIC,44,42,10,562.00,"5,620.00"
2020-11-19,2020111904004552,GIC,44,42,10,562.00,"5,620.00"
2020-11-19,2020111904004551,GIC,44,26,10,562.00,"5,620.00"
2020-11-19,2020111904004550,GIC,44,22,10,562.00,"5,620.00"
2020-11-19,2020111904004587,GIC,44,17,10,562.00,"5,620.00"
2020-11-19,2020111904004576,GIC,44,17,10,562.00,"5,620.00"
2020-11-19,2020111904004571,GIC,44,47,10,562.00,"5,620.00"
2020-11-19,2020111904004567,GIC,7,28,250,565.00,"141,250.00"
2020-11-19,2020111904004566,GIC,7,42,10,565.00,"5,650.00"
2020-11-19,2020111904004563,GIC,7,49,10,565.00,"5,650.00"
2020-11-19,2020111904004599,GIC,8,47,10,563.00,"5,630.00"
2020-11-19,2020111904004596,GIC,8,41,10,563.00,"5,630.00"
2020-11-19,2020111904004595,GIC,44,38,10,562.00,"5,620.00"
2020-11-19,2020111904004594,GIC,44,47,10,562.00,"5,620.00"
2020-11-19,2020111904004591,GIC,44,14,10,562.00,"5,620.00"
2020-11-19,2020111904004588,GIC,44,47,10,562.00,"5,620.00"
2020-11-19,2020111904004614,GIC,8,42,10,563.00,"5,630.00"
2020-11-19,2020111904004612,GIC,8,29,200,563.00,"112,600.00"
2020-11-19,2020111904004608,GIC,8,7,10,563.00,"5,630.00"
2020-11-19,2020111904004607,GIC,8,43,10,563.00,"5,630.00"
2020-11-19,2020111904004602,GIC,8,47,10,563.00,"5,630.00"
2020-11-19,2020111904004600,GIC,8,38,10,563.00,"5,630.00"
2020-11-19,2020111904004627,GIC,50,52,20,564.00,"11,280.00"
2020-11-19,2020111904004626,GIC,50,42,20,564.00,"11,280.00"
2020-11-19,2020111904004625,GIC,50,22,10,564.00,"5,640.00"
2020-11-19,2020111904004624,GIC,50,49,10,564.00,"5,640.00"
2020-11-19,2020111904004618,GIC,8,42,10,563.00,"5,630.00"
2020-11-19,2020111904004615,GIC,8,38,25,563.00,"14,075.00"
2020-11-19,2020111904004636,GIC,45,56,10,565.00,"5,650.00"
2020-11-19,2020111904004635,GIC,45,28,250,565.00,"141,250.00"
2020-11-19,2020111904004634,GIC,50,42,10,564.00,"5,640.00"
2020-11-19,2020111904004631,GIC,50,38,10,564.00,"5,640.00"
2020-11-19,2020111904004630,GIC,50,47,10,564.00,"5,640.00"
2020-11-19,2020111904004628,GIC,50,21,10,564.00,"5,640.00"
2020-11-19,2020111904004645,GIC,6,34,10,564.00,"5,640.00"
2020-11-19,2020111904004642,GIC,8,16,10,563.00,"5,630.00"
2020-11-19,2020111904004640,GIC,45,17,10,565.00,"5,650.00"
2020-11-19,2020111904004639,GIC,45,33,10,565.00,"5,650.00"
2020-11-19,2020111904004638,GIC,45,29,10,565.00,"5,650.00"
2020-11-19,2020111904004637,GIC,45,25,10,565.00,"5,650.00"
2020-11-19,2020111904004663,GIC,8,25,185,563.00,"104,155.00"
2020-11-19,2020111904004660,GIC,6,34,50,564.00,"28,200.00"
2020-11-19,2020111904004659,GIC,6,57,10,564.00,"5,640.00"
2020-11-19,2020111904004653,GIC,6,8,10,564.00,"5,640.00"
2020-11-19,2020111904004651,GIC,6,58,10,564.00,"5,640.00"
2020-11-19,2020111904004650,GIC,6,34,10,564.00,"5,640.00"
2020-11-19,2020111904004684,GIC,52,19,10,563.00,"5,630.00"
2020-11-19,2020111904004682,GIC,3,16,10,564.00,"5,640.00"
2020-11-19,2020111904004681,GIC,3,58,10,564.00,"5,640.00"
2020-11-19,2020111904004680,GIC,52,1,100,563.00,"56,300.00"
2020-11-19,2020111904004665,GIC,52,25,175,563.00,"98,525.00"
2020-11-19,2020111904004664,GIC,47,25,40,563.00,"22,520.00"
2020-11-19,2020111904004706,GIC,52,34,10,563.00,"5,630.00"
2020-11-19,2020111904004704,GIC,52,54,10,563.00,"5,630.00"
2020-11-19,2020111904004696,GIC,52,48,10,563.00,"5,630.00"
2020-11-19,2020111904004693,GIC,52,54,10,563.00,"5,630.00"
2020-11-19,2020111904004690,GIC,52,1,10,563.00,"5,630.00"
2020-11-19,2020111904004686,GIC,52,58,10,563.00,"5,630.00"
2020-11-19,2020111904004720,GIC,19,1,20,563.00,"11,260.00"
2020-11-19,2020111904004719,GIC,19,43,10,563.00,"5,630.00"
2020-11-19,2020111904004718,GIC,19,20,10,563.00,"5,630.00"
2020-11-19,2020111904004712,GIC,44,6,10,562.00,"5,620.00"
2020-11-19,2020111904004709,GIC,52,54,10,563.00,"5,630.00"
2020-11-19,2020111904004707,GIC,52,52,40,563.00,"22,520.00"
2020-11-19,2020111904004736,GIC,19,41,10,565.00,"5,650.00"
2020-11-19,2020111904004735,GIC,19,43,60,565.00,"33,900.00"
2020-11-19,2020111904004734,GIC,19,39,10,565.00,"5,650.00"
2020-11-19,2020111904004724,GIC,19,38,10,564.00,"5,640.00"
2020-11-19,2020111904004722,GIC,19,57,10,564.00,"5,640.00"
2020-11-19,2020111904004721,GIC,19,34,150,564.00,"84,600.00"
2020-11-19,2020111904004744,GIC,19,48,10,564.00,"5,640.00"
2020-11-19,2020111904004743,GIC,42,33,40,566.00,"22,640.00"
2020-11-19,2020111904004742,GIC,42,34,10,565.00,"5,650.00"
2020-11-19,2020111904004739,GIC,19,42,10,565.00,"5,650.00"
2020-11-19,2020111904004738,GIC,19,50,10,565.00,"5,650.00"
2020-11-19,2020111904004737,GIC,19,45,10,565.00,"5,650.00"
2020-11-19,2020111904004757,GIC,50,49,490,565.00,"276,850.00"
2020-11-19,2020111904004756,GIC,50,53,10,565.00,"5,650.00"
2020-11-19,2020111904004752,GIC,19,21,10,564.00,"5,640.00"
2020-11-19,2020111904004748,GIC,19,48,10,564.00,"5,640.00"
2020-11-19,2020111904004746,GIC,19,1,10,564.00,"5,640.00"
2020-11-19,2020111904004745,GIC,19,58,10,564.00,"5,640.00"
2020-11-19,2020111904004773,GIC,29,57,10,565.00,"5,650.00"
2020-11-19,2020111904004772,GIC,29,35,10,565.00,"5,650.00"
2020-11-19,2020111904004771,GIC,29,49,10,565.00,"5,650.00"
2020-11-19,2020111904004767,GIC,19,50,10,564.00,"5,640.00"
2020-11-19,2020111904004762,GIC,19,36,10,564.00,"5,640.00"
2020-11-19,2020111904004761,GIC,19,58,10,564.00,"5,640.00"
2020-11-19,2020111904004781,GIC,19,58,10,564.00,"5,640.00"
2020-11-19,2020111904004780,GIC,19,58,10,564.00,"5,640.00"
2020-11-19,2020111904004779,GIC,19,33,10,564.00,"5,640.00"
2020-11-19,2020111904004778,GIC,19,53,10,564.00,"5,640.00"
2020-11-19,2020111904004777,GIC,19,1,10,564.00,"5,640.00"
2020-11-19,2020111904004774,GIC,29,45,10,565.00,"5,650.00"
2020-11-19,2020111904004808,GIC,5,45,10,565.00,"5,650.00"
2020-11-19,2020111904004807,GIC,5,35,10,565.00,"5,650.00"
2020-11-19,2020111904004796,GIC,19,58,10,564.00,"5,640.00"
2020-11-19,2020111904004789,GIC,19,53,10,564.00,"5,640.00"
2020-11-19,2020111904004788,GIC,19,33,10,564.00,"5,640.00"
2020-11-19,2020111904004782,GIC,19,53,10,564.00,"5,640.00"
2020-11-19,2020111904004823,GIC,19,53,10,564.00,"5,640.00"
2020-11-19,2020111904004816,GIC,19,53,10,564.00,"5,640.00"
2020-11-19,2020111904004813,GIC,19,53,10,564.00,"5,640.00"
2020-11-19,2020111904004811,GIC,5,45,10,565.00,"5,650.00"
2020-11-19,2020111904004810,GIC,5,45,10,565.00,"5,650.00"
2020-11-19,2020111904004809,GIC,5,45,10,565.00,"5,650.00"
2020-11-19,2020111904004850,GIC,19,35,10,564.00,"5,640.00"
2020-11-19,2020111904004844,GIC,19,55,10,564.00,"5,640.00"
2020-11-19,2020111904004842,GIC,19,26,10,564.00,"5,640.00"
2020-11-19,2020111904004841,GIC,19,4,10,564.00,"5,640.00"
2020-11-19,2020111904004836,GIC,19,16,10,564.00,"5,640.00"
2020-11-19,2020111904004828,GIC,19,4,10,564.00,"5,640.00"
2020-11-19,2020111904004868,GIC,41,34,10,565.00,"5,650.00"
2020-11-19,2020111904004867,GIC,41,37,10,565.00,"5,650.00"
2020-11-19,2020111904004865,GIC,58,44,10,565.00,"5,650.00"
2020-11-19,2020111904004864,GIC,58,45,10,565.00,"5,650.00"
2020-11-19,2020111904004860,GIC,19,28,10,564.00,"5,640.00"
2020-11-19,2020111904004851,GIC,19,41,10,564.00,"5,640.00"
2020-11-19,2020111904004885,GIC,19,49,10,564.00,"5,640.00"
2020-11-19,2020111904004881,GIC,19,36,10,564.00,"5,640.00"
2020-11-19,2020111904004880,GIC,19,4,10,564.00,"5,640.00"
2020-11-19,2020111904004873,GIC,19,49,10,564.00,"5,640.00"
2020-11-19,2020111904004872,GIC,19,45,10,564.00,"5,640.00"
2020-11-19,2020111904004869,GIC,41,47,10,565.00,"5,650.00"
2020-11-19,2020111904004894,GIC,6,40,10,565.00,"5,650.00"
2020-11-19,2020111904004893,GIC,6,43,10,565.00,"5,650.00"
2020-11-19,2020111904004892,GIC,6,47,90,565.00,"50,850.00"
2020-11-19,2020111904004891,GIC,19,49,10,564.00,"5,640.00"
2020-11-19,2020111904004887,GIC,29,47,100,565.00,"56,500.00"
2020-11-19,2020111904004886,GIC,19,48,10,564.00,"5,640.00"
2020-11-19,2020111904004900,GIC,6,54,10,566.00,"5,660.00"
2020-11-19,2020111904004899,GIC,6,33,280,566.00,"158,480.00"
2020-11-19,2020111904004898,GIC,6,1,100,565.00,"56,500.00"
2020-11-19,2020111904004897,GIC,6,41,10,565.00,"5,650.00"
2020-11-19,2020111904004896,GIC,6,21,10,565.00,"5,650.00"
2020-11-19,2020111904004895,GIC,6,43,10,565.00,"5,650.00"
2020-11-19,2020111904004506,GIMES1,46,49,"2,000",11.55,"23,100.00"
2020-11-19,2020111904004499,GIMES1,42,34,500,11.53,"5,765.00"
2020-11-19,2020111904004498,GIMES1,42,17,"1,000",11.50,"11,500.00"
2020-11-19,2020111904004497,GIMES1,42,52,500,11.50,"5,750.00"
2020-11-19,2020111904004496,GIMES1,42,42,500,11.40,"5,700.00"
2020-11-19,2020111904004495,GIMES1,42,13,"1,000",11.38,"11,380.00"
2020-11-19,2020111904004469,GIMES1,57,45,"16,500",11.32,"186,780.00"
2020-11-19,2020111904004438,GIMES1,57,45,"8,500",11.32,"96,220.00"
2020-11-19,2020111904004437,GIMES1,37,45,500,11.33,"5,665.00"
2020-11-19,2020111904004436,GIMES1,21,45,"1,000",11.35,"11,350.00"
2020-11-19,2020111904004858,LEMF,57,21,"5,000",10.10,"50,500.00"
2020-11-19,2020111904004857,LEMF,57,35,"4,000",10.10,"40,400.00"
2020-11-19,2020111904004863,LUK,51,38,"1,000",9.89,"9,890.00"
2020-11-19,2020111904004862,LUK,21,38,300,9.90,"2,970.00"
2020-11-19,2020111904004806,LUK,21,41,100,9.90,990.00
2020-11-19,2020111904004819,NBF2,51,41,100,10.05,"1,005.00"
2020-11-19,2020111904004710,NBF2,51,17,100,10.05,"1,005.00"
2020-11-19,2020111904004644,NBF2,51,7,100,10.05,"1,005.00"
2020-11-19,2020111904004784,NEF,47,3,"9,843",10.00,"98,430.00"
2020-11-19,2020111904004783,NEF,47,10,"10,157",10.00,"101,570.00"
2020-11-19,2020111904004759,NEF,5,10,"4,210",10.01,"42,142.10"
2020-11-19,2020111904004758,NEF,13,10,"11,111",10.10,"112,221.10"
2020-11-19,2020111904004694,NEF,5,45,790,10.00,"7,900.00"
2020-11-19,2020111904004632,NEF,11,58,"1,414",10.00,"14,140.00"
2020-11-19,2020111904004825,NIBPO,51,14,940,371.00,"348,740.00"
2020-11-19,2020111904004824,NIBPO,38,14,60,372.00,"22,320.00"
2020-11-19,2020111904004668,NIBPO,38,34,50,372.00,"18,600.00"
2020-11-19,2020111904004657,NIBPO,38,34,90,372.00,"33,480.00"
2020-11-19,2020111904004702,NIBSF1,21,19,"1,000",11.00,"11,000.00"
2020-11-19,2020111904004829,NICBF,18,41,100,10.30,"1,030.00"
2020-11-19,2020111904004543,NICBF,18,1,300,10.30,"3,090.00"
2020-11-19,2020111904004876,NICGF,8,21,300,10.81,"3,243.00"
2020-11-19,2020111904004848,NICGF,51,21,"1,000",10.80,"10,800.00"
2020-11-19,2020111904004833,NICGF,51,21,"1,000",10.80,"10,800.00"
2020-11-19,2020111904004826,NICGF,51,21,"1,000",10.80,"10,800.00"
2020-11-19,2020111904004800,NICGF,51,21,"1,000",10.80,"10,800.00"
2020-11-19,2020111904004676,NICGF,13,58,"3,911",11.00,"43,021.00"
2020-11-19,2020111904004675,NICGF,13,55,"5,000",11.00,"55,000.00"
2020-11-19,2020111904004674,NICGF,13,51,100,11.00,"1,100.00"
2020-11-19,2020111904004673,NICGF,13,58,100,11.00,"1,100.00"
2020-11-19,2020111904004672,NICGF,13,43,"2,000",11.00,"22,000.00"
2020-11-19,2020111904004432,NICGF,51,36,200,10.80,"2,160.00"
2020-11-19,2020111904004835,NMB50,21,41,100,10.15,"1,015.00"
2020-11-19,2020111904004411,NMB50,21,1,100,10.15,"1,015.00"
2020-11-19,2020111904004764,NMBHF1,57,10,"13,322",10.46,"139,348.12"
2020-11-19,2020111904004604,NMBHF1,57,29,"1,577",10.46,"16,495.42"
2020-11-19,2020111904004613,RBCLPO,40,5,20,"16,016.00","320,320.00"
2020-11-19,2020111904004532,RBCLPO,50,59,15,"16,000.00","240,000.00"
2020-11-19,2020111904004531,RBCLPO,50,17,10,"16,000.00","160,000.00"
2020-11-19,2020111904004530,RBCLPO,50,37,15,"16,000.00","240,000.00"
2020-11-19,2020111904004529,RBCLPO,50,33,30,"16,000.00","480,000.00"
2020-11-19,2020111904004528,RBCLPO,50,46,10,"16,000.00","160,000.00"
2020-11-19,2020111904004521,RBCLPO,50,42,10,"15,999.00","159,990.00"
2020-11-19,2020111904004520,RBCLPO,50,7,10,"15,990.00","159,900.00"
2020-11-19,2020111904004466,RBCLPO,40,33,10,"15,975.00","159,750.00"
2020-11-19,2020111904004527,RBCLPO,50,45,20,"16,000.00","320,000.00"
2020-11-19,2020111904004526,RBCLPO,50,45,20,"16,000.00","320,000.00"
2020-11-19,2020111904004525,RBCLPO,50,18,20,"16,000.00","320,000.00"
2020-11-19,2020111904004524,RBCLPO,50,42,42,"16,000.00","672,000.00"
2020-11-19,2020111904004523,RBCLPO,50,45,20,"16,000.00","320,000.00"
2020-11-19,2020111904004522,RBCLPO,50,33,10,"16,000.00","160,000.00"
2020-11-19,2020111904004669,SAEF,37,18,100,11.56,"1,156.00"
2020-11-19,2020111904004643,SAEF,37,33,100,11.56,"1,156.00"
2020-11-19,2020111904004535,SAEF,39,5,"10,000",11.70,"117,000.00"
2020-11-19,2020111904004534,SAEF,45,5,"6,629",11.70,"77,559.30"
2020-11-19,2020111904004489,SAEF,45,47,"50,771",11.70,"594,020.70"
2020-11-19,2020111904004804,SEF,13,19,311,10.70,"3,327.70"
2020-11-19,2020111904004803,SEF,13,59,"10,000",10.69,"106,900.00"
2020-11-19,2020111904004802,SEF,13,39,500,10.68,"5,340.00"
2020-11-19,2020111904004801,SEF,13,42,300,10.67,"3,201.00"
2020-11-19,2020111904004792,SEF,56,52,"4,000",10.66,"42,640.00"
2020-11-19,2020111904004516,SEF,47,17,"1,000",10.65,"10,650.00"
2020-11-19,2020111904004515,SEF,47,43,"1,000",10.64,"10,640.00"
2020-11-19,2020111904004514,SEF,47,45,"1,000",10.63,"10,630.00"
2020-11-19,2020111904004909,SGI,43,59,10,613.00,"6,130.00"
2020-11-19,2020111904004908,SGI,43,22,10,613.00,"6,130.00"
2020-11-19,2020111904004906,SGI,43,49,10,613.00,"6,130.00"
2020-11-19,2020111904004905,SGI,43,45,10,613.00,"6,130.00"
2020-11-19,2020111904004890,SGI,43,56,10,613.00,"6,130.00"
2020-11-19,2020111904004889,SGI,43,59,10,613.00,"6,130.00"
2020-11-19,2020111904004415,SGI,25,52,10,613.00,"6,130.00"
2020-11-19,2020111904004414,SGI,25,55,10,613.00,"6,130.00"
2020-11-19,2020111904004413,SGI,25,43,10,613.00,"6,130.00"
2020-11-19,2020111904004431,SGI,25,55,10,613.00,"6,130.00"
2020-11-19,2020111904004429,SGI,25,26,10,613.00,"6,130.00"
2020-11-19,2020111904004420,SGI,25,58,10,613.00,"6,130.00"
2020-11-19,2020111904004418,SGI,25,18,10,613.00,"6,130.00"
2020-11-19,2020111904004417,SGI,25,1,10,613.00,"6,130.00"
2020-11-19,2020111904004416,SGI,25,6,10,613.00,"6,130.00"
2020-11-19,2020111904004450,SGI,25,26,10,613.00,"6,130.00"
2020-11-19,2020111904004444,SGI,25,38,10,613.00,"6,130.00"
2020-11-19,2020111904004442,SGI,25,13,10,613.00,"6,130.00"
2020-11-19,2020111904004440,SGI,25,18,10,613.00,"6,130.00"
2020-11-19,2020111904004439,SGI,25,38,10,613.00,"6,130.00"
2020-11-19,2020111904004435,SGI,25,49,10,613.00,"6,130.00"
2020-11-19,2020111904004458,SGI,19,45,10,613.00,"6,130.00"
2020-11-19,2020111904004457,SGI,19,13,10,613.00,"6,130.00"
2020-11-19,2020111904004456,SGI,25,11,10,613.00,"6,130.00"
2020-11-19,2020111904004455,SGI,25,42,10,613.00,"6,130.00"
2020-11-19,2020111904004453,SGI,25,11,10,613.00,"6,130.00"
2020-11-19,2020111904004452,SGI,25,49,10,613.00,"6,130.00"
2020-11-19,2020111904004465,SGI,19,21,10,613.00,"6,130.00"
2020-11-19,2020111904004464,SGI,19,56,10,613.00,"6,130.00"
2020-11-19,2020111904004463,SGI,19,11,10,613.00,"6,130.00"
2020-11-19,2020111904004462,SGI,19,21,10,613.00,"6,130.00"
2020-11-19,2020111904004461,SGI,19,21,10,613.00,"6,130.00"
2020-11-19,2020111904004459,SGI,19,45,10,613.00,"6,130.00"
2020-11-19,2020111904004478,SGI,19,49,10,613.00,"6,130.00"
2020-11-19,2020111904004476,SGI,19,41,10,613.00,"6,130.00"
2020-11-19,2020111904004474,SGI,19,49,10,613.00,"6,130.00"
2020-11-19,2020111904004473,SGI,19,56,10,613.00,"6,130.00"
2020-11-19,2020111904004472,SGI,19,36,10,613.00,"6,130.00"
2020-11-19,2020111904004468,SGI,19,22,10,613.00,"6,130.00"
2020-11-19,2020111904004504,SGI,19,48,10,613.00,"6,130.00"
2020-11-19,2020111904004503,SGI,19,36,10,613.00,"6,130.00"
2020-11-19,2020111904004502,SGI,19,22,10,613.00,"6,130.00"
2020-11-19,2020111904004501,SGI,19,39,10,613.00,"6,130.00"
2020-11-19,2020111904004493,SGI,19,36,10,613.00,"6,130.00"
2020-11-19,2020111904004487,SGI,19,29,10,613.00,"6,130.00"
2020-11-19,2020111904004533,SGI,19,45,10,613.00,"6,130.00"
2020-11-19,2020111904004519,SGI,19,45,10,613.00,"6,130.00"
2020-11-19,2020111904004513,SGI,19,49,10,613.00,"6,130.00"
2020-11-19,2020111904004511,SGI,19,47,10,613.00,"6,130.00"
2020-11-19,2020111904004510,SGI,19,36,10,613.00,"6,130.00"
2020-11-19,2020111904004509,SGI,19,28,10,613.00,"6,130.00"
2020-11-19,2020111904004542,SGI,19,51,10,613.00,"6,130.00"
2020-11-19,2020111904004540,SGI,19,38,10,613.00,"6,130.00"
2020-11-19,2020111904004539,SGI,19,28,10,613.00,"6,130.00"
2020-11-19,2020111904004538,SGI,19,18,10,613.00,"6,130.00"
2020-11-19,2020111904004537,SGI,19,49,10,613.00,"6,130.00"
2020-11-19,2020111904004536,SGI,19,38,10,613.00,"6,130.00"
2020-11-19,2020111904004555,SGI,19,46,10,613.00,"6,130.00"
2020-11-19,2020111904004554,SGI,19,42,10,613.00,"6,130.00"
2020-11-19,2020111904004553,SGI,19,22,10,613.00,"6,130.00"
2020-11-19,2020111904004547,SGI,19,39,10,613.00,"6,130.00"
2020-11-19,2020111904004545,SGI,19,48,10,613.00,"6,130.00"
2020-11-19,2020111904004544,SGI,19,43,10,613.00,"6,130.00"
2020-11-19,2020111904004565,SGI,19,42,10,613.00,"6,130.00"
2020-11-19,2020111904004564,SGI,19,56,10,613.00,"6,130.00"
2020-11-19,2020111904004560,SGI,19,22,10,613.00,"6,130.00"
2020-11-19,2020111904004558,SGI,19,22,10,613.00,"6,130.00"
2020-11-19,2020111904004557,SGI,19,56,10,613.00,"6,130.00"
2020-11-19,2020111904004556,SGI,19,26,10,613.00,"6,130.00"
2020-11-19,2020111904004574,SGI,19,28,10,613.00,"6,130.00"
2020-11-19,2020111904004573,SGI,19,56,10,613.00,"6,130.00"
2020-11-19,2020111904004572,SGI,19,38,10,613.00,"6,130.00"
2020-11-19,2020111904004570,SGI,19,47,10,613.00,"6,130.00"
2020-11-19,2020111904004569,SGI,19,43,10,613.00,"6,130.00"
2020-11-19,2020111904004568,SGI,19,45,10,613.00,"6,130.00"
2020-11-19,2020111904004581,SGI,7,1,10,613.00,"6,130.00"
2020-11-19,2020111904004580,SGI,7,21,10,613.00,"6,130.00"
2020-11-19,2020111904004579,SGI,7,48,10,613.00,"6,130.00"
2020-11-19,2020111904004578,SGI,7,35,10,613.00,"6,130.00"
2020-11-19,2020111904004577,SGI,7,53,10,613.00,"6,130.00"
2020-11-19,2020111904004575,SGI,7,1,10,613.00,"6,130.00"
2020-11-19,2020111904004590,SGI,7,20,10,613.00,"6,130.00"
2020-11-19,2020111904004586,SGI,7,1,10,613.00,"6,130.00"
2020-11-19,2020111904004585,SGI,7,47,10,613.00,"6,130.00"
2020-11-19,2020111904004584,SGI,7,14,10,613.00,"6,130.00"
2020-11-19,2020111904004583,SGI,7,45,10,613.00,"6,130.00"
2020-11-19,2020111904004582,SGI,7,22,10,613.00,"6,130.00"
2020-11-19,2020111904004603,SGI,7,38,10,613.00,"6,130.00"
2020-11-19,2020111904004601,SGI,7,56,10,613.00,"6,130.00"
2020-11-19,2020111904004598,SGI,7,1,10,613.00,"6,130.00"
2020-11-19,2020111904004597,SGI,7,38,10,613.00,"6,130.00"
2020-11-19,2020111904004593,SGI,7,45,10,613.00,"6,130.00"
2020-11-19,2020111904004592,SGI,7,1,10,613.00,"6,130.00"
2020-11-19,2020111904004616,SGI,45,45,10,613.00,"6,130.00"
2020-11-19,2020111904004611,SGI,45,48,10,613.00,"6,130.00"
2020-11-19,2020111904004610,SGI,45,47,10,613.00,"6,130.00"
2020-11-19,2020111904004609,SGI,45,22,10,613.00,"6,130.00"
2020-11-19,2020111904004606,SGI,7,32,10,613.00,"6,130.00"
2020-11-19,2020111904004605,SGI,7,22,10,613.00,"6,130.00"
2020-11-19,2020111904004623,SGI,45,45,10,613.00,"6,130.00"
2020-11-19,2020111904004622,SGI,45,45,10,613.00,"6,130.00"
2020-11-19,2020111904004621,SGI,45,59,10,613.00,"6,130.00"
2020-11-19,2020111904004620,SGI,45,38,10,613.00,"6,130.00"
2020-11-19,2020111904004619,SGI,45,6,10,613.00,"6,130.00"
2020-11-19,2020111904004617,SGI,45,58,10,613.00,"6,130.00"
2020-11-19,2020111904004648,SGI,45,34,10,613.00,"6,130.00"
2020-11-19,2020111904004647,SGI,45,45,10,613.00,"6,130.00"
2020-11-19,2020111904004646,SGI,45,45,10,613.00,"6,130.00"
2020-11-19,2020111904004641,SGI,45,58,10,613.00,"6,130.00"
2020-11-19,2020111904004633,SGI,45,11,10,613.00,"6,130.00"
2020-11-19,2020111904004629,SGI,45,14,10,613.00,"6,130.00"
2020-11-19,2020111904004658,SGI,45,42,10,613.00,"6,130.00"
2020-11-19,2020111904004656,SGI,45,48,10,613.00,"6,130.00"
2020-11-19,2020111904004655,SGI,45,42,10,613.00,"6,130.00"
2020-11-19,2020111904004654,SGI,45,42,10,613.00,"6,130.00"
2020-11-19,2020111904004652,SGI,45,11,10,613.00,"6,130.00"
2020-11-19,2020111904004649,SGI,45,34,10,613.00,"6,130.00"
2020-11-19,2020111904004671,SGI,32,48,10,613.00,"6,130.00"
2020-11-19,2020111904004670,SGI,32,58,10,613.00,"6,130.00"
2020-11-19,2020111904004667,SGI,32,42,10,613.00,"6,130.00"
2020-11-19,2020111904004666,SGI,45,7,10,613.00,"6,130.00"
2020-11-19,2020111904004662,SGI,45,47,10,613.00,"6,130.00"
2020-11-19,2020111904004661,SGI,45,16,10,613.00,"6,130.00"
2020-11-19,2020111904004687,SGI,22,48,10,613.00,"6,130.00"
2020-11-19,2020111904004685,SGI,22,58,10,613.00,"6,130.00"
2020-11-19,2020111904004683,SGI,22,48,10,613.00,"6,130.00"
2020-11-19,2020111904004679,SGI,22,58,10,613.00,"6,130.00"
2020-11-19,2020111904004678,SGI,22,8,10,613.00,"6,130.00"
2020-11-19,2020111904004677,SGI,32,16,10,613.00,"6,130.00"
2020-11-19,2020111904004698,SGI,48,34,10,613.00,"6,130.00"
2020-11-19,2020111904004697,SGI,48,45,10,613.00,"6,130.00"
2020-11-19,2020111904004695,SGI,48,48,10,613.00,"6,130.00"
2020-11-19,2020111904004692,SGI,48,48,10,613.00,"6,130.00"
2020-11-19,2020111904004691,SGI,48,42,10,613.00,"6,130.00"
2020-11-19,2020111904004689,SGI,48,34,10,613.00,"6,130.00"
2020-11-19,2020111904004708,SGI,37,38,10,613.00,"6,130.00"
2020-11-19,2020111904004705,SGI,37,38,10,613.00,"6,130.00"
2020-11-19,2020111904004703,SGI,48,22,10,613.00,"6,130.00"
2020-11-19,2020111904004701,SGI,48,34,10,613.00,"6,130.00"
2020-11-19,2020111904004700,SGI,48,48,10,613.00,"6,130.00"
2020-11-19,2020111904004699,SGI,48,45,10,613.00,"6,130.00"
2020-11-19,2020111904004717,SGI,37,22,10,613.00,"6,130.00"
2020-11-19,2020111904004716,SGI,37,40,10,613.00,"6,130.00"
2020-11-19,2020111904004715,SGI,37,38,10,613.00,"6,130.00"
2020-11-19,2020111904004714,SGI,37,58,10,613.00,"6,130.00"
2020-11-19,2020111904004713,SGI,37,38,10,613.00,"6,130.00"
2020-11-19,2020111904004711,SGI,37,38,10,613.00,"6,130.00"
2020-11-19,2020111904004747,SGI,37,17,10,613.00,"6,130.00"
2020-11-19,2020111904004741,SGI,37,38,10,613.00,"6,130.00"
2020-11-19,2020111904004740,SGI,37,22,10,613.00,"6,130.00"
2020-11-19,2020111904004733,SGI,37,48,10,613.00,"6,130.00"
2020-11-19,2020111904004732,SGI,37,38,10,613.00,"6,130.00"
2020-11-19,2020111904004723,SGI,37,58,10,613.00,"6,130.00"
2020-11-19,2020111904004755,SGI,37,58,10,613.00,"6,130.00"
2020-11-19,2020111904004754,SGI,37,45,10,613.00,"6,130.00"
2020-11-19,2020111904004753,SGI,37,6,10,613.00,"6,130.00"
2020-11-19,2020111904004751,SGI,37,38,10,613.00,"6,130.00"
2020-11-19,2020111904004750,SGI,37,22,10,613.00,"6,130.00"
2020-11-19,2020111904004749,SGI,37,52,10,613.00,"6,130.00"
2020-11-19,2020111904004769,SGI,37,22,10,613.00,"6,130.00"
2020-11-19,2020111904004768,SGI,37,57,10,613.00,"6,130.00"
2020-11-19,2020111904004766,SGI,37,21,10,613.00,"6,130.00"
2020-11-19,2020111904004765,SGI,37,36,10,613.00,"6,130.00"
2020-11-19,2020111904004763,SGI,37,50,10,613.00,"6,130.00"
2020-11-19,2020111904004760,SGI,37,25,10,613.00,"6,130.00"
2020-11-19,2020111904004787,SGI,17,58,10,613.00,"6,130.00"
2020-11-19,2020111904004786,SGI,17,50,10,613.00,"6,130.00"
2020-11-19,2020111904004785,SGI,37,1,10,613.00,"6,130.00"
2020-11-19,2020111904004776,SGI,37,58,10,613.00,"6,130.00"
2020-11-19,2020111904004775,SGI,37,34,10,613.00,"6,130.00"
2020-11-19,2020111904004770,SGI,37,48,10,613.00,"6,130.00"
2020-11-19,2020111904004797,SGI,43,38,10,613.00,"6,130.00"
2020-11-19,2020111904004795,SGI,43,45,10,613.00,"6,130.00"
2020-11-19,2020111904004794,SGI,43,58,10,613.00,"6,130.00"
2020-11-19,2020111904004793,SGI,17,49,10,613.00,"6,130.00"
2020-11-19,2020111904004791,SGI,17,11,10,613.00,"6,130.00"
2020-11-19,2020111904004790,SGI,17,37,10,613.00,"6,130.00"
2020-11-19,2020111904004817,SGI,43,45,10,613.00,"6,130.00"
2020-11-19,2020111904004815,SGI,43,45,10,613.00,"6,130.00"
2020-11-19,2020111904004814,SGI,43,35,10,613.00,"6,130.00"
2020-11-19,2020111904004805,SGI,43,22,10,613.00,"6,130.00"
2020-11-19,2020111904004799,SGI,43,53,10,613.00,"6,130.00"
2020-11-19,2020111904004798,SGI,43,41,10,613.00,"6,130.00"
2020-11-19,2020111904004834,SGI,43,51,10,613.00,"6,130.00"
2020-11-19,2020111904004832,SGI,43,4,10,613.00,"6,130.00"
2020-11-19,2020111904004831,SGI,43,4,10,613.00,"6,130.00"
2020-11-19,2020111904004830,SGI,43,51,10,613.00,"6,130.00"
2020-11-19,2020111904004827,SGI,43,38,10,613.00,"6,130.00"
2020-11-19,2020111904004818,SGI,43,50,10,613.00,"6,130.00"
2020-11-19,2020111904004846,SGI,43,20,10,613.00,"6,130.00"
2020-11-19,2020111904004845,SGI,43,44,10,613.00,"6,130.00"
2020-11-19,2020111904004843,SGI,43,48,10,613.00,"6,130.00"
2020-11-19,2020111904004839,SGI,43,57,10,613.00,"6,130.00"
2020-11-19,2020111904004838,SGI,43,26,10,613.00,"6,130.00"
2020-11-19,2020111904004837,SGI,43,19,10,613.00,"6,130.00"
2020-11-19,2020111904004859,SGI,43,45,10,613.00,"6,130.00"
2020-11-19,2020111904004856,SGI,43,3,10,613.00,"6,130.00"
2020-11-19,2020111904004855,SGI,43,48,10,613.00,"6,130.00"
2020-11-19,2020111904004854,SGI,43,18,10,613.00,"6,130.00"
2020-11-19,2020111904004852,SGI,43,20,10,613.00,"6,130.00"
2020-11-19,2020111904004849,SGI,43,34,10,613.00,"6,130.00"
2020-11-19,2020111904004877,SGI,43,59,10,613.00,"6,130.00"
2020-11-19,2020111904004874,SGI,43,4,10,613.00,"6,130.00"
2020-11-19,2020111904004871,SGI,43,28,10,613.00,"6,130.00"
2020-11-19,2020111904004870,SGI,43,45,10,613.00,"6,130.00"
2020-11-19,2020111904004866,SGI,43,3,10,613.00,"6,130.00"
2020-11-19,2020111904004861,SGI,43,49,10,613.00,"6,130.00"
2020-11-19,2020111904004888,SGI,43,59,10,613.00,"6,130.00"
2020-11-19,2020111904004884,SGI,43,59,10,613.00,"6,130.00"
2020-11-19,2020111904004883,SGI,43,21,10,613.00,"6,130.00"
2020-11-19,2020111904004882,SGI,43,45,10,613.00,"6,130.00"
2020-11-19,2020111904004879,SGI,43,42,10,613.00,"6,130.00"
2020-11-19,2020111904004878,SGI,43,1,10,613.00,"6,130.00"
2020-11-19,2020111904004731,STC,51,32,10,"7,245.00","72,450.00"
2020-11-19,2020111904004730,STC,17,32,20,"7,245.00","144,900.00"
2020-11-19,2020111904004729,STC,32,32,20,"7,245.00","144,900.00"
2020-11-19,2020111904004728,STC,48,32,10,"7,245.00","72,450.00"
2020-11-19,2020111904004727,STC,45,32,20,"7,245.00","144,900.00"
2020-11-19,2020111904004726,STC,41,32,25,"7,245.00","181,125.00"
2020-11-19,2020111904004725,STC,35,32,25,"7,245.00","181,125.00"
2020-11-19,2020111904004688,STC,35,59,15,"7,245.00","108,675.00"
2020-11-19,2020111904004419,STC,57,39,10,"7,245.00","72,450.00"
2020-11-19,2020111904004412,STC,48,3,14,"7,142.00","99,988.00"
2020-11-19,2020111904004295,CMF1,51,55,"5,000",10.48,"52,400.00"
2020-11-19,2020111904004294,CMF1,51,59,"10,000",10.48,"104,800.00"
2020-11-19,2020111904004293,CMF1,51,39,"1,000",10.47,"10,470.00"
2020-11-19,2020111904004292,CMF1,51,58,200,10.47,"2,094.00"
2020-11-19,2020111904004291,CMF1,51,32,150,10.47,"1,570.50"
2020-11-19,2020111904004290,CMF1,51,51,"1,000",10.47,"10,470.00"
2020-11-19,2020111904004289,CMF1,51,43,600,10.46,"6,276.00"
2020-11-19,2020111904004134,CMF1,43,43,200,10.46,"2,092.00"
2020-11-19,2020111904004405,GIC,45,58,10,564.00,"5,640.00"
2020-11-19,2020111904004403,GIC,41,29,50,565.00,"28,250.00"
2020-11-19,2020111904004402,GIC,57,55,10,564.00,"5,640.00"
2020-11-19,2020111904004392,GIC,53,29,50,565.00,"28,250.00"
2020-11-19,2020111904004390,GIC,53,38,10,565.00,"5,650.00"
2020-11-19,2020111904004388,GIC,53,51,10,565.00,"5,650.00"
2020-11-19,2020111904003927,GIC,38,57,10,551.00,"5,510.00"
2020-11-19,2020111904003920,GIC,38,21,10,551.00,"5,510.00"
2020-11-19,2020111904003918,GIC,38,1,10,551.00,"5,510.00"
2020-11-19,2020111904003915,GIC,38,21,10,551.00,"5,510.00"
2020-11-19,2020111904003967,GIC,11,51,10,552.00,"5,520.00"
2020-11-19,2020111904003965,GIC,38,13,10,551.00,"5,510.00"
2020-11-19,2020111904003957,GIC,38,8,10,551.00,"5,510.00"
2020-11-19,2020111904003955,GIC,38,42,10,551.00,"5,510.00"
2020-11-19,2020111904003944,GIC,38,26,10,551.00,"5,510.00"
2020-11-19,2020111904003933,GIC,38,41,10,551.00,"5,510.00"
2020-11-19,2020111904003975,GIC,3,34,50,553.00,"27,650.00"
2020-11-19,2020111904003974,GIC,3,22,10,553.00,"5,530.00"
2020-11-19,2020111904003973,GIC,3,25,10,553.00,"5,530.00"
2020-11-19,2020111904003972,GIC,3,5,70,553.00,"38,710.00"
2020-11-19,2020111904003970,GIC,38,56,10,551.00,"5,510.00"
2020-11-19,2020111904003969,GIC,38,18,10,551.00,"5,510.00"
2020-11-19,2020111904003994,GIC,3,42,10,553.00,"5,530.00"
2020-11-19,2020111904003993,GIC,38,35,90,554.00,"49,860.00"
2020-11-19,2020111904003992,GIC,38,48,10,554.00,"5,540.00"
2020-11-19,2020111904003986,GIC,3,18,10,553.00,"5,530.00"
2020-11-19,2020111904003981,GIC,3,42,10,553.00,"5,530.00"
2020-11-19,2020111904003976,GIC,3,42,10,553.00,"5,530.00"
2020-11-19,2020111904004004,GIC,50,35,120,554.00,"66,480.00"
2020-11-19,2020111904004003,GIC,42,21,10,552.00,"5,520.00"
2020-11-19,2020111904004002,GIC,48,35,50,554.00,"27,700.00"
2020-11-19,2020111904004000,GIC,3,18,10,553.00,"5,530.00"
2020-11-19,2020111904003996,GIC,3,21,10,553.00,"5,530.00"
2020-11-19,2020111904003995,GIC,3,26,10,553.00,"5,530.00"
2020-11-19,2020111904004012,GIC,50,21,10,554.00,"5,540.00"
2020-11-19,2020111904004010,GIC,50,18,10,554.00,"5,540.00"
2020-11-19,2020111904004009,GIC,50,18,10,554.00,"5,540.00"
2020-11-19,2020111904004008,GIC,50,21,10,554.00,"5,540.00"
2020-11-19,2020111904004007,GIC,50,42,10,554.00,"5,540.00"
2020-11-19,2020111904004005,GIC,50,18,10,554.00,"5,540.00"
2020-11-19,2020111904004028,GIC,50,53,10,555.00,"5,550.00"
2020-11-19,2020111904004023,GIC,58,34,10,554.00,"5,540.00"
2020-11-19,2020111904004021,GIC,58,21,10,554.00,"5,540.00"
2020-11-19,2020111904004020,GIC,58,37,10,554.00,"5,540.00"
2020-11-19,2020111904004019,GIC,50,18,10,554.00,"5,540.00"
2020-11-19,2020111904004014,GIC,50,21,10,554.00,"5,540.00"
2020-11-19,2020111904004047,GIC,50,57,10,555.00,"5,550.00"
2020-11-19,2020111904004043,GIC,50,41,10,555.00,"5,550.00"
2020-11-19,2020111904004041,GIC,50,18,10,555.00,"5,550.00"
2020-11-19,2020111904004036,GIC,50,56,10,555.00,"5,550.00"
2020-11-19,2020111904004031,GIC,50,18,10,555.00,"5,550.00"
2020-11-19,2020111904004029,GIC,50,51,10,555.00,"5,550.00"
2020-11-19,2020111904004069,GIC,26,18,10,556.00,"5,560.00"
2020-11-19,2020111904004065,GIC,26,18,10,556.00,"5,560.00"
2020-11-19,2020111904004063,GIC,26,22,10,556.00,"5,560.00"
2020-11-19,2020111904004062,GIC,26,45,20,556.00,"11,120.00"
2020-11-19,2020111904004055,GIC,50,47,10,555.00,"5,550.00"
2020-11-19,2020111904004052,GIC,50,18,10,555.00,"5,550.00"
2020-11-19,2020111904004101,GIC,7,44,200,558.00,"111,600.00"
2020-11-19,2020111904004100,GIC,7,39,10,558.00,"5,580.00"
2020-11-19,2020111904004098,GIC,42,18,10,557.00,"5,570.00"
2020-11-19,2020111904004091,GIC,42,54,10,557.00,"5,570.00"
2020-11-19,2020111904004084,GIC,26,18,10,556.00,"5,560.00"
2020-11-19,2020111904004080,GIC,26,18,10,556.00,"5,560.00"
2020-11-19,2020111904004110,GIC,11,49,500,560.00,"280,000.00"
2020-11-19,2020111904004109,GIC,57,18,10,558.00,"5,580.00"
2020-11-19,2020111904004108,GIC,57,49,40,558.00,"22,320.00"
2020-11-19,2020111904004104,GIC,34,49,80,558.00,"44,640.00"
2020-11-19,2020111904004103,GIC,7,49,50,558.00,"27,900.00"
2020-11-19,2020111904004102,GIC,7,49,290,558.00,"161,820.00"
2020-11-19,2020111904004119,GIC,26,29,10,560.00,"5,600.00"
2020-11-19,2020111904004117,GIC,26,49,100,560.00,"56,000.00"
2020-11-19,2020111904004116,GIC,26,41,30,560.00,"16,800.00"
2020-11-19,2020111904004115,GIC,26,41,10,560.00,"5,600.00"
2020-11-19,2020111904004114,GIC,26,48,10,560.00,"5,600.00"
2020-11-19,2020111904004113,GIC,26,52,100,560.00,"56,000.00"
2020-11-19,2020111904004128,GIC,26,42,10,560.00,"5,600.00"
2020-11-19,2020111904004126,GIC,29,8,20,561.00,"11,220.00"
2020-11-19,2020111904004125,GIC,29,6,10,561.00,"5,610.00"
2020-11-19,2020111904004124,GIC,29,33,10,561.00,"5,610.00"
2020-11-19,2020111904004121,GIC,26,26,10,560.00,"5,600.00"
2020-11-19,2020111904004120,GIC,26,59,10,560.00,"5,600.00"
2020-11-19,2020111904004141,GIC,34,57,10,562.00,"5,620.00"
2020-11-19,2020111904004140,GIC,34,51,10,562.00,"5,620.00"
2020-11-19,2020111904004139,GIC,34,25,10,562.00,"5,620.00"
2020-11-19,2020111904004138,GIC,34,6,10,562.00,"5,620.00"
2020-11-19,2020111904004137,GIC,38,18,10,561.00,"5,610.00"
2020-11-19,2020111904004129,GIC,38,8,80,561.00,"44,880.00"
2020-11-19,2020111904004147,GIC,34,1,100,563.00,"56,300.00"
2020-11-19,2020111904004146,GIC,34,45,10,563.00,"5,630.00"
2020-11-19,2020111904004145,GIC,34,20,10,563.00,"5,630.00"
2020-11-19,2020111904004144,GIC,34,57,10,562.00,"5,620.00"
2020-11-19,2020111904004143,GIC,34,22,10,562.00,"5,620.00"
2020-11-19,2020111904004142,GIC,34,29,10,562.00,"5,620.00"
2020-11-19,2020111904004163,GIC,40,34,80,562.00,"44,960.00"
2020-11-19,2020111904004161,GIC,40,46,10,562.00,"5,620.00"
2020-11-19,2020111904004154,GIC,26,19,100,560.00,"56,000.00"
2020-11-19,2020111904004153,GIC,21,19,200,562.00,"112,400.00"
2020-11-19,2020111904004149,GIC,38,57,30,561.00,"16,830.00"
2020-11-19,2020111904004148,GIC,34,42,10,563.00,"5,630.00"
2020-11-19,2020111904004175,GIC,57,33,22,563.00,"12,386.00"
2020-11-19,2020111904004173,GIC,6,4,10,561.00,"5,610.00"
2020-11-19,2020111904004171,GIC,40,33,70,563.00,"39,410.00"
2020-11-19,2020111904004170,GIC,40,49,20,562.00,"11,240.00"
2020-11-19,2020111904004169,GIC,40,34,20,562.00,"11,240.00"
2020-11-19,2020111904004167,GIC,6,21,10,561.00,"5,610.00"
2020-11-19,2020111904004196,GIC,38,52,50,563.00,"28,150.00"
2020-11-19,2020111904004188,GIC,38,57,10,563.00,"5,630.00"
2020-11-19,2020111904004187,GIC,22,21,10,563.00,"5,630.00"
2020-11-19,2020111904004186,GIC,47,6,15,564.00,"8,460.00"
2020-11-19,2020111904004180,GIC,22,58,10,563.00,"5,630.00"
2020-11-19,2020111904004179,GIC,6,57,10,561.00,"5,610.00"
2020-11-19,2020111904004207,GIC,4,22,10,564.00,"5,640.00"
2020-11-19,2020111904004203,GIC,4,21,10,564.00,"5,640.00"
2020-11-19,2020111904004202,GIC,4,52,50,564.00,"28,200.00"
2020-11-19,2020111904004199,GIC,4,22,10,564.00,"5,640.00"
2020-11-19,2020111904004198,GIC,4,6,15,564.00,"8,460.00"
2020-11-19,2020111904004197,GIC,38,39,10,563.00,"5,630.00"
2020-11-19,2020111904004226,GIC,26,41,40,565.00,"22,600.00"
2020-11-19,2020111904004222,GIC,4,11,10,564.00,"5,640.00"
2020-11-19,2020111904004216,GIC,58,58,20,565.00,"11,300.00"
2020-11-19,2020111904004215,GIC,58,33,10,565.00,"5,650.00"
2020-11-19,2020111904004209,GIC,39,33,90,565.00,"50,850.00"
2020-11-19,2020111904004208,GIC,39,35,10,565.00,"5,650.00"
2020-11-19,2020111904004239,GIC,58,48,50,566.00,"28,300.00"
2020-11-19,2020111904004234,GIC,7,21,10,565.00,"5,650.00"
2020-11-19,2020111904004233,GIC,7,18,10,565.00,"5,650.00"
2020-11-19,2020111904004230,GIC,25,41,60,565.00,"33,900.00"
2020-11-19,2020111904004229,GIC,57,28,10,564.00,"5,640.00"
2020-11-19,2020111904004227,GIC,57,18,10,564.00,"5,640.00"
2020-11-19,2020111904004252,GIC,51,21,10,566.00,"5,660.00"
2020-11-19,2020111904004248,GIC,25,21,10,566.00,"5,660.00"
2020-11-19,2020111904004247,GIC,25,18,10,566.00,"5,660.00"
2020-11-19,2020111904004246,GIC,25,58,10,566.00,"5,660.00"
2020-11-19,2020111904004242,GIC,25,18,10,566.00,"5,660.00"
2020-11-19,2020111904004240,GIC,7,11,10,565.00,"5,650.00"
2020-11-19,2020111904004259,GIC,58,11,10,567.00,"5,670.00"
2020-11-19,2020111904004258,GIC,58,33,20,566.00,"11,320.00"
2020-11-19,2020111904004257,GIC,51,33,130,566.00,"73,580.00"
2020-11-19,2020111904004255,GIC,6,49,100,567.00,"56,700.00"
2020-11-19,2020111904004254,GIC,6,10,10,567.00,"5,670.00"
2020-11-19,2020111904004253,GIC,51,21,10,566.00,"5,660.00"
2020-11-19,2020111904004268,GIC,41,57,10,566.00,"5,660.00"
2020-11-19,2020111904004265,GIC,41,41,10,565.00,"5,650.00"
2020-11-19,2020111904004263,GIC,25,41,60,565.00,"33,900.00"
2020-11-19,2020111904004262,GIC,7,41,170,565.00,"96,050.00"
2020-11-19,2020111904004261,GIC,26,41,50,567.00,"28,350.00"
2020-11-19,2020111904004260,GIC,58,41,10,567.00,"5,670.00"
2020-11-19,2020111904004299,GIC,41,33,10,566.00,"5,660.00"
2020-11-19,2020111904004288,GIC,41,49,10,566.00,"5,660.00"
2020-11-19,2020111904004282,GIC,55,33,70,568.00,"39,760.00"
2020-11-19,2020111904004275,GIC,55,21,10,567.00,"5,670.00"
2020-11-19,2020111904004274,GIC,55,57,10,567.00,"5,670.00"
2020-11-19,2020111904004271,GIC,55,18,10,567.00,"5,670.00"
2020-11-19,2020111904004330,GIC,51,28,20,565.00,"11,300.00"
