Date,Transact. No.,Symbol,Buyer,Seller,Quantity,Rate,Amount
2019-10-03,2019100301002677,AHPC,47,26,600,94.00,"56,400.00"
2019-10-03,2019100301002580,AHPC,47,45,"1,400",94.00,"131,600.00"
2019-10-03,2019100301002579,AHPC,59,45,100,96.00,"9,600.00"
2019-10-03,2019100301002578,AHPC,28,45,100,96.00,"9,600.00"
2019-10-03,2019100301002577,AHPC,8,45,100,96.00,"9,600.00"
2019-10-03,2019100301002576,AHPC,25,45,100,96.00,"9,600.00"
2019-10-03,2019100301002575,AHPC,1,45,200,97.00,"19,400.00"
2019-10-03,2019100301002311,AHPC,37,48,50,98.00,"4,900.00"
2019-10-03,2019100301002224,AHPC,37,48,50,98.00,"4,900.00"
2019-10-03,2019100301002352,AKBSL,26,33,200,415.00,"83,000.00"
2019-10-03,2019100301002460,AKPL,25,46,20,140.00,"2,800.00"
2019-10-03,2019100301002431,AKPL,25,17,13,138.00,"1,794.00"
2019-10-03,2019100301002331,AKPL,42,58,30,137.00,"4,110.00"
2019-10-03,2019100301002221,AKPL,25,58,20,138.00,"2,760.00"
2019-10-03,2019100301002215,AKPL,25,46,11,140.00,"1,540.00"
2019-10-03,2019100301002512,ALBSL,29,34,150,390.00,"58,500.00"
2019-10-03,2019100301002511,ALBSL,29,1,100,390.00,"39,000.00"
2019-10-03,2019100301002510,ALBSL,29,39,10,389.00,"3,890.00"
2019-10-03,2019100301002509,ALBSL,29,39,10,389.00,"3,890.00"
2019-10-03,2019100301002508,ALBSL,29,25,50,389.00,"19,450.00"
2019-10-03,2019100301002507,ALBSL,29,39,84,389.00,"32,676.00"
2019-10-03,2019100301002416,ALBSL,47,47,10,387.00,"3,870.00"
2019-10-03,2019100301002676,ALICL,36,36,100,316.00,"31,600.00"
2019-10-03,2019100301002675,ALICL,26,36,15,316.00,"4,740.00"
2019-10-03,2019100301002372,ALICL,26,57,194,316.00,"61,304.00"
2019-10-03,2019100301002323,ALICL,26,7,291,316.00,"91,956.00"
2019-10-03,2019100301002250,BARUN,6,21,20,89.00,"1,780.00"
2019-10-03,2019100301002671,BOKL,28,1,190,236.00,"44,840.00"
2019-10-03,2019100301002205,BOKL,34,43,15,237.00,"3,555.00"
2019-10-03,2019100301002479,BPCL,33,39,10,362.00,"3,620.00"
2019-10-03,2019100301002489,CBBL,45,58,20,974.00,"19,480.00"
2019-10-03,2019100301002457,CBBL,54,55,50,973.00,"48,650.00"
2019-10-03,2019100301002336,CBBL,49,45,100,974.00,"97,400.00"
2019-10-03,2019100301002533,CBL,43,34,10,145.00,"1,450.00"
2019-10-03,2019100301002394,CBL,42,45,167,143.00,"23,881.00"
2019-10-03,2019100301002393,CBL,29,45,"2,000",143.00,"286,000.00"
2019-10-03,2019100301002392,CBL,5,45,50,143.00,"7,150.00"
2019-10-03,2019100301002391,CBL,26,45,100,143.00,"14,300.00"
2019-10-03,2019100301002390,CBL,37,45,500,144.00,"72,000.00"
2019-10-03,2019100301002389,CBL,25,45,100,144.00,"14,400.00"
2019-10-03,2019100301002388,CBL,25,45,83,144.00,"11,952.00"
2019-10-03,2019100301002365,CBL,25,10,67,144.00,"9,648.00"
2019-10-03,2019100301002637,CCBL,26,57,711,154.00,"109,494.00"
2019-10-03,2019100301002636,CCBL,1,57,200,154.00,"30,800.00"
2019-10-03,2019100301002635,CCBL,21,57,96,154.00,"14,784.00"
2019-10-03,2019100301002492,CCBL,21,36,404,154.00,"62,216.00"
2019-10-03,2019100301002491,CCBL,45,36,596,154.00,"91,784.00"
2019-10-03,2019100301002424,CEFL,42,47,100,112.00,"11,200.00"
2019-10-03,2019100301002423,CEFL,42,34,500,112.00,"56,000.00"
2019-10-03,2019100301002382,CHCL,10,6,20,422.00,"8,440.00"
2019-10-03,2019100301002335,CHCL,10,6,20,422.00,"8,440.00"
2019-10-03,2019100301002256,CHCL,25,1,101,420.00,"42,420.00"
2019-10-03,2019100301002212,CHCL,34,1,50,420.00,"21,000.00"
2019-10-03,2019100301002211,CHCL,16,1,50,420.00,"21,000.00"
2019-10-03,2019100301002210,CHCL,11,1,500,420.00,"210,000.00"
2019-10-03,2019100301002209,CHCL,25,1,32,420.00,"13,440.00"
2019-10-03,2019100301002208,CHCL,48,1,48,421.00,"20,208.00"
2019-10-03,2019100301002476,CHL,58,13,10,79.00,790.00
2019-10-03,2019100301002475,CHL,49,13,100,79.00,"7,900.00"
2019-10-03,2019100301002461,CHL,58,13,200,80.00,"16,000.00"
2019-10-03,2019100301002439,CHL,57,13,190,81.00,"15,390.00"
2019-10-03,2019100301002286,CIT,33,56,10,"1,819.00","18,190.00"
2019-10-03,2019100301002427,CZBIL,59,57,100,198.00,"19,800.00"
2019-10-03,2019100301002426,CZBIL,52,57,150,198.00,"29,700.00"
2019-10-03,2019100301002495,DBBL,3,38,500,128.00,"64,000.00"
2019-10-03,2019100301002267,EBL,45,4,50,575.00,"28,750.00"
2019-10-03,2019100301002326,EIC,41,14,50,240.00,"12,000.00"
2019-10-03,2019100301002325,EIC,36,14,10,240.00,"2,400.00"
2019-10-03,2019100301002554,FMDBL,36,42,90,319.00,"28,710.00"
2019-10-03,2019100301002553,FMDBL,19,42,50,320.00,"16,000.00"
2019-10-03,2019100301002674,GBLBS,8,33,260,321.00,"83,460.00"
2019-10-03,2019100301002673,GBLBS,52,33,30,321.00,"9,630.00"
2019-10-03,2019100301002534,GBLBS,38,4,500,322.00,"161,000.00"
2019-10-03,2019100301002641,GFCL,26,11,658,130.00,"85,540.00"
2019-10-03,2019100301002640,GFCL,32,11,342,130.00,"44,460.00"
2019-10-03,2019100301002613,GFCL,32,11,158,130.00,"20,540.00"
2019-10-03,2019100301002612,GFCL,58,11,150,130.00,"19,500.00"
2019-10-03,2019100301002611,GFCL,19,11,692,131.00,"90,652.00"
2019-10-03,2019100301002404,GFCL,34,11,100,132.00,"13,200.00"
2019-10-03,2019100301002403,GFCL,17,11,100,132.00,"13,200.00"
2019-10-03,2019100301002402,GFCL,43,11,100,132.00,"13,200.00"
2019-10-03,2019100301002407,GFCL,19,11,308,131.00,"40,348.00"
2019-10-03,2019100301002406,GFCL,36,11,60,131.00,"7,860.00"
2019-10-03,2019100301002405,GFCL,22,11,100,132.00,"13,200.00"
2019-10-03,2019100301002513,GLBSL,32,48,30,437.00,"13,110.00"
2019-10-03,2019100301002415,GMFBS,57,39,160,460.00,"73,600.00"
2019-10-03,2019100301002546,GUFL,3,17,28,112.00,"3,136.00"
2019-10-03,2019100301002638,HDL,34,58,30,"1,470.00","44,100.00"
2019-10-03,2019100301002399,HIDCL,45,45,35,134.00,"4,690.00"
2019-10-03,2019100301002506,ICFC,25,44,336,160.00,"53,760.00"
2019-10-03,2019100301002519,IGI,42,16,100,295.00,"29,500.00"
2019-10-03,2019100301002203,IGI,48,39,71,290.00,"20,590.00"
2019-10-03,2019100301002202,IGI,48,39,100,290.00,"29,000.00"
2019-10-03,2019100301002201,IGI,14,39,100,292.00,"29,200.00"
2019-10-03,2019100301002200,IGI,17,39,200,294.00,"58,800.00"
2019-10-03,2019100301002316,ILBS,32,41,100,429.00,"42,900.00"
2019-10-03,2019100301002315,ILBS,55,47,10,423.00,"4,230.00"
2019-10-03,2019100301002276,ILBS,52,47,10,423.00,"4,230.00"
2019-10-03,2019100301002603,JBBL,42,38,47,160.00,"7,520.00"
2019-10-03,2019100301002564,JBBL,42,58,500,160.00,"80,000.00"
2019-10-03,2019100301002563,JBBL,42,4,36,160.00,"5,760.00"
2019-10-03,2019100301002562,JBBL,42,4,36,160.00,"5,760.00"
2019-10-03,2019100301002561,JBBL,42,4,36,160.00,"5,760.00"
2019-10-03,2019100301002560,JBBL,42,41,144,160.00,"23,040.00"
2019-10-03,2019100301002371,JBBL,58,22,200,159.00,"31,800.00"
2019-10-03,2019100301002317,JBBL,58,38,281,159.00,"44,679.00"
2019-10-03,2019100301002680,JFL,33,32,470,196.00,"92,120.00"
2019-10-03,2019100301002652,JFL,33,38,30,196.00,"5,880.00"
2019-10-03,2019100301002294,JFL,56,6,10,197.00,"1,970.00"
2019-10-03,2019100301002293,JFL,56,32,500,197.00,"98,500.00"
2019-10-03,2019100301002292,JFL,56,42,19,197.00,"3,743.00"
2019-10-03,2019100301002590,KBL,52,36,"1,438",182.00,"261,716.00"
2019-10-03,2019100301002589,KBL,41,36,362,182.00,"65,884.00"
2019-10-03,2019100301002207,KRBL,52,1,100,103.00,"10,300.00"
2019-10-03,2019100301002385,KSBBL,33,59,150,145.00,"21,750.00"
2019-10-03,2019100301002384,KSBBL,33,50,200,145.00,"29,000.00"
2019-10-03,2019100301002383,KSBBL,33,35,410,145.00,"59,450.00"
2019-10-03,2019100301002668,LBBL,33,32,982,175.00,"171,850.00"
2019-10-03,2019100301002241,LBBL,56,32,256,175.00,"44,800.00"
2019-10-03,2019100301002243,LBBL,56,32,44,175.00,"7,700.00"
2019-10-03,2019100301002242,LBBL,56,34,200,175.00,"35,000.00"
2019-10-03,2019100301002661,LBL,32,37,20,213.00,"4,260.00"
2019-10-03,2019100301002660,LBL,50,37,200,213.00,"42,600.00"
2019-10-03,2019100301002659,LBL,35,37,100,213.00,"21,300.00"
2019-10-03,2019100301002658,LBL,13,37,80,213.00,"17,040.00"
2019-10-03,2019100301002227,LBL,32,34,500,214.00,"107,000.00"
2019-10-03,2019100301002226,LBL,32,32,300,214.00,"64,200.00"
2019-10-03,2019100301002225,LBL,32,34,759,214.00,"162,426.00"
2019-10-03,2019100301002525,LGIL,29,45,30,355.00,"10,650.00"
2019-10-03,2019100301002524,LGIL,17,45,160,355.00,"56,800.00"
2019-10-03,2019100301002503,LGIL,17,55,140,355.00,"49,700.00"
2019-10-03,2019100301002488,LGIL,58,45,100,357.00,"35,700.00"
2019-10-03,2019100301002487,LGIL,54,45,20,358.00,"7,160.00"
2019-10-03,2019100301002308,LGIL,44,55,20,362.00,"7,240.00"
2019-10-03,2019100301002223,LGIL,17,55,200,357.00,"71,400.00"
2019-10-03,2019100301002606,LICN,55,10,20,999.00,"19,980.00"
2019-10-03,2019100301002520,LICN,1,10,30,995.00,"29,850.00"
2019-10-03,2019100301002556,LLBS,55,33,10,674.00,"6,740.00"
2019-10-03,2019100301002571,MBL,8,7,200,224.00,"44,800.00"
2019-10-03,2019100301002570,MBL,17,7,68,224.00,"15,232.00"
2019-10-03,2019100301002547,MDB,59,49,15,248.00,"3,720.00"
2019-10-03,2019100301002628,MEGA,21,42,300,196.00,"58,800.00"
2019-10-03,2019100301002588,MEGA,50,41,200,195.00,"39,000.00"
2019-10-03,2019100301002586,MEGA,43,42,10,196.00,"1,960.00"
2019-10-03,2019100301002217,MEGA,55,54,50,195.00,"9,750.00"
2019-10-03,2019100301002216,MEGA,42,54,49,195.00,"9,555.00"
2019-10-03,2019100301002310,MEGA,1,18,500,195.00,"97,500.00"
2019-10-03,2019100301002244,MEGA,1,54,51,195.00,"9,945.00"
2019-10-03,2019100301002218,MEGA,21,54,150,195.00,"29,250.00"
2019-10-03,2019100301002377,MEGA,1,41,144,196.00,"28,224.00"
2019-10-03,2019100301002376,MEGA,1,46,205,196.00,"40,180.00"
2019-10-03,2019100301002375,MEGA,1,49,100,196.00,"19,600.00"
2019-10-03,2019100301002532,MEGA,28,42,604,195.00,"117,780.00"
2019-10-03,2019100301002425,MEGA,34,42,396,195.00,"77,220.00"
2019-10-03,2019100301002572,MERO,14,6,50,562.00,"28,100.00"
2019-10-03,2019100301002540,MERO,50,6,115,562.00,"64,630.00"
2019-10-03,2019100301002490,MERO,50,38,20,562.00,"11,240.00"
2019-10-03,2019100301002314,MERO,50,42,15,562.00,"8,430.00"
2019-10-03,2019100301002313,MERO,50,58,100,561.00,"56,100.00"
2019-10-03,2019100301002312,MERO,50,6,250,560.00,"140,000.00"
2019-10-03,2019100301002419,MLBBL,59,43,100,438.00,"43,800.00"
2019-10-03,2019100301002691,MLBL,34,25,196,214.00,"41,944.00"
2019-10-03,2019100301002690,MLBL,34,51,444,214.00,"95,016.00"
2019-10-03,2019100301002689,MLBL,34,47,200,214.00,"42,800.00"
2019-10-03,2019100301002688,MLBL,34,49,160,214.00,"34,240.00"
2019-10-03,2019100301002222,MLBL,42,49,20,214.00,"4,280.00"
2019-10-03,2019100301002486,MNBBL,21,19,11,309.00,"3,399.00"
2019-10-03,2019100301002485,MNBBL,42,19,150,310.00,"46,500.00"
2019-10-03,2019100301002484,MNBBL,59,19,100,310.00,"31,000.00"
2019-10-03,2019100301002483,MNBBL,56,19,239,310.00,"74,090.00"
2019-10-03,2019100301002433,MNBBL,56,19,450,310.00,"139,500.00"
2019-10-03,2019100301002432,MNBBL,54,19,50,311.00,"15,550.00"
2019-10-03,2019100301002322,MNBBL,56,51,100,311.00,"31,100.00"
2019-10-03,2019100301002321,MNBBL,56,51,95,311.00,"29,545.00"
2019-10-03,2019100301002320,MNBBL,56,50,60,311.00,"18,660.00"
2019-10-03,2019100301002618,NABIL,39,59,133,769.00,"102,277.00"
2019-10-03,2019100301002617,NABIL,57,59,140,769.00,"107,660.00"
2019-10-03,2019100301002616,NABIL,45,59,100,770.00,"77,000.00"
2019-10-03,2019100301002615,NABIL,38,59,127,770.00,"97,790.00"
2019-10-03,2019100301002545,NABIL,38,59,273,770.00,"210,210.00"
2019-10-03,2019100301002544,NABIL,39,59,25,770.00,"19,250.00"
2019-10-03,2019100301002436,NABIL,55,3,60,772.00,"46,320.00"
2019-10-03,2019100301002435,NABIL,42,3,39,772.00,"30,108.00"
2019-10-03,2019100301002543,NABIL,45,59,200,770.00,"154,000.00"
2019-10-03,2019100301002542,NABIL,45,59,114,771.00,"87,894.00"
2019-10-03,2019100301002541,NABIL,33,59,88,772.00,"67,936.00"
2019-10-03,2019100301002536,NABIL,33,43,12,772.00,"9,264.00"
2019-10-03,2019100301002535,NABIL,54,43,100,772.00,"77,200.00"
2019-10-03,2019100301002437,NABIL,52,3,50,772.00,"38,600.00"
2019-10-03,2019100301002585,NADEP,51,17,59,402.00,"23,718.00"
2019-10-03,2019100301002584,NADEP,25,17,20,402.00,"8,040.00"
2019-10-03,2019100301002583,NADEP,41,17,71,402.00,"28,542.00"
2019-10-03,2019100301002363,NADEP,43,39,100,405.00,"40,500.00"
2019-10-03,2019100301002362,NADEP,41,39,30,405.00,"12,150.00"
2019-10-03,2019100301002361,NADEP,13,39,20,406.00,"8,120.00"
2019-10-03,2019100301002360,NADEP,48,39,31,406.00,"12,586.00"
2019-10-03,2019100301002364,NADEP,41,39,29,402.00,"11,658.00"
2019-10-03,2019100301002654,NAGRO,34,22,70,720.00,"50,400.00"
2019-10-03,2019100301002528,NAGRO,34,36,10,720.00,"7,200.00"
2019-10-03,2019100301002683,NBB,17,34,50,211.00,"10,550.00"
2019-10-03,2019100301002518,NBB,25,45,10,210.00,"2,100.00"
2019-10-03,2019100301002430,NBB,29,34,10,211.00,"2,110.00"
2019-10-03,2019100301002418,NBB,29,45,40,211.00,"8,440.00"
2019-10-03,2019100301002254,NBB,25,45,100,210.00,"21,000.00"
2019-10-03,2019100301002693,NBL,33,47,25,317.00,"7,925.00"
2019-10-03,2019100301002672,NBL,48,47,150,317.00,"47,550.00"
2019-10-03,2019100301002664,NBL,48,36,100,316.00,"31,600.00"
2019-10-03,2019100301002474,NBL,7,4,"1,000",316.00,"316,000.00"
2019-10-03,2019100301002272,NBL,13,21,100,316.00,"31,600.00"
2019-10-03,2019100301002271,NBL,13,35,500,316.00,"158,000.00"
2019-10-03,2019100301002681,NCCB,10,36,11,200.00,"2,200.00"
2019-10-03,2019100301002649,NCCB,58,50,698,199.00,"138,902.00"
2019-10-03,2019100301002648,NCCB,44,50,"1,802",199.00,"358,598.00"
2019-10-03,2019100301002204,NGPL,39,44,296,101.00,"29,896.00"
2019-10-03,2019100301002684,NHDL,52,22,10,96.00,960.00
2019-10-03,2019100301002633,NIB,21,49,10,444.00,"4,440.00"
2019-10-03,2019100301002199,NIB,22,49,50,444.00,"22,200.00"
2019-10-03,2019100301002656,NIBPO,37,35,10,420.00,"4,200.00"
2019-10-03,2019100301002695,NICA,46,42,14,389.00,"5,446.00"
2019-10-03,2019100301002694,NICA,46,42,51,388.00,"19,788.00"
2019-10-03,2019100301002622,NICA,45,19,275,385.00,"105,875.00"
2019-10-03,2019100301002621,NICA,45,19,33,385.00,"12,705.00"
2019-10-03,2019100301002306,NICA,45,18,67,385.00,"25,795.00"
2019-10-03,2019100301002252,NICA,25,18,100,385.00,"38,500.00"
2019-10-03,2019100301002251,NICA,49,18,809,385.00,"311,465.00"
2019-10-03,2019100301002236,NICA,49,51,191,385.00,"73,535.00"
2019-10-03,2019100301002497,NICL,7,52,500,265.00,"132,500.00"
2019-10-03,2019100301002291,NICL,49,40,500,265.00,"132,500.00"
2019-10-03,2019100301002290,NICL,13,40,300,266.00,"79,800.00"
2019-10-03,2019100301002237,NICL,52,40,500,268.00,"134,000.00"
2019-10-03,2019100301002472,NIL,43,39,67,355.00,"23,785.00"
2019-10-03,2019100301002471,NIL,10,39,"1,000",356.00,"356,000.00"
2019-10-03,2019100301002470,NIL,25,39,50,356.00,"17,800.00"
2019-10-03,2019100301002469,NIL,43,39,100,357.00,"35,700.00"
2019-10-03,2019100301002468,NIL,14,39,50,358.00,"17,900.00"
2019-10-03,2019100301002467,NIL,14,39,30,358.00,"10,740.00"
2019-10-03,2019100301002466,NIL,45,39,100,362.00,"36,200.00"
2019-10-03,2019100301002523,NLBBL,17,43,10,509.00,"5,090.00"
2019-10-03,2019100301002655,NLIC,25,21,10,770.00,"7,700.00"
2019-10-03,2019100301002598,NLIC,45,35,40,768.00,"30,720.00"
2019-10-03,2019100301002478,NLIC,45,56,100,769.00,"76,900.00"
2019-10-03,2019100301002465,NLIC,32,34,266,768.00,"204,288.00"
2019-10-03,2019100301002450,NLIC,40,56,41,767.00,"31,447.00"
2019-10-03,2019100301002378,NLIC,16,35,41,767.00,"31,447.00"
2019-10-03,2019100301002667,NLICL,44,44,"5,000",471.00,"2,355,000.00"
2019-10-03,2019100301002555,NLICL,25,6,10,472.00,"4,720.00"
2019-10-03,2019100301002493,NLICL,32,26,160,467.00,"74,720.00"
2019-10-03,2019100301002354,NLICL,8,7,14,466.00,"6,524.00"
2019-10-03,2019100301002353,NLICL,13,7,40,466.00,"18,640.00"
2019-10-03,2019100301002297,NLICL,13,6,10,466.00,"4,660.00"
2019-10-03,2019100301002279,NLICL,13,6,400,468.00,"187,200.00"
2019-10-03,2019100301002278,NLICL,19,6,500,468.00,"234,000.00"
2019-10-03,2019100301002277,NLICL,34,6,30,469.00,"14,070.00"
2019-10-03,2019100301002296,NLICL,42,6,60,466.00,"27,960.00"
2019-10-03,2019100301002284,NLICL,42,39,40,466.00,"18,640.00"
2019-10-03,2019100301002283,NLICL,40,39,20,466.00,"9,320.00"
2019-10-03,2019100301002282,NLICL,26,39,140,466.00,"65,240.00"
2019-10-03,2019100301002281,NLICL,10,39,200,467.00,"93,400.00"
2019-10-03,2019100301002280,NLICL,6,6,500,468.00,"234,000.00"
2019-10-03,2019100301002614,NMBMF,45,46,10,"1,098.00","10,980.00"
2019-10-03,2019100301002449,NMBMF,28,43,100,"1,081.00","108,100.00"
2019-10-03,2019100301002448,NMBMF,28,47,87,"1,081.00","94,047.00"
2019-10-03,2019100301002447,NMBMF,28,57,18,"1,081.00","19,458.00"
2019-10-03,2019100301002446,NMBMF,28,1,15,"1,080.00","16,200.00"
2019-10-03,2019100301002305,NMBMF,28,1,22,"1,064.00","23,408.00"
2019-10-03,2019100301002626,NTC,43,58,10,637.00,"6,370.00"
2019-10-03,2019100301002625,NTC,43,25,10,635.00,"6,350.00"
2019-10-03,2019100301002624,NTC,43,19,20,634.00,"12,680.00"
2019-10-03,2019100301002670,NUBL,6,37,80,870.00,"69,600.00"
2019-10-03,2019100301002669,NUBL,6,45,20,865.00,"17,300.00"
2019-10-03,2019100301002623,OHL,18,57,10,494.00,"4,940.00"
2019-10-03,2019100301002501,PCBL,14,5,125,269.00,"33,625.00"
2019-10-03,2019100301002408,PCBL,47,26,121,269.00,"32,549.00"
2019-10-03,2019100301002666,PIC,8,6,20,372.00,"7,440.00"
2019-10-03,2019100301002550,PIC,26,35,91,369.00,"33,579.00"
2019-10-03,2019100301002549,PIC,57,35,20,370.00,"7,400.00"
2019-10-03,2019100301002548,PIC,36,35,37,370.00,"13,690.00"
2019-10-03,2019100301002526,PIC,36,22,51,370.00,"18,870.00"
2019-10-03,2019100301002505,PIC,36,35,12,370.00,"4,440.00"
2019-10-03,2019100301002275,PIC,43,25,106,372.00,"39,432.00"
2019-10-03,2019100301002274,PIC,36,25,20,372.00,"7,440.00"
2019-10-03,2019100301002273,PIC,34,25,26,372.00,"9,672.00"
2019-10-03,2019100301002504,PIC,48,35,100,370.00,"37,000.00"
2019-10-03,2019100301002348,PIC,21,6,100,371.00,"37,100.00"
2019-10-03,2019100301002347,PIC,25,6,500,371.00,"185,500.00"
2019-10-03,2019100301002346,PIC,43,6,56,372.00,"20,832.00"
2019-10-03,2019100301002338,PIC,21,35,100,373.00,"37,300.00"
2019-10-03,2019100301002301,PIC,43,43,338,372.00,"125,736.00"
2019-10-03,2019100301002517,PMHPL,52,45,10,90.00,900.00
2019-10-03,2019100301002206,PMHPL,52,45,10,90.00,900.00
2019-10-03,2019100301002651,PRIN,11,10,782,312.00,"243,984.00"
2019-10-03,2019100301002650,PRIN,42,10,20,313.00,"6,260.00"
2019-10-03,2019100301002455,PRIN,44,36,18,316.00,"5,688.00"
2019-10-03,2019100301002454,PRIN,44,22,200,316.00,"63,200.00"
2019-10-03,2019100301002453,PRIN,44,10,802,316.00,"253,432.00"
2019-10-03,2019100301002452,PRIN,44,36,80,315.00,"25,200.00"
2019-10-03,2019100301002343,PRIN,44,36,420,315.00,"132,300.00"
2019-10-03,2019100301002342,PRIN,44,21,80,314.00,"25,120.00"
2019-10-03,2019100301002678,PRVU,57,6,48,265.00,"12,720.00"
2019-10-03,2019100301002663,PRVU,57,34,150,264.00,"39,600.00"
2019-10-03,2019100301002639,PRVU,17,34,50,264.00,"13,200.00"
2019-10-03,2019100301002559,PRVU,17,36,500,264.00,"132,000.00"
2019-10-03,2019100301002558,PRVU,25,36,500,264.00,"132,000.00"
2019-10-03,2019100301002557,PRVU,34,36,100,264.00,"26,400.00"
2019-10-03,2019100301002522,PRVU,37,6,200,265.00,"53,000.00"
2019-10-03,2019100301002521,PRVU,17,6,50,265.00,"13,250.00"
2019-10-03,2019100301002530,RADHI,19,45,10,135.00,"1,350.00"
2019-10-03,2019100301002381,RBCL,41,25,11,"8,565.00","94,215.00"
2019-10-03,2019100301002332,RBCL,37,7,10,"8,570.00","85,700.00"
2019-10-03,2019100301002609,RHPC,36,40,"1,000",80.00,"80,000.00"
2019-10-03,2019100301002440,RHPC,8,40,100,80.00,"8,000.00"
2019-10-03,2019100301002686,RHPL,59,50,45,160.00,"7,200.00"
2019-10-03,2019100301002685,RHPL,59,45,"1,000",160.00,"160,000.00"
2019-10-03,2019100301002610,RHPL,29,38,40,159.00,"6,360.00"
2019-10-03,2019100301002605,RHPL,29,34,300,159.00,"47,700.00"
2019-10-03,2019100301002592,RHPL,29,38,40,159.00,"6,360.00"
2019-10-03,2019100301002581,RHPL,59,36,300,160.00,"48,000.00"
2019-10-03,2019100301002248,RHPL,42,36,200,159.00,"31,800.00"
2019-10-03,2019100301002247,RHPL,40,36,160,159.00,"25,440.00"
2019-10-03,2019100301002246,RHPL,40,36,300,159.00,"47,700.00"
2019-10-03,2019100301002245,RHPL,59,36,690,159.00,"109,710.00"
2019-10-03,2019100301002356,RHPL,17,4,430,159.00,"68,370.00"
2019-10-03,2019100301002334,RHPL,17,38,40,159.00,"6,360.00"
2019-10-03,2019100301002319,RHPL,17,38,30,159.00,"4,770.00"
2019-10-03,2019100301002318,RHPL,40,38,10,159.00,"1,590.00"
2019-10-03,2019100301002285,RHPL,40,38,40,159.00,"6,360.00"
2019-10-03,2019100301002249,RHPL,40,36,450,159.00,"71,550.00"
2019-10-03,2019100301002443,RHPL,59,21,500,160.00,"80,000.00"
2019-10-03,2019100301002442,RHPL,59,47,30,160.00,"4,800.00"
2019-10-03,2019100301002441,RHPL,59,47,30,160.00,"4,800.00"
2019-10-03,2019100301002429,RHPL,19,38,40,159.00,"6,360.00"
2019-10-03,2019100301002417,RHPL,19,48,10,159.00,"1,590.00"
2019-10-03,2019100301002357,RHPL,19,4,70,159.00,"11,130.00"
2019-10-03,2019100301002566,RHPL,29,38,40,159.00,"6,360.00"
2019-10-03,2019100301002552,RHPL,29,16,10,159.00,"1,590.00"
2019-10-03,2019100301002551,RHPL,19,16,240,159.00,"38,160.00"
2019-10-03,2019100301002482,RHPL,19,38,40,159.00,"6,360.00"
2019-10-03,2019100301002445,RHPL,59,51,40,160.00,"6,400.00"
2019-10-03,2019100301002444,RHPL,59,47,30,160.00,"4,800.00"
2019-10-03,2019100301002600,RRHP,47,45,10,102.00,"1,020.00"
2019-10-03,2019100301002473,RRHP,47,48,10,102.00,"1,020.00"
2019-10-03,2019100301002591,SABSL,39,21,10,458.00,"4,580.00"
2019-10-03,2019100301002374,SABSL,19,7,10,453.00,"4,530.00"
2019-10-03,2019100301002634,SADBL,17,55,400,140.00,"56,000.00"
2019-10-03,2019100301002298,SADBL,6,55,100,140.00,"14,000.00"
2019-10-03,2019100301002687,SANIMA,56,44,26,308.00,"8,008.00"
2019-10-03,2019100301002299,SANIMA,45,5,100,309.00,"30,900.00"
2019-10-03,2019100301002259,SANIMA,56,26,174,308.00,"53,592.00"
2019-10-03,2019100301002599,SAPDBL,26,40,249,130.00,"32,370.00"
2019-10-03,2019100301002413,SAPDBL,54,40,100,129.00,"12,900.00"
2019-10-03,2019100301002412,SAPDBL,40,40,151,129.00,"19,479.00"
2019-10-03,2019100301002679,SBI,38,45,22,409.00,"8,998.00"
2019-10-03,2019100301002631,SBI,41,40,16,408.00,"6,528.00"
2019-10-03,2019100301002630,SBI,13,40,84,408.00,"34,272.00"
2019-10-03,2019100301002620,SBI,13,42,16,408.00,"6,528.00"
2019-10-03,2019100301002619,SBI,55,42,184,408.00,"75,072.00"
2019-10-03,2019100301002480,SBI,42,45,125,409.00,"51,125.00"
2019-10-03,2019100301002300,SBI,14,45,640,409.00,"261,760.00"
2019-10-03,2019100301002289,SBI,14,40,200,409.00,"81,800.00"
2019-10-03,2019100301002647,SBL,21,52,500,336.00,"168,000.00"
2019-10-03,2019100301002646,SBL,25,52,200,336.00,"67,200.00"
2019-10-03,2019100301002645,SBL,58,52,100,336.00,"33,600.00"
2019-10-03,2019100301002644,SBL,36,52,100,336.00,"33,600.00"
2019-10-03,2019100301002643,SBL,49,52,500,336.00,"168,000.00"
2019-10-03,2019100301002642,SBL,45,52,169,336.00,"56,784.00"
2019-10-03,2019100301002231,SBL,43,21,100,337.00,"33,700.00"
2019-10-03,2019100301002230,SBL,43,41,100,337.00,"33,700.00"
2019-10-03,2019100301002229,SBL,43,34,100,337.00,"33,700.00"
2019-10-03,2019100301002214,SBL,21,58,99,337.00,"33,363.00"
2019-10-03,2019100301002213,SBL,21,32,201,337.00,"67,737.00"
2019-10-03,2019100301002340,SBL,33,49,25,337.00,"8,425.00"
2019-10-03,2019100301002339,SBL,43,49,40,337.00,"13,480.00"
2019-10-03,2019100301002255,SBL,43,52,100,337.00,"33,700.00"
2019-10-03,2019100301002239,SBL,43,22,80,337.00,"26,960.00"
2019-10-03,2019100301002238,SBL,43,51,80,337.00,"26,960.00"
2019-10-03,2019100301002232,SBL,43,8,200,337.00,"67,400.00"
2019-10-03,2019100301002414,SBL,57,35,50,338.00,"16,900.00"
2019-10-03,2019100301002386,SBL,33,58,101,337.00,"34,037.00"
2019-10-03,2019100301002373,SBL,33,57,250,337.00,"84,250.00"
2019-10-03,2019100301002366,SBL,45,35,500,338.00,"169,000.00"
2019-10-03,2019100301002359,SBL,33,40,25,337.00,"8,425.00"
2019-10-03,2019100301002358,SBL,33,40,975,337.00,"328,575.00"
2019-10-03,2019100301002608,SBL,45,43,31,336.00,"10,416.00"
2019-10-03,2019100301002607,SBL,17,43,969,336.00,"325,584.00"
2019-10-03,2019100301002502,SBL,33,52,484,337.00,"163,108.00"
2019-10-03,2019100301002500,SBL,33,33,140,337.00,"47,180.00"
2019-10-03,2019100301002499,SBL,32,33,210,337.00,"70,770.00"
2019-10-03,2019100301002498,SBL,21,33,150,337.00,"50,550.00"
2019-10-03,2019100301002653,SCB,49,34,166,580.00,"96,280.00"
2019-10-03,2019100301002573,SCB,49,36,34,580.00,"19,720.00"
2019-10-03,2019100301002568,SCB,14,34,300,578.00,"173,400.00"
2019-10-03,2019100301002220,SCB,39,36,50,582.00,"29,100.00"
2019-10-03,2019100301002219,SCB,49,36,200,582.00,"116,400.00"
2019-10-03,2019100301002333,SCB,49,44,150,582.00,"87,300.00"
2019-10-03,2019100301002324,SCB,45,44,100,582.00,"58,200.00"
2019-10-03,2019100301002567,SCB,32,34,100,579.00,"57,900.00"
2019-10-03,2019100301002527,SCB,32,34,200,579.00,"115,800.00"
2019-10-03,2019100301002516,SCB,32,44,200,579.00,"115,800.00"
2019-10-03,2019100301002515,SCB,22,44,200,579.00,"115,800.00"
2019-10-03,2019100301002494,SCB,58,44,100,579.00,"57,900.00"
2019-10-03,2019100301002662,SHIVM,38,52,250,513.00,"128,250.00"
2019-10-03,2019100301002597,SHIVM,19,45,25,510.00,"12,750.00"
2019-10-03,2019100301002596,SHIVM,22,45,10,510.00,"5,100.00"
2019-10-03,2019100301002595,SHIVM,3,45,10,510.00,"5,100.00"
2019-10-03,2019100301002594,SHIVM,40,45,60,510.00,"30,600.00"
2019-10-03,2019100301002593,SHIVM,3,45,10,511.00,"5,110.00"
2019-10-03,2019100301002253,SHIVM,1,58,200,514.00,"102,800.00"
2019-10-03,2019100301002538,SHIVM,25,52,50,513.00,"25,650.00"
2019-10-03,2019100301002464,SHIVM,40,58,40,510.00,"20,400.00"
2019-10-03,2019100301002463,SHIVM,1,58,360,510.00,"183,600.00"
2019-10-03,2019100301002456,SHIVM,1,49,30,510.00,"15,300.00"
2019-10-03,2019100301002422,SHIVM,1,45,200,510.00,"102,000.00"
2019-10-03,2019100301002240,SHL,50,10,120,213.00,"25,560.00"
2019-10-03,2019100301002539,SHPC,51,14,100,197.00,"19,700.00"
2019-10-03,2019100301002481,SIC,13,25,81,474.00,"38,394.00"
2019-10-03,2019100301002632,SICL,35,35,"3,934",715.00,"2,812,810.00"
2019-10-03,2019100301002657,SINDU,44,57,569,127.00,"72,263.00"
2019-10-03,2019100301002602,SINDU,44,57,480,127.00,"60,960.00"
2019-10-03,2019100301002601,SINDU,44,41,20,127.00,"2,540.00"
2019-10-03,2019100301002537,SINDU,44,34,180,126.00,"22,680.00"
2019-10-03,2019100301002629,SJCL,59,38,20,169.00,"3,380.00"
2019-10-03,2019100301002604,SJCL,59,38,20,169.00,"3,380.00"
2019-10-03,2019100301002574,SJCL,59,38,20,169.00,"3,380.00"
2019-10-03,2019100301002341,SJCL,59,38,20,169.00,"3,380.00"
2019-10-03,2019100301002328,SJCL,59,38,20,169.00,"3,380.00"
2019-10-03,2019100301002295,SJCL,59,38,20,169.00,"3,380.00"
2019-10-03,2019100301002411,SJCL,49,47,20,170.00,"3,400.00"
2019-10-03,2019100301002410,SJCL,49,47,20,170.00,"3,400.00"
2019-10-03,2019100301002409,SJCL,49,47,10,170.00,"1,700.00"
2019-10-03,2019100301002529,SJCL,59,38,20,169.00,"3,380.00"
2019-10-03,2019100301002434,SJCL,59,38,20,169.00,"3,380.00"
2019-10-03,2019100301002421,SJCL,59,26,450,170.00,"76,500.00"
2019-10-03,2019100301002420,SJCL,59,51,20,170.00,"3,400.00"
2019-10-03,2019100301002565,SLBBL,34,37,100,541.00,"54,100.00"
2019-10-03,2019100301002387,SLBBL,34,19,300,541.00,"162,300.00"
2019-10-03,2019100301002355,SLBBL,34,49,50,541.00,"27,050.00"
2019-10-03,2019100301002233,SLBBL,37,57,100,542.00,"54,200.00"
2019-10-03,2019100301002235,SLBBL,34,57,350,541.00,"189,350.00"
2019-10-03,2019100301002234,SLBBL,28,57,50,541.00,"27,050.00"
2019-10-03,2019100301002569,SLBSL,32,45,50,680.00,"34,000.00"
2019-10-03,2019100301002337,SLBSL,32,33,50,680.00,"34,000.00"
2019-10-03,2019100301002302,SLBSL,22,38,10,667.00,"6,670.00"
2019-10-03,2019100301002380,SLICL,52,49,500,268.00,"134,000.00"
2019-10-03,2019100301002379,SLICL,52,10,300,268.00,"80,400.00"
2019-10-03,2019100301002350,SLICL,32,10,200,268.00,"53,600.00"
2019-10-03,2019100301002349,SLICL,28,32,50,266.00,"13,300.00"
2019-10-03,2019100301002304,SLICL,28,7,140,266.00,"37,240.00"
2019-10-03,2019100301002303,SLICL,38,7,90,266.00,"23,940.00"
2019-10-03,2019100301002269,SMATA,28,28,10,540.00,"5,400.00"
2019-10-03,2019100301002268,SMATA,28,39,10,540.00,"5,400.00"
2019-10-03,2019100301002587,SPARS,17,48,35,545.00,"19,075.00"
2019-10-03,2019100301002692,SRBL,5,43,239,235.00,"56,165.00"
2019-10-03,2019100301002682,SRBL,25,43,100,237.00,"23,700.00"
2019-10-03,2019100301002514,SRBL,34,43,50,237.00,"11,850.00"
2019-10-03,2019100301002496,SRBL,45,43,30,237.00,"7,110.00"
2019-10-03,2019100301002428,SRBL,58,28,"1,000",235.00,"235,000.00"
2019-10-03,2019100301002397,SRBL,47,46,70,236.00,"16,520.00"
2019-10-03,2019100301002396,SRBL,22,46,10,236.00,"2,360.00"
2019-10-03,2019100301002395,SRBL,10,46,160,236.00,"37,760.00"
2019-10-03,2019100301002198,SRBL,10,28,340,236.00,"80,240.00"
2019-10-03,2019100301002197,SRBL,36,28,50,236.00,"11,800.00"
2019-10-03,2019100301002196,SRBL,16,28,81,236.00,"19,116.00"
2019-10-03,2019100301002582,SWBBL,49,28,342,921.00,"314,982.00"
2019-10-03,2019100301002477,SWBBL,49,17,50,921.00,"46,050.00"
2019-10-03,2019100301002462,SWBBL,49,17,108,921.00,"99,468.00"
2019-10-03,2019100301002401,SWBBL,49,28,500,921.00,"460,500.00"
2019-10-03,2019100301002400,SWBBL,49,28,100,923.00,"92,300.00"
2019-10-03,2019100301002266,SWBBL,49,38,100,923.00,"92,300.00"
2019-10-03,2019100301002257,SWBBL,49,57,13,928.00,"12,064.00"
2019-10-03,2019100301002228,SWBBL,49,26,87,928.00,"80,736.00"
2019-10-03,2019100301002265,SWBBL,49,38,25,923.00,"23,075.00"
2019-10-03,2019100301002264,SWBBL,17,38,200,924.00,"184,800.00"
2019-10-03,2019100301002263,SWBBL,35,38,12,924.00,"11,088.00"
2019-10-03,2019100301002262,SWBBL,48,38,50,924.00,"46,200.00"
2019-10-03,2019100301002261,SWBBL,49,38,213,925.00,"197,025.00"
2019-10-03,2019100301002258,SWBBL,49,57,87,925.00,"80,475.00"
2019-10-03,2019100301002351,TMDBL,26,40,500,150.00,"75,000.00"
2019-10-03,2019100301002327,TMDBL,26,40,500,149.00,"74,500.00"
2019-10-03,2019100301002288,TMDBL,59,6,30,150.00,"4,500.00"
2019-10-03,2019100301002531,TMDBL,59,32,30,151.00,"4,530.00"
2019-10-03,2019100301002665,UFL,22,26,100,185.00,"18,500.00"
2019-10-03,2019100301002438,UFL,52,28,"2,500",187.00,"467,500.00"
2019-10-03,2019100301002270,UFL,14,32,500,186.00,"93,000.00"
2019-10-03,2019100301002370,UIC,35,58,450,260.00,"117,000.00"
2019-10-03,2019100301002369,UIC,34,58,200,260.00,"52,000.00"
2019-10-03,2019100301002368,UIC,43,58,100,261.00,"26,100.00"
2019-10-03,2019100301002367,UIC,47,58,250,261.00,"65,250.00"
2019-10-03,2019100301002627,UPCL,11,47,750,80.00,"60,000.00"
2019-10-03,2019100301002451,UPCL,11,57,500,80.00,"40,000.00"
2019-10-03,2019100301002287,UPCL,11,18,50,80.00,"4,000.00"
2019-10-03,2019100301002260,UPCL,11,18,50,80.00,"4,000.00"
2019-10-03,2019100301002458,UPPER,21,32,200,238.00,"47,600.00"
2019-10-03,2019100301002398,UPPER,34,32,10,238.00,"2,380.00"
2019-10-03,2019100301002330,UPPER,13,45,40,237.00,"9,480.00"
2019-10-03,2019100301002329,UPPER,13,45,292,237.00,"69,204.00"
2019-10-03,2019100301002309,UPPER,44,25,120,236.00,"28,320.00"
2019-10-03,2019100301002307,UPPER,44,38,50,236.00,"11,800.00"
2019-10-03,2019100301002345,VLBS,42,33,170,555.00,"94,350.00"
2019-10-03,2019100301002344,VLBS,29,33,30,555.00,"16,650.00"
2019-10-03,2019100301002459,VLBS,42,17,30,555.00,"16,650.00"
2019-10-03,2019100301002134,ADBL,35,38,300,416.00,"124,800.00"
2019-10-03,2019100301002133,ADBL,14,38,229,416.00,"95,264.00"
2019-10-03,2019100301002065,ADBL,14,14,300,416.00,"124,800.00"
2019-10-03,2019100301002051,ADBL,14,14,450,416.00,"187,200.00"
2019-10-03,2019100301001923,ADBL,43,40,81,417.00,"33,777.00"
2019-10-03,2019100301001892,ADBL,14,45,21,416.00,"8,736.00"
2019-10-03,2019100301001891,ADBL,43,45,111,417.00,"46,287.00"
2019-10-03,2019100301001887,ADBL,56,40,10,417.00,"4,170.00"
2019-10-03,2019100301001884,ADBL,11,43,111,417.00,"46,287.00"
2019-10-03,2019100301001772,AHPC,37,48,235,98.00,"23,030.00"
2019-10-03,2019100301002156,AKBSL,26,38,100,416.00,"41,600.00"
2019-10-03,2019100301002155,AKBSL,26,47,10,415.00,"4,150.00"
2019-10-03,2019100301002154,AKBSL,26,47,10,415.00,"4,150.00"
2019-10-03,2019100301002178,AKPL,25,25,10,138.00,"1,380.00"
2019-10-03,2019100301002007,API,25,34,32,115.00,"3,680.00"
2019-10-03,2019100301002006,API,25,35,400,114.00,"45,600.00"
2019-10-03,2019100301001795,API,51,57,200,113.00,"22,600.00"
2019-10-03,2019100301001734,API,34,57,200,113.00,"22,600.00"
2019-10-03,2019100301002191,BARUN,6,21,50,89.00,"4,450.00"
2019-10-03,2019100301002138,BARUN,6,56,10,89.00,890.00
2019-10-03,2019100301001894,BNT,16,32,10,"6,320.00","63,200.00"
2019-10-03,2019100301002177,BOKL,52,43,100,237.00,"23,700.00"
2019-10-03,2019100301002176,BOKL,11,43,30,237.00,"7,110.00"
2019-10-03,2019100301002175,BOKL,56,43,50,237.00,"11,850.00"
2019-10-03,2019100301001815,BOKL,37,57,"1,000",237.00,"237,000.00"
2019-10-03,2019100301001814,BOKL,37,42,436,237.00,"103,332.00"
2019-10-03,2019100301001813,BOKL,37,11,37,237.00,"8,769.00"
2019-10-03,2019100301002169,BPCL,47,47,11,361.00,"3,971.00"
2019-10-03,2019100301002058,CBL,8,34,10,145.00,"1,450.00"
2019-10-03,2019100301002095,CCBL,45,26,164,154.00,"25,256.00"
2019-10-03,2019100301001893,CCBL,18,34,500,155.00,"77,500.00"
2019-10-03,2019100301001856,CCBL,45,34,300,155.00,"46,500.00"
2019-10-03,2019100301002084,CFCL,59,50,36,111.00,"3,996.00"
2019-10-03,2019100301001918,CHCL,10,40,10,423.00,"4,230.00"
2019-10-03,2019100301001907,CHCL,48,17,12,421.00,"5,052.00"
2019-10-03,2019100301001947,CIT,28,48,33,"1,810.00","59,730.00"
2019-10-03,2019100301001946,CIT,28,14,35,"1,810.00","63,350.00"
2019-10-03,2019100301001945,CIT,28,7,20,"1,810.00","36,200.00"
2019-10-03,2019100301001944,CIT,28,56,80,"1,810.00","144,800.00"
2019-10-03,2019100301001897,CIT,1,56,20,"1,810.00","36,200.00"
2019-10-03,2019100301001890,CIT,26,56,90,"1,810.00","162,900.00"
2019-10-03,2019100301001889,CIT,26,8,10,"1,809.00","18,090.00"
2019-10-03,2019100301002033,CMF1,47,57,300,9.05,"2,715.00"
2019-10-03,2019100301002020,CMF1,49,57,200,9.10,"1,820.00"
2019-10-03,2019100301002144,CZBIL,45,46,20,199.00,"3,980.00"
2019-10-03,2019100301002121,CZBIL,42,26,184,198.00,"36,432.00"
2019-10-03,2019100301001841,CZBIL,1,46,135,199.00,"26,865.00"
2019-10-03,2019100301001840,CZBIL,1,17,20,198.00,"3,960.00"
2019-10-03,2019100301002013,DBBL,17,26,300,128.00,"38,400.00"
2019-10-03,2019100301002012,DBBL,17,47,146,128.00,"18,688.00"
2019-10-03,2019100301002034,EBL,17,4,100,575.00,"57,500.00"
2019-10-03,2019100301002005,EBL,11,34,450,573.00,"257,850.00"
2019-10-03,2019100301002004,EBL,33,34,100,573.00,"57,300.00"
2019-10-03,2019100301002003,EBL,8,34,100,573.00,"57,300.00"
2019-10-03,2019100301002002,EBL,35,34,100,573.00,"57,300.00"
2019-10-03,2019100301002001,EBL,34,34,50,573.00,"28,650.00"
2019-10-03,2019100301001846,EBL,58,44,585,574.00,"335,790.00"
2019-10-03,2019100301001821,EBL,13,44,75,574.00,"43,050.00"
2019-10-03,2019100301001742,EBL,17,44,100,574.00,"57,400.00"
2019-10-03,2019100301002000,EBL,10,34,300,574.00,"172,200.00"
2019-10-03,2019100301001999,EBL,11,34,45,574.00,"25,830.00"
2019-10-03,2019100301001998,EBL,36,34,50,574.00,"28,700.00"
2019-10-03,2019100301001994,EBL,45,4,100,575.00,"57,500.00"
2019-10-03,2019100301001980,EBL,49,4,100,575.00,"57,500.00"
2019-10-03,2019100301001979,EBL,49,44,400,575.00,"230,000.00"
2019-10-03,2019100301002126,EIC,36,18,190,240.00,"45,600.00"
2019-10-03,2019100301002039,EIC,38,32,100,241.00,"24,100.00"
2019-10-03,2019100301002038,EIC,41,32,90,241.00,"21,690.00"
2019-10-03,2019100301002026,EIC,52,18,90,242.00,"21,780.00"
2019-10-03,2019100301001911,EIC,52,39,110,242.00,"26,620.00"
2019-10-03,2019100301001834,EIC,22,49,70,243.00,"17,010.00"
2019-10-03,2019100301001793,EIC,49,49,100,243.00,"24,300.00"
2019-10-03,2019100301001792,EIC,39,49,65,243.00,"15,795.00"
2019-10-03,2019100301002097,FMDBL,19,35,32,324.00,"10,368.00"
2019-10-03,2019100301002087,FMDBL,19,49,100,320.00,"32,000.00"
2019-10-03,2019100301002043,FMDBL,19,41,50,320.00,"16,000.00"
2019-10-03,2019100301001731,FMDBL,55,37,100,321.00,"32,100.00"
2019-10-03,2019100301001730,FMDBL,55,36,10,321.00,"3,210.00"
2019-10-03,2019100301001900,GBBL,39,11,323,212.00,"68,476.00"
2019-10-03,2019100301001899,GBBL,39,34,500,212.00,"106,000.00"
2019-10-03,2019100301001898,GBBL,39,42,219,211.00,"46,209.00"
2019-10-03,2019100301001703,GBBL,14,42,281,211.00,"59,291.00"
2019-10-03,2019100301001702,GBBL,14,6,190,211.00,"40,090.00"
2019-10-03,2019100301002190,GBLBS,33,33,10,323.00,"3,230.00"
2019-10-03,2019100301002189,GBLBS,33,38,30,322.00,"9,660.00"
2019-10-03,2019100301002077,GBLBS,35,21,369,320.00,"118,080.00"
2019-10-03,2019100301002076,GBLBS,8,21,131,320.00,"41,920.00"
2019-10-03,2019100301002088,GFCL,59,11,32,133.00,"4,256.00"
2019-10-03,2019100301002009,GHL,1,45,30,63.00,"1,890.00"
2019-10-03,2019100301002060,GLICL,10,47,25,366.00,"9,150.00"
2019-10-03,2019100301001924,GLICL,16,43,172,364.00,"62,608.00"
2019-10-03,2019100301002174,GMFBS,38,39,300,460.00,"138,000.00"
2019-10-03,2019100301002147,GMFBS,13,39,90,460.00,"41,400.00"
2019-10-03,2019100301001873,GMFBS,13,17,10,457.00,"4,570.00"
2019-10-03,2019100301001764,GMFBS,39,39,25,460.00,"11,500.00"
2019-10-03,2019100301001977,HBL,26,25,100,506.00,"50,600.00"
2019-10-03,2019100301001812,HBL,11,45,20,505.00,"10,100.00"
2019-10-03,2019100301002085,HIDCL,45,45,31,134.00,"4,154.00"
2019-10-03,2019100301002168,HPPL,58,3,10,141.00,"1,410.00"
2019-10-03,2019100301002066,ICFC,39,25,100,160.00,"16,000.00"
2019-10-03,2019100301001993,ILBS,55,3,10,426.00,"4,260.00"
2019-10-03,2019100301001992,ILBS,55,3,10,426.00,"4,260.00"
2019-10-03,2019100301001922,ILBS,52,17,10,423.00,"4,230.00"
2019-10-03,2019100301001700,JBBL,29,38,100,159.00,"15,900.00"
2019-10-03,2019100301002164,KBL,41,32,100,182.00,"18,200.00"
2019-10-03,2019100301002128,KBL,41,26,238,182.00,"43,316.00"
2019-10-03,2019100301002127,KBL,39,26,11,182.00,"2,002.00"
2019-10-03,2019100301002073,KBL,39,57,900,182.00,"163,800.00"
2019-10-03,2019100301002059,KBL,39,34,502,182.00,"91,364.00"
2019-10-03,2019100301001943,KBL,39,57,"1,000",183.00,"183,000.00"
2019-10-03,2019100301001942,KBL,39,49,530,183.00,"96,990.00"
2019-10-03,2019100301001941,KBL,39,42,500,183.00,"91,500.00"
2019-10-03,2019100301001940,KBL,39,35,243,183.00,"44,469.00"
2019-10-03,2019100301001921,KBL,6,57,100,182.00,"18,200.00"
2019-10-03,2019100301001805,KBL,26,57,300,182.00,"54,600.00"
2019-10-03,2019100301001736,KBL,52,57,400,182.00,"72,800.00"
2019-10-03,2019100301002146,KPCL,11,59,55,79.00,"4,345.00"
2019-10-03,2019100301002137,KPCL,11,59,55,78.00,"4,290.00"
2019-10-03,2019100301002015,KPCL,1,45,10,77.00,770.00
2019-10-03,2019100301002183,KRBL,52,1,700,103.00,"72,100.00"
2019-10-03,2019100301002182,KRBL,52,11,100,103.00,"10,300.00"
2019-10-03,2019100301002181,KRBL,52,11,100,103.00,"10,300.00"
2019-10-03,2019100301002180,KRBL,52,11,100,103.00,"10,300.00"
2019-10-03,2019100301001799,KSBBL,45,34,26,143.00,"3,718.00"
2019-10-03,2019100301002049,LBBL,16,32,80,175.00,"14,000.00"
2019-10-03,2019100301001768,LBBL,34,32,100,175.00,"17,500.00"
2019-10-03,2019100301001758,LBBL,51,32,300,175.00,"52,500.00"
2019-10-03,2019100301001752,LBBL,34,32,264,175.00,"46,200.00"
2019-10-03,2019100301001751,LBBL,34,50,736,175.00,"128,800.00"
2019-10-03,2019100301001986,LBL,13,45,20,213.00,"4,260.00"
2019-10-03,2019100301001985,LBL,55,45,105,213.00,"22,365.00"
2019-10-03,2019100301001824,LBL,10,22,30,214.00,"6,420.00"
2019-10-03,2019100301002114,LGIL,44,39,195,350.00,"68,250.00"
2019-10-03,2019100301002113,LGIL,43,39,100,350.00,"35,000.00"
2019-10-03,2019100301002112,LGIL,43,39,100,350.00,"35,000.00"
2019-10-03,2019100301002111,LGIL,6,39,100,351.00,"35,100.00"
2019-10-03,2019100301002110,LGIL,49,39,200,352.00,"70,400.00"
2019-10-03,2019100301002109,LGIL,38,39,100,353.00,"35,300.00"
2019-10-03,2019100301001746,LGIL,21,55,140,360.00,"50,400.00"
2019-10-03,2019100301002142,LICN,14,10,50,999.00,"49,950.00"
2019-10-03,2019100301001859,LICN,16,10,100,996.00,"99,600.00"
2019-10-03,2019100301001858,LICN,16,8,71,995.00,"70,645.00"
2019-10-03,2019100301001845,LICN,56,10,50,991.00,"49,550.00"
2019-10-03,2019100301001844,LICN,32,10,100,991.00,"99,100.00"
2019-10-03,2019100301001843,LICN,36,10,20,991.00,"19,820.00"
2019-10-03,2019100301001831,LICN,26,10,15,992.00,"14,880.00"
2019-10-03,2019100301001822,LICN,25,10,20,995.00,"19,900.00"
2019-10-03,2019100301001718,LICN,6,8,30,995.00,"29,850.00"
2019-10-03,2019100301002139,MBL,26,7,400,225.00,"90,000.00"
2019-10-03,2019100301002008,MBL,49,7,200,226.00,"45,200.00"
2019-10-03,2019100301001729,MBL,50,32,200,225.00,"45,000.00"
2019-10-03,2019100301001707,MBL,6,7,110,226.00,"24,860.00"
2019-10-03,2019100301001991,MDB,21,49,20,250.00,"5,000.00"
2019-10-03,2019100301001965,MDB,59,35,11,248.00,"2,728.00"
2019-10-03,2019100301001760,MEGA,50,42,"1,000",195.00,"195,000.00"
2019-10-03,2019100301001724,MEGA,50,13,770,195.00,"150,150.00"
2019-10-03,2019100301001976,MEGA,57,57,151,195.00,"29,445.00"
2019-10-03,2019100301002056,MEGA,42,13,951,195.00,"185,445.00"
2019-10-03,2019100301002055,MEGA,57,13,49,195.00,"9,555.00"
2019-10-03,2019100301002057,MERO,52,6,50,560.00,"28,000.00"
2019-10-03,2019100301001908,MERO,29,6,300,560.00,"168,000.00"
2019-10-03,2019100301001877,MERO,42,39,33,558.00,"18,414.00"
2019-10-03,2019100301001749,MERO,11,6,200,560.00,"112,000.00"
2019-10-03,2019100301001835,MHNL,42,19,30,80.00,"2,400.00"
2019-10-03,2019100301001715,MHNL,59,59,410,79.00,"32,390.00"
2019-10-03,2019100301001909,MLBBL,6,22,100,440.00,"44,000.00"
2019-10-03,2019100301001833,MLBL,25,49,22,214.00,"4,708.00"
2019-10-03,2019100301002192,NABIL,42,5,52,772.00,"40,144.00"
2019-10-03,2019100301002163,NABIL,48,3,50,773.00,"38,650.00"
2019-10-03,2019100301002136,NABIL,43,3,350,773.00,"270,550.00"
2019-10-03,2019100301002131,NABIL,43,43,250,773.00,"193,250.00"
2019-10-03,2019100301002080,NABIL,42,52,24,772.00,"18,528.00"
2019-10-03,2019100301002079,NABIL,29,52,100,772.00,"77,200.00"
2019-10-03,2019100301002078,NABIL,26,52,100,772.00,"77,200.00"
2019-10-03,2019100301002027,NABIL,52,43,30,774.00,"23,220.00"
2019-10-03,2019100301001972,NABIL,26,14,100,773.00,"77,300.00"
2019-10-03,2019100301001838,NABIL,13,43,20,774.00,"15,480.00"
2019-10-03,2019100301001837,NABIL,13,3,100,774.00,"77,400.00"
2019-10-03,2019100301002070,NBB,25,56,950,210.00,"199,500.00"
2019-10-03,2019100301002069,NBB,47,56,50,211.00,"10,550.00"
2019-10-03,2019100301001872,NBB,25,45,118,210.00,"24,780.00"
2019-10-03,2019100301001871,NBB,42,45,32,210.00,"6,720.00"
2019-10-03,2019100301001754,NBB,43,40,140,211.00,"29,540.00"
2019-10-03,2019100301001722,NBB,43,21,10,211.00,"2,110.00"
2019-10-03,2019100301002125,NBL,7,7,200,316.00,"63,200.00"
2019-10-03,2019100301001997,NBL,7,57,800,316.00,"252,800.00"
2019-10-03,2019100301001996,NBL,16,57,500,316.00,"158,000.00"
2019-10-03,2019100301001995,NBL,19,57,200,316.00,"63,200.00"
2019-10-03,2019100301001750,NBL,19,41,150,316.00,"47,400.00"
2019-10-03,2019100301001869,NCCB,33,39,10,201.00,"2,010.00"
2019-10-03,2019100301001855,NCCB,58,40,200,200.00,"40,000.00"
2019-10-03,2019100301001854,NCCB,58,34,500,200.00,"100,000.00"
2019-10-03,2019100301001853,NCCB,58,32,367,200.00,"73,400.00"
2019-10-03,2019100301001852,NCCB,58,32,73,200.00,"14,600.00"
2019-10-03,2019100301001851,NCCB,58,51,200,200.00,"40,000.00"
2019-10-03,2019100301001701,NCCB,33,57,10,199.00,"1,990.00"
2019-10-03,2019100301001850,NCCB,58,35,158,200.00,"31,600.00"
2019-10-03,2019100301001849,NCCB,58,46,50,200.00,"10,000.00"
2019-10-03,2019100301001848,NCCB,58,7,500,200.00,"100,000.00"
2019-10-03,2019100301001811,NCCB,44,1,58,199.00,"11,542.00"
2019-10-03,2019100301001810,NCCB,44,7,"1,000",199.00,"199,000.00"
2019-10-03,2019100301001809,NCCB,44,57,140,199.00,"27,860.00"
2019-10-03,2019100301002194,NGPL,39,10,"1,500",101.00,"151,500.00"
2019-10-03,2019100301002193,NGPL,43,10,500,101.00,"50,500.00"
2019-10-03,2019100301001820,NGPL,26,21,15,100.00,"1,500.00"
2019-10-03,2019100301001808,NHDL,52,34,10,97.00,970.00
2019-10-03,2019100301002098,NHPC,58,34,90,53.00,"4,770.00"
2019-10-03,2019100301002061,NHPC,25,34,100,53.00,"5,300.00"
2019-10-03,2019100301001863,NIB,42,36,446,442.00,"197,132.00"
2019-10-03,2019100301001862,NIB,45,36,100,442.00,"44,200.00"
2019-10-03,2019100301001861,NIB,34,36,127,442.00,"56,134.00"
2019-10-03,2019100301002122,NICA,26,45,10,384.00,"3,840.00"
2019-10-03,2019100301002116,NICA,46,18,24,389.00,"9,336.00"
2019-10-03,2019100301002115,NICA,46,14,100,386.00,"38,600.00"
2019-10-03,2019100301002048,NICA,42,10,225,385.00,"86,625.00"
2019-10-03,2019100301002047,NICA,42,16,100,385.00,"38,500.00"
2019-10-03,2019100301001878,NICA,42,4,100,385.00,"38,500.00"
2019-10-03,2019100301001875,NICA,19,14,400,386.00,"154,400.00"
2019-10-03,2019100301001874,NICA,19,47,100,386.00,"38,600.00"
2019-10-03,2019100301001797,NICA,42,7,100,385.00,"38,500.00"
2019-10-03,2019100301001904,NICL,57,40,200,265.00,"53,000.00"
2019-10-03,2019100301001903,NICL,53,40,50,265.00,"13,250.00"
2019-10-03,2019100301001902,NICL,41,40,30,265.00,"7,950.00"
2019-10-03,2019100301001901,NICL,7,40,100,266.00,"26,600.00"
2019-10-03,2019100301001867,NICL,7,34,400,266.00,"106,400.00"
2019-10-03,2019100301001866,NICL,6,34,100,267.00,"26,700.00"
2019-10-03,2019100301001790,NICL,37,40,50,269.00,"13,450.00"
2019-10-03,2019100301001766,NICL,44,40,10,269.00,"2,690.00"
2019-10-03,2019100301002071,NIL,39,3,11,365.00,"4,015.00"
2019-10-03,2019100301001699,NIL,45,19,100,362.00,"36,200.00"
2019-10-03,2019100301001968,NLIC,37,14,100,768.00,"76,800.00"
2019-10-03,2019100301001727,NLIC,19,29,100,768.00,"76,800.00"
2019-10-03,2019100301002031,NLICL,34,6,470,469.00,"220,430.00"
2019-10-03,2019100301002030,NLICL,6,6,50,469.00,"23,450.00"
2019-10-03,2019100301002029,NLICL,25,6,50,470.00,"23,500.00"
2019-10-03,2019100301002028,NLICL,13,6,30,471.00,"14,130.00"
2019-10-03,2019100301002171,NMFBS,33,42,13,"1,730.00","22,490.00"
2019-10-03,2019100301002170,NMFBS,33,52,100,"1,720.00","172,000.00"
2019-10-03,2019100301002159,NMFBS,33,28,70,"1,700.00","119,000.00"
2019-10-03,2019100301002158,NMFBS,33,5,20,"1,700.00","34,000.00"
2019-10-03,2019100301002157,NMFBS,33,7,45,"1,700.00","76,500.00"
2019-10-03,2019100301002153,NMFBS,1,25,29,"1,667.00","48,343.00"
2019-10-03,2019100301001882,NMFBS,26,34,15,"1,700.00","25,500.00"
2019-10-03,2019100301001881,NMFBS,26,22,30,"1,700.00","51,000.00"
2019-10-03,2019100301002152,NMFBS,26,25,50,"1,668.00","83,400.00"
2019-10-03,2019100301002151,NMFBS,45,25,100,"1,670.00","167,000.00"
2019-10-03,2019100301002150,NMFBS,33,25,200,"1,675.00","335,000.00"
2019-10-03,2019100301002149,NMFBS,49,25,87,"1,680.00","146,160.00"
2019-10-03,2019100301002042,NMFBS,49,57,13,"1,680.00","21,840.00"
2019-10-03,2019100301001883,NMFBS,26,7,55,"1,700.00","93,500.00"
2019-10-03,2019100301002011,NUBL,11,37,10,870.00,"8,700.00"
2019-10-03,2019100301002010,NUBL,11,22,20,869.00,"17,380.00"
2019-10-03,2019100301002120,OHL,54,26,310,487.00,"150,970.00"
2019-10-03,2019100301002119,OHL,54,16,100,486.00,"48,600.00"
2019-10-03,2019100301002118,OHL,54,45,50,485.00,"24,250.00"
2019-10-03,2019100301001969,OHL,17,45,200,485.00,"97,000.00"
2019-10-03,2019100301001930,OHL,17,43,100,485.00,"48,500.00"
2019-10-03,2019100301002195,PCBL,51,26,100,269.00,"26,900.00"
2019-10-03,2019100301002090,PCBL,26,26,218,268.00,"58,424.00"
2019-10-03,2019100301001931,PCBL,6,45,100,270.00,"27,000.00"
2019-10-03,2019100301001847,PCBL,44,48,974,271.00,"263,954.00"
2019-10-03,2019100301001771,PCBL,14,58,500,270.00,"135,000.00"
2019-10-03,2019100301001770,PCBL,14,58,206,270.00,"55,620.00"
2019-10-03,2019100301001769,PCBL,14,48,550,270.00,"148,500.00"
2019-10-03,2019100301002096,PFL,59,38,10,135.00,"1,350.00"
2019-10-03,2019100301002188,PIC,34,45,60,372.00,"22,320.00"
2019-10-03,2019100301001886,PIC,29,6,50,374.00,"18,700.00"
2019-10-03,2019100301001860,PIC,22,6,30,374.00,"11,220.00"
2019-10-03,2019100301001791,PIC,34,34,20,372.00,"7,440.00"
2019-10-03,2019100301001765,PIC,34,6,300,374.00,"112,200.00"
2019-10-03,2019100301001761,PIC,58,6,300,374.00,"112,200.00"
2019-10-03,2019100301001720,PIC,19,6,100,374.00,"37,400.00"
2019-10-03,2019100301002166,PICL,6,40,10,450.00,"4,500.00"
2019-10-03,2019100301002165,PICL,6,49,40,447.00,"17,880.00"
2019-10-03,2019100301001937,PICL,6,45,75,446.00,"33,450.00"
2019-10-03,2019100301002044,PLIC,42,57,10,331.00,"3,310.00"
2019-10-03,2019100301002021,PMHPL,52,45,10,90.00,900.00
2019-10-03,2019100301001885,PRIN,42,43,12,315.00,"3,780.00"
2019-10-03,2019100301002187,PROFL,28,32,449,98.00,"44,002.00"
2019-10-03,2019100301002123,PRVU,34,58,600,264.00,"158,400.00"
2019-10-03,2019100301002053,PRVU,52,58,100,264.00,"26,400.00"
2019-10-03,2019100301002052,PRVU,44,58,100,264.00,"26,400.00"
2019-10-03,2019100301001804,PRVU,42,29,100,264.00,"26,400.00"
2019-10-03,2019100301001803,PRVU,42,45,400,264.00,"105,600.00"
2019-10-03,2019100301001753,PRVU,39,45,200,264.00,"52,800.00"
2019-10-03,2019100301001738,PRVU,26,45,500,264.00,"132,000.00"
2019-10-03,2019100301001732,PRVU,43,45,500,264.00,"132,000.00"
2019-10-03,2019100301001704,PRVU,58,45,900,264.00,"237,600.00"
2019-10-03,2019100301001953,PRVU,16,6,300,265.00,"79,500.00"
2019-10-03,2019100301001826,PRVU,58,50,700,263.00,"184,100.00"
2019-10-03,2019100301001825,PRVU,56,50,300,263.00,"78,900.00"
2019-10-03,2019100301001823,PRVU,1,1,100,264.00,"26,400.00"
2019-10-03,2019100301001975,RADHI,19,56,12,133.00,"1,596.00"
2019-10-03,2019100301001974,RADHI,19,56,12,133.00,"1,596.00"
2019-10-03,2019100301001706,RBCL,5,49,10,"8,739.00","87,390.00"
2019-10-03,2019100301002075,RBCLPO,37,28,10,"7,589.00","75,890.00"
2019-10-03,2019100301002025,RBCLPO,45,52,20,"7,446.00","148,920.00"
2019-10-03,2019100301001725,RBCLPO,5,28,10,"7,446.00","74,460.00"
2019-10-03,2019100301002129,RHPC,39,40,444,81.00,"35,964.00"
2019-10-03,2019100301002024,RHPC,42,40,56,81.00,"4,536.00"
2019-10-03,2019100301001964,RHPC,42,40,431,81.00,"34,911.00"
2019-10-03,2019100301001957,RHPC,45,40,100,80.00,"8,000.00"
2019-10-03,2019100301001956,RHPC,8,40,100,80.00,"8,000.00"
2019-10-03,2019100301002173,RHPL,59,38,40,159.00,"6,360.00"
2019-10-03,2019100301002160,RHPL,59,38,40,159.00,"6,360.00"
2019-10-03,2019100301002143,RHPL,59,38,40,159.00,"6,360.00"
2019-10-03,2019100301002093,RHPL,59,39,340,160.00,"54,400.00"
2019-10-03,2019100301002092,RHPL,59,7,320,160.00,"51,200.00"
2019-10-03,2019100301002089,RHPL,59,38,40,159.00,"6,360.00"
2019-10-03,2019100301001740,RHPL,19,38,40,160.00,"6,400.00"
2019-10-03,2019100301001735,RHPL,19,38,40,160.00,"6,400.00"
2019-10-03,2019100301001723,RHPL,19,38,40,160.00,"6,400.00"
2019-10-03,2019100301001717,RHPL,19,19,40,160.00,"6,400.00"
2019-10-03,2019100301001716,RHPL,19,38,40,160.00,"6,400.00"
2019-10-03,2019100301001705,RHPL,19,38,40,160.00,"6,400.00"
2019-10-03,2019100301001798,RHPL,43,38,40,159.00,"6,360.00"
2019-10-03,2019100301001794,RHPL,43,38,40,159.00,"6,360.00"
2019-10-03,2019100301001775,RHPL,43,38,40,159.00,"6,360.00"
2019-10-03,2019100301001767,RHPL,43,38,40,159.00,"6,360.00"
2019-10-03,2019100301001759,RHPL,19,7,180,160.00,"28,800.00"
2019-10-03,2019100301001744,RHPL,19,38,40,160.00,"6,400.00"
2019-10-03,2019100301001950,RHPL,21,33,40,161.00,"6,440.00"
2019-10-03,2019100301001949,RHPL,21,42,40,160.00,"6,400.00"
2019-10-03,2019100301001948,RHPL,21,47,40,160.00,"6,400.00"
2019-10-03,2019100301001934,RHPL,4,38,40,159.00,"6,360.00"
2019-10-03,2019100301001928,RHPL,4,38,40,159.00,"6,360.00"
2019-10-03,2019100301001905,RHPL,4,17,30,159.00,"4,770.00"
2019-10-03,2019100301001971,RHPL,59,38,30,159.00,"4,770.00"
2019-10-03,2019100301001970,RHPL,4,38,10,159.00,"1,590.00"
2019-10-03,2019100301001966,RHPL,4,38,40,159.00,"6,360.00"
2019-10-03,2019100301001954,RHPL,4,38,40,159.00,"6,360.00"
2019-10-03,2019100301001952,RHPL,21,36,140,161.00,"22,540.00"
2019-10-03,2019100301001951,RHPL,21,33,40,161.00,"6,440.00"
2019-10-03,2019100301002074,RHPL,59,38,40,159.00,"6,360.00"
2019-10-03,2019100301002064,RHPL,59,35,70,159.00,"11,130.00"
2019-10-03,2019100301002054,RHPL,8,39,10,160.00,"1,600.00"
2019-10-03,2019100301001984,RHPL,59,38,10,159.00,"1,590.00"
2019-10-03,2019100301001983,RHPL,57,38,30,160.00,"4,800.00"
2019-10-03,2019100301001978,RHPL,57,38,40,160.00,"6,400.00"
2019-10-03,2019100301002032,RRHP,47,45,10,102.00,"1,020.00"
2019-10-03,2019100301002050,SABSL,19,45,10,453.00,"4,530.00"
2019-10-03,2019100301002019,SABSL,19,21,140,453.00,"63,420.00"
2019-10-03,2019100301002018,SABSL,47,21,10,453.00,"4,530.00"
2019-10-03,2019100301002017,SABSL,26,21,30,453.00,"13,590.00"
2019-10-03,2019100301002016,SABSL,42,21,300,454.00,"136,200.00"
2019-10-03,2019100301001963,SANIMA,40,44,30,307.00,"9,210.00"
2019-10-03,2019100301001959,SANIMA,40,29,60,307.00,"18,420.00"
2019-10-03,2019100301001958,SANIMA,39,29,90,307.00,"27,630.00"
2019-10-03,2019100301001936,SANIMA,57,44,43,308.00,"13,244.00"
2019-10-03,2019100301001913,SANIMA,57,44,57,308.00,"17,556.00"
2019-10-03,2019100301001906,SANIMA,4,44,370,308.00,"113,960.00"
2019-10-03,2019100301001865,SANIMA,34,17,400,308.00,"123,200.00"
2019-10-03,2019100301001864,SANIMA,34,19,210,308.00,"64,680.00"
2019-10-03,2019100301001832,SANIMA,22,17,100,308.00,"30,800.00"
2019-10-03,2019100301002145,SBI,39,11,100,410.00,"41,000.00"
2019-10-03,2019100301002091,SBI,40,11,300,410.00,"123,000.00"
2019-10-03,2019100301001982,SBI,14,32,52,409.00,"21,268.00"
2019-10-03,2019100301001916,SBI,14,34,42,409.00,"17,178.00"
2019-10-03,2019100301001915,SBI,17,34,100,409.00,"40,900.00"
2019-10-03,2019100301001914,SBI,17,34,872,409.00,"356,648.00"
2019-10-03,2019100301001857,SBI,42,34,500,410.00,"205,000.00"
2019-10-03,2019100301002186,SBL,56,32,99,337.00,"33,363.00"
2019-10-03,2019100301002185,SBL,56,58,112,337.00,"37,744.00"
2019-10-03,2019100301002184,SBL,56,58,289,337.00,"97,393.00"
2019-10-03,2019100301002124,SBL,41,58,200,337.00,"67,400.00"
2019-10-03,2019100301002068,SBL,40,19,300,337.00,"101,100.00"
2019-10-03,2019100301002063,SBL,21,58,11,337.00,"3,707.00"
2019-10-03,2019100301001817,SBL,45,34,50,336.00,"16,800.00"
2019-10-03,2019100301001816,SBL,53,34,119,336.00,"39,984.00"
2019-10-03,2019100301001801,SBL,26,46,300,337.00,"101,100.00"
2019-10-03,2019100301001733,SBL,26,46,400,337.00,"134,800.00"
2019-10-03,2019100301001713,SBL,48,46,85,337.00,"28,645.00"
2019-10-03,2019100301002062,SBL,21,46,189,337.00,"63,693.00"
2019-10-03,2019100301002040,SBL,17,46,30,337.00,"10,110.00"
2019-10-03,2019100301002036,SBL,18,46,200,337.00,"67,400.00"
2019-10-03,2019100301001932,SBL,44,46,500,337.00,"168,500.00"
2019-10-03,2019100301001842,SBL,57,46,150,337.00,"50,550.00"
2019-10-03,2019100301001818,SBL,17,34,31,336.00,"10,416.00"
2019-10-03,2019100301002067,SCB,17,35,50,586.00,"29,300.00"
2019-10-03,2019100301002046,SCB,49,42,100,585.00,"58,500.00"
2019-10-03,2019100301002045,SCB,49,34,200,584.00,"116,800.00"
2019-10-03,2019100301001836,SCB,41,34,"1,651",581.00,"959,231.00"
2019-10-03,2019100301001789,SCB,41,28,100,586.00,"58,600.00"
2019-10-03,2019100301001714,SCB,19,19,100,580.00,"58,000.00"
2019-10-03,2019100301001782,SCB,41,18,256,581.00,"148,736.00"
2019-10-03,2019100301001781,SCB,41,35,40,581.00,"23,240.00"
2019-10-03,2019100301001780,SCB,41,46,200,580.00,"116,000.00"
2019-10-03,2019100301001779,SCB,41,22,200,580.00,"116,000.00"
2019-10-03,2019100301001778,SCB,41,25,100,580.00,"58,000.00"
2019-10-03,2019100301001777,SCB,41,19,53,580.00,"30,740.00"
2019-10-03,2019100301001788,SCB,41,25,500,583.00,"291,500.00"
2019-10-03,2019100301001787,SCB,41,44,500,583.00,"291,500.00"
2019-10-03,2019100301001786,SCB,41,50,100,583.00,"58,300.00"
2019-10-03,2019100301001785,SCB,41,34,100,582.00,"58,200.00"
2019-10-03,2019100301001784,SCB,41,22,100,582.00,"58,200.00"
2019-10-03,2019100301001783,SCB,41,25,100,581.00,"58,100.00"
2019-10-03,2019100301001888,SFFIL,45,38,310,193.00,"59,830.00"
2019-10-03,2019100301001879,SHINE,10,6,20,248.00,"4,960.00"
2019-10-03,2019100301001755,SHINE,57,6,184,248.00,"45,632.00"
2019-10-03,2019100301002108,SHIVM,1,26,10,510.00,"5,100.00"
2019-10-03,2019100301002107,SHIVM,19,26,150,510.00,"76,500.00"
2019-10-03,2019100301002106,SHIVM,17,26,100,510.00,"51,000.00"
2019-10-03,2019100301002105,SHIVM,45,26,50,510.00,"25,500.00"
2019-10-03,2019100301002104,SHIVM,45,26,150,510.00,"76,500.00"
2019-10-03,2019100301002103,SHIVM,45,26,50,510.00,"25,500.00"
2019-10-03,2019100301001756,SHIVM,35,38,80,513.00,"41,040.00"
2019-10-03,2019100301001743,SHIVM,45,38,20,513.00,"10,260.00"
2019-10-03,2019100301001728,SHIVM,41,38,100,513.00,"51,300.00"
2019-10-03,2019100301001896,SHIVM,38,34,160,514.00,"82,240.00"
2019-10-03,2019100301001876,SHIVM,22,34,100,514.00,"51,400.00"
2019-10-03,2019100301001807,SHIVM,18,14,65,513.00,"33,345.00"
2019-10-03,2019100301001806,SHIVM,34,14,200,513.00,"102,600.00"
2019-10-03,2019100301001757,SHIVM,35,43,100,513.00,"51,300.00"
2019-10-03,2019100301002102,SHIVM,52,26,100,510.00,"51,000.00"
2019-10-03,2019100301002101,SHIVM,55,26,40,510.00,"20,400.00"
2019-10-03,2019100301002100,SHIVM,57,26,50,511.00,"25,550.00"
2019-10-03,2019100301002099,SHIVM,21,26,100,511.00,"51,100.00"
2019-10-03,2019100301001926,SHIVM,57,33,400,512.00,"204,800.00"
2019-10-03,2019100301001925,SHIVM,18,33,135,513.00,"69,255.00"
2019-10-03,2019100301002141,SHL,57,54,100,213.00,"21,300.00"
2019-10-03,2019100301002140,SHL,57,58,308,213.00,"65,604.00"
2019-10-03,2019100301002130,SHL,42,10,180,211.00,"37,980.00"
2019-10-03,2019100301002022,SHL,29,58,530,213.00,"112,890.00"
2019-10-03,2019100301002014,SHL,29,25,200,213.00,"42,600.00"
2019-10-03,2019100301001938,SHL,34,32,100,215.00,"21,500.00"
2019-10-03,2019100301001895,SHL,14,25,100,212.00,"21,200.00"
2019-10-03,2019100301001748,SHL,34,39,100,212.00,"21,200.00"
2019-10-03,2019100301001747,SHL,34,20,100,212.00,"21,200.00"
2019-10-03,2019100301001721,SHL,34,39,136,211.00,"28,696.00"
2019-10-03,2019100301001917,SHPC,48,17,30,200.00,"6,000.00"
2019-10-03,2019100301001868,SHPC,40,57,"1,000",197.00,"197,000.00"
2019-10-03,2019100301001939,SIL,25,56,10,388.00,"3,880.00"
2019-10-03,2019100301002179,SJCL,59,38,20,169.00,"3,380.00"
2019-10-03,2019100301002167,SJCL,59,38,10,169.00,"1,690.00"
2019-10-03,2019100301002148,SJCL,59,38,20,169.00,"3,380.00"
2019-10-03,2019100301002094,SJCL,59,38,20,169.00,"3,380.00"
2019-10-03,2019100301002086,SJCL,51,38,20,169.00,"3,380.00"
2019-10-03,2019100301002083,SJCL,59,58,280,170.00,"47,600.00"
2019-10-03,2019100301001719,SJCL,13,38,20,169.00,"3,380.00"
2019-10-03,2019100301001712,SJCL,13,38,20,169.00,"3,380.00"
2019-10-03,2019100301001698,SJCL,13,38,20,169.00,"3,380.00"
2019-10-03,2019100301001745,SJCL,13,38,20,169.00,"3,380.00"
2019-10-03,2019100301001741,SJCL,13,38,20,169.00,"3,380.00"
2019-10-03,2019100301001737,SJCL,13,38,20,169.00,"3,380.00"
2019-10-03,2019100301001726,SJCL,13,38,10,169.00,"1,690.00"
2019-10-03,2019100301001802,SJCL,13,38,20,169.00,"3,380.00"
2019-10-03,2019100301001800,SJCL,59,35,470,170.00,"79,900.00"
2019-10-03,2019100301001796,SJCL,59,38,20,170.00,"3,400.00"
2019-10-03,2019100301001776,SJCL,59,38,10,170.00,"1,700.00"
2019-10-03,2019100301001774,SJCL,59,35,500,170.00,"85,000.00"
2019-10-03,2019100301001773,SJCL,13,38,20,169.00,"3,380.00"
2019-10-03,2019100301001927,SJCL,49,35,530,170.00,"90,100.00"
2019-10-03,2019100301001919,SJCL,49,47,20,170.00,"3,400.00"
2019-10-03,2019100301001912,SJCL,13,17,20,169.00,"3,380.00"
2019-10-03,2019100301001830,SJCL,41,35,160,171.00,"27,360.00"
2019-10-03,2019100301001829,SJCL,41,33,20,171.00,"3,420.00"
2019-10-03,2019100301001828,SJCL,41,33,20,171.00,"3,420.00"
2019-10-03,2019100301001973,SJCL,13,38,20,169.00,"3,380.00"
2019-10-03,2019100301001967,SJCL,13,38,20,169.00,"3,380.00"
2019-10-03,2019100301001962,SJCL,13,38,20,169.00,"3,380.00"
2019-10-03,2019100301001935,SJCL,13,38,20,169.00,"3,380.00"
2019-10-03,2019100301001929,SJCL,13,38,20,169.00,"3,380.00"
2019-10-03,2019100301002082,SJCL,59,39,380,170.00,"64,600.00"
2019-10-03,2019100301002072,SJCL,13,39,220,170.00,"37,400.00"
2019-10-03,2019100301001990,SJCL,13,38,10,169.00,"1,690.00"
2019-10-03,2019100301001981,SJCL,13,38,20,169.00,"3,380.00"
2019-10-03,2019100301001989,SLBSL,11,47,50,680.00,"34,000.00"
2019-10-03,2019100301001988,SLBSL,11,45,10,680.00,"6,800.00"
2019-10-03,2019100301001987,SLBSL,11,47,10,679.00,"6,790.00"
2019-10-03,2019100301001961,SLBSL,22,33,50,672.00,"33,600.00"
2019-10-03,2019100301001960,SLBSL,22,33,50,674.00,"33,700.00"
2019-10-03,2019100301001910,SLBSL,22,43,40,678.00,"27,120.00"
2019-10-03,2019100301001739,SLBSL,14,43,10,678.00,"6,780.00"
2019-10-03,2019100301001827,SLICL,26,40,50,268.00,"13,400.00"
2019-10-03,2019100301002172,SMFBS,34,17,10,801.00,"8,010.00"
2019-10-03,2019100301002081,SMFBS,34,56,10,800.00,"8,000.00"
2019-10-03,2019100301001870,SMFDB,4,19,100,512.00,"51,200.00"
2019-10-03,2019100301002132,SRBL,16,26,88,236.00,"20,768.00"
2019-10-03,2019100301001955,SRBL,47,43,50,237.00,"11,850.00"
2019-10-03,2019100301002023,SWBBL,49,44,755,929.00,"701,395.00"
2019-10-03,2019100301001920,SWBBL,45,54,100,930.00,"93,000.00"
2019-10-03,2019100301001697,SWBBL,49,28,500,929.00,"464,500.00"
2019-10-03,2019100301001696,SWBBL,49,28,50,928.00,"46,400.00"
2019-10-03,2019100301002117,TRH,33,17,10,288.00,"2,880.00"
2019-10-03,2019100301002035,TRH,34,57,40,285.00,"11,400.00"
2019-10-03,2019100301001933,UIC,44,58,140,262.00,"36,680.00"
2019-10-03,2019100301001839,UIC,47,40,50,261.00,"13,050.00"
2019-10-03,2019100301001711,UIC,8,46,100,262.00,"26,200.00"
2019-10-03,2019100301001710,UIC,14,46,684,262.00,"179,208.00"
2019-10-03,2019100301001709,UIC,41,46,50,263.00,"13,150.00"
2019-10-03,2019100301001708,UIC,34,46,190,263.00,"49,970.00"
2019-10-03,2019100301002037,UPCL,11,45,70,80.00,"5,600.00"
2019-10-03,2019100301001880,UPCL,11,47,50,80.00,"4,000.00"
2019-10-03,2019100301002162,UPPER,44,56,290,236.00,"68,440.00"
2019-10-03,2019100301002161,UPPER,36,56,10,236.00,"2,360.00"
2019-10-03,2019100301002135,UPPER,33,45,10,237.00,"2,370.00"
2019-10-03,2019100301002041,UPPER,36,45,40,236.00,"9,440.00"
2019-10-03,2019100301001763,UPPER,33,45,10,237.00,"2,370.00"
2019-10-03,2019100301001762,UPPER,33,8,50,236.00,"11,800.00"
2019-10-03,2019100301001819,VLBS,45,57,300,560.00,"168,000.00"
2019-10-03,2019100301001229,ADBL,6,3,100,418.00,"41,800.00"
2019-10-03,2019100301001228,ADBL,6,28,70,418.00,"29,260.00"
2019-10-03,2019100301001620,AHPC,37,55,50,98.00,"4,900.00"
2019-10-03,2019100301001558,AHPC,37,17,100,98.00,"9,800.00"
2019-10-03,2019100301001403,AHPC,37,48,15,98.00,"1,470.00"
2019-10-03,2019100301001349,AHPC,37,48,85,98.00,"8,330.00"
2019-10-03,2019100301001271,AHPC,37,45,615,98.00,"60,270.00"
2019-10-03,2019100301001262,AHPC,37,45,"1,000",98.00,"98,000.00"
2019-10-03,2019100301001250,AHPC,37,45,300,98.00,"29,400.00"
2019-10-03,2019100301001597,AKBSL,38,57,10,412.00,"4,120.00"
2019-10-03,2019100301001474,AKBSL,38,17,10,412.00,"4,120.00"
2019-10-03,2019100301001634,ALICL,40,21,33,317.00,"10,461.00"
2019-10-03,2019100301001510,ALICL,40,41,167,317.00,"52,939.00"
2019-10-03,2019100301001354,ALICL,41,28,100,318.00,"31,800.00"
2019-10-03,2019100301001353,ALICL,46,28,30,318.00,"9,540.00"
2019-10-03,2019100301001352,ALICL,59,28,30,318.00,"9,540.00"
2019-10-03,2019100301001253,ALICL,59,19,120,318.00,"38,160.00"
2019-10-03,2019100301001221,ALICL,34,19,80,319.00,"25,520.00"
2019-10-03,2019100301001201,ALICL,34,45,20,319.00,"6,380.00"
2019-10-03,2019100301001560,API,25,25,19,114.00,"2,166.00"
2019-10-03,2019100301001648,BOKL,34,11,100,237.00,"23,700.00"
2019-10-03,2019100301001630,BOKL,34,11,100,237.00,"23,700.00"
2019-10-03,2019100301001614,BPCL,43,36,11,362.00,"3,982.00"
2019-10-03,2019100301001555,CBL,33,57,198,144.00,"28,512.00"
2019-10-03,2019100301001554,CBL,33,59,94,144.00,"13,536.00"
2019-10-03,2019100301001456,CBL,29,59,200,144.00,"28,800.00"
2019-10-03,2019100301001383,CBL,8,59,586,144.00,"84,384.00"
2019-10-03,2019100301001382,CBL,14,59,100,144.00,"14,400.00"
2019-10-03,2019100301001381,CBL,56,59,20,144.00,"2,880.00"
2019-10-03,2019100301001363,CBL,21,59,"1,000",144.00,"144,000.00"
2019-10-03,2019100301001645,CCBL,45,22,100,154.00,"15,400.00"
2019-10-03,2019100301001568,CCBL,45,17,100,154.00,"15,400.00"
2019-10-03,2019100301001495,CCBL,42,34,50,155.00,"7,750.00"
2019-10-03,2019100301001265,CCBL,49,34,"1,000",155.00,"155,000.00"
2019-10-03,2019100301001264,CCBL,49,5,300,155.00,"46,500.00"
2019-10-03,2019100301001263,CCBL,49,34,"1,000",155.00,"155,000.00"
2019-10-03,2019100301001501,CHCL,10,1,19,425.00,"8,075.00"
2019-10-03,2019100301001497,CHCL,10,56,11,424.00,"4,664.00"
2019-10-03,2019100301001492,CHCL,13,56,289,424.00,"122,536.00"
2019-10-03,2019100301001491,CHCL,13,40,181,423.00,"76,563.00"
2019-10-03,2019100301001345,CHCL,10,40,19,423.00,"8,037.00"
2019-10-03,2019100301001343,CHCL,10,21,11,422.00,"4,642.00"
2019-10-03,2019100301001317,CHCL,56,21,79,422.00,"33,338.00"
2019-10-03,2019100301001226,CHCL,10,21,10,422.00,"4,220.00"
2019-10-03,2019100301001224,CHCL,25,56,68,420.00,"28,560.00"
2019-10-03,2019100301001215,CHCL,45,21,18,422.00,"7,596.00"
2019-10-03,2019100301001208,CHCL,47,21,22,422.00,"9,284.00"
2019-10-03,2019100301001575,CZBIL,42,17,20,198.00,"3,960.00"
2019-10-03,2019100301001574,CZBIL,43,17,60,198.00,"11,880.00"
2019-10-03,2019100301001486,CZBIL,43,46,25,199.00,"4,975.00"
2019-10-03,2019100301001472,CZBIL,43,3,10,198.00,"1,980.00"
2019-10-03,2019100301001415,CZBIL,43,25,120,198.00,"23,760.00"
2019-10-03,2019100301001625,DBBL,35,55,127,127.00,"16,129.00"
2019-10-03,2019100301001624,DBBL,41,55,100,127.00,"12,700.00"
2019-10-03,2019100301001604,DBBL,6,25,100,128.00,"12,800.00"
2019-10-03,2019100301001551,DBBL,33,32,453,128.00,"57,984.00"
2019-10-03,2019100301001541,DBBL,33,32,"1,500",128.00,"192,000.00"
2019-10-03,2019100301001290,DBBL,14,32,300,129.00,"38,700.00"
2019-10-03,2019100301001289,DBBL,14,42,100,129.00,"12,900.00"
2019-10-03,2019100301001288,DBBL,14,48,100,129.00,"12,900.00"
2019-10-03,2019100301001287,DBBL,33,41,47,128.00,"6,016.00"
2019-10-03,2019100301001611,EBL,34,44,200,574.00,"114,800.00"
2019-10-03,2019100301001610,EBL,33,44,40,574.00,"22,960.00"
2019-10-03,2019100301001374,EBL,48,44,500,575.00,"287,500.00"
2019-10-03,2019100301001307,EBL,4,44,100,575.00,"57,500.00"
2019-10-03,2019100301001693,EIC,39,21,20,243.00,"4,860.00"
2019-10-03,2019100301001692,EIC,39,34,115,243.00,"27,945.00"
2019-10-03,2019100301001680,EIC,20,34,40,243.00,"9,720.00"
2019-10-03,2019100301001635,EIC,32,34,20,243.00,"4,860.00"
2019-10-03,2019100301001494,EIC,3,34,25,243.00,"6,075.00"
2019-10-03,2019100301001384,EIC,22,21,30,242.00,"7,260.00"
2019-10-03,2019100301001683,GBBL,14,19,"1,000",210.00,"210,000.00"
2019-10-03,2019100301001468,GBLBS,26,58,500,322.00,"161,000.00"
2019-10-03,2019100301001292,GBLBS,18,40,100,321.00,"32,100.00"
2019-10-03,2019100301001258,GBLBS,18,48,111,320.00,"35,520.00"
2019-10-03,2019100301001257,GBLBS,18,3,20,320.00,"6,400.00"
2019-10-03,2019100301001409,GHL,1,25,30,63.00,"1,890.00"
2019-10-03,2019100301001688,GLICL,16,5,16,362.00,"5,792.00"
2019-10-03,2019100301001214,GMFBS,33,45,10,466.00,"4,660.00"
2019-10-03,2019100301001213,GMFBS,33,39,100,460.00,"46,000.00"
2019-10-03,2019100301001212,GMFBS,33,1,30,459.00,"13,770.00"
2019-10-03,2019100301001655,HBL,14,33,100,504.00,"50,400.00"
2019-10-03,2019100301001654,HBL,14,21,60,504.00,"30,240.00"
2019-10-03,2019100301001489,HPPL,4,51,10,139.00,"1,390.00"
2019-10-03,2019100301001465,ILBS,52,17,10,423.00,"4,230.00"
2019-10-03,2019100301001627,JBBL,42,4,15,158.00,"2,370.00"
2019-10-03,2019100301001578,JBBL,42,17,75,158.00,"11,850.00"
2019-10-03,2019100301001672,KBL,42,57,100,182.00,"18,200.00"
2019-10-03,2019100301001659,KBL,26,57,500,182.00,"91,000.00"
2019-10-03,2019100301001550,KBL,52,6,500,182.00,"91,000.00"
2019-10-03,2019100301001538,KBL,28,35,100,183.00,"18,300.00"
2019-10-03,2019100301001406,KBL,17,49,50,182.00,"9,100.00"
2019-10-03,2019100301001210,KBL,34,49,20,182.00,"3,640.00"
2019-10-03,2019100301001209,KBL,17,49,400,182.00,"72,800.00"
2019-10-03,2019100301001596,KRBL,51,1,100,103.00,"10,300.00"
2019-10-03,2019100301001629,KSBBL,45,55,300,143.00,"42,900.00"
2019-10-03,2019100301001613,KSBBL,45,21,25,143.00,"3,575.00"
2019-10-03,2019100301001600,KSBBL,41,25,100,144.00,"14,400.00"
2019-10-03,2019100301001623,LBBL,29,50,100,175.00,"17,500.00"
2019-10-03,2019100301001251,LBBL,6,50,100,175.00,"17,500.00"
2019-10-03,2019100301001671,LBL,28,22,50,214.00,"10,700.00"
2019-10-03,2019100301001615,LBL,56,22,20,214.00,"4,280.00"
2019-10-03,2019100301001557,LGIL,34,34,177,360.00,"63,720.00"
2019-10-03,2019100301001549,LGIL,44,48,100,360.00,"36,000.00"
2019-10-03,2019100301001500,LGIL,38,48,200,360.00,"72,000.00"
2019-10-03,2019100301001499,LGIL,38,48,200,359.00,"71,800.00"
2019-10-03,2019100301001498,LGIL,38,50,100,355.00,"35,500.00"
2019-10-03,2019100301001411,LICN,39,8,99,995.00,"98,505.00"
2019-10-03,2019100301001650,MBL,14,49,10,227.00,"2,270.00"
2019-10-03,2019100301001619,MBL,6,22,90,226.00,"20,340.00"
2019-10-03,2019100301001618,MBL,56,22,10,226.00,"2,260.00"
2019-10-03,2019100301001566,MBL,41,49,23,227.00,"5,221.00"
2019-10-03,2019100301001565,MBL,41,25,100,227.00,"22,700.00"
2019-10-03,2019100301001564,MBL,41,32,277,227.00,"62,879.00"
2019-10-03,2019100301001544,MBL,57,32,23,227.00,"5,221.00"
2019-10-03,2019100301001543,MBL,57,35,600,225.00,"135,000.00"
2019-10-03,2019100301001677,MEGA,38,8,87,194.00,"16,878.00"
2019-10-03,2019100301001676,MEGA,18,8,13,194.00,"2,522.00"
2019-10-03,2019100301001675,MEGA,6,8,100,195.00,"19,500.00"
2019-10-03,2019100301001633,MEGA,18,55,17,194.00,"3,298.00"
2019-10-03,2019100301001396,MEGA,50,25,500,195.00,"97,500.00"
2019-10-03,2019100301001395,MEGA,50,35,149,195.00,"29,055.00"
2019-10-03,2019100301001632,MEGA,19,55,30,195.00,"5,850.00"
2019-10-03,2019100301001607,MEGA,35,13,50,195.00,"9,750.00"
2019-10-03,2019100301001606,MEGA,45,13,100,195.00,"19,500.00"
2019-10-03,2019100301001605,MEGA,37,13,200,195.00,"39,000.00"
2019-10-03,2019100301001585,MEGA,37,17,100,195.00,"19,500.00"
2019-10-03,2019100301001653,MFIL,29,47,50,126.00,"6,300.00"
2019-10-03,2019100301001556,MHNL,59,5,40,79.00,"3,160.00"
2019-10-03,2019100301001393,MHNL,11,52,100,80.00,"8,000.00"
2019-10-03,2019100301001392,MHNL,11,59,55,80.00,"4,400.00"
2019-10-03,2019100301001617,MLBL,42,49,10,214.00,"2,140.00"
2019-10-03,2019100301001412,MLBL,51,35,84,213.00,"17,892.00"
2019-10-03,2019100301001314,MNBBL,56,28,500,310.00,"155,000.00"
2019-10-03,2019100301001313,MNBBL,56,49,211,310.00,"65,410.00"
2019-10-03,2019100301001310,MNBBL,58,49,10,310.00,"3,100.00"
2019-10-03,2019100301001469,NABIL,4,5,100,774.00,"77,400.00"
2019-10-03,2019100301001283,NABIL,36,32,30,775.00,"23,250.00"
2019-10-03,2019100301001669,NADEP,48,3,20,406.00,"8,120.00"
2019-10-03,2019100301001678,NBB,28,58,100,212.00,"21,200.00"
2019-10-03,2019100301001587,NBB,43,17,50,211.00,"10,550.00"
2019-10-03,2019100301001299,NBB,49,58,50,212.00,"10,600.00"
2019-10-03,2019100301001234,NBB,6,58,100,212.00,"21,200.00"
2019-10-03,2019100301001644,NBL,57,47,390,317.00,"123,630.00"
2019-10-03,2019100301001643,NBL,57,47,610,317.00,"193,370.00"
2019-10-03,2019100301001398,NBL,19,8,150,316.00,"47,400.00"
2019-10-03,2019100301001397,NBL,45,8,350,316.00,"110,600.00"
2019-10-03,2019100301001376,NBL,29,47,390,317.00,"123,630.00"
2019-10-03,2019100301001375,NBL,29,58,10,317.00,"3,170.00"
2019-10-03,2019100301001211,NBL,16,25,500,317.00,"158,500.00"
2019-10-03,2019100301001687,NCCB,33,56,23,199.00,"4,577.00"
2019-10-03,2019100301001684,NCCB,33,35,12,199.00,"2,388.00"
2019-10-03,2019100301001673,NCCB,33,7,960,199.00,"191,040.00"
2019-10-03,2019100301001536,NCCB,13,7,60,199.00,"11,940.00"
2019-10-03,2019100301001535,NCCB,13,59,140,199.00,"27,860.00"
2019-10-03,2019100301001402,NCCB,13,59,700,199.00,"139,300.00"
2019-10-03,2019100301001401,NCCB,13,59,242,199.00,"48,158.00"
2019-10-03,2019100301001400,NCCB,56,59,100,199.00,"19,900.00"
2019-10-03,2019100301001399,NCCB,32,59,136,199.00,"27,064.00"
2019-10-03,2019100301001344,NCCB,49,7,500,200.00,"100,000.00"
2019-10-03,2019100301001254,NCCB,32,29,"2,383",199.00,"474,217.00"
2019-10-03,2019100301001640,NHPC,14,55,100,52.00,"5,200.00"
2019-10-03,2019100301001639,NHPC,33,55,200,52.00,"10,400.00"
2019-10-03,2019100301001662,NIB,39,47,17,443.00,"7,531.00"
2019-10-03,2019100301001661,NIB,39,47,49,443.00,"21,707.00"
2019-10-03,2019100301001316,NIB,22,47,72,443.00,"31,896.00"
2019-10-03,2019100301001308,NIB,38,47,50,443.00,"22,150.00"
2019-10-03,2019100301001233,NIB,55,47,78,443.00,"34,554.00"
2019-10-03,2019100301001232,NIB,55,48,64,443.00,"28,352.00"
2019-10-03,2019100301001595,NIBPO,11,35,100,418.00,"41,800.00"
2019-10-03,2019100301001594,NIBPO,11,37,10,417.00,"4,170.00"
2019-10-03,2019100301001414,NICA,50,32,100,386.00,"38,600.00"
2019-10-03,2019100301001413,NICA,50,44,80,386.00,"30,880.00"
2019-10-03,2019100301001407,NICA,50,45,65,385.00,"25,025.00"
2019-10-03,2019100301001405,NICA,34,45,35,385.00,"13,475.00"
2019-10-03,2019100301001622,NIL,33,45,50,367.00,"18,350.00"
2019-10-03,2019100301001591,NIL,6,17,100,365.00,"36,500.00"
2019-10-03,2019100301001542,NIL,34,45,35,367.00,"12,845.00"
2019-10-03,2019100301001225,NIL,34,43,209,365.00,"76,285.00"
2019-10-03,2019100301001589,NLIC,10,29,200,768.00,"153,600.00"
2019-10-03,2019100301001582,NLIC,11,28,500,765.00,"382,500.00"
2019-10-03,2019100301001581,NLIC,34,28,100,765.00,"76,500.00"
2019-10-03,2019100301001580,NLIC,33,28,30,766.00,"22,980.00"
2019-10-03,2019100301001579,NLIC,57,28,50,766.00,"38,300.00"
2019-10-03,2019100301001573,NLIC,26,43,100,767.00,"76,700.00"
2019-10-03,2019100301001416,NLIC,57,45,50,766.00,"38,300.00"
2019-10-03,2019100301001270,NLIC,55,28,44,768.00,"33,792.00"
2019-10-03,2019100301001269,NLIC,55,35,50,767.00,"38,350.00"
2019-10-03,2019100301001642,NLICL,13,41,367,471.00,"172,857.00"
2019-10-03,2019100301001641,NLICL,22,41,30,471.00,"14,130.00"
2019-10-03,2019100301001571,NLICL,40,6,100,471.00,"47,100.00"
2019-10-03,2019100301001570,NLICL,46,6,100,471.00,"47,100.00"
2019-10-03,2019100301001569,NLICL,35,6,55,471.00,"25,905.00"
2019-10-03,2019100301001291,NLICL,35,43,45,471.00,"21,195.00"
2019-10-03,2019100301001267,NMBMF,28,45,264,"1,061.00","280,104.00"
2019-10-03,2019100301001266,NMBMF,50,45,50,"1,062.00","53,100.00"
2019-10-03,2019100301001340,NTC,33,19,10,634.00,"6,340.00"
2019-10-03,2019100301001303,NTC,22,19,50,630.00,"31,500.00"
2019-10-03,2019100301001302,NTC,58,19,20,630.00,"12,600.00"
2019-10-03,2019100301001301,NTC,33,19,10,630.00,"6,300.00"
2019-10-03,2019100301001612,NUBL,16,28,123,860.00,"105,780.00"
2019-10-03,2019100301001514,NUBL,49,28,100,860.00,"86,000.00"
2019-10-03,2019100301001505,NUBL,48,28,145,860.00,"124,700.00"
2019-10-03,2019100301001504,NUBL,48,28,50,859.00,"42,950.00"
2019-10-03,2019100301001231,OHL,33,17,87,485.00,"42,195.00"
2019-10-03,2019100301001378,PCBL,28,48,450,270.00,"121,500.00"
2019-10-03,2019100301001377,PCBL,28,14,50,270.00,"13,500.00"
2019-10-03,2019100301001197,PCBL,11,14,150,270.00,"40,500.00"
2019-10-03,2019100301001196,PCBL,11,47,50,270.00,"13,500.00"
2019-10-03,2019100301001652,PIC,49,6,100,374.00,"37,400.00"
2019-10-03,2019100301001651,PIC,34,6,100,374.00,"37,400.00"
2019-10-03,2019100301001621,PIC,45,35,52,375.00,"19,500.00"
2019-10-03,2019100301001601,PIC,57,6,625,373.00,"233,125.00"
2019-10-03,2019100301001553,PIC,29,6,115,373.00,"42,895.00"
2019-10-03,2019100301001503,PIC,34,21,10,372.00,"3,720.00"
2019-10-03,2019100301001482,PIC,21,6,10,373.00,"3,730.00"
2019-10-03,2019100301001315,PIC,42,6,100,373.00,"37,300.00"
2019-10-03,2019100301001281,PIC,34,6,100,373.00,"37,300.00"
2019-10-03,2019100301001236,PIC,45,6,50,373.00,"18,650.00"
2019-10-03,2019100301001394,PICL,6,3,50,440.00,"22,000.00"
2019-10-03,2019100301001599,PMHPL,54,25,10,89.00,890.00
2019-10-03,2019100301001664,PRIN,44,41,450,309.00,"139,050.00"
2019-10-03,2019100301001663,PRIN,25,41,50,310.00,"15,500.00"
2019-10-03,2019100301001637,PRIN,44,32,70,315.00,"22,050.00"
2019-10-03,2019100301001636,PRIN,44,36,180,315.00,"56,700.00"
2019-10-03,2019100301001561,PRIN,58,36,50,315.00,"15,750.00"
2019-10-03,2019100301001247,PRIN,35,36,50,315.00,"15,750.00"
2019-10-03,2019100301001670,PRVU,6,45,100,264.00,"26,400.00"
2019-10-03,2019100301001656,PRVU,34,45,"1,000",264.00,"264,000.00"
2019-10-03,2019100301001576,PRVU,56,48,700,263.00,"184,100.00"
2019-10-03,2019100301001347,PRVU,34,45,400,264.00,"105,600.00"
2019-10-03,2019100301001346,PRVU,56,45,"1,000",264.00,"264,000.00"
2019-10-03,2019100301001306,PRVU,13,18,620,264.00,"163,680.00"
2019-10-03,2019100301001300,PRVU,59,18,"1,000",264.00,"264,000.00"
2019-10-03,2019100301001296,PRVU,58,18,380,264.00,"100,320.00"
2019-10-03,2019100301001295,PRVU,58,52,"1,000",264.00,"264,000.00"
2019-10-03,2019100301001294,PRVU,58,46,120,264.00,"31,680.00"
2019-10-03,2019100301001230,PRVU,48,46,130,264.00,"34,320.00"
2019-10-03,2019100301001638,RBCL,18,25,10,"8,568.00","85,680.00"
2019-10-03,2019100301001282,RHPC,21,40,29,81.00,"2,349.00"
2019-10-03,2019100301001237,RHPC,21,40,40,81.00,"3,240.00"
2019-10-03,2019100301001222,RHPC,25,40,820,80.00,"65,600.00"
2019-10-03,2019100301001691,RHPL,19,38,40,160.00,"6,400.00"
2019-10-03,2019100301001626,RHPL,43,35,400,160.00,"64,000.00"
2019-10-03,2019100301001590,RHPL,43,57,20,159.00,"3,180.00"
2019-10-03,2019100301001577,RHPL,43,57,20,159.00,"3,180.00"
2019-10-03,2019100301001559,RHPL,43,57,20,159.00,"3,180.00"
2019-10-03,2019100301001521,RHPL,19,44,40,160.00,"6,400.00"
2019-10-03,2019100301001273,RHPL,59,8,40,161.00,"6,440.00"
2019-10-03,2019100301001272,RHPL,59,8,40,161.00,"6,440.00"
2019-10-03,2019100301001204,RHPL,59,35,332,160.00,"53,120.00"
2019-10-03,2019100301001200,RHPL,18,35,400,160.00,"64,000.00"
2019-10-03,2019100301001279,RHPL,59,8,40,161.00,"6,440.00"
2019-10-03,2019100301001278,RHPL,59,38,250,161.00,"40,250.00"
2019-10-03,2019100301001277,RHPL,59,8,40,161.00,"6,440.00"
2019-10-03,2019100301001276,RHPL,59,8,40,161.00,"6,440.00"
2019-10-03,2019100301001275,RHPL,59,8,40,161.00,"6,440.00"
2019-10-03,2019100301001274,RHPL,59,8,40,161.00,"6,440.00"
2019-10-03,2019100301001513,RHPL,59,57,20,160.00,"3,200.00"
2019-10-03,2019100301001508,RHPL,59,57,40,160.00,"6,400.00"
2019-10-03,2019100301001476,RHPL,59,17,30,160.00,"4,800.00"
2019-10-03,2019100301001454,RHPL,59,17,30,160.00,"4,800.00"
2019-10-03,2019100301001342,RHPL,59,35,270,161.00,"43,470.00"
2019-10-03,2019100301001305,RHPL,59,57,200,161.00,"32,200.00"
2019-10-03,2019100301001520,RHPL,14,44,200,160.00,"32,000.00"
2019-10-03,2019100301001519,RHPL,34,44,200,160.00,"32,000.00"
2019-10-03,2019100301001518,RHPL,57,44,700,160.00,"112,000.00"
2019-10-03,2019100301001517,RHPL,40,44,300,160.00,"48,000.00"
2019-10-03,2019100301001516,RHPL,40,44,200,160.00,"32,000.00"
2019-10-03,2019100301001515,RHPL,59,44,48,160.00,"7,680.00"
2019-10-03,2019100301001408,RRHP,47,37,10,102.00,"1,020.00"
2019-10-03,2019100301001588,RSDC,44,8,10,328.00,"3,280.00"
2019-10-03,2019100301001537,SABSL,26,57,10,453.00,"4,530.00"
2019-10-03,2019100301001511,SABSL,26,57,10,453.00,"4,530.00"
2019-10-03,2019100301001359,SABSL,13,58,10,460.00,"4,600.00"
2019-10-03,2019100301001358,SABSL,13,58,10,460.00,"4,600.00"
2019-10-03,2019100301001357,SABSL,13,47,10,457.00,"4,570.00"
2019-10-03,2019100301001356,SABSL,13,11,10,456.00,"4,560.00"
2019-10-03,2019100301001355,SABSL,13,44,10,455.00,"4,550.00"
2019-10-03,2019100301001657,SANIMA,54,54,100,308.00,"30,800.00"
2019-10-03,2019100301001631,SANIMA,26,47,200,308.00,"61,600.00"
2019-10-03,2019100301001487,SAPDBL,40,29,49,129.00,"6,321.00"
2019-10-03,2019100301001477,SAPDBL,16,29,49,129.00,"6,321.00"
2019-10-03,2019100301001471,SAPDBL,16,29,49,129.00,"6,321.00"
2019-10-03,2019100301001466,SAPDBL,16,29,49,129.00,"6,321.00"
2019-10-03,2019100301001457,SAPDBL,16,29,49,129.00,"6,321.00"
2019-10-03,2019100301001417,SAPDBL,16,29,49,129.00,"6,321.00"
2019-10-03,2019100301001410,SAPDBL,16,29,49,129.00,"6,321.00"
2019-10-03,2019100301001218,SAPDBL,26,37,61,131.00,"7,991.00"
2019-10-03,2019100301001217,SAPDBL,26,40,200,131.00,"26,200.00"
2019-10-03,2019100301001216,SAPDBL,26,57,10,130.00,"1,300.00"
2019-10-03,2019100301001681,SBI,17,41,128,409.00,"52,352.00"
2019-10-03,2019100301001679,SBI,14,48,500,409.00,"204,500.00"
2019-10-03,2019100301001459,SBI,14,48,500,409.00,"204,500.00"
2019-10-03,2019100301001261,SBI,8,48,200,409.00,"81,800.00"
2019-10-03,2019100301001260,SBI,6,48,100,409.00,"40,900.00"
2019-10-03,2019100301001259,SBI,34,48,151,409.00,"61,759.00"
2019-10-03,2019100301001685,SBL,48,46,230,337.00,"77,510.00"
2019-10-03,2019100301001682,SBL,45,46,30,337.00,"10,110.00"
2019-10-03,2019100301001646,SBL,21,46,35,337.00,"11,795.00"
2019-10-03,2019100301001628,SBL,32,46,50,337.00,"16,850.00"
2019-10-03,2019100301001616,SBL,51,46,26,337.00,"8,762.00"
2019-10-03,2019100301001548,SBL,56,25,50,337.00,"16,850.00"
2019-10-03,2019100301001248,SBL,1,44,456,337.00,"153,672.00"
2019-10-03,2019100301001206,SBL,39,44,393,337.00,"132,441.00"
2019-10-03,2019100301001205,SBL,39,14,107,337.00,"36,059.00"
2019-10-03,2019100301001203,SBL,14,44,25,337.00,"8,425.00"
2019-10-03,2019100301001455,SBL,33,16,275,337.00,"92,675.00"
2019-10-03,2019100301001418,SBL,33,14,225,337.00,"75,825.00"
2019-10-03,2019100301001312,SBL,57,58,72,336.00,"24,192.00"
2019-10-03,2019100301001298,SBL,13,44,76,337.00,"25,612.00"
2019-10-03,2019100301001297,SBL,13,43,156,337.00,"52,572.00"
2019-10-03,2019100301001249,SBL,1,43,44,337.00,"14,828.00"
2019-10-03,2019100301001547,SBL,56,59,50,337.00,"16,850.00"
2019-10-03,2019100301001546,SBL,56,37,200,337.00,"67,400.00"
2019-10-03,2019100301001545,SBL,56,16,200,337.00,"67,400.00"
2019-10-03,2019100301001524,SBL,53,47,81,336.00,"27,216.00"
2019-10-03,2019100301001523,SBL,57,47,28,336.00,"9,408.00"
2019-10-03,2019100301001502,SBL,11,16,25,337.00,"8,425.00"
2019-10-03,2019100301001668,SCB,14,56,90,579.00,"52,110.00"
2019-10-03,2019100301001667,SCB,14,16,150,579.00,"86,850.00"
2019-10-03,2019100301001666,SCB,14,32,100,578.00,"57,800.00"
2019-10-03,2019100301001572,SCB,5,56,10,579.00,"5,790.00"
2019-10-03,2019100301001488,SCB,5,44,90,579.00,"52,110.00"
2019-10-03,2019100301001362,SCB,21,44,10,579.00,"5,790.00"
2019-10-03,2019100301001268,SCB,16,44,400,579.00,"231,600.00"
2019-10-03,2019100301001199,SCB,28,19,69,580.00,"40,020.00"
2019-10-03,2019100301001198,SCB,28,51,61,579.00,"35,319.00"
2019-10-03,2019100301001660,SHIVM,6,45,20,511.00,"10,220.00"
2019-10-03,2019100301001563,SHIVM,55,48,160,510.00,"81,600.00"
2019-10-03,2019100301001562,SHIVM,28,48,140,510.00,"71,400.00"
2019-10-03,2019100301001534,SHIVM,28,38,60,510.00,"30,600.00"
2019-10-03,2019100301001533,SHIVM,49,38,10,510.00,"5,100.00"
2019-10-03,2019100301001532,SHIVM,32,38,10,510.00,"5,100.00"
2019-10-03,2019100301001219,SHIVM,6,45,20,515.00,"10,300.00"
2019-10-03,2019100301001525,SHIVM,19,38,50,513.00,"25,650.00"
2019-10-03,2019100301001280,SHIVM,58,34,20,516.00,"10,320.00"
2019-10-03,2019100301001235,SHIVM,28,38,200,514.00,"102,800.00"
2019-10-03,2019100301001227,SHIVM,58,38,100,515.00,"51,500.00"
2019-10-03,2019100301001223,SHIVM,53,38,200,515.00,"103,000.00"
2019-10-03,2019100301001531,SHIVM,52,38,20,510.00,"10,200.00"
2019-10-03,2019100301001530,SHIVM,28,38,200,511.00,"102,200.00"
2019-10-03,2019100301001529,SHIVM,45,38,50,512.00,"25,600.00"
2019-10-03,2019100301001528,SHIVM,25,38,100,512.00,"51,200.00"
2019-10-03,2019100301001527,SHIVM,54,38,50,512.00,"25,600.00"
2019-10-03,2019100301001526,SHIVM,51,38,50,513.00,"25,650.00"
2019-10-03,2019100301001649,SHL,52,32,100,208.00,"20,800.00"
2019-10-03,2019100301001507,SHL,52,42,130,204.00,"26,520.00"
2019-10-03,2019100301001506,SHL,52,42,500,205.00,"102,500.00"
2019-10-03,2019100301001485,SHL,52,26,400,204.00,"81,600.00"
2019-10-03,2019100301001484,SHL,39,26,100,204.00,"20,400.00"
2019-10-03,2019100301001480,SHL,39,26,200,204.00,"40,800.00"
2019-10-03,2019100301001320,SHL,13,42,200,211.00,"42,200.00"
2019-10-03,2019100301001319,SHL,5,42,500,212.00,"106,000.00"
2019-10-03,2019100301001318,SHL,52,42,100,213.00,"21,300.00"
2019-10-03,2019100301001326,SHL,1,42,150,208.00,"31,200.00"
2019-10-03,2019100301001325,SHL,54,42,100,209.00,"20,900.00"
2019-10-03,2019100301001324,SHL,50,42,100,209.00,"20,900.00"
2019-10-03,2019100301001323,SHL,34,42,200,210.00,"42,000.00"
2019-10-03,2019100301001322,SHL,10,42,100,210.00,"21,000.00"
2019-10-03,2019100301001321,SHL,38,42,100,210.00,"21,000.00"
2019-10-03,2019100301001332,SHL,11,42,100,207.00,"20,700.00"
2019-10-03,2019100301001331,SHL,36,42,100,207.00,"20,700.00"
2019-10-03,2019100301001330,SHL,29,42,300,207.00,"62,100.00"
2019-10-03,2019100301001329,SHL,43,42,100,207.00,"20,700.00"
2019-10-03,2019100301001328,SHL,39,42,500,208.00,"104,000.00"
2019-10-03,2019100301001327,SHL,22,42,100,208.00,"20,800.00"
2019-10-03,2019100301001341,SHL,8,42,200,203.00,"40,600.00"
2019-10-03,2019100301001337,SHL,49,42,200,207.00,"41,400.00"
2019-10-03,2019100301001336,SHL,48,42,"1,000",207.00,"207,000.00"
2019-10-03,2019100301001335,SHL,47,42,250,207.00,"51,750.00"
2019-10-03,2019100301001334,SHL,50,42,500,207.00,"103,500.00"
2019-10-03,2019100301001333,SHL,36,42,100,207.00,"20,700.00"
2019-10-03,2019100301001368,SHL,20,42,100,201.00,"20,100.00"
2019-10-03,2019100301001367,SHL,32,42,500,201.00,"100,500.00"
2019-10-03,2019100301001366,SHL,40,42,500,204.00,"102,000.00"
2019-10-03,2019100301001365,SHL,25,42,"1,000",205.00,"205,000.00"
2019-10-03,2019100301001364,SHL,25,42,200,205.00,"41,000.00"
2019-10-03,2019100301001360,SHL,34,42,"25,000",200.00,"5,000,000.00"
2019-10-03,2019100301001385,SHL,40,42,500,201.00,"100,500.00"
2019-10-03,2019100301001373,SHL,58,42,"19,400",200.00,"3,880,000.00"
2019-10-03,2019100301001372,SHL,32,42,300,200.00,"60,000.00"
2019-10-03,2019100301001371,SHL,18,42,500,200.00,"100,000.00"
2019-10-03,2019100301001370,SHL,32,42,"1,500",200.00,"300,000.00"
2019-10-03,2019100301001369,SHL,56,42,"1,000",201.00,"201,000.00"
2019-10-03,2019100301001391,SHL,58,42,"18,000",200.00,"3,600,000.00"
2019-10-03,2019100301001390,SHL,37,42,500,200.00,"100,000.00"
2019-10-03,2019100301001389,SHL,32,42,100,200.00,"20,000.00"
2019-10-03,2019100301001388,SHL,58,42,200,200.00,"40,000.00"
2019-10-03,2019100301001387,SHL,58,42,"5,600",200.00,"1,120,000.00"
2019-10-03,2019100301001386,SHL,14,42,100,201.00,"20,100.00"
2019-10-03,2019100301001424,SHL,25,42,100,204.00,"20,400.00"
2019-10-03,2019100301001423,SHL,43,42,500,204.00,"102,000.00"
2019-10-03,2019100301001422,SHL,25,42,200,204.00,"40,800.00"
2019-10-03,2019100301001421,SHL,10,42,200,204.00,"40,800.00"
2019-10-03,2019100301001420,SHL,43,42,500,204.00,"102,000.00"
2019-10-03,2019100301001419,SHL,34,42,400,204.00,"81,600.00"
2019-10-03,2019100301001430,SHL,51,42,"1,000",201.00,"201,000.00"
2019-10-03,2019100301001429,SHL,40,42,"1,000",201.00,"201,000.00"
2019-10-03,2019100301001428,SHL,28,42,500,201.00,"100,500.00"
2019-10-03,2019100301001427,SHL,7,42,500,202.00,"101,000.00"
2019-10-03,2019100301001426,SHL,54,42,200,203.00,"40,600.00"
2019-10-03,2019100301001425,SHL,52,42,200,204.00,"40,800.00"
2019-10-03,2019100301001436,SHL,34,42,"2,000",200.00,"400,000.00"
2019-10-03,2019100301001435,SHL,32,42,"2,000",200.00,"400,000.00"
2019-10-03,2019100301001434,SHL,34,42,200,200.00,"40,000.00"
2019-10-03,2019100301001433,SHL,58,42,"7,000",200.00,"1,400,000.00"
2019-10-03,2019100301001432,SHL,26,42,"3,000",201.00,"603,000.00"
2019-10-03,2019100301001431,SHL,49,42,300,201.00,"60,300.00"
2019-10-03,2019100301001442,SHL,34,42,200,200.00,"40,000.00"
2019-10-03,2019100301001441,SHL,37,42,500,200.00,"100,000.00"
2019-10-03,2019100301001440,SHL,25,42,"1,000",200.00,"200,000.00"
2019-10-03,2019100301001439,SHL,56,42,170,200.00,"34,000.00"
2019-10-03,2019100301001438,SHL,25,42,100,200.00,"20,000.00"
2019-10-03,2019100301001437,SHL,16,42,100,200.00,"20,000.00"
2019-10-03,2019100301001448,SHL,32,42,500,200.00,"100,000.00"
2019-10-03,2019100301001447,SHL,34,42,"25,000",200.00,"5,000,000.00"
2019-10-03,2019100301001446,SHL,25,42,100,200.00,"20,000.00"
2019-10-03,2019100301001445,SHL,14,42,200,200.00,"40,000.00"
2019-10-03,2019100301001444,SHL,25,42,200,200.00,"40,000.00"
2019-10-03,2019100301001443,SHL,42,42,"17,000",200.00,"3,400,000.00"
2019-10-03,2019100301001479,SHL,5,26,100,204.00,"20,400.00"
2019-10-03,2019100301001453,SHL,40,42,630,200.00,"126,000.00"
2019-10-03,2019100301001452,SHL,25,42,500,200.00,"100,000.00"
2019-10-03,2019100301001451,SHL,58,42,"5,000",200.00,"1,000,000.00"
2019-10-03,2019100301001450,SHL,51,42,"1,000",200.00,"200,000.00"
2019-10-03,2019100301001449,SHL,56,42,"1,000",200.00,"200,000.00"
2019-10-03,2019100301001493,SHPC,44,17,10,200.00,"2,000.00"
2019-10-03,2019100301001490,SHPC,44,48,40,199.00,"7,960.00"
2019-10-03,2019100301001463,SIL,39,56,46,382.00,"17,572.00"
2019-10-03,2019100301001462,SIL,46,56,30,383.00,"11,490.00"
2019-10-03,2019100301001690,SJCL,59,35,800,170.00,"136,000.00"
2019-10-03,2019100301001689,SJCL,59,57,20,170.00,"3,400.00"
2019-10-03,2019100301001238,SJCL,16,8,10,171.00,"1,710.00"
2019-10-03,2019100301001244,SJCL,16,8,20,171.00,"3,420.00"
2019-10-03,2019100301001243,SJCL,16,8,10,171.00,"1,710.00"
2019-10-03,2019100301001242,SJCL,16,8,20,171.00,"3,420.00"
2019-10-03,2019100301001241,SJCL,16,8,20,171.00,"3,420.00"
2019-10-03,2019100301001240,SJCL,16,8,20,171.00,"3,420.00"
2019-10-03,2019100301001239,SJCL,16,8,10,171.00,"1,710.00"
2019-10-03,2019100301001293,SJCL,18,32,130,171.00,"22,230.00"
2019-10-03,2019100301001286,SJCL,18,3,20,171.00,"3,420.00"
2019-10-03,2019100301001285,SJCL,18,3,20,171.00,"3,420.00"
2019-10-03,2019100301001284,SJCL,18,35,330,171.00,"56,430.00"
2019-10-03,2019100301001246,SJCL,16,35,170,171.00,"29,070.00"
2019-10-03,2019100301001245,SJCL,16,8,20,171.00,"3,420.00"
2019-10-03,2019100301001478,SJCL,40,17,20,170.00,"3,400.00"
2019-10-03,2019100301001458,SJCL,40,17,20,170.00,"3,400.00"
2019-10-03,2019100301001348,SJCL,40,10,50,171.00,"8,550.00"
2019-10-03,2019100301001304,SJCL,40,22,20,170.00,"3,400.00"
2019-10-03,2019100301001584,SJCL,13,57,20,169.00,"3,380.00"
2019-10-03,2019100301001540,SJCL,59,35,"1,000",170.00,"170,000.00"
2019-10-03,2019100301001539,SJCL,40,35,370,170.00,"62,900.00"
2019-10-03,2019100301001522,SJCL,40,57,20,170.00,"3,400.00"
2019-10-03,2019100301001509,SJCL,40,57,20,170.00,"3,400.00"
2019-10-03,2019100301001483,SJCL,40,17,10,170.00,"1,700.00"
2019-10-03,2019100301001592,SJCL,13,57,20,169.00,"3,380.00"
2019-10-03,2019100301001464,SKBBL,48,5,100,920.00,"92,000.00"
2019-10-03,2019100301001207,SKBBL,50,50,1,920.00,920.00
2019-10-03,2019100301001647,SLBBL,55,19,100,543.00,"54,300.00"
2019-10-03,2019100301001583,SLBBL,41,47,100,548.00,"54,800.00"
2019-10-03,2019100301001512,SLBBL,41,48,90,547.00,"49,230.00"
2019-10-03,2019100301001609,SLBSL,13,47,50,675.00,"33,750.00"
2019-10-03,2019100301001608,SLBSL,54,47,20,675.00,"13,500.00"
2019-10-03,2019100301001467,SLBSL,50,17,10,675.00,"6,750.00"
2019-10-03,2019100301001567,SLICL,11,16,30,268.00,"8,040.00"
2019-10-03,2019100301001461,SLICL,45,16,50,268.00,"13,400.00"
2019-10-03,2019100301001460,SLICL,45,16,20,268.00,"5,360.00"
2019-10-03,2019100301001602,SMATA,51,45,10,535.00,"5,350.00"
2019-10-03,2019100301001256,SMFBS,14,3,100,806.00,"80,600.00"
2019-10-03,2019100301001255,SMFBS,14,59,10,800.00,"8,000.00"
2019-10-03,2019100301001311,SPDL,21,7,30,77.00,"2,310.00"
2019-10-03,2019100301001309,SPDL,21,7,30,77.00,"2,310.00"
2019-10-03,2019100301001380,SRBL,36,43,531,237.00,"125,847.00"
2019-10-03,2019100301001379,SRBL,36,59,469,237.00,"111,153.00"
2019-10-03,2019100301001351,SRBL,16,48,131,236.00,"30,916.00"
2019-10-03,2019100301001350,SRBL,38,48,25,236.00,"5,900.00"
2019-10-03,2019100301001695,SWBBL,49,39,20,927.00,"18,540.00"
2019-10-03,2019100301001603,SWBBL,28,28,300,924.00,"277,200.00"
2019-10-03,2019100301001598,SWBBL,49,40,200,923.00,"184,600.00"
2019-10-03,2019100301001586,SWBBL,49,40,75,923.00,"69,225.00"
2019-10-03,2019100301001552,SWBBL,49,40,200,923.00,"184,600.00"
2019-10-03,2019100301001361,SWBBL,32,39,30,927.00,"27,810.00"
2019-10-03,2019100301001694,UIC,13,58,50,264.00,"13,200.00"
2019-10-03,2019100301001593,UIC,34,17,50,263.00,"13,150.00"
2019-10-03,2019100301001475,UIC,34,34,60,263.00,"15,780.00"
2019-10-03,2019100301001481,UNL,32,32,10,"20,185.00","201,850.00"
2019-10-03,2019100301001404,UNL,32,32,20,"19,861.00","397,220.00"
2019-10-03,2019100301001339,UNL,16,32,10,"19,472.00","194,720.00"
2019-10-03,2019100301001473,UPCL,11,19,50,80.00,"4,000.00"
2019-10-03,2019100301001202,UPCL,11,21,90,80.00,"7,200.00"
2019-10-03,2019100301001686,UPPER,44,8,100,236.00,"23,600.00"
2019-10-03,2019100301001674,UPPER,44,40,400,236.00,"94,400.00"
2019-10-03,2019100301001665,UPPER,28,14,299,236.00,"70,564.00"
2019-10-03,2019100301001658,UPPER,28,35,161,236.00,"37,996.00"
2019-10-03,2019100301001496,UPPER,34,45,78,237.00,"18,486.00"
2019-10-03,2019100301001338,UPPER,33,45,10,237.00,"2,370.00"
2019-10-03,2019100301001252,UPPER,28,17,40,236.00,"9,440.00"
2019-10-03,2019100301001220,UPPER,17,45,40,237.00,"9,480.00"
2019-10-03,2019100301001470,VLBS,45,45,30,555.00,"16,650.00"
2019-10-03,2019100301001147,ADBL,11,14,389,417.00,"162,213.00"
2019-10-03,2019100301001146,ADBL,49,14,60,417.00,"25,020.00"
2019-10-03,2019100301001145,ADBL,33,14,51,417.00,"21,267.00"
2019-10-03,2019100301000789,ADBL,33,28,99,417.00,"41,283.00"
2019-10-03,2019100301000734,ADBL,46,28,151,417.00,"62,967.00"
2019-10-03,2019100301000733,ADBL,46,16,349,417.00,"145,533.00"
2019-10-03,2019100301000707,ADBL,45,16,21,417.00,"8,757.00"
2019-10-03,2019100301001032,AHPC,47,45,"4,000",97.00,"388,000.00"
2019-10-03,2019100301000951,AHPC,8,45,85,98.00,"8,330.00"
2019-10-03,2019100301001055,AKPL,42,40,200,136.00,"27,200.00"
2019-10-03,2019100301000849,AKPL,42,49,38,136.00,"5,168.00"
2019-10-03,2019100301000848,AKPL,14,49,12,136.00,"1,632.00"
2019-10-03,2019100301001110,ALBSL,38,39,16,390.00,"6,240.00"
2019-10-03,2019100301001095,ALBSL,38,47,34,390.00,"13,260.00"
2019-10-03,2019100301001094,ALBSL,28,47,10,390.00,"3,900.00"
2019-10-03,2019100301000843,ALBSL,28,16,90,390.00,"35,100.00"
2019-10-03,2019100301000753,ALBSL,6,16,10,390.00,"3,900.00"
2019-10-03,2019100301001081,ALICL,34,45,80,319.00,"25,520.00"
2019-10-03,2019100301001065,ALICL,34,8,70,319.00,"22,330.00"
2019-10-03,2019100301001048,ALICL,34,34,100,319.00,"31,900.00"
2019-10-03,2019100301000885,ALICL,59,49,50,318.00,"15,900.00"
2019-10-03,2019100301000782,ALICL,40,25,50,323.00,"16,150.00"
2019-10-03,2019100301001182,API,45,25,30,112.00,"3,360.00"
2019-10-03,2019100301001181,API,43,25,48,112.00,"5,376.00"
2019-10-03,2019100301001180,API,36,25,400,113.00,"45,200.00"
2019-10-03,2019100301001179,API,59,25,19,113.00,"2,147.00"
2019-10-03,2019100301000940,API,36,25,100,114.00,"11,400.00"
2019-10-03,2019100301000884,API,34,25,81,114.00,"9,234.00"
2019-10-03,2019100301000794,API,59,34,27,113.00,"3,051.00"
2019-10-03,2019100301000786,API,59,34,27,113.00,"3,051.00"
2019-10-03,2019100301000781,API,59,34,27,113.00,"3,051.00"
2019-10-03,2019100301000718,BNT,21,52,10,"6,250.00","62,500.00"
2019-10-03,2019100301001176,BOKL,17,16,330,237.00,"78,210.00"
2019-10-03,2019100301001130,BOKL,40,16,170,237.00,"40,290.00"
2019-10-03,2019100301001129,BOKL,40,14,100,237.00,"23,700.00"
2019-10-03,2019100301001128,BOKL,40,56,100,237.00,"23,700.00"
2019-10-03,2019100301001127,BOKL,40,45,130,237.00,"30,810.00"
2019-10-03,2019100301001107,BOKL,56,45,10,237.00,"2,370.00"
2019-10-03,2019100301000740,BOKL,13,14,28,235.00,"6,580.00"
2019-10-03,2019100301001080,BOKL,41,45,100,237.00,"23,700.00"
2019-10-03,2019100301001029,BOKL,40,43,100,236.00,"23,600.00"
2019-10-03,2019100301001008,BOKL,19,43,300,236.00,"70,800.00"
2019-10-03,2019100301000915,BOKL,51,43,100,236.00,"23,600.00"
2019-10-03,2019100301000742,BOKL,11,14,11,235.00,"2,585.00"
2019-10-03,2019100301000741,BOKL,56,14,11,235.00,"2,585.00"
2019-10-03,2019100301001043,BPCL,39,40,10,360.00,"3,600.00"
2019-10-03,2019100301001042,BPCL,57,40,25,360.00,"9,000.00"
2019-10-03,2019100301000910,BPCL,57,49,25,360.00,"9,000.00"
2019-10-03,2019100301000889,BPCL,39,49,25,360.00,"9,000.00"
2019-10-03,2019100301001027,CBBL,58,25,200,975.00,"195,000.00"
2019-10-03,2019100301001023,CBBL,58,25,50,975.00,"48,750.00"
2019-10-03,2019100301001011,CBBL,58,36,28,975.00,"27,300.00"
2019-10-03,2019100301000724,CBBL,14,6,10,972.00,"9,720.00"
2019-10-03,2019100301000964,CBL,32,32,"1,000",145.00,"145,000.00"
2019-10-03,2019100301001162,CCBL,58,58,6,154.00,924.00
2019-10-03,2019100301001151,CCBL,45,41,40,154.00,"6,160.00"
2019-10-03,2019100301001150,CCBL,51,41,37,154.00,"5,698.00"
2019-10-03,2019100301001064,CCBL,32,35,44,155.00,"6,820.00"
2019-10-03,2019100301001063,CCBL,32,34,990,155.00,"153,450.00"
2019-10-03,2019100301000893,CCBL,56,34,10,155.00,"1,550.00"
2019-10-03,2019100301001113,CEFL,11,21,20,110.00,"2,200.00"
2019-10-03,2019100301001086,CEFL,11,57,500,110.00,"55,000.00"
2019-10-03,2019100301000908,CHCL,45,49,50,421.00,"21,050.00"
2019-10-03,2019100301000807,CHCL,45,17,50,421.00,"21,050.00"
2019-10-03,2019100301001017,CIT,34,34,85,"1,809.00","153,765.00"
2019-10-03,2019100301000999,CIT,34,58,15,"1,809.00","27,135.00"
2019-10-03,2019100301000958,CIT,13,13,40,"1,800.00","72,000.00"
2019-10-03,2019100301001187,CZBIL,16,46,50,199.00,"9,950.00"
2019-10-03,2019100301001138,CZBIL,43,3,10,198.00,"1,980.00"
2019-10-03,2019100301000845,CZBIL,32,17,597,199.00,"118,803.00"
2019-10-03,2019100301000844,CZBIL,32,6,200,199.00,"39,800.00"
2019-10-03,2019100301000803,CZBIL,32,51,480,198.00,"95,040.00"
2019-10-03,2019100301000797,CZBIL,21,51,20,198.00,"3,960.00"
2019-10-03,2019100301000796,CZBIL,21,32,10,198.00,"1,980.00"
2019-10-03,2019100301000795,CZBIL,45,49,121,197.00,"23,837.00"
2019-10-03,2019100301001165,EBL,51,58,56,575.00,"32,200.00"
2019-10-03,2019100301001142,EBL,11,58,200,575.00,"115,000.00"
2019-10-03,2019100301001106,EBL,14,58,169,575.00,"97,175.00"
2019-10-03,2019100301001091,EBL,6,58,300,575.00,"172,500.00"
2019-10-03,2019100301001026,EBL,14,58,149,575.00,"85,675.00"
2019-10-03,2019100301001022,EBL,14,58,851,575.00,"489,325.00"
2019-10-03,2019100301000791,EBL,43,58,30,575.00,"17,250.00"
2019-10-03,2019100301000752,EBL,14,58,781,575.00,"449,075.00"
2019-10-03,2019100301001177,EIC,41,21,10,241.00,"2,410.00"
2019-10-03,2019100301001155,EIC,32,55,200,242.00,"48,400.00"
2019-10-03,2019100301001149,EIC,58,1,100,244.00,"24,400.00"
2019-10-03,2019100301000923,EIC,10,42,10,242.00,"2,420.00"
2019-10-03,2019100301000708,FOWAD,33,40,37,"1,310.00","48,470.00"
2019-10-03,2019100301000804,GBBL,29,6,110,211.00,"23,210.00"
2019-10-03,2019100301001143,GBLBS,17,17,10,319.00,"3,190.00"
2019-10-03,2019100301000979,GBLBS,22,49,80,319.00,"25,520.00"
2019-10-03,2019100301001178,GFCL,43,41,100,132.00,"13,200.00"
2019-10-03,2019100301001019,GFCL,26,11,520,133.00,"69,160.00"
2019-10-03,2019100301000953,GFCL,43,11,200,133.00,"26,600.00"
2019-10-03,2019100301001135,GLBSL,11,32,20,438.00,"8,760.00"
2019-10-03,2019100301000891,GLICL,42,49,50,362.00,"18,100.00"
2019-10-03,2019100301001166,HBL,57,21,30,504.00,"15,120.00"
2019-10-03,2019100301000956,HDL,26,25,50,"1,480.00","74,000.00"
2019-10-03,2019100301000977,HIDCL,57,29,15,133.00,"1,995.00"
2019-10-03,2019100301000976,HIDCL,11,29,46,134.00,"6,164.00"
2019-10-03,2019100301000986,HPPL,4,29,10,139.00,"1,390.00"
2019-10-03,2019100301000987,ICFC,5,43,20,160.00,"3,200.00"
2019-10-03,2019100301001164,IGI,7,37,209,297.00,"62,073.00"
2019-10-03,2019100301001158,IGI,58,37,20,294.00,"5,880.00"
2019-10-03,2019100301001157,IGI,25,37,50,294.00,"14,700.00"
2019-10-03,2019100301001156,IGI,59,37,15,295.00,"4,425.00"
2019-10-03,2019100301001144,JBBL,6,38,100,159.00,"15,900.00"
2019-10-03,2019100301001140,JBBL,29,38,86,159.00,"13,674.00"
2019-10-03,2019100301001033,JBBL,42,17,63,158.00,"9,954.00"
2019-10-03,2019100301001005,JBBL,42,38,300,158.00,"47,400.00"
2019-10-03,2019100301000846,JFL,21,42,30,197.00,"5,910.00"
2019-10-03,2019100301000802,JFL,48,42,51,197.00,"10,047.00"
2019-10-03,2019100301001171,JOSHI,17,17,20,58.00,"1,160.00"
2019-10-03,2019100301001148,JOSHI,17,17,20,58.00,"1,160.00"
2019-10-03,2019100301001101,KBL,35,35,50,183.00,"9,150.00"
2019-10-03,2019100301000898,KBL,56,35,20,183.00,"3,660.00"
2019-10-03,2019100301000737,KBL,17,39,100,182.00,"18,200.00"
2019-10-03,2019100301000730,KRBL,22,44,134,102.00,"13,668.00"
2019-10-03,2019100301001102,KSBBL,49,35,300,145.00,"43,500.00"
2019-10-03,2019100301001045,KSBBL,22,32,10,145.00,"1,450.00"
2019-10-03,2019100301000995,KSBBL,25,14,"1,000",144.00,"144,000.00"
2019-10-03,2019100301000994,KSBBL,25,32,450,144.00,"64,800.00"
2019-10-03,2019100301000993,KSBBL,25,57,"1,980",144.00,"285,120.00"
2019-10-03,2019100301000992,KSBBL,25,59,30,144.00,"4,320.00"
2019-10-03,2019100301001007,LBBL,21,50,44,175.00,"7,700.00"
2019-10-03,2019100301000899,LBBL,5,50,20,175.00,"3,500.00"
2019-10-03,2019100301000788,LBBL,36,32,250,175.00,"43,750.00"
2019-10-03,2019100301000745,LBBL,36,33,500,175.00,"87,500.00"
2019-10-03,2019100301000744,LBBL,36,41,150,175.00,"26,250.00"
