Date,Transact. No.,Symbol,Buyer,Seller,Quantity,Rate,Amount
2021-01-03,2021010304002221,BBC,5,7,30,"2,840.00","85,200.00"
2021-01-03,2021010304002220,BBC,5,51,20,"2,840.00","56,800.00"
2021-01-03,2021010304002082,BBC,58,56,20,"2,840.00","56,800.00"
2021-01-03,2021010304002081,BBC,58,3,20,"2,830.00","56,600.00"
2021-01-03,2021010304002067,BBC,58,20,200,"2,820.00","564,000.00"
2021-01-03,2021010304002066,BBC,58,20,120,"2,820.00","338,400.00"
2021-01-03,2021010304002057,BBC,59,20,20,"2,820.00","56,400.00"
2021-01-03,2021010304001882,BBC,43,20,60,"2,820.00","169,200.00"
2021-01-03,2021010304001816,BBC,28,51,10,"2,771.00","27,710.00"
2021-01-03,2021010304001813,BBC,41,51,10,"2,775.00","27,750.00"
2021-01-03,2021010304002218,GIC,35,57,20,545.00,"10,900.00"
2021-01-03,2021010304002217,GIC,7,28,10,544.00,"5,440.00"
2021-01-03,2021010304002215,GIC,35,57,20,545.00,"10,900.00"
2021-01-03,2021010304002214,GIC,35,8,10,543.00,"5,430.00"
2021-01-03,2021010304002213,GIC,35,11,10,543.00,"5,430.00"
2021-01-03,2021010304002212,GIC,35,55,10,543.00,"5,430.00"
2021-01-03,2021010304001755,GIC,44,41,10,543.00,"5,430.00"
2021-01-03,2021010304001754,GIC,44,53,10,543.00,"5,430.00"
2021-01-03,2021010304001779,GIC,44,45,10,543.00,"5,430.00"
2021-01-03,2021010304001778,GIC,22,38,50,545.00,"27,250.00"
2021-01-03,2021010304001774,GIC,44,45,10,543.00,"5,430.00"
2021-01-03,2021010304001772,GIC,58,6,10,544.00,"5,440.00"
2021-01-03,2021010304001770,GIC,44,56,10,543.00,"5,430.00"
2021-01-03,2021010304001760,GIC,44,56,10,543.00,"5,430.00"
2021-01-03,2021010304001788,GIC,44,56,10,543.00,"5,430.00"
2021-01-03,2021010304001784,GIC,44,45,10,543.00,"5,430.00"
2021-01-03,2021010304001783,GIC,44,56,10,543.00,"5,430.00"
2021-01-03,2021010304001782,GIC,44,56,10,543.00,"5,430.00"
2021-01-03,2021010304001781,GIC,44,21,10,543.00,"5,430.00"
2021-01-03,2021010304001780,GIC,44,56,10,543.00,"5,430.00"
2021-01-03,2021010304001818,GIC,49,18,10,543.00,"5,430.00"
2021-01-03,2021010304001817,GIC,49,34,10,543.00,"5,430.00"
2021-01-03,2021010304001815,GIC,49,53,10,543.00,"5,430.00"
2021-01-03,2021010304001814,GIC,44,35,10,543.00,"5,430.00"
2021-01-03,2021010304001812,GIC,44,11,10,543.00,"5,430.00"
2021-01-03,2021010304001789,GIC,44,21,10,543.00,"5,430.00"
2021-01-03,2021010304001844,GIC,41,21,10,543.00,"5,430.00"
2021-01-03,2021010304001842,GIC,41,11,10,543.00,"5,430.00"
2021-01-03,2021010304001824,GIC,41,42,10,543.00,"5,430.00"
2021-01-03,2021010304001823,GIC,41,18,10,543.00,"5,430.00"
2021-01-03,2021010304001821,GIC,49,6,10,543.00,"5,430.00"
2021-01-03,2021010304001820,GIC,49,17,10,543.00,"5,430.00"
2021-01-03,2021010304001869,GIC,6,38,10,542.00,"5,420.00"
2021-01-03,2021010304001868,GIC,6,56,10,542.00,"5,420.00"
2021-01-03,2021010304001857,GIC,6,58,10,542.00,"5,420.00"
2021-01-03,2021010304001856,GIC,6,58,10,542.00,"5,420.00"
2021-01-03,2021010304001848,GIC,6,41,10,542.00,"5,420.00"
2021-01-03,2021010304001846,GIC,6,38,200,542.00,"108,400.00"
2021-01-03,2021010304001888,GIC,21,6,10,542.00,"5,420.00"
2021-01-03,2021010304001887,GIC,21,18,10,542.00,"5,420.00"
2021-01-03,2021010304001881,GIC,6,35,10,542.00,"5,420.00"
2021-01-03,2021010304001880,GIC,6,32,10,542.00,"5,420.00"
2021-01-03,2021010304001879,GIC,6,56,10,542.00,"5,420.00"
2021-01-03,2021010304001870,GIC,6,22,10,542.00,"5,420.00"
2021-01-03,2021010304001907,GIC,55,21,10,541.00,"5,410.00"
2021-01-03,2021010304001903,GIC,55,14,10,541.00,"5,410.00"
2021-01-03,2021010304001899,GIC,55,38,10,541.00,"5,410.00"
2021-01-03,2021010304001897,GIC,55,38,10,541.00,"5,410.00"
2021-01-03,2021010304001896,GIC,21,47,10,543.00,"5,430.00"
2021-01-03,2021010304001892,GIC,59,21,10,543.00,"5,430.00"
2021-01-03,2021010304001925,GIC,55,21,10,541.00,"5,410.00"
2021-01-03,2021010304001922,GIC,55,48,10,541.00,"5,410.00"
2021-01-03,2021010304001917,GIC,55,14,10,541.00,"5,410.00"
2021-01-03,2021010304001914,GIC,55,38,10,541.00,"5,410.00"
2021-01-03,2021010304001912,GIC,55,38,10,541.00,"5,410.00"
2021-01-03,2021010304001908,GIC,55,53,10,541.00,"5,410.00"
2021-01-03,2021010304001943,GIC,55,56,10,541.00,"5,410.00"
2021-01-03,2021010304001942,GIC,55,14,10,541.00,"5,410.00"
2021-01-03,2021010304001932,GIC,55,25,10,541.00,"5,410.00"
2021-01-03,2021010304001931,GIC,55,57,10,541.00,"5,410.00"
2021-01-03,2021010304001930,GIC,55,34,10,541.00,"5,410.00"
2021-01-03,2021010304001929,GIC,55,58,10,541.00,"5,410.00"
2021-01-03,2021010304001958,GIC,29,11,10,544.00,"5,440.00"
2021-01-03,2021010304001957,GIC,29,11,10,544.00,"5,440.00"
2021-01-03,2021010304001956,GIC,29,14,10,543.00,"5,430.00"
2021-01-03,2021010304001955,GIC,29,16,10,543.00,"5,430.00"
2021-01-03,2021010304001954,GIC,29,40,10,543.00,"5,430.00"
2021-01-03,2021010304001953,GIC,29,46,10,542.00,"5,420.00"
2021-01-03,2021010304001964,GIC,29,51,10,545.00,"5,450.00"
2021-01-03,2021010304001963,GIC,29,51,10,545.00,"5,450.00"
2021-01-03,2021010304001962,GIC,29,4,10,545.00,"5,450.00"
2021-01-03,2021010304001961,GIC,29,38,10,545.00,"5,450.00"
2021-01-03,2021010304001960,GIC,29,57,10,544.00,"5,440.00"
2021-01-03,2021010304001959,GIC,29,7,10,544.00,"5,440.00"
2021-01-03,2021010304001970,GIC,29,21,10,545.00,"5,450.00"
2021-01-03,2021010304001969,GIC,29,33,10,545.00,"5,450.00"
2021-01-03,2021010304001968,GIC,29,7,60,545.00,"32,700.00"
2021-01-03,2021010304001967,GIC,29,57,10,545.00,"5,450.00"
2021-01-03,2021010304001966,GIC,29,57,10,545.00,"5,450.00"
2021-01-03,2021010304001965,GIC,29,50,10,545.00,"5,450.00"
2021-01-03,2021010304001976,GIC,29,13,10,545.00,"5,450.00"
2021-01-03,2021010304001975,GIC,29,5,10,545.00,"5,450.00"
2021-01-03,2021010304001974,GIC,29,59,10,545.00,"5,450.00"
2021-01-03,2021010304001973,GIC,29,13,10,545.00,"5,450.00"
2021-01-03,2021010304001972,GIC,29,44,10,545.00,"5,450.00"
2021-01-03,2021010304001971,GIC,29,58,10,545.00,"5,450.00"
2021-01-03,2021010304001988,GIC,55,35,10,541.00,"5,410.00"
2021-01-03,2021010304001986,GIC,55,49,10,541.00,"5,410.00"
2021-01-03,2021010304001985,GIC,55,44,10,541.00,"5,410.00"
2021-01-03,2021010304001979,GIC,55,56,10,541.00,"5,410.00"
2021-01-03,2021010304001978,GIC,29,57,100,545.00,"54,500.00"
2021-01-03,2021010304001977,GIC,29,13,10,545.00,"5,450.00"
2021-01-03,2021010304002059,GIC,42,42,10,541.00,"5,410.00"
2021-01-03,2021010304002058,GIC,42,41,10,541.00,"5,410.00"
2021-01-03,2021010304002025,GIC,49,38,10,540.00,"5,400.00"
2021-01-03,2021010304002022,GIC,49,47,10,540.00,"5,400.00"
2021-01-03,2021010304002021,GIC,49,50,10,540.00,"5,400.00"
2021-01-03,2021010304002017,GIC,49,14,10,540.00,"5,400.00"
2021-01-03,2021010304002073,GIC,56,58,10,542.00,"5,420.00"
2021-01-03,2021010304002070,GIC,56,38,10,542.00,"5,420.00"
2021-01-03,2021010304002069,GIC,56,21,10,542.00,"5,420.00"
2021-01-03,2021010304002068,GIC,42,53,10,541.00,"5,410.00"
2021-01-03,2021010304002065,GIC,42,38,10,541.00,"5,410.00"
2021-01-03,2021010304002061,GIC,42,38,10,541.00,"5,410.00"
2021-01-03,2021010304002092,GIC,56,56,10,542.00,"5,420.00"
2021-01-03,2021010304002085,GIC,56,21,10,542.00,"5,420.00"
2021-01-03,2021010304002084,GIC,56,34,10,542.00,"5,420.00"
2021-01-03,2021010304002078,GIC,56,56,10,542.00,"5,420.00"
2021-01-03,2021010304002077,GIC,56,38,10,542.00,"5,420.00"
2021-01-03,2021010304002074,GIC,56,42,10,542.00,"5,420.00"
2021-01-03,2021010304002131,GIC,35,48,10,542.00,"5,420.00"
2021-01-03,2021010304002126,GIC,35,58,10,542.00,"5,420.00"
2021-01-03,2021010304002124,GIC,35,48,10,542.00,"5,420.00"
2021-01-03,2021010304002123,GIC,35,50,10,542.00,"5,420.00"
2021-01-03,2021010304002111,GIC,35,50,10,542.00,"5,420.00"
2021-01-03,2021010304002099,GIC,56,50,10,542.00,"5,420.00"
2021-01-03,2021010304002163,GIC,40,56,10,543.00,"5,430.00"
2021-01-03,2021010304002162,GIC,40,6,10,543.00,"5,430.00"
2021-01-03,2021010304002161,GIC,40,58,10,543.00,"5,430.00"
2021-01-03,2021010304002155,GIC,35,38,10,542.00,"5,420.00"
2021-01-03,2021010304002149,GIC,35,32,30,542.00,"16,260.00"
2021-01-03,2021010304002148,GIC,35,6,10,542.00,"5,420.00"
2021-01-03,2021010304002172,GIC,35,21,10,544.00,"5,440.00"
2021-01-03,2021010304002171,GIC,35,58,10,543.00,"5,430.00"
2021-01-03,2021010304002170,GIC,35,48,10,543.00,"5,430.00"
2021-01-03,2021010304002167,GIC,35,57,500,545.00,"272,500.00"
2021-01-03,2021010304002166,GIC,7,46,10,544.00,"5,440.00"
2021-01-03,2021010304002165,GIC,7,6,10,543.00,"5,430.00"
2021-01-03,2021010304002209,GIC,7,35,10,543.00,"5,430.00"
2021-01-03,2021010304002208,GIC,7,47,10,543.00,"5,430.00"
2021-01-03,2021010304002185,GIC,35,6,10,543.00,"5,430.00"
2021-01-03,2021010304002184,GIC,35,6,10,543.00,"5,430.00"
2021-01-03,2021010304002177,GIC,56,48,10,542.00,"5,420.00"
2021-01-03,2021010304002173,GIC,35,57,170,545.00,"92,650.00"
2021-01-03,2021010304002193,GIMES1,6,10,"5,000",11.65,"58,250.00"
2021-01-03,2021010304002079,GIMES1,11,10,"10,000",11.52,"115,200.00"
2021-01-03,2021010304002062,GIMES1,49,10,"1,350",11.60,"15,660.00"
2021-01-03,2021010304001998,GIMES1,49,10,"48,650",11.60,"564,340.00"
2021-01-03,2021010304001997,GIMES1,34,10,"1,000",11.61,"11,610.00"
2021-01-03,2021010304001996,GIMES1,42,10,350,11.65,"4,077.50"
2021-01-03,2021010304002154,KBLD86,42,22,75,"1,075.00","80,625.00"
2021-01-03,2021010304002168,LEMF,14,49,600,10.05,"6,030.00"
2021-01-03,2021010304002144,LEMF,14,49,"2,000",10.05,"20,100.00"
2021-01-03,2021010304001924,LEMF,17,26,"1,000",9.99,"9,990.00"
2021-01-03,2021010304001859,LEMF,55,49,"2,000",10.05,"20,100.00"
2021-01-03,2021010304001839,LEMF,17,57,"4,500",9.99,"44,955.00"
2021-01-03,2021010304001886,LUK,47,49,300,9.45,"2,835.00"
2021-01-03,2021010304001885,LUK,47,58,200,9.35,"1,870.00"
2021-01-03,2021010304002176,NBF2,10,53,200,9.76,"1,952.00"
2021-01-03,2021010304002005,NBF2,10,37,150,9.75,"1,462.50"
2021-01-03,2021010304001764,NBF2,26,29,"2,000",9.85,"19,700.00"
2021-01-03,2021010304001763,NBF2,26,29,"5,000",9.86,"49,300.00"
2021-01-03,2021010304001811,NBF2,10,45,"3,600",9.66,"34,776.00"
2021-01-03,2021010304001810,NBF2,41,45,"3,900",9.70,"37,830.00"
2021-01-03,2021010304001809,NBF2,40,45,"1,500",9.80,"14,700.00"
2021-01-03,2021010304001785,NBF2,40,40,100,9.80,980.00
2021-01-03,2021010304001768,NBF2,40,29,"3,000",9.80,"29,400.00"
2021-01-03,2021010304001865,NCCBPO,49,50,"38,444",114.00,"4,382,616.00"
2021-01-03,2021010304002151,NEF,13,19,229,10.19,"2,333.51"
2021-01-03,2021010304002113,NEF,36,50,241,10.20,"2,458.20"
2021-01-03,2021010304002112,NEF,36,50,241,10.20,"2,458.20"
2021-01-03,2021010304001951,NEF,13,43,"16,323",10.19,"166,331.37"
2021-01-03,2021010304001950,NEF,13,38,"1,000",10.15,"10,150.00"
2021-01-03,2021010304001949,NEF,13,45,"1,448",10.13,"14,668.24"
2021-01-03,2021010304001786,NEF,6,17,"5,632",10.13,"57,052.16"
2021-01-03,2021010304001948,NEF,37,56,"1,127",10.11,"11,393.97"
2021-01-03,2021010304001910,NEF,56,36,294,10.10,"2,969.40"
2021-01-03,2021010304001909,NEF,13,36,"1,759",10.12,"17,801.08"
2021-01-03,2021010304001867,NEF,41,43,"3,992",10.13,"40,438.96"
2021-01-03,2021010304001833,NEF,6,43,368,10.13,"3,727.84"
2021-01-03,2021010304001831,NEF,6,53,"4,000",10.13,"40,520.00"
2021-01-03,2021010304002146,NIBD2082,6,29,25,"1,078.00","26,950.00"
2021-01-03,2021010304002138,NIBD2082,6,6,400,"1,078.00","431,200.00"
2021-01-03,2021010304002146,NIBD2082,6,29,25,"1,078.00","26,950.00"
2021-01-03,2021010304002138,NIBD2082,6,6,400,"1,078.00","431,200.00"
2021-01-03,2021010304002194,NIBLPF,43,17,"1,000",10.39,"10,390.00"
2021-01-03,2021010304002100,NIBLPF,43,17,"1,000",10.39,"10,390.00"
2021-01-03,2021010304001999,NIBLPF,43,21,"1,000",10.40,"10,400.00"
2021-01-03,2021010304001853,NIBLPF,3,21,"1,766",10.40,"18,366.40"
2021-01-03,2021010304001852,NIBLPF,3,21,505,10.37,"5,236.85"
2021-01-03,2021010304001851,NIBLPF,3,32,254,10.35,"2,628.90"
2021-01-03,2021010304001759,NIBLPF,26,17,505,10.33,"5,216.65"
2021-01-03,2021010304001756,NIBLPF,26,17,505,10.33,"5,216.65"
2021-01-03,2021010304002231,NIBPO,44,57,557,465.00,"259,005.00"
2021-01-03,2021010304002230,NIBPO,44,52,200,465.00,"93,000.00"
2021-01-03,2021010304002229,NIBPO,44,20,"2,000",464.00,"928,000.00"
2021-01-03,2021010304002228,NIBPO,44,25,"1,000",464.00,"464,000.00"
2021-01-03,2021010304002227,NIBPO,44,43,100,464.00,"46,400.00"
2021-01-03,2021010304002226,NIBPO,44,3,193,463.00,"89,359.00"
2021-01-03,2021010304001894,NIBPO,34,47,500,461.00,"230,500.00"
2021-01-03,2021010304001864,NIBPO,26,56,120,460.00,"55,200.00"
2021-01-03,2021010304001830,NIBPO,49,56,180,460.00,"82,800.00"
2021-01-03,2021010304001799,NIBPO,39,4,8,452.00,"3,616.00"
2021-01-03,2021010304002109,NIBPO,6,33,500,462.00,"231,000.00"
2021-01-03,2021010304002010,NIBPO,16,10,425,460.00,"195,500.00"
2021-01-03,2021010304002009,NIBPO,11,10,75,460.00,"34,500.00"
2021-01-03,2021010304001945,NIBPO,11,49,100,460.00,"46,000.00"
2021-01-03,2021010304001923,NIBPO,11,46,25,460.00,"11,500.00"
2021-01-03,2021010304001895,NIBPO,25,47,100,461.00,"46,100.00"
2021-01-03,2021010304002225,NIBPO,44,56,50,463.00,"23,150.00"
2021-01-03,2021010304002224,NIBPO,44,10,100,463.00,"46,300.00"
2021-01-03,2021010304002223,NIBPO,44,33,800,462.00,"369,600.00"
2021-01-03,2021010304002145,NIBPO,50,33,200,462.00,"92,400.00"
2021-01-03,2021010304002127,NIBPO,17,33,"1,500",462.00,"693,000.00"
2021-01-03,2021010304002114,NIBPO,6,56,406,461.00,"187,166.00"
2021-01-03,2021010304002134,NIBSF1,17,52,"2,000",11.42,"22,840.00"
2021-01-03,2021010304002064,NIBSF1,17,22,"1,000",11.42,"11,420.00"
2021-01-03,2021010304001773,NIBSF1,17,6,"40,000",11.42,"456,800.00"
2021-01-03,2021010304002150,NICBF,6,58,"1,500",10.17,"15,255.00"
2021-01-03,2021010304002015,NICBF,6,34,750,10.17,"7,627.50"
2021-01-03,2021010304002014,NICBF,6,41,300,10.11,"3,033.00"
2021-01-03,2021010304002013,NICBF,6,35,200,10.10,"2,020.00"
2021-01-03,2021010304002012,NICBF,6,28,100,10.10,"1,010.00"
2021-01-03,2021010304002200,NICGF,14,19,400,10.50,"4,200.00"
2021-01-03,2021010304002199,NICGF,14,49,300,10.50,"3,150.00"
2021-01-03,2021010304002198,NICGF,14,49,300,10.50,"3,150.00"
2021-01-03,2021010304002197,NICGF,14,41,100,10.50,"1,050.00"
2021-01-03,2021010304002196,NICGF,14,58,500,10.50,"5,250.00"
2021-01-03,2021010304002055,NICGF,6,40,"7,500",10.46,"78,450.00"
2021-01-03,2021010304001828,NICGF,6,40,"2,500",10.46,"26,150.00"
2021-01-03,2021010304001767,NICGF,6,58,300,10.46,"3,138.00"
2021-01-03,2021010304002160,NMB50,32,58,"1,000",10.24,"10,240.00"
2021-01-03,2021010304002137,NMB50,58,34,"30,100",10.34,"311,234.00"
2021-01-03,2021010304002115,NMB50,56,34,"10,000",10.34,"103,400.00"
2021-01-03,2021010304002110,NMB50,56,34,"10,000",10.34,"103,400.00"
2021-01-03,2021010304002104,NMB50,56,22,"10,000",10.33,"103,300.00"
2021-01-03,2021010304002101,NMB50,56,22,"10,000",10.33,"103,300.00"
2021-01-03,2021010304001808,NMB50,32,34,"40,300",10.20,"411,060.00"
2021-01-03,2021010304001807,NMB50,10,34,"9,700",10.22,"99,134.00"
2021-01-03,2021010304001806,NMB50,17,34,"50,000",10.22,"511,000.00"
2021-01-03,2021010304001802,NMB50,10,22,"10,000",10.30,"103,000.00"
2021-01-03,2021010304002019,NMB50,56,57,100,10.33,"1,033.00"
2021-01-03,2021010304002008,NMB50,56,22,"10,000",10.30,"103,000.00"
2021-01-03,2021010304002002,NMB50,56,22,"10,000",10.30,"103,000.00"
2021-01-03,2021010304001947,NMB50,56,22,"10,000",10.30,"103,000.00"
2021-01-03,2021010304001904,NMB50,3,35,200,10.20,"2,040.00"
2021-01-03,2021010304001826,NMB50,32,34,"9,700",10.20,"98,940.00"
2021-01-03,2021010304002098,NMB50,56,22,"10,000",10.33,"103,300.00"
2021-01-03,2021010304002083,NMB50,32,35,"2,000",10.30,"20,600.00"
2021-01-03,2021010304002027,NMB50,22,22,"10,000",10.30,"103,000.00"
2021-01-03,2021010304002026,NMB50,56,34,"10,000",10.34,"103,400.00"
2021-01-03,2021010304002023,NMB50,56,34,"10,000",10.34,"103,400.00"
2021-01-03,2021010304002020,NMB50,56,34,"9,900",10.34,"102,366.00"
2021-01-03,2021010304001921,NMBHF1,17,45,"1,220",10.10,"12,322.00"
2021-01-03,2021010304001920,NMBHF1,13,45,839,10.11,"8,482.29"
2021-01-03,2021010304001919,NMBHF1,28,45,437,10.12,"4,422.44"
2021-01-03,2021010304001798,NMBHF1,28,17,"4,161",10.12,"42,109.32"
2021-01-03,2021010304001787,PCBLP,44,39,"10,746",169.00,"1,816,074.00"
2021-01-03,2021010304001765,PCBLP,4,58,"12,021",168.00,"2,019,528.00"
2021-01-03,2021010304002189,RBCLPO,51,7,27,"14,300.00","386,100.00"
2021-01-03,2021010304002142,RBCLPO,51,42,50,"14,300.00","715,000.00"
2021-01-03,2021010304002139,RBCLPO,51,1,10,"14,300.00","143,000.00"
2021-01-03,2021010304002097,RBCLPO,51,22,10,"14,300.00","143,000.00"
2021-01-03,2021010304002096,RBCLPO,51,22,30,"14,300.00","429,000.00"
2021-01-03,2021010304001854,RBCLPO,42,6,21,"14,511.00","304,731.00"
2021-01-03,2021010304001850,RBCLPO,42,52,70,"14,511.00","1,015,770.00"
2021-01-03,2021010304001849,RBCLPO,42,50,10,"14,511.00","145,110.00"
2021-01-03,2021010304001841,RBCLPO,42,51,20,"14,511.00","290,220.00"
2021-01-03,2021010304001757,RBCLPO,28,45,25,"14,531.00","363,275.00"
2021-01-03,2021010304002216,SAEF,49,10,"10,000",11.61,"116,100.00"
2021-01-03,2021010304002195,SAEF,49,10,"9,900",11.50,"113,850.00"
2021-01-03,2021010304002174,SAEF,40,10,100,11.60,"1,160.00"
2021-01-03,2021010304002141,SAEF,14,10,"10,000",11.60,"116,000.00"
2021-01-03,2021010304002140,SAEF,56,10,"1,500",11.60,"17,400.00"
2021-01-03,2021010304002118,SAEF,56,14,500,11.60,"5,800.00"
2021-01-03,2021010304002117,SAEF,56,10,"3,000",11.60,"34,800.00"
2021-01-03,2021010304002116,SAEF,49,10,"40,000",11.50,"460,000.00"
2021-01-03,2021010304002102,SAEF,49,10,"2,000",11.60,"23,200.00"
2021-01-03,2021010304002056,SAEF,49,22,"2,000",11.60,"23,200.00"
2021-01-03,2021010304001952,SAEF,49,47,"6,000",11.60,"69,600.00"
2021-01-03,2021010304002210,SAND2085,17,22,25,"1,050.00","26,250.00"
2021-01-03,2021010304001883,SAND2085,17,49,15,"1,050.00","15,750.00"
2021-01-03,2021010304002183,SBIBD86,4,6,345,"1,045.00","360,525.00"
2021-01-03,2021010304002182,SBIBD86,17,6,500,"1,050.00","525,000.00"
2021-01-03,2021010304002152,SEF,6,6,"43,100",10.36,"446,516.00"
2021-01-03,2021010304002135,SEF,47,38,400,10.38,"4,152.00"
2021-01-03,2021010304002107,SEF,47,22,"29,600",10.38,"307,248.00"
2021-01-03,2021010304002106,SEF,26,22,"10,000",10.39,"103,900.00"
2021-01-03,2021010304002105,SEF,18,22,400,10.39,"4,156.00"
2021-01-03,2021010304002087,SEF,18,38,"1,000",10.39,"10,390.00"
2021-01-03,2021010304001845,SEF,18,6,600,10.34,"6,204.00"
2021-01-03,2021010304001837,SEF,17,6,"49,400",10.35,"511,290.00"
2021-01-03,2021010304001836,SEF,13,6,"10,000",10.36,"103,600.00"
2021-01-03,2021010304001835,SEF,26,6,"10,000",10.36,"103,600.00"
2021-01-03,2021010304001758,SEF,17,59,600,10.35,"6,210.00"
2021-01-03,2021010304002018,SFMF,49,37,100,10.25,"1,025.00"
2021-01-03,2021010304001762,SFMF,49,34,"50,000",10.30,"515,000.00"
2021-01-03,2021010304002222,SGI,58,58,10,567.00,"5,670.00"
2021-01-03,2021010304002219,SGI,11,45,10,568.00,"5,680.00"
2021-01-03,2021010304002211,SGI,58,21,10,567.00,"5,670.00"
2021-01-03,2021010304002207,SGI,42,50,10,570.00,"5,700.00"
2021-01-03,2021010304002206,SGI,42,34,10,570.00,"5,700.00"
2021-01-03,2021010304002205,SGI,42,1,10,570.00,"5,700.00"
2021-01-03,2021010304001735,SGI,5,20,10,565.00,"5,650.00"
2021-01-03,2021010304001734,SGI,5,42,10,565.00,"5,650.00"
2021-01-03,2021010304001733,SGI,5,51,10,565.00,"5,650.00"
2021-01-03,2021010304001732,SGI,5,4,10,565.00,"5,650.00"
2021-01-03,2021010304001741,SGI,5,56,10,565.00,"5,650.00"
2021-01-03,2021010304001740,SGI,5,54,10,565.00,"5,650.00"
2021-01-03,2021010304001739,SGI,5,57,10,565.00,"5,650.00"
2021-01-03,2021010304001738,SGI,5,56,10,565.00,"5,650.00"
2021-01-03,2021010304001737,SGI,5,25,10,565.00,"5,650.00"
2021-01-03,2021010304001736,SGI,5,4,10,565.00,"5,650.00"
2021-01-03,2021010304001747,SGI,5,52,10,565.00,"5,650.00"
2021-01-03,2021010304001746,SGI,5,42,50,565.00,"28,250.00"
2021-01-03,2021010304001745,SGI,5,22,10,565.00,"5,650.00"
2021-01-03,2021010304001744,SGI,5,58,10,565.00,"5,650.00"
2021-01-03,2021010304001743,SGI,5,29,10,565.00,"5,650.00"
2021-01-03,2021010304001742,SGI,5,45,20,565.00,"11,300.00"
2021-01-03,2021010304001753,SGI,5,13,10,565.00,"5,650.00"
2021-01-03,2021010304001752,SGI,5,45,10,565.00,"5,650.00"
2021-01-03,2021010304001751,SGI,5,1,10,565.00,"5,650.00"
2021-01-03,2021010304001750,SGI,5,38,10,565.00,"5,650.00"
2021-01-03,2021010304001749,SGI,5,34,10,565.00,"5,650.00"
2021-01-03,2021010304001748,SGI,5,58,10,565.00,"5,650.00"
2021-01-03,2021010304001776,SGI,33,56,10,564.00,"5,640.00"
2021-01-03,2021010304001775,SGI,33,39,10,564.00,"5,640.00"
2021-01-03,2021010304001771,SGI,33,16,10,564.00,"5,640.00"
2021-01-03,2021010304001769,SGI,33,39,10,564.00,"5,640.00"
2021-01-03,2021010304001766,SGI,33,21,10,564.00,"5,640.00"
2021-01-03,2021010304001761,SGI,25,56,10,564.00,"5,640.00"
2021-01-03,2021010304001794,SGI,5,46,10,565.00,"5,650.00"
2021-01-03,2021010304001793,SGI,5,6,10,565.00,"5,650.00"
2021-01-03,2021010304001792,SGI,5,56,10,564.00,"5,640.00"
2021-01-03,2021010304001791,SGI,5,21,10,564.00,"5,640.00"
2021-01-03,2021010304001790,SGI,45,39,10,563.00,"5,630.00"
2021-01-03,2021010304001777,SGI,45,45,10,563.00,"5,630.00"
2021-01-03,2021010304001804,SGI,45,44,10,563.00,"5,630.00"
2021-01-03,2021010304001803,SGI,45,21,10,563.00,"5,630.00"
2021-01-03,2021010304001800,SGI,45,39,10,563.00,"5,630.00"
2021-01-03,2021010304001797,SGI,5,57,460,566.00,"260,360.00"
2021-01-03,2021010304001796,SGI,5,41,10,566.00,"5,660.00"
2021-01-03,2021010304001795,SGI,5,49,10,566.00,"5,660.00"
2021-01-03,2021010304001829,SGI,5,21,10,564.00,"5,640.00"
2021-01-03,2021010304001827,SGI,5,6,10,564.00,"5,640.00"
2021-01-03,2021010304001825,SGI,5,21,10,564.00,"5,640.00"
2021-01-03,2021010304001822,SGI,5,18,10,564.00,"5,640.00"
2021-01-03,2021010304001819,SGI,5,11,10,564.00,"5,640.00"
2021-01-03,2021010304001805,SGI,45,11,10,563.00,"5,630.00"
2021-01-03,2021010304001847,SGI,5,18,10,564.00,"5,640.00"
2021-01-03,2021010304001843,SGI,5,17,10,564.00,"5,640.00"
2021-01-03,2021010304001840,SGI,5,32,10,564.00,"5,640.00"
2021-01-03,2021010304001838,SGI,5,11,10,564.00,"5,640.00"
2021-01-03,2021010304001834,SGI,5,53,10,564.00,"5,640.00"
2021-01-03,2021010304001832,SGI,5,21,10,564.00,"5,640.00"
2021-01-03,2021010304001863,SGI,59,42,10,565.00,"5,650.00"
2021-01-03,2021010304001862,SGI,59,42,10,565.00,"5,650.00"
2021-01-03,2021010304001861,SGI,59,48,10,565.00,"5,650.00"
2021-01-03,2021010304001860,SGI,59,39,10,565.00,"5,650.00"
2021-01-03,2021010304001858,SGI,59,42,10,565.00,"5,650.00"
2021-01-03,2021010304001855,SGI,5,36,10,564.00,"5,640.00"
2021-01-03,2021010304001875,SGI,4,33,10,566.00,"5,660.00"
2021-01-03,2021010304001874,SGI,4,4,10,566.00,"5,660.00"
2021-01-03,2021010304001873,SGI,4,38,10,566.00,"5,660.00"
2021-01-03,2021010304001872,SGI,4,45,10,566.00,"5,660.00"
2021-01-03,2021010304001871,SGI,4,57,240,566.00,"135,840.00"
2021-01-03,2021010304001866,SGI,59,39,10,565.00,"5,650.00"
2021-01-03,2021010304001890,SGI,59,39,10,565.00,"5,650.00"
2021-01-03,2021010304001889,SGI,59,4,10,565.00,"5,650.00"
2021-01-03,2021010304001884,SGI,59,47,10,565.00,"5,650.00"
2021-01-03,2021010304001878,SGI,4,22,10,566.00,"5,660.00"
2021-01-03,2021010304001877,SGI,4,1,10,566.00,"5,660.00"
2021-01-03,2021010304001876,SGI,4,38,10,566.00,"5,660.00"
2021-01-03,2021010304001902,SGI,59,6,10,565.00,"5,650.00"
2021-01-03,2021010304001901,SGI,59,58,10,565.00,"5,650.00"
2021-01-03,2021010304001900,SGI,59,38,10,565.00,"5,650.00"
2021-01-03,2021010304001898,SGI,59,22,10,565.00,"5,650.00"
2021-01-03,2021010304001893,SGI,59,21,10,565.00,"5,650.00"
2021-01-03,2021010304001891,SGI,59,58,10,565.00,"5,650.00"
2021-01-03,2021010304001916,SGI,59,38,10,565.00,"5,650.00"
2021-01-03,2021010304001915,SGI,59,28,10,565.00,"5,650.00"
2021-01-03,2021010304001913,SGI,59,42,10,565.00,"5,650.00"
2021-01-03,2021010304001911,SGI,59,21,10,565.00,"5,650.00"
2021-01-03,2021010304001906,SGI,21,17,10,566.00,"5,660.00"
2021-01-03,2021010304001905,SGI,21,48,10,566.00,"5,660.00"
2021-01-03,2021010304001934,SGI,21,25,10,566.00,"5,660.00"
2021-01-03,2021010304001933,SGI,21,14,10,566.00,"5,660.00"
2021-01-03,2021010304001928,SGI,5,28,10,565.00,"5,650.00"
2021-01-03,2021010304001927,SGI,5,21,10,565.00,"5,650.00"
2021-01-03,2021010304001926,SGI,5,18,10,565.00,"5,650.00"
2021-01-03,2021010304001918,SGI,59,45,10,565.00,"5,650.00"
2021-01-03,2021010304001940,SGI,21,58,10,568.00,"5,680.00"
2021-01-03,2021010304001939,SGI,21,58,10,568.00,"5,680.00"
2021-01-03,2021010304001938,SGI,21,21,10,568.00,"5,680.00"
2021-01-03,2021010304001937,SGI,21,50,10,567.00,"5,670.00"
2021-01-03,2021010304001936,SGI,21,13,10,567.00,"5,670.00"
2021-01-03,2021010304001935,SGI,21,49,10,567.00,"5,670.00"
2021-01-03,2021010304001982,SGI,21,49,10,568.00,"5,680.00"
2021-01-03,2021010304001981,SGI,21,45,20,568.00,"11,360.00"
2021-01-03,2021010304001980,SGI,42,38,10,566.00,"5,660.00"
2021-01-03,2021010304001946,SGI,5,57,10,565.00,"5,650.00"
2021-01-03,2021010304001944,SGI,5,14,10,565.00,"5,650.00"
2021-01-03,2021010304001941,SGI,21,45,30,568.00,"17,040.00"
2021-01-03,2021010304001991,SGI,21,52,10,569.00,"5,690.00"
2021-01-03,2021010304001990,SGI,21,13,10,569.00,"5,690.00"
2021-01-03,2021010304001989,SGI,21,38,10,569.00,"5,690.00"
2021-01-03,2021010304001987,SGI,42,17,10,566.00,"5,660.00"
2021-01-03,2021010304001984,SGI,21,57,10,568.00,"5,680.00"
2021-01-03,2021010304001983,SGI,21,57,10,568.00,"5,680.00"
2021-01-03,2021010304002001,SGI,42,48,10,566.00,"5,660.00"
2021-01-03,2021010304002000,SGI,42,42,10,566.00,"5,660.00"
2021-01-03,2021010304001995,SGI,21,35,10,569.00,"5,690.00"
2021-01-03,2021010304001994,SGI,21,45,10,569.00,"5,690.00"
2021-01-03,2021010304001993,SGI,21,41,10,569.00,"5,690.00"
2021-01-03,2021010304001992,SGI,21,37,10,569.00,"5,690.00"
2021-01-03,2021010304002028,SGI,21,45,10,570.00,"5,700.00"
2021-01-03,2021010304002024,SGI,45,10,10,569.00,"5,690.00"
2021-01-03,2021010304002016,SGI,45,51,10,569.00,"5,690.00"
2021-01-03,2021010304002011,SGI,45,48,10,569.00,"5,690.00"
2021-01-03,2021010304002007,SGI,45,53,10,569.00,"5,690.00"
2021-01-03,2021010304002006,SGI,45,47,10,569.00,"5,690.00"
2021-01-03,2021010304002034,SGI,21,54,10,570.00,"5,700.00"
2021-01-03,2021010304002033,SGI,21,42,10,570.00,"5,700.00"
2021-01-03,2021010304002032,SGI,21,46,10,570.00,"5,700.00"
2021-01-03,2021010304002031,SGI,21,54,10,570.00,"5,700.00"
2021-01-03,2021010304002030,SGI,21,56,10,570.00,"5,700.00"
2021-01-03,2021010304002029,SGI,21,52,10,570.00,"5,700.00"
2021-01-03,2021010304002040,SGI,21,39,10,570.00,"5,700.00"
2021-01-03,2021010304002039,SGI,21,49,10,570.00,"5,700.00"
2021-01-03,2021010304002038,SGI,21,48,10,570.00,"5,700.00"
2021-01-03,2021010304002037,SGI,21,35,10,570.00,"5,700.00"
2021-01-03,2021010304002036,SGI,21,49,10,570.00,"5,700.00"
2021-01-03,2021010304002035,SGI,21,57,10,570.00,"5,700.00"
2021-01-03,2021010304002046,SGI,21,34,10,570.00,"5,700.00"
2021-01-03,2021010304002045,SGI,21,32,100,570.00,"57,000.00"
2021-01-03,2021010304002044,SGI,21,11,10,570.00,"5,700.00"
2021-01-03,2021010304002043,SGI,21,46,10,570.00,"5,700.00"
2021-01-03,2021010304002042,SGI,21,10,10,570.00,"5,700.00"
2021-01-03,2021010304002041,SGI,21,45,50,570.00,"28,500.00"
2021-01-03,2021010304002052,SGI,21,48,10,570.00,"5,700.00"
2021-01-03,2021010304002051,SGI,21,45,20,570.00,"11,400.00"
2021-01-03,2021010304002050,SGI,21,42,10,570.00,"5,700.00"
2021-01-03,2021010304002049,SGI,21,3,10,570.00,"5,700.00"
2021-01-03,2021010304002048,SGI,21,29,10,570.00,"5,700.00"
2021-01-03,2021010304002047,SGI,21,29,10,570.00,"5,700.00"
2021-01-03,2021010304002072,SGI,54,58,10,570.00,"5,700.00"
2021-01-03,2021010304002071,SGI,54,6,10,570.00,"5,700.00"
2021-01-03,2021010304002063,SGI,45,38,10,569.00,"5,690.00"
2021-01-03,2021010304002060,SGI,45,47,10,569.00,"5,690.00"
2021-01-03,2021010304002054,SGI,21,38,10,570.00,"5,700.00"
2021-01-03,2021010304002053,SGI,21,3,10,570.00,"5,700.00"
2021-01-03,2021010304002089,SGI,46,47,10,568.00,"5,680.00"
2021-01-03,2021010304002088,SGI,46,36,10,568.00,"5,680.00"
2021-01-03,2021010304002086,SGI,20,38,10,568.00,"5,680.00"
2021-01-03,2021010304002080,SGI,20,21,10,568.00,"5,680.00"
2021-01-03,2021010304002076,SGI,20,38,20,568.00,"11,360.00"
2021-01-03,2021010304002075,SGI,20,58,10,568.00,"5,680.00"
2021-01-03,2021010304002103,SGI,46,3,10,569.00,"5,690.00"
2021-01-03,2021010304002095,SGI,46,14,10,569.00,"5,690.00"
2021-01-03,2021010304002094,SGI,46,47,10,569.00,"5,690.00"
2021-01-03,2021010304002093,SGI,46,58,10,569.00,"5,690.00"
2021-01-03,2021010304002091,SGI,46,48,10,569.00,"5,690.00"
2021-01-03,2021010304002090,SGI,46,59,10,569.00,"5,690.00"
2021-01-03,2021010304002125,SGI,5,1,10,567.00,"5,670.00"
2021-01-03,2021010304002122,SGI,5,35,10,567.00,"5,670.00"
2021-01-03,2021010304002121,SGI,5,47,10,567.00,"5,670.00"
2021-01-03,2021010304002120,SGI,5,38,10,567.00,"5,670.00"
2021-01-03,2021010304002119,SGI,46,50,10,569.00,"5,690.00"
2021-01-03,2021010304002108,SGI,46,48,10,569.00,"5,690.00"
2021-01-03,2021010304002136,SGI,5,38,10,567.00,"5,670.00"
2021-01-03,2021010304002133,SGI,5,38,10,567.00,"5,670.00"
2021-01-03,2021010304002132,SGI,5,10,10,567.00,"5,670.00"
2021-01-03,2021010304002130,SGI,5,3,10,567.00,"5,670.00"
2021-01-03,2021010304002129,SGI,5,35,10,567.00,"5,670.00"
2021-01-03,2021010304002128,SGI,5,59,10,567.00,"5,670.00"
2021-01-03,2021010304002158,SGI,5,25,10,567.00,"5,670.00"
2021-01-03,2021010304002157,SGI,5,38,10,567.00,"5,670.00"
2021-01-03,2021010304002156,SGI,5,38,10,567.00,"5,670.00"
2021-01-03,2021010304002153,SGI,5,41,10,567.00,"5,670.00"
2021-01-03,2021010304002147,SGI,5,21,10,567.00,"5,670.00"
2021-01-03,2021010304002143,SGI,5,48,10,567.00,"5,670.00"
2021-01-03,2021010304002179,SGI,34,50,10,568.00,"5,680.00"
2021-01-03,2021010304002178,SGI,34,52,10,568.00,"5,680.00"
2021-01-03,2021010304002175,SGI,5,58,10,567.00,"5,670.00"
2021-01-03,2021010304002169,SGI,5,59,10,567.00,"5,670.00"
2021-01-03,2021010304002164,SGI,5,38,10,567.00,"5,670.00"
2021-01-03,2021010304002159,SGI,5,6,10,567.00,"5,670.00"
2021-01-03,2021010304002190,SGI,58,29,10,567.00,"5,670.00"
2021-01-03,2021010304002188,SGI,46,29,10,567.00,"5,670.00"
2021-01-03,2021010304002187,SGI,21,29,50,567.00,"28,350.00"
2021-01-03,2021010304002186,SGI,5,29,70,567.00,"39,690.00"
2021-01-03,2021010304002181,SGI,34,32,10,568.00,"5,680.00"
2021-01-03,2021010304002180,SGI,34,49,10,568.00,"5,680.00"
2021-01-03,2021010304002204,SGI,42,58,10,570.00,"5,700.00"
2021-01-03,2021010304002203,SGI,42,59,10,570.00,"5,700.00"
2021-01-03,2021010304002202,SGI,42,57,10,570.00,"5,700.00"
2021-01-03,2021010304002201,SGI,42,47,10,569.00,"5,690.00"
2021-01-03,2021010304002192,SGI,58,28,10,568.00,"5,680.00"
2021-01-03,2021010304002191,SGI,58,49,10,568.00,"5,680.00"
2021-01-03,2021010304002004,STC,19,58,10,"6,909.00","69,090.00"
2021-01-03,2021010304002003,STC,38,58,10,"6,909.00","69,090.00"
2021-01-03,2021010304001801,STC,38,58,20,"6,909.00","138,180.00"
2021-01-03,2021010304001700,BBC,6,49,20,"2,799.00","55,980.00"
2021-01-03,2021010304001699,BBC,56,49,100,"2,800.00","280,000.00"
2021-01-03,2021010304001698,BBC,38,49,50,"2,820.00","141,000.00"
2021-01-03,2021010304001697,BBC,33,45,50,"2,845.00","142,250.00"
2021-01-03,2021010304001674,BBC,10,45,20,"2,845.00","56,900.00"
2021-01-03,2021010304001608,BBC,58,45,30,"2,845.00","85,350.00"
2021-01-03,2021010304001369,BBC,58,20,100,"2,800.00","280,000.00"
2021-01-03,2021010304001368,BBC,58,48,100,"2,800.00","280,000.00"
2021-01-03,2021010304001384,BBC,58,20,70,"2,845.00","199,150.00"
2021-01-03,2021010304001378,BBC,49,45,10,"2,840.00","28,400.00"
2021-01-03,2021010304001377,BBC,49,20,50,"2,835.00","141,750.00"
2021-01-03,2021010304001376,BBC,49,48,60,"2,815.00","168,900.00"
2021-01-03,2021010304001375,BBC,49,6,25,"2,800.00","70,000.00"
2021-01-03,2021010304001374,BBC,49,20,100,"2,800.00","280,000.00"
2021-01-03,2021010304001398,BBC,49,20,250,"2,855.00","713,750.00"
2021-01-03,2021010304001396,BBC,58,43,50,"2,850.00","142,500.00"
2021-01-03,2021010304001395,BBC,58,20,170,"2,850.00","484,500.00"
2021-01-03,2021010304001394,BBC,58,39,10,"2,848.00","28,480.00"
2021-01-03,2021010304001393,BBC,58,57,30,"2,847.00","85,410.00"
2021-01-03,2021010304001385,BBC,58,20,200,"2,845.00","569,000.00"
2021-01-03,2021010304001546,BBC,49,34,10,"2,856.00","28,560.00"
2021-01-03,2021010304001542,BBC,38,34,30,"2,856.00","85,680.00"
2021-01-03,2021010304001535,BBC,29,20,100,"2,857.00","285,700.00"
2021-01-03,2021010304001473,BBC,28,14,10,"2,860.00","28,600.00"
2021-01-03,2021010304001471,BBC,38,50,20,"2,856.00","57,120.00"
2021-01-03,2021010304001454,BBC,49,50,30,"2,856.00","85,680.00"
2021-01-03,2021010304001472,CMF1,19,32,500,9.87,"4,935.00"
2021-01-03,2021010304001364,CMF1,50,17,500,9.85,"4,925.00"
2021-01-03,2021010304001466,GBD80/81,11,6,755,"1,061.00","801,055.00"
2021-01-03,2021010304001404,GBD80/81,11,6,20,"1,065.00","21,300.00"
2021-01-03,2021010304001711,GIC,44,38,10,543.00,"5,430.00"
2021-01-03,2021010304001704,GIC,44,26,10,543.00,"5,430.00"
2021-01-03,2021010304001696,GIC,44,32,10,543.00,"5,430.00"
2021-01-03,2021010304001692,GIC,44,45,10,543.00,"5,430.00"
2021-01-03,2021010304001691,GIC,44,54,10,543.00,"5,430.00"
2021-01-03,2021010304001688,GIC,44,48,10,543.00,"5,430.00"
2021-01-03,2021010304001261,GIC,22,7,10,540.00,"5,400.00"
2021-01-03,2021010304001260,GIC,22,57,10,540.00,"5,400.00"
2021-01-03,2021010304001259,GIC,22,45,10,540.00,"5,400.00"
2021-01-03,2021010304001236,GIC,22,51,10,540.00,"5,400.00"
2021-01-03,2021010304001270,GIC,22,58,10,540.00,"5,400.00"
2021-01-03,2021010304001269,GIC,22,35,10,540.00,"5,400.00"
2021-01-03,2021010304001268,GIC,22,49,10,540.00,"5,400.00"
2021-01-03,2021010304001266,GIC,22,51,10,540.00,"5,400.00"
2021-01-03,2021010304001265,GIC,22,42,10,540.00,"5,400.00"
2021-01-03,2021010304001263,GIC,22,48,10,540.00,"5,400.00"
2021-01-03,2021010304001280,GIC,51,38,10,540.00,"5,400.00"
2021-01-03,2021010304001279,GIC,51,57,10,540.00,"5,400.00"
2021-01-03,2021010304001278,GIC,51,40,10,540.00,"5,400.00"
2021-01-03,2021010304001275,GIC,51,41,10,540.00,"5,400.00"
2021-01-03,2021010304001274,GIC,54,33,200,540.00,"108,000.00"
2021-01-03,2021010304001271,GIC,22,36,10,540.00,"5,400.00"
2021-01-03,2021010304001296,GIC,51,48,10,540.00,"5,400.00"
2021-01-03,2021010304001292,GIC,51,22,10,540.00,"5,400.00"
2021-01-03,2021010304001291,GIC,51,19,10,540.00,"5,400.00"
2021-01-03,2021010304001288,GIC,51,29,10,540.00,"5,400.00"
2021-01-03,2021010304001287,GIC,51,7,10,540.00,"5,400.00"
2021-01-03,2021010304001283,GIC,51,20,10,540.00,"5,400.00"
2021-01-03,2021010304001313,GIC,6,20,10,542.00,"5,420.00"
2021-01-03,2021010304001312,GIC,6,25,10,542.00,"5,420.00"
2021-01-03,2021010304001311,GIC,6,16,10,542.00,"5,420.00"
2021-01-03,2021010304001310,GIC,49,47,10,540.00,"5,400.00"
2021-01-03,2021010304001301,GIC,49,37,10,540.00,"5,400.00"
2021-01-03,2021010304001300,GIC,49,34,10,540.00,"5,400.00"
2021-01-03,2021010304001322,GIC,6,32,10,543.00,"5,430.00"
2021-01-03,2021010304001318,GIC,6,32,10,543.00,"5,430.00"
2021-01-03,2021010304001317,GIC,6,39,10,543.00,"5,430.00"
2021-01-03,2021010304001316,GIC,6,11,10,543.00,"5,430.00"
2021-01-03,2021010304001315,GIC,6,56,10,543.00,"5,430.00"
2021-01-03,2021010304001314,GIC,6,33,10,542.00,"5,420.00"
2021-01-03,2021010304001343,GIC,6,20,10,543.00,"5,430.00"
2021-01-03,2021010304001340,GIC,6,16,10,543.00,"5,430.00"
2021-01-03,2021010304001329,GIC,6,38,80,543.00,"43,440.00"
2021-01-03,2021010304001325,GIC,6,57,10,543.00,"5,430.00"
2021-01-03,2021010304001324,GIC,6,42,10,543.00,"5,430.00"
2021-01-03,2021010304001323,GIC,6,11,10,543.00,"5,430.00"
2021-01-03,2021010304001349,GIC,6,20,10,543.00,"5,430.00"
2021-01-03,2021010304001348,GIC,6,51,10,543.00,"5,430.00"
2021-01-03,2021010304001347,GIC,50,48,10,544.00,"5,440.00"
2021-01-03,2021010304001346,GIC,50,6,10,544.00,"5,440.00"
2021-01-03,2021010304001345,GIC,50,19,10,544.00,"5,440.00"
2021-01-03,2021010304001344,GIC,50,58,10,544.00,"5,440.00"
2021-01-03,2021010304001386,GIC,6,3,10,543.00,"5,430.00"
2021-01-03,2021010304001383,GIC,6,3,10,543.00,"5,430.00"
2021-01-03,2021010304001371,GIC,6,38,10,543.00,"5,430.00"
2021-01-03,2021010304001361,GIC,6,48,40,543.00,"21,720.00"
2021-01-03,2021010304001356,GIC,6,45,10,543.00,"5,430.00"
2021-01-03,2021010304001352,GIC,6,45,10,543.00,"5,430.00"
2021-01-03,2021010304001410,GIC,6,45,10,543.00,"5,430.00"
2021-01-03,2021010304001407,GIC,6,5,10,543.00,"5,430.00"
2021-01-03,2021010304001403,GIC,6,3,10,543.00,"5,430.00"
2021-01-03,2021010304001392,GIC,6,10,10,543.00,"5,430.00"
2021-01-03,2021010304001391,GIC,6,3,10,543.00,"5,430.00"
2021-01-03,2021010304001390,GIC,6,3,10,543.00,"5,430.00"
2021-01-03,2021010304001426,GIC,22,3,10,541.00,"5,410.00"
2021-01-03,2021010304001419,GIC,22,3,10,541.00,"5,410.00"
2021-01-03,2021010304001417,GIC,1,48,40,544.00,"21,760.00"
2021-01-03,2021010304001416,GIC,1,52,10,543.00,"5,430.00"
2021-01-03,2021010304001415,GIC,22,3,10,541.00,"5,410.00"
2021-01-03,2021010304001411,GIC,6,59,10,543.00,"5,430.00"
2021-01-03,2021010304001477,GIC,42,10,10,543.00,"5,430.00"
2021-01-03,2021010304001476,GIC,42,10,10,543.00,"5,430.00"
2021-01-03,2021010304001475,GIC,42,48,10,543.00,"5,430.00"
2021-01-03,2021010304001470,GIC,45,3,10,541.00,"5,410.00"
2021-01-03,2021010304001458,GIC,49,3,10,540.00,"5,400.00"
2021-01-03,2021010304001435,GIC,49,56,10,540.00,"5,400.00"
2021-01-03,2021010304001483,GIC,42,7,10,543.00,"5,430.00"
2021-01-03,2021010304001482,GIC,42,48,10,543.00,"5,430.00"
2021-01-03,2021010304001481,GIC,42,26,10,543.00,"5,430.00"
2021-01-03,2021010304001480,GIC,42,49,10,543.00,"5,430.00"
2021-01-03,2021010304001479,GIC,42,48,10,543.00,"5,430.00"
2021-01-03,2021010304001478,GIC,42,11,10,543.00,"5,430.00"
2021-01-03,2021010304001492,GIC,45,3,10,541.00,"5,410.00"
2021-01-03,2021010304001491,GIC,45,3,10,541.00,"5,410.00"
2021-01-03,2021010304001489,GIC,45,3,10,541.00,"5,410.00"
2021-01-03,2021010304001486,GIC,45,45,10,541.00,"5,410.00"
2021-01-03,2021010304001485,GIC,45,22,10,541.00,"5,410.00"
2021-01-03,2021010304001484,GIC,42,57,10,543.00,"5,430.00"
2021-01-03,2021010304001516,GIC,45,14,10,541.00,"5,410.00"
2021-01-03,2021010304001509,GIC,45,3,10,541.00,"5,410.00"
2021-01-03,2021010304001506,GIC,45,38,10,541.00,"5,410.00"
2021-01-03,2021010304001505,GIC,45,3,10,541.00,"5,410.00"
2021-01-03,2021010304001496,GIC,45,3,10,541.00,"5,410.00"
2021-01-03,2021010304001495,GIC,45,20,10,541.00,"5,410.00"
2021-01-03,2021010304001534,GIC,6,16,10,542.00,"5,420.00"
2021-01-03,2021010304001522,GIC,1,38,170,545.00,"92,650.00"
2021-01-03,2021010304001521,GIC,1,13,10,544.00,"5,440.00"
2021-01-03,2021010304001520,GIC,1,41,10,544.00,"5,440.00"
2021-01-03,2021010304001519,GIC,1,58,10,544.00,"5,440.00"
2021-01-03,2021010304001517,GIC,6,44,10,542.00,"5,420.00"
2021-01-03,2021010304001562,GIC,6,20,10,542.00,"5,420.00"
2021-01-03,2021010304001559,GIC,6,16,10,542.00,"5,420.00"
2021-01-03,2021010304001558,GIC,6,34,10,542.00,"5,420.00"
2021-01-03,2021010304001551,GIC,6,38,10,542.00,"5,420.00"
2021-01-03,2021010304001545,GIC,6,56,10,542.00,"5,420.00"
2021-01-03,2021010304001539,GIC,6,56,10,542.00,"5,420.00"
2021-01-03,2021010304001580,GIC,6,39,10,542.00,"5,420.00"
2021-01-03,2021010304001578,GIC,6,20,10,542.00,"5,420.00"
2021-01-03,2021010304001577,GIC,6,16,10,542.00,"5,420.00"
2021-01-03,2021010304001576,GIC,6,32,10,542.00,"5,420.00"
2021-01-03,2021010304001568,GIC,6,32,10,542.00,"5,420.00"
2021-01-03,2021010304001563,GIC,6,32,10,542.00,"5,420.00"
2021-01-03,2021010304001604,GIC,44,38,10,543.00,"5,430.00"
2021-01-03,2021010304001603,GIC,44,52,110,543.00,"59,730.00"
2021-01-03,2021010304001597,GIC,6,26,10,542.00,"5,420.00"
2021-01-03,2021010304001590,GIC,6,32,10,542.00,"5,420.00"
2021-01-03,2021010304001589,GIC,6,32,10,542.00,"5,420.00"
2021-01-03,2021010304001588,GIC,6,11,10,542.00,"5,420.00"
2021-01-03,2021010304001614,GIC,7,57,10,544.00,"5,440.00"
2021-01-03,2021010304001613,GIC,7,14,10,544.00,"5,440.00"
2021-01-03,2021010304001612,GIC,44,6,10,543.00,"5,430.00"
2021-01-03,2021010304001611,GIC,44,18,10,543.00,"5,430.00"
2021-01-03,2021010304001607,GIC,21,56,10,544.00,"5,440.00"
2021-01-03,2021010304001606,GIC,44,42,10,543.00,"5,430.00"
2021-01-03,2021010304001631,GIC,44,42,10,543.00,"5,430.00"
2021-01-03,2021010304001630,GIC,44,18,10,543.00,"5,430.00"
2021-01-03,2021010304001625,GIC,44,32,10,543.00,"5,430.00"
2021-01-03,2021010304001622,GIC,7,32,10,544.00,"5,440.00"
2021-01-03,2021010304001621,GIC,7,21,10,544.00,"5,440.00"
2021-01-03,2021010304001617,GIC,7,56,10,544.00,"5,440.00"
2021-01-03,2021010304001651,GIC,44,56,10,543.00,"5,430.00"
2021-01-03,2021010304001650,GIC,44,44,10,543.00,"5,430.00"
2021-01-03,2021010304001649,GIC,21,38,100,545.00,"54,500.00"
2021-01-03,2021010304001643,GIC,44,10,10,543.00,"5,430.00"
2021-01-03,2021010304001641,GIC,44,1,10,543.00,"5,430.00"
2021-01-03,2021010304001632,GIC,44,43,10,543.00,"5,430.00"
2021-01-03,2021010304001678,GIC,44,26,10,543.00,"5,430.00"
2021-01-03,2021010304001667,GIC,44,32,10,543.00,"5,430.00"
2021-01-03,2021010304001662,GIC,44,42,10,543.00,"5,430.00"
2021-01-03,2021010304001658,GIC,44,58,10,543.00,"5,430.00"
2021-01-03,2021010304001657,GIC,44,56,10,543.00,"5,430.00"
2021-01-03,2021010304001656,GIC,44,38,10,543.00,"5,430.00"
2021-01-03,2021010304001687,GIMES1,49,7,"10,000",11.74,"117,400.00"
2021-01-03,2021010304001686,GIMES1,49,39,"10,000",11.72,"117,200.00"
2021-01-03,2021010304001685,GIMES1,49,14,"2,747",11.72,"32,194.84"
2021-01-03,2021010304001684,GIMES1,49,25,"10,000",11.70,"117,000.00"
2021-01-03,2021010304001683,GIMES1,49,21,100,11.69,"1,169.00"
2021-01-03,2021010304001682,GIMES1,49,7,"4,604",11.69,"53,820.76"
2021-01-03,2021010304001467,GIMES1,16,32,"3,684",11.63,"42,844.92"
2021-01-03,2021010304001465,GIMES1,16,32,"5,000",11.63,"58,150.00"
2021-01-03,2021010304001464,GIMES1,16,32,"1,316",11.63,"15,305.08"
2021-01-03,2021010304001463,GIMES1,16,28,"2,184",11.63,"25,399.92"
2021-01-03,2021010304001462,GIMES1,16,17,"1,500",11.62,"17,430.00"
2021-01-03,2021010304001284,GIMES1,49,41,"25,000",11.60,"290,000.00"
2021-01-03,2021010304001681,GIMES1,49,34,"2,500",11.69,"29,225.00"
2021-01-03,2021010304001680,GIMES1,49,10,"3,100",11.69,"36,239.00"
2021-01-03,2021010304001679,GIMES1,49,42,"1,000",11.69,"11,690.00"
2021-01-03,2021010304001591,GIMES1,45,7,"4,000",11.65,"46,600.00"
2021-01-03,2021010304001500,GIMES1,45,45,"1,000",11.65,"11,650.00"
2021-01-03,2021010304001468,GIMES1,16,42,100,11.63,"1,163.00"
2021-01-03,2021010304001413,LEMF,54,32,"1,500",10.10,"15,150.00"
2021-01-03,2021010304001387,LEMF,54,43,"2,500",10.10,"25,250.00"
2021-01-03,2021010304001320,LEMF,54,17,"1,500",10.10,"15,150.00"
2021-01-03,2021010304001258,LEMF,54,29,"1,500",10.10,"15,150.00"
2021-01-03,2021010304001321,LEMF,54,17,"1,000",10.10,"10,100.00"
2021-01-03,2021010304001538,LUK,47,49,"1,000",9.34,"9,340.00"
2021-01-03,2021010304001537,LUK,47,1,100,9.34,934.00
2021-01-03,2021010304001490,LUK,53,38,500,9.16,"4,580.00"
2021-01-03,2021010304001540,NBF2,41,36,500,9.85,"4,925.00"
2021-01-03,2021010304001372,NBF2,6,52,"5,050",9.90,"49,995.00"
2021-01-03,2021010304001360,NBF2,6,57,500,9.89,"4,945.00"
2021-01-03,2021010304001337,NBF2,41,52,"3,000",9.90,"29,700.00"
2021-01-03,2021010304001334,NBF2,41,52,"1,450",9.90,"14,355.00"
2021-01-03,2021010304001333,NBF2,41,45,100,9.90,990.00
2021-01-03,2021010304001332,NBF2,41,6,"1,000",9.90,"9,900.00"
2021-01-03,2021010304001331,NBF2,41,4,100,9.90,990.00
2021-01-03,2021010304001330,NBF2,41,11,350,9.90,"3,465.00"
2021-01-03,2021010304001709,NEF,13,17,414,10.12,"4,189.68"
2021-01-03,2021010304001659,NEF,36,38,441,10.13,"4,467.33"
2021-01-03,2021010304001654,NEF,37,38,"2,000",10.13,"20,260.00"
2021-01-03,2021010304001620,NEF,6,38,"5,000",10.13,"50,650.00"
2021-01-03,2021010304001619,NEF,37,49,"1,921",10.13,"19,459.73"
2021-01-03,2021010304001618,NEF,6,49,493,10.13,"4,994.09"
2021-01-03,2021010304001553,NEF,6,17,"2,414",10.13,"24,453.82"
2021-01-03,2021010304001552,NEF,41,42,724,10.18,"7,370.32"
2021-01-03,2021010304001549,NEF,41,57,966,10.17,"9,824.22"
2021-01-03,2021010304001436,NEF,6,41,966,10.13,"9,785.58"
2021-01-03,2021010304001561,NIBLPF,56,32,"1,475",10.35,"15,266.25"
2021-01-03,2021010304001560,NIBLPF,56,38,505,10.35,"5,226.75"
2021-01-03,2021010304001556,NIBLPF,56,55,"1,000",10.34,"10,340.00"
2021-01-03,2021010304001555,NIBLPF,56,34,505,10.34,"5,221.70"
2021-01-03,2021010304001541,NIBLPF,56,34,505,10.34,"5,221.70"
2021-01-03,2021010304001536,NIBLPF,26,47,"2,525",10.33,"26,083.25"
2021-01-03,2021010304001533,NIBLPF,11,17,500,10.34,"5,170.00"
2021-01-03,2021010304001532,NIBLPF,11,43,"1,515",10.34,"15,665.10"
2021-01-03,2021010304001474,NIBLPF,43,17,"1,000",10.34,"10,340.00"
2021-01-03,2021010304001365,NIBLPF,6,11,"1,263",10.30,"13,008.90"
2021-01-03,2021010304001339,NIBLPF,43,17,"1,000",10.34,"10,340.00"
2021-01-03,2021010304001668,NIBPO,11,32,300,460.00,"138,000.00"
2021-01-03,2021010304001610,NIBPO,26,17,166,461.00,"76,526.00"
2021-01-03,2021010304001595,NIBPO,11,17,200,460.00,"92,000.00"
2021-01-03,2021010304001554,NIBPO,44,14,"3,897",460.00,"1,792,620.00"
2021-01-03,2021010304001531,NIBPO,6,14,"1,015",460.00,"466,900.00"
2021-01-03,2021010304001530,NIBPO,6,14,485,460.00,"223,100.00"
2021-01-03,2021010304001246,NIBPO,16,46,25,456.00,"11,400.00"
2021-01-03,2021010304001306,NIBPO,16,42,"1,000",455.00,"455,000.00"
2021-01-03,2021010304001305,NIBPO,25,42,112,455.00,"50,960.00"
2021-01-03,2021010304001294,NIBPO,25,10,354,455.00,"161,070.00"
2021-01-03,2021010304001293,NIBPO,49,10,232,455.00,"105,560.00"
2021-01-03,2021010304001286,NIBPO,16,10,314,456.00,"143,184.00"
2021-01-03,2021010304001285,NIBPO,11,10,100,457.00,"45,700.00"
2021-01-03,2021010304001498,NIBPO,4,5,275,459.00,"126,225.00"
2021-01-03,2021010304001497,NIBPO,4,49,204,459.00,"93,636.00"
2021-01-03,2021010304001381,NIBPO,33,35,"53,000",455.00,"24,115,000.00"
2021-01-03,2021010304001380,NIBPO,34,35,"2,000",455.00,"910,000.00"
2021-01-03,2021010304001308,NIBPO,16,42,"1,000",455.00,"455,000.00"
2021-01-03,2021010304001307,NIBPO,8,42,200,455.00,"91,000.00"
2021-01-03,2021010304001637,NIBSF1,36,22,"3,000",11.45,"34,350.00"
2021-01-03,2021010304001636,NIBSF1,47,22,"3,500",11.45,"40,075.00"
2021-01-03,2021010304001635,NIBSF1,28,22,"2,500",11.45,"28,625.00"
2021-01-03,2021010304001652,NICAD8283,19,49,25,"1,140.00","28,500.00"
2021-01-03,2021010304001370,NICBF,6,57,100,10.09,"1,009.00"
2021-01-03,2021010304001257,NICBF,6,6,250,10.09,"2,522.50"
2021-01-03,2021010304001502,NICD83/84,17,6,50,"1,060.00","53,000.00"
2021-01-03,2021010304001626,NICGF,6,43,700,10.46,"7,322.00"
2021-01-03,2021010304001557,NICGF,6,36,"1,000",10.46,"10,460.00"
2021-01-03,2021010304001515,NICGF,6,49,300,10.46,"3,138.00"
2021-01-03,2021010304001351,NICGF,6,17,200,10.46,"2,092.00"
2021-01-03,2021010304001350,NICGF,11,17,300,10.46,"3,138.00"
2021-01-03,2021010304001245,NICGF,11,26,100,10.46,"1,046.00"
2021-01-03,2021010304001235,NICGF,11,56,500,10.46,"5,230.00"
2021-01-03,2021010304001382,NMB50,10,6,200,10.21,"2,042.00"
2021-01-03,2021010304001379,NMB50,10,56,100,10.21,"1,021.00"
2021-01-03,2021010304001694,NMBHF1,28,34,402,10.12,"4,068.24"
2021-01-03,2021010304001660,PCBLP,44,39,"11,565",169.00,"1,954,485.00"
2021-01-03,2021010304001653,PCBLP,44,39,"6,442",169.00,"1,088,698.00"
2021-01-03,2021010304001639,PCBLP,44,39,"4,302",169.00,"727,038.00"
2021-01-03,2021010304001548,PCBLP,32,39,"4,000",169.00,"676,000.00"
2021-01-03,2021010304001529,PCBLP,32,39,"5,000",166.00,"830,000.00"
2021-01-03,2021010304001461,PCBLP,52,39,"50,000",163.00,"8,150,000.00"
2021-01-03,2021010304001338,PCBLP,47,39,"8,120",160.00,"1,299,200.00"
2021-01-03,2021010304001319,PCBLP,39,48,"3,480",157.00,"546,360.00"
2021-01-03,2021010304001304,PCBLP,39,48,"50,000",154.00,"7,700,000.00"
2021-01-03,2021010304001647,RBCLPO,42,42,15,"14,511.00","217,665.00"
2021-01-03,2021010304001634,RBCLPO,42,51,20,"14,511.00","290,220.00"
2021-01-03,2021010304001633,RBCLPO,42,45,38,"14,311.00","543,818.00"
2021-01-03,2021010304001623,RBCLPO,28,45,10,"14,311.00","143,110.00"
2021-01-03,2021010304001584,RBCLPO,35,46,90,"14,227.00","1,280,430.00"
2021-01-03,2021010304001583,RBCLPO,35,59,20,"14,178.00","283,560.00"
2021-01-03,2021010304001508,RBCLPO,51,50,20,"14,000.00","280,000.00"
2021-01-03,2021010304001507,RBCLPO,51,28,70,"13,999.00","979,930.00"
2021-01-03,2021010304001420,RBCLPO,4,35,21,"13,950.00","292,950.00"
2021-01-03,2021010304001582,RBCLPO,35,32,50,"14,150.00","707,500.00"
2021-01-03,2021010304001581,RBCLPO,35,16,15,"14,150.00","212,250.00"
2021-01-03,2021010304001579,RBCLPO,51,32,40,"14,100.00","564,000.00"
2021-01-03,2021010304001547,RBCLPO,28,32,10,"14,100.00","141,000.00"
2021-01-03,2021010304001524,RBCLPO,51,3,15,"14,099.00","211,485.00"
2021-01-03,2021010304001523,RBCLPO,51,59,35,"14,098.00","493,430.00"
2021-01-03,2021010304001605,SAEF,57,41,"10,000",11.62,"116,200.00"
2021-01-03,2021010304001586,SAEF,42,38,342,11.68,"3,994.56"
2021-01-03,2021010304001431,SAEF,16,19,"1,300",11.63,"15,119.00"
2021-01-03,2021010304001430,SAEF,16,17,500,11.63,"5,815.00"
2021-01-03,2021010304001429,SAEF,16,38,"1,000",11.62,"11,620.00"
2021-01-03,2021010304001428,SAEF,16,14,"1,500",11.62,"17,430.00"
2021-01-03,2021010304001335,SAEF,36,49,500,11.51,"5,755.00"
2021-01-03,2021010304001282,SAEF,49,41,500,11.50,"5,750.00"
2021-01-03,2021010304001272,SAEF,49,7,"3,000",11.60,"34,800.00"
2021-01-03,2021010304001427,SAEF,16,39,700,11.62,"8,134.00"
2021-01-03,2021010304001423,SAEF,16,39,"4,300",11.62,"49,966.00"
2021-01-03,2021010304001422,SAEF,16,58,500,11.61,"5,805.00"
2021-01-03,2021010304001421,SAEF,16,33,200,11.60,"2,320.00"
2021-01-03,2021010304001362,SAEF,49,11,"5,000",11.50,"57,500.00"
2021-01-03,2021010304001336,SAEF,49,49,"4,500",11.50,"51,750.00"
2021-01-03,2021010304001543,SBLD2082,47,6,10,"1,070.00","10,700.00"
2021-01-03,2021010304001244,SEF,41,42,500,10.41,"5,205.00"
2021-01-03,2021010304001243,SEF,41,22,"2,745",10.41,"28,575.45"
2021-01-03,2021010304001242,SEF,41,22,"20,000",10.40,"208,000.00"
2021-01-03,2021010304001241,SEF,41,21,"2,000",10.40,"20,800.00"
2021-01-03,2021010304001240,SEF,41,38,500,10.40,"5,200.00"
2021-01-03,2021010304001239,SEF,41,57,"2,170",10.40,"22,568.00"
2021-01-03,2021010304001238,SEF,51,26,500,10.34,"5,170.00"
2021-01-03,2021010304001602,SFMF,49,22,"7,400",10.50,"77,700.00"
2021-01-03,2021010304001459,SFMF,49,42,600,10.50,"6,300.00"
2021-01-03,2021010304001276,SFMF,49,10,500,10.50,"5,250.00"
2021-01-03,2021010304001731,SGI,5,52,10,565.00,"5,650.00"
2021-01-03,2021010304001730,SGI,5,29,10,565.00,"5,650.00"
2021-01-03,2021010304001729,SGI,5,53,10,565.00,"5,650.00"
2021-01-03,2021010304001728,SGI,5,52,10,565.00,"5,650.00"
2021-01-03,2021010304001727,SGI,5,4,10,565.00,"5,650.00"
2021-01-03,2021010304001726,SGI,5,52,10,565.00,"5,650.00"
2021-01-03,2021010304001232,SGI,42,53,10,564.00,"5,640.00"
2021-01-03,2021010304001249,SGI,22,33,100,562.00,"56,200.00"
2021-01-03,2021010304001248,SGI,42,33,40,562.00,"22,480.00"
2021-01-03,2021010304001247,SGI,42,10,10,564.00,"5,640.00"
2021-01-03,2021010304001237,SGI,42,38,10,564.00,"5,640.00"
2021-01-03,2021010304001234,SGI,42,42,10,564.00,"5,640.00"
2021-01-03,2021010304001233,SGI,42,51,10,564.00,"5,640.00"
2021-01-03,2021010304001255,SGI,34,33,100,559.00,"55,900.00"
2021-01-03,2021010304001254,SGI,32,33,90,560.00,"50,400.00"
2021-01-03,2021010304001253,SGI,50,33,100,560.00,"56,000.00"
2021-01-03,2021010304001252,SGI,47,33,50,560.00,"28,000.00"
2021-01-03,2021010304001251,SGI,45,33,220,560.00,"123,200.00"
2021-01-03,2021010304001250,SGI,21,33,300,561.00,"168,300.00"
2021-01-03,2021010304001281,SGI,21,20,10,559.00,"5,590.00"
2021-01-03,2021010304001277,SGI,50,38,10,560.00,"5,600.00"
2021-01-03,2021010304001273,SGI,50,57,10,560.00,"5,600.00"
2021-01-03,2021010304001267,SGI,21,3,10,559.00,"5,590.00"
2021-01-03,2021010304001264,SGI,21,49,10,559.00,"5,590.00"
2021-01-03,2021010304001262,SGI,34,41,10,559.00,"5,590.00"
2021-01-03,2021010304001302,SGI,22,44,10,560.00,"5,600.00"
2021-01-03,2021010304001298,SGI,21,47,10,559.00,"5,590.00"
2021-01-03,2021010304001297,SGI,21,29,10,559.00,"5,590.00"
2021-01-03,2021010304001295,SGI,21,32,10,559.00,"5,590.00"
2021-01-03,2021010304001290,SGI,21,57,10,559.00,"5,590.00"
2021-01-03,2021010304001289,SGI,21,11,10,559.00,"5,590.00"
2021-01-03,2021010304001341,SGI,21,45,10,559.00,"5,590.00"
2021-01-03,2021010304001328,SGI,21,34,10,559.00,"5,590.00"
2021-01-03,2021010304001327,SGI,22,57,10,560.00,"5,600.00"
2021-01-03,2021010304001326,SGI,22,42,10,560.00,"5,600.00"
2021-01-03,2021010304001309,SGI,22,47,10,560.00,"5,600.00"
2021-01-03,2021010304001303,SGI,22,33,10,560.00,"5,600.00"
2021-01-03,2021010304001358,SGI,35,10,10,560.00,"5,600.00"
2021-01-03,2021010304001357,SGI,35,35,10,560.00,"5,600.00"
2021-01-03,2021010304001355,SGI,35,26,10,560.00,"5,600.00"
2021-01-03,2021010304001354,SGI,35,20,10,560.00,"5,600.00"
2021-01-03,2021010304001353,SGI,35,20,10,560.00,"5,600.00"
2021-01-03,2021010304001342,SGI,21,1,10,559.00,"5,590.00"
2021-01-03,2021010304001388,SGI,48,3,10,560.00,"5,600.00"
2021-01-03,2021010304001373,SGI,48,48,10,560.00,"5,600.00"
2021-01-03,2021010304001367,SGI,48,25,10,560.00,"5,600.00"
2021-01-03,2021010304001366,SGI,48,25,10,560.00,"5,600.00"
2021-01-03,2021010304001363,SGI,48,49,40,560.00,"22,400.00"
2021-01-03,2021010304001359,SGI,48,45,10,560.00,"5,600.00"
2021-01-03,2021010304001402,SGI,48,59,10,560.00,"5,600.00"
2021-01-03,2021010304001401,SGI,48,58,10,560.00,"5,600.00"
2021-01-03,2021010304001400,SGI,48,3,10,560.00,"5,600.00"
2021-01-03,2021010304001399,SGI,48,10,10,560.00,"5,600.00"
2021-01-03,2021010304001397,SGI,48,3,10,560.00,"5,600.00"
2021-01-03,2021010304001389,SGI,48,3,10,560.00,"5,600.00"
2021-01-03,2021010304001414,SGI,48,38,10,560.00,"5,600.00"
2021-01-03,2021010304001412,SGI,48,3,10,560.00,"5,600.00"
2021-01-03,2021010304001409,SGI,48,3,10,560.00,"5,600.00"
2021-01-03,2021010304001408,SGI,48,1,10,560.00,"5,600.00"
2021-01-03,2021010304001406,SGI,42,32,10,561.00,"5,610.00"
2021-01-03,2021010304001405,SGI,42,42,10,561.00,"5,610.00"
2021-01-03,2021010304001434,SGI,48,3,10,560.00,"5,600.00"
2021-01-03,2021010304001433,SGI,48,45,10,560.00,"5,600.00"
2021-01-03,2021010304001432,SGI,48,3,10,560.00,"5,600.00"
2021-01-03,2021010304001425,SGI,48,3,10,560.00,"5,600.00"
2021-01-03,2021010304001424,SGI,48,26,10,560.00,"5,600.00"
2021-01-03,2021010304001418,SGI,48,10,10,561.00,"5,610.00"
2021-01-03,2021010304001442,SGI,55,58,10,562.00,"5,620.00"
2021-01-03,2021010304001441,SGI,55,35,10,561.00,"5,610.00"
2021-01-03,2021010304001440,SGI,55,48,10,561.00,"5,610.00"
2021-01-03,2021010304001439,SGI,55,10,10,561.00,"5,610.00"
2021-01-03,2021010304001438,SGI,55,51,10,561.00,"5,610.00"
2021-01-03,2021010304001437,SGI,55,38,10,561.00,"5,610.00"
2021-01-03,2021010304001448,SGI,55,58,10,563.00,"5,630.00"
2021-01-03,2021010304001447,SGI,55,36,10,563.00,"5,630.00"
2021-01-03,2021010304001446,SGI,55,3,10,563.00,"5,630.00"
2021-01-03,2021010304001445,SGI,55,33,10,563.00,"5,630.00"
2021-01-03,2021010304001444,SGI,55,22,10,563.00,"5,630.00"
2021-01-03,2021010304001443,SGI,55,56,10,562.00,"5,620.00"
2021-01-03,2021010304001455,SGI,48,3,10,560.00,"5,600.00"
2021-01-03,2021010304001453,SGI,48,3,10,560.00,"5,600.00"
2021-01-03,2021010304001452,SGI,55,53,10,564.00,"5,640.00"
2021-01-03,2021010304001451,SGI,55,41,10,564.00,"5,640.00"
2021-01-03,2021010304001450,SGI,55,58,10,564.00,"5,640.00"
2021-01-03,2021010304001449,SGI,55,1,10,564.00,"5,640.00"
2021-01-03,2021010304001493,SGI,48,3,10,560.00,"5,600.00"
2021-01-03,2021010304001488,SGI,57,17,10,561.00,"5,610.00"
2021-01-03,2021010304001487,SGI,57,11,10,561.00,"5,610.00"
2021-01-03,2021010304001469,SGI,48,3,10,560.00,"5,600.00"
2021-01-03,2021010304001460,SGI,48,3,10,560.00,"5,600.00"
2021-01-03,2021010304001456,SGI,48,3,10,560.00,"5,600.00"
2021-01-03,2021010304001510,SGI,59,48,10,561.00,"5,610.00"
2021-01-03,2021010304001504,SGI,48,3,10,560.00,"5,600.00"
2021-01-03,2021010304001503,SGI,48,3,10,560.00,"5,600.00"
2021-01-03,2021010304001501,SGI,48,18,10,560.00,"5,600.00"
2021-01-03,2021010304001499,SGI,48,3,10,560.00,"5,600.00"
2021-01-03,2021010304001494,SGI,48,6,10,560.00,"5,600.00"
2021-01-03,2021010304001525,SGI,48,3,10,560.00,"5,600.00"
2021-01-03,2021010304001518,SGI,48,3,10,560.00,"5,600.00"
2021-01-03,2021010304001514,SGI,59,51,10,561.00,"5,610.00"
2021-01-03,2021010304001513,SGI,59,38,10,561.00,"5,610.00"
2021-01-03,2021010304001512,SGI,59,13,10,561.00,"5,610.00"
2021-01-03,2021010304001511,SGI,59,32,10,561.00,"5,610.00"
2021-01-03,2021010304001564,SGI,32,16,10,561.00,"5,610.00"
2021-01-03,2021010304001550,SGI,42,14,10,561.00,"5,610.00"
2021-01-03,2021010304001544,SGI,53,41,10,561.00,"5,610.00"
2021-01-03,2021010304001528,SGI,21,53,10,564.00,"5,640.00"
2021-01-03,2021010304001527,SGI,21,42,10,564.00,"5,640.00"
2021-01-03,2021010304001526,SGI,21,52,10,564.00,"5,640.00"
2021-01-03,2021010304001571,SGI,19,53,100,560.00,"56,000.00"
2021-01-03,2021010304001570,SGI,48,53,130,560.00,"72,800.00"
2021-01-03,2021010304001569,SGI,54,53,150,561.00,"84,150.00"
2021-01-03,2021010304001567,SGI,32,40,10,561.00,"5,610.00"
2021-01-03,2021010304001566,SGI,32,6,10,561.00,"5,610.00"
2021-01-03,2021010304001565,SGI,32,16,10,561.00,"5,610.00"
2021-01-03,2021010304001587,SGI,52,20,10,560.00,"5,600.00"
2021-01-03,2021010304001585,SGI,52,41,10,560.00,"5,600.00"
2021-01-03,2021010304001575,SGI,6,22,10,560.00,"5,600.00"
2021-01-03,2021010304001574,SGI,47,53,35,560.00,"19,600.00"
2021-01-03,2021010304001573,SGI,22,53,50,560.00,"28,000.00"
2021-01-03,2021010304001572,SGI,28,53,35,560.00,"19,600.00"
2021-01-03,2021010304001599,SGI,5,46,10,561.00,"5,610.00"
2021-01-03,2021010304001598,SGI,5,46,20,561.00,"11,220.00"
2021-01-03,2021010304001596,SGI,52,32,10,560.00,"5,600.00"
2021-01-03,2021010304001594,SGI,48,46,80,561.00,"44,880.00"
2021-01-03,2021010304001593,SGI,48,16,10,561.00,"5,610.00"
2021-01-03,2021010304001592,SGI,48,16,10,561.00,"5,610.00"
2021-01-03,2021010304001624,SGI,44,42,10,562.00,"5,620.00"
2021-01-03,2021010304001616,SGI,44,54,10,562.00,"5,620.00"
2021-01-03,2021010304001615,SGI,44,7,10,562.00,"5,620.00"
2021-01-03,2021010304001609,SGI,5,6,10,561.00,"5,610.00"
2021-01-03,2021010304001601,SGI,5,50,10,561.00,"5,610.00"
2021-01-03,2021010304001600,SGI,5,21,10,561.00,"5,610.00"
2021-01-03,2021010304001644,SGI,44,10,10,562.00,"5,620.00"
2021-01-03,2021010304001642,SGI,44,26,10,562.00,"5,620.00"
2021-01-03,2021010304001640,SGI,44,36,10,562.00,"5,620.00"
2021-01-03,2021010304001638,SGI,44,38,10,562.00,"5,620.00"
2021-01-03,2021010304001628,SGI,44,26,10,562.00,"5,620.00"
2021-01-03,2021010304001627,SGI,44,53,10,562.00,"5,620.00"
2021-01-03,2021010304001663,SGI,4,48,10,563.00,"5,630.00"
2021-01-03,2021010304001661,SGI,4,38,10,563.00,"5,630.00"
2021-01-03,2021010304001655,SGI,21,57,10,564.00,"5,640.00"
2021-01-03,2021010304001648,SGI,44,32,10,562.00,"5,620.00"
2021-01-03,2021010304001646,SGI,44,38,10,562.00,"5,620.00"
2021-01-03,2021010304001645,SGI,44,44,10,562.00,"5,620.00"
2021-01-03,2021010304001671,SGI,45,52,10,563.00,"5,630.00"
2021-01-03,2021010304001670,SGI,45,42,10,563.00,"5,630.00"
2021-01-03,2021010304001669,SGI,45,55,10,563.00,"5,630.00"
2021-01-03,2021010304001666,SGI,4,43,10,563.00,"5,630.00"
2021-01-03,2021010304001665,SGI,4,49,10,563.00,"5,630.00"
2021-01-03,2021010304001664,SGI,4,32,10,563.00,"5,630.00"
2021-01-03,2021010304001689,SGI,45,32,10,563.00,"5,630.00"
2021-01-03,2021010304001677,SGI,45,55,10,563.00,"5,630.00"
2021-01-03,2021010304001676,SGI,45,39,10,563.00,"5,630.00"
2021-01-03,2021010304001675,SGI,45,55,10,563.00,"5,630.00"
2021-01-03,2021010304001673,SGI,45,55,10,563.00,"5,630.00"
2021-01-03,2021010304001672,SGI,45,32,10,563.00,"5,630.00"
2021-01-03,2021010304001703,SGI,45,45,10,563.00,"5,630.00"
2021-01-03,2021010304001702,SGI,45,21,10,563.00,"5,630.00"
2021-01-03,2021010304001701,SGI,45,58,10,563.00,"5,630.00"
2021-01-03,2021010304001695,SGI,45,49,10,563.00,"5,630.00"
2021-01-03,2021010304001693,SGI,45,32,10,563.00,"5,630.00"
2021-01-03,2021010304001690,SGI,45,55,10,563.00,"5,630.00"
2021-01-03,2021010304001713,SGI,5,51,10,565.00,"5,650.00"
2021-01-03,2021010304001712,SGI,25,34,10,564.00,"5,640.00"
2021-01-03,2021010304001710,SGI,25,42,10,564.00,"5,640.00"
2021-01-03,2021010304001708,SGI,25,6,10,564.00,"5,640.00"
2021-01-03,2021010304001707,SGI,25,6,10,564.00,"5,640.00"
2021-01-03,2021010304001705,SGI,45,35,10,563.00,"5,630.00"
2021-01-03,2021010304001719,SGI,5,6,30,565.00,"16,950.00"
2021-01-03,2021010304001718,SGI,5,45,10,565.00,"5,650.00"
2021-01-03,2021010304001717,SGI,5,17,10,565.00,"5,650.00"
2021-01-03,2021010304001716,SGI,5,46,10,565.00,"5,650.00"
2021-01-03,2021010304001715,SGI,5,17,10,565.00,"5,650.00"
2021-01-03,2021010304001714,SGI,5,45,10,565.00,"5,650.00"
2021-01-03,2021010304001725,SGI,5,28,10,565.00,"5,650.00"
2021-01-03,2021010304001724,SGI,5,47,10,565.00,"5,650.00"
2021-01-03,2021010304001723,SGI,5,44,10,565.00,"5,650.00"
2021-01-03,2021010304001722,SGI,5,57,10,565.00,"5,650.00"
2021-01-03,2021010304001721,SGI,5,42,10,565.00,"5,650.00"
2021-01-03,2021010304001720,SGI,5,52,10,565.00,"5,650.00"
2021-01-03,2021010304001457,SRBLD83,17,6,335,"1,065.00","356,775.00"
2021-01-03,2021010304001706,STC,38,45,10,"6,909.00","69,090.00"
2021-01-03,2021010304001629,STC,38,48,10,"6,909.00","69,090.00"
2021-01-03,2021010304001299,STC,28,38,10,"6,909.00","69,090.00"
2021-01-03,2021010304001256,STC,32,52,10,"6,909.00","69,090.00"
2021-01-03,2021010304001135,BBC,22,57,10,"2,795.00","27,950.00"
2021-01-03,2021010304001017,BBC,45,51,25,"2,790.00","69,750.00"
2021-01-03,2021010304000985,BBC,45,55,60,"2,790.00","167,400.00"
2021-01-03,2021010304000984,BBC,45,48,110,"2,790.00","306,900.00"
2021-01-03,2021010304000967,BBC,40,20,100,"2,800.00","280,000.00"
2021-01-03,2021010304000951,BBC,5,20,50,"2,800.00","140,000.00"
2021-01-03,2021010304000763,BBC,11,5,10,"2,800.00","28,000.00"
2021-01-03,2021010304000762,BBC,11,48,30,"2,800.00","84,000.00"
2021-01-03,2021010304000761,BBC,11,48,10,"2,793.00","27,930.00"
2021-01-03,2021010304000760,BBC,11,17,10,"2,765.00","27,650.00"
2021-01-03,2021010304000739,BBC,43,48,40,"2,760.00","110,400.00"
2021-01-03,2021010304000732,BBC,17,48,10,"2,760.00","27,600.00"
2021-01-03,2021010304000950,BBC,47,11,50,"2,795.00","139,750.00"
2021-01-03,2021010304000917,BBC,5,55,10,"2,798.00","27,980.00"
2021-01-03,2021010304000794,BBC,11,20,50,"2,800.00","140,000.00"
2021-01-03,2021010304000774,BBC,11,48,60,"2,815.00","168,900.00"
2021-01-03,2021010304000765,BBC,11,48,20,"2,815.00","56,300.00"
2021-01-03,2021010304000764,BBC,11,48,10,"2,803.00","28,030.00"
2021-01-03,2021010304001132,CCBLPO,44,29,"27,000",112.00,"3,024,000.00"
2021-01-03,2021010304001214,CMF1,50,26,100,9.85,985.00
2021-01-03,2021010304001117,CMF1,19,7,"15,000",9.90,"148,500.00"
2021-01-03,2021010304001106,CMF1,44,35,"9,000",10.00,"90,000.00"
2021-01-03,2021010304001105,CMF1,44,57,"1,000",9.90,"9,900.00"
2021-01-03,2021010304000766,CMF1,26,33,"1,650",9.89,"16,318.50"
2021-01-03,2021010304000747,CMF1,21,33,850,9.90,"8,415.00"
2021-01-03,2021010304000970,GBD80/81,11,29,30,"1,065.00","31,950.00"
2021-01-03,2021010304001208,GIC,22,21,10,540.00,"5,400.00"
2021-01-03,2021010304001207,GIC,22,22,10,540.00,"5,400.00"
2021-01-03,2021010304001206,GIC,22,55,10,540.00,"5,400.00"
2021-01-03,2021010304001204,GIC,22,42,10,540.00,"5,400.00"
2021-01-03,2021010304001203,GIC,22,58,10,540.00,"5,400.00"
2021-01-03,2021010304001189,GIC,22,38,10,540.00,"5,400.00"
2021-01-03,2021010304000733,GIC,41,55,10,540.00,"5,400.00"
2021-01-03,2021010304000750,GIC,38,6,10,540.00,"5,400.00"
2021-01-03,2021010304000748,GIC,38,55,10,540.00,"5,400.00"
2021-01-03,2021010304000746,GIC,41,59,10,540.00,"5,400.00"
2021-01-03,2021010304000740,GIC,41,55,10,540.00,"5,400.00"
2021-01-03,2021010304000735,GIC,41,41,10,540.00,"5,400.00"
2021-01-03,2021010304000734,GIC,41,45,10,540.00,"5,400.00"
2021-01-03,2021010304000787,GIC,49,19,10,540.00,"5,400.00"
2021-01-03,2021010304000784,GIC,58,6,10,541.00,"5,410.00"
2021-01-03,2021010304000783,GIC,58,58,10,541.00,"5,410.00"
2021-01-03,2021010304000782,GIC,38,42,10,540.00,"5,400.00"
2021-01-03,2021010304000770,GIC,38,6,10,540.00,"5,400.00"
2021-01-03,2021010304000752,GIC,38,32,10,540.00,"5,400.00"
2021-01-03,2021010304000807,GIC,46,38,10,543.00,"5,430.00"
2021-01-03,2021010304000806,GIC,46,8,10,543.00,"5,430.00"
2021-01-03,2021010304000805,GIC,46,6,30,543.00,"16,290.00"
2021-01-03,2021010304000804,GIC,46,52,10,543.00,"5,430.00"
2021-01-03,2021010304000803,GIC,46,22,10,542.00,"5,420.00"
2021-01-03,2021010304000802,GIC,45,58,105,541.00,"56,805.00"
2021-01-03,2021010304000813,GIC,46,4,10,544.00,"5,440.00"
2021-01-03,2021010304000812,GIC,46,38,60,544.00,"32,640.00"
2021-01-03,2021010304000811,GIC,46,11,10,544.00,"5,440.00"
2021-01-03,2021010304000810,GIC,46,45,10,543.00,"5,430.00"
2021-01-03,2021010304000809,GIC,46,45,100,543.00,"54,300.00"
2021-01-03,2021010304000808,GIC,46,11,10,543.00,"5,430.00"
2021-01-03,2021010304000819,GIC,46,42,10,545.00,"5,450.00"
2021-01-03,2021010304000818,GIC,46,48,10,545.00,"5,450.00"
2021-01-03,2021010304000817,GIC,46,45,10,545.00,"5,450.00"
2021-01-03,2021010304000816,GIC,46,21,10,545.00,"5,450.00"
2021-01-03,2021010304000815,GIC,46,46,10,544.00,"5,440.00"
2021-01-03,2021010304000814,GIC,46,25,10,544.00,"5,440.00"
2021-01-03,2021010304000825,GIC,46,59,10,545.00,"5,450.00"
2021-01-03,2021010304000824,GIC,46,26,10,545.00,"5,450.00"
2021-01-03,2021010304000823,GIC,46,57,10,545.00,"5,450.00"
2021-01-03,2021010304000822,GIC,46,21,10,545.00,"5,450.00"
2021-01-03,2021010304000821,GIC,46,45,10,545.00,"5,450.00"
2021-01-03,2021010304000820,GIC,46,58,10,545.00,"5,450.00"
2021-01-03,2021010304000831,GIC,46,38,60,545.00,"32,700.00"
2021-01-03,2021010304000830,GIC,46,38,10,545.00,"5,450.00"
2021-01-03,2021010304000829,GIC,46,58,10,545.00,"5,450.00"
2021-01-03,2021010304000828,GIC,46,52,10,545.00,"5,450.00"
2021-01-03,2021010304000827,GIC,46,21,10,545.00,"5,450.00"
2021-01-03,2021010304000826,GIC,46,29,10,545.00,"5,450.00"
2021-01-03,2021010304000845,GIC,53,6,10,541.00,"5,410.00"
2021-01-03,2021010304000844,GIC,53,58,10,541.00,"5,410.00"
2021-01-03,2021010304000840,GIC,53,6,10,541.00,"5,410.00"
2021-01-03,2021010304000839,GIC,53,37,10,541.00,"5,410.00"
2021-01-03,2021010304000836,GIC,49,6,10,540.00,"5,400.00"
2021-01-03,2021010304000833,GIC,49,6,10,540.00,"5,400.00"
2021-01-03,2021010304000856,GIC,53,50,10,541.00,"5,410.00"
2021-01-03,2021010304000854,GIC,53,35,10,541.00,"5,410.00"
2021-01-03,2021010304000853,GIC,53,21,10,541.00,"5,410.00"
2021-01-03,2021010304000851,GIC,53,6,10,541.00,"5,410.00"
2021-01-03,2021010304000849,GIC,53,50,10,541.00,"5,410.00"
2021-01-03,2021010304000848,GIC,53,59,10,541.00,"5,410.00"
2021-01-03,2021010304000873,GIC,53,22,10,541.00,"5,410.00"
2021-01-03,2021010304000872,GIC,53,58,10,541.00,"5,410.00"
2021-01-03,2021010304000869,GIC,53,38,10,541.00,"5,410.00"
2021-01-03,2021010304000865,GIC,53,42,10,541.00,"5,410.00"
2021-01-03,2021010304000864,GIC,53,50,10,541.00,"5,410.00"
2021-01-03,2021010304000863,GIC,53,42,10,541.00,"5,410.00"
2021-01-03,2021010304000881,GIC,53,17,10,541.00,"5,410.00"
2021-01-03,2021010304000879,GIC,53,17,10,541.00,"5,410.00"
2021-01-03,2021010304000878,GIC,53,36,10,541.00,"5,410.00"
2021-01-03,2021010304000877,GIC,53,45,10,541.00,"5,410.00"
2021-01-03,2021010304000876,GIC,53,18,10,541.00,"5,410.00"
2021-01-03,2021010304000874,GIC,53,42,10,541.00,"5,410.00"
2021-01-03,2021010304000905,GIC,53,1,10,541.00,"5,410.00"
2021-01-03,2021010304000903,GIC,33,38,10,542.00,"5,420.00"
2021-01-03,2021010304000896,GIC,53,58,10,541.00,"5,410.00"
2021-01-03,2021010304000886,GIC,53,17,10,541.00,"5,410.00"
2021-01-03,2021010304000885,GIC,53,49,10,541.00,"5,410.00"
2021-01-03,2021010304000884,GIC,53,58,10,541.00,"5,410.00"
2021-01-03,2021010304000920,GIC,53,16,10,541.00,"5,410.00"
2021-01-03,2021010304000918,GIC,53,6,10,541.00,"5,410.00"
2021-01-03,2021010304000915,GIC,53,32,10,541.00,"5,410.00"
2021-01-03,2021010304000909,GIC,16,55,10,542.00,"5,420.00"
2021-01-03,2021010304000908,GIC,16,42,10,542.00,"5,420.00"
2021-01-03,2021010304000906,GIC,53,8,10,541.00,"5,410.00"
2021-01-03,2021010304000943,GIC,53,58,10,541.00,"5,410.00"
2021-01-03,2021010304000932,GIC,53,45,10,541.00,"5,410.00"
2021-01-03,2021010304000927,GIC,53,42,10,541.00,"5,410.00"
2021-01-03,2021010304000924,GIC,53,45,10,541.00,"5,410.00"
2021-01-03,2021010304000922,GIC,53,28,10,541.00,"5,410.00"
2021-01-03,2021010304000921,GIC,53,22,10,541.00,"5,410.00"
2021-01-03,2021010304000971,GIC,53,39,10,541.00,"5,410.00"
2021-01-03,2021010304000965,GIC,53,57,10,541.00,"5,410.00"
2021-01-03,2021010304000962,GIC,53,55,10,541.00,"5,410.00"
2021-01-03,2021010304000961,GIC,53,22,10,541.00,"5,410.00"
2021-01-03,2021010304000954,GIC,53,53,10,541.00,"5,410.00"
2021-01-03,2021010304000953,GIC,53,18,10,541.00,"5,410.00"
2021-01-03,2021010304001001,GIC,53,49,10,541.00,"5,410.00"
2021-01-03,2021010304001000,GIC,53,22,10,541.00,"5,410.00"
2021-01-03,2021010304000986,GIC,53,17,10,541.00,"5,410.00"
2021-01-03,2021010304000979,GIC,53,58,10,541.00,"5,410.00"
2021-01-03,2021010304000976,GIC,53,53,10,541.00,"5,410.00"
2021-01-03,2021010304000974,GIC,53,39,10,541.00,"5,410.00"
2021-01-03,2021010304001026,GIC,49,34,10,541.00,"5,410.00"
2021-01-03,2021010304001025,GIC,49,17,10,541.00,"5,410.00"
2021-01-03,2021010304001018,GIC,49,34,10,541.00,"5,410.00"
2021-01-03,2021010304001013,GIC,49,45,10,541.00,"5,410.00"
2021-01-03,2021010304001010,GIC,49,44,10,541.00,"5,410.00"
2021-01-03,2021010304001008,GIC,53,46,10,541.00,"5,410.00"
2021-01-03,2021010304001046,GIC,49,32,10,540.00,"5,400.00"
2021-01-03,2021010304001039,GIC,49,50,10,540.00,"5,400.00"
2021-01-03,2021010304001035,GIC,49,58,10,540.00,"5,400.00"
2021-01-03,2021010304001033,GIC,49,57,10,540.00,"5,400.00"
2021-01-03,2021010304001030,GIC,49,57,40,541.00,"21,640.00"
2021-01-03,2021010304001029,GIC,49,13,10,541.00,"5,410.00"
2021-01-03,2021010304001078,GIC,55,57,10,540.00,"5,400.00"
2021-01-03,2021010304001070,GIC,3,57,10,540.00,"5,400.00"
2021-01-03,2021010304001068,GIC,3,52,10,540.00,"5,400.00"
2021-01-03,2021010304001060,GIC,49,58,10,540.00,"5,400.00"
2021-01-03,2021010304001058,GIC,49,39,10,540.00,"5,400.00"
2021-01-03,2021010304001053,GIC,49,39,10,540.00,"5,400.00"
2021-01-03,2021010304001093,GIC,55,13,10,540.00,"5,400.00"
2021-01-03,2021010304001089,GIC,55,22,10,540.00,"5,400.00"
2021-01-03,2021010304001088,GIC,55,28,10,540.00,"5,400.00"
2021-01-03,2021010304001085,GIC,55,39,10,540.00,"5,400.00"
2021-01-03,2021010304001084,GIC,55,16,10,540.00,"5,400.00"
2021-01-03,2021010304001083,GIC,55,58,10,540.00,"5,400.00"
2021-01-03,2021010304001103,GIC,22,47,10,541.00,"5,410.00"
2021-01-03,2021010304001100,GIC,22,47,10,541.00,"5,410.00"
2021-01-03,2021010304001097,GIC,22,45,10,541.00,"5,410.00"
2021-01-03,2021010304001096,GIC,22,6,10,541.00,"5,410.00"
2021-01-03,2021010304001095,GIC,22,57,10,541.00,"5,410.00"
2021-01-03,2021010304001094,GIC,55,48,10,540.00,"5,400.00"
2021-01-03,2021010304001126,GIC,6,38,10,542.00,"5,420.00"
2021-01-03,2021010304001125,GIC,6,7,10,541.00,"5,410.00"
2021-01-03,2021010304001124,GIC,6,41,10,541.00,"5,410.00"
2021-01-03,2021010304001111,GIC,47,58,10,540.00,"5,400.00"
2021-01-03,2021010304001110,GIC,55,57,10,540.00,"5,400.00"
2021-01-03,2021010304001108,GIC,55,28,10,540.00,"5,400.00"
2021-01-03,2021010304001133,GIC,47,39,10,540.00,"5,400.00"
2021-01-03,2021010304001131,GIC,6,41,10,542.00,"5,420.00"
2021-01-03,2021010304001130,GIC,6,45,10,542.00,"5,420.00"
2021-01-03,2021010304001129,GIC,6,51,10,542.00,"5,420.00"
2021-01-03,2021010304001128,GIC,6,38,10,542.00,"5,420.00"
2021-01-03,2021010304001127,GIC,6,42,10,542.00,"5,420.00"
2021-01-03,2021010304001162,GIC,22,10,10,540.00,"5,400.00"
2021-01-03,2021010304001160,GIC,7,10,10,541.00,"5,410.00"
2021-01-03,2021010304001157,GIC,7,43,10,541.00,"5,410.00"
2021-01-03,2021010304001150,GIC,7,48,10,541.00,"5,410.00"
2021-01-03,2021010304001139,GIC,7,6,70,541.00,"37,870.00"
2021-01-03,2021010304001134,GIC,47,32,10,540.00,"5,400.00"
2021-01-03,2021010304001183,GIC,22,48,10,540.00,"5,400.00"
2021-01-03,2021010304001175,GIC,6,38,10,543.00,"5,430.00"
2021-01-03,2021010304001174,GIC,6,49,10,542.00,"5,420.00"
2021-01-03,2021010304001173,GIC,6,49,10,542.00,"5,420.00"
2021-01-03,2021010304001172,GIC,6,53,10,542.00,"5,420.00"
2021-01-03,2021010304001163,GIC,22,8,10,540.00,"5,400.00"
2021-01-03,2021010304001205,GIMES1,49,42,400,11.63,"4,652.00"
2021-01-03,2021010304001197,GIMES1,49,47,"50,000",11.63,"581,500.00"
2021-01-03,2021010304001196,GIMES1,49,22,"2,500",11.61,"29,025.00"
2021-01-03,2021010304001195,GIMES1,49,34,"2,500",11.60,"29,000.00"
2021-01-03,2021010304001194,GIMES1,49,7,"4,600",11.60,"53,360.00"
2021-01-03,2021010304001193,GIMES1,49,49,"5,000",11.59,"57,950.00"
2021-01-03,2021010304000768,GIMES1,11,47,"10,000",11.55,"115,500.00"
2021-01-03,2021010304001147,GIMES1,21,7,"5,400",11.60,"62,640.00"
2021-01-03,2021010304001123,GIMES1,21,34,"4,600",11.51,"52,946.00"
2021-01-03,2021010304001086,GIMES1,29,34,100,11.51,"1,151.00"
2021-01-03,2021010304001071,GIMES1,21,34,300,11.51,"3,453.00"
2021-01-03,2021010304001067,GIMES1,21,34,"5,000",11.51,"57,550.00"
2021-01-03,2021010304001066,GIMES1,21,34,"4,700",11.51,"54,097.00"
2021-01-03,2021010304001006,KBLD86,26,13,25,"1,056.00","26,400.00"
2021-01-03,2021010304001112,LEMF,54,41,"2,000",10.10,"20,200.00"
2021-01-03,2021010304000919,LEMF,6,20,"5,000",10.10,"50,500.00"
2021-01-03,2021010304001062,LUK,53,52,100,9.16,916.00
2021-01-03,2021010304000972,LUK,53,45,100,9.16,916.00
2021-01-03,2021010304000907,LUK,53,38,100,9.16,916.00
2021-01-03,2021010304000744,LUK,53,38,100,9.16,916.00
2021-01-03,2021010304001181,NBF2,11,28,"1,000",9.90,"9,900.00"
2021-01-03,2021010304001180,NBF2,11,6,100,9.90,990.00
2021-01-03,2021010304001179,NBF2,11,5,200,9.90,"1,980.00"
2021-01-03,2021010304001019,NBF2,6,51,"1,000",9.82,"9,820.00"
2021-01-03,2021010304000888,NBF2,6,52,100,9.82,982.00
2021-01-03,2021010304001187,NEF,6,55,"1,127",10.13,"11,416.51"
2021-01-03,2021010304001146,NEF,6,17,"2,000",10.20,"20,400.00"
2021-01-03,2021010304001145,NEF,6,17,"2,414",10.20,"24,622.80"
2021-01-03,2021010304001144,NEF,6,38,966,10.20,"9,853.20"
2021-01-03,2021010304001143,NEF,6,55,"3,141",10.20,"32,038.20"
2021-01-03,2021010304001142,NEF,6,17,"1,127",10.20,"11,495.40"
2021-01-03,2021010304000923,NEF,13,28,966,10.10,"9,756.60"
2021-01-03,2021010304000916,NEF,13,35,"1,900",10.10,"19,190.00"
2021-01-03,2021010304000749,NEF,13,14,869,10.10,"8,776.90"
2021-01-03,2021010304001141,NEF,6,22,"11,127",10.20,"113,495.40"
2021-01-03,2021010304001140,NEF,6,49,"3,380",10.19,"34,442.20"
2021-01-03,2021010304001092,NEF,13,49,483,10.12,"4,887.96"
2021-01-03,2021010304000963,NEF,6,57,531,10.11,"5,368.41"
2021-01-03,2021010304000936,NEF,6,46,"2,414",10.11,"24,405.54"
2021-01-03,2021010304000926,NEF,6,58,900,10.11,"9,099.00"
2021-01-03,2021010304001137,NIBLPF,6,45,"2,525",10.30,"26,007.50"
2021-01-03,2021010304001120,NIBLPF,6,45,"2,475",10.30,"25,492.50"
2021-01-03,2021010304001119,NIBLPF,6,45,"2,525",10.30,"26,007.50"
2021-01-03,2021010304001072,NIBLPF,56,35,505,10.29,"5,196.45"
2021-01-03,2021010304000952,NIBLPF,6,47,"20,000",10.33,"206,600.00"
2021-01-03,2021010304000938,NIBLPF,6,39,"3,008",10.30,"30,982.40"
2021-01-03,2021010304000935,NIBLPF,56,28,505,10.27,"5,186.35"
2021-01-03,2021010304000835,NIBLPF,49,49,"300,000",10.30,"3,090,000.00"
2021-01-03,2021010304000788,NIBLPF,6,45,"1,301",10.26,"13,348.26"
2021-01-03,2021010304000753,NIBLPF,6,14,909,10.26,"9,326.34"
2021-01-03,2021010304001186,NIBPO,16,21,661,456.00,"301,416.00"
2021-01-03,2021010304001185,NIBPO,16,21,"1,000",456.00,"456,000.00"
2021-01-03,2021010304001184,NIBPO,11,21,339,457.00,"154,923.00"
2021-01-03,2021010304001155,NIBPO,11,42,"4,661",457.00,"2,130,077.00"
2021-01-03,2021010304001154,NIBPO,16,42,974,458.00,"446,092.00"
2021-01-03,2021010304001153,NIBPO,6,42,300,458.00,"137,400.00"
2021-01-03,2021010304000742,NIBPO,16,4,528,459.00,"242,352.00"
2021-01-03,2021010304000741,NIBPO,16,26,300,458.00,"137,400.00"
2021-01-03,2021010304000778,NIBPO,16,49,200,460.00,"92,000.00"
2021-01-03,2021010304000777,NIBPO,16,22,131,460.00,"60,260.00"
2021-01-03,2021010304000776,NIBPO,16,42,"1,500",460.00,"690,000.00"
2021-01-03,2021010304000775,NIBPO,16,48,152,460.00,"69,920.00"
2021-01-03,2021010304000751,NIBPO,16,3,500,459.00,"229,500.00"
2021-01-03,2021010304000743,NIBPO,16,37,510,459.00,"234,090.00"
2021-01-03,2021010304000969,NIBPO,6,14,400,460.00,"184,000.00"
2021-01-03,2021010304000968,NIBPO,6,13,100,459.00,"45,900.00"
2021-01-03,2021010304000846,NIBPO,4,14,"1,000",460.00,"460,000.00"
2021-01-03,2021010304000834,NIBPO,16,55,43,456.00,"19,608.00"
2021-01-03,2021010304000801,NIBPO,32,55,"1,000",459.00,"459,000.00"
2021-01-03,2021010304000800,NIBPO,16,55,162,459.00,"74,358.00"
2021-01-03,2021010304001152,NIBPO,37,42,300,459.00,"137,700.00"
2021-01-03,2021010304001151,NIBPO,6,42,765,459.00,"351,135.00"
2021-01-03,2021010304001148,NIBPO,6,42,235,459.00,"107,865.00"
2021-01-03,2021010304001043,NIBPO,6,11,200,458.00,"91,600.00"
2021-01-03,2021010304000999,NIBPO,11,14,"3,600",460.00,"1,656,000.00"
2021-01-03,2021010304000998,NIBPO,11,49,100,459.00,"45,900.00"
2021-01-03,2021010304000937,NIBSF1,6,6,"10,000",11.46,"114,600.00"
2021-01-03,2021010304000780,NIBSF1,28,42,"2,500",11.45,"28,625.00"
2021-01-03,2021010304000904,NICAD8283,19,29,30,"1,140.00","34,200.00"
2021-01-03,2021010304001080,NICBF,6,51,200,10.09,"2,018.00"
2021-01-03,2021010304001027,NICBF,6,34,200,10.09,"2,018.00"
2021-01-03,2021010304000947,NICBF,6,56,100,10.09,"1,009.00"
2021-01-03,2021010304000946,NICBF,6,58,"1,000",10.09,"10,090.00"
2021-01-03,2021010304000945,NICBF,6,25,100,10.09,"1,009.00"
2021-01-03,2021010304000944,NICBF,6,34,200,10.00,"2,000.00"
2021-01-03,2021010304000899,NICBF,17,52,100,9.95,995.00
2021-01-03,2021010304001217,NICGF,11,26,100,10.46,"1,046.00"
2021-01-03,2021010304001015,NICGF,11,51,500,10.46,"5,230.00"
2021-01-03,2021010304000900,NICGF,11,42,"4,000",10.46,"41,840.00"
2021-01-03,2021010304001098,NMB50,44,22,"10,000",10.30,"103,000.00"
2021-01-03,2021010304000983,NMB50,6,22,"20,000",10.30,"206,000.00"
2021-01-03,2021010304000982,NMB50,6,34,"10,000",10.30,"103,000.00"
2021-01-03,2021010304000895,NMB50,56,22,"5,000",10.20,"51,000.00"
2021-01-03,2021010304001164,NMBHF1,13,17,"4,161",10.11,"42,067.71"
2021-01-03,2021010304000914,NMBHF1,17,35,"3,097",10.10,"31,279.70"
2021-01-03,2021010304000913,NMBHF1,13,35,903,10.15,"9,165.45"
2021-01-03,2021010304000860,NMBHF1,41,51,"1,322",10.18,"13,457.96"
2021-01-03,2021010304000859,NMBHF1,41,52,"4,161",10.17,"42,317.37"
2021-01-03,2021010304000758,NMBHF1,13,14,666,10.15,"6,759.90"
2021-01-03,2021010304001064,RBCLPO,51,7,50,"13,900.00","695,000.00"
2021-01-03,2021010304000940,RBCLPO,17,19,10,"13,949.00","139,490.00"
2021-01-03,2021010304001220,SAEF,49,39,"5,000",11.60,"58,000.00"
2021-01-03,2021010304001219,SAEF,49,49,"5,000",11.60,"58,000.00"
2021-01-03,2021010304001218,SAEF,49,7,"7,000",11.59,"81,130.00"
2021-01-03,2021010304001024,SAEF,49,36,300,11.42,"3,426.00"
2021-01-03,2021010304001023,SAEF,49,51,500,11.42,"5,710.00"
2021-01-03,2021010304001022,SAEF,49,36,300,11.42,"3,426.00"
2021-01-03,2021010304000789,SAEF,6,34,"4,500",11.41,"51,345.00"
2021-01-03,2021010304000798,SAEF,47,48,"5,000",11.50,"57,500.00"
2021-01-03,2021010304000797,SAEF,47,58,500,11.49,"5,745.00"
2021-01-03,2021010304000796,SAEF,47,45,"5,000",11.40,"57,000.00"
2021-01-03,2021010304000795,SAEF,47,34,704,11.40,"8,025.60"
2021-01-03,2021010304000791,SAEF,56,34,"10,000",11.40,"114,000.00"
2021-01-03,2021010304000790,SAEF,13,34,"3,355",11.40,"38,247.00"
2021-01-03,2021010304001221,SEF,51,26,500,10.34,"5,170.00"
2021-01-03,2021010304001076,SEF,58,36,"4,000",10.35,"41,400.00"
2021-01-03,2021010304001044,SEF,26,22,"10,000",10.31,"103,100.00"
2021-01-03,2021010304001016,SEF,57,36,500,10.30,"5,150.00"
2021-01-03,2021010304001009,SEF,57,36,200,10.30,"2,060.00"
2021-01-03,2021010304000889,SEF,6,22,"20,000",10.35,"207,000.00"
2021-01-03,2021010304000857,SEF,47,22,"20,000",10.35,"207,000.00"
2021-01-03,2021010304000850,SEF,56,57,"5,000",10.40,"52,000.00"
2021-01-03,2021010304001213,SFMF,49,58,500,10.50,"5,250.00"
2021-01-03,2021010304001212,SFMF,49,22,"50,000",10.50,"525,000.00"
2021-01-03,2021010304001211,SFMF,49,58,"1,000",10.50,"10,500.00"
2021-01-03,2021010304001210,SFMF,49,26,"10,000",10.40,"104,000.00"
2021-01-03,2021010304001138,SFMF,21,32,300,10.30,"3,090.00"
2021-01-03,2021010304001028,SFMF,21,22,"10,000",10.20,"102,000.00"
2021-01-03,2021010304000911,SFMF,21,34,"10,000",10.30,"103,000.00"
2021-01-03,2021010304000832,SFMF,21,34,"10,000",10.25,"102,500.00"
2021-01-03,2021010304001231,SGI,42,58,10,564.00,"5,640.00"
2021-01-03,2021010304001230,SGI,42,38,10,564.00,"5,640.00"
2021-01-03,2021010304001229,SGI,42,56,10,564.00,"5,640.00"
2021-01-03,2021010304001228,SGI,42,16,10,564.00,"5,640.00"
2021-01-03,2021010304001227,SGI,42,7,10,563.00,"5,630.00"
2021-01-03,2021010304001226,SGI,42,56,10,563.00,"5,630.00"
2021-01-03,2021010304000738,SGI,40,6,10,560.00,"5,600.00"
2021-01-03,2021010304000737,SGI,40,32,10,560.00,"5,600.00"
2021-01-03,2021010304000759,SGI,40,6,10,560.00,"5,600.00"
2021-01-03,2021010304000757,SGI,40,45,10,560.00,"5,600.00"
2021-01-03,2021010304000756,SGI,21,42,10,562.00,"5,620.00"
2021-01-03,2021010304000755,SGI,21,50,10,562.00,"5,620.00"
2021-01-03,2021010304000754,SGI,40,22,10,560.00,"5,600.00"
2021-01-03,2021010304000745,SGI,6,6,10,561.00,"5,610.00"
2021-01-03,2021010304000781,SGI,22,13,10,560.00,"5,600.00"
2021-01-03,2021010304000779,SGI,22,45,10,560.00,"5,600.00"
2021-01-03,2021010304000773,SGI,22,6,10,560.00,"5,600.00"
2021-01-03,2021010304000772,SGI,22,36,10,560.00,"5,600.00"
2021-01-03,2021010304000769,SGI,22,19,10,560.00,"5,600.00"
2021-01-03,2021010304000767,SGI,22,3,10,560.00,"5,600.00"
2021-01-03,2021010304000837,SGI,22,6,10,560.00,"5,600.00"
2021-01-03,2021010304000799,SGI,22,6,10,560.00,"5,600.00"
2021-01-03,2021010304000793,SGI,22,6,10,560.00,"5,600.00"
2021-01-03,2021010304000792,SGI,22,45,10,560.00,"5,600.00"
2021-01-03,2021010304000786,SGI,22,36,10,560.00,"5,600.00"
2021-01-03,2021010304000785,SGI,22,44,10,560.00,"5,600.00"
2021-01-03,2021010304000852,SGI,22,50,10,560.00,"5,600.00"
2021-01-03,2021010304000847,SGI,22,21,10,560.00,"5,600.00"
2021-01-03,2021010304000843,SGI,22,21,10,560.00,"5,600.00"
2021-01-03,2021010304000842,SGI,22,41,10,560.00,"5,600.00"
2021-01-03,2021010304000841,SGI,22,38,10,560.00,"5,600.00"
2021-01-03,2021010304000838,SGI,22,25,10,560.00,"5,600.00"
2021-01-03,2021010304000868,SGI,22,50,10,560.00,"5,600.00"
2021-01-03,2021010304000867,SGI,22,44,10,560.00,"5,600.00"
2021-01-03,2021010304000866,SGI,22,42,10,560.00,"5,600.00"
2021-01-03,2021010304000862,SGI,22,42,10,560.00,"5,600.00"
2021-01-03,2021010304000861,SGI,22,50,10,560.00,"5,600.00"
2021-01-03,2021010304000855,SGI,22,37,10,560.00,"5,600.00"
2021-01-03,2021010304000883,SGI,22,22,10,560.00,"5,600.00"
2021-01-03,2021010304000882,SGI,22,50,10,560.00,"5,600.00"
2021-01-03,2021010304000880,SGI,22,36,10,560.00,"5,600.00"
2021-01-03,2021010304000875,SGI,22,38,10,560.00,"5,600.00"
2021-01-03,2021010304000871,SGI,22,42,10,560.00,"5,600.00"
2021-01-03,2021010304000870,SGI,22,44,10,560.00,"5,600.00"
2021-01-03,2021010304000894,SGI,42,42,10,561.00,"5,610.00"
2021-01-03,2021010304000893,SGI,42,22,10,561.00,"5,610.00"
2021-01-03,2021010304000892,SGI,42,38,10,561.00,"5,610.00"
2021-01-03,2021010304000891,SGI,42,6,10,561.00,"5,610.00"
2021-01-03,2021010304000890,SGI,42,21,10,561.00,"5,610.00"
2021-01-03,2021010304000887,SGI,22,55,10,560.00,"5,600.00"
2021-01-03,2021010304000912,SGI,37,42,10,561.00,"5,610.00"
2021-01-03,2021010304000910,SGI,37,41,10,561.00,"5,610.00"
2021-01-03,2021010304000902,SGI,37,45,10,561.00,"5,610.00"
2021-01-03,2021010304000901,SGI,37,25,10,561.00,"5,610.00"
2021-01-03,2021010304000898,SGI,37,42,10,561.00,"5,610.00"
2021-01-03,2021010304000897,SGI,33,38,10,561.00,"5,610.00"
2021-01-03,2021010304000939,SGI,22,32,10,560.00,"5,600.00"
2021-01-03,2021010304000931,SGI,54,45,10,561.00,"5,610.00"
2021-01-03,2021010304000930,SGI,54,28,10,561.00,"5,610.00"
2021-01-03,2021010304000929,SGI,54,38,10,561.00,"5,610.00"
2021-01-03,2021010304000928,SGI,54,10,10,561.00,"5,610.00"
2021-01-03,2021010304000925,SGI,22,53,10,560.00,"5,600.00"
2021-01-03,2021010304000956,SGI,49,42,10,561.00,"5,610.00"
2021-01-03,2021010304000955,SGI,22,28,10,560.00,"5,600.00"
2021-01-03,2021010304000949,SGI,22,28,10,560.00,"5,600.00"
2021-01-03,2021010304000948,SGI,22,58,10,560.00,"5,600.00"
2021-01-03,2021010304000942,SGI,22,57,10,560.00,"5,600.00"
2021-01-03,2021010304000941,SGI,22,41,10,560.00,"5,600.00"
2021-01-03,2021010304000966,SGI,49,22,10,561.00,"5,610.00"
2021-01-03,2021010304000964,SGI,49,53,10,561.00,"5,610.00"
2021-01-03,2021010304000960,SGI,49,32,10,561.00,"5,610.00"
2021-01-03,2021010304000959,SGI,49,49,10,561.00,"5,610.00"
2021-01-03,2021010304000958,SGI,49,42,10,561.00,"5,610.00"
2021-01-03,2021010304000957,SGI,49,18,10,561.00,"5,610.00"
2021-01-03,2021010304000988,SGI,22,42,10,562.00,"5,620.00"
2021-01-03,2021010304000987,SGI,22,6,10,562.00,"5,620.00"
2021-01-03,2021010304000978,SGI,6,39,10,561.00,"5,610.00"
2021-01-03,2021010304000977,SGI,49,45,10,561.00,"5,610.00"
2021-01-03,2021010304000975,SGI,49,39,10,561.00,"5,610.00"
2021-01-03,2021010304000973,SGI,49,55,10,561.00,"5,610.00"
2021-01-03,2021010304000994,SGI,22,7,10,562.00,"5,620.00"
2021-01-03,2021010304000993,SGI,22,6,10,562.00,"5,620.00"
2021-01-03,2021010304000992,SGI,22,7,10,562.00,"5,620.00"
2021-01-03,2021010304000991,SGI,22,42,10,562.00,"5,620.00"
2021-01-03,2021010304000990,SGI,22,4,10,562.00,"5,620.00"
2021-01-03,2021010304000989,SGI,22,38,10,562.00,"5,620.00"
2021-01-03,2021010304001005,SGI,22,53,10,560.00,"5,600.00"
2021-01-03,2021010304001003,SGI,6,57,10,561.00,"5,610.00"
2021-01-03,2021010304001002,SGI,6,55,10,561.00,"5,610.00"
2021-01-03,2021010304000997,SGI,6,57,10,561.00,"5,610.00"
2021-01-03,2021010304000996,SGI,6,17,10,561.00,"5,610.00"
2021-01-03,2021010304000995,SGI,22,38,10,562.00,"5,620.00"
2021-01-03,2021010304001021,SGI,22,13,10,560.00,"5,600.00"
2021-01-03,2021010304001020,SGI,22,34,10,560.00,"5,600.00"
2021-01-03,2021010304001014,SGI,22,44,10,560.00,"5,600.00"
2021-01-03,2021010304001012,SGI,22,49,10,560.00,"5,600.00"
2021-01-03,2021010304001011,SGI,22,46,10,560.00,"5,600.00"
2021-01-03,2021010304001007,SGI,22,57,10,560.00,"5,600.00"
2021-01-03,2021010304001042,SGI,32,3,10,561.00,"5,610.00"
2021-01-03,2021010304001038,SGI,50,53,10,562.00,"5,620.00"
2021-01-03,2021010304001036,SGI,50,39,10,562.00,"5,620.00"
2021-01-03,2021010304001034,SGI,32,45,10,561.00,"5,610.00"
2021-01-03,2021010304001032,SGI,32,29,10,561.00,"5,610.00"
2021-01-03,2021010304001031,SGI,32,34,10,561.00,"5,610.00"
2021-01-03,2021010304001051,SGI,32,16,10,561.00,"5,610.00"
2021-01-03,2021010304001050,SGI,32,58,10,561.00,"5,610.00"
2021-01-03,2021010304001049,SGI,32,6,10,561.00,"5,610.00"
2021-01-03,2021010304001048,SGI,32,43,10,561.00,"5,610.00"
2021-01-03,2021010304001047,SGI,32,36,10,561.00,"5,610.00"
2021-01-03,2021010304001045,SGI,32,6,10,561.00,"5,610.00"
2021-01-03,2021010304001059,SGI,44,6,10,560.00,"5,600.00"
2021-01-03,2021010304001057,SGI,22,58,10,560.00,"5,600.00"
2021-01-03,2021010304001056,SGI,22,39,10,560.00,"5,600.00"
2021-01-03,2021010304001055,SGI,22,6,10,560.00,"5,600.00"
2021-01-03,2021010304001054,SGI,22,58,10,560.00,"5,600.00"
2021-01-03,2021010304001052,SGI,22,13,10,560.00,"5,600.00"
2021-01-03,2021010304001074,SGI,45,58,10,560.00,"5,600.00"
2021-01-03,2021010304001073,SGI,45,21,10,560.00,"5,600.00"
2021-01-03,2021010304001069,SGI,45,16,10,560.00,"5,600.00"
2021-01-03,2021010304001065,SGI,45,16,10,560.00,"5,600.00"
2021-01-03,2021010304001063,SGI,45,20,10,560.00,"5,600.00"
2021-01-03,2021010304001061,SGI,45,16,10,560.00,"5,600.00"
2021-01-03,2021010304001087,SGI,45,16,10,560.00,"5,600.00"
2021-01-03,2021010304001082,SGI,45,16,10,560.00,"5,600.00"
2021-01-03,2021010304001081,SGI,45,18,10,560.00,"5,600.00"
2021-01-03,2021010304001079,SGI,45,49,10,560.00,"5,600.00"
2021-01-03,2021010304001077,SGI,45,16,10,560.00,"5,600.00"
2021-01-03,2021010304001075,SGI,45,22,10,560.00,"5,600.00"
2021-01-03,2021010304001104,SGI,50,13,10,561.00,"5,610.00"
2021-01-03,2021010304001102,SGI,45,44,10,560.00,"5,600.00"
2021-01-03,2021010304001101,SGI,45,28,10,560.00,"5,600.00"
2021-01-03,2021010304001099,SGI,45,22,10,560.00,"5,600.00"
2021-01-03,2021010304001091,SGI,45,6,10,560.00,"5,600.00"
2021-01-03,2021010304001090,SGI,45,13,10,560.00,"5,600.00"
2021-01-03,2021010304001116,SGI,45,49,10,560.00,"5,600.00"
2021-01-03,2021010304001115,SGI,21,44,10,561.00,"5,610.00"
2021-01-03,2021010304001114,SGI,21,44,10,561.00,"5,610.00"
2021-01-03,2021010304001113,SGI,45,47,10,560.00,"5,600.00"
2021-01-03,2021010304001109,SGI,45,47,10,560.00,"5,600.00"
2021-01-03,2021010304001107,SGI,45,47,10,560.00,"5,600.00"
2021-01-03,2021010304001156,SGI,21,42,10,561.00,"5,610.00"
2021-01-03,2021010304001149,SGI,21,1,10,561.00,"5,610.00"
2021-01-03,2021010304001136,SGI,21,52,10,561.00,"5,610.00"
2021-01-03,2021010304001122,SGI,45,33,10,560.00,"5,600.00"
2021-01-03,2021010304001121,SGI,45,47,10,560.00,"5,600.00"
2021-01-03,2021010304001118,SGI,45,47,10,560.00,"5,600.00"
2021-01-03,2021010304001167,SGI,22,58,10,562.00,"5,620.00"
2021-01-03,2021010304001166,SGI,21,8,10,561.00,"5,610.00"
2021-01-03,2021010304001165,SGI,21,38,10,561.00,"5,610.00"
2021-01-03,2021010304001161,SGI,21,48,10,561.00,"5,610.00"
2021-01-03,2021010304001159,SGI,21,44,10,561.00,"5,610.00"
2021-01-03,2021010304001158,SGI,21,43,10,561.00,"5,610.00"
2021-01-03,2021010304001177,SGI,21,11,10,561.00,"5,610.00"
2021-01-03,2021010304001176,SGI,21,41,10,561.00,"5,610.00"
2021-01-03,2021010304001171,SGI,22,45,10,562.00,"5,620.00"
2021-01-03,2021010304001170,SGI,22,41,10,562.00,"5,620.00"
2021-01-03,2021010304001169,SGI,22,55,10,562.00,"5,620.00"
2021-01-03,2021010304001168,SGI,22,5,10,562.00,"5,620.00"
2021-01-03,2021010304001192,SGI,21,22,10,561.00,"5,610.00"
2021-01-03,2021010304001191,SGI,22,58,10,562.00,"5,620.00"
2021-01-03,2021010304001190,SGI,22,45,40,562.00,"22,480.00"
2021-01-03,2021010304001188,SGI,21,8,10,561.00,"5,610.00"
2021-01-03,2021010304001182,SGI,21,34,10,561.00,"5,610.00"
2021-01-03,2021010304001178,SGI,21,48,10,561.00,"5,610.00"
2021-01-03,2021010304001209,SGI,21,38,10,561.00,"5,610.00"
2021-01-03,2021010304001202,SGI,21,55,10,561.00,"5,610.00"
2021-01-03,2021010304001201,SGI,21,42,10,561.00,"5,610.00"
2021-01-03,2021010304001200,SGI,21,21,10,561.00,"5,610.00"
2021-01-03,2021010304001199,SGI,21,58,10,561.00,"5,610.00"
2021-01-03,2021010304001198,SGI,21,42,10,561.00,"5,610.00"
2021-01-03,2021010304001225,SGI,42,58,10,563.00,"5,630.00"
2021-01-03,2021010304001224,SGI,42,58,10,563.00,"5,630.00"
2021-01-03,2021010304001223,SGI,42,32,10,563.00,"5,630.00"
2021-01-03,2021010304001222,SGI,42,13,10,563.00,"5,630.00"
2021-01-03,2021010304001216,SGI,42,21,10,562.00,"5,620.00"
2021-01-03,2021010304001215,SGI,42,42,10,562.00,"5,620.00"
2021-01-03,2021010304001041,STC,17,22,10,"6,909.00","69,090.00"
2021-01-03,2021010304001040,STC,17,54,10,"6,909.00","69,090.00"
2021-01-03,2021010304001037,STC,57,39,30,"6,900.00","207,000.00"
2021-01-03,2021010304001004,STC,28,39,20,"6,909.00","138,180.00"
2021-01-03,2021010304000981,STC,26,59,10,"6,909.00","69,090.00"
2021-01-03,2021010304000980,STC,26,58,129,"6,909.00","891,261.00"
2021-01-03,2021010304000934,STC,52,59,10,"6,909.00","69,090.00"
2021-01-03,2021010304000933,STC,26,59,70,"6,909.00","483,630.00"
2021-01-03,2021010304000858,STC,33,20,70,"6,909.00","483,630.00"
2021-01-03,2021010304000771,STC,26,47,44,"6,909.00","303,996.00"
2021-01-03,2021010304000736,STC,58,47,26,"6,909.00","179,634.00"
2021-01-03,2021010304000731,BBC,45,48,10,"2,760.00","27,600.00"
2021-01-03,2021010304000725,BBC,49,58,10,"2,793.00","27,930.00"
2021-01-03,2021010304000672,BBC,6,48,20,"2,800.00","56,000.00"
2021-01-03,2021010304000671,BBC,58,48,10,"2,803.00","28,030.00"
2021-01-03,2021010304000617,BBC,58,20,90,"2,803.00","252,270.00"
2021-01-03,2021010304000616,BBC,39,20,100,"2,810.00","281,000.00"
2021-01-03,2021010304000356,BBC,14,26,10,"2,810.00","28,100.00"
2021-01-03,2021010304000388,BBC,50,14,10,"2,866.00","28,660.00"
2021-01-03,2021010304000386,BBC,42,28,10,"2,865.00","28,650.00"
2021-01-03,2021010304000385,BBC,42,46,10,"2,865.00","28,650.00"
2021-01-03,2021010304000383,BBC,22,46,20,"2,865.00","57,300.00"
2021-01-03,2021010304000370,BBC,47,28,10,"2,831.00","28,310.00"
2021-01-03,2021010304000363,BBC,3,26,15,"2,810.00","42,150.00"
2021-01-03,2021010304000441,BBC,45,45,10,"2,895.00","28,950.00"
2021-01-03,2021010304000436,BBC,45,28,10,"2,890.00","28,900.00"
2021-01-03,2021010304000429,BBC,45,45,10,"2,890.00","28,900.00"
2021-01-03,2021010304000421,BBC,58,17,10,"2,890.00","28,900.00"
2021-01-03,2021010304000395,BBC,50,32,28,"2,885.00","80,780.00"
2021-01-03,2021010304000389,BBC,50,45,10,"2,885.00","28,850.00"
2021-01-03,2021010304000546,BBC,56,19,10,"2,850.00","28,500.00"
2021-01-03,2021010304000524,BBC,13,14,10,"2,860.00","28,600.00"
2021-01-03,2021010304000522,BBC,45,10,10,"2,833.00","28,330.00"
2021-01-03,2021010304000492,BBC,42,6,10,"2,865.00","28,650.00"
2021-01-03,2021010304000475,BBC,58,20,20,"2,870.00","57,400.00"
2021-01-03,2021010304000442,BBC,45,29,20,"2,900.00","58,000.00"
2021-01-03,2021010304000615,BBC,47,20,10,"2,820.00","28,200.00"
2021-01-03,2021010304000600,BBC,55,20,10,"2,850.00","28,500.00"
2021-01-03,2021010304000592,BBC,47,25,12,"2,820.00","33,840.00"
2021-01-03,2021010304000564,BBC,36,20,20,"2,850.00","57,000.00"
2021-01-03,2021010304000563,BBC,36,42,10,"2,850.00","28,500.00"
2021-01-03,2021010304000547,BBC,47,19,10,"2,803.00","28,030.00"
2021-01-03,2021010304000601,CMF1,4,22,500,9.90,"4,950.00"
2021-01-03,2021010304000594,CMF1,4,42,300,9.90,"2,970.00"
2021-01-03,2021010304000593,CMF1,4,42,200,9.90,"1,980.00"
2021-01-03,2021010304000577,CMF1,4,42,100,9.90,990.00
2021-01-03,2021010304000576,CMF1,4,42,300,9.90,"2,970.00"
2021-01-03,2021010304000575,CMF1,4,42,300,9.90,"2,970.00"
2021-01-03,2021010304000574,CMF1,4,42,300,9.90,"2,970.00"
2021-01-03,2021010304000730,GIC,41,42,10,540.00,"5,400.00"
2021-01-03,2021010304000728,GIC,41,22,10,540.00,"5,400.00"
2021-01-03,2021010304000726,GIC,41,38,10,540.00,"5,400.00"
2021-01-03,2021010304000724,GIC,41,6,10,540.00,"5,400.00"
2021-01-03,2021010304000721,GIC,41,34,10,540.00,"5,400.00"
2021-01-03,2021010304000716,GIC,42,44,10,541.00,"5,410.00"
2021-01-03,2021010304000256,GIC,38,16,10,536.00,"5,360.00"
2021-01-03,2021010304000251,GIC,38,34,10,536.00,"5,360.00"
2021-01-03,2021010304000246,GIC,42,8,40,540.00,"21,600.00"
2021-01-03,2021010304000245,GIC,42,43,10,540.00,"5,400.00"
2021-01-03,2021010304000243,GIC,42,17,10,540.00,"5,400.00"
2021-01-03,2021010304000241,GIC,42,33,10,540.00,"5,400.00"
2021-01-03,2021010304000280,GIC,14,54,10,540.00,"5,400.00"
2021-01-03,2021010304000279,GIC,14,8,20,540.00,"10,800.00"
2021-01-03,2021010304000274,GIC,41,8,10,540.00,"5,400.00"
2021-01-03,2021010304000260,GIC,32,8,80,540.00,"43,200.00"
2021-01-03,2021010304000259,GIC,32,41,10,540.00,"5,400.00"
2021-01-03,2021010304000258,GIC,32,32,10,540.00,"5,400.00"
2021-01-03,2021010304000287,GIC,21,52,10,542.00,"5,420.00"
2021-01-03,2021010304000286,GIC,21,1,10,540.00,"5,400.00"
2021-01-03,2021010304000285,GIC,21,57,10,540.00,"5,400.00"
2021-01-03,2021010304000284,GIC,21,40,10,540.00,"5,400.00"
2021-01-03,2021010304000282,GIC,14,49,10,540.00,"5,400.00"
2021-01-03,2021010304000281,GIC,14,35,10,540.00,"5,400.00"
2021-01-03,2021010304000314,GIC,8,13,10,540.00,"5,400.00"
2021-01-03,2021010304000312,GIC,8,40,10,540.00,"5,400.00"
2021-01-03,2021010304000311,GIC,8,19,10,540.00,"5,400.00"
2021-01-03,2021010304000310,GIC,8,19,10,540.00,"5,400.00"
2021-01-03,2021010304000309,GIC,8,50,10,540.00,"5,400.00"
2021-01-03,2021010304000308,GIC,8,50,10,540.00,"5,400.00"
2021-01-03,2021010304000334,GIC,8,52,10,540.00,"5,400.00"
2021-01-03,2021010304000332,GIC,8,11,10,540.00,"5,400.00"
2021-01-03,2021010304000331,GIC,8,45,10,540.00,"5,400.00"
2021-01-03,2021010304000330,GIC,8,51,10,540.00,"5,400.00"
2021-01-03,2021010304000329,GIC,8,58,10,540.00,"5,400.00"
2021-01-03,2021010304000322,GIC,8,11,10,540.00,"5,400.00"
2021-01-03,2021010304000347,GIC,8,14,10,540.00,"5,400.00"
2021-01-03,2021010304000345,GIC,8,49,10,540.00,"5,400.00"
2021-01-03,2021010304000342,GIC,8,4,10,540.00,"5,400.00"
2021-01-03,2021010304000340,GIC,8,59,10,540.00,"5,400.00"
2021-01-03,2021010304000339,GIC,8,52,10,540.00,"5,400.00"
2021-01-03,2021010304000338,GIC,8,39,10,540.00,"5,400.00"
2021-01-03,2021010304000404,GIC,42,51,10,540.00,"5,400.00"
2021-01-03,2021010304000403,GIC,42,41,10,540.00,"5,400.00"
2021-01-03,2021010304000402,GIC,42,22,10,539.00,"5,390.00"
2021-01-03,2021010304000367,GIC,26,34,10,540.00,"5,400.00"
2021-01-03,2021010304000366,GIC,8,57,10,540.00,"5,400.00"
2021-01-03,2021010304000350,GIC,8,39,10,540.00,"5,400.00"
2021-01-03,2021010304000410,GIC,42,57,10,540.00,"5,400.00"
2021-01-03,2021010304000409,GIC,42,16,10,540.00,"5,400.00"
2021-01-03,2021010304000408,GIC,42,36,10,540.00,"5,400.00"
2021-01-03,2021010304000407,GIC,42,58,100,540.00,"54,000.00"
2021-01-03,2021010304000406,GIC,42,39,10,540.00,"5,400.00"
2021-01-03,2021010304000405,GIC,42,45,10,540.00,"5,400.00"
2021-01-03,2021010304000427,GIC,17,6,10,540.00,"5,400.00"
2021-01-03,2021010304000422,GIC,17,11,10,540.00,"5,400.00"
2021-01-03,2021010304000419,GIC,17,29,10,540.00,"5,400.00"
2021-01-03,2021010304000418,GIC,17,39,10,540.00,"5,400.00"
2021-01-03,2021010304000412,GIC,42,34,10,540.00,"5,400.00"
2021-01-03,2021010304000411,GIC,42,38,10,540.00,"5,400.00"
2021-01-03,2021010304000460,GIC,45,50,10,541.00,"5,410.00"
2021-01-03,2021010304000445,GIC,17,45,20,540.00,"10,800.00"
2021-01-03,2021010304000443,GIC,17,41,10,540.00,"5,400.00"
2021-01-03,2021010304000438,GIC,17,58,10,540.00,"5,400.00"
2021-01-03,2021010304000437,GIC,17,50,10,540.00,"5,400.00"
2021-01-03,2021010304000430,GIC,45,35,10,541.00,"5,410.00"
2021-01-03,2021010304000471,GIC,49,22,10,541.00,"5,410.00"
2021-01-03,2021010304000470,GIC,50,51,10,542.00,"5,420.00"
2021-01-03,2021010304000469,GIC,50,59,10,542.00,"5,420.00"
2021-01-03,2021010304000468,GIC,50,37,10,542.00,"5,420.00"
2021-01-03,2021010304000467,GIC,50,6,10,542.00,"5,420.00"
2021-01-03,2021010304000466,GIC,50,41,10,542.00,"5,420.00"
2021-01-03,2021010304000500,GIC,50,6,10,540.00,"5,400.00"
2021-01-03,2021010304000499,GIC,50,32,10,538.00,"5,380.00"
2021-01-03,2021010304000498,GIC,50,38,10,538.00,"5,380.00"
2021-01-03,2021010304000491,GIC,17,32,10,539.00,"5,390.00"
2021-01-03,2021010304000487,GIC,17,16,10,540.00,"5,400.00"
2021-01-03,2021010304000480,GIC,50,56,10,541.00,"5,410.00"
2021-01-03,2021010304000525,GIC,50,21,10,540.00,"5,400.00"
2021-01-03,2021010304000521,GIC,50,50,10,540.00,"5,400.00"
2021-01-03,2021010304000516,GIC,50,22,10,540.00,"5,400.00"
2021-01-03,2021010304000513,GIC,50,28,10,539.00,"5,390.00"
2021-01-03,2021010304000512,GIC,17,59,12,540.00,"6,480.00"
2021-01-03,2021010304000501,GIC,50,59,10,540.00,"5,400.00"
2021-01-03,2021010304000539,GIC,45,43,10,541.00,"5,410.00"
2021-01-03,2021010304000538,GIC,56,44,10,541.00,"5,410.00"
2021-01-03,2021010304000534,GIC,50,17,10,540.00,"5,400.00"
2021-01-03,2021010304000530,GIC,50,32,10,540.00,"5,400.00"
2021-01-03,2021010304000529,GIC,50,42,10,540.00,"5,400.00"
2021-01-03,2021010304000528,GIC,50,51,10,540.00,"5,400.00"
2021-01-03,2021010304000559,GIC,17,21,10,538.00,"5,380.00"
2021-01-03,2021010304000551,GIC,50,58,10,540.00,"5,400.00"
2021-01-03,2021010304000550,GIC,50,28,10,540.00,"5,400.00"
2021-01-03,2021010304000545,GIC,50,34,10,540.00,"5,400.00"
2021-01-03,2021010304000541,GIC,45,47,10,541.00,"5,410.00"
2021-01-03,2021010304000540,GIC,45,14,10,541.00,"5,410.00"
2021-01-03,2021010304000573,GIC,49,58,10,539.00,"5,390.00"
2021-01-03,2021010304000572,GIC,50,57,10,538.00,"5,380.00"
2021-01-03,2021010304000571,GIC,50,38,10,538.00,"5,380.00"
2021-01-03,2021010304000570,GIC,50,34,10,538.00,"5,380.00"
2021-01-03,2021010304000569,GIC,50,34,10,538.00,"5,380.00"
2021-01-03,2021010304000561,GIC,21,53,10,537.00,"5,370.00"
2021-01-03,2021010304000595,GIC,41,34,10,540.00,"5,400.00"
2021-01-03,2021010304000589,GIC,41,47,40,540.00,"21,600.00"
2021-01-03,2021010304000587,GIC,50,42,10,538.00,"5,380.00"
2021-01-03,2021010304000584,GIC,49,34,10,540.00,"5,400.00"
2021-01-03,2021010304000582,GIC,49,44,10,540.00,"5,400.00"
2021-01-03,2021010304000581,GIC,49,35,10,540.00,"5,400.00"
2021-01-03,2021010304000612,GIC,41,13,10,540.00,"5,400.00"
2021-01-03,2021010304000610,GIC,41,50,10,540.00,"5,400.00"
