Date,Transact. No.,Symbol,Buyer,Seller,Quantity,Rate,Amount
2019-08-06,2019080602000840,RHPL,17,52,10,263.00,"2,630.00"
2019-08-06,2019080602000839,RHPL,17,21,10,263.00,"2,630.00"
2019-08-06,2019080602000838,RHPL,17,43,30,263.00,"7,890.00"
2019-08-06,2019080602000837,RHPL,17,51,50,263.00,"13,150.00"
2019-08-06,2019080602000836,RHPL,17,22,40,263.00,"10,520.00"
2019-08-06,2019080602000835,RHPL,17,59,40,263.00,"10,520.00"
2019-08-06,2019080602000438,RHPL,42,17,40,266.00,"10,640.00"
2019-08-06,2019080602000437,RHPL,42,48,40,266.00,"10,640.00"
2019-08-06,2019080602000436,RHPL,42,51,40,266.00,"10,640.00"
2019-08-06,2019080602000425,RHPL,47,39,20,271.00,"5,420.00"
2019-08-06,2019080602000421,RHPL,26,17,30,276.00,"8,280.00"
2019-08-06,2019080602000606,RHPL,20,47,40,262.80,"10,512.00"
2019-08-06,2019080602000605,RHPL,20,57,40,262.80,"10,512.00"
2019-08-06,2019080602000570,RHPL,50,47,10,263.00,"2,630.00"
2019-08-06,2019080602000441,RHPL,42,39,10,266.00,"2,660.00"
2019-08-06,2019080602000440,RHPL,42,47,40,266.00,"10,640.00"
2019-08-06,2019080602000439,RHPL,42,10,30,266.00,"7,980.00"
2019-08-06,2019080602000636,RHPL,29,47,50,262.80,"13,140.00"
2019-08-06,2019080602000635,RHPL,29,38,80,262.80,"21,024.00"
2019-08-06,2019080602000634,RHPL,29,47,50,262.80,"13,140.00"
2019-08-06,2019080602000633,RHPL,29,47,40,262.80,"10,512.00"
2019-08-06,2019080602000632,RHPL,29,47,20,262.80,"5,256.00"
2019-08-06,2019080602000607,RHPL,20,47,20,262.80,"5,256.00"
2019-08-06,2019080602000648,RHPL,21,10,40,263.00,"10,520.00"
2019-08-06,2019080602000647,RHPL,38,8,20,263.00,"5,260.00"
2019-08-06,2019080602000646,RHPL,38,22,10,263.00,"2,630.00"
2019-08-06,2019080602000645,RHPL,38,47,20,263.00,"5,260.00"
2019-08-06,2019080602000638,RHPL,29,47,10,263.00,"2,630.00"
2019-08-06,2019080602000637,RHPL,29,47,50,262.80,"13,140.00"
2019-08-06,2019080602000658,RHPL,45,58,50,263.00,"13,150.00"
2019-08-06,2019080602000657,RHPL,45,39,40,263.00,"10,520.00"
2019-08-06,2019080602000656,RHPL,45,44,20,263.00,"5,260.00"
2019-08-06,2019080602000653,RHPL,34,44,20,263.00,"5,260.00"
2019-08-06,2019080602000650,RHPL,21,59,40,263.00,"10,520.00"
2019-08-06,2019080602000649,RHPL,21,8,20,263.00,"5,260.00"
2019-08-06,2019080602000664,RHPL,45,11,40,263.00,"10,520.00"
2019-08-06,2019080602000663,RHPL,45,47,40,263.00,"10,520.00"
2019-08-06,2019080602000662,RHPL,45,21,40,263.00,"10,520.00"
2019-08-06,2019080602000661,RHPL,45,57,10,263.00,"2,630.00"
2019-08-06,2019080602000660,RHPL,45,58,40,263.00,"10,520.00"
2019-08-06,2019080602000659,RHPL,45,59,40,263.00,"10,520.00"
2019-08-06,2019080602000698,RHPL,34,57,10,263.00,"2,630.00"
2019-08-06,2019080602000669,RHPL,45,57,30,263.00,"7,890.00"
2019-08-06,2019080602000668,RHPL,45,32,40,263.00,"10,520.00"
2019-08-06,2019080602000667,RHPL,45,29,40,263.00,"10,520.00"
2019-08-06,2019080602000666,RHPL,45,41,30,263.00,"7,890.00"
2019-08-06,2019080602000665,RHPL,45,22,40,263.00,"10,520.00"
2019-08-06,2019080602000731,RHPL,34,48,10,263.00,"2,630.00"
2019-08-06,2019080602000727,RHPL,45,39,10,263.00,"2,630.00"
2019-08-06,2019080602000723,RHPL,42,17,20,262.80,"5,256.00"
2019-08-06,2019080602000722,RHPL,42,17,40,262.80,"10,512.00"
2019-08-06,2019080602000700,RHPL,34,39,30,263.00,"7,890.00"
2019-08-06,2019080602000699,RHPL,34,14,40,263.00,"10,520.00"
2019-08-06,2019080602000765,RHPL,21,45,50,263.00,"13,150.00"
2019-08-06,2019080602000764,RHPL,21,32,20,263.00,"5,260.00"
2019-08-06,2019080602000763,RHPL,21,47,40,263.00,"10,520.00"
2019-08-06,2019080602000762,RHPL,21,21,40,263.00,"10,520.00"
2019-08-06,2019080602000761,RHPL,21,48,10,263.00,"2,630.00"
2019-08-06,2019080602000760,RHPL,58,48,20,263.00,"5,260.00"
2019-08-06,2019080602000789,RHPL,52,1,20,263.00,"5,260.00"
2019-08-06,2019080602000788,RHPL,52,55,20,263.00,"5,260.00"
2019-08-06,2019080602000781,RHPL,58,55,20,263.00,"5,260.00"
2019-08-06,2019080602000780,RHPL,58,37,30,263.00,"7,890.00"
2019-08-06,2019080602000779,RHPL,50,37,10,263.00,"2,630.00"
2019-08-06,2019080602000766,RHPL,21,11,40,263.00,"10,520.00"
2019-08-06,2019080602000828,RHPL,17,55,40,263.00,"10,520.00"
2019-08-06,2019080602000827,RHPL,17,58,40,263.00,"10,520.00"
2019-08-06,2019080602000826,RHPL,17,48,20,263.00,"5,260.00"
2019-08-06,2019080602000794,RHPL,56,48,20,263.00,"5,260.00"
2019-08-06,2019080602000793,RHPL,18,22,40,263.00,"10,520.00"
2019-08-06,2019080602000790,RHPL,52,1,20,263.00,"5,260.00"
2019-08-06,2019080602000834,RHPL,17,49,50,263.00,"13,150.00"
2019-08-06,2019080602000833,RHPL,17,22,10,263.00,"2,630.00"
2019-08-06,2019080602000832,RHPL,17,14,40,263.00,"10,520.00"
2019-08-06,2019080602000831,RHPL,17,11,40,263.00,"10,520.00"
2019-08-06,2019080602000830,RHPL,17,14,40,263.00,"10,520.00"
2019-08-06,2019080602000829,RHPL,17,47,40,263.00,"10,520.00"
2019-08-06,2019080602000844,SJCL,46,20,10,261.00,"2,610.00"
2019-08-06,2019080602000843,SJCL,46,48,20,261.00,"5,220.00"
2019-08-06,2019080602000842,SJCL,46,45,10,261.00,"2,610.00"
2019-08-06,2019080602000841,SJCL,46,34,10,261.00,"2,610.00"
2019-08-06,2019080602000825,SJCL,17,34,10,261.00,"2,610.00"
2019-08-06,2019080602000824,SJCL,17,56,20,261.00,"5,220.00"
2019-08-06,2019080602000347,SJCL,48,17,20,280.00,"5,600.00"
2019-08-06,2019080602000346,SJCL,29,32,20,280.00,"5,600.00"
2019-08-06,2019080602000345,SJCL,29,28,20,280.00,"5,600.00"
2019-08-06,2019080602000353,SJCL,29,26,20,280.00,"5,600.00"
2019-08-06,2019080602000352,SJCL,29,53,20,280.00,"5,600.00"
2019-08-06,2019080602000351,SJCL,48,56,20,285.00,"5,700.00"
2019-08-06,2019080602000350,SJCL,48,59,10,285.00,"2,850.00"
2019-08-06,2019080602000349,SJCL,48,59,10,285.00,"2,850.00"
2019-08-06,2019080602000348,SJCL,48,29,20,280.00,"5,600.00"
2019-08-06,2019080602000359,SJCL,29,59,10,275.00,"2,750.00"
2019-08-06,2019080602000358,SJCL,29,1,20,275.00,"5,500.00"
2019-08-06,2019080602000357,SJCL,29,22,10,275.00,"2,750.00"
2019-08-06,2019080602000356,SJCL,29,35,20,275.00,"5,500.00"
2019-08-06,2019080602000355,SJCL,29,16,10,275.00,"2,750.00"
2019-08-06,2019080602000354,SJCL,29,36,10,280.00,"2,800.00"
2019-08-06,2019080602000365,SJCL,29,59,20,278.00,"5,560.00"
2019-08-06,2019080602000364,SJCL,29,32,20,275.00,"5,500.00"
2019-08-06,2019080602000363,SJCL,29,51,20,275.00,"5,500.00"
2019-08-06,2019080602000362,SJCL,29,35,10,275.00,"2,750.00"
2019-08-06,2019080602000361,SJCL,29,26,20,275.00,"5,500.00"
2019-08-06,2019080602000360,SJCL,29,43,20,275.00,"5,500.00"
2019-08-06,2019080602000371,SJCL,29,19,10,280.00,"2,800.00"
2019-08-06,2019080602000370,SJCL,29,11,20,280.00,"5,600.00"
2019-08-06,2019080602000369,SJCL,29,54,20,280.00,"5,600.00"
2019-08-06,2019080602000368,SJCL,29,59,20,280.00,"5,600.00"
2019-08-06,2019080602000367,SJCL,29,28,20,280.00,"5,600.00"
2019-08-06,2019080602000366,SJCL,29,36,10,280.00,"2,800.00"
2019-08-06,2019080602000377,SJCL,29,6,20,280.00,"5,600.00"
2019-08-06,2019080602000376,SJCL,29,51,20,280.00,"5,600.00"
2019-08-06,2019080602000375,SJCL,29,17,20,280.00,"5,600.00"
2019-08-06,2019080602000374,SJCL,29,26,20,280.00,"5,600.00"
2019-08-06,2019080602000373,SJCL,29,49,20,280.00,"5,600.00"
2019-08-06,2019080602000372,SJCL,29,42,20,280.00,"5,600.00"
2019-08-06,2019080602000383,SJCL,29,57,20,280.00,"5,600.00"
2019-08-06,2019080602000382,SJCL,29,45,20,280.00,"5,600.00"
2019-08-06,2019080602000381,SJCL,29,59,10,280.00,"2,800.00"
2019-08-06,2019080602000380,SJCL,29,43,20,280.00,"5,600.00"
2019-08-06,2019080602000379,SJCL,29,49,20,280.00,"5,600.00"
2019-08-06,2019080602000378,SJCL,29,6,20,280.00,"5,600.00"
2019-08-06,2019080602000389,SJCL,29,19,20,280.00,"5,600.00"
2019-08-06,2019080602000388,SJCL,29,19,20,280.00,"5,600.00"
2019-08-06,2019080602000387,SJCL,29,28,20,280.00,"5,600.00"
2019-08-06,2019080602000386,SJCL,29,19,20,280.00,"5,600.00"
2019-08-06,2019080602000385,SJCL,29,58,20,280.00,"5,600.00"
2019-08-06,2019080602000384,SJCL,29,43,20,280.00,"5,600.00"
2019-08-06,2019080602000395,SJCL,29,49,10,280.00,"2,800.00"
2019-08-06,2019080602000394,SJCL,29,18,20,280.00,"5,600.00"
2019-08-06,2019080602000393,SJCL,29,34,20,280.00,"5,600.00"
2019-08-06,2019080602000392,SJCL,29,33,20,280.00,"5,600.00"
2019-08-06,2019080602000391,SJCL,29,59,20,280.00,"5,600.00"
2019-08-06,2019080602000390,SJCL,29,28,20,280.00,"5,600.00"
2019-08-06,2019080602000401,SJCL,29,1,20,280.00,"5,600.00"
2019-08-06,2019080602000400,SJCL,29,50,20,280.00,"5,600.00"
2019-08-06,2019080602000399,SJCL,29,59,20,280.00,"5,600.00"
2019-08-06,2019080602000398,SJCL,29,26,20,280.00,"5,600.00"
2019-08-06,2019080602000397,SJCL,29,28,20,280.00,"5,600.00"
2019-08-06,2019080602000396,SJCL,29,42,20,280.00,"5,600.00"
2019-08-06,2019080602000407,SJCL,29,59,10,280.00,"2,800.00"
2019-08-06,2019080602000406,SJCL,29,16,20,280.00,"5,600.00"
2019-08-06,2019080602000405,SJCL,29,48,10,280.00,"2,800.00"
2019-08-06,2019080602000404,SJCL,29,52,10,280.00,"2,800.00"
2019-08-06,2019080602000403,SJCL,29,48,20,280.00,"5,600.00"
2019-08-06,2019080602000402,SJCL,29,19,20,280.00,"5,600.00"
2019-08-06,2019080602000413,SJCL,29,57,20,280.00,"5,600.00"
2019-08-06,2019080602000412,SJCL,29,59,20,280.00,"5,600.00"
2019-08-06,2019080602000411,SJCL,29,26,20,280.00,"5,600.00"
2019-08-06,2019080602000410,SJCL,29,57,20,280.00,"5,600.00"
2019-08-06,2019080602000409,SJCL,29,56,20,280.00,"5,600.00"
2019-08-06,2019080602000408,SJCL,29,52,20,280.00,"5,600.00"
2019-08-06,2019080602000419,SJCL,29,56,20,275.00,"5,500.00"
2019-08-06,2019080602000418,SJCL,29,54,10,280.00,"2,800.00"
2019-08-06,2019080602000417,SJCL,29,34,20,280.00,"5,600.00"
2019-08-06,2019080602000416,SJCL,29,28,20,280.00,"5,600.00"
2019-08-06,2019080602000415,SJCL,29,39,20,280.00,"5,600.00"
2019-08-06,2019080602000414,SJCL,29,18,20,280.00,"5,600.00"
2019-08-06,2019080602000427,SJCL,34,39,20,265.00,"5,300.00"
2019-08-06,2019080602000426,SJCL,34,48,20,265.00,"5,300.00"
2019-08-06,2019080602000424,SJCL,34,10,20,270.00,"5,400.00"
2019-08-06,2019080602000423,SJCL,34,59,20,270.00,"5,400.00"
2019-08-06,2019080602000422,SJCL,34,39,20,270.00,"5,400.00"
2019-08-06,2019080602000420,SJCL,29,1,20,275.00,"5,500.00"
2019-08-06,2019080602000433,SJCL,17,59,20,262.00,"5,240.00"
2019-08-06,2019080602000432,SJCL,17,29,20,261.00,"5,220.00"
2019-08-06,2019080602000431,SJCL,17,53,20,261.00,"5,220.00"
2019-08-06,2019080602000430,SJCL,17,45,10,261.00,"2,610.00"
2019-08-06,2019080602000429,SJCL,17,26,20,261.00,"5,220.00"
2019-08-06,2019080602000428,SJCL,34,47,10,265.00,"2,650.00"
2019-08-06,2019080602000445,SJCL,29,26,20,261.00,"5,220.00"
2019-08-06,2019080602000444,SJCL,29,48,20,261.00,"5,220.00"
2019-08-06,2019080602000443,SJCL,29,59,20,261.00,"5,220.00"
2019-08-06,2019080602000442,SJCL,29,39,20,261.00,"5,220.00"
2019-08-06,2019080602000435,SJCL,43,26,20,261.00,"5,220.00"
2019-08-06,2019080602000434,SJCL,17,47,10,265.00,"2,650.00"
2019-08-06,2019080602000451,SJCL,29,53,20,261.00,"5,220.00"
2019-08-06,2019080602000450,SJCL,29,57,20,261.00,"5,220.00"
2019-08-06,2019080602000449,SJCL,29,47,20,261.00,"5,220.00"
2019-08-06,2019080602000448,SJCL,29,39,20,261.00,"5,220.00"
2019-08-06,2019080602000447,SJCL,29,58,20,261.00,"5,220.00"
2019-08-06,2019080602000446,SJCL,29,44,20,261.00,"5,220.00"
2019-08-06,2019080602000457,SJCL,29,39,20,261.00,"5,220.00"
2019-08-06,2019080602000456,SJCL,29,43,20,261.00,"5,220.00"
2019-08-06,2019080602000455,SJCL,29,55,20,261.00,"5,220.00"
2019-08-06,2019080602000454,SJCL,29,5,20,261.00,"5,220.00"
2019-08-06,2019080602000453,SJCL,29,58,20,261.00,"5,220.00"
2019-08-06,2019080602000452,SJCL,29,34,20,261.00,"5,220.00"
2019-08-06,2019080602000463,SJCL,29,26,20,261.00,"5,220.00"
2019-08-06,2019080602000462,SJCL,29,39,20,261.00,"5,220.00"
2019-08-06,2019080602000461,SJCL,29,32,20,261.00,"5,220.00"
2019-08-06,2019080602000460,SJCL,29,59,20,261.00,"5,220.00"
2019-08-06,2019080602000459,SJCL,29,42,20,261.00,"5,220.00"
2019-08-06,2019080602000458,SJCL,29,35,10,261.00,"2,610.00"
2019-08-06,2019080602000469,SJCL,29,45,20,261.00,"5,220.00"
2019-08-06,2019080602000468,SJCL,29,26,10,261.00,"2,610.00"
2019-08-06,2019080602000467,SJCL,29,51,20,261.00,"5,220.00"
2019-08-06,2019080602000466,SJCL,43,59,20,262.00,"5,240.00"
2019-08-06,2019080602000465,SJCL,29,26,20,261.00,"5,220.00"
2019-08-06,2019080602000464,SJCL,29,1,20,261.00,"5,220.00"
2019-08-06,2019080602000475,SJCL,29,47,20,261.00,"5,220.00"
2019-08-06,2019080602000474,SJCL,29,26,20,261.00,"5,220.00"
2019-08-06,2019080602000473,SJCL,29,59,20,261.00,"5,220.00"
2019-08-06,2019080602000472,SJCL,29,49,20,261.00,"5,220.00"
2019-08-06,2019080602000471,SJCL,29,25,20,261.00,"5,220.00"
2019-08-06,2019080602000470,SJCL,29,57,20,261.00,"5,220.00"
2019-08-06,2019080602000481,SJCL,29,1,10,261.00,"2,610.00"
2019-08-06,2019080602000480,SJCL,29,28,20,261.00,"5,220.00"
2019-08-06,2019080602000479,SJCL,29,56,10,261.00,"2,610.00"
2019-08-06,2019080602000478,SJCL,29,49,20,261.00,"5,220.00"
2019-08-06,2019080602000477,SJCL,29,42,20,261.00,"5,220.00"
2019-08-06,2019080602000476,SJCL,29,32,20,261.00,"5,220.00"
2019-08-06,2019080602000487,SJCL,29,49,20,261.00,"5,220.00"
2019-08-06,2019080602000486,SJCL,29,48,20,261.00,"5,220.00"
2019-08-06,2019080602000485,SJCL,29,36,20,261.00,"5,220.00"
2019-08-06,2019080602000484,SJCL,29,26,20,261.00,"5,220.00"
2019-08-06,2019080602000483,SJCL,29,48,20,261.00,"5,220.00"
2019-08-06,2019080602000482,SJCL,29,14,20,261.00,"5,220.00"
2019-08-06,2019080602000493,SJCL,29,59,20,261.00,"5,220.00"
2019-08-06,2019080602000492,SJCL,29,26,20,261.00,"5,220.00"
2019-08-06,2019080602000491,SJCL,29,28,20,261.00,"5,220.00"
2019-08-06,2019080602000490,SJCL,42,26,20,265.00,"5,300.00"
2019-08-06,2019080602000489,SJCL,42,22,10,265.00,"2,650.00"
2019-08-06,2019080602000488,SJCL,42,44,20,265.00,"5,300.00"
2019-08-06,2019080602000499,SJCL,7,44,20,261.00,"5,220.00"
2019-08-06,2019080602000498,SJCL,7,59,20,261.00,"5,220.00"
2019-08-06,2019080602000497,SJCL,29,28,20,261.00,"5,220.00"
2019-08-06,2019080602000496,SJCL,29,49,20,261.00,"5,220.00"
2019-08-06,2019080602000495,SJCL,29,52,20,261.00,"5,220.00"
2019-08-06,2019080602000494,SJCL,29,57,20,261.00,"5,220.00"
2019-08-06,2019080602000505,SJCL,34,39,10,261.00,"2,610.00"
2019-08-06,2019080602000504,SJCL,7,39,10,261.00,"2,610.00"
2019-08-06,2019080602000503,SJCL,7,56,20,261.00,"5,220.00"
2019-08-06,2019080602000502,SJCL,7,49,20,261.00,"5,220.00"
2019-08-06,2019080602000501,SJCL,7,16,10,261.00,"2,610.00"
2019-08-06,2019080602000500,SJCL,39,51,20,262.00,"5,240.00"
2019-08-06,2019080602000511,SJCL,34,59,20,261.00,"5,220.00"
2019-08-06,2019080602000510,SJCL,34,26,20,261.00,"5,220.00"
2019-08-06,2019080602000509,SJCL,34,48,20,261.00,"5,220.00"
2019-08-06,2019080602000508,SJCL,34,41,20,261.00,"5,220.00"
2019-08-06,2019080602000507,SJCL,34,56,20,261.00,"5,220.00"
2019-08-06,2019080602000506,SJCL,34,48,20,261.00,"5,220.00"
2019-08-06,2019080602000517,SJCL,34,52,20,261.00,"5,220.00"
2019-08-06,2019080602000516,SJCL,34,32,20,261.00,"5,220.00"
2019-08-06,2019080602000515,SJCL,34,58,20,261.00,"5,220.00"
2019-08-06,2019080602000514,SJCL,34,41,10,261.00,"2,610.00"
2019-08-06,2019080602000513,SJCL,34,45,20,261.00,"5,220.00"
2019-08-06,2019080602000512,SJCL,34,28,10,261.00,"2,610.00"
2019-08-06,2019080602000523,SJCL,34,28,20,261.00,"5,220.00"
2019-08-06,2019080602000522,SJCL,34,25,20,261.00,"5,220.00"
2019-08-06,2019080602000521,SJCL,34,59,20,261.00,"5,220.00"
2019-08-06,2019080602000520,SJCL,34,56,20,261.00,"5,220.00"
2019-08-06,2019080602000519,SJCL,34,49,20,261.00,"5,220.00"
2019-08-06,2019080602000518,SJCL,34,48,20,261.00,"5,220.00"
2019-08-06,2019080602000529,SJCL,34,58,20,261.00,"5,220.00"
2019-08-06,2019080602000528,SJCL,34,5,20,261.00,"5,220.00"
2019-08-06,2019080602000527,SJCL,34,18,20,261.00,"5,220.00"
2019-08-06,2019080602000526,SJCL,34,6,10,261.00,"2,610.00"
2019-08-06,2019080602000525,SJCL,34,14,20,261.00,"5,220.00"
2019-08-06,2019080602000524,SJCL,34,49,20,261.00,"5,220.00"
2019-08-06,2019080602000535,SJCL,36,16,20,262.00,"5,240.00"
2019-08-06,2019080602000534,SJCL,36,59,20,261.00,"5,220.00"
2019-08-06,2019080602000533,SJCL,36,42,10,261.00,"2,610.00"
2019-08-06,2019080602000532,SJCL,34,42,10,261.00,"2,610.00"
2019-08-06,2019080602000531,SJCL,34,56,10,261.00,"2,610.00"
2019-08-06,2019080602000530,SJCL,34,26,20,261.00,"5,220.00"
2019-08-06,2019080602000541,SJCL,21,58,10,261.00,"2,610.00"
2019-08-06,2019080602000540,SJCL,21,49,20,261.00,"5,220.00"
2019-08-06,2019080602000539,SJCL,21,18,10,261.00,"2,610.00"
2019-08-06,2019080602000538,SJCL,36,1,10,262.00,"2,620.00"
2019-08-06,2019080602000537,SJCL,36,49,20,262.00,"5,240.00"
2019-08-06,2019080602000536,SJCL,36,49,20,262.00,"5,240.00"
2019-08-06,2019080602000547,SJCL,21,48,20,261.00,"5,220.00"
2019-08-06,2019080602000546,SJCL,21,56,20,261.00,"5,220.00"
2019-08-06,2019080602000545,SJCL,21,57,20,261.00,"5,220.00"
2019-08-06,2019080602000544,SJCL,21,6,20,261.00,"5,220.00"
2019-08-06,2019080602000543,SJCL,21,26,20,261.00,"5,220.00"
2019-08-06,2019080602000542,SJCL,21,44,20,261.00,"5,220.00"
2019-08-06,2019080602000553,SJCL,21,42,20,261.00,"5,220.00"
2019-08-06,2019080602000552,SJCL,21,45,20,261.00,"5,220.00"
2019-08-06,2019080602000551,SJCL,21,45,20,261.00,"5,220.00"
2019-08-06,2019080602000550,SJCL,21,59,20,261.00,"5,220.00"
2019-08-06,2019080602000549,SJCL,21,5,20,261.00,"5,220.00"
2019-08-06,2019080602000548,SJCL,21,56,10,261.00,"2,610.00"
2019-08-06,2019080602000559,SJCL,21,42,20,261.00,"5,220.00"
2019-08-06,2019080602000558,SJCL,21,38,20,261.00,"5,220.00"
2019-08-06,2019080602000557,SJCL,21,41,20,261.00,"5,220.00"
2019-08-06,2019080602000556,SJCL,21,58,10,261.00,"2,610.00"
2019-08-06,2019080602000555,SJCL,21,26,20,261.00,"5,220.00"
2019-08-06,2019080602000554,SJCL,21,49,20,261.00,"5,220.00"
2019-08-06,2019080602000565,SJCL,21,39,20,261.00,"5,220.00"
2019-08-06,2019080602000564,SJCL,21,59,20,261.00,"5,220.00"
2019-08-06,2019080602000563,SJCL,21,26,20,261.00,"5,220.00"
2019-08-06,2019080602000562,SJCL,21,56,20,261.00,"5,220.00"
2019-08-06,2019080602000561,SJCL,21,49,20,261.00,"5,220.00"
2019-08-06,2019080602000560,SJCL,21,28,20,261.00,"5,220.00"
2019-08-06,2019080602000572,SJCL,29,45,20,261.00,"5,220.00"
2019-08-06,2019080602000571,SJCL,29,49,20,261.00,"5,220.00"
2019-08-06,2019080602000569,SJCL,29,35,20,261.00,"5,220.00"
2019-08-06,2019080602000568,SJCL,29,56,10,261.00,"2,610.00"
2019-08-06,2019080602000567,SJCL,29,16,20,261.00,"5,220.00"
2019-08-06,2019080602000566,SJCL,29,32,20,261.00,"5,220.00"
2019-08-06,2019080602000578,SJCL,43,18,10,261.00,"2,610.00"
2019-08-06,2019080602000577,SJCL,29,18,10,261.00,"2,610.00"
2019-08-06,2019080602000576,SJCL,29,58,20,261.00,"5,220.00"
2019-08-06,2019080602000575,SJCL,29,5,20,261.00,"5,220.00"
2019-08-06,2019080602000574,SJCL,29,56,20,261.00,"5,220.00"
2019-08-06,2019080602000573,SJCL,29,57,20,261.00,"5,220.00"
2019-08-06,2019080602000584,SJCL,44,49,20,261.00,"5,220.00"
2019-08-06,2019080602000583,SJCL,43,4,10,261.00,"2,610.00"
2019-08-06,2019080602000582,SJCL,43,26,20,261.00,"5,220.00"
2019-08-06,2019080602000581,SJCL,43,6,10,261.00,"2,610.00"
2019-08-06,2019080602000580,SJCL,43,16,20,261.00,"5,220.00"
2019-08-06,2019080602000579,SJCL,43,34,10,261.00,"2,610.00"
2019-08-06,2019080602000590,SJCL,44,57,20,261.00,"5,220.00"
2019-08-06,2019080602000589,SJCL,44,48,10,261.00,"2,610.00"
2019-08-06,2019080602000588,SJCL,44,59,20,261.00,"5,220.00"
2019-08-06,2019080602000587,SJCL,44,28,20,261.00,"5,220.00"
2019-08-06,2019080602000586,SJCL,44,6,10,261.00,"2,610.00"
2019-08-06,2019080602000585,SJCL,44,26,20,261.00,"5,220.00"
2019-08-06,2019080602000596,SJCL,43,38,10,261.00,"2,610.00"
2019-08-06,2019080602000595,SJCL,44,38,10,261.00,"2,610.00"
2019-08-06,2019080602000594,SJCL,44,25,10,261.00,"2,610.00"
2019-08-06,2019080602000593,SJCL,44,48,20,261.00,"5,220.00"
2019-08-06,2019080602000592,SJCL,44,39,20,261.00,"5,220.00"
2019-08-06,2019080602000591,SJCL,44,44,20,261.00,"5,220.00"
2019-08-06,2019080602000602,SJCL,20,57,20,261.00,"5,220.00"
2019-08-06,2019080602000601,SJCL,20,57,20,261.00,"5,220.00"
2019-08-06,2019080602000600,SJCL,20,53,20,261.00,"5,220.00"
2019-08-06,2019080602000599,SJCL,20,56,10,261.00,"2,610.00"
2019-08-06,2019080602000598,SJCL,43,56,20,261.00,"5,220.00"
2019-08-06,2019080602000597,SJCL,43,16,20,261.00,"5,220.00"
2019-08-06,2019080602000611,SJCL,29,26,20,261.00,"5,220.00"
2019-08-06,2019080602000610,SJCL,29,58,20,261.00,"5,220.00"
2019-08-06,2019080602000609,SJCL,29,39,10,261.00,"2,610.00"
2019-08-06,2019080602000608,SJCL,29,38,40,260.10,"10,404.00"
2019-08-06,2019080602000604,SJCL,20,39,10,261.00,"2,610.00"
2019-08-06,2019080602000603,SJCL,20,29,20,261.00,"5,220.00"
2019-08-06,2019080602000617,SJCL,29,45,20,261.00,"5,220.00"
2019-08-06,2019080602000616,SJCL,29,11,20,261.00,"5,220.00"
2019-08-06,2019080602000615,SJCL,29,45,20,261.00,"5,220.00"
2019-08-06,2019080602000614,SJCL,29,25,20,261.00,"5,220.00"
2019-08-06,2019080602000613,SJCL,29,26,20,261.00,"5,220.00"
2019-08-06,2019080602000612,SJCL,29,28,20,261.00,"5,220.00"
2019-08-06,2019080602000623,SJCL,46,42,10,261.00,"2,610.00"
2019-08-06,2019080602000622,SJCL,29,42,10,261.00,"2,610.00"
2019-08-06,2019080602000621,SJCL,29,11,20,261.00,"5,220.00"
2019-08-06,2019080602000620,SJCL,29,1,20,261.00,"5,220.00"
2019-08-06,2019080602000619,SJCL,29,56,20,261.00,"5,220.00"
2019-08-06,2019080602000618,SJCL,29,59,20,261.00,"5,220.00"
2019-08-06,2019080602000629,SJCL,35,56,10,261.00,"2,610.00"
2019-08-06,2019080602000628,SJCL,35,56,10,261.00,"2,610.00"
2019-08-06,2019080602000627,SJCL,35,59,10,261.00,"2,610.00"
2019-08-06,2019080602000626,SJCL,35,32,20,261.00,"5,220.00"
2019-08-06,2019080602000625,SJCL,35,49,20,261.00,"5,220.00"
2019-08-06,2019080602000624,SJCL,46,58,15,261.00,"3,915.00"
2019-08-06,2019080602000642,SJCL,21,34,20,261.00,"5,220.00"
2019-08-06,2019080602000641,SJCL,21,45,10,261.00,"2,610.00"
2019-08-06,2019080602000640,SJCL,21,26,20,261.00,"5,220.00"
2019-08-06,2019080602000639,SJCL,21,53,20,261.00,"5,220.00"
2019-08-06,2019080602000631,SJCL,35,6,10,261.00,"2,610.00"
2019-08-06,2019080602000630,SJCL,35,43,20,261.00,"5,220.00"
2019-08-06,2019080602000655,SJCL,46,58,10,261.00,"2,610.00"
2019-08-06,2019080602000654,SJCL,46,16,10,261.00,"2,610.00"
2019-08-06,2019080602000652,SJCL,11,16,10,261.00,"2,610.00"
2019-08-06,2019080602000651,SJCL,11,57,10,261.00,"2,610.00"
2019-08-06,2019080602000644,SJCL,21,57,10,261.00,"2,610.00"
2019-08-06,2019080602000643,SJCL,21,52,20,261.00,"5,220.00"
2019-08-06,2019080602000675,SJCL,45,39,20,261.00,"5,220.00"
2019-08-06,2019080602000674,SJCL,45,34,20,261.00,"5,220.00"
2019-08-06,2019080602000673,SJCL,45,39,20,261.00,"5,220.00"
2019-08-06,2019080602000672,SJCL,45,49,20,261.00,"5,220.00"
2019-08-06,2019080602000671,SJCL,45,26,20,261.00,"5,220.00"
2019-08-06,2019080602000670,SJCL,45,58,10,261.00,"2,610.00"
2019-08-06,2019080602000681,SJCL,45,58,20,261.00,"5,220.00"
2019-08-06,2019080602000680,SJCL,45,39,20,261.00,"5,220.00"
2019-08-06,2019080602000679,SJCL,45,42,20,261.00,"5,220.00"
2019-08-06,2019080602000678,SJCL,45,59,20,261.00,"5,220.00"
2019-08-06,2019080602000677,SJCL,45,58,20,261.00,"5,220.00"
2019-08-06,2019080602000676,SJCL,45,11,20,261.00,"5,220.00"
2019-08-06,2019080602000687,SJCL,45,26,20,261.00,"5,220.00"
2019-08-06,2019080602000686,SJCL,45,45,20,261.00,"5,220.00"
2019-08-06,2019080602000685,SJCL,45,58,20,261.00,"5,220.00"
2019-08-06,2019080602000684,SJCL,45,22,10,261.00,"2,610.00"
2019-08-06,2019080602000683,SJCL,45,56,10,261.00,"2,610.00"
2019-08-06,2019080602000682,SJCL,45,48,20,261.00,"5,220.00"
2019-08-06,2019080602000693,SJCL,45,53,10,261.00,"2,610.00"
2019-08-06,2019080602000692,SJCL,45,11,20,261.00,"5,220.00"
2019-08-06,2019080602000691,SJCL,45,56,20,261.00,"5,220.00"
2019-08-06,2019080602000690,SJCL,45,49,20,261.00,"5,220.00"
2019-08-06,2019080602000689,SJCL,45,39,20,261.00,"5,220.00"
2019-08-06,2019080602000688,SJCL,45,34,10,261.00,"2,610.00"
2019-08-06,2019080602000702,SJCL,35,49,20,260.10,"5,202.00"
2019-08-06,2019080602000701,SJCL,35,38,20,260.10,"5,202.00"
2019-08-06,2019080602000697,SJCL,45,6,10,261.00,"2,610.00"
2019-08-06,2019080602000696,SJCL,45,58,20,261.00,"5,220.00"
2019-08-06,2019080602000695,SJCL,45,57,20,261.00,"5,220.00"
2019-08-06,2019080602000694,SJCL,45,49,20,261.00,"5,220.00"
2019-08-06,2019080602000708,SJCL,57,59,20,261.00,"5,220.00"
2019-08-06,2019080602000707,SJCL,57,42,20,261.00,"5,220.00"
2019-08-06,2019080602000706,SJCL,57,26,20,261.00,"5,220.00"
2019-08-06,2019080602000705,SJCL,57,42,20,261.00,"5,220.00"
2019-08-06,2019080602000704,SJCL,35,58,10,260.10,"2,601.00"
2019-08-06,2019080602000703,SJCL,35,8,20,260.10,"5,202.00"
2019-08-06,2019080602000714,SJCL,35,44,20,260.10,"5,202.00"
2019-08-06,2019080602000713,SJCL,35,56,20,260.10,"5,202.00"
2019-08-06,2019080602000712,SJCL,35,58,20,260.10,"5,202.00"
2019-08-06,2019080602000711,SJCL,35,43,20,260.10,"5,202.00"
2019-08-06,2019080602000710,SJCL,35,56,20,260.10,"5,202.00"
2019-08-06,2019080602000709,SJCL,57,39,20,261.00,"5,220.00"
2019-08-06,2019080602000720,SJCL,42,58,20,260.10,"5,202.00"
2019-08-06,2019080602000719,SJCL,42,58,20,260.10,"5,202.00"
2019-08-06,2019080602000718,SJCL,42,17,20,260.10,"5,202.00"
2019-08-06,2019080602000717,SJCL,35,17,20,260.10,"5,202.00"
2019-08-06,2019080602000716,SJCL,35,43,11,260.10,"2,861.10"
2019-08-06,2019080602000715,SJCL,35,1,20,260.10,"5,202.00"
2019-08-06,2019080602000729,SJCL,45,26,10,261.00,"2,610.00"
2019-08-06,2019080602000728,SJCL,35,16,20,261.00,"5,220.00"
2019-08-06,2019080602000726,SJCL,53,29,20,261.00,"5,220.00"
2019-08-06,2019080602000725,SJCL,53,56,10,261.00,"2,610.00"
2019-08-06,2019080602000724,SJCL,53,58,20,260.10,"5,202.00"
2019-08-06,2019080602000721,SJCL,42,58,20,260.10,"5,202.00"
2019-08-06,2019080602000736,SJCL,45,49,20,261.00,"5,220.00"
2019-08-06,2019080602000735,SJCL,45,58,20,261.00,"5,220.00"
2019-08-06,2019080602000734,SJCL,45,52,20,261.00,"5,220.00"
2019-08-06,2019080602000733,SJCL,45,14,20,261.00,"5,220.00"
2019-08-06,2019080602000732,SJCL,45,42,20,261.00,"5,220.00"
2019-08-06,2019080602000730,SJCL,34,26,10,261.00,"2,610.00"
2019-08-06,2019080602000742,SJCL,45,26,20,261.00,"5,220.00"
2019-08-06,2019080602000741,SJCL,45,34,20,261.00,"5,220.00"
2019-08-06,2019080602000740,SJCL,45,43,20,261.00,"5,220.00"
2019-08-06,2019080602000739,SJCL,45,20,10,261.00,"2,610.00"
2019-08-06,2019080602000738,SJCL,45,56,20,261.00,"5,220.00"
2019-08-06,2019080602000737,SJCL,45,53,20,261.00,"5,220.00"
2019-08-06,2019080602000748,SJCL,45,59,20,261.00,"5,220.00"
2019-08-06,2019080602000747,SJCL,45,11,10,261.00,"2,610.00"
2019-08-06,2019080602000746,SJCL,45,6,10,261.00,"2,610.00"
2019-08-06,2019080602000745,SJCL,45,26,20,261.00,"5,220.00"
2019-08-06,2019080602000744,SJCL,45,42,20,261.00,"5,220.00"
2019-08-06,2019080602000743,SJCL,45,50,10,261.00,"2,610.00"
2019-08-06,2019080602000754,SJCL,45,49,20,261.00,"5,220.00"
2019-08-06,2019080602000753,SJCL,45,16,20,261.00,"5,220.00"
2019-08-06,2019080602000752,SJCL,45,47,20,261.00,"5,220.00"
2019-08-06,2019080602000751,SJCL,45,39,20,261.00,"5,220.00"
2019-08-06,2019080602000750,SJCL,45,58,20,261.00,"5,220.00"
2019-08-06,2019080602000749,SJCL,45,55,20,261.00,"5,220.00"
2019-08-06,2019080602000767,SJCL,21,6,10,261.00,"2,610.00"
2019-08-06,2019080602000759,SJCL,45,26,10,261.00,"2,610.00"
2019-08-06,2019080602000758,SJCL,45,58,20,261.00,"5,220.00"
2019-08-06,2019080602000757,SJCL,45,26,20,261.00,"5,220.00"
2019-08-06,2019080602000756,SJCL,45,56,10,261.00,"2,610.00"
2019-08-06,2019080602000755,SJCL,45,5,20,261.00,"5,220.00"
2019-08-06,2019080602000773,SJCL,21,55,20,261.00,"5,220.00"
2019-08-06,2019080602000772,SJCL,21,42,20,261.00,"5,220.00"
2019-08-06,2019080602000771,SJCL,21,11,20,261.00,"5,220.00"
2019-08-06,2019080602000770,SJCL,21,53,20,261.00,"5,220.00"
2019-08-06,2019080602000769,SJCL,21,20,20,261.00,"5,220.00"
2019-08-06,2019080602000768,SJCL,21,56,21,261.00,"5,481.00"
2019-08-06,2019080602000782,SJCL,58,26,20,261.00,"5,220.00"
2019-08-06,2019080602000778,SJCL,21,59,19,261.00,"4,959.00"
2019-08-06,2019080602000777,SJCL,21,56,10,261.00,"2,610.00"
2019-08-06,2019080602000776,SJCL,21,32,10,261.00,"2,610.00"
2019-08-06,2019080602000775,SJCL,21,16,10,261.00,"2,610.00"
2019-08-06,2019080602000774,SJCL,21,34,20,261.00,"5,220.00"
2019-08-06,2019080602000791,SJCL,52,39,10,261.00,"2,610.00"
2019-08-06,2019080602000787,SJCL,32,39,10,261.00,"2,610.00"
2019-08-06,2019080602000786,SJCL,32,58,20,261.00,"5,220.00"
2019-08-06,2019080602000785,SJCL,32,49,10,261.00,"2,610.00"
2019-08-06,2019080602000784,SJCL,32,59,10,261.00,"2,610.00"
2019-08-06,2019080602000783,SJCL,58,59,10,261.00,"2,610.00"
2019-08-06,2019080602000799,SJCL,17,48,20,261.00,"5,220.00"
2019-08-06,2019080602000798,SJCL,17,39,10,261.00,"2,610.00"
2019-08-06,2019080602000797,SJCL,46,39,10,261.00,"2,610.00"
2019-08-06,2019080602000796,SJCL,46,6,20,261.00,"5,220.00"
2019-08-06,2019080602000795,SJCL,56,29,20,261.00,"5,220.00"
2019-08-06,2019080602000792,SJCL,52,6,10,261.00,"2,610.00"
2019-08-06,2019080602000805,SJCL,17,14,20,261.00,"5,220.00"
2019-08-06,2019080602000804,SJCL,17,16,20,261.00,"5,220.00"
2019-08-06,2019080602000803,SJCL,17,21,10,261.00,"2,610.00"
2019-08-06,2019080602000802,SJCL,17,17,20,261.00,"5,220.00"
2019-08-06,2019080602000801,SJCL,17,56,20,261.00,"5,220.00"
2019-08-06,2019080602000800,SJCL,17,55,20,261.00,"5,220.00"
2019-08-06,2019080602000811,SJCL,17,5,20,261.00,"5,220.00"
2019-08-06,2019080602000810,SJCL,17,11,10,261.00,"2,610.00"
2019-08-06,2019080602000809,SJCL,17,49,20,261.00,"5,220.00"
2019-08-06,2019080602000808,SJCL,17,20,20,261.00,"5,220.00"
2019-08-06,2019080602000807,SJCL,17,53,20,261.00,"5,220.00"
2019-08-06,2019080602000806,SJCL,17,6,20,261.00,"5,220.00"
2019-08-06,2019080602000817,SJCL,17,56,10,261.00,"2,610.00"
2019-08-06,2019080602000816,SJCL,17,39,20,261.00,"5,220.00"
2019-08-06,2019080602000815,SJCL,17,11,20,261.00,"5,220.00"
2019-08-06,2019080602000814,SJCL,17,26,20,261.00,"5,220.00"
2019-08-06,2019080602000813,SJCL,17,39,10,261.00,"2,610.00"
2019-08-06,2019080602000812,SJCL,17,34,20,261.00,"5,220.00"
2019-08-06,2019080602000823,SJCL,17,6,20,261.00,"5,220.00"
2019-08-06,2019080602000822,SJCL,17,49,20,261.00,"5,220.00"
2019-08-06,2019080602000821,SJCL,17,17,20,261.00,"5,220.00"
2019-08-06,2019080602000820,SJCL,17,58,20,261.00,"5,220.00"
2019-08-06,2019080602000819,SJCL,17,52,20,261.00,"5,220.00"
2019-08-06,2019080602000818,SJCL,17,57,20,261.00,"5,220.00"
2019-08-06,2019080601006063,ADBL,19,4,15,432.00,"6,480.00"
2019-08-06,2019080601006015,AHPC,17,43,20,105.00,"2,100.00"
2019-08-06,2019080601006064,AKJCL,37,37,10,68.00,680.00
2019-08-06,2019080601005967,BOKL,6,38,316,260.00,"82,160.00"
2019-08-06,2019080601005966,BOKL,6,38,110,260.00,"28,600.00"
2019-08-06,2019080601006092,BPCL,8,50,188,395.00,"74,260.00"
2019-08-06,2019080601006091,BPCL,51,50,130,395.00,"51,350.00"
2019-08-06,2019080601006090,BPCL,48,50,20,395.00,"7,900.00"
2019-08-06,2019080601006089,BPCL,14,50,14,396.00,"5,544.00"
2019-08-06,2019080601006088,BPCL,45,50,400,396.00,"158,400.00"
2019-08-06,2019080601006087,BPCL,56,50,200,396.00,"79,200.00"
2019-08-06,2019080601006086,BPCL,50,50,48,396.00,"19,008.00"
2019-08-06,2019080601005965,BPCL,37,37,11,397.00,"4,367.00"
2019-08-06,2019080601006084,CBBL,6,6,450,999.00,"449,550.00"
2019-08-06,2019080601006083,CBBL,6,25,104,999.00,"103,896.00"
2019-08-06,2019080601006082,CBBL,6,47,50,999.00,"49,950.00"
2019-08-06,2019080601006081,CBBL,6,34,30,997.00,"29,910.00"
2019-08-06,2019080601006041,CCBL,10,13,"1,000",166.00,"166,000.00"
2019-08-06,2019080601006040,CCBL,21,13,100,166.00,"16,600.00"
2019-08-06,2019080601006039,CCBL,57,13,100,166.00,"16,600.00"
2019-08-06,2019080601006038,CCBL,26,13,"1,000",166.00,"166,000.00"
2019-08-06,2019080601006037,CCBL,52,13,30,166.00,"4,980.00"
2019-08-06,2019080601006036,CCBL,35,13,200,166.00,"33,200.00"
2019-08-06,2019080601006029,CCBL,48,13,100,166.00,"16,600.00"
2019-08-06,2019080601006028,CCBL,48,13,340,166.00,"56,440.00"
2019-08-06,2019080601006035,CCBL,35,13,200,166.00,"33,200.00"
2019-08-06,2019080601006034,CCBL,35,13,200,166.00,"33,200.00"
2019-08-06,2019080601006033,CCBL,35,13,200,166.00,"33,200.00"
2019-08-06,2019080601006032,CCBL,35,13,250,166.00,"41,500.00"
2019-08-06,2019080601006031,CCBL,35,13,"1,000",166.00,"166,000.00"
2019-08-06,2019080601006030,CCBL,17,13,"1,000",166.00,"166,000.00"
2019-08-06,2019080601006009,CEFL,4,34,"1,500",107.00,"160,500.00"
2019-08-06,2019080601006066,CLBSL,52,17,500,511.00,"255,500.00"
2019-08-06,2019080601006061,CZBIL,58,34,284,221.00,"62,764.00"
2019-08-06,2019080601006060,CZBIL,58,41,400,221.00,"88,400.00"
2019-08-06,2019080601006059,CZBIL,58,46,150,221.00,"33,150.00"
2019-08-06,2019080601005961,CZBIL,47,11,117,220.00,"25,740.00"
2019-08-06,2019080601005960,CZBIL,56,11,883,220.00,"194,260.00"
2019-08-06,2019080601005972,DDBL,20,32,10,762.00,"7,620.00"
2019-08-06,2019080601006008,EBL,20,11,108,652.00,"70,416.00"
2019-08-06,2019080601006085,FMDBL,16,50,10,388.00,"3,880.00"
2019-08-06,2019080601006062,FOWAD,45,4,20,"1,385.00","27,700.00"
2019-08-06,2019080601006020,GBLBS,38,38,80,369.00,"29,520.00"
2019-08-06,2019080601005980,GBLBS,38,38,190,368.00,"69,920.00"
2019-08-06,2019080601005958,GBLBS,38,35,200,367.00,"73,400.00"
2019-08-06,2019080601006056,GFCL,11,11,50,132.00,"6,600.00"
2019-08-06,2019080601006027,GLBSL,7,14,170,486.00,"82,620.00"
2019-08-06,2019080601006023,GLBSL,38,14,30,486.00,"14,580.00"
2019-08-06,2019080601005952,GLBSL,57,42,10,486.00,"4,860.00"
2019-08-06,2019080601005979,GLICL,53,58,15,473.00,"7,095.00"
2019-08-06,2019080601005959,GLICL,45,58,85,479.00,"40,715.00"
2019-08-06,2019080601005949,GLICL,28,41,216,481.00,"103,896.00"
2019-08-06,2019080601005948,GLICL,28,50,50,481.00,"24,050.00"
2019-08-06,2019080601005985,GMFBS,21,45,10,554.00,"5,540.00"
2019-08-06,2019080601006051,HIDCL,44,51,16,153.00,"2,448.00"
2019-08-06,2019080601006052,KPCL,34,59,250,88.00,"22,000.00"
2019-08-06,2019080601006097,LBBL,35,17,150,205.00,"30,750.00"
2019-08-06,2019080601006079,LBBL,41,17,200,205.00,"41,000.00"
2019-08-06,2019080601006043,LBBL,25,17,100,205.00,"20,500.00"
2019-08-06,2019080601006018,LBBL,17,32,50,204.00,"10,200.00"
2019-08-06,2019080601006017,LBBL,25,32,20,204.00,"4,080.00"
2019-08-06,2019080601006016,LBBL,47,32,74,204.00,"15,096.00"
2019-08-06,2019080601005962,LBBL,33,32,500,204.00,"102,000.00"
2019-08-06,2019080601005977,LBBL,47,10,26,204.00,"5,304.00"
2019-08-06,2019080601005976,LBBL,33,10,474,204.00,"96,696.00"
2019-08-06,2019080601005975,LBBL,32,10,500,205.00,"102,500.00"
2019-08-06,2019080601005963,LBBL,32,17,500,205.00,"102,500.00"
2019-08-06,2019080601006010,LICN,40,28,30,"1,142.00","34,260.00"
2019-08-06,2019080601005978,MBL,38,56,24,261.00,"6,264.00"
2019-08-06,2019080601006058,MEGA,3,32,500,202.00,"101,000.00"
2019-08-06,2019080601006013,MLBL,4,51,172,199.00,"34,228.00"
2019-08-06,2019080601006012,MLBL,4,51,100,199.00,"19,900.00"
2019-08-06,2019080601006011,MLBL,4,51,100,199.00,"19,900.00"
2019-08-06,2019080601006005,MNBBL,19,35,"1,000",376.00,"376,000.00"
2019-08-06,2019080601005991,MNBBL,41,56,400,374.00,"149,600.00"
2019-08-06,2019080601006074,NADEP,5,34,10,458.00,"4,580.00"
2019-08-06,2019080601006069,NAGRO,57,36,30,790.00,"23,700.00"
2019-08-06,2019080601005951,NAGRO,8,33,25,785.00,"19,625.00"
2019-08-06,2019080601005950,NAGRO,54,33,25,785.00,"19,625.00"
2019-08-06,2019080601005968,NBB,56,42,93,219.00,"20,367.00"
2019-08-06,2019080601006093,NBL,33,50,10,326.00,"3,260.00"
2019-08-06,2019080601006070,NBL,34,50,80,326.00,"26,080.00"
2019-08-06,2019080601006065,NBL,52,50,100,326.00,"32,600.00"
2019-08-06,2019080601006057,NBL,14,50,"1,000",326.00,"326,000.00"
2019-08-06,2019080601006054,NBL,43,45,63,325.00,"20,475.00"
2019-08-06,2019080601006053,NBL,35,45,937,325.00,"304,525.00"
2019-08-06,2019080601006004,NBL,19,50,300,326.00,"97,800.00"
2019-08-06,2019080601005964,NBL,8,50,"2,000",326.00,"652,000.00"
2019-08-06,2019080601005957,NBL,22,50,380,326.00,"123,880.00"
2019-08-06,2019080601006094,NCCB,58,56,10,243.00,"2,430.00"
2019-08-06,2019080601006049,NCCB,32,58,477,242.00,"115,434.00"
2019-08-06,2019080601006048,NCCB,48,58,400,242.00,"96,800.00"
2019-08-06,2019080601006047,NCCB,41,58,500,242.00,"121,000.00"
2019-08-06,2019080601006046,NCCB,16,58,200,242.00,"48,400.00"
2019-08-06,2019080601006045,NCCB,25,58,10,242.00,"2,420.00"
2019-08-06,2019080601006044,NCCB,34,58,223,242.00,"53,966.00"
2019-08-06,2019080601006095,NHPC,25,52,10,64.00,640.00
2019-08-06,2019080601006068,NHPC,39,52,"1,000",64.00,"64,000.00"
2019-08-06,2019080601006067,NHPC,25,52,10,64.00,640.00
2019-08-06,2019080601005995,NIB,47,47,69,510.00,"35,190.00"
2019-08-06,2019080601005994,NIB,13,47,100,510.00,"51,000.00"
2019-08-06,2019080601005993,NIB,14,47,531,510.00,"270,810.00"
2019-08-06,2019080601005989,NIBPO,45,4,500,464.00,"232,000.00"
2019-08-06,2019080601005988,NIBPO,1,4,100,464.00,"46,400.00"
2019-08-06,2019080601005987,NIBPO,43,4,500,464.00,"232,000.00"
2019-08-06,2019080601005970,NIBPO,21,4,200,465.00,"93,000.00"
2019-08-06,2019080601005982,NICA,32,16,100,458.00,"45,800.00"
2019-08-06,2019080601005969,NICA,36,16,14,458.00,"6,412.00"
2019-08-06,2019080601005943,NICA,50,17,232,456.00,"105,792.00"
2019-08-06,2019080601005942,NICA,50,22,132,456.00,"60,192.00"
2019-08-06,2019080601006042,NLBBL,35,45,100,555.00,"55,500.00"
2019-08-06,2019080601005990,NLIC,1,44,100,875.00,"87,500.00"
2019-08-06,2019080601006078,NNLB,13,29,20,440.00,"8,800.00"
2019-08-06,2019080601006077,NNLB,57,29,60,441.00,"26,460.00"
2019-08-06,2019080601006076,NNLB,34,29,100,442.00,"44,200.00"
2019-08-06,2019080601006021,PCBL,14,43,442,278.00,"122,876.00"
2019-08-06,2019080601006096,PFL,14,45,26,138.00,"3,588.00"
2019-08-06,2019080601006080,PMHPL,22,51,10,103.00,"1,030.00"
2019-08-06,2019080601006006,PMHPL,37,37,10,105.00,"1,050.00"
2019-08-06,2019080601006022,PPCL,6,19,20,133.00,"2,660.00"
2019-08-06,2019080601006003,PPCL,33,19,90,133.00,"11,970.00"
2019-08-06,2019080601006002,PPCL,33,6,10,132.00,"1,320.00"
2019-08-06,2019080601006001,PPCL,33,55,30,132.00,"3,960.00"
2019-08-06,2019080601006000,PPCL,33,58,10,131.00,"1,310.00"
2019-08-06,2019080601005999,PPCL,33,38,20,131.00,"2,620.00"
2019-08-06,2019080601005998,PPCL,33,5,20,130.00,"2,600.00"
2019-08-06,2019080601005973,PRIN,45,51,17,368.00,"6,256.00"
2019-08-06,2019080601006050,PRVU,36,42,23,272.00,"6,256.00"
2019-08-06,2019080601005984,PRVU,34,13,31,271.00,"8,401.00"
2019-08-06,2019080601005983,PRVU,38,13,269,271.00,"72,899.00"
2019-08-06,2019080602000286,RHPL,29,59,20,281.00,"5,620.00"
2019-08-06,2019080602000285,RHPL,29,47,30,281.00,"8,430.00"
2019-08-06,2019080602000284,RHPL,29,4,30,281.00,"8,430.00"
2019-08-06,2019080602000273,RHPL,53,50,10,286.00,"2,860.00"
2019-08-06,2019080602000272,RHPL,53,32,50,286.00,"14,300.00"
2019-08-06,2019080602000271,RHPL,53,32,20,286.00,"5,720.00"
2019-08-06,2019080602000005,RHPL,29,59,40,292.00,"11,680.00"
2019-08-06,2019080602000004,RHPL,29,39,40,292.00,"11,680.00"
2019-08-06,2019080602000003,RHPL,29,39,40,292.00,"11,680.00"
2019-08-06,2019080602000002,RHPL,29,39,40,292.00,"11,680.00"
2019-08-06,2019080602000001,RHPL,29,39,40,292.00,"11,680.00"
2019-08-06,2019080602000011,RHPL,29,16,40,292.00,"11,680.00"
2019-08-06,2019080602000010,RHPL,29,16,40,292.00,"11,680.00"
2019-08-06,2019080602000009,RHPL,29,16,40,292.00,"11,680.00"
2019-08-06,2019080602000008,RHPL,29,16,40,292.00,"11,680.00"
2019-08-06,2019080602000007,RHPL,29,56,40,292.00,"11,680.00"
2019-08-06,2019080602000006,RHPL,29,10,40,292.00,"11,680.00"
2019-08-06,2019080602000017,RHPL,29,16,40,292.00,"11,680.00"
2019-08-06,2019080602000016,RHPL,29,16,40,292.00,"11,680.00"
2019-08-06,2019080602000015,RHPL,29,17,40,292.00,"11,680.00"
2019-08-06,2019080602000014,RHPL,29,59,50,292.00,"14,600.00"
2019-08-06,2019080602000013,RHPL,29,59,40,292.00,"11,680.00"
2019-08-06,2019080602000012,RHPL,29,59,40,292.00,"11,680.00"
2019-08-06,2019080602000023,RHPL,29,47,40,292.00,"11,680.00"
2019-08-06,2019080602000022,RHPL,29,16,40,292.00,"11,680.00"
2019-08-06,2019080602000021,RHPL,29,47,50,292.00,"14,600.00"
2019-08-06,2019080602000020,RHPL,29,47,40,292.00,"11,680.00"
2019-08-06,2019080602000019,RHPL,29,16,40,292.00,"11,680.00"
2019-08-06,2019080602000018,RHPL,29,47,40,292.00,"11,680.00"
2019-08-06,2019080602000029,RHPL,47,39,10,292.00,"2,920.00"
2019-08-06,2019080602000028,RHPL,42,39,10,292.00,"2,920.00"
2019-08-06,2019080602000027,RHPL,47,39,10,292.00,"2,920.00"
2019-08-06,2019080602000026,RHPL,47,39,20,292.00,"5,840.00"
2019-08-06,2019080602000025,RHPL,29,39,20,292.00,"5,840.00"
2019-08-06,2019080602000024,RHPL,29,39,40,292.00,"11,680.00"
2019-08-06,2019080602000035,RHPL,52,39,20,292.00,"5,840.00"
2019-08-06,2019080602000034,RHPL,52,39,40,292.00,"11,680.00"
2019-08-06,2019080602000033,RHPL,52,39,10,292.00,"2,920.00"
2019-08-06,2019080602000032,RHPL,14,39,10,292.00,"2,920.00"
2019-08-06,2019080602000031,RHPL,58,39,20,292.00,"5,840.00"
2019-08-06,2019080602000030,RHPL,58,39,20,292.00,"5,840.00"
2019-08-06,2019080602000041,RHPL,37,16,10,292.00,"2,920.00"
2019-08-06,2019080602000040,RHPL,52,16,40,292.00,"11,680.00"
2019-08-06,2019080602000039,RHPL,52,16,50,292.00,"14,600.00"
2019-08-06,2019080602000038,RHPL,52,16,50,292.00,"14,600.00"
2019-08-06,2019080602000037,RHPL,52,16,50,292.00,"14,600.00"
2019-08-06,2019080602000036,RHPL,52,56,40,292.00,"11,680.00"
2019-08-06,2019080602000047,RHPL,34,16,40,292.00,"11,680.00"
2019-08-06,2019080602000046,RHPL,34,16,40,292.00,"11,680.00"
2019-08-06,2019080602000045,RHPL,34,16,40,292.00,"11,680.00"
2019-08-06,2019080602000044,RHPL,34,16,40,292.00,"11,680.00"
2019-08-06,2019080602000043,RHPL,34,16,40,292.00,"11,680.00"
2019-08-06,2019080602000042,RHPL,34,16,30,292.00,"8,760.00"
2019-08-06,2019080602000053,RHPL,34,16,40,292.00,"11,680.00"
2019-08-06,2019080602000052,RHPL,34,26,50,292.00,"14,600.00"
2019-08-06,2019080602000051,RHPL,34,39,40,292.00,"11,680.00"
2019-08-06,2019080602000050,RHPL,34,16,40,292.00,"11,680.00"
2019-08-06,2019080602000049,RHPL,34,39,40,292.00,"11,680.00"
2019-08-06,2019080602000048,RHPL,34,39,40,292.00,"11,680.00"
2019-08-06,2019080602000059,RHPL,34,16,40,292.00,"11,680.00"
2019-08-06,2019080602000058,RHPL,34,16,40,292.00,"11,680.00"
2019-08-06,2019080602000057,RHPL,34,16,40,292.00,"11,680.00"
2019-08-06,2019080602000056,RHPL,34,16,40,292.00,"11,680.00"
2019-08-06,2019080602000055,RHPL,34,16,40,292.00,"11,680.00"
2019-08-06,2019080602000054,RHPL,34,42,40,292.00,"11,680.00"
2019-08-06,2019080602000065,RHPL,34,16,30,292.00,"8,760.00"
2019-08-06,2019080602000064,RHPL,34,16,40,292.00,"11,680.00"
2019-08-06,2019080602000063,RHPL,34,29,10,292.00,"2,920.00"
2019-08-06,2019080602000062,RHPL,34,16,40,292.00,"11,680.00"
2019-08-06,2019080602000061,RHPL,34,16,40,292.00,"11,680.00"
2019-08-06,2019080602000060,RHPL,34,29,10,292.00,"2,920.00"
2019-08-06,2019080602000219,RHPL,39,47,30,286.00,"8,580.00"
2019-08-06,2019080602000191,RHPL,29,26,10,291.00,"2,910.00"
2019-08-06,2019080602000069,RHPL,34,47,20,292.00,"5,840.00"
2019-08-06,2019080602000068,RHPL,34,47,10,292.00,"2,920.00"
2019-08-06,2019080602000067,RHPL,34,50,40,292.00,"11,680.00"
2019-08-06,2019080602000066,RHPL,34,39,40,292.00,"11,680.00"
2019-08-06,2019080602000236,RHPL,49,14,10,286.00,"2,860.00"
2019-08-06,2019080602000227,RHPL,39,14,10,286.00,"2,860.00"
2019-08-06,2019080602000226,RHPL,39,58,30,286.00,"8,580.00"
2019-08-06,2019080602000225,RHPL,39,18,40,286.00,"11,440.00"
2019-08-06,2019080602000224,RHPL,39,26,20,286.00,"5,720.00"
2019-08-06,2019080602000220,RHPL,39,26,10,286.00,"2,860.00"
2019-08-06,2019080602000252,RHPL,53,26,40,281.00,"11,240.00"
2019-08-06,2019080602000251,RHPL,53,53,40,281.00,"11,240.00"
2019-08-06,2019080602000250,RHPL,53,29,10,281.00,"2,810.00"
2019-08-06,2019080602000249,RHPL,53,32,50,281.00,"14,050.00"
2019-08-06,2019080602000248,RHPL,53,58,40,281.00,"11,240.00"
2019-08-06,2019080602000247,RHPL,53,47,30,281.00,"8,430.00"
2019-08-06,2019080602000258,RHPL,53,51,40,286.00,"11,440.00"
2019-08-06,2019080602000257,RHPL,53,17,80,286.00,"22,880.00"
2019-08-06,2019080602000256,RHPL,53,47,40,286.00,"11,440.00"
2019-08-06,2019080602000255,RHPL,53,43,40,286.00,"11,440.00"
2019-08-06,2019080602000254,RHPL,53,14,20,286.00,"5,720.00"
2019-08-06,2019080602000253,RHPL,53,43,50,281.00,"14,050.00"
2019-08-06,2019080602000264,RHPL,53,53,40,286.00,"11,440.00"
2019-08-06,2019080602000263,RHPL,53,14,40,286.00,"11,440.00"
2019-08-06,2019080602000262,RHPL,53,52,30,286.00,"8,580.00"
2019-08-06,2019080602000261,RHPL,53,16,30,286.00,"8,580.00"
2019-08-06,2019080602000260,RHPL,53,47,30,286.00,"8,580.00"
2019-08-06,2019080602000259,RHPL,53,42,40,286.00,"11,440.00"
2019-08-06,2019080602000270,RHPL,53,34,40,286.00,"11,440.00"
2019-08-06,2019080602000269,RHPL,53,48,50,286.00,"14,300.00"
2019-08-06,2019080602000268,RHPL,53,47,20,286.00,"5,720.00"
2019-08-06,2019080602000267,RHPL,53,57,40,286.00,"11,440.00"
2019-08-06,2019080602000266,RHPL,53,55,40,286.00,"11,440.00"
2019-08-06,2019080602000265,RHPL,53,39,40,286.00,"11,440.00"
2019-08-06,2019080601006024,RLFL,34,1,10,124.00,"1,240.00"
2019-08-06,2019080601005986,RSDC,1,22,440,358.00,"157,520.00"
2019-08-06,2019080601005956,RSDC,14,38,300,353.00,"105,900.00"
2019-08-06,2019080601005955,RSDC,47,38,100,354.00,"35,400.00"
2019-08-06,2019080601005954,RSDC,51,38,100,355.00,"35,500.00"
2019-08-06,2019080601005996,SBI,58,36,41,459.00,"18,819.00"
2019-08-06,2019080601006071,SDESI,26,6,257,616.00,"158,312.00"
2019-08-06,2019080601006025,SDESI,16,16,1,604.00,604.00
2019-08-06,2019080601005974,SHIVM,38,52,20,577.00,"11,540.00"
2019-08-06,2019080601005944,SHPC,26,28,300,243.00,"72,900.00"
2019-08-06,2019080601005971,SIC,41,7,33,605.00,"19,965.00"
2019-08-06,2019080601006026,SINDU,59,26,10,134.00,"1,340.00"
2019-08-06,2019080602000344,SJCL,29,26,20,280.00,"5,600.00"
2019-08-06,2019080602000343,SJCL,29,53,20,280.00,"5,600.00"
2019-08-06,2019080602000342,SJCL,53,51,10,284.00,"2,840.00"
2019-08-06,2019080602000341,SJCL,53,44,20,283.00,"5,660.00"
2019-08-06,2019080602000340,SJCL,53,20,20,283.00,"5,660.00"
2019-08-06,2019080602000339,SJCL,53,42,20,283.00,"5,660.00"
2019-08-06,2019080602000072,SJCL,29,39,10,289.00,"2,890.00"
2019-08-06,2019080602000071,SJCL,47,39,10,289.00,"2,890.00"
2019-08-06,2019080602000070,SJCL,47,39,10,289.00,"2,890.00"
2019-08-06,2019080602000078,SJCL,29,26,20,289.00,"5,780.00"
2019-08-06,2019080602000077,SJCL,29,26,20,289.00,"5,780.00"
2019-08-06,2019080602000076,SJCL,29,26,20,289.00,"5,780.00"
2019-08-06,2019080602000075,SJCL,29,26,20,289.00,"5,780.00"
2019-08-06,2019080602000074,SJCL,29,26,20,289.00,"5,780.00"
2019-08-06,2019080602000073,SJCL,29,39,20,289.00,"5,780.00"
2019-08-06,2019080602000084,SJCL,29,56,10,289.00,"2,890.00"
2019-08-06,2019080602000083,SJCL,29,10,20,289.00,"5,780.00"
2019-08-06,2019080602000082,SJCL,29,59,20,289.00,"5,780.00"
2019-08-06,2019080602000081,SJCL,29,26,20,289.00,"5,780.00"
2019-08-06,2019080602000080,SJCL,29,26,20,289.00,"5,780.00"
2019-08-06,2019080602000079,SJCL,29,26,20,289.00,"5,780.00"
2019-08-06,2019080602000090,SJCL,29,16,20,289.00,"5,780.00"
2019-08-06,2019080602000089,SJCL,29,16,10,289.00,"2,890.00"
2019-08-06,2019080602000088,SJCL,29,16,20,289.00,"5,780.00"
2019-08-06,2019080602000087,SJCL,29,16,10,289.00,"2,890.00"
2019-08-06,2019080602000086,SJCL,29,17,20,289.00,"5,780.00"
2019-08-06,2019080602000085,SJCL,29,56,20,289.00,"5,780.00"
2019-08-06,2019080602000096,SJCL,29,16,20,289.00,"5,780.00"
2019-08-06,2019080602000095,SJCL,29,16,20,289.00,"5,780.00"
2019-08-06,2019080602000094,SJCL,29,16,10,289.00,"2,890.00"
2019-08-06,2019080602000093,SJCL,29,16,20,289.00,"5,780.00"
2019-08-06,2019080602000092,SJCL,29,16,20,289.00,"5,780.00"
2019-08-06,2019080602000091,SJCL,29,16,20,289.00,"5,780.00"
2019-08-06,2019080602000102,SJCL,29,16,20,289.00,"5,780.00"
2019-08-06,2019080602000101,SJCL,29,16,20,289.00,"5,780.00"
2019-08-06,2019080602000100,SJCL,29,16,20,289.00,"5,780.00"
2019-08-06,2019080602000099,SJCL,29,16,20,289.00,"5,780.00"
2019-08-06,2019080602000098,SJCL,29,16,20,289.00,"5,780.00"
2019-08-06,2019080602000097,SJCL,29,16,20,289.00,"5,780.00"
2019-08-06,2019080602000108,SJCL,29,26,20,289.00,"5,780.00"
2019-08-06,2019080602000107,SJCL,29,47,20,289.00,"5,780.00"
2019-08-06,2019080602000106,SJCL,29,16,10,289.00,"2,890.00"
2019-08-06,2019080602000105,SJCL,29,16,20,289.00,"5,780.00"
2019-08-06,2019080602000104,SJCL,29,16,10,289.00,"2,890.00"
2019-08-06,2019080602000103,SJCL,29,16,20,289.00,"5,780.00"
2019-08-06,2019080602000114,SJCL,29,16,20,289.00,"5,780.00"
2019-08-06,2019080602000113,SJCL,29,16,20,289.00,"5,780.00"
2019-08-06,2019080602000112,SJCL,29,16,20,289.00,"5,780.00"
2019-08-06,2019080602000111,SJCL,29,47,20,289.00,"5,780.00"
2019-08-06,2019080602000110,SJCL,29,47,20,289.00,"5,780.00"
2019-08-06,2019080602000109,SJCL,29,47,20,289.00,"5,780.00"
2019-08-06,2019080602000120,SJCL,29,16,20,289.00,"5,780.00"
2019-08-06,2019080602000119,SJCL,29,29,10,289.00,"2,890.00"
2019-08-06,2019080602000118,SJCL,29,59,20,289.00,"5,780.00"
2019-08-06,2019080602000117,SJCL,29,16,20,289.00,"5,780.00"
2019-08-06,2019080602000116,SJCL,29,16,20,289.00,"5,780.00"
2019-08-06,2019080602000115,SJCL,29,42,20,289.00,"5,780.00"
2019-08-06,2019080602000126,SJCL,29,47,10,289.00,"2,890.00"
2019-08-06,2019080602000125,SJCL,29,47,20,289.00,"5,780.00"
2019-08-06,2019080602000124,SJCL,29,50,10,289.00,"2,890.00"
2019-08-06,2019080602000123,SJCL,29,16,20,289.00,"5,780.00"
2019-08-06,2019080602000122,SJCL,29,16,20,289.00,"5,780.00"
2019-08-06,2019080602000121,SJCL,29,16,20,289.00,"5,780.00"
2019-08-06,2019080602000132,SJCL,29,47,10,289.00,"2,890.00"
2019-08-06,2019080602000131,SJCL,29,39,20,289.00,"5,780.00"
2019-08-06,2019080602000130,SJCL,29,39,20,289.00,"5,780.00"
2019-08-06,2019080602000129,SJCL,29,29,20,289.00,"5,780.00"
2019-08-06,2019080602000128,SJCL,29,4,20,289.00,"5,780.00"
2019-08-06,2019080602000127,SJCL,42,47,10,289.00,"2,890.00"
2019-08-06,2019080602000138,SJCL,29,39,20,289.00,"5,780.00"
2019-08-06,2019080602000137,SJCL,29,49,20,289.00,"5,780.00"
2019-08-06,2019080602000136,SJCL,29,4,20,289.00,"5,780.00"
2019-08-06,2019080602000135,SJCL,29,59,20,289.00,"5,780.00"
2019-08-06,2019080602000134,SJCL,29,39,20,289.00,"5,780.00"
2019-08-06,2019080602000133,SJCL,29,39,20,289.00,"5,780.00"
2019-08-06,2019080602000144,SJCL,58,47,20,289.00,"5,780.00"
2019-08-06,2019080602000143,SJCL,14,39,20,289.00,"5,780.00"
2019-08-06,2019080602000142,SJCL,14,4,10,289.00,"2,890.00"
2019-08-06,2019080602000141,SJCL,29,4,10,289.00,"2,890.00"
2019-08-06,2019080602000140,SJCL,29,55,10,289.00,"2,890.00"
2019-08-06,2019080602000139,SJCL,29,4,20,289.00,"5,780.00"
2019-08-06,2019080602000150,SJCL,52,47,20,289.00,"5,780.00"
2019-08-06,2019080602000149,SJCL,52,4,20,289.00,"5,780.00"
2019-08-06,2019080602000148,SJCL,52,59,20,289.00,"5,780.00"
2019-08-06,2019080602000147,SJCL,52,4,20,289.00,"5,780.00"
2019-08-06,2019080602000146,SJCL,52,4,20,289.00,"5,780.00"
2019-08-06,2019080602000145,SJCL,52,48,20,289.00,"5,780.00"
2019-08-06,2019080602000156,SJCL,34,4,10,289.00,"2,890.00"
2019-08-06,2019080602000155,SJCL,37,4,10,289.00,"2,890.00"
2019-08-06,2019080602000154,SJCL,52,59,20,289.00,"5,780.00"
2019-08-06,2019080602000153,SJCL,52,4,20,289.00,"5,780.00"
2019-08-06,2019080602000152,SJCL,52,47,20,289.00,"5,780.00"
2019-08-06,2019080602000151,SJCL,52,16,20,289.00,"5,780.00"
2019-08-06,2019080602000162,SJCL,34,4,20,289.00,"5,780.00"
2019-08-06,2019080602000161,SJCL,34,59,20,289.00,"5,780.00"
2019-08-06,2019080602000160,SJCL,34,52,20,289.00,"5,780.00"
2019-08-06,2019080602000159,SJCL,34,59,20,289.00,"5,780.00"
2019-08-06,2019080602000158,SJCL,34,4,20,289.00,"5,780.00"
2019-08-06,2019080602000157,SJCL,34,59,20,289.00,"5,780.00"
2019-08-06,2019080602000168,SJCL,34,20,10,289.00,"2,890.00"
2019-08-06,2019080602000167,SJCL,34,48,20,289.00,"5,780.00"
2019-08-06,2019080602000166,SJCL,34,59,20,289.00,"5,780.00"
2019-08-06,2019080602000165,SJCL,34,48,20,289.00,"5,780.00"
2019-08-06,2019080602000164,SJCL,34,16,20,289.00,"5,780.00"
2019-08-06,2019080602000163,SJCL,34,48,20,289.00,"5,780.00"
2019-08-06,2019080602000174,SJCL,34,48,20,289.00,"5,780.00"
2019-08-06,2019080602000173,SJCL,34,19,20,289.00,"5,780.00"
2019-08-06,2019080602000172,SJCL,34,52,20,289.00,"5,780.00"
2019-08-06,2019080602000171,SJCL,34,19,20,289.00,"5,780.00"
2019-08-06,2019080602000170,SJCL,34,16,20,289.00,"5,780.00"
2019-08-06,2019080602000169,SJCL,34,19,20,289.00,"5,780.00"
2019-08-06,2019080602000180,SJCL,34,59,20,289.00,"5,780.00"
2019-08-06,2019080602000179,SJCL,34,52,20,289.00,"5,780.00"
2019-08-06,2019080602000178,SJCL,34,48,20,289.00,"5,780.00"
2019-08-06,2019080602000177,SJCL,34,52,20,289.00,"5,780.00"
2019-08-06,2019080602000176,SJCL,34,43,20,289.00,"5,780.00"
2019-08-06,2019080602000175,SJCL,34,16,10,289.00,"2,890.00"
2019-08-06,2019080602000186,SJCL,34,17,10,289.00,"2,890.00"
2019-08-06,2019080602000185,SJCL,34,48,20,289.00,"5,780.00"
2019-08-06,2019080602000184,SJCL,34,16,20,289.00,"5,780.00"
2019-08-06,2019080602000183,SJCL,34,48,20,289.00,"5,780.00"
2019-08-06,2019080602000182,SJCL,34,48,20,289.00,"5,780.00"
2019-08-06,2019080602000181,SJCL,34,10,20,289.00,"5,780.00"
2019-08-06,2019080602000193,SJCL,34,26,10,289.00,"2,890.00"
2019-08-06,2019080602000192,SJCL,43,26,10,294.00,"2,940.00"
2019-08-06,2019080602000190,SJCL,34,43,20,289.00,"5,780.00"
2019-08-06,2019080602000189,SJCL,34,59,20,289.00,"5,780.00"
2019-08-06,2019080602000188,SJCL,34,48,20,289.00,"5,780.00"
2019-08-06,2019080602000187,SJCL,34,16,20,289.00,"5,780.00"
2019-08-06,2019080602000199,SJCL,34,26,20,289.00,"5,780.00"
2019-08-06,2019080602000198,SJCL,34,26,20,289.00,"5,780.00"
2019-08-06,2019080602000197,SJCL,34,48,20,289.00,"5,780.00"
2019-08-06,2019080602000196,SJCL,34,43,10,289.00,"2,890.00"
2019-08-06,2019080602000195,SJCL,34,26,20,289.00,"5,780.00"
2019-08-06,2019080602000194,SJCL,43,53,10,294.00,"2,940.00"
2019-08-06,2019080602000205,SJCL,34,16,10,289.00,"2,890.00"
2019-08-06,2019080602000204,SJCL,34,59,20,289.00,"5,780.00"
2019-08-06,2019080602000203,SJCL,34,48,20,289.00,"5,780.00"
2019-08-06,2019080602000202,SJCL,34,18,20,289.00,"5,780.00"
2019-08-06,2019080602000201,SJCL,34,16,20,289.00,"5,780.00"
2019-08-06,2019080602000200,SJCL,34,43,20,289.00,"5,780.00"
2019-08-06,2019080602000211,SJCL,34,25,20,289.00,"5,780.00"
2019-08-06,2019080602000210,SJCL,6,39,20,293.00,"5,860.00"
2019-08-06,2019080602000209,SJCL,6,39,20,292.00,"5,840.00"
2019-08-06,2019080602000208,SJCL,6,56,10,292.00,"2,920.00"
2019-08-06,2019080602000207,SJCL,34,47,20,289.00,"5,780.00"
2019-08-06,2019080602000206,SJCL,34,26,20,289.00,"5,780.00"
2019-08-06,2019080602000217,SJCL,34,43,10,289.00,"2,890.00"
2019-08-06,2019080602000216,SJCL,53,56,10,294.00,"2,940.00"
2019-08-06,2019080602000215,SJCL,53,53,10,294.00,"2,940.00"
2019-08-06,2019080602000214,SJCL,34,26,20,289.00,"5,780.00"
2019-08-06,2019080602000213,SJCL,34,39,20,289.00,"5,780.00"
2019-08-06,2019080602000212,SJCL,34,43,20,289.00,"5,780.00"
2019-08-06,2019080602000229,SJCL,57,59,10,289.00,"2,890.00"
2019-08-06,2019080602000228,SJCL,57,18,10,289.00,"2,890.00"
2019-08-06,2019080602000223,SJCL,57,43,20,289.00,"5,780.00"
2019-08-06,2019080602000222,SJCL,57,25,20,289.00,"5,780.00"
2019-08-06,2019080602000221,SJCL,57,53,20,289.00,"5,780.00"
2019-08-06,2019080602000218,SJCL,57,43,10,289.00,"2,890.00"
2019-08-06,2019080602000235,SJCL,39,49,10,294.00,"2,940.00"
2019-08-06,2019080602000234,SJCL,39,26,20,294.00,"5,880.00"
2019-08-06,2019080602000233,SJCL,39,56,20,294.00,"5,880.00"
2019-08-06,2019080602000232,SJCL,34,1,20,289.00,"5,780.00"
2019-08-06,2019080602000231,SJCL,34,25,10,289.00,"2,890.00"
2019-08-06,2019080602000230,SJCL,57,25,10,289.00,"2,890.00"
2019-08-06,2019080602000242,SJCL,29,59,20,289.00,"5,780.00"
2019-08-06,2019080602000241,SJCL,29,1,20,289.00,"5,780.00"
2019-08-06,2019080602000240,SJCL,29,43,20,289.00,"5,780.00"
2019-08-06,2019080602000239,SJCL,34,42,20,289.00,"5,780.00"
2019-08-06,2019080602000238,SJCL,39,43,20,294.00,"5,880.00"
2019-08-06,2019080602000237,SJCL,39,26,10,294.00,"2,940.00"
2019-08-06,2019080602000275,SJCL,29,25,20,289.00,"5,780.00"
2019-08-06,2019080602000274,SJCL,29,25,10,289.00,"2,890.00"
2019-08-06,2019080602000246,SJCL,29,1,20,289.00,"5,780.00"
2019-08-06,2019080602000245,SJCL,29,58,20,289.00,"5,780.00"
2019-08-06,2019080602000244,SJCL,29,1,20,289.00,"5,780.00"
2019-08-06,2019080602000243,SJCL,29,48,20,289.00,"5,780.00"
2019-08-06,2019080602000281,SJCL,17,18,20,283.00,"5,660.00"
2019-08-06,2019080602000280,SJCL,17,49,20,283.00,"5,660.00"
2019-08-06,2019080602000279,SJCL,17,1,20,283.00,"5,660.00"
2019-08-06,2019080602000278,SJCL,29,19,10,288.00,"2,880.00"
2019-08-06,2019080602000277,SJCL,29,54,10,289.00,"2,890.00"
2019-08-06,2019080602000276,SJCL,29,26,20,289.00,"5,780.00"
2019-08-06,2019080602000290,SJCL,53,1,20,278.00,"5,560.00"
2019-08-06,2019080602000289,SJCL,53,56,20,278.00,"5,560.00"
2019-08-06,2019080602000288,SJCL,53,51,10,278.00,"2,780.00"
2019-08-06,2019080602000287,SJCL,53,50,20,278.00,"5,560.00"
2019-08-06,2019080602000283,SJCL,17,48,20,283.00,"5,660.00"
2019-08-06,2019080602000282,SJCL,17,10,20,283.00,"5,660.00"
2019-08-06,2019080602000296,SJCL,53,48,10,278.00,"2,780.00"
2019-08-06,2019080602000295,SJCL,53,59,20,278.00,"5,560.00"
2019-08-06,2019080602000294,SJCL,53,19,10,278.00,"2,780.00"
2019-08-06,2019080602000293,SJCL,53,48,20,278.00,"5,560.00"
2019-08-06,2019080602000292,SJCL,53,39,20,278.00,"5,560.00"
2019-08-06,2019080602000291,SJCL,53,43,20,278.00,"5,560.00"
2019-08-06,2019080602000302,SJCL,53,59,20,278.00,"5,560.00"
2019-08-06,2019080602000301,SJCL,53,1,20,278.00,"5,560.00"
2019-08-06,2019080602000300,SJCL,53,35,20,278.00,"5,560.00"
2019-08-06,2019080602000299,SJCL,53,59,10,278.00,"2,780.00"
2019-08-06,2019080602000298,SJCL,53,50,20,278.00,"5,560.00"
2019-08-06,2019080602000297,SJCL,53,51,20,278.00,"5,560.00"
2019-08-06,2019080602000308,SJCL,53,32,20,278.00,"5,560.00"
2019-08-06,2019080602000307,SJCL,53,42,10,278.00,"2,780.00"
2019-08-06,2019080602000306,SJCL,53,49,20,278.00,"5,560.00"
2019-08-06,2019080602000305,SJCL,53,51,20,278.00,"5,560.00"
2019-08-06,2019080602000304,SJCL,53,59,20,278.00,"5,560.00"
2019-08-06,2019080602000303,SJCL,53,17,20,278.00,"5,560.00"
2019-08-06,2019080602000314,SJCL,53,43,20,278.00,"5,560.00"
2019-08-06,2019080602000313,SJCL,53,1,20,278.00,"5,560.00"
2019-08-06,2019080602000312,SJCL,53,59,20,278.00,"5,560.00"
2019-08-06,2019080602000311,SJCL,53,51,20,278.00,"5,560.00"
2019-08-06,2019080602000310,SJCL,53,22,20,278.00,"5,560.00"
2019-08-06,2019080602000309,SJCL,53,59,20,278.00,"5,560.00"
2019-08-06,2019080602000320,SJCL,53,53,20,278.00,"5,560.00"
2019-08-06,2019080602000319,SJCL,53,44,10,278.00,"2,780.00"
2019-08-06,2019080602000318,SJCL,53,17,20,278.00,"5,560.00"
2019-08-06,2019080602000317,SJCL,53,22,20,278.00,"5,560.00"
2019-08-06,2019080602000316,SJCL,53,20,10,278.00,"2,780.00"
2019-08-06,2019080602000315,SJCL,53,53,20,278.00,"5,560.00"
2019-08-06,2019080602000326,SJCL,53,48,20,278.00,"5,560.00"
2019-08-06,2019080602000325,SJCL,53,59,20,278.00,"5,560.00"
2019-08-06,2019080602000324,SJCL,53,39,20,278.00,"5,560.00"
2019-08-06,2019080602000323,SJCL,53,50,20,278.00,"5,560.00"
2019-08-06,2019080602000322,SJCL,53,53,20,278.00,"5,560.00"
2019-08-06,2019080602000321,SJCL,53,52,20,278.00,"5,560.00"
2019-08-06,2019080602000332,SJCL,53,59,10,280.00,"2,800.00"
2019-08-06,2019080602000331,SJCL,53,22,10,280.00,"2,800.00"
2019-08-06,2019080602000330,SJCL,53,59,10,280.00,"2,800.00"
2019-08-06,2019080602000329,SJCL,53,22,10,278.00,"2,780.00"
2019-08-06,2019080602000328,SJCL,53,55,20,278.00,"5,560.00"
2019-08-06,2019080602000327,SJCL,53,25,20,278.00,"5,560.00"
2019-08-06,2019080602000338,SJCL,53,19,20,283.00,"5,660.00"
2019-08-06,2019080602000337,SJCL,53,47,20,283.00,"5,660.00"
2019-08-06,2019080602000336,SJCL,53,1,20,283.00,"5,660.00"
2019-08-06,2019080602000335,SJCL,53,17,20,283.00,"5,660.00"
2019-08-06,2019080602000334,SJCL,53,32,20,283.00,"5,660.00"
2019-08-06,2019080602000333,SJCL,53,25,20,282.00,"5,640.00"
2019-08-06,2019080601006075,SLBBL,39,45,10,540.00,"5,400.00"
2019-08-06,2019080601006014,SLBBL,33,51,200,530.00,"106,000.00"
2019-08-06,2019080601005981,SLBBL,32,51,100,530.00,"53,000.00"
2019-08-06,2019080601006055,SMFBS,34,29,20,749.00,"14,980.00"
2019-08-06,2019080601006019,SMFBS,55,34,30,743.00,"22,290.00"
2019-08-06,2019080601005997,SMFBS,50,29,20,749.00,"14,980.00"
2019-08-06,2019080601005992,SMFBS,47,29,10,749.00,"7,490.00"
2019-08-06,2019080601005953,UPCL,58,59,300,87.00,"26,100.00"
2019-08-06,2019080601005947,UPPER,54,56,21,266.00,"5,586.00"
2019-08-06,2019080601005946,UPPER,54,48,40,266.00,"10,640.00"
2019-08-06,2019080601005945,UPPER,54,48,339,266.00,"90,174.00"
2019-08-06,2019080601006007,VLBS,57,57,10,574.00,"5,740.00"
2019-08-06,2019080601005847,ADBL,28,25,50,433.00,"21,650.00"
2019-08-06,2019080601005755,ADBL,17,7,500,433.00,"216,500.00"
2019-08-06,2019080601005733,ADBL,57,7,"2,000",433.00,"866,000.00"
2019-08-06,2019080601005732,ADBL,57,42,76,433.00,"32,908.00"
2019-08-06,2019080601005731,ADBL,57,29,"1,950",433.00,"844,350.00"
2019-08-06,2019080601005667,ADBL,53,29,50,433.00,"21,650.00"
2019-08-06,2019080601005492,ADBL,45,52,20,432.00,"8,640.00"
2019-08-06,2019080601005572,ADBL,19,57,147,432.00,"63,504.00"
2019-08-06,2019080601005571,ADBL,19,38,116,432.00,"50,112.00"
2019-08-06,2019080601005562,ADBL,17,38,400,432.00,"172,800.00"
2019-08-06,2019080601005553,ADBL,14,38,564,432.00,"243,648.00"
2019-08-06,2019080601005552,ADBL,14,52,219,432.00,"94,608.00"
2019-08-06,2019080601005551,ADBL,14,25,217,432.00,"93,744.00"
2019-08-06,2019080601005703,AHPC,28,43,500,104.00,"52,000.00"
2019-08-06,2019080601005530,AHPC,16,7,100,103.00,"10,300.00"
2019-08-06,2019080601005468,AHPC,37,48,"1,379",103.00,"142,037.00"
2019-08-06,2019080601005893,AKJCL,37,37,10,68.00,680.00
2019-08-06,2019080601005678,AKJCL,7,39,10,68.00,680.00
2019-08-06,2019080601005628,ALBSL,25,25,20,477.00,"9,540.00"
2019-08-06,2019080601005459,ALBSL,25,38,10,470.00,"4,700.00"
2019-08-06,2019080601005444,ALBSL,25,56,10,465.00,"4,650.00"
2019-08-06,2019080601005443,ALBSL,25,51,10,465.00,"4,650.00"
2019-08-06,2019080601005442,ALBSL,25,38,20,461.00,"9,220.00"
2019-08-06,2019080601005864,ALICL,48,28,100,358.00,"35,800.00"
2019-08-06,2019080601005863,ALICL,58,28,100,358.00,"35,800.00"
2019-08-06,2019080601005862,ALICL,19,28,100,358.00,"35,800.00"
2019-08-06,2019080601005861,ALICL,25,28,100,359.00,"35,900.00"
2019-08-06,2019080601005860,ALICL,28,28,500,359.00,"179,500.00"
2019-08-06,2019080601005859,ALICL,25,28,100,359.00,"35,900.00"
2019-08-06,2019080601005625,ALICL,56,43,32,360.00,"11,520.00"
2019-08-06,2019080601005471,ALICL,33,43,100,360.00,"36,000.00"
2019-08-06,2019080601005470,ALICL,33,43,100,360.00,"36,000.00"
2019-08-06,2019080601005469,ALICL,22,43,147,360.00,"52,920.00"
2019-08-06,2019080601005672,API,25,50,11,136.00,"1,496.00"
2019-08-06,2019080601005485,BARUN,56,38,10,87.00,870.00
2019-08-06,2019080601005857,BOKL,6,38,"1,274",260.00,"331,240.00"
2019-08-06,2019080601005802,BOKL,6,52,300,260.00,"78,000.00"
2019-08-06,2019080601005776,BOKL,38,11,90,259.00,"23,310.00"
2019-08-06,2019080601005775,BOKL,4,11,572,259.00,"148,148.00"
2019-08-06,2019080601005683,BPCL,11,16,80,397.00,"31,760.00"
2019-08-06,2019080601005494,BPCL,11,50,20,397.00,"7,940.00"
2019-08-06,2019080601005784,CBBL,6,36,200,996.00,"199,200.00"
2019-08-06,2019080601005491,CBBL,6,52,225,996.00,"224,100.00"
2019-08-06,2019080601005878,CBL,29,11,"1,992",151.00,"300,792.00"
2019-08-06,2019080601005877,CBL,34,11,100,151.00,"15,100.00"
2019-08-06,2019080601005876,CBL,26,11,408,151.00,"61,608.00"
2019-08-06,2019080601005670,CBL,33,34,400,152.00,"60,800.00"
2019-08-06,2019080601005669,CBL,33,35,500,152.00,"76,000.00"
2019-08-06,2019080601005668,CBL,33,11,"1,262",152.00,"191,824.00"
2019-08-06,2019080601005656,CBL,26,59,102,151.00,"15,402.00"
2019-08-06,2019080601005529,CBL,38,11,500,152.00,"76,000.00"
2019-08-06,2019080601005925,CCBL,48,11,160,166.00,"26,560.00"
2019-08-06,2019080601005924,CCBL,10,11,400,166.00,"66,400.00"
2019-08-06,2019080601005923,CCBL,17,11,440,166.00,"73,040.00"
2019-08-06,2019080601005495,CCBL,17,38,52,166.00,"8,632.00"
2019-08-06,2019080601005803,CFCL,33,38,139,119.00,"16,541.00"
2019-08-06,2019080601005801,CHCL,6,55,72,509.00,"36,648.00"
2019-08-06,2019080601005714,CHCL,6,38,500,510.00,"255,000.00"
2019-08-06,2019080601005713,CHCL,6,59,245,510.00,"124,950.00"
2019-08-06,2019080601005828,CZBIL,56,11,"1,000",220.00,"220,000.00"
2019-08-06,2019080601005706,DDBL,34,8,287,751.00,"215,537.00"
2019-08-06,2019080601005705,DDBL,53,8,20,752.00,"15,040.00"
2019-08-06,2019080601005921,EBL,20,38,116,652.00,"75,632.00"
2019-08-06,2019080601005920,EBL,51,38,100,652.00,"65,200.00"
2019-08-06,2019080601005919,EBL,14,38,234,652.00,"152,568.00"
2019-08-06,2019080601005909,EBL,14,38,266,652.00,"173,432.00"
2019-08-06,2019080601005746,EBL,11,38,50,653.00,"32,650.00"
2019-08-06,2019080601005686,FMDBL,33,40,60,383.00,"22,980.00"
2019-08-06,2019080601005685,FMDBL,36,40,340,383.00,"130,220.00"
2019-08-06,2019080601005753,FOWAD,17,32,15,"1,380.00","20,700.00"
2019-08-06,2019080601005929,GBLBS,6,40,100,365.00,"36,500.00"
2019-08-06,2019080601005928,GBLBS,25,40,200,365.00,"73,000.00"
2019-08-06,2019080601005912,GBLBS,52,38,10,368.00,"3,680.00"
2019-08-06,2019080601005453,GDBL,39,51,156,209.00,"32,604.00"
2019-08-06,2019080601005452,GDBL,20,51,18,210.00,"3,780.00"
2019-08-06,2019080601005476,GILB,1,19,80,700.00,"56,000.00"
2019-08-06,2019080601005475,GILB,57,19,50,701.00,"35,050.00"
2019-08-06,2019080601005474,GILB,7,19,20,703.00,"14,060.00"
2019-08-06,2019080601005473,GILB,19,19,100,704.00,"70,400.00"
2019-08-06,2019080601005777,GLBSL,19,40,10,479.00,"4,790.00"
2019-08-06,2019080601005761,GLBSL,19,40,10,479.00,"4,790.00"
2019-08-06,2019080601005747,GLBSL,19,40,10,479.00,"4,790.00"
2019-08-06,2019080601005717,GLBSL,6,7,140,483.00,"67,620.00"
2019-08-06,2019080601005716,GLBSL,6,41,50,483.00,"24,150.00"
2019-08-06,2019080601005684,GLBSL,19,47,40,482.00,"19,280.00"
2019-08-06,2019080601005642,GLBSL,19,47,10,481.00,"4,810.00"
2019-08-06,2019080601005546,GLBSL,19,47,10,480.00,"4,800.00"
2019-08-06,2019080601005542,GLBSL,17,40,10,477.00,"4,770.00"
2019-08-06,2019080601005487,GLBSL,19,58,10,481.00,"4,810.00"
2019-08-06,2019080601005916,GLICL,45,13,15,479.00,"7,185.00"
2019-08-06,2019080601005749,GLICL,45,34,200,479.00,"95,800.00"
2019-08-06,2019080601005748,GLICL,45,38,116,479.00,"55,564.00"
2019-08-06,2019080601005741,GLICL,21,38,100,479.00,"47,900.00"
2019-08-06,2019080601005720,GLICL,41,48,100,478.00,"47,800.00"
2019-08-06,2019080601005634,GLICL,48,20,200,478.00,"95,600.00"
2019-08-06,2019080601005633,GLICL,48,45,110,478.00,"52,580.00"
2019-08-06,2019080601005632,GLICL,48,52,10,478.00,"4,780.00"
2019-08-06,2019080601005631,GLICL,48,16,116,475.00,"55,100.00"
2019-08-06,2019080601005663,GMFBS,10,38,500,549.00,"274,500.00"
2019-08-06,2019080601005606,GMFBS,19,38,10,549.00,"5,490.00"
2019-08-06,2019080601005605,GMFBS,19,47,20,548.00,"10,960.00"
2019-08-06,2019080601005604,GMFBS,19,36,50,548.00,"27,400.00"
2019-08-06,2019080601005603,GMFBS,19,37,10,547.00,"5,470.00"
2019-08-06,2019080601005602,GMFBS,19,52,10,547.00,"5,470.00"
2019-08-06,2019080601005887,HBL,14,48,"1,000",548.00,"548,000.00"
2019-08-06,2019080601005886,HBL,14,35,200,548.00,"109,600.00"
2019-08-06,2019080601005885,HBL,14,1,200,548.00,"109,600.00"
2019-08-06,2019080601005884,HBL,14,1,31,548.00,"16,988.00"
2019-08-06,2019080601005883,HBL,14,36,18,547.00,"9,846.00"
2019-08-06,2019080601005757,HBL,52,36,13,547.00,"7,111.00"
2019-08-06,2019080601005743,HBL,14,39,170,546.00,"92,820.00"
2019-08-06,2019080601005637,HBL,14,55,23,546.00,"12,558.00"
2019-08-06,2019080601005858,HIDCL,25,51,300,154.00,"46,200.00"
2019-08-06,2019080601005629,HIDCL,44,7,49,153.00,"7,497.00"
2019-08-06,2019080601005561,HIDCL,8,7,43,154.00,"6,622.00"
2019-08-06,2019080601005511,ICFC,17,57,177,162.00,"28,674.00"
2019-08-06,2019080601005510,ICFC,17,41,323,162.00,"52,326.00"
2019-08-06,2019080601005509,ICFC,37,34,500,161.00,"80,500.00"
2019-08-06,2019080601005888,ILBS,25,33,10,468.00,"4,680.00"
2019-08-06,2019080601005823,ILBS,39,40,10,461.00,"4,610.00"
2019-08-06,2019080601005808,ILBS,25,56,10,470.00,"4,700.00"
2019-08-06,2019080601005769,ILBS,39,40,10,461.00,"4,610.00"
2019-08-06,2019080601005708,ILBS,25,56,10,470.00,"4,700.00"
2019-08-06,2019080601005644,ILBS,48,48,10,467.00,"4,670.00"
2019-08-06,2019080601005477,ILBS,6,34,10,448.00,"4,480.00"
2019-08-06,2019080601005483,ILBS,6,13,210,450.00,"94,500.00"
2019-08-06,2019080601005482,ILBS,6,1,60,450.00,"27,000.00"
2019-08-06,2019080601005481,ILBS,6,37,10,449.00,"4,490.00"
2019-08-06,2019080601005480,ILBS,6,55,10,449.00,"4,490.00"
2019-08-06,2019080601005479,ILBS,6,55,10,449.00,"4,490.00"
2019-08-06,2019080601005478,ILBS,6,34,10,448.00,"4,480.00"
2019-08-06,2019080601005520,ILBS,25,17,10,453.00,"4,530.00"
2019-08-06,2019080601005519,ILBS,25,42,100,450.00,"45,000.00"
2019-08-06,2019080601005518,ILBS,25,34,10,448.00,"4,480.00"
2019-08-06,2019080601005517,ILBS,25,34,10,448.00,"4,480.00"
2019-08-06,2019080601005508,ILBS,19,48,10,447.00,"4,470.00"
2019-08-06,2019080601005484,ILBS,6,42,110,450.00,"49,500.00"
2019-08-06,2019080601005597,ILBS,25,56,10,470.00,"4,700.00"
2019-08-06,2019080601005596,ILBS,25,18,10,469.00,"4,690.00"
2019-08-06,2019080601005585,ILBS,25,13,10,465.00,"4,650.00"
2019-08-06,2019080601005560,ILBS,25,41,20,457.00,"9,140.00"
2019-08-06,2019080601005559,ILBS,25,42,20,457.00,"9,140.00"
2019-08-06,2019080601005521,ILBS,25,42,100,455.00,"45,500.00"
2019-08-06,2019080601005502,JBBL,58,51,281,155.00,"43,555.00"
2019-08-06,2019080601005496,JBBL,17,14,500,156.00,"78,000.00"
2019-08-06,2019080601005725,JFL,3,22,200,182.00,"36,400.00"
2019-08-06,2019080601005890,JOSHI,22,5,20,75.00,"1,500.00"
2019-08-06,2019080601005654,JSLBB,34,38,10,"1,012.00","10,120.00"
2019-08-06,2019080601005756,KBL,25,52,500,210.00,"105,000.00"
2019-08-06,2019080601005570,KBL,25,43,500,210.00,"105,000.00"
2019-08-06,2019080601005569,KBL,25,58,"1,984",210.00,"416,640.00"
2019-08-06,2019080601005500,KBL,25,58,16,210.00,"3,360.00"
2019-08-06,2019080601005490,KBL,25,17,272,210.00,"57,120.00"
2019-08-06,2019080601005489,KBL,26,17,28,210.00,"5,880.00"
2019-08-06,2019080601005455,KBL,26,10,72,210.00,"15,120.00"
2019-08-06,2019080601005454,KBL,54,10,34,210.00,"7,140.00"
2019-08-06,2019080601005818,KPCL,56,16,10,87.00,870.00
2019-08-06,2019080601005822,KPCL,56,52,10,87.00,870.00
2019-08-06,2019080601005821,KPCL,56,37,10,87.00,870.00
2019-08-06,2019080601005820,KPCL,56,37,10,87.00,870.00
2019-08-06,2019080601005819,KPCL,56,16,10,87.00,870.00
2019-08-06,2019080601005538,LBBL,49,48,100,205.00,"20,500.00"
2019-08-06,2019080601005537,LBBL,1,48,250,205.00,"51,250.00"
2019-08-06,2019080601005536,LBBL,33,48,100,205.00,"20,500.00"
2019-08-06,2019080601005535,LBBL,19,48,500,205.00,"102,500.00"
2019-08-06,2019080601005534,LBBL,14,48,100,205.00,"20,500.00"
2019-08-06,2019080601005514,LBBL,38,25,500,206.00,"103,000.00"
2019-08-06,2019080601005595,LBBL,5,59,400,206.00,"82,400.00"
2019-08-06,2019080601005576,LBBL,1,59,50,206.00,"10,300.00"
2019-08-06,2019080601005563,LBBL,57,59,200,206.00,"41,200.00"
2019-08-06,2019080601005541,LBBL,33,48,"1,000",205.00,"205,000.00"
2019-08-06,2019080601005540,LBBL,45,48,50,205.00,"10,250.00"
2019-08-06,2019080601005539,LBBL,46,48,200,205.00,"41,000.00"
2019-08-06,2019080601005700,LBBL,29,59,200,205.00,"41,000.00"
2019-08-06,2019080601005682,LBBL,29,17,300,205.00,"61,500.00"
2019-08-06,2019080601005662,LBBL,17,59,50,206.00,"10,300.00"
2019-08-06,2019080601005737,LBBL,33,58,130,205.00,"26,650.00"
2019-08-06,2019080601005736,LBBL,34,58,20,205.00,"4,100.00"
2019-08-06,2019080601005735,LBBL,52,58,350,205.00,"71,750.00"
2019-08-06,2019080601005734,LBBL,29,58,500,205.00,"102,500.00"
2019-08-06,2019080601005727,LBBL,36,59,600,206.00,"123,600.00"
2019-08-06,2019080601005726,LBBL,51,59,50,206.00,"10,300.00"
2019-08-06,2019080601005793,LBBL,48,21,42,205.00,"8,610.00"
2019-08-06,2019080601005792,LBBL,35,21,100,205.00,"20,500.00"
2019-08-06,2019080601005791,LBBL,33,21,358,205.00,"73,390.00"
2019-08-06,2019080601005787,LBBL,35,59,250,206.00,"51,500.00"
2019-08-06,2019080601005759,LBBL,33,10,811,205.00,"166,255.00"
2019-08-06,2019080601005894,LBBL,48,17,258,205.00,"52,890.00"
2019-08-06,2019080601005817,LBBL,50,59,100,206.00,"20,600.00"
2019-08-06,2019080601005901,LBBL,13,10,500,205.00,"102,500.00"
2019-08-06,2019080601005900,LBBL,35,10,63,205.00,"12,915.00"
2019-08-06,2019080601005898,LBBL,35,17,62,205.00,"12,710.00"
2019-08-06,2019080601005897,LBBL,57,17,30,205.00,"6,150.00"
2019-08-06,2019080601005896,LBBL,35,17,100,205.00,"20,500.00"
2019-08-06,2019080601005895,LBBL,29,17,50,205.00,"10,250.00"
2019-08-06,2019080601005907,LBBL,45,10,10,204.00,"2,040.00"
2019-08-06,2019080601005906,LBBL,38,10,"1,000",204.00,"204,000.00"
2019-08-06,2019080601005905,LBBL,1,10,300,204.00,"61,200.00"
2019-08-06,2019080601005904,LBBL,44,10,"1,000",204.00,"204,000.00"
2019-08-06,2019080601005903,LBBL,14,10,"1,000",204.00,"204,000.00"
2019-08-06,2019080601005902,LBBL,38,10,102,204.00,"20,808.00"
2019-08-06,2019080601005918,LBBL,6,59,200,206.00,"41,200.00"
2019-08-06,2019080601005908,LBBL,33,10,26,204.00,"5,304.00"
2019-08-06,2019080601005767,LBL,57,50,"1,500",215.00,"322,500.00"
2019-08-06,2019080601005766,LBL,57,16,21,215.00,"4,515.00"
2019-08-06,2019080601005528,LBL,55,16,351,215.00,"75,465.00"
2019-08-06,2019080601005527,LBL,55,22,59,215.00,"12,685.00"
2019-08-06,2019080601005526,LBL,55,1,90,215.00,"19,350.00"
2019-08-06,2019080601005467,LBL,22,36,309,213.00,"65,817.00"
2019-08-06,2019080601005466,LBL,25,36,916,213.00,"195,108.00"
2019-08-06,2019080601005472,LGIL,43,17,171,418.00,"71,478.00"
2019-08-06,2019080601005844,LICN,40,14,20,"1,142.00","22,840.00"
2019-08-06,2019080601005843,LICN,55,14,20,"1,143.00","22,860.00"
2019-08-06,2019080601005922,LLBS,57,22,10,750.00,"7,500.00"
2019-08-06,2019080601005730,LLBS,32,6,24,740.00,"17,760.00"
2019-08-06,2019080601005574,LLBS,11,50,39,739.00,"28,821.00"
2019-08-06,2019080601005889,MEGA,54,32,500,202.00,"101,000.00"
2019-08-06,2019080601005768,MEGA,5,32,100,202.00,"20,200.00"
2019-08-06,2019080601005709,MEGA,39,32,10,202.00,"2,020.00"
2019-08-06,2019080601005852,MERO,17,11,33,528.00,"17,424.00"
2019-08-06,2019080601005851,MERO,17,59,148,527.00,"77,996.00"
2019-08-06,2019080601005850,MERO,17,21,11,526.00,"5,786.00"
2019-08-06,2019080601005675,MERO,26,45,70,524.00,"36,680.00"
2019-08-06,2019080601005941,MNBBL,46,10,35,375.00,"13,125.00"
2019-08-06,2019080601005940,MNBBL,36,10,"2,000",375.00,"750,000.00"
2019-08-06,2019080601005939,MNBBL,29,10,50,375.00,"18,750.00"
2019-08-06,2019080601005938,MNBBL,45,10,20,375.00,"7,500.00"
2019-08-06,2019080601005937,MNBBL,25,10,50,375.00,"18,750.00"
2019-08-06,2019080601005936,MNBBL,39,10,50,375.00,"18,750.00"
2019-08-06,2019080601005712,MNBBL,26,10,150,376.00,"56,400.00"
2019-08-06,2019080601005707,MNBBL,11,10,150,376.00,"56,400.00"
2019-08-06,2019080601005640,MNBBL,19,51,387,375.00,"145,125.00"
2019-08-06,2019080601005809,MNBBL,19,10,111,376.00,"41,736.00"
2019-08-06,2019080601005813,MNBBL,19,35,500,376.00,"188,000.00"
2019-08-06,2019080601005812,MNBBL,19,41,160,376.00,"60,160.00"
2019-08-06,2019080601005811,MNBBL,19,38,198,376.00,"74,448.00"
2019-08-06,2019080601005810,MNBBL,19,7,100,376.00,"37,600.00"
2019-08-06,2019080601005935,MNBBL,36,10,100,375.00,"37,500.00"
2019-08-06,2019080601005934,MNBBL,57,10,100,375.00,"37,500.00"
2019-08-06,2019080601005933,MNBBL,33,10,200,375.00,"75,000.00"
2019-08-06,2019080601005932,MNBBL,19,10,"1,064",375.00,"399,000.00"
2019-08-06,2019080601005691,MSLB,1,35,18,958.00,"17,244.00"
2019-08-06,2019080601005690,MSLB,1,40,26,950.00,"24,700.00"
2019-08-06,2019080601005689,MSLB,1,38,26,948.00,"24,648.00"
2019-08-06,2019080601005926,NABIL,41,6,10,790.00,"7,900.00"
2019-08-06,2019080601005875,NABIL,20,6,100,790.00,"79,000.00"
2019-08-06,2019080601005831,NABIL,25,6,50,790.00,"39,500.00"
2019-08-06,2019080601005830,NABIL,39,47,10,790.00,"7,900.00"
2019-08-06,2019080601005829,NABIL,25,47,35,790.00,"27,650.00"
2019-08-06,2019080601005816,NABIL,25,6,115,790.00,"90,850.00"
2019-08-06,2019080601005588,NABIL,14,47,100,791.00,"79,100.00"
2019-08-06,2019080601005587,NABIL,1,47,71,791.00,"56,161.00"
2019-08-06,2019080601005567,NABIL,1,35,180,791.00,"142,380.00"
2019-08-06,2019080601005613,NABIL,45,17,150,790.00,"118,500.00"
2019-08-06,2019080601005612,NABIL,44,17,20,790.00,"15,800.00"
2019-08-06,2019080601005611,NABIL,6,17,15,790.00,"11,850.00"
2019-08-06,2019080601005610,NABIL,52,17,100,790.00,"79,000.00"
2019-08-06,2019080601005609,NABIL,14,17,16,790.00,"12,640.00"
2019-08-06,2019080601005608,NABIL,22,17,23,790.00,"18,170.00"
2019-08-06,2019080601005751,NABIL,45,47,86,790.00,"67,940.00"
2019-08-06,2019080601005750,NABIL,53,47,14,790.00,"11,060.00"
2019-08-06,2019080601005738,NABIL,28,17,40,791.00,"31,640.00"
2019-08-06,2019080601005616,NABIL,53,17,86,790.00,"67,940.00"
2019-08-06,2019080601005615,NABIL,6,17,40,790.00,"31,600.00"
2019-08-06,2019080601005614,NABIL,11,17,50,790.00,"39,500.00"
2019-08-06,2019080601005790,NABIL,6,47,25,790.00,"19,750.00"
2019-08-06,2019080601005789,NABIL,38,47,50,790.00,"39,500.00"
2019-08-06,2019080601005788,NABIL,37,47,25,790.00,"19,750.00"
2019-08-06,2019080601005786,NABIL,37,6,275,790.00,"217,250.00"
2019-08-06,2019080601005785,NABIL,45,6,325,790.00,"256,750.00"
2019-08-06,2019080601005763,NABIL,45,47,79,790.00,"62,410.00"
2019-08-06,2019080601005815,NABIL,22,6,50,790.00,"39,500.00"
2019-08-06,2019080601005814,NABIL,45,6,329,790.00,"259,910.00"
2019-08-06,2019080601005807,NABIL,45,47,96,790.00,"75,840.00"
2019-08-06,2019080601005806,NABIL,41,17,20,791.00,"15,820.00"
2019-08-06,2019080601005796,NABIL,45,6,575,790.00,"454,250.00"
2019-08-06,2019080601005795,NABIL,6,6,25,790.00,"19,750.00"
2019-08-06,2019080601005580,NADEP,37,37,20,451.00,"9,020.00"
2019-08-06,2019080601005460,NADEP,38,6,20,450.00,"9,000.00"
2019-08-06,2019080601005643,NAGRO,7,58,20,798.00,"15,960.00"
2019-08-06,2019080601005872,NBB,56,56,"7,507",218.00,"1,636,526.00"
2019-08-06,2019080601005871,NBB,56,56,299,218.00,"65,182.00"
2019-08-06,2019080601005870,NBB,56,56,"1,000",218.00,"218,000.00"
2019-08-06,2019080601005869,NBB,38,56,50,218.00,"10,900.00"
2019-08-06,2019080601005868,NBB,38,56,100,218.00,"21,800.00"
2019-08-06,2019080601005867,NBB,43,56,44,218.00,"9,592.00"
2019-08-06,2019080601005498,NBB,29,56,225,218.00,"49,050.00"
2019-08-06,2019080601005497,NBB,13,56,100,218.00,"21,800.00"
2019-08-06,2019080601005833,NBB,50,42,100,219.00,"21,900.00"
2019-08-06,2019080601005499,NBB,56,56,751,218.00,"163,718.00"
2019-08-06,2019080601005927,NBL,22,16,120,326.00,"39,120.00"
2019-08-06,2019080601005915,NBL,35,4,63,325.00,"20,475.00"
2019-08-06,2019080601005914,NBL,33,4,100,325.00,"32,500.00"
2019-08-06,2019080601005913,NBL,25,4,337,325.00,"109,525.00"
2019-08-06,2019080601005882,NBL,32,16,200,326.00,"65,200.00"
2019-08-06,2019080601005881,NBL,45,16,30,326.00,"9,780.00"
2019-08-06,2019080601005486,NBL,53,16,200,327.00,"65,400.00"
2019-08-06,2019080601005564,NBL,6,4,"1,750",327.00,"572,250.00"
2019-08-06,2019080601005555,NBL,53,4,300,327.00,"98,100.00"
2019-08-06,2019080601005516,NBL,53,4,500,327.00,"163,500.00"
2019-08-06,2019080601005504,NBL,53,4,450,327.00,"147,150.00"
2019-08-06,2019080601005503,NBL,53,16,50,327.00,"16,350.00"
2019-08-06,2019080601005493,NBL,53,16,200,327.00,"65,400.00"
2019-08-06,2019080601005648,NBL,38,50,"1,000",326.00,"326,000.00"
2019-08-06,2019080601005647,NBL,14,50,200,326.00,"65,200.00"
2019-08-06,2019080601005646,NBL,59,50,100,326.00,"32,600.00"
2019-08-06,2019080601005645,NBL,8,50,"2,000",326.00,"652,000.00"
2019-08-06,2019080601005578,NBL,6,50,50,327.00,"16,350.00"
2019-08-06,2019080601005565,NBL,6,45,200,327.00,"65,400.00"
2019-08-06,2019080601005655,NBL,14,50,"1,000",327.00,"327,000.00"
2019-08-06,2019080601005653,NBL,45,50,300,326.00,"97,800.00"
2019-08-06,2019080601005652,NBL,28,50,"1,000",326.00,"326,000.00"
2019-08-06,2019080601005651,NBL,34,50,200,326.00,"65,200.00"
2019-08-06,2019080601005650,NBL,45,50,200,326.00,"65,200.00"
2019-08-06,2019080601005649,NBL,28,50,"5,000",326.00,"1,630,000.00"
2019-08-06,2019080601005710,NBL,6,50,100,327.00,"32,700.00"
2019-08-06,2019080601005702,NBL,6,50,100,327.00,"32,700.00"
2019-08-06,2019080601005692,NBL,6,50,200,327.00,"65,400.00"
2019-08-06,2019080601005687,NBL,6,50,200,327.00,"65,400.00"
2019-08-06,2019080601005673,NBL,6,50,200,327.00,"65,400.00"
2019-08-06,2019080601005658,NBL,58,50,250,327.00,"81,750.00"
2019-08-06,2019080601005880,NBL,43,16,200,326.00,"65,200.00"
2019-08-06,2019080601005879,NBL,25,16,400,326.00,"130,400.00"
2019-08-06,2019080601005774,NBL,25,21,100,326.00,"32,600.00"
2019-08-06,2019080601005773,NBL,14,21,"1,000",326.00,"326,000.00"
2019-08-06,2019080601005772,NBL,25,21,200,326.00,"65,200.00"
2019-08-06,2019080601005771,NBL,45,21,200,326.00,"65,200.00"
2019-08-06,2019080601005824,NCCB,34,52,100,242.00,"24,200.00"
2019-08-06,2019080601005798,NCCB,38,56,50,243.00,"12,150.00"
2019-08-06,2019080601005797,NCCB,14,56,10,243.00,"2,430.00"
2019-08-06,2019080601005794,NCCB,34,37,420,242.00,"101,640.00"
2019-08-06,2019080601005744,NCCB,51,56,50,243.00,"12,150.00"
2019-08-06,2019080601005566,NCCB,52,56,500,243.00,"121,500.00"
2019-08-06,2019080601005854,NHPC,34,52,100,64.00,"6,400.00"
2019-08-06,2019080601005718,NHPC,7,35,800,63.00,"50,400.00"
2019-08-06,2019080601005917,NIB,14,17,88,510.00,"44,880.00"
2019-08-06,2019080601005697,NIB,26,47,100,511.00,"51,100.00"
2019-08-06,2019080601005782,NIBPO,4,4,500,465.00,"232,500.00"
2019-08-06,2019080601005781,NIBPO,49,4,200,465.00,"93,000.00"
2019-08-06,2019080601005780,NIBPO,22,4,300,465.00,"139,500.00"
2019-08-06,2019080601005779,NIBPO,1,4,87,466.00,"40,542.00"
2019-08-06,2019080601005778,NIBPO,11,4,170,467.00,"79,390.00"
2019-08-06,2019080601005729,NICA,32,17,33,456.00,"15,048.00"
2019-08-06,2019080601005728,NICA,32,58,67,456.00,"30,552.00"
2019-08-06,2019080601005715,NICA,36,58,13,456.00,"5,928.00"
2019-08-06,2019080601005711,NICA,54,4,654,454.00,"296,916.00"
2019-08-06,2019080601005635,NICA,58,36,623,455.00,"283,465.00"
2019-08-06,2019080601005601,NICA,14,36,25,455.00,"11,375.00"
2019-08-06,2019080601005573,NICA,54,38,151,454.00,"68,554.00"
2019-08-06,2019080601005558,NICA,35,6,100,454.00,"45,400.00"
2019-08-06,2019080601005557,NICA,41,6,50,454.00,"22,700.00"
2019-08-06,2019080601005556,NICA,18,6,90,454.00,"40,860.00"
2019-08-06,2019080601005515,NICA,18,47,110,454.00,"49,940.00"
2019-08-06,2019080601005584,NIL,45,5,20,475.00,"9,500.00"
2019-08-06,2019080601005583,NIL,40,5,50,475.00,"23,750.00"
2019-08-06,2019080601005582,NIL,44,5,50,475.00,"23,750.00"
2019-08-06,2019080601005581,NIL,44,5,62,476.00,"29,512.00"
2019-08-06,2019080601005856,NLBBL,34,33,140,555.00,"77,700.00"
2019-08-06,2019080601005855,NLBBL,26,33,34,556.00,"18,904.00"
2019-08-06,2019080601005842,NLBBL,33,6,506,559.00,"282,854.00"
2019-08-06,2019080601005762,NLBBL,21,22,180,559.00,"100,620.00"
2019-08-06,2019080601005752,NLBBL,21,22,300,559.00,"167,700.00"
2019-08-06,2019080601005739,NLBBL,25,22,10,559.00,"5,590.00"
2019-08-06,2019080601005575,NLG,6,52,35,704.00,"24,640.00"
2019-08-06,2019080601005800,NLIC,29,39,102,873.00,"89,046.00"
2019-08-06,2019080601005799,NLIC,22,39,40,873.00,"34,920.00"
2019-08-06,2019080601005639,NLIC,22,59,10,873.00,"8,730.00"
2019-08-06,2019080601005638,NLIC,37,59,40,873.00,"34,920.00"
2019-08-06,2019080601005598,NLIC,21,50,178,874.00,"155,572.00"
2019-08-06,2019080601005892,NMBHF1,10,43,"5,000",9.75,"48,750.00"
2019-08-06,2019080601005891,NMBHF1,34,43,"3,000",9.77,"29,310.00"
2019-08-06,2019080601005618,NTC,6,45,400,691.00,"276,400.00"
2019-08-06,2019080601005579,NTC,32,45,200,692.00,"138,400.00"
2019-08-06,2019080601005513,NTC,32,52,140,694.00,"97,160.00"
2019-08-06,2019080601005512,NTC,32,58,90,694.00,"62,460.00"
2019-08-06,2019080601005696,NUBL,4,53,200,890.00,"178,000.00"
2019-08-06,2019080601005695,NUBL,42,53,50,890.00,"44,500.00"
2019-08-06,2019080601005694,NUBL,42,53,200,891.00,"178,200.00"
2019-08-06,2019080601005693,NUBL,26,53,50,895.00,"44,750.00"
2019-08-06,2019080601005636,NUBL,26,32,50,895.00,"44,750.00"
2019-08-06,2019080601005591,NUBL,26,6,300,898.00,"269,400.00"
2019-08-06,2019080601005832,OHL,45,56,500,590.00,"295,000.00"
2019-08-06,2019080601005600,PCBL,14,59,276,278.00,"76,728.00"
2019-08-06,2019080601005599,PCBL,26,59,79,279.00,"22,041.00"
2019-08-06,2019080601005550,PIC,37,37,11,479.00,"5,269.00"
2019-08-06,2019080601005783,PICL,41,16,30,526.00,"15,780.00"
2019-08-06,2019080601005594,PICL,6,57,20,535.00,"10,700.00"
2019-08-06,2019080601005593,PICL,6,1,50,528.00,"26,400.00"
2019-08-06,2019080601005835,PLIC,51,51,19,421.00,"7,999.00"
2019-08-06,2019080601005834,PLIC,19,51,50,421.00,"21,050.00"
2019-08-06,2019080601005549,PLIC,39,45,10,420.00,"4,200.00"
2019-08-06,2019080601005548,PLIC,14,45,100,420.00,"42,000.00"
2019-08-06,2019080601005547,PLIC,56,45,20,421.00,"8,420.00"
2019-08-06,2019080601005525,PLIC,38,45,100,422.00,"42,200.00"
2019-08-06,2019080601005930,PMHPL,22,41,10,103.00,"1,030.00"
2019-08-06,2019080601005524,PMHPL,37,37,10,104.00,"1,040.00"
2019-08-06,2019080601005458,PPCL,33,38,10,131.00,"1,310.00"
2019-08-06,2019080601005457,PPCL,33,54,60,131.00,"7,860.00"
2019-08-06,2019080601005846,PRVU,38,56,300,271.00,"81,300.00"
2019-08-06,2019080601005804,PRVU,45,45,17,272.00,"4,624.00"
2019-08-06,2019080601005765,PRVU,38,14,281,271.00,"76,151.00"
2019-08-06,2019080601005677,PRVU,38,5,150,271.00,"40,650.00"
2019-08-06,2019080601005660,PRVU,39,29,93,270.00,"25,110.00"
2019-08-06,2019080601005445,PRVU,32,5,510,271.00,"138,210.00"
2019-08-06,2019080601005590,PRVU,19,5,50,271.00,"13,550.00"
2019-08-06,2019080601005577,PRVU,26,5,100,271.00,"27,100.00"
2019-08-06,2019080601005447,PRVU,32,34,672,271.00,"182,112.00"
2019-08-06,2019080601005446,PRVU,32,5,500,271.00,"135,500.00"
2019-08-06,2019080601005661,RSDC,1,57,150,355.00,"53,250.00"
2019-08-06,2019080601005724,SBI,58,39,59,459.00,"27,081.00"
2019-08-06,2019080601005723,SBI,14,39,159,459.00,"72,981.00"
2019-08-06,2019080601005674,SBI,14,45,341,459.00,"156,519.00"
2019-08-06,2019080601005657,SBI,43,45,29,460.00,"13,340.00"
2019-08-06,2019080601005676,SBL,36,51,5,312.00,"1,560.00"
2019-08-06,2019080601005671,SBL,36,51,3,312.00,936.00
2019-08-06,2019080601005866,SDESI,16,16,1,604.00,604.00
2019-08-06,2019080601005742,SDESI,16,16,1,604.00,604.00
2019-08-06,2019080601005688,SDESI,16,16,1,604.00,604.00
2019-08-06,2019080601005617,SDESI,16,16,1,604.00,604.00
2019-08-06,2019080601005522,SDESI,16,16,1,604.00,604.00
2019-08-06,2019080601005456,SDESI,16,16,1,604.00,604.00
2019-08-06,2019080601005754,SHIVM,32,52,100,577.00,"57,700.00"
2019-08-06,2019080601005740,SHIVM,41,54,100,575.00,"57,500.00"
2019-08-06,2019080601005701,SHIVM,41,6,37,575.00,"21,275.00"
2019-08-06,2019080601005698,SHIVM,41,6,200,575.00,"115,000.00"
2019-08-06,2019080601005465,SHIVM,16,58,641,575.00,"368,575.00"
2019-08-06,2019080601005464,SHIVM,58,58,40,575.00,"23,000.00"
2019-08-06,2019080601005463,SHIVM,43,58,100,575.00,"57,500.00"
2019-08-06,2019080601005462,SHIVM,54,58,100,575.00,"57,500.00"
2019-08-06,2019080601005461,SHIVM,49,58,119,575.00,"68,425.00"
2019-08-06,2019080601005666,SHIVM,55,33,271,574.00,"155,554.00"
2019-08-06,2019080601005665,SHIVM,55,33,500,574.00,"287,000.00"
2019-08-06,2019080601005664,SHIVM,16,33,29,575.00,"16,675.00"
2019-08-06,2019080601005607,SHIVM,16,40,100,575.00,"57,500.00"
2019-08-06,2019080601005592,SHIVM,16,58,230,575.00,"132,250.00"
2019-08-06,2019080601005554,SHIVM,32,52,50,577.00,"28,850.00"
2019-08-06,2019080601005641,SHL,20,6,176,231.00,"40,656.00"
2019-08-06,2019080601005826,SIC,41,38,17,605.00,"10,285.00"
2019-08-06,2019080601005825,SIC,40,38,83,605.00,"50,215.00"
2019-08-06,2019080601005545,SICL,34,45,100,788.00,"78,800.00"
2019-08-06,2019080601005620,SIL,6,5,40,454.00,"18,160.00"
2019-08-06,2019080601005760,SKBBL,6,50,300,980.00,"294,000.00"
2019-08-06,2019080601005523,SKBBL,4,10,479,979.00,"468,941.00"
2019-08-06,2019080601005849,SLBBL,7,45,86,540.00,"46,440.00"
2019-08-06,2019080601005848,SLBBL,7,21,14,537.00,"7,518.00"
2019-08-06,2019080601005451,SLBBL,45,40,322,530.00,"170,660.00"
2019-08-06,2019080601005450,SLBBL,45,41,92,529.00,"48,668.00"
2019-08-06,2019080601005449,SLBBL,45,10,86,528.00,"45,408.00"
2019-08-06,2019080601005589,SLBBL,7,40,78,530.00,"41,340.00"
2019-08-06,2019080601005722,SLBBL,5,21,200,537.00,"107,400.00"
2019-08-06,2019080601005721,SLBBL,28,21,200,528.00,"105,600.00"
2019-08-06,2019080601005630,SLBBL,41,21,100,537.00,"53,700.00"
2019-08-06,2019080601005704,SLBSL,52,39,10,634.00,"6,340.00"
2019-08-06,2019080601005619,SLBSL,18,6,50,635.00,"31,750.00"
2019-08-06,2019080601005507,SLBSL,37,37,10,636.00,"6,360.00"
2019-08-06,2019080601005745,SLICL,6,28,100,464.00,"46,400.00"
2019-08-06,2019080601005681,SLICL,36,59,500,463.00,"231,500.00"
2019-08-06,2019080601005680,SLICL,36,49,25,463.00,"11,575.00"
2019-08-06,2019080601005533,SLICL,13,57,50,462.00,"23,100.00"
2019-08-06,2019080601005532,SLICL,13,17,50,462.00,"23,100.00"
2019-08-06,2019080601005531,SLICL,13,1,100,462.00,"46,200.00"
2019-08-06,2019080601005719,SMB,26,39,20,468.00,"9,360.00"
2019-08-06,2019080601005931,SMFBS,47,40,10,743.00,"7,430.00"
2019-08-06,2019080601005899,SMFBS,47,40,10,743.00,"7,430.00"
2019-08-06,2019080601005874,SMFBS,47,40,10,743.00,"7,430.00"
2019-08-06,2019080601005873,SMFBS,47,36,10,743.00,"7,430.00"
2019-08-06,2019080601005827,SMFBS,57,29,10,749.00,"7,490.00"
2019-08-06,2019080601005770,SMFBS,34,41,10,743.00,"7,430.00"
2019-08-06,2019080601005699,SMFBS,34,34,10,743.00,"7,430.00"
2019-08-06,2019080601005659,SMFBS,34,22,10,743.00,"7,430.00"
2019-08-06,2019080601005544,SMFBS,34,1,10,743.00,"7,430.00"
2019-08-06,2019080601005543,SMFBS,34,50,10,743.00,"7,430.00"
2019-08-06,2019080601005805,SMFDB,7,34,50,558.00,"27,900.00"
2019-08-06,2019080601005845,SPARS,21,49,10,589.00,"5,890.00"
2019-08-06,2019080601005586,SRBL,25,36,51,245.00,"12,495.00"
2019-08-06,2019080601005627,SWBBL,26,26,187,937.00,"175,219.00"
2019-08-06,2019080601005626,SWBBL,26,56,100,936.00,"93,600.00"
2019-08-06,2019080601005488,SWBBL,38,14,140,933.00,"130,620.00"
2019-08-06,2019080601005911,TRH,54,33,"1,000",306.00,"306,000.00"
2019-08-06,2019080601005910,TRH,35,33,200,307.00,"61,400.00"
2019-08-06,2019080601005568,TRH,54,38,150,307.00,"46,050.00"
2019-08-06,2019080601005506,TRH,54,38,400,307.00,"122,800.00"
2019-08-06,2019080601005505,TRH,54,45,450,307.00,"138,150.00"
2019-08-06,2019080601005853,UNHPL,56,53,100,68.00,"6,800.00"
2019-08-06,2019080601005841,UPPER,21,48,161,266.00,"42,826.00"
2019-08-06,2019080601005840,UPPER,21,45,40,266.00,"10,640.00"
2019-08-06,2019080601005839,UPPER,21,16,540,266.00,"143,640.00"
2019-08-06,2019080601005838,UPPER,21,22,50,266.00,"13,300.00"
2019-08-06,2019080601005448,UPPER,14,52,40,264.00,"10,560.00"
2019-08-06,2019080601005624,UPPER,22,56,100,265.00,"26,500.00"
2019-08-06,2019080601005623,UPPER,22,52,40,265.00,"10,600.00"
2019-08-06,2019080601005622,UPPER,22,59,300,265.00,"79,500.00"
2019-08-06,2019080601005621,UPPER,22,39,450,265.00,"119,250.00"
2019-08-06,2019080601005501,UPPER,14,39,800,264.00,"211,200.00"
2019-08-06,2019080601005764,UPPER,21,35,100,265.00,"26,500.00"
2019-08-06,2019080601005679,UPPER,21,59,800,265.00,"212,000.00"
2019-08-06,2019080601005837,UPPER,21,22,40,266.00,"10,640.00"
2019-08-06,2019080601005836,UPPER,21,50,169,266.00,"44,954.00"
2019-08-06,2019080601005865,VLBS,45,54,20,565.00,"11,300.00"
2019-08-06,2019080601005758,VLBS,34,25,100,560.00,"56,000.00"
2019-08-06,2019080601005426,ADBL,36,17,100,431.00,"43,100.00"
2019-08-06,2019080601005287,ADBL,36,4,50,431.00,"21,550.00"
2019-08-06,2019080601005280,ADBL,36,4,50,431.00,"21,550.00"
2019-08-06,2019080601005269,ADBL,36,4,50,431.00,"21,550.00"
2019-08-06,2019080601005259,ADBL,36,4,50,431.00,"21,550.00"
2019-08-06,2019080601005253,ADBL,36,4,50,431.00,"21,550.00"
2019-08-06,2019080601005017,ADBL,11,52,100,432.00,"43,200.00"
2019-08-06,2019080601004990,ADBL,14,26,81,431.00,"34,911.00"
2019-08-06,2019080601004983,ADBL,16,52,100,432.00,"43,200.00"
2019-08-06,2019080601005161,ADBL,59,52,200,432.00,"86,400.00"
2019-08-06,2019080601005156,ADBL,14,4,50,431.00,"21,550.00"
2019-08-06,2019080601005129,ADBL,14,38,200,431.00,"86,200.00"
2019-08-06,2019080601005128,ADBL,14,4,50,431.00,"21,550.00"
2019-08-06,2019080601005127,ADBL,14,38,200,431.00,"86,200.00"
2019-08-06,2019080601005072,ADBL,14,4,50,431.00,"21,550.00"
2019-08-06,2019080601005206,ADBL,1,4,50,431.00,"21,550.00"
2019-08-06,2019080601005203,ADBL,1,38,58,431.00,"24,998.00"
2019-08-06,2019080601005202,ADBL,14,38,167,431.00,"71,977.00"
2019-08-06,2019080601005195,ADBL,14,4,50,431.00,"21,550.00"
2019-08-06,2019080601005181,ADBL,14,4,50,431.00,"21,550.00"
2019-08-06,2019080601005163,ADBL,14,4,50,431.00,"21,550.00"
2019-08-06,2019080601005240,ADBL,36,4,50,431.00,"21,550.00"
2019-08-06,2019080601005239,ADBL,36,54,411,431.00,"177,141.00"
2019-08-06,2019080601005230,ADBL,36,4,50,431.00,"21,550.00"
2019-08-06,2019080601005228,ADBL,36,4,50,431.00,"21,550.00"
2019-08-06,2019080601005219,ADBL,36,4,50,431.00,"21,550.00"
2019-08-06,2019080601005214,ADBL,1,4,42,431.00,"18,102.00"
2019-08-06,2019080601005380,AHPC,7,48,"1,000",103.00,"103,000.00"
2019-08-06,2019080601005379,AHPC,19,48,50,103.00,"5,150.00"
2019-08-06,2019080601005378,AHPC,17,48,"1,000",103.00,"103,000.00"
2019-08-06,2019080601005441,ALBSL,25,44,10,460.00,"4,600.00"
2019-08-06,2019080601005440,ALBSL,25,42,10,460.00,"4,600.00"
2019-08-06,2019080601005439,ALBSL,25,55,30,458.00,"13,740.00"
2019-08-06,2019080601005438,ALBSL,25,43,130,457.00,"59,410.00"
2019-08-06,2019080601005374,ALBSL,25,43,20,457.00,"9,140.00"
2019-08-06,2019080601005373,ALBSL,25,14,60,455.00,"27,300.00"
2019-08-06,2019080601005308,ALBSL,52,14,10,451.00,"4,510.00"
2019-08-06,2019080601005296,ALBSL,52,14,10,451.00,"4,510.00"
2019-08-06,2019080601005288,ALBSL,8,14,10,451.00,"4,510.00"
2019-08-06,2019080601005278,ALBSL,8,14,10,451.00,"4,510.00"
2019-08-06,2019080601004965,ALBSL,14,43,10,453.00,"4,530.00"
2019-08-06,2019080601004964,ALBSL,14,53,100,453.00,"45,300.00"
2019-08-06,2019080601005372,ALBSL,25,41,10,455.00,"4,550.00"
2019-08-06,2019080601005371,ALBSL,25,1,10,455.00,"4,550.00"
2019-08-06,2019080601005370,ALBSL,25,52,50,454.00,"22,700.00"
2019-08-06,2019080601005327,ALBSL,52,14,10,451.00,"4,510.00"
2019-08-06,2019080601005323,ALBSL,52,14,10,451.00,"4,510.00"
2019-08-06,2019080601005318,ALBSL,52,14,10,451.00,"4,510.00"
2019-08-06,2019080601005418,API,25,7,18,135.00,"2,430.00"
2019-08-06,2019080601005180,API,25,43,74,135.00,"9,990.00"
2019-08-06,2019080601005173,API,34,43,500,135.00,"67,500.00"
2019-08-06,2019080601005118,API,39,7,18,134.00,"2,412.00"
2019-08-06,2019080601005225,BOKL,26,11,200,260.00,"52,000.00"
2019-08-06,2019080601005413,BPCL,50,43,452,396.00,"178,992.00"
2019-08-06,2019080601005412,BPCL,45,43,210,396.00,"83,160.00"
2019-08-06,2019080601005411,BPCL,21,43,75,396.00,"29,700.00"
2019-08-06,2019080601005410,BPCL,41,43,25,396.00,"9,900.00"
2019-08-06,2019080601005409,BPCL,38,43,200,396.00,"79,200.00"
2019-08-06,2019080601005408,BPCL,52,43,86,396.00,"34,056.00"
2019-08-06,2019080601005407,BPCL,45,43,50,397.00,"19,850.00"
2019-08-06,2019080601005406,BPCL,45,43,50,397.00,"19,850.00"
2019-08-06,2019080601005317,BPCL,52,11,11,396.00,"4,356.00"
2019-08-06,2019080601005283,BPCL,52,11,11,396.00,"4,356.00"
2019-08-06,2019080601005077,BPCL,34,49,20,398.00,"7,960.00"
2019-08-06,2019080601005002,BPCL,37,37,11,397.00,"4,367.00"
2019-08-06,2019080601005261,CBL,20,11,18,152.00,"2,736.00"
2019-08-06,2019080601005255,CBL,11,11,20,152.00,"3,040.00"
2019-08-06,2019080601005100,CBL,26,17,220,151.00,"33,220.00"
2019-08-06,2019080601005052,CBL,11,11,200,152.00,"30,400.00"
2019-08-06,2019080601005007,CBL,19,11,500,152.00,"76,000.00"
2019-08-06,2019080601005386,CCBL,17,51,126,166.00,"20,916.00"
2019-08-06,2019080601005335,CCBL,47,13,108,167.00,"18,036.00"
2019-08-06,2019080601005328,CCBL,47,11,192,167.00,"32,064.00"
2019-08-06,2019080601005300,CCBL,49,11,26,167.00,"4,342.00"
2019-08-06,2019080601005299,CCBL,29,11,100,167.00,"16,700.00"
2019-08-06,2019080601005087,CHCL,6,36,200,507.00,"101,400.00"
2019-08-06,2019080601005086,CHCL,14,36,50,507.00,"25,350.00"
2019-08-06,2019080601005085,CHCL,57,36,250,508.00,"127,000.00"
2019-08-06,2019080601005298,CIT,35,7,65,"2,420.00","157,300.00"
2019-08-06,2019080601005297,CIT,35,43,100,"2,415.00","241,500.00"
2019-08-06,2019080601005023,CIT,16,14,10,"2,415.00","24,150.00"
2019-08-06,2019080601005402,CZBIL,56,53,130,220.00,"28,600.00"
2019-08-06,2019080601005291,CZBIL,56,36,200,220.00,"44,000.00"
2019-08-06,2019080601005268,CZBIL,56,48,"2,787",220.00,"613,140.00"
2019-08-06,2019080601005267,CZBIL,57,48,"1,500",220.00,"330,000.00"
2019-08-06,2019080601005266,CZBIL,28,48,200,220.00,"44,000.00"
2019-08-06,2019080601005265,CZBIL,1,48,500,220.00,"110,000.00"
2019-08-06,2019080601005179,CZBIL,1,46,300,221.00,"66,300.00"
2019-08-06,2019080601005008,CZBIL,29,46,100,221.00,"22,100.00"
2019-08-06,2019080601005349,DBBL,32,39,14,144.00,"2,016.00"
2019-08-06,2019080601005251,DBBL,1,41,146,143.00,"20,878.00"
2019-08-06,2019080601005250,DBBL,1,13,100,143.00,"14,300.00"
2019-08-06,2019080601005154,EBL,11,38,100,653.00,"65,300.00"
2019-08-06,2019080601005238,EDBL,11,52,15,290.00,"4,350.00"
2019-08-06,2019080601005218,FMDBL,36,5,160,383.00,"61,280.00"
2019-08-06,2019080601005405,GBBL,54,51,334,220.00,"73,480.00"
2019-08-06,2019080601005404,GBBL,39,51,169,220.00,"37,180.00"
2019-08-06,2019080601005424,GBLBS,38,19,200,365.00,"73,000.00"
2019-08-06,2019080601005423,GBLBS,13,19,200,365.00,"73,000.00"
2019-08-06,2019080601005422,GBLBS,35,19,50,365.00,"18,250.00"
2019-08-06,2019080601005421,GBLBS,57,19,10,365.00,"3,650.00"
2019-08-06,2019080601005420,GBLBS,20,19,30,366.00,"10,980.00"
2019-08-06,2019080601005419,GBLBS,25,19,925,366.00,"338,550.00"
2019-08-06,2019080601005394,GBLBS,29,35,200,367.00,"73,400.00"
2019-08-06,2019080601005011,GBLBS,37,37,10,369.00,"3,690.00"
2019-08-06,2019080601004966,GBLBS,51,35,100,368.00,"36,800.00"
2019-08-06,2019080601005403,GLBSL,19,41,10,480.00,"4,800.00"
2019-08-06,2019080601005334,GLBSL,21,41,10,480.00,"4,800.00"
2019-08-06,2019080601005185,GLBSL,21,40,10,480.00,"4,800.00"
2019-08-06,2019080601004985,GLBSL,7,52,10,477.00,"4,770.00"
2019-08-06,2019080601004956,GLICL,53,7,50,470.00,"23,500.00"
2019-08-06,2019080601004951,GLICL,7,42,"1,000",470.00,"470,000.00"
2019-08-06,2019080601004950,GLICL,7,33,100,470.00,"47,000.00"
2019-08-06,2019080601004949,GLICL,7,38,262,469.00,"122,878.00"
2019-08-06,2019080601004948,GLICL,7,52,26,468.00,"12,168.00"
2019-08-06,2019080601005436,GMFBS,19,40,10,543.00,"5,430.00"
2019-08-06,2019080601005417,GMFBS,19,41,10,543.00,"5,430.00"
2019-08-06,2019080601005399,GMFBS,19,19,50,543.00,"27,150.00"
2019-08-06,2019080601005398,GMFBS,47,19,100,543.00,"54,300.00"
2019-08-06,2019080601005397,GMFBS,33,19,10,543.00,"5,430.00"
2019-08-06,2019080601005197,GMFBS,1,46,10,545.00,"5,450.00"
2019-08-06,2019080601005125,GMFBS,33,57,40,543.00,"21,720.00"
2019-08-06,2019080601004967,GMFBS,48,48,10,543.00,"5,430.00"
2019-08-06,2019080601004945,GMFBS,48,48,10,543.00,"5,430.00"
2019-08-06,2019080601005106,GRDBL,25,36,500,110.00,"55,000.00"
2019-08-06,2019080601005105,GRDBL,1,36,500,110.00,"55,000.00"
2019-08-06,2019080601005104,GRDBL,7,36,400,111.00,"44,400.00"
2019-08-06,2019080601005281,HBL,14,35,65,546.00,"35,490.00"
2019-08-06,2019080601005401,HGI,29,58,"1,000",340.00,"340,000.00"
2019-08-06,2019080601005400,HGI,29,50,100,340.00,"34,000.00"
2019-08-06,2019080601005309,HIDCL,8,7,30,154.00,"4,620.00"
2019-08-06,2019080601005213,HIDCL,8,34,327,154.00,"50,358.00"
2019-08-06,2019080601005212,HIDCL,14,34,150,154.00,"23,100.00"
2019-08-06,2019080601005211,HIDCL,52,34,22,154.00,"3,388.00"
2019-08-06,2019080601004968,HURJA,13,16,20,134.00,"2,680.00"
2019-08-06,2019080601005389,ILBS,17,48,10,446.00,"4,460.00"
2019-08-06,2019080601005377,ILBS,17,57,10,446.00,"4,460.00"
2019-08-06,2019080601005376,ILBS,17,45,10,446.00,"4,460.00"
2019-08-06,2019080601005352,ILBS,48,48,10,444.00,"4,440.00"
2019-08-06,2019080601005331,ILBS,6,41,10,443.00,"4,430.00"
2019-08-06,2019080601005325,ILBS,6,41,10,443.00,"4,430.00"
2019-08-06,2019080601004962,ILBS,52,18,10,441.00,"4,410.00"
2019-08-06,2019080601005058,ILBS,48,40,10,442.00,"4,420.00"
2019-08-06,2019080601005042,ILBS,22,22,10,445.00,"4,450.00"
2019-08-06,2019080601005016,ILBS,22,39,20,445.00,"8,900.00"
2019-08-06,2019080601005015,ILBS,22,17,10,443.00,"4,430.00"
