Date,Transact. No.,Symbol,Buyer,Seller,Quantity,Rate,Amount
2019-03-17,2019031701005459,ADBL,17,33,356,302.00,"107,512.00"
2019-03-17,2019031701005426,ADBL,17,33,38,302.00,"11,476.00"
2019-03-17,2019031701005258,ADBL,26,57,50,303.00,"15,150.00"
2019-03-17,2019031701005080,ADBL,26,28,450,302.00,"135,900.00"
2019-03-17,2019031701005302,AKJCL,26,48,20,84.00,"1,680.00"
2019-03-17,2019031701005449,AKPL,41,42,13,180.00,"2,340.00"
2019-03-17,2019031701005448,AKPL,41,34,10,179.00,"1,790.00"
2019-03-17,2019031701005422,AKPL,56,39,13,178.00,"2,314.00"
2019-03-17,2019031701005467,ALICL,42,32,150,401.00,"60,150.00"
2019-03-17,2019031701005494,API,22,13,10,139.00,"1,390.00"
2019-03-17,2019031701005417,API,25,28,11,140.00,"1,540.00"
2019-03-17,2019031701005416,API,25,47,39,139.00,"5,421.00"
2019-03-17,2019031701005397,API,22,22,1,138.00,138.00
2019-03-17,2019031701005345,API,17,47,13,139.00,"1,807.00"
2019-03-17,2019031701005335,API,25,28,19,140.00,"2,660.00"
2019-03-17,2019031701005253,API,17,25,10,138.00,"1,380.00"
2019-03-17,2019031701005247,API,17,58,239,138.00,"32,982.00"
2019-03-17,2019031701005233,API,17,25,100,136.00,"13,600.00"
2019-03-17,2019031701005495,BOKL,19,6,100,251.00,"25,100.00"
2019-03-17,2019031701005428,BOKL,42,32,100,252.00,"25,200.00"
2019-03-17,2019031701005325,BOKL,35,6,15,250.00,"3,750.00"
2019-03-17,2019031701005541,BPCL,28,49,90,366.00,"32,940.00"
2019-03-17,2019031701005540,BPCL,38,49,10,367.00,"3,670.00"
2019-03-17,2019031701005355,BPCL,38,51,10,367.00,"3,670.00"
2019-03-17,2019031701005274,BPCL,38,51,10,367.00,"3,670.00"
2019-03-17,2019031701005489,CBBL,26,45,130,891.00,"115,830.00"
2019-03-17,2019031701005488,CBBL,29,45,20,891.00,"17,820.00"
2019-03-17,2019031701005487,CBBL,41,45,100,892.00,"89,200.00"
2019-03-17,2019031701005486,CBBL,4,45,380,892.00,"338,960.00"
2019-03-17,2019031701005485,CBBL,5,45,70,893.00,"62,510.00"
2019-03-17,2019031701005481,CBBL,34,37,50,895.00,"44,750.00"
2019-03-17,2019031701005289,CBBL,32,40,20,896.00,"17,920.00"
2019-03-17,2019031701005319,CBBL,5,44,430,893.00,"383,990.00"
2019-03-17,2019031701005318,CBBL,54,44,500,893.00,"446,500.00"
2019-03-17,2019031701005317,CBBL,6,44,50,894.00,"44,700.00"
2019-03-17,2019031701005316,CBBL,29,44,20,894.00,"17,880.00"
2019-03-17,2019031701005566,CBL,43,32,10,159.00,"1,590.00"
2019-03-17,2019031701005295,CBL,39,6,100,158.00,"15,800.00"
2019-03-17,2019031701005533,CCBL,36,57,100,167.00,"16,700.00"
2019-03-17,2019031701005423,CCBL,22,22,1,166.00,166.00
2019-03-17,2019031701005341,CCBL,47,57,120,166.00,"19,920.00"
2019-03-17,2019031701005340,CCBL,19,57,370,166.00,"61,420.00"
2019-03-17,2019031701005269,CCBL,6,57,18,167.00,"3,006.00"
2019-03-17,2019031701005268,CCBL,44,57,279,167.00,"46,593.00"
2019-03-17,2019031701005142,CCBL,44,6,116,167.00,"19,372.00"
2019-03-17,2019031701005141,CCBL,44,6,355,167.00,"59,285.00"
2019-03-17,2019031701005140,CCBL,44,6,417,167.00,"69,639.00"
2019-03-17,2019031701005139,CCBL,44,6,429,167.00,"71,643.00"
2019-03-17,2019031701005138,CCBL,44,6,40,167.00,"6,680.00"
2019-03-17,2019031701005122,CCBL,16,16,1,166.00,166.00
2019-03-17,2019031701005143,CCBL,44,25,285,167.00,"47,595.00"
2019-03-17,2019031701005267,CCBL,44,58,34,167.00,"5,678.00"
2019-03-17,2019031701005194,CCBL,44,42,45,167.00,"7,515.00"
2019-03-17,2019031701005504,CFCL,41,51,10,110.00,"1,100.00"
2019-03-17,2019031701005384,CFCL,42,14,20,108.00,"2,160.00"
2019-03-17,2019031701005446,CHCL,56,25,280,515.00,"144,200.00"
2019-03-17,2019031701005445,CHCL,45,25,220,515.00,"113,300.00"
2019-03-17,2019031701005124,CHCL,6,40,11,517.00,"5,687.00"
2019-03-17,2019031701005123,CHCL,26,40,565,517.00,"292,105.00"
2019-03-17,2019031701005490,CHLBS,55,50,50,569.00,"28,450.00"
2019-03-17,2019031701005242,CHLBS,55,40,10,569.00,"5,690.00"
2019-03-17,2019031701005241,CHLBS,55,57,10,568.00,"5,680.00"
2019-03-17,2019031701005240,CHLBS,55,47,10,567.00,"5,670.00"
2019-03-17,2019031701005239,CHLBS,55,47,10,564.00,"5,640.00"
2019-03-17,2019031701005238,CHLBS,55,47,10,560.00,"5,600.00"
2019-03-17,2019031701005237,CHLBS,55,47,10,560.00,"5,600.00"
2019-03-17,2019031701005236,CHLBS,55,33,10,560.00,"5,600.00"
2019-03-17,2019031701005235,CHLBS,55,45,40,560.00,"22,400.00"
2019-03-17,2019031701005197,CHLBS,51,59,10,559.00,"5,590.00"
2019-03-17,2019031701005344,CIT,17,58,84,"2,637.00","221,508.00"
2019-03-17,2019031701005343,CIT,45,58,16,"2,638.00","42,208.00"
2019-03-17,2019031701005329,CIT,39,25,10,"2,640.00","26,400.00"
2019-03-17,2019031701005112,CIT,46,28,15,"2,640.00","39,600.00"
2019-03-17,2019031701005081,CIT,19,58,10,"2,640.00","26,400.00"
2019-03-17,2019031701005179,CLBSL,28,28,10,610.00,"6,100.00"
2019-03-17,2019031701005150,CLBSL,28,28,10,610.00,"6,100.00"
2019-03-17,2019031701005498,CZBIL,54,35,737,210.00,"154,770.00"
2019-03-17,2019031701005214,CZBIL,54,51,76,210.00,"15,960.00"
2019-03-17,2019031701005209,CZBIL,54,19,372,210.00,"78,120.00"
2019-03-17,2019031701005208,CZBIL,57,19,33,210.00,"6,930.00"
2019-03-17,2019031701005549,DBBL,58,59,500,129.00,"64,500.00"
2019-03-17,2019031701005476,DBBL,42,28,"1,000",128.00,"128,000.00"
2019-03-17,2019031701005475,DBBL,47,28,150,128.00,"19,200.00"
2019-03-17,2019031701005474,DBBL,13,28,200,128.00,"25,600.00"
2019-03-17,2019031701005473,DBBL,36,28,200,128.00,"25,600.00"
2019-03-17,2019031701005472,DBBL,50,28,73,128.00,"9,344.00"
2019-03-17,2019031701005291,DBBL,59,53,46,129.00,"5,934.00"
2019-03-17,2019031701005246,DBBL,59,21,300,129.00,"38,700.00"
2019-03-17,2019031701005192,DBBL,59,28,154,129.00,"19,866.00"
2019-03-17,2019031701005191,DBBL,1,28,41,129.00,"5,289.00"
2019-03-17,2019031701005177,DBBL,19,22,200,130.00,"26,000.00"
2019-03-17,2019031701005170,DBBL,1,43,161,129.00,"20,769.00"
2019-03-17,2019031701005524,DDBL,45,59,10,600.00,"6,000.00"
2019-03-17,2019031701005349,DDBL,42,44,50,595.00,"29,750.00"
2019-03-17,2019031701005348,DDBL,36,44,111,595.00,"66,045.00"
2019-03-17,2019031701005328,DDBL,1,59,100,599.00,"59,900.00"
2019-03-17,2019031701005529,EBL,43,35,90,554.00,"49,860.00"
2019-03-17,2019031701005528,EBL,43,38,150,554.00,"83,100.00"
2019-03-17,2019031701005527,EBL,43,3,110,554.00,"60,940.00"
2019-03-17,2019031701005526,EBL,43,43,200,554.00,"110,800.00"
2019-03-17,2019031701005525,EBL,43,32,100,554.00,"55,400.00"
2019-03-17,2019031701005471,EBL,19,55,71,553.00,"39,263.00"
2019-03-17,2019031701005286,EBL,36,28,170,552.00,"93,840.00"
2019-03-17,2019031701005273,EBL,14,28,23,551.00,"12,673.00"
2019-03-17,2019031701005199,EBL,21,28,30,552.00,"16,560.00"
2019-03-17,2019031701005155,EBL,46,50,200,552.00,"110,400.00"
2019-03-17,2019031701005361,EBL,36,22,200,552.00,"110,400.00"
2019-03-17,2019031701005287,EBL,36,47,30,552.00,"16,560.00"
2019-03-17,2019031701005470,EBL,19,1,139,553.00,"76,867.00"
2019-03-17,2019031701005452,EBL,25,1,361,553.00,"199,633.00"
2019-03-17,2019031701005451,EBL,25,34,100,553.00,"55,300.00"
2019-03-17,2019031701005450,EBL,25,43,39,553.00,"21,567.00"
2019-03-17,2019031701005364,EIC,38,29,20,872.00,"17,440.00"
2019-03-17,2019031701005104,EIC,7,29,300,870.00,"261,000.00"
2019-03-17,2019031701005429,FMDBL,35,1,30,371.00,"11,130.00"
2019-03-17,2019031701005305,FOWAD,1,37,50,"1,520.00","76,000.00"
2019-03-17,2019031701005304,FOWAD,37,37,40,"1,520.00","60,800.00"
2019-03-17,2019031701005276,FOWAD,57,37,102,"1,521.00","155,142.00"
2019-03-17,2019031701005275,FOWAD,22,37,50,"1,521.00","76,050.00"
2019-03-17,2019031701005257,FOWAD,21,37,35,"1,522.00","53,270.00"
2019-03-17,2019031701005178,FOWAD,48,13,15,"1,530.00","22,950.00"
2019-03-17,2019031701005457,GBBL,36,49,75,190.00,"14,250.00"
2019-03-17,2019031701005436,GBBL,59,7,44,191.00,"8,404.00"
2019-03-17,2019031701005435,GBBL,19,7,219,191.00,"41,829.00"
2019-03-17,2019031701005226,GBBL,19,42,82,191.00,"15,662.00"
2019-03-17,2019031701005466,GBIME,40,45,100,270.00,"27,000.00"
2019-03-17,2019031701005309,GBIME,56,56,200,269.00,"53,800.00"
2019-03-17,2019031701005308,GBIME,56,34,120,269.00,"32,280.00"
2019-03-17,2019031701005307,GBIME,56,54,50,269.00,"13,450.00"
2019-03-17,2019031701005306,GBIME,56,26,165,269.00,"44,385.00"
2019-03-17,2019031701005193,GBIME,16,16,9,268.00,"2,412.00"
2019-03-17,2019031701005118,GBIME,39,49,100,268.00,"26,800.00"
2019-03-17,2019031701005117,GBIME,45,26,125,269.00,"33,625.00"
2019-03-17,2019031701005116,GBIME,45,53,75,269.00,"20,175.00"
2019-03-17,2019031701005088,GBIME,39,6,500,268.00,"134,000.00"
2019-03-17,2019031701005083,GBIME,39,50,300,268.00,"80,400.00"
2019-03-17,2019031701005506,GBLBS,38,38,10,465.00,"4,650.00"
2019-03-17,2019031701005469,GBLBS,57,49,10,464.00,"4,640.00"
2019-03-17,2019031701005420,GBLBS,49,38,140,465.00,"65,100.00"
2019-03-17,2019031701005407,GBLBS,38,34,10,466.00,"4,660.00"
2019-03-17,2019031701005402,GBLBS,49,1,10,465.00,"4,650.00"
2019-03-17,2019031701005362,GBLBS,38,59,10,465.00,"4,650.00"
2019-03-17,2019031701005285,GBLBS,6,59,40,465.00,"18,600.00"
2019-03-17,2019031701005444,GDBL,57,50,300,188.00,"56,400.00"
2019-03-17,2019031701005443,GDBL,52,50,200,188.00,"37,600.00"
2019-03-17,2019031701005390,GLICL,50,50,500,749.00,"374,500.00"
2019-03-17,2019031701005265,GLICL,55,49,40,750.00,"30,000.00"
2019-03-17,2019031701005264,GLICL,55,49,60,749.00,"44,940.00"
2019-03-17,2019031701005263,GLICL,19,49,20,749.00,"14,980.00"
2019-03-17,2019031701005262,GLICL,35,49,20,749.00,"14,980.00"
2019-03-17,2019031701005252,GLICL,45,49,50,750.00,"37,500.00"
2019-03-17,2019031701005068,GLICL,5,49,10,750.00,"7,500.00"
2019-03-17,2019031701005158,GLICL,41,49,100,750.00,"75,000.00"
2019-03-17,2019031701005073,GLICL,14,49,100,750.00,"75,000.00"
2019-03-17,2019031701005072,GLICL,10,49,50,750.00,"37,500.00"
2019-03-17,2019031701005071,GLICL,10,49,50,750.00,"37,500.00"
2019-03-17,2019031701005070,GLICL,19,49,50,750.00,"37,500.00"
2019-03-17,2019031701005069,GLICL,54,49,10,750.00,"7,500.00"
2019-03-17,2019031701005395,GRDBL,35,43,50,106.00,"5,300.00"
2019-03-17,2019031701005552,GUFL,57,51,15,110.00,"1,650.00"
2019-03-17,2019031701005559,HBL,33,49,174,474.00,"82,476.00"
2019-03-17,2019031701005538,HBL,36,28,150,475.00,"71,250.00"
2019-03-17,2019031701005484,HBL,33,48,126,474.00,"59,724.00"
2019-03-17,2019031701005412,HBL,52,28,100,475.00,"47,500.00"
2019-03-17,2019031701005410,HBL,22,28,50,475.00,"23,750.00"
2019-03-17,2019031701005391,HBL,33,44,200,474.00,"94,800.00"
2019-03-17,2019031701005322,HGI,35,35,150,387.00,"58,050.00"
2019-03-17,2019031701005114,HIDCL,51,21,78,134.00,"10,452.00"
2019-03-17,2019031701005113,HIDCL,5,21,22,135.00,"2,970.00"
2019-03-17,2019031701005388,HPPL,41,10,500,193.00,"96,500.00"
2019-03-17,2019031701005198,IGI,42,1,300,426.00,"127,800.00"
2019-03-17,2019031701005458,JBBL,45,26,211,141.00,"29,751.00"
2019-03-17,2019031701005431,JBBL,40,58,"1,139",140.00,"159,460.00"
2019-03-17,2019031701005256,JBBL,46,58,63,140.00,"8,820.00"
2019-03-17,2019031701005424,JBNL,57,35,44,174.00,"7,656.00"
2019-03-17,2019031701005383,JBNL,28,57,10,175.00,"1,750.00"
2019-03-17,2019031701005261,JBNL,57,38,956,174.00,"166,344.00"
2019-03-17,2019031701005260,JBNL,44,38,"1,044",174.00,"181,656.00"
2019-03-17,2019031701005126,JBNL,44,29,800,174.00,"139,200.00"
2019-03-17,2019031701005125,JBNL,44,38,156,174.00,"27,144.00"
2019-03-17,2019031701005079,JBNL,33,46,100,173.00,"17,300.00"
2019-03-17,2019031701005190,JSLBB,47,22,27,"2,352.00","63,504.00"
2019-03-17,2019031701005189,JSLBB,49,22,30,"2,352.00","70,560.00"
2019-03-17,2019031701005188,JSLBB,57,22,10,"2,353.00","23,530.00"
2019-03-17,2019031701005187,JSLBB,47,22,20,"2,353.00","47,060.00"
2019-03-17,2019031701005186,JSLBB,43,22,15,"2,354.00","35,310.00"
2019-03-17,2019031701005249,JSLBB,42,34,175,"2,323.00","406,525.00"
2019-03-17,2019031701005229,JSLBB,42,21,25,"2,323.00","58,075.00"
2019-03-17,2019031701005228,JSLBB,47,21,50,"2,345.00","117,250.00"
2019-03-17,2019031701005227,JSLBB,47,21,33,"2,352.00","77,616.00"
2019-03-17,2019031701005455,KBBL,43,14,100,208.00,"20,800.00"
2019-03-17,2019031701005421,KBBL,39,14,250,208.00,"52,000.00"
2019-03-17,2019031701005098,KBBL,32,14,250,207.00,"51,750.00"
2019-03-17,2019031701005539,KBL,50,50,316,238.00,"75,208.00"
2019-03-17,2019031701005522,KBL,38,50,100,238.00,"23,800.00"
2019-03-17,2019031701005521,KBL,43,50,279,238.00,"66,402.00"
2019-03-17,2019031701005508,KBL,43,50,40,238.00,"9,520.00"
2019-03-17,2019031701005507,KBL,43,10,181,238.00,"43,078.00"
2019-03-17,2019031701005462,KBL,53,10,"1,000",238.00,"238,000.00"
2019-03-17,2019031701005154,KBL,42,10,100,238.00,"23,800.00"
2019-03-17,2019031701005153,KBL,52,10,100,238.00,"23,800.00"
2019-03-17,2019031701005430,KBL,19,10,"1,000",238.00,"238,000.00"
2019-03-17,2019031701005419,KBL,51,10,200,238.00,"47,600.00"
2019-03-17,2019031701005404,KBL,28,10,160,238.00,"38,080.00"
2019-03-17,2019031701005350,KBL,34,33,100,237.00,"23,700.00"
2019-03-17,2019031701005347,KBL,53,10,"1,000",238.00,"238,000.00"
2019-03-17,2019031701005342,KBL,48,10,100,238.00,"23,800.00"
2019-03-17,2019031701005493,KKHC,37,47,52,82.00,"4,264.00"
2019-03-17,2019031701005288,KPCL,14,51,10,96.00,960.00
2019-03-17,2019031701005300,KSBBL,14,58,347,140.00,"48,580.00"
2019-03-17,2019031701005299,KSBBL,41,58,"1,000",140.00,"140,000.00"
2019-03-17,2019031701005298,KSBBL,38,58,"1,000",140.00,"140,000.00"
2019-03-17,2019031701005297,KSBBL,42,58,100,141.00,"14,100.00"
2019-03-17,2019031701005296,KSBBL,46,58,196,141.00,"27,636.00"
2019-03-17,2019031701005090,KSBBL,46,43,54,141.00,"7,614.00"
2019-03-17,2019031701005089,KSBBL,34,43,235,141.00,"33,135.00"
2019-03-17,2019031701005303,LBBL,1,43,182,173.00,"31,486.00"
2019-03-17,2019031701005160,LBBL,34,28,500,173.00,"86,500.00"
2019-03-17,2019031701005478,LBL,6,6,15,201.00,"3,015.00"
2019-03-17,2019031701005465,LBL,6,6,15,201.00,"3,015.00"
2019-03-17,2019031701005437,LBL,6,6,15,201.00,"3,015.00"
2019-03-17,2019031701005544,LGIL,55,51,100,516.00,"51,600.00"
2019-03-17,2019031701005438,LGIL,17,51,150,517.00,"77,550.00"
2019-03-17,2019031701005368,LGIL,48,51,100,517.00,"51,700.00"
2019-03-17,2019031701005245,LGIL,17,51,100,516.00,"51,600.00"
2019-03-17,2019031701005244,LGIL,16,51,200,516.00,"103,200.00"
2019-03-17,2019031701005131,LGIL,28,51,260,517.00,"134,420.00"
2019-03-17,2019031701005101,LGIL,28,38,240,517.00,"124,080.00"
2019-03-17,2019031701005100,LGIL,58,38,50,518.00,"25,900.00"
2019-03-17,2019031701005099,LGIL,58,38,10,519.00,"5,190.00"
2019-03-17,2019031701005509,LICN,4,28,27,"1,504.00","40,608.00"
2019-03-17,2019031701005382,LICN,4,58,473,"1,500.00","709,500.00"
2019-03-17,2019031701005550,MBL,54,21,200,222.00,"44,400.00"
2019-03-17,2019031701005505,MDB,17,25,15,240.00,"3,600.00"
2019-03-17,2019031701005558,MEGA,46,11,26,166.00,"4,316.00"
2019-03-17,2019031701005557,MEGA,46,52,24,166.00,"3,984.00"
2019-03-17,2019031701005542,MEGA,43,52,10,166.00,"1,660.00"
2019-03-17,2019031701005400,MEGA,52,37,32,164.00,"5,248.00"
2019-03-17,2019031701005102,MEGA,52,43,17,164.00,"2,788.00"
2019-03-17,2019031701005523,MERO,58,8,67,591.00,"39,597.00"
2019-03-17,2019031701005491,MERO,37,8,67,595.00,"39,865.00"
2019-03-17,2019031701005456,MERO,37,21,24,595.00,"14,280.00"
2019-03-17,2019031701005115,MERO,8,43,10,591.00,"5,910.00"
2019-03-17,2019031701005411,MLBL,32,40,88,171.00,"15,048.00"
2019-03-17,2019031701005556,MMFDB,7,17,50,965.00,"48,250.00"
2019-03-17,2019031701005555,MMFDB,7,58,40,965.00,"38,600.00"
2019-03-17,2019031701005554,MMFDB,7,48,23,964.00,"22,172.00"
2019-03-17,2019031701005543,MMFDB,22,48,27,964.00,"26,028.00"
2019-03-17,2019031701005272,MMFDB,22,32,23,955.00,"21,965.00"
2019-03-17,2019031701005565,MNBBL,58,42,10,345.00,"3,450.00"
2019-03-17,2019031701005427,MNBBL,58,43,84,342.00,"28,728.00"
2019-03-17,2019031701005281,MNBBL,35,42,29,345.00,"10,005.00"
2019-03-17,2019031701005278,MNBBL,35,51,500,343.00,"171,500.00"
2019-03-17,2019031701005277,MNBBL,51,51,50,343.00,"17,150.00"
2019-03-17,2019031701005107,MNBBL,44,51,100,344.00,"34,400.00"
2019-03-17,2019031701005230,MNBBL,51,55,950,343.00,"325,850.00"
2019-03-17,2019031701005157,MNBBL,51,29,200,345.00,"69,000.00"
2019-03-17,2019031701005156,MNBBL,51,59,236,345.00,"81,420.00"
2019-03-17,2019031701005109,MNBBL,36,51,20,344.00,"6,880.00"
2019-03-17,2019031701005108,MNBBL,25,51,20,344.00,"6,880.00"
2019-03-17,2019031701005213,MNBBLP,45,1,"15,000",212.00,"3,180,000.00"
2019-03-17,2019031701005563,MSLB,26,55,15,"1,330.00","19,950.00"
2019-03-17,2019031701005086,MSLB,26,44,15,"1,330.00","19,950.00"
2019-03-17,2019031701005564,NABIL,42,49,100,722.00,"72,200.00"
2019-03-17,2019031701005548,NABIL,39,29,16,723.00,"11,568.00"
2019-03-17,2019031701005128,NABIL,33,29,84,723.00,"60,732.00"
2019-03-17,2019031701005082,NABILP,32,28,200,687.00,"137,400.00"
2019-03-17,2019031701005414,NABILP,39,53,367,686.00,"251,762.00"
2019-03-17,2019031701005413,NABILP,32,53,300,687.00,"206,100.00"
2019-03-17,2019031701005415,NABILP,28,53,833,686.00,"571,438.00"
2019-03-17,2019031701005172,NADEP,45,21,50,668.00,"33,400.00"
2019-03-17,2019031701005171,NADEP,50,21,90,669.00,"60,210.00"
2019-03-17,2019031701005133,NADEP,50,21,10,669.00,"6,690.00"
2019-03-17,2019031701005132,NADEP,33,21,90,670.00,"60,300.00"
2019-03-17,2019031701005442,NBB,19,49,100,197.00,"19,700.00"
2019-03-17,2019031701005441,NBB,19,49,19,197.00,"3,743.00"
2019-03-17,2019031701005440,NBB,21,49,30,198.00,"5,940.00"
2019-03-17,2019031701005248,NBB,4,35,200,199.00,"39,800.00"
2019-03-17,2019031701005195,NBB,21,39,70,198.00,"13,860.00"
2019-03-17,2019031701005313,NBL,22,45,20,292.00,"5,840.00"
2019-03-17,2019031701005127,NBL,42,37,200,295.00,"59,000.00"
2019-03-17,2019031701005553,NCCB,56,58,50,215.00,"10,750.00"
2019-03-17,2019031701005519,NCCB,38,58,25,215.00,"5,375.00"
2019-03-17,2019031701005496,NCCB,57,58,154,215.00,"33,110.00"
2019-03-17,2019031701005439,NCCB,19,58,750,215.00,"161,250.00"
2019-03-17,2019031701005409,NCCB,19,38,250,215.00,"53,750.00"
2019-03-17,2019031701005394,NCCB,25,38,750,215.00,"161,250.00"
2019-03-17,2019031701005393,NCCB,25,32,250,215.00,"53,750.00"
2019-03-17,2019031701005301,NCCB,44,32,250,215.00,"53,750.00"
2019-03-17,2019031701005148,NCCB,43,32,500,215.00,"107,500.00"
2019-03-17,2019031701005147,NCCB,43,32,500,215.00,"107,500.00"
2019-03-17,2019031701005146,NCCB,43,58,"2,000",215.00,"430,000.00"
2019-03-17,2019031701005103,NCCB,1,32,500,215.00,"107,500.00"
2019-03-17,2019031701005169,NGPL,50,16,156,124.00,"19,344.00"
2019-03-17,2019031701005145,NGPL,50,16,99,124.00,"12,276.00"
2019-03-17,2019031701005144,NGPL,39,16,57,124.00,"7,068.00"
2019-03-17,2019031701005372,NHPC,56,28,500,72.00,"36,000.00"
2019-03-17,2019031701005371,NHPC,38,28,100,72.00,"7,200.00"
2019-03-17,2019031701005386,NIB,42,1,10,540.00,"5,400.00"
2019-03-17,2019031701005375,NIB,51,49,500,539.00,"269,500.00"
2019-03-17,2019031701005374,NIB,1,49,200,539.00,"107,800.00"
2019-03-17,2019031701005373,NIB,40,49,50,539.00,"26,950.00"
2019-03-17,2019031701005358,NIB,49,49,"32,637",531.00,"17,330,247.00"
2019-03-17,2019031701005206,NIB,40,58,50,539.00,"26,950.00"
2019-03-17,2019031701005106,NIB,26,11,200,540.00,"108,000.00"
2019-03-17,2019031701005205,NIB,20,1,50,540.00,"27,000.00"
2019-03-17,2019031701005196,NIB,14,1,233,540.00,"125,820.00"
2019-03-17,2019031701005176,NIB,11,1,102,540.00,"55,080.00"
2019-03-17,2019031701005175,NIB,11,45,10,540.00,"5,400.00"
2019-03-17,2019031701005174,NIB,11,54,23,540.00,"12,420.00"
2019-03-17,2019031701005173,NIB,11,11,265,540.00,"143,100.00"
2019-03-17,2019031701005447,NIBPO,44,17,100,487.00,"48,700.00"
2019-03-17,2019031701005502,NICA,42,49,367,401.00,"147,167.00"
2019-03-17,2019031701005501,NICA,14,49,500,401.00,"200,500.00"
2019-03-17,2019031701005500,NICA,55,49,"1,000",401.00,"401,000.00"
2019-03-17,2019031701005499,NICA,48,49,133,401.00,"53,333.00"
2019-03-17,2019031701005464,NICA,48,49,200,402.00,"80,400.00"
2019-03-17,2019031701005463,NICA,52,49,48,402.00,"19,296.00"
2019-03-17,2019031701005365,NICA,55,40,100,403.00,"40,300.00"
2019-03-17,2019031701005279,NICA,52,45,16,402.00,"6,432.00"
2019-03-17,2019031701005212,NICA,52,28,44,402.00,"17,688.00"
2019-03-17,2019031701005385,NICL,44,51,400,386.00,"154,400.00"
2019-03-17,2019031701005353,NICL,44,16,300,386.00,"115,800.00"
2019-03-17,2019031701005367,NLBBL,26,50,50,462.00,"23,100.00"
2019-03-17,2019031701005366,NLBBL,36,50,180,463.00,"83,340.00"
2019-03-17,2019031701005210,NLBBL,36,45,20,463.00,"9,260.00"
2019-03-17,2019031701005084,NLBBL,42,33,200,465.00,"93,000.00"
2019-03-17,2019031701005547,NLIC,54,43,10,"1,113.00","11,130.00"
2019-03-17,2019031701005546,NLIC,54,1,30,"1,113.00","33,390.00"
2019-03-17,2019031701005545,NLIC,54,56,260,"1,113.00","289,380.00"
2019-03-17,2019031701005492,NLIC,44,44,8,"1,110.00","8,880.00"
2019-03-17,2019031701005403,NLIC,33,39,100,"1,111.00","111,100.00"
2019-03-17,2019031701005359,NLIC,28,56,30,"1,113.00","33,390.00"
2019-03-17,2019031701005151,NLIC,26,35,650,"1,111.00","722,150.00"
2019-03-17,2019031701005137,NLIC,59,59,1,"1,090.00","1,090.00"
2019-03-17,2019031701005076,NLIC,26,57,100,"1,112.00","111,200.00"
2019-03-17,2019031701005075,NLIC,26,43,200,"1,112.00","222,400.00"
2019-03-17,2019031701005074,NLIC,26,6,50,"1,110.00","55,500.00"
2019-03-17,2019031701005218,NLICL,19,44,200,597.00,"119,400.00"
2019-03-17,2019031701005180,NLICL,44,13,120,596.00,"71,520.00"
2019-03-17,2019031701005503,NMB,42,49,65,326.00,"21,190.00"
2019-03-17,2019031701005346,NMB,40,33,"1,144",326.00,"372,944.00"
2019-03-17,2019031701005326,NMB,56,33,"1,000",326.00,"326,000.00"
2019-03-17,2019031701005266,NMB,1,33,300,326.00,"97,800.00"
2019-03-17,2019031701005220,NMB,25,50,200,325.00,"65,000.00"
2019-03-17,2019031701005204,NMB,6,33,840,326.00,"273,840.00"
2019-03-17,2019031701005168,NMB,25,6,38,325.00,"12,350.00"
2019-03-17,2019031701005167,NMB,57,6,62,325.00,"20,150.00"
2019-03-17,2019031701005135,NMB,57,21,215,325.00,"69,875.00"
2019-03-17,2019031701005203,NMBHF1,47,42,100,9.03,903.00
2019-03-17,2019031701005134,NMBMF,8,21,10,"1,030.00","10,300.00"
2019-03-17,2019031701005290,NMBSF1,43,25,"1,000",10.23,"10,230.00"
2019-03-17,2019031701005479,NMFBS,47,35,14,"1,637.00","22,918.00"
2019-03-17,2019031701005331,NNLB,32,43,53,457.00,"24,221.00"
2019-03-17,2019031701005283,NNLB,32,43,43,456.00,"19,608.00"
2019-03-17,2019031701005282,NNLB,37,43,125,457.00,"57,125.00"
2019-03-17,2019031701005482,NTC,35,38,20,683.00,"13,660.00"
2019-03-17,2019031701005337,OHL,49,45,19,436.00,"8,284.00"
2019-03-17,2019031701005334,OHL,49,56,20,436.00,"8,720.00"
2019-03-17,2019031701005461,PCBL,53,43,90,324.00,"29,160.00"
2019-03-17,2019031701005460,PCBL,53,43,10,324.00,"3,240.00"
2019-03-17,2019031701005327,PCBL,58,45,20,323.00,"6,460.00"
2019-03-17,2019031701005085,PCBL,59,59,1,317.00,317.00
2019-03-17,2019031701005315,PFL,44,51,26,130.00,"3,380.00"
2019-03-17,2019031701005202,PFL,44,43,39,130.00,"5,070.00"
2019-03-17,2019031701005095,PFL,44,41,203,130.00,"26,390.00"
2019-03-17,2019031701005094,PFL,19,41,39,131.00,"5,109.00"
2019-03-17,2019031701005093,PFL,49,41,70,132.00,"9,240.00"
2019-03-17,2019031701005092,PFL,55,41,38,132.00,"5,016.00"
2019-03-17,2019031701005166,PIC,33,36,100,"1,035.00","103,500.00"
2019-03-17,2019031701005165,PIC,20,36,200,"1,036.00","207,200.00"
2019-03-17,2019031701005164,PIC,39,36,20,"1,036.00","20,720.00"
2019-03-17,2019031701005163,PIC,20,36,42,"1,036.00","43,512.00"
2019-03-17,2019031701005162,PIC,43,36,10,"1,037.00","10,370.00"
2019-03-17,2019031701005161,PIC,43,36,10,"1,037.00","10,370.00"
2019-03-17,2019031701005520,PLIC,7,19,64,457.00,"29,248.00"
2019-03-17,2019031701005551,PMHPL,11,57,10,114.00,"1,140.00"
2019-03-17,2019031701005324,PMHPL,11,51,10,114.00,"1,140.00"
2019-03-17,2019031701005211,PMHPL,11,43,10,114.00,"1,140.00"
2019-03-17,2019031701005354,PRIN,42,17,100,420.00,"42,000.00"
2019-03-17,2019031701005259,PRIN,21,17,100,420.00,"42,000.00"
2019-03-17,2019031701005159,PRIN,32,26,50,419.00,"20,950.00"
2019-03-17,2019031701005454,PRVU,33,39,60,236.00,"14,160.00"
2019-03-17,2019031701005453,PRVU,21,39,30,236.00,"7,080.00"
2019-03-17,2019031701005408,PRVU,46,28,44,237.00,"10,428.00"
2019-03-17,2019031701005379,PRVU,29,6,195,236.00,"46,020.00"
2019-03-17,2019031701005152,PRVU,44,1,100,237.00,"23,700.00"
2019-03-17,2019031701005320,PRVU,1,28,100,237.00,"23,700.00"
2019-03-17,2019031701005312,PRVU,44,28,100,237.00,"23,700.00"
2019-03-17,2019031701005284,PRVU,44,28,30,237.00,"7,110.00"
2019-03-17,2019031701005232,PRVU,44,28,100,237.00,"23,700.00"
2019-03-17,2019031701005217,PRVU,56,28,126,237.00,"29,862.00"
2019-03-17,2019031701005216,PRVU,56,1,74,237.00,"17,538.00"
2019-03-17,2019031701005378,PRVU,14,6,300,236.00,"70,800.00"
2019-03-17,2019031701005377,PRVU,49,6,200,236.00,"47,200.00"
2019-03-17,2019031701005376,PRVU,5,6,305,236.00,"71,980.00"
2019-03-17,2019031701005323,PRVU,35,28,500,237.00,"118,500.00"
2019-03-17,2019031701005321,RBCL,54,42,10,"9,350.00","93,500.00"
2019-03-17,2019031701005497,RHPC,43,54,500,96.00,"48,000.00"
2019-03-17,2019031701005434,RHPC,43,1,400,96.00,"38,400.00"
2019-03-17,2019031701005389,RHPC,43,54,100,96.00,"9,600.00"
2019-03-17,2019031701005270,RHPC,22,22,14,97.00,"1,358.00"
2019-03-17,2019031701005480,RLFL,1,45,"1,000",117.00,"117,000.00"
2019-03-17,2019031701005255,RLFL,1,43,17,117.00,"1,989.00"
2019-03-17,2019031701005387,RRHP,39,51,10,105.00,"1,050.00"
2019-03-17,2019031701005310,RRHP,44,58,10,107.00,"1,070.00"
2019-03-17,2019031701005087,RSDC,42,42,25,378.00,"9,450.00"
2019-03-17,2019031701005399,SADBL,16,59,541,145.00,"78,445.00"
2019-03-17,2019031701005351,SADBL,58,43,71,144.00,"10,224.00"
2019-03-17,2019031701005231,SADBL,58,59,500,145.00,"72,500.00"
2019-03-17,2019031701005271,SBI,10,45,15,392.00,"5,880.00"
2019-03-17,2019031701005333,SBL,10,40,45,297.00,"13,365.00"
2019-03-17,2019031701005332,SBL,10,57,55,297.00,"16,335.00"
2019-03-17,2019031701005352,SCB,21,42,200,583.00,"116,600.00"
2019-03-17,2019031701005254,SCB,54,45,10,582.00,"5,820.00"
2019-03-17,2019031701005181,SCB,54,17,40,585.00,"23,400.00"
2019-03-17,2019031701005532,SDESI,34,46,49,581.00,"28,469.00"
2019-03-17,2019031701005531,SDESI,33,46,28,582.00,"16,296.00"
2019-03-17,2019031701005530,SDESI,36,46,50,583.00,"29,150.00"
2019-03-17,2019031701005119,SDESI,33,44,11,582.00,"6,402.00"
2019-03-17,2019031701005105,SDESI,33,44,11,582.00,"6,402.00"
2019-03-17,2019031701005234,SHINE,45,28,60,239.00,"14,340.00"
2019-03-17,2019031701005120,SHINE,45,6,59,238.00,"14,042.00"
2019-03-17,2019031701005339,SHINE,14,58,83,238.00,"19,754.00"
2019-03-17,2019031701005338,SHINE,45,58,421,238.00,"100,198.00"
2019-03-17,2019031701005418,SHINE,46,58,967,238.00,"230,146.00"
2019-03-17,2019031701005380,SICL,11,35,50,897.00,"44,850.00"
2019-03-17,2019031701005110,SICL,52,13,50,898.00,"44,900.00"
2019-03-17,2019031701005561,SIL,46,34,200,623.00,"124,600.00"
2019-03-17,2019031701005560,SIL,7,34,300,624.00,"187,200.00"
2019-03-17,2019031701005537,SKBBL,35,13,43,880.00,"37,840.00"
2019-03-17,2019031701005536,SKBBL,35,37,100,879.00,"87,900.00"
2019-03-17,2019031701005535,SKBBL,35,21,37,879.00,"32,523.00"
2019-03-17,2019031701005534,SKBBL,35,19,50,878.00,"43,900.00"
2019-03-17,2019031701005111,SLBBL,44,44,30,503.00,"15,090.00"
2019-03-17,2019031701005398,SLBBL,28,59,10,510.00,"5,100.00"
2019-03-17,2019031701005562,SLBS,25,53,12,927.00,"11,124.00"
2019-03-17,2019031701005396,SLBS,25,53,18,927.00,"16,686.00"
2019-03-17,2019031701005130,SLBS,48,13,11,945.00,"10,395.00"
2019-03-17,2019031701005425,SLBSL,10,49,10,750.00,"7,500.00"
2019-03-17,2019031701005077,SLBSL,52,34,50,751.00,"37,550.00"
2019-03-17,2019031701005224,SLBSL,18,49,20,748.00,"14,960.00"
2019-03-17,2019031701005223,SLBSL,52,49,100,749.00,"74,900.00"
2019-03-17,2019031701005222,SLBSL,39,49,50,750.00,"37,500.00"
2019-03-17,2019031701005221,SLBSL,59,49,10,751.00,"7,510.00"
2019-03-17,2019031701005185,SLBSL,59,57,10,751.00,"7,510.00"
2019-03-17,2019031701005078,SLBSL,59,34,50,751.00,"37,550.00"
2019-03-17,2019031701005243,SLBSL,32,49,200,745.00,"149,000.00"
2019-03-17,2019031701005225,SLBSL,34,49,100,747.00,"74,700.00"
2019-03-17,2019031701005468,SLICL,21,22,10,540.00,"5,400.00"
2019-03-17,2019031701005406,SLICL,44,21,62,537.00,"33,294.00"
2019-03-17,2019031701005405,SLICL,51,21,88,538.00,"47,344.00"
2019-03-17,2019031701005067,SLICL,51,25,112,538.00,"60,256.00"
2019-03-17,2019031701005314,SMATA,41,10,10,"1,315.00","13,150.00"
2019-03-17,2019031701005294,SMATA,41,44,12,"1,300.00","15,600.00"
2019-03-17,2019031701005293,SMATA,41,44,12,"1,300.00","15,600.00"
2019-03-17,2019031701005201,SMATA,41,44,12,"1,305.00","15,660.00"
2019-03-17,2019031701005363,SPDL,39,43,29,103.00,"2,987.00"
2019-03-17,2019031701005311,SRBL,28,54,10,223.00,"2,230.00"
2019-03-17,2019031701005183,SRBL,39,6,496,222.00,"110,112.00"
2019-03-17,2019031701005182,SRBL,39,51,892,222.00,"198,024.00"
2019-03-17,2019031701005483,SWBBL,7,58,269,840.00,"225,960.00"
2019-03-17,2019031701005433,SWBBL,7,34,20,838.00,"16,760.00"
2019-03-17,2019031701005432,SWBBL,34,34,60,839.00,"50,340.00"
2019-03-17,2019031701005360,SWBBL,34,14,40,839.00,"33,560.00"
2019-03-17,2019031701005330,SWBBL,52,58,12,840.00,"10,080.00"
2019-03-17,2019031701005369,UMHL,36,43,23,113.00,"2,599.00"
2019-03-17,2019031701005518,UPPER,26,18,590,245.00,"144,550.00"
2019-03-17,2019031701005517,UPPER,26,6,50,245.00,"12,250.00"
2019-03-17,2019031701005516,UPPER,26,19,50,245.00,"12,250.00"
2019-03-17,2019031701005515,UPPER,26,19,40,245.00,"9,800.00"
2019-03-17,2019031701005514,UPPER,26,57,200,245.00,"49,000.00"
2019-03-17,2019031701005513,UPPER,26,10,570,245.00,"139,650.00"
2019-03-17,2019031701005091,UPPER,50,54,50,245.00,"12,250.00"
2019-03-17,2019031701005136,UPPER,38,40,20,245.00,"4,900.00"
2019-03-17,2019031701005129,UPPER,37,19,50,244.00,"12,200.00"
2019-03-17,2019031701005121,UPPER,37,19,40,244.00,"9,760.00"
2019-03-17,2019031701005097,UPPER,56,40,30,245.00,"7,350.00"
2019-03-17,2019031701005096,UPPER,56,54,70,245.00,"17,150.00"
2019-03-17,2019031701005215,UPPER,37,7,40,244.00,"9,760.00"
2019-03-17,2019031701005207,UPPER,37,19,50,244.00,"12,200.00"
2019-03-17,2019031701005200,UPPER,37,19,50,244.00,"12,200.00"
2019-03-17,2019031701005184,UPPER,37,19,50,244.00,"12,200.00"
2019-03-17,2019031701005149,UPPER,37,19,40,244.00,"9,760.00"
2019-03-17,2019031701005336,UPPER,16,40,70,245.00,"17,150.00"
2019-03-17,2019031701005280,UPPER,37,16,50,244.00,"12,200.00"
2019-03-17,2019031701005251,UPPER,37,19,40,244.00,"9,760.00"
2019-03-17,2019031701005250,UPPER,37,16,40,244.00,"9,760.00"
2019-03-17,2019031701005219,UPPER,37,19,40,244.00,"9,760.00"
2019-03-17,2019031701005512,UPPER,25,10,"1,430",245.00,"350,350.00"
2019-03-17,2019031701005511,UPPER,25,40,80,245.00,"19,600.00"
2019-03-17,2019031701005392,UPPER,37,43,40,244.00,"9,760.00"
2019-03-17,2019031701005381,UPPER,37,11,50,244.00,"12,200.00"
2019-03-17,2019031701005370,UPPER,37,42,40,244.00,"9,760.00"
2019-03-17,2019031701004971,ADBL,26,28,400,302.00,"120,800.00"
2019-03-17,2019031701004970,ADBL,26,43,150,302.00,"45,300.00"
2019-03-17,2019031701004661,ADBL,10,43,30,302.00,"9,060.00"
2019-03-17,2019031701004660,ADBL,41,43,70,302.00,"21,140.00"
2019-03-17,2019031701005016,AKJCL,26,11,20,85.00,"1,700.00"
2019-03-17,2019031701005015,AKJCL,26,11,10,85.00,850.00
2019-03-17,2019031701004760,AKJCL,52,48,20,84.00,"1,680.00"
2019-03-17,2019031701004727,AKJCL,56,48,20,85.00,"1,700.00"
2019-03-17,2019031701004696,AKJCL,56,35,20,85.00,"1,700.00"
2019-03-17,2019031701004943,ALICL,42,53,50,403.00,"20,150.00"
2019-03-17,2019031701004836,ALICL,51,21,100,401.00,"40,100.00"
2019-03-17,2019031701004774,ALICL,59,14,100,401.00,"40,100.00"
2019-03-17,2019031701004671,ALICL,38,42,518,402.00,"208,236.00"
2019-03-17,2019031701004634,ALICL,22,42,12,402.00,"4,824.00"
2019-03-17,2019031701004633,ALICL,22,49,488,402.00,"196,176.00"
2019-03-17,2019031701005001,API,42,25,400,134.00,"53,600.00"
2019-03-17,2019031701004694,BHBL,34,52,50,144.00,"7,200.00"
2019-03-17,2019031701004906,BOKL,37,6,"1,000",250.00,"250,000.00"
2019-03-17,2019031701004905,BOKL,40,6,100,250.00,"25,000.00"
2019-03-17,2019031701004904,BOKL,56,6,100,250.00,"25,000.00"
2019-03-17,2019031701004903,BOKL,14,6,60,250.00,"15,000.00"
2019-03-17,2019031701004902,BOKL,13,6,400,250.00,"100,000.00"
2019-03-17,2019031701004901,BOKL,49,6,"2,323",250.00,"580,750.00"
2019-03-17,2019031701004612,BOKL,55,6,50,252.00,"12,600.00"
2019-03-17,2019031701004857,BOKL,57,32,50,252.00,"12,600.00"
2019-03-17,2019031701004856,BOKL,32,32,207,252.00,"52,164.00"
2019-03-17,2019031701004855,BOKL,25,32,37,252.00,"9,324.00"
2019-03-17,2019031701004833,BOKL,25,39,30,252.00,"7,560.00"
2019-03-17,2019031701004614,BOKL,25,6,933,252.00,"235,116.00"
2019-03-17,2019031701004613,BOKL,10,6,17,252.00,"4,284.00"
2019-03-17,2019031701004863,BOKL,37,32,"1,103",251.00,"276,853.00"
2019-03-17,2019031701004862,BOKL,55,32,500,251.00,"125,500.00"
2019-03-17,2019031701004861,BOKL,14,32,200,251.00,"50,200.00"
2019-03-17,2019031701004860,BOKL,44,32,100,251.00,"25,100.00"
2019-03-17,2019031701004859,BOKL,1,32,200,251.00,"50,200.00"
2019-03-17,2019031701004858,BOKL,4,32,255,251.00,"64,005.00"
2019-03-17,2019031701004892,BPCL,41,48,400,367.00,"146,800.00"
2019-03-17,2019031701004891,BPCL,37,48,80,367.00,"29,360.00"
2019-03-17,2019031701004890,BPCL,1,48,150,367.00,"55,050.00"
2019-03-17,2019031701004889,BPCL,19,48,10,367.00,"3,670.00"
2019-03-17,2019031701004888,BPCL,57,48,40,367.00,"14,680.00"
2019-03-17,2019031701004645,BPCL,55,58,100,368.00,"36,800.00"
2019-03-17,2019031701004947,CBL,51,48,180,158.00,"28,440.00"
2019-03-17,2019031701004946,CBL,38,48,500,158.00,"79,000.00"
2019-03-17,2019031701004933,CBL,59,43,40,160.00,"6,400.00"
2019-03-17,2019031701004798,CBL,6,29,80,159.00,"12,720.00"
2019-03-17,2019031701004712,CBL,38,29,20,159.00,"3,180.00"
2019-03-17,2019031701004586,CBL,1,43,200,158.00,"31,600.00"
2019-03-17,2019031701004585,CBL,1,43,100,158.00,"15,800.00"
2019-03-17,2019031701004584,CBL,38,43,500,158.00,"79,000.00"
2019-03-17,2019031701004583,CBL,50,43,300,158.00,"47,400.00"
2019-03-17,2019031701004582,CBL,50,43,300,158.00,"47,400.00"
2019-03-17,2019031701004581,CBL,16,43,229,158.00,"36,182.00"
2019-03-17,2019031701005058,CCBL,14,6,10,167.00,"1,670.00"
2019-03-17,2019031701005040,CCBL,14,6,10,167.00,"1,670.00"
2019-03-17,2019031701004655,CCBL,19,10,130,166.00,"21,580.00"
2019-03-17,2019031701004654,CCBL,41,10,81,166.00,"13,446.00"
2019-03-17,2019031701004832,CFCL,42,14,885,108.00,"95,580.00"
2019-03-17,2019031701004990,CHCL,26,1,200,517.00,"103,400.00"
2019-03-17,2019031701004981,CHCL,26,29,23,517.00,"11,891.00"
2019-03-17,2019031701004964,CHCL,26,34,163,517.00,"84,271.00"
2019-03-17,2019031701004963,CHCL,26,37,49,517.00,"25,333.00"
2019-03-17,2019031701004604,CHCL,45,29,280,515.00,"144,200.00"
2019-03-17,2019031701004603,CHCL,1,29,20,517.00,"10,340.00"
2019-03-17,2019031701004936,CHLBS,32,21,40,556.00,"22,240.00"
2019-03-17,2019031701004935,CHLBS,49,21,10,556.00,"5,560.00"
2019-03-17,2019031701004871,CHLBS,49,41,10,556.00,"5,560.00"
2019-03-17,2019031701004831,CHLBS,26,49,10,556.00,"5,560.00"
2019-03-17,2019031701004799,CHLBS,26,49,10,556.00,"5,560.00"
2019-03-17,2019031701004744,CHLBS,26,42,10,556.00,"5,560.00"
2019-03-17,2019031701004628,CHLBS,26,39,20,556.00,"11,120.00"
2019-03-17,2019031701004627,CHLBS,18,39,80,556.00,"44,480.00"
2019-03-17,2019031701004596,CHLBS,18,41,10,556.00,"5,560.00"
2019-03-17,2019031701005017,CIT,19,32,10,"2,640.00","26,400.00"
2019-03-17,2019031701004998,CIT,19,26,10,"2,640.00","26,400.00"
2019-03-17,2019031701004806,CIT,19,10,11,"2,640.00","29,040.00"
2019-03-17,2019031701004805,CIT,45,10,39,"2,640.00","102,960.00"
2019-03-17,2019031701004804,CIT,58,10,50,"2,641.00","132,050.00"
2019-03-17,2019031701004803,CIT,42,10,25,"2,645.00","66,125.00"
2019-03-17,2019031701004728,CLBSL,28,28,10,605.00,"6,050.00"
2019-03-17,2019031701004743,CZBIL,57,52,17,210.00,"3,570.00"
2019-03-17,2019031701004587,CZBIL,35,52,32,210.00,"6,720.00"
2019-03-17,2019031701004579,CZBIL,35,6,168,210.00,"35,280.00"
2019-03-17,2019031701004578,CZBIL,43,6,200,210.00,"42,000.00"
2019-03-17,2019031701004577,CZBIL,54,6,832,210.00,"174,720.00"
2019-03-17,2019031701004854,DBBL,58,22,493,130.00,"64,090.00"
2019-03-17,2019031701004853,DBBL,58,11,410,130.00,"53,300.00"
2019-03-17,2019031701004852,DBBL,58,25,300,130.00,"39,000.00"
2019-03-17,2019031701004851,DBBL,58,39,100,130.00,"13,000.00"
2019-03-17,2019031701004850,DBBL,58,52,177,130.00,"23,010.00"
2019-03-17,2019031701004837,DBBL,1,41,308,129.00,"39,732.00"
2019-03-17,2019031701004658,DBBL,1,58,490,129.00,"63,210.00"
2019-03-17,2019031701004657,DBBL,53,58,650,129.00,"83,850.00"
2019-03-17,2019031701004636,DBBL,53,49,350,129.00,"45,150.00"
2019-03-17,2019031701005046,EBL,53,43,50,553.00,"27,650.00"
2019-03-17,2019031701004919,EBL,28,17,141,550.00,"77,550.00"
2019-03-17,2019031701004918,EBL,14,17,100,550.00,"55,000.00"
2019-03-17,2019031701004917,EBL,49,17,363,550.00,"199,650.00"
2019-03-17,2019031701004916,EBL,1,17,500,551.00,"275,500.00"
2019-03-17,2019031701004915,EBL,19,17,67,551.00,"36,917.00"
2019-03-17,2019031701004914,EBL,1,17,100,551.00,"55,100.00"
2019-03-17,2019031701004913,EBL,32,17,29,551.00,"15,979.00"
2019-03-17,2019031701004912,EBL,7,17,200,552.00,"110,400.00"
2019-03-17,2019031701005057,EIC,39,29,50,865.00,"43,250.00"
2019-03-17,2019031701005056,EIC,53,29,25,865.00,"21,625.00"
2019-03-17,2019031701005055,EIC,7,29,250,866.00,"216,500.00"
2019-03-17,2019031701005054,EIC,57,29,10,870.00,"8,700.00"
2019-03-17,2019031701005053,EIC,57,29,10,870.00,"8,700.00"
2019-03-17,2019031701005052,EIC,33,29,10,870.00,"8,700.00"
2019-03-17,2019031701004617,EIC,58,14,15,871.00,"13,065.00"
2019-03-17,2019031701005051,EIC,42,29,30,870.00,"26,100.00"
2019-03-17,2019031701005050,EIC,10,29,50,871.00,"43,550.00"
2019-03-17,2019031701005049,EIC,36,29,20,871.00,"17,420.00"
2019-03-17,2019031701005048,EIC,19,29,33,871.00,"28,743.00"
2019-03-17,2019031701005047,EIC,17,29,22,872.00,"19,184.00"
2019-03-17,2019031701004618,EIC,19,14,17,871.00,"14,807.00"
2019-03-17,2019031701004893,FOWAD,21,7,15,"1,522.00","22,830.00"
2019-03-17,2019031701005062,GBIME,39,53,800,269.00,"215,200.00"
2019-03-17,2019031701004944,GBIME,48,53,100,269.00,"26,900.00"
2019-03-17,2019031701004883,GBLBS,49,42,10,463.00,"4,630.00"
2019-03-17,2019031701004968,GDBL,28,51,250,190.00,"47,500.00"
2019-03-17,2019031701004967,GDBL,28,42,250,189.00,"47,250.00"
2019-03-17,2019031701004793,GDBL,59,6,200,187.00,"37,400.00"
2019-03-17,2019031701004792,GDBL,32,6,50,188.00,"9,400.00"
2019-03-17,2019031701004791,GDBL,35,6,100,188.00,"18,800.00"
2019-03-17,2019031701004790,GDBL,36,6,200,188.00,"37,600.00"
2019-03-17,2019031701004789,GDBL,29,6,259,188.00,"48,692.00"
2019-03-17,2019031701004797,GDBL,40,6,"3,171",187.00,"592,977.00"
2019-03-17,2019031701004796,GDBL,50,6,"1,000",187.00,"187,000.00"
2019-03-17,2019031701004795,GDBL,57,6,300,187.00,"56,100.00"
2019-03-17,2019031701004794,GDBL,40,6,20,187.00,"3,740.00"
2019-03-17,2019031701004925,GHL,58,47,10,194.00,"1,940.00"
2019-03-17,2019031701004924,GHL,58,29,20,194.00,"3,880.00"
2019-03-17,2019031701005061,GLICL,55,46,80,753.00,"60,240.00"
2019-03-17,2019031701005010,GLICL,38,46,20,753.00,"15,060.00"
2019-03-17,2019031701004973,GLICL,5,28,50,753.00,"37,650.00"
2019-03-17,2019031701004667,GLICL,5,39,90,750.00,"67,500.00"
2019-03-17,2019031701004666,GLICL,42,39,10,750.00,"7,500.00"
2019-03-17,2019031701004708,GRDBL,56,16,40,107.00,"4,280.00"
2019-03-17,2019031701004879,HBL,25,41,30,482.00,"14,460.00"
2019-03-17,2019031701004878,HBL,25,39,30,480.00,"14,400.00"
2019-03-17,2019031701004877,HBL,25,6,30,480.00,"14,400.00"
2019-03-17,2019031701004866,HBL,7,6,40,480.00,"19,200.00"
2019-03-17,2019031701004762,HBL,58,6,100,480.00,"48,000.00"
2019-03-17,2019031701004684,HBL,25,6,30,480.00,"14,400.00"
2019-03-17,2019031701004625,HBL,25,45,10,477.00,"4,770.00"
2019-03-17,2019031701004624,HBL,25,22,10,477.00,"4,770.00"
2019-03-17,2019031701004623,HBL,25,35,150,476.00,"71,400.00"
2019-03-17,2019031701004622,HBL,25,17,30,476.00,"14,280.00"
2019-03-17,2019031701004621,HBL,25,25,200,475.00,"95,000.00"
2019-03-17,2019031701004867,HIDCL,5,41,55,135.00,"7,425.00"
2019-03-17,2019031701004950,HPPL,36,11,10,190.00,"1,900.00"
2019-03-17,2019031701004593,HPPL,36,42,10,190.00,"1,900.00"
2019-03-17,2019031701004965,JBBL,46,32,237,140.00,"33,180.00"
2019-03-17,2019031701004843,JBBL,38,39,50,139.00,"6,950.00"
2019-03-17,2019031701004580,JBBL,38,21,17,139.00,"2,363.00"
2019-03-17,2019031701004951,JBNL,42,38,500,174.00,"87,000.00"
2019-03-17,2019031701004920,JBNL,34,38,344,174.00,"59,856.00"
2019-03-17,2019031701004876,JBNL,34,38,"1,000",174.00,"174,000.00"
2019-03-17,2019031701004875,JBNL,34,16,500,174.00,"87,000.00"
2019-03-17,2019031701004874,JBNL,34,13,53,174.00,"9,222.00"
2019-03-17,2019031701004873,JBNL,34,35,"2,213",174.00,"385,062.00"
2019-03-17,2019031701004872,JBNL,34,38,890,174.00,"154,860.00"
2019-03-17,2019031701004948,JFL,42,39,10,172.00,"1,720.00"
2019-03-17,2019031701004895,JFL,56,3,344,170.00,"58,480.00"
2019-03-17,2019031701004941,JSLBB,36,39,14,"2,370.00","33,180.00"
2019-03-17,2019031701004940,JSLBB,21,39,10,"2,375.00","23,750.00"
2019-03-17,2019031701004939,JSLBB,34,39,10,"2,376.00","23,760.00"
2019-03-17,2019031701004772,JSLBB,19,10,50,"2,380.00","119,000.00"
2019-03-17,2019031701004773,KBBL,57,14,"4,200",205.00,"861,000.00"
2019-03-17,2019031701004759,KBBL,57,14,"2,800",205.00,"574,000.00"
2019-03-17,2019031701004758,KBBL,25,14,200,205.00,"41,000.00"
2019-03-17,2019031701004757,KBBL,49,14,"1,000",206.00,"206,000.00"
2019-03-17,2019031701004756,KBBL,42,14,100,206.00,"20,600.00"
2019-03-17,2019031701004755,KBBL,39,14,50,207.00,"10,350.00"
2019-03-17,2019031701004754,KBBL,49,14,"1,000",207.00,"207,000.00"
2019-03-17,2019031701004753,KBBL,5,14,700,207.00,"144,900.00"
2019-03-17,2019031701004752,KBBL,26,14,100,207.00,"20,700.00"
2019-03-17,2019031701004751,KBBL,39,14,"1,000",208.00,"208,000.00"
2019-03-17,2019031701004750,KBBL,39,14,50,208.00,"10,400.00"
2019-03-17,2019031701004830,KBL,8,10,250,239.00,"59,750.00"
2019-03-17,2019031701004599,KBL,28,44,"1,000",238.00,"238,000.00"
2019-03-17,2019031701005006,KKHC,37,43,16,82.00,"1,312.00"
2019-03-17,2019031701004937,KMCDB,48,34,10,844.00,"8,440.00"
2019-03-17,2019031701005008,KMFL,7,10,20,870.00,"17,400.00"
2019-03-17,2019031701005007,KMFL,7,10,20,870.00,"17,400.00"
2019-03-17,2019031701004938,KMFL,45,48,10,870.00,"8,700.00"
2019-03-17,2019031701005021,KNBL,33,43,70,126.00,"8,820.00"
2019-03-17,2019031701005020,KNBL,33,43,66,127.00,"8,382.00"
2019-03-17,2019031701005042,KPCL,14,11,10,96.00,960.00
2019-03-17,2019031701005041,KPCL,14,43,10,96.00,960.00
2019-03-17,2019031701004659,KPCL,22,35,10,95.00,950.00
2019-03-17,2019031701004886,KPCL,43,11,10,96.00,960.00
2019-03-17,2019031701004952,KPCL,14,54,10,96.00,960.00
2019-03-17,2019031701004934,KPCL,14,11,10,96.00,960.00
2019-03-17,2019031701004908,KPCL,14,11,11,96.00,"1,056.00"
2019-03-17,2019031701004907,KPCL,14,11,10,96.00,960.00
2019-03-17,2019031701004887,KPCL,43,11,10,96.00,960.00
2019-03-17,2019031701004922,KRBL,37,59,10,103.00,"1,030.00"
2019-03-17,2019031701004894,KRBL,37,58,50,102.00,"5,100.00"
2019-03-17,2019031701004865,KRBL,37,28,500,100.00,"50,000.00"
2019-03-17,2019031701004864,KRBL,37,28,473,100.00,"47,300.00"
2019-03-17,2019031701004976,LBBL,13,58,168,172.00,"28,896.00"
2019-03-17,2019031701004975,LBBL,54,58,500,172.00,"86,000.00"
2019-03-17,2019031701004974,LBBL,50,58,332,172.00,"57,104.00"
2019-03-17,2019031701004844,LBBL,28,28,27,173.00,"4,671.00"
2019-03-17,2019031701004840,LBBL,28,32,500,173.00,"86,500.00"
2019-03-17,2019031701004977,LBL,39,17,733,200.00,"146,600.00"
2019-03-17,2019031701004962,LBL,8,17,880,200.00,"176,000.00"
2019-03-17,2019031701004961,LBL,8,17,"1,000",200.00,"200,000.00"
2019-03-17,2019031701004960,LBL,40,17,120,200.00,"24,000.00"
2019-03-17,2019031701004959,LBL,49,17,50,201.00,"10,050.00"
2019-03-17,2019031701004958,LBL,57,17,100,201.00,"20,100.00"
2019-03-17,2019031701004957,LBL,39,17,897,201.00,"180,297.00"
2019-03-17,2019031701004885,LBL,39,39,100,203.00,"20,300.00"
2019-03-17,2019031701004839,LBL,39,32,300,203.00,"60,900.00"
2019-03-17,2019031701004838,LBL,39,35,559,203.00,"113,477.00"
2019-03-17,2019031701004717,LBL,39,40,200,202.00,"40,400.00"
2019-03-17,2019031701004716,LBL,39,58,613,202.00,"123,826.00"
2019-03-17,2019031701004723,LGIL,58,50,20,519.00,"10,380.00"
2019-03-17,2019031701004900,LLBS,41,41,24,770.00,"18,480.00"
2019-03-17,2019031701004695,LLBS,41,21,21,770.00,"16,170.00"
2019-03-17,2019031701004647,LLBS,41,21,21,770.00,"16,170.00"
2019-03-17,2019031701004602,LLBS,41,21,21,770.00,"16,170.00"
2019-03-17,2019031701005009,MBL,43,26,269,222.00,"59,718.00"
2019-03-17,2019031701004955,MBL,43,46,231,222.00,"51,282.00"
2019-03-17,2019031701004954,MBL,40,46,100,222.00,"22,200.00"
2019-03-17,2019031701004953,MBL,36,46,119,222.00,"26,418.00"
2019-03-17,2019031701004652,MBL,36,59,81,222.00,"17,982.00"
2019-03-17,2019031701004651,MBL,42,59,50,222.00,"11,100.00"
2019-03-17,2019031701004650,MBL,48,59,141,222.00,"31,302.00"
2019-03-17,2019031701004849,MDB,19,51,800,240.00,"192,000.00"
2019-03-17,2019031701004841,MEGA,56,42,397,163.00,"64,711.00"
2019-03-17,2019031701004827,MEGA,35,42,900,163.00,"146,700.00"
2019-03-17,2019031701004826,MEGA,47,42,500,163.00,"81,500.00"
2019-03-17,2019031701004825,MEGA,21,42,320,163.00,"52,160.00"
2019-03-17,2019031701004824,MEGA,42,42,"1,000",163.00,"163,000.00"
2019-03-17,2019031701004823,MEGA,19,42,500,163.00,"81,500.00"
2019-03-17,2019031701004656,MEGA,56,21,56,165.00,"9,240.00"
2019-03-17,2019031701004605,MEGA,56,21,56,165.00,"9,240.00"
2019-03-17,2019031701004810,MEGA,38,42,25,165.00,"4,125.00"
2019-03-17,2019031701004809,MEGA,45,42,50,165.00,"8,250.00"
2019-03-17,2019031701004808,MEGA,1,42,300,165.00,"49,500.00"
2019-03-17,2019031701004807,MEGA,56,42,50,165.00,"8,250.00"
2019-03-17,2019031701004711,MEGA,56,21,56,165.00,"9,240.00"
2019-03-17,2019031701004663,MEGA,57,52,67,166.00,"11,122.00"
2019-03-17,2019031701004816,MEGA,56,42,900,164.00,"147,600.00"
2019-03-17,2019031701004815,MEGA,56,42,500,164.00,"82,000.00"
2019-03-17,2019031701004814,MEGA,32,42,"1,000",164.00,"164,000.00"
2019-03-17,2019031701004813,MEGA,37,42,200,164.00,"32,800.00"
2019-03-17,2019031701004812,MEGA,17,42,"1,000",164.00,"164,000.00"
2019-03-17,2019031701004811,MEGA,52,42,"1,000",164.00,"164,000.00"
2019-03-17,2019031701004822,MEGA,50,42,300,163.00,"48,900.00"
2019-03-17,2019031701004821,MEGA,16,42,500,163.00,"81,500.00"
2019-03-17,2019031701004820,MEGA,5,42,"1,200",163.00,"195,600.00"
2019-03-17,2019031701004819,MEGA,25,42,"1,000",163.00,"163,000.00"
2019-03-17,2019031701004818,MEGA,7,42,108,163.00,"17,604.00"
2019-03-17,2019031701004817,MEGA,42,42,50,164.00,"8,200.00"
2019-03-17,2019031701004870,MERO,35,49,42,590.00,"24,780.00"
2019-03-17,2019031701004869,MERO,32,49,12,591.00,"7,092.00"
2019-03-17,2019031701004721,MERO,51,21,100,595.00,"59,500.00"
2019-03-17,2019031701005044,MLBBL,7,56,55,596.00,"32,780.00"
2019-03-17,2019031701005043,MLBBL,7,29,30,590.00,"17,700.00"
2019-03-17,2019031701004576,MLBL,19,19,8,170.00,"1,360.00"
2019-03-17,2019031701004611,MMFDB,7,42,50,960.00,"48,000.00"
2019-03-17,2019031701004724,MNBBL,32,34,19,346.00,"6,574.00"
2019-03-17,2019031701004653,MSMBS,41,11,11,540.00,"5,940.00"
2019-03-17,2019031701004610,MSMBS,41,56,13,540.00,"7,020.00"
2019-03-17,2019031701004598,MSMBS,41,56,13,540.00,"7,020.00"
2019-03-17,2019031701004930,NABIL,13,49,442,721.00,"318,682.00"
2019-03-17,2019031701004929,NABIL,38,49,28,722.00,"20,216.00"
2019-03-17,2019031701004928,NABIL,1,49,300,723.00,"216,900.00"
2019-03-17,2019031701004828,NABIL,42,42,40,724.00,"28,960.00"
2019-03-17,2019031701004676,NABIL,42,48,60,724.00,"43,440.00"
2019-03-17,2019031701004649,NABIL,28,48,40,724.00,"28,960.00"
2019-03-17,2019031701004942,NABILP,49,25,175,689.00,"120,575.00"
2019-03-17,2019031701004771,NABILP,32,53,500,687.00,"343,500.00"
2019-03-17,2019031701004910,NABILP,49,53,500,689.00,"344,500.00"
2019-03-17,2019031701004909,NABILP,49,43,200,688.00,"137,600.00"
2019-03-17,2019031701005019,NADEP,33,44,10,670.00,"6,700.00"
2019-03-17,2019031701004980,NADEP,33,55,15,677.00,"10,155.00"
2019-03-17,2019031701004988,NBB,19,5,81,197.00,"15,957.00"
2019-03-17,2019031701004987,NBB,25,5,237,197.00,"46,689.00"
2019-03-17,2019031701005035,NBL,22,49,87,292.00,"25,404.00"
2019-03-17,2019031701005034,NBL,7,49,500,292.00,"146,000.00"
2019-03-17,2019031701005033,NBL,1,49,200,292.00,"58,400.00"
2019-03-17,2019031701005032,NBL,59,49,500,292.00,"146,000.00"
2019-03-17,2019031701005031,NBL,34,49,500,292.00,"146,000.00"
2019-03-17,2019031701005030,NBL,34,49,300,292.00,"87,600.00"
2019-03-17,2019031701004571,NBL,26,44,50,294.00,"14,700.00"
2019-03-17,2019031701004570,NBL,22,44,100,294.00,"29,400.00"
2019-03-17,2019031701004569,NBL,21,44,"1,000",294.00,"294,000.00"
2019-03-17,2019031701004568,NBL,1,44,200,294.00,"58,800.00"
2019-03-17,2019031701004567,NBL,19,44,150,294.00,"44,100.00"
2019-03-17,2019031701005023,NBL,1,49,265,293.00,"77,645.00"
2019-03-17,2019031701004779,NBL,38,28,442,294.00,"129,948.00"
2019-03-17,2019031701004680,NBL,42,28,58,294.00,"17,052.00"
2019-03-17,2019031701004574,NBL,42,44,442,294.00,"129,948.00"
2019-03-17,2019031701004573,NBL,48,44,200,294.00,"58,800.00"
2019-03-17,2019031701004572,NBL,49,44,100,294.00,"29,400.00"
2019-03-17,2019031701005029,NBL,1,49,30,292.00,"8,760.00"
2019-03-17,2019031701005028,NBL,41,49,200,293.00,"58,600.00"
2019-03-17,2019031701005027,NBL,49,49,500,293.00,"146,500.00"
2019-03-17,2019031701005026,NBL,47,49,280,293.00,"82,040.00"
2019-03-17,2019031701005025,NBL,1,49,100,293.00,"29,300.00"
2019-03-17,2019031701005024,NBL,43,49,150,293.00,"43,950.00"
2019-03-17,2019031701004767,NCCB,32,6,327,214.00,"69,978.00"
2019-03-17,2019031701004766,NCCB,57,6,100,214.00,"21,400.00"
2019-03-17,2019031701004765,NCCB,32,6,"1,000",214.00,"214,000.00"
2019-03-17,2019031701004764,NCCB,17,6,473,214.00,"101,222.00"
2019-03-17,2019031701004748,NCCB,17,6,527,214.00,"112,778.00"
2019-03-17,2019031701004747,NCCB,34,6,563,214.00,"120,482.00"
2019-03-17,2019031701004746,NCCB,53,6,10,215.00,"2,150.00"
2019-03-17,2019031701004644,NCCB,53,38,200,215.00,"43,000.00"
2019-03-17,2019031701004594,NCCB,28,43,"1,000",215.00,"215,000.00"
2019-03-17,2019031701004678,NGPL,39,16,56,124.00,"6,944.00"
2019-03-17,2019031701004956,NHPC,14,58,435,73.00,"31,755.00"
2019-03-17,2019031701004835,NHPC,41,51,500,74.00,"37,000.00"
2019-03-17,2019031701004722,NHPC,14,34,425,73.00,"31,025.00"
2019-03-17,2019031701005037,NIB,42,11,35,540.00,"18,900.00"
2019-03-17,2019031701005036,NIB,42,55,115,540.00,"62,100.00"
2019-03-17,2019031701004784,NIB,58,49,37,539.00,"19,943.00"
2019-03-17,2019031701004697,NIB,22,55,100,540.00,"54,000.00"
2019-03-17,2019031701004686,NIB,22,55,50,540.00,"27,000.00"
2019-03-17,2019031701004626,NIB,45,55,50,540.00,"27,000.00"
2019-03-17,2019031701004601,NIB,59,55,100,540.00,"54,000.00"
2019-03-17,2019031701005066,NIBPO,28,6,200,488.00,"97,600.00"
2019-03-17,2019031701005065,NIBPO,59,6,11,488.00,"5,368.00"
2019-03-17,2019031701004665,NIBPO,59,6,89,488.00,"43,432.00"
2019-03-17,2019031701004664,NIBPO,28,6,500,488.00,"244,000.00"
2019-03-17,2019031701004691,NICA,52,17,892,402.00,"358,584.00"
2019-03-17,2019031701004690,NICA,59,17,108,402.00,"43,416.00"
2019-03-17,2019031701004662,NICA,59,46,76,402.00,"30,552.00"
2019-03-17,2019031701004592,NICL,44,55,90,386.00,"34,740.00"
2019-03-17,2019031701004704,NIL,59,46,100,530.00,"53,000.00"
2019-03-17,2019031701004703,NIL,44,46,"2,000",530.00,"1,060,000.00"
2019-03-17,2019031701004702,NIL,35,46,350,530.00,"185,500.00"
2019-03-17,2019031701004701,NIL,38,46,100,531.00,"53,100.00"
2019-03-17,2019031701004700,NIL,16,46,"1,000",531.00,"531,000.00"
2019-03-17,2019031701004699,NIL,34,46,200,532.00,"106,400.00"
2019-03-17,2019031701004698,NIL,16,46,200,532.00,"106,400.00"
2019-03-17,2019031701004927,NLIC,33,35,200,"1,110.00","222,000.00"
2019-03-17,2019031701004926,NLIC,54,35,157,"1,110.00","174,270.00"
2019-03-17,2019031701004921,NLIC,54,41,10,"1,110.00","11,100.00"
2019-03-17,2019031701004801,NLIC,59,35,29,"1,111.00","32,219.00"
2019-03-17,2019031701004787,NLIC,59,34,20,"1,111.00","22,220.00"
2019-03-17,2019031701004673,NLIC,59,57,17,"1,111.00","18,887.00"
2019-03-17,2019031701004646,NLIC,59,57,17,"1,111.00","18,887.00"
2019-03-17,2019031701004632,NLIC,59,57,17,"1,111.00","18,887.00"
2019-03-17,2019031701004589,NLIC,54,41,33,"1,110.00","36,630.00"
2019-03-17,2019031701004588,NLIC,22,41,16,"1,110.00","17,760.00"
2019-03-17,2019031701004945,NLICL,54,13,110,596.00,"65,560.00"
2019-03-17,2019031701004898,NLICL,26,17,400,595.00,"238,000.00"
2019-03-17,2019031701004897,NLICL,26,44,140,594.00,"83,160.00"
2019-03-17,2019031701004829,NLICL,48,44,150,594.00,"89,100.00"
2019-03-17,2019031701004802,NLICL,33,52,20,593.00,"11,860.00"
2019-03-17,2019031701004741,NLICL,49,44,50,594.00,"29,700.00"
2019-03-17,2019031701004740,NLICL,48,44,10,594.00,"5,940.00"
2019-03-17,2019031701004739,NLICL,41,44,100,594.00,"59,400.00"
2019-03-17,2019031701004738,NLICL,1,44,50,594.00,"29,700.00"
2019-03-17,2019031701004729,NLICL,51,17,100,595.00,"59,500.00"
2019-03-17,2019031701004715,NLICL,39,13,50,595.00,"29,750.00"
2019-03-17,2019031701004714,NLICL,3,13,100,595.00,"59,500.00"
2019-03-17,2019031701005003,NMB,57,44,16,325.00,"5,200.00"
2019-03-17,2019031701004979,NMB,57,59,10,325.00,"3,250.00"
2019-03-17,2019031701004969,NMB,45,33,30,326.00,"9,780.00"
2019-03-17,2019031701004949,NMB,48,33,300,326.00,"97,800.00"
2019-03-17,2019031701004675,NMB,22,33,950,326.00,"309,700.00"
2019-03-17,2019031701004674,NMB,26,33,436,326.00,"142,136.00"
2019-03-17,2019031701004672,NMB,26,43,"1,000",326.00,"326,000.00"
2019-03-17,2019031701004899,NMBMF,28,28,11,"1,046.00","11,506.00"
2019-03-17,2019031701004631,NNLB,37,58,75,457.00,"34,275.00"
2019-03-17,2019031701004630,NNLB,32,58,50,459.00,"22,950.00"
2019-03-17,2019031701004629,NNLB,32,58,50,459.00,"22,950.00"
2019-03-17,2019031701004685,NSEWA,45,32,10,540.00,"5,400.00"
2019-03-17,2019031701004719,NUBL,45,7,30,745.00,"22,350.00"
2019-03-17,2019031701004677,PFL,55,42,12,132.00,"1,584.00"
2019-03-17,2019031701004609,PICL,26,25,137,702.00,"96,174.00"
2019-03-17,2019031701004608,PICL,5,25,63,702.00,"44,226.00"
2019-03-17,2019031701004607,PICL,56,25,100,703.00,"70,300.00"
2019-03-17,2019031701004606,PICL,33,25,20,705.00,"14,100.00"
2019-03-17,2019031701004884,PLIC,7,39,25,457.00,"11,425.00"
2019-03-17,2019031701004923,PMHPL,11,54,10,114.00,"1,140.00"
2019-03-17,2019031701004688,PMHPL,11,38,10,114.00,"1,140.00"
2019-03-17,2019031701004679,PMHPL,11,38,10,114.00,"1,140.00"
2019-03-17,2019031701005045,PRIN,32,26,350,419.00,"146,650.00"
2019-03-17,2019031701004997,PRIN,28,26,90,418.00,"37,620.00"
2019-03-17,2019031701004996,PRIN,32,26,10,418.00,"4,180.00"
2019-03-17,2019031701004995,PRIN,52,26,100,419.00,"41,900.00"
2019-03-17,2019031701005064,PRVU,5,42,195,236.00,"46,020.00"
2019-03-17,2019031701005063,PRVU,50,42,55,236.00,"12,980.00"
2019-03-17,2019031701005014,PRVU,28,1,16,237.00,"3,792.00"
2019-03-17,2019031701005002,PRVU,50,28,16,236.00,"3,776.00"
2019-03-17,2019031701004692,PRVU,32,25,320,237.00,"75,840.00"
2019-03-17,2019031701004693,PRVU,32,57,250,237.00,"59,250.00"
2019-03-17,2019031701004932,PRVU,42,1,100,237.00,"23,700.00"
2019-03-17,2019031701004931,PRVU,38,1,10,237.00,"2,370.00"
2019-03-17,2019031701004834,RHPC,51,1,117,98.00,"11,466.00"
2019-03-17,2019031701004788,RHPC,51,49,83,98.00,"8,134.00"
2019-03-17,2019031701004972,RMDC,56,37,15,539.00,"8,085.00"
2019-03-17,2019031701004648,RRHP,44,39,20,105.00,"2,100.00"
2019-03-17,2019031701004713,RSDC,41,21,80,379.00,"30,320.00"
2019-03-17,2019031701004597,SAEF,34,57,"1,900",9.46,"17,974.00"
2019-03-17,2019031701004982,SBI,22,17,50,393.00,"19,650.00"
2019-03-17,2019031701005005,SBL,49,29,241,294.00,"70,854.00"
2019-03-17,2019031701005004,SBL,48,29,155,295.00,"45,725.00"
2019-03-17,2019031701004999,SBL,48,39,45,295.00,"13,275.00"
2019-03-17,2019031701005000,SCB,26,17,900,585.00,"526,500.00"
2019-03-17,2019031701004984,SCB,26,29,"1,000",585.00,"585,000.00"
2019-03-17,2019031701004983,SCB,26,56,100,584.00,"58,400.00"
2019-03-17,2019031701004911,SCB,45,56,100,584.00,"58,400.00"
2019-03-17,2019031701004847,SCB,41,47,66,584.00,"38,544.00"
2019-03-17,2019031701004780,SCB,10,3,100,585.00,"58,500.00"
2019-03-17,2019031701004720,SCB,33,3,200,585.00,"117,000.00"
2019-03-17,2019031701004705,SCB,41,17,14,584.00,"8,176.00"
2019-03-17,2019031701004682,SCB,42,17,36,584.00,"21,024.00"
2019-03-17,2019031701004763,SDESI,6,49,14,583.00,"8,162.00"
2019-03-17,2019031701004591,SEOS,28,16,100,10.20,"1,020.00"
2019-03-17,2019031701004590,SEOS,28,8,"11,795",10.05,"118,539.75"
2019-03-17,2019031701004882,SHPC,34,28,21,233.00,"4,893.00"
2019-03-17,2019031701004881,SHPC,34,43,25,233.00,"5,825.00"
2019-03-17,2019031701004880,SHPC,34,57,280,232.00,"64,960.00"
2019-03-17,2019031701004575,SHPC,25,42,25,229.00,"5,725.00"
2019-03-17,2019031701005059,SICL,6,13,30,898.00,"26,940.00"
2019-03-17,2019031701004718,SICL,57,10,50,898.00,"44,900.00"
2019-03-17,2019031701004710,SICL,36,10,20,898.00,"17,960.00"
2019-03-17,2019031701004709,SICL,17,10,100,898.00,"89,800.00"
2019-03-17,2019031701004707,SICL,26,10,124,900.00,"111,600.00"
2019-03-17,2019031701004706,SICL,26,3,176,899.00,"158,224.00"
2019-03-17,2019031701004683,SICL,42,3,50,899.00,"44,950.00"
2019-03-17,2019031701004595,SIL,7,52,"1,000",627.00,"627,000.00"
2019-03-17,2019031701004783,SKBBL,53,21,63,879.00,"55,377.00"
2019-03-17,2019031701004782,SKBBL,53,56,90,879.00,"79,110.00"
2019-03-17,2019031701004781,SKBBL,53,14,15,879.00,"13,185.00"
2019-03-17,2019031701004786,SLBBL,59,57,50,515.00,"25,750.00"
2019-03-17,2019031701004846,SLBBL,29,57,200,507.00,"101,400.00"
2019-03-17,2019031701004845,SLBBL,51,57,100,512.00,"51,200.00"
2019-03-17,2019031701005060,SLBS,25,44,18,928.00,"16,704.00"
2019-03-17,2019031701005022,SLBSL,52,57,10,751.00,"7,510.00"
2019-03-17,2019031701004989,SLBSL,52,41,10,751.00,"7,510.00"
2019-03-17,2019031701004768,SLBSL,50,21,120,752.00,"90,240.00"
2019-03-17,2019031701004749,SLBSL,50,49,10,752.00,"7,520.00"
2019-03-17,2019031701004725,SLBSL,50,42,10,752.00,"7,520.00"
2019-03-17,2019031701004687,SMB,52,35,10,655.00,"6,550.00"
2019-03-17,2019031701004966,SMFDB,7,43,100,650.00,"65,000.00"
2019-03-17,2019031701005013,SRBL,33,59,35,221.00,"7,735.00"
2019-03-17,2019031701004770,SRBL,52,51,108,222.00,"23,976.00"
2019-03-17,2019031701004769,SRBL,52,44,92,222.00,"20,424.00"
2019-03-17,2019031701004978,UFL,28,21,100,195.00,"19,500.00"
2019-03-17,2019031701004785,UFL,28,14,383,195.00,"74,685.00"
2019-03-17,2019031701004681,UFL,28,10,224,195.00,"43,680.00"
2019-03-17,2019031701005018,UPPER,22,54,30,245.00,"7,350.00"
2019-03-17,2019031701005012,UPPER,22,10,"3,970",245.00,"972,650.00"
2019-03-17,2019031701005011,UPPER,36,10,30,245.00,"7,350.00"
2019-03-17,2019031701004986,UPPER,36,10,970,245.00,"237,650.00"
2019-03-17,2019031701004620,UPPER,45,42,40,244.00,"9,760.00"
2019-03-17,2019031701004619,UPPER,45,19,40,244.00,"9,760.00"
2019-03-17,2019031701004615,UPPER,45,19,50,244.00,"12,200.00"
2019-03-17,2019031701004600,UPPER,45,42,50,244.00,"12,200.00"
2019-03-17,2019031701004641,UPPER,25,49,50,245.00,"12,250.00"
2019-03-17,2019031701004640,UPPER,25,19,165,245.00,"40,425.00"
2019-03-17,2019031701004639,UPPER,25,10,900,245.00,"220,500.00"
2019-03-17,2019031701004638,UPPER,25,21,200,245.00,"49,000.00"
2019-03-17,2019031701004637,UPPER,25,10,125,245.00,"30,625.00"
2019-03-17,2019031701004635,UPPER,45,19,40,244.00,"9,760.00"
2019-03-17,2019031701004670,UPPER,28,57,420,245.00,"102,900.00"
2019-03-17,2019031701004669,UPPER,28,19,50,245.00,"12,250.00"
2019-03-17,2019031701004668,UPPER,28,49,30,245.00,"7,350.00"
2019-03-17,2019031701004643,UPPER,25,49,10,245.00,"2,450.00"
2019-03-17,2019031701004642,UPPER,25,48,50,245.00,"12,250.00"
2019-03-17,2019031701004734,UPPER,25,38,50,245.00,"12,250.00"
2019-03-17,2019031701004733,UPPER,25,38,40,245.00,"9,800.00"
2019-03-17,2019031701004732,UPPER,25,58,40,245.00,"9,800.00"
2019-03-17,2019031701004731,UPPER,25,38,40,245.00,"9,800.00"
2019-03-17,2019031701004730,UPPER,25,57,80,245.00,"19,600.00"
2019-03-17,2019031701004689,UPPER,25,57,500,245.00,"122,500.00"
2019-03-17,2019031701004761,UPPER,38,33,30,246.00,"7,380.00"
2019-03-17,2019031701004745,UPPER,38,33,30,246.00,"7,380.00"
2019-03-17,2019031701004742,UPPER,25,6,50,245.00,"12,250.00"
2019-03-17,2019031701004737,UPPER,25,19,40,245.00,"9,800.00"
2019-03-17,2019031701004736,UPPER,25,55,100,245.00,"24,500.00"
2019-03-17,2019031701004735,UPPER,25,19,50,245.00,"12,250.00"
2019-03-17,2019031701004800,UPPER,1,57,50,245.00,"12,250.00"
2019-03-17,2019031701004778,UPPER,16,35,"1,650",244.00,"402,600.00"
2019-03-17,2019031701004777,UPPER,6,35,50,244.00,"12,200.00"
2019-03-17,2019031701004776,UPPER,50,35,500,244.00,"122,000.00"
2019-03-17,2019031701004775,UPPER,45,35,130,244.00,"31,720.00"
2019-03-17,2019031701004868,UPPER,1,58,40,245.00,"9,800.00"
2019-03-17,2019031701004848,UPPER,1,58,40,245.00,"9,800.00"
2019-03-17,2019031701004842,UPPER,1,42,40,245.00,"9,800.00"
2019-03-17,2019031701004985,UPPER,1,10,30,245.00,"7,350.00"
2019-03-17,2019031701004896,VLBS,57,21,12,665.00,"7,980.00"
2019-03-17,2019031701004616,VLBS,14,21,12,665.00,"7,980.00"
2019-03-17,2019031701004563,ADBL,41,55,106,302.00,"32,012.00"
2019-03-17,2019031701004562,ADBL,59,55,74,302.00,"22,348.00"
2019-03-17,2019031701004561,ADBL,35,55,20,302.00,"6,040.00"
2019-03-17,2019031701004068,AHPC,39,39,459,105.00,"48,195.00"
2019-03-17,2019031701004491,ALICL,13,48,21,401.00,"8,421.00"
2019-03-17,2019031701004395,ALICL,26,48,479,401.00,"192,079.00"
2019-03-17,2019031701004301,ALICL,26,32,321,401.00,"128,721.00"
2019-03-17,2019031701004300,ALICL,26,26,200,401.00,"80,200.00"
2019-03-17,2019031701004520,API,17,25,138,133.00,"18,354.00"
2019-03-17,2019031701004288,API,26,26,450,131.00,"58,950.00"
2019-03-17,2019031701004275,API,26,26,"3,550",131.00,"465,050.00"
2019-03-17,2019031701004274,API,6,26,400,131.00,"52,400.00"
2019-03-17,2019031701004273,API,25,26,"1,000",131.00,"131,000.00"
2019-03-17,2019031701004272,API,42,26,50,131.00,"6,550.00"
2019-03-17,2019031701004271,API,1,26,"1,000",132.00,"132,000.00"
2019-03-17,2019031701004270,API,29,26,500,133.00,"66,500.00"
2019-03-17,2019031701004269,API,47,26,500,133.00,"66,500.00"
2019-03-17,2019031701004290,BARUN,39,10,50,98.00,"4,900.00"
2019-03-17,2019031701004431,BFC,26,19,445,91.00,"40,495.00"
2019-03-17,2019031701004378,BHBL,47,4,100,144.00,"14,400.00"
2019-03-17,2019031701004346,BOKL,38,6,"1,150",252.00,"289,800.00"
2019-03-17,2019031701004309,BOKL,32,6,850,252.00,"214,200.00"
2019-03-17,2019031701004281,BOKL,32,6,150,252.00,"37,800.00"
2019-03-17,2019031701004161,BOKL,37,6,850,252.00,"214,200.00"
2019-03-17,2019031701004085,BOKL,19,1,55,253.00,"13,915.00"
2019-03-17,2019031701004093,BPCL,57,22,20,367.00,"7,340.00"
2019-03-17,2019031701004078,BPCL,57,34,10,367.00,"3,670.00"
2019-03-17,2019031701004446,CBL,16,43,771,158.00,"121,818.00"
2019-03-17,2019031701004445,CBL,36,43,"2,000",158.00,"316,000.00"
2019-03-17,2019031701004444,CBL,6,43,200,158.00,"31,600.00"
2019-03-17,2019031701004443,CBL,29,43,"1,250",158.00,"197,500.00"
2019-03-17,2019031701004442,CBL,59,43,709,158.00,"112,022.00"
2019-03-17,2019031701004441,CBL,49,43,70,159.00,"11,130.00"
2019-03-17,2019031701004402,CBL,59,26,54,158.00,"8,532.00"
2019-03-17,2019031701004401,CBL,49,26,70,159.00,"11,130.00"
2019-03-17,2019031701004390,CBL,55,43,50,160.00,"8,000.00"
2019-03-17,2019031701004107,CBL,38,42,"1,950",159.00,"310,050.00"
2019-03-17,2019031701004194,CCBL,41,29,159,166.00,"26,394.00"
2019-03-17,2019031701004145,CCBL,41,40,40,166.00,"6,640.00"
2019-03-17,2019031701004365,CFCL,1,55,17,107.00,"1,819.00"
2019-03-17,2019031701004364,CFCL,1,22,55,107.00,"5,885.00"
2019-03-17,2019031701004518,CHLBS,47,50,30,557.00,"16,710.00"
2019-03-17,2019031701004517,CHLBS,39,50,70,557.00,"38,990.00"
2019-03-17,2019031701004505,CHLBS,45,45,50,560.00,"28,000.00"
2019-03-17,2019031701004421,CHLBS,39,1,10,557.00,"5,570.00"
2019-03-17,2019031701004405,CHLBS,57,1,10,558.00,"5,580.00"
2019-03-17,2019031701004084,CHLBS,29,45,10,560.00,"5,600.00"
2019-03-17,2019031701004069,CHLBS,29,43,10,559.00,"5,590.00"
2019-03-17,2019031701004449,CLBSL,28,28,10,605.00,"6,050.00"
2019-03-17,2019031701004355,CLBSL,28,28,10,605.00,"6,050.00"
2019-03-17,2019031701004260,CZBIL,54,1,168,210.00,"35,280.00"
2019-03-17,2019031701004259,CZBIL,45,1,132,210.00,"27,720.00"
2019-03-17,2019031701004179,CZBIL,45,45,10,210.00,"2,100.00"
2019-03-17,2019031701004097,CZBIL,45,22,10,210.00,"2,100.00"
2019-03-17,2019031701004414,DBBL,36,52,430,130.00,"55,900.00"
2019-03-17,2019031701004413,DBBL,36,57,500,130.00,"65,000.00"
2019-03-17,2019031701004412,DBBL,36,59,600,130.00,"78,000.00"
2019-03-17,2019031701004411,DBBL,36,29,470,130.00,"61,100.00"
2019-03-17,2019031701004218,DBBL,1,29,10,130.00,"1,300.00"
2019-03-17,2019031701004082,DBBL,39,39,50,129.00,"6,450.00"
2019-03-17,2019031701004074,DBBL,58,34,200,129.00,"25,800.00"
2019-03-17,2019031701004503,EBL,32,42,21,551.00,"11,571.00"
2019-03-17,2019031701004502,EBL,45,42,79,551.00,"43,529.00"
2019-03-17,2019031701004479,EBL,50,58,177,552.00,"97,704.00"
2019-03-17,2019031701004095,EBL,50,6,23,552.00,"12,696.00"
2019-03-17,2019031701004094,EBL,46,6,100,552.00,"55,200.00"
2019-03-17,2019031701004072,EBL,46,6,200,552.00,"110,400.00"
2019-03-17,2019031701004120,EBL,45,6,15,553.00,"8,295.00"
2019-03-17,2019031701004340,EBL,50,43,111,553.00,"61,383.00"
2019-03-17,2019031701004339,EBL,50,6,389,553.00,"215,117.00"
2019-03-17,2019031701004314,EBL,49,6,10,553.00,"5,530.00"
2019-03-17,2019031701004267,EBL,49,6,10,553.00,"5,530.00"
2019-03-17,2019031701004160,EDBL,25,20,233,294.00,"68,502.00"
2019-03-17,2019031701004159,EDBL,25,39,67,294.00,"19,698.00"
2019-03-17,2019031701004137,EDBL,25,14,20,293.00,"5,860.00"
2019-03-17,2019031701004430,EIC,25,17,30,875.00,"26,250.00"
2019-03-17,2019031701004358,EIC,49,17,82,875.00,"71,750.00"
2019-03-17,2019031701004357,EIC,49,43,43,875.00,"37,625.00"
2019-03-17,2019031701004356,EIC,49,34,10,874.00,"8,740.00"
2019-03-17,2019031701004247,EIC,58,34,15,874.00,"13,110.00"
2019-03-17,2019031701004106,EIC,48,34,75,874.00,"65,550.00"
2019-03-17,2019031701004187,FMDBL,39,39,297,374.00,"111,078.00"
2019-03-17,2019031701004190,FOWAD,47,28,60,"1,523.00","91,380.00"
2019-03-17,2019031701004189,FOWAD,17,28,30,"1,525.00","45,750.00"
2019-03-17,2019031701004188,FOWAD,47,28,15,"1,526.00","22,890.00"
2019-03-17,2019031701004280,GBBL,5,28,50,192.00,"9,600.00"
2019-03-17,2019031701004146,GBBL,44,28,50,192.00,"9,600.00"
2019-03-17,2019031701004083,GBBL,19,1,50,191.00,"9,550.00"
2019-03-17,2019031701004403,GBIME,51,53,100,269.00,"26,900.00"
2019-03-17,2019031701004252,GBIME,39,47,97,268.00,"25,996.00"
2019-03-17,2019031701004073,GBIME,16,16,2,268.00,536.00
2019-03-17,2019031701004432,GBLBS,49,13,10,463.00,"4,630.00"
2019-03-17,2019031701004245,GBLBS,49,42,53,463.00,"24,539.00"
2019-03-17,2019031701004175,GBLBS,47,42,100,463.00,"46,300.00"
2019-03-17,2019031701004174,GBLBS,18,42,400,463.00,"185,200.00"
2019-03-17,2019031701004173,GBLBS,25,42,300,464.00,"139,200.00"
2019-03-17,2019031701004172,GBLBS,50,42,37,464.00,"17,168.00"
2019-03-17,2019031701004171,GBLBS,29,42,10,465.00,"4,650.00"
2019-03-17,2019031701004170,GBLBS,8,42,10,465.00,"4,650.00"
2019-03-17,2019031701004169,GBLBS,21,42,90,465.00,"41,850.00"
2019-03-17,2019031701004090,GBLBS,39,39,240,467.00,"112,080.00"
2019-03-17,2019031701004067,GBLBS,11,16,40,468.00,"18,720.00"
2019-03-17,2019031701004427,GDBL,39,32,"1,500",189.00,"283,500.00"
2019-03-17,2019031701004192,GIMES1,5,10,"9,000",8.00,"72,000.00"
2019-03-17,2019031701004191,GIMES1,5,54,"1,000",8.00,"8,000.00"
2019-03-17,2019031701004528,GLICL,42,42,15,750.00,"11,250.00"
2019-03-17,2019031701004527,GLICL,48,42,10,750.00,"7,500.00"
2019-03-17,2019031701004360,GLICL,48,6,33,750.00,"24,750.00"
2019-03-17,2019031701004359,GLICL,48,46,57,750.00,"42,750.00"
2019-03-17,2019031701004100,GLICL,29,46,13,750.00,"9,750.00"
2019-03-17,2019031701004327,GUFL,57,39,200,112.00,"22,400.00"
2019-03-17,2019031701004326,GUFL,57,19,"4,029",112.00,"451,248.00"
2019-03-17,2019031701004325,GUFL,57,43,500,112.00,"56,000.00"
2019-03-17,2019031701004324,GUFL,57,34,300,112.00,"33,600.00"
2019-03-17,2019031701004420,HBL,25,25,80,474.00,"37,920.00"
2019-03-17,2019031701004419,HBL,25,28,200,473.00,"94,600.00"
2019-03-17,2019031701004418,HBL,25,45,400,473.00,"189,200.00"
2019-03-17,2019031701004417,HBL,25,44,200,473.00,"94,600.00"
2019-03-17,2019031701004388,HBL,25,7,15,471.00,"7,065.00"
2019-03-17,2019031701004330,HBL,29,26,351,470.00,"164,970.00"
2019-03-17,2019031701004224,HBL,25,29,50,472.00,"23,600.00"
2019-03-17,2019031701004329,HBL,57,26,50,470.00,"23,500.00"
2019-03-17,2019031701004328,HBL,55,26,30,470.00,"14,100.00"
2019-03-17,2019031701004311,HBL,42,7,100,471.00,"47,100.00"
2019-03-17,2019031701004310,HBL,16,7,385,471.00,"181,335.00"
2019-03-17,2019031701004226,HBL,16,29,115,471.00,"54,165.00"
2019-03-17,2019031701004225,HBL,32,29,100,471.00,"47,100.00"
2019-03-17,2019031701004193,HDL,40,14,50,"1,350.00","67,500.00"
2019-03-17,2019031701004540,HGI,39,10,180,386.00,"69,480.00"
2019-03-17,2019031701004539,HGI,38,10,80,386.00,"30,880.00"
2019-03-17,2019031701004345,HGI,38,26,20,386.00,"7,720.00"
2019-03-17,2019031701004344,HGI,43,26,20,386.00,"7,720.00"
2019-03-17,2019031701004343,HGI,45,26,280,386.00,"108,080.00"
2019-03-17,2019031701004298,HGI,45,54,70,386.00,"27,020.00"
2019-03-17,2019031701004297,HGI,7,54,30,387.00,"11,610.00"
2019-03-17,2019031701004278,HGI,7,44,170,387.00,"65,790.00"
2019-03-17,2019031701004277,HGI,25,44,70,387.00,"27,090.00"
2019-03-17,2019031701004537,HIDCL,5,6,87,135.00,"11,745.00"
2019-03-17,2019031701004468,HIDCL,5,37,36,135.00,"4,860.00"
2019-03-17,2019031701004354,HIDCL,5,25,100,135.00,"13,500.00"
2019-03-17,2019031701004487,HPPL,36,37,10,190.00,"1,900.00"
2019-03-17,2019031701004208,HPPL,36,45,10,190.00,"1,900.00"
2019-03-17,2019031701004136,HPPL,1,50,500,192.00,"96,000.00"
2019-03-17,2019031701004123,HPPL,36,34,10,190.00,"1,900.00"
2019-03-17,2019031701004086,HPPL,41,50,70,192.00,"13,440.00"
2019-03-17,2019031701004560,JBBL,47,32,200,140.00,"28,000.00"
2019-03-17,2019031701004559,JBBL,40,32,100,140.00,"14,000.00"
2019-03-17,2019031701004541,JBBL,40,32,900,140.00,"126,000.00"
2019-03-17,2019031701004076,JBNL,33,39,100,173.00,"17,300.00"
2019-03-17,2019031701004071,JBNL,33,57,557,173.00,"96,361.00"
2019-03-17,2019031701004070,JBNL,28,57,51,173.00,"8,823.00"
2019-03-17,2019031701004506,KBBL,44,14,100,209.00,"20,900.00"
2019-03-17,2019031701004398,KBBL,49,14,925,208.00,"192,400.00"
2019-03-17,2019031701004397,KBBL,1,14,225,208.00,"46,800.00"
2019-03-17,2019031701004396,KBBL,29,14,850,208.00,"176,800.00"
2019-03-17,2019031701004292,KBBL,29,29,150,208.00,"31,200.00"
2019-03-17,2019031701004291,KBBL,44,29,50,208.00,"10,400.00"
2019-03-17,2019031701004198,KBBL,49,35,"1,700",209.00,"355,300.00"
2019-03-17,2019031701004533,KBL,56,10,15,238.00,"3,570.00"
2019-03-17,2019031701004532,KBL,34,10,500,238.00,"119,000.00"
2019-03-17,2019031701004531,KBL,17,10,100,238.00,"23,800.00"
2019-03-17,2019031701004530,KBL,28,10,294,238.00,"69,972.00"
2019-03-17,2019031701004515,KBL,28,6,206,238.00,"49,028.00"
2019-03-17,2019031701004514,KBL,34,6,200,238.00,"47,600.00"
2019-03-17,2019031701004320,KBL,58,41,100,239.00,"23,900.00"
2019-03-17,2019031701004513,KBL,33,6,500,238.00,"119,000.00"
2019-03-17,2019031701004512,KBL,43,6,500,238.00,"119,000.00"
2019-03-17,2019031701004439,KBL,5,50,200,239.00,"47,800.00"
2019-03-17,2019031701004323,KBL,45,41,15,239.00,"3,585.00"
2019-03-17,2019031701004322,KBL,17,41,100,239.00,"23,900.00"
2019-03-17,2019031701004321,KBL,38,41,500,239.00,"119,500.00"
2019-03-17,2019031701004406,KKHC,37,1,16,82.00,"1,312.00"
2019-03-17,2019031701004452,KMCDB,52,34,20,834.00,"16,680.00"
2019-03-17,2019031701004489,LBBL,28,36,473,173.00,"81,829.00"
2019-03-17,2019031701004470,LBBL,21,36,500,173.00,"86,500.00"
2019-03-17,2019031701004469,LBBL,45,36,834,173.00,"144,282.00"
2019-03-17,2019031701004450,LBBL,45,57,300,174.00,"52,200.00"
2019-03-17,2019031701004264,LBBL,45,28,166,173.00,"28,718.00"
2019-03-17,2019031701004263,LBBL,39,28,50,173.00,"8,650.00"
2019-03-17,2019031701004262,LBBL,38,28,50,173.00,"8,650.00"
2019-03-17,2019031701004261,LBBL,35,28,734,173.00,"126,982.00"
2019-03-17,2019031701004545,LBL,39,45,103,201.00,"20,703.00"
2019-03-17,2019031701004544,LBL,17,45,147,201.00,"29,547.00"
2019-03-17,2019031701004374,LBL,17,42,70,201.00,"14,070.00"
2019-03-17,2019031701004279,LBL,17,47,200,201.00,"40,200.00"
2019-03-17,2019031701004211,LBL,39,58,200,202.00,"40,400.00"
2019-03-17,2019031701004266,LICN,59,17,15,"1,505.00","22,575.00"
2019-03-17,2019031701004387,LLBS,46,49,164,771.00,"126,444.00"
2019-03-17,2019031701004386,LLBS,25,49,30,772.00,"23,160.00"
2019-03-17,2019031701004258,LVF1,5,47,600,9.53,"5,718.00"
2019-03-17,2019031701004543,MBL,48,28,59,222.00,"13,098.00"
2019-03-17,2019031701004542,MBL,54,28,241,222.00,"53,502.00"
2019-03-17,2019031701004521,MBL,54,37,29,222.00,"6,438.00"
2019-03-17,2019031701004216,MBL,54,34,55,222.00,"12,210.00"
2019-03-17,2019031701004096,MBL,39,39,59,223.00,"13,157.00"
2019-03-17,2019031701004353,MEGA,56,47,500,165.00,"82,500.00"
2019-03-17,2019031701004255,MEGA,56,55,40,165.00,"6,600.00"
2019-03-17,2019031701004529,MERO,52,37,67,591.00,"39,597.00"
2019-03-17,2019031701004522,MLBL,36,19,8,170.00,"1,360.00"
2019-03-17,2019031701004368,MNBBL,58,57,87,342.00,"29,754.00"
2019-03-17,2019031701004367,MNBBL,1,57,66,343.00,"22,638.00"
2019-03-17,2019031701004199,MNBBL,54,34,50,343.00,"17,150.00"
2019-03-17,2019031701004201,MNBBL,1,34,34,343.00,"11,662.00"
2019-03-17,2019031701004200,MNBBL,42,34,100,343.00,"34,300.00"
2019-03-17,2019031701004381,NABIL,55,49,22,725.00,"15,950.00"
2019-03-17,2019031701004377,NABIL,38,47,22,722.00,"15,884.00"
2019-03-17,2019031701004376,NABIL,14,47,58,722.00,"41,876.00"
2019-03-17,2019031701004375,NABIL,43,47,20,722.00,"14,440.00"
2019-03-17,2019031701004306,NABIL,8,29,95,724.00,"68,780.00"
2019-03-17,2019031701004305,NABIL,58,29,50,724.00,"36,200.00"
2019-03-17,2019031701004222,NABIL,45,49,380,725.00,"275,500.00"
2019-03-17,2019031701004221,NABIL,45,49,100,725.00,"72,500.00"
2019-03-17,2019031701004220,NABIL,48,49,50,726.00,"36,300.00"
2019-03-17,2019031701004219,NABIL,41,49,30,726.00,"21,780.00"
2019-03-17,2019031701004077,NABIL,21,3,70,728.00,"50,960.00"
2019-03-17,2019031701004104,NABILP,6,35,187,684.00,"127,908.00"
2019-03-17,2019031701004228,NABILP,39,53,500,686.00,"343,000.00"
2019-03-17,2019031701004112,NABILP,49,1,200,685.00,"137,000.00"
2019-03-17,2019031701004111,NABILP,49,28,100,685.00,"68,500.00"
2019-03-17,2019031701004110,NABILP,49,25,225,685.00,"154,125.00"
2019-03-17,2019031701004105,NABILP,6,28,800,684.00,"547,200.00"
2019-03-17,2019031701004313,NABILP,39,29,133,686.00,"91,238.00"
2019-03-17,2019031701004334,NBB,56,29,43,198.00,"8,514.00"
2019-03-17,2019031701004333,NBB,52,29,500,198.00,"99,000.00"
2019-03-17,2019031701004332,NBB,8,29,150,198.00,"29,700.00"
2019-03-17,2019031701004331,NBB,34,29,314,198.00,"62,172.00"
2019-03-17,2019031701004178,NBB,41,32,945,199.00,"188,055.00"
2019-03-17,2019031701004126,NBB,34,52,500,198.00,"99,000.00"
2019-03-17,2019031701004566,NBL,40,44,125,294.00,"36,750.00"
2019-03-17,2019031701004565,NBL,44,44,333,294.00,"97,902.00"
2019-03-17,2019031701004488,NBL,44,1,50,294.00,"14,700.00"
2019-03-17,2019031701004480,NBL,44,57,17,294.00,"4,998.00"
2019-03-17,2019031701004214,NBL,44,45,50,294.00,"14,700.00"
2019-03-17,2019031701004121,NBL,44,22,50,294.00,"14,700.00"
2019-03-17,2019031701004103,NBL,1,48,20,295.00,"5,900.00"
2019-03-17,2019031701004102,NBL,1,59,50,295.00,"14,750.00"
2019-03-17,2019031701004101,NBL,1,45,30,295.00,"8,850.00"
2019-03-17,2019031701004424,NCCB,7,58,369,215.00,"79,335.00"
2019-03-17,2019031701004423,NCCB,7,57,75,215.00,"16,125.00"
2019-03-17,2019031701004422,NCCB,7,42,"1,177",215.00,"253,055.00"
2019-03-17,2019031701004408,NCCB,34,46,525,214.00,"112,350.00"
2019-03-17,2019031701004404,NCCB,25,42,"5,000",215.00,"1,075,000.00"
2019-03-17,2019031701004369,NCCB,34,4,91,214.00,"19,474.00"
2019-03-17,2019031701004347,NCCB,34,29,121,214.00,"25,894.00"
2019-03-17,2019031701004319,NCCB,55,42,100,215.00,"21,500.00"
2019-03-17,2019031701004287,NCCB,5,42,"1,000",215.00,"215,000.00"
2019-03-17,2019031701004184,NCCB,37,42,59,215.00,"12,685.00"
2019-03-17,2019031701004176,NCCB,37,34,141,215.00,"30,315.00"
2019-03-17,2019031701004075,NCCB,34,21,250,214.00,"53,500.00"
2019-03-17,2019031701004342,NGPL,39,13,34,124.00,"4,216.00"
2019-03-17,2019031701004243,NGPL,39,13,15,124.00,"1,860.00"
2019-03-17,2019031701004242,NGPL,34,13,23,124.00,"2,852.00"
2019-03-17,2019031701004448,NHDL,39,48,10,129.00,"1,290.00"
2019-03-17,2019031701004486,NHPC,14,41,"1,000",73.00,"73,000.00"
2019-03-17,2019031701004385,NHPC,14,42,150,73.00,"10,950.00"
2019-03-17,2019031701004215,NHPC,14,44,"1,990",74.00,"147,260.00"
2019-03-17,2019031701004391,NIB,6,6,189,539.00,"101,871.00"
2019-03-17,2019031701004371,NIB,58,29,56,539.00,"30,184.00"
2019-03-17,2019031701004370,NIB,39,29,37,539.00,"19,943.00"
2019-03-17,2019031701004303,NIB,39,47,13,539.00,"7,007.00"
2019-03-17,2019031701004302,NIB,32,47,37,539.00,"19,943.00"
2019-03-17,2019031701004125,NIB,45,55,15,540.00,"8,100.00"
2019-03-17,2019031701004164,NIBLPF,5,58,"2,525",7.56,"19,089.00"
2019-03-17,2019031701004163,NIBLPF,5,58,"2,525",7.56,"19,089.00"
2019-03-17,2019031701004535,NICA,59,16,66,402.00,"26,532.00"
2019-03-17,2019031701004519,NICA,28,20,664,402.00,"266,928.00"
2019-03-17,2019031701004500,NICA,16,20,300,402.00,"120,600.00"
2019-03-17,2019031701004499,NICA,14,20,39,402.00,"15,678.00"
2019-03-17,2019031701004485,NICA,14,45,100,402.00,"40,200.00"
2019-03-17,2019031701004393,NICA,14,57,50,402.00,"20,100.00"
2019-03-17,2019031701004348,NICA,33,26,54,402.00,"21,708.00"
2019-03-17,2019031701004285,NICA,33,36,24,402.00,"9,648.00"
2019-03-17,2019031701004244,NICA,33,45,100,402.00,"40,200.00"
2019-03-17,2019031701004380,NICA,14,29,311,402.00,"125,022.00"
2019-03-17,2019031701004379,NICA,17,29,20,402.00,"8,040.00"
2019-03-17,2019031701004352,NICA,57,26,16,402.00,"6,432.00"
2019-03-17,2019031701004351,NICA,56,26,80,402.00,"32,160.00"
2019-03-17,2019031701004350,NICA,35,26,20,402.00,"8,040.00"
2019-03-17,2019031701004349,NICA,16,26,50,402.00,"20,100.00"
2019-03-17,2019031701004536,NICL,44,53,200,386.00,"77,200.00"
2019-03-17,2019031701004467,NICL,44,48,100,386.00,"38,600.00"
2019-03-17,2019031701004484,NIL,22,46,390,532.00,"207,480.00"
2019-03-17,2019031701004483,NIL,43,46,"1,000",532.00,"532,000.00"
2019-03-17,2019031701004482,NIL,33,46,600,533.00,"319,800.00"
2019-03-17,2019031701004481,NIL,10,46,10,533.00,"5,330.00"
2019-03-17,2019031701004366,NIL,34,44,"1,000",535.00,"535,000.00"
2019-03-17,2019031701004081,NIL,40,8,100,535.00,"53,500.00"
2019-03-17,2019031701004558,NLIC,22,14,34,"1,110.00","37,740.00"
2019-03-17,2019031701004557,NLIC,50,14,66,"1,110.00","73,260.00"
2019-03-17,2019031701004436,NLIC,50,14,17,"1,110.00","18,870.00"
2019-03-17,2019031701004394,NLIC,50,1,17,"1,110.00","18,870.00"
2019-03-17,2019031701004230,NLIC,45,56,10,"1,113.00","11,130.00"
2019-03-17,2019031701004151,NLIC,54,28,500,"1,110.00","555,000.00"
2019-03-17,2019031701004150,NLIC,35,28,21,"1,110.00","23,310.00"
2019-03-17,2019031701004149,NLIC,54,28,164,"1,110.00","182,040.00"
2019-03-17,2019031701004148,NLIC,38,28,100,"1,111.00","111,100.00"
2019-03-17,2019031701004147,NLIC,22,28,200,"1,111.00","222,200.00"
2019-03-17,2019031701004122,NLIC,39,39,88,"1,112.00","97,856.00"
2019-03-17,2019031701004087,NLIC,56,44,16,"1,112.00","17,792.00"
2019-03-17,2019031701004511,NLICL,45,41,10,595.00,"5,950.00"
2019-03-17,2019031701004510,NLICL,35,41,220,595.00,"130,900.00"
2019-03-17,2019031701004509,NLICL,42,41,60,596.00,"35,760.00"
2019-03-17,2019031701004455,NLICL,41,44,100,597.00,"59,700.00"
2019-03-17,2019031701004434,NLICL,32,22,100,597.00,"59,700.00"
2019-03-17,2019031701004240,NLICL,5,22,100,597.00,"59,700.00"
2019-03-17,2019031701004196,NLICL,48,22,300,597.00,"179,100.00"
2019-03-17,2019031701004507,NMB,26,13,64,326.00,"20,864.00"
2019-03-17,2019031701004454,NMB,38,13,86,326.00,"28,036.00"
2019-03-17,2019031701004453,NMB,38,34,414,326.00,"134,964.00"
2019-03-17,2019031701004440,NMB,16,34,300,326.00,"97,800.00"
2019-03-17,2019031701004435,NMB,48,34,200,326.00,"65,200.00"
2019-03-17,2019031701004392,NMB,57,29,136,325.00,"44,200.00"
2019-03-17,2019031701004155,NMB,14,34,500,326.00,"163,000.00"
2019-03-17,2019031701004154,NMB,39,34,150,326.00,"48,900.00"
2019-03-17,2019031701004153,NMB,42,34,66,326.00,"21,516.00"
2019-03-17,2019031701004099,NMB,14,34,42,327.00,"13,734.00"
2019-03-17,2019031701004098,NMB,14,10,458,327.00,"149,766.00"
2019-03-17,2019031701004363,NMB,43,34,"1,500",326.00,"489,000.00"
2019-03-17,2019031701004316,NMB,57,47,50,325.00,"16,250.00"
2019-03-17,2019031701004223,NMB,22,34,20,326.00,"6,520.00"
2019-03-17,2019031701004158,NMB,49,34,50,326.00,"16,300.00"
2019-03-17,2019031701004157,NMB,14,34,200,326.00,"65,200.00"
2019-03-17,2019031701004156,NMB,1,34,50,326.00,"16,300.00"
2019-03-17,2019031701004451,NMFBS,33,8,10,"1,670.00","16,700.00"
2019-03-17,2019031701004429,NMFBS,33,21,12,"1,665.00","19,980.00"
2019-03-17,2019031701004409,NMFBS,34,28,10,"1,647.00","16,470.00"
2019-03-17,2019031701004400,NMFBS,36,13,10,"1,650.00","16,500.00"
2019-03-17,2019031701004399,NMFBS,28,13,12,"1,651.00","19,812.00"
2019-03-17,2019031701004338,NMFBS,36,6,12,"1,650.00","19,800.00"
2019-03-17,2019031701004337,NMFBS,36,6,12,"1,650.00","19,800.00"
2019-03-17,2019031701004295,NMFBS,34,13,12,"1,647.00","19,764.00"
2019-03-17,2019031701004294,NMFBS,38,13,10,"1,647.00","16,470.00"
2019-03-17,2019031701004498,NTC,22,22,150,679.00,"101,850.00"
2019-03-17,2019031701004428,NTC,7,28,290,680.00,"197,200.00"
2019-03-17,2019031701004335,NTC,41,28,50,680.00,"34,000.00"
2019-03-17,2019031701004289,NTC,59,54,10,684.00,"6,840.00"
2019-03-17,2019031701004109,NTC,39,46,100,681.00,"68,100.00"
2019-03-17,2019031701004549,PCBL,58,41,55,323.00,"17,765.00"
2019-03-17,2019031701004548,PCBL,59,41,100,323.00,"32,300.00"
2019-03-17,2019031701004547,PCBL,18,41,68,323.00,"21,964.00"
2019-03-17,2019031701004415,PCBL,18,13,532,323.00,"171,836.00"
2019-03-17,2019031701004183,PCBL,17,13,100,323.00,"32,300.00"
2019-03-17,2019031701004182,PCBL,35,13,40,323.00,"12,920.00"
2019-03-17,2019031701004181,PCBL,33,13,300,323.00,"96,900.00"
2019-03-17,2019031701004180,PCBL,4,13,28,323.00,"9,044.00"
2019-03-17,2019031701004139,PCBL,4,22,114,323.00,"36,822.00"
2019-03-17,2019031701004534,PFL,55,42,14,134.00,"1,876.00"
2019-03-17,2019031701004362,PFL,55,34,25,134.00,"3,350.00"
2019-03-17,2019031701004361,PFL,55,32,11,133.00,"1,463.00"
2019-03-17,2019031701004304,PFL,55,50,26,132.00,"3,432.00"
2019-03-17,2019031701004227,PFL,19,45,22,131.00,"2,882.00"
2019-03-17,2019031701004128,PFL,19,22,39,131.00,"5,109.00"
2019-03-17,2019031701004246,PIC,20,45,11,"1,036.00","11,396.00"
2019-03-17,2019031701004433,PICL,33,25,80,705.00,"56,400.00"
2019-03-17,2019031701004276,PLIC,39,39,55,458.00,"25,190.00"
2019-03-17,2019031701004248,PLIC,35,19,36,460.00,"16,560.00"
2019-03-17,2019031701004168,PLIC,35,45,14,460.00,"6,440.00"
2019-03-17,2019031701004134,PMHPL,14,25,10,116.00,"1,160.00"
2019-03-17,2019031701004133,PMHPL,14,57,100,116.00,"11,600.00"
2019-03-17,2019031701004132,PMHPL,14,34,10,115.00,"1,150.00"
2019-03-17,2019031701004131,PMHPL,14,34,10,115.00,"1,150.00"
2019-03-17,2019031701004130,PMHPL,14,34,10,115.00,"1,150.00"
2019-03-17,2019031701004129,PMHPL,14,34,10,115.00,"1,150.00"
2019-03-17,2019031701004550,PRIN,32,42,40,418.00,"16,720.00"
2019-03-17,2019031701004426,PRIN,39,26,200,420.00,"84,000.00"
2019-03-17,2019031701004425,PRIN,1,26,50,420.00,"21,000.00"
2019-03-17,2019031701004564,PRVU,46,6,280,237.00,"66,360.00"
2019-03-17,2019031701004497,PRVU,28,6,16,237.00,"3,792.00"
2019-03-17,2019031701004478,PRVU,50,28,16,236.00,"3,776.00"
2019-03-17,2019031701004456,PRVU,49,6,58,237.00,"13,746.00"
2019-03-17,2019031701004407,PRVU,26,6,30,237.00,"7,110.00"
2019-03-17,2019031701004152,PRVU,1,6,200,237.00,"47,400.00"
2019-03-17,2019031701004140,PRVU,44,6,500,237.00,"118,500.00"
2019-03-17,2019031701004092,PRVU,20,52,275,237.00,"65,175.00"
2019-03-17,2019031701004382,PRVU,5,6,100,237.00,"23,700.00"
2019-03-17,2019031701004317,PRVU,28,6,16,237.00,"3,792.00"
2019-03-17,2019031701004308,PRVU,50,28,16,236.00,"3,776.00"
2019-03-17,2019031701004241,PRVU,38,6,200,237.00,"47,400.00"
2019-03-17,2019031701004210,PRVU,56,6,300,237.00,"71,100.00"
2019-03-17,2019031701004177,PRVU,38,6,300,237.00,"71,100.00"
2019-03-17,2019031701004389,RHPC,1,29,10,99.00,990.00
2019-03-17,2019031701004282,RHPC,1,35,10,99.00,990.00
2019-03-17,2019031701004229,RHPC,1,25,16,98.00,"1,568.00"
2019-03-17,2019031701004197,RHPC,1,29,10,98.00,980.00
2019-03-17,2019031701004416,RRHP,45,39,150,103.00,"15,450.00"
2019-03-17,2019031701004504,RSDC,28,21,35,379.00,"13,265.00"
2019-03-17,2019031701004490,RSDC,42,28,35,378.00,"13,230.00"
2019-03-17,2019031701004538,SAEF,34,26,"1,500",9.46,"14,190.00"
2019-03-17,2019031701004524,SAEF,34,26,"1,000",9.47,"9,470.00"
2019-03-17,2019031701004556,SANIMA,35,38,270,307.00,"82,890.00"
2019-03-17,2019031701004555,SANIMA,42,38,500,307.00,"153,500.00"
2019-03-17,2019031701004554,SANIMA,40,38,100,307.00,"30,700.00"
2019-03-17,2019031701004553,SANIMA,48,38,200,307.00,"61,400.00"
2019-03-17,2019031701004552,SANIMA,35,38,20,307.00,"6,140.00"
2019-03-17,2019031701004551,SANIMA,19,38,256,307.00,"78,592.00"
2019-03-17,2019031701004457,SANIMA,19,28,190,307.00,"58,330.00"
2019-03-17,2019031701004207,SANIMA,19,45,100,307.00,"30,700.00"
2019-03-17,2019031701004143,SANIMA,19,34,454,307.00,"139,378.00"
2019-03-17,2019031701004142,SANIMA,38,34,500,307.00,"153,500.00"
2019-03-17,2019031701004141,SANIMA,39,34,"1,431",307.00,"439,317.00"
2019-03-17,2019031701004089,SBL,43,49,200,297.00,"59,400.00"
2019-03-17,2019031701004088,SBL,43,53,448,296.00,"132,608.00"
2019-03-17,2019031701004516,SCB,42,1,20,584.00,"11,680.00"
2019-03-17,2019031701004508,SCB,42,57,459,584.00,"268,056.00"
2019-03-17,2019031701004496,SCB,42,57,455,584.00,"265,720.00"
2019-03-17,2019031701004495,SCB,42,1,20,583.00,"11,660.00"
2019-03-17,2019031701004494,SCB,42,1,20,583.00,"11,660.00"
2019-03-17,2019031701004493,SCB,42,1,20,583.00,"11,660.00"
2019-03-17,2019031701004209,SCB,45,22,15,585.00,"8,775.00"
2019-03-17,2019031701004167,SCB,41,28,240,584.00,"140,160.00"
2019-03-17,2019031701004166,SCB,41,44,90,584.00,"52,560.00"
2019-03-17,2019031701004165,SCB,41,28,315,584.00,"183,960.00"
2019-03-17,2019031701004135,SCB,49,40,10,583.00,"5,830.00"
2019-03-17,2019031701004108,SCB,54,22,20,582.00,"11,640.00"
2019-03-17,2019031701004492,SHINE,19,19,6,234.00,"1,404.00"
2019-03-17,2019031701004284,SHINE,45,55,20,238.00,"4,760.00"
2019-03-17,2019031701004437,SHINEP,34,33,"4,000",130.00,"520,000.00"
2019-03-17,2019031701004383,SHINEP,34,33,"34,480",130.00,"4,482,400.00"
2019-03-17,2019031701004372,SHINEP,34,33,"14,659",130.00,"1,905,670.00"
2019-03-17,2019031701004341,SHINEP,34,33,"38,013",130.00,"4,941,690.00"
2019-03-17,2019031701004315,SHINEP,34,33,"51,307",130.00,"6,669,910.00"
2019-03-17,2019031701004293,SHINEP,34,33,"34,816",130.00,"4,526,080.00"
2019-03-17,2019031701004268,SHINEP,34,33,"26,102",130.00,"3,393,260.00"
2019-03-17,2019031701004249,SHINEP,34,33,"26,102",130.00,"3,393,260.00"
2019-03-17,2019031701004217,SHINEP,34,33,"58,637",130.00,"7,622,810.00"
2019-03-17,2019031701004186,SHINEP,34,33,"54,972",130.00,"7,146,360.00"
2019-03-17,2019031701004501,SHPC,14,37,"2,000",230.00,"460,000.00"
2019-03-17,2019031701004138,SIC,34,53,25,"1,312.00","32,800.00"
2019-03-17,2019031701004119,SIC,34,53,79,"1,312.00","103,648.00"
2019-03-17,2019031701004118,SIC,34,16,100,"1,310.00","131,000.00"
2019-03-17,2019031701004117,SIC,34,22,25,"1,309.00","32,725.00"
2019-03-17,2019031701004438,SICL,56,40,30,898.00,"26,940.00"
2019-03-17,2019031701004079,SICL,36,40,50,898.00,"44,900.00"
2019-03-17,2019031701004144,SIL,39,39,51,626.00,"31,926.00"
2019-03-17,2019031701004286,SINDU,58,43,20,132.00,"2,640.00"
2019-03-17,2019031701004239,SINDU,58,34,300,130.00,"39,000.00"
2019-03-17,2019031701004238,SINDU,58,39,100,130.00,"13,000.00"
2019-03-17,2019031701004237,SINDU,58,32,100,130.00,"13,000.00"
2019-03-17,2019031701004236,SINDU,58,39,257,130.00,"33,410.00"
2019-03-17,2019031701004235,SINDU,58,57,10,130.00,"1,300.00"
2019-03-17,2019031701004234,SINDU,58,19,70,129.00,"9,030.00"
2019-03-17,2019031701004233,SINDU,58,1,"1,000",129.00,"129,000.00"
2019-03-17,2019031701004232,SINDU,58,51,100,129.00,"12,900.00"
2019-03-17,2019031701004213,SINDU,58,1,200,128.00,"25,600.00"
2019-03-17,2019031701004212,SINDU,58,56,50,128.00,"6,400.00"
2019-03-17,2019031701004091,SINDU,1,56,140,127.00,"17,780.00"
2019-03-17,2019031701004447,SKBBL,4,50,45,880.00,"39,600.00"
2019-03-17,2019031701004185,SKBBL,36,7,83,876.00,"72,708.00"
2019-03-17,2019031701004080,SLBS,26,13,11,940.00,"10,340.00"
2019-03-17,2019031701004526,SLBSL,16,42,10,755.00,"7,550.00"
2019-03-17,2019031701004525,SLBSL,16,58,10,755.00,"7,550.00"
2019-03-17,2019031701004299,SLBSL,6,55,10,753.00,"7,530.00"
2019-03-17,2019031701004124,SLBSL,6,34,10,753.00,"7,530.00"
2019-03-17,2019031701004250,SMATA,16,10,10,"1,315.00","13,150.00"
2019-03-17,2019031701004410,SMB,32,50,20,656.00,"13,120.00"
2019-03-17,2019031701004373,SMB,32,44,10,656.00,"6,560.00"
2019-03-17,2019031701004257,SPDL,39,55,85,103.00,"8,755.00"
2019-03-17,2019031701004256,SPDL,45,55,15,104.00,"1,560.00"
2019-03-17,2019031701004307,SRBL,33,36,19,221.00,"4,199.00"
2019-03-17,2019031701004254,SRBL,33,43,400,221.00,"88,400.00"
2019-03-17,2019031701004253,SRBL,38,43,100,221.00,"22,100.00"
2019-03-17,2019031701004231,UFL,28,35,170,195.00,"33,150.00"
2019-03-17,2019031701004206,UFL,28,28,151,195.00,"29,445.00"
2019-03-17,2019031701004205,UFL,43,28,"1,000",195.00,"195,000.00"
2019-03-17,2019031701004204,UFL,43,28,"1,500",195.00,"292,500.00"
2019-03-17,2019031701004203,UFL,49,28,50,195.00,"9,750.00"
2019-03-17,2019031701004202,UFL,59,28,444,195.00,"86,580.00"
2019-03-17,2019031701004546,UPPER,45,37,50,244.00,"12,200.00"
2019-03-17,2019031701004523,UPPER,45,14,10,244.00,"2,440.00"
2019-03-17,2019031701004477,UPPER,1,10,500,245.00,"122,500.00"
2019-03-17,2019031701004476,UPPER,55,10,200,245.00,"49,000.00"
2019-03-17,2019031701004475,UPPER,34,10,200,245.00,"49,000.00"
2019-03-17,2019031701004474,UPPER,19,10,975,245.00,"238,875.00"
2019-03-17,2019031701004116,UPPER,48,44,700,245.00,"171,500.00"
2019-03-17,2019031701004115,UPPER,17,44,100,245.00,"24,500.00"
2019-03-17,2019031701004114,UPPER,47,44,50,245.00,"12,250.00"
2019-03-17,2019031701004113,UPPER,1,44,150,245.00,"36,750.00"
2019-03-17,2019031701004312,UPPER,5,33,"1,000",246.00,"246,000.00"
2019-03-17,2019031701004296,UPPER,48,58,87,245.00,"21,315.00"
2019-03-17,2019031701004283,UPPER,48,22,93,245.00,"22,785.00"
2019-03-17,2019031701004265,UPPER,48,37,50,245.00,"12,250.00"
2019-03-17,2019031701004251,UPPER,48,37,50,245.00,"12,250.00"
2019-03-17,2019031701004162,UPPER,48,42,20,245.00,"4,900.00"
2019-03-17,2019031701004473,UPPER,19,33,25,245.00,"6,125.00"
2019-03-17,2019031701004472,UPPER,38,33,10,245.00,"2,450.00"
2019-03-17,2019031701004471,UPPER,16,33,110,245.00,"26,950.00"
2019-03-17,2019031701004384,UPPER,16,56,40,245.00,"9,800.00"
2019-03-17,2019031701004336,UPPER,16,47,60,245.00,"14,700.00"
2019-03-17,2019031701004318,UPPER,16,17,40,245.00,"9,800.00"
2019-03-17,2019031701004466,VLBS,14,46,166,665.00,"110,390.00"
2019-03-17,2019031701004465,VLBS,19,46,20,666.00,"13,320.00"
2019-03-17,2019031701004464,VLBS,54,46,100,666.00,"66,600.00"
2019-03-17,2019031701004463,VLBS,22,46,100,666.00,"66,600.00"
2019-03-17,2019031701004462,VLBS,43,46,100,667.00,"66,700.00"
2019-03-17,2019031701004461,VLBS,43,46,100,667.00,"66,700.00"
2019-03-17,2019031701004460,VLBS,43,46,50,667.00,"33,350.00"
2019-03-17,2019031701004459,VLBS,43,46,88,667.00,"58,696.00"
2019-03-17,2019031701004458,VLBS,25,46,76,668.00,"50,768.00"
2019-03-17,2019031701004127,VLBS,25,40,12,668.00,"8,016.00"
2019-03-17,2019031701004062,ADBL,59,29,26,302.00,"7,852.00"
2019-03-17,2019031701003974,ADBL,32,6,100,303.00,"30,300.00"
2019-03-17,2019031701003813,ADBL,54,13,290,302.00,"87,580.00"
2019-03-17,2019031701003803,ADBL,51,43,297,301.00,"89,397.00"
2019-03-17,2019031701003802,ADBL,36,43,203,301.00,"61,103.00"
2019-03-17,2019031701003691,ADBL,35,13,30,302.00,"9,060.00"
2019-03-17,2019031701003649,ADBL,49,13,40,302.00,"12,080.00"
2019-03-17,2019031701003617,ADBL,49,21,10,302.00,"3,020.00"
2019-03-17,2019031701003593,ADBL,36,13,23,303.00,"6,969.00"
2019-03-17,2019031701003686,AHPC,45,26,118,103.00,"12,154.00"
2019-03-17,2019031701003843,AKJCL,6,44,10,86.00,860.00
2019-03-17,2019031701003891,AKPL,22,37,10,177.00,"1,770.00"
2019-03-17,2019031701003857,AKPL,22,25,15,177.00,"2,655.00"
2019-03-17,2019031701003784,AKPL,22,22,10,177.00,"1,770.00"
2019-03-17,2019031701003997,ALBSL,42,42,10,402.00,"4,020.00"
2019-03-17,2019031701003992,ALICL,49,34,100,400.00,"40,000.00"
2019-03-17,2019031701003842,API,37,26,110,132.00,"14,520.00"
2019-03-17,2019031701003811,API,13,26,"1,000",132.00,"132,000.00"
2019-03-17,2019031701003810,API,51,26,100,132.00,"13,200.00"
2019-03-17,2019031701003809,API,25,26,600,133.00,"79,800.00"
2019-03-17,2019031701003808,API,52,26,153,133.00,"20,349.00"
2019-03-17,2019031701003807,API,52,26,174,133.00,"23,142.00"
2019-03-17,2019031701003806,API,26,26,200,134.00,"26,800.00"
2019-03-17,2019031701003805,API,37,26,70,134.00,"9,380.00"
2019-03-17,2019031701003804,API,37,26,93,134.00,"12,462.00"
2019-03-17,2019031701003627,BARUN,45,10,500,97.00,"48,500.00"
2019-03-17,2019031701004019,BHBL,47,1,100,144.00,"14,400.00"
2019-03-17,2019031701003761,BHBL,49,1,100,143.00,"14,300.00"
2019-03-17,2019031701003738,BHBL,34,4,300,143.00,"42,900.00"
2019-03-17,2019031701004063,BOKL,37,40,150,252.00,"37,800.00"
2019-03-17,2019031701003798,BOKL,37,44,417,252.00,"105,084.00"
2019-03-17,2019031701003797,BOKL,37,22,"1,730",252.00,"435,960.00"
2019-03-17,2019031701003796,BOKL,37,6,750,252.00,"189,000.00"
2019-03-17,2019031701004009,BPCL,57,22,20,367.00,"7,340.00"
2019-03-17,2019031701003893,BPCL,57,34,10,367.00,"3,670.00"
2019-03-17,2019031701003785,BPCL,57,22,20,367.00,"7,340.00"
2019-03-17,2019031701003775,CBBL,4,58,120,892.00,"107,040.00"
2019-03-17,2019031701003774,CBBL,29,58,30,892.00,"26,760.00"
2019-03-17,2019031701003773,CBBL,21,58,50,893.00,"44,650.00"
2019-03-17,2019031701003772,CBBL,16,58,100,894.00,"89,400.00"
2019-03-17,2019031701004030,CBL,1,42,50,159.00,"7,950.00"
2019-03-17,2019031701003917,CBL,33,48,300,159.00,"47,700.00"
2019-03-17,2019031701003872,CBL,33,52,200,159.00,"31,800.00"
2019-03-17,2019031701003600,CBL,36,44,158,161.00,"25,438.00"
2019-03-17,2019031701004032,CCBL,41,50,20,166.00,"3,320.00"
2019-03-17,2019031701004031,CCBL,45,50,45,166.00,"7,470.00"
2019-03-17,2019031701004012,CCBL,16,16,1,166.00,166.00
2019-03-17,2019031701003861,CCBL,45,25,55,166.00,"9,130.00"
2019-03-17,2019031701003860,CCBL,25,25,27,166.00,"4,482.00"
2019-03-17,2019031701003743,CCBL,25,57,773,166.00,"128,318.00"
2019-03-17,2019031701003742,CCBL,25,57,293,166.00,"48,638.00"
2019-03-17,2019031701003920,CFCL,58,57,587,107.00,"62,809.00"
2019-03-17,2019031701003905,CFCL,33,42,145,106.00,"15,370.00"
2019-03-17,2019031701003904,CFCL,26,42,85,106.00,"9,010.00"
2019-03-17,2019031701003744,CFCL,36,14,100,108.00,"10,800.00"
2019-03-17,2019031701003610,CFCL,36,14,15,108.00,"1,620.00"
2019-03-17,2019031701003712,CHCL,1,40,30,517.00,"15,510.00"
2019-03-17,2019031701003703,CHCL,1,34,50,517.00,"25,850.00"
2019-03-17,2019031701003702,CHCL,36,34,113,517.00,"58,421.00"
2019-03-17,2019031701003888,CHLBS,39,47,10,557.00,"5,570.00"
2019-03-17,2019031701003817,CHLBS,39,47,10,557.00,"5,570.00"
2019-03-17,2019031701003728,CHLBS,39,54,10,557.00,"5,570.00"
2019-03-17,2019031701003679,CHLBS,39,40,10,557.00,"5,570.00"
2019-03-17,2019031701003609,CHLBS,6,47,10,557.00,"5,570.00"
2019-03-17,2019031701003602,CHLBS,6,42,40,557.00,"22,280.00"
2019-03-17,2019031701003601,CHLBS,25,42,10,557.00,"5,570.00"
2019-03-17,2019031701003985,CIT,58,58,150,"2,657.00","398,550.00"
2019-03-17,2019031701003959,CIT,58,58,110,"2,657.00","292,270.00"
2019-03-17,2019031701003937,CIT,19,16,44,"2,650.00","116,600.00"
2019-03-17,2019031701003936,CIT,25,16,27,"2,650.00","71,550.00"
2019-03-17,2019031701003935,CIT,19,16,50,"2,650.00","132,500.00"
2019-03-17,2019031701003934,CIT,6,16,40,"2,651.00","106,040.00"
2019-03-17,2019031701003933,CIT,51,16,30,"2,652.00","79,560.00"
2019-03-17,2019031701003932,CIT,14,16,17,"2,652.00","45,084.00"
2019-03-17,2019031701003619,CORBL,36,40,60,98.00,"5,880.00"
2019-03-17,2019031701004021,CZBIL,45,22,10,210.00,"2,100.00"
2019-03-17,2019031701003900,CZBIL,45,34,10,210.00,"2,100.00"
2019-03-17,2019031701003787,CZBIL,45,22,10,210.00,"2,100.00"
2019-03-17,2019031701003782,CZBIL,11,6,300,211.00,"63,300.00"
2019-03-17,2019031701003778,CZBIL,45,51,10,210.00,"2,100.00"
2019-03-17,2019031701003640,CZBIL,45,42,151,210.00,"31,710.00"
2019-03-17,2019031701003567,CZBIL,52,6,100,211.00,"21,100.00"
2019-03-17,2019031701004004,DBBL,1,29,10,130.00,"1,300.00"
2019-03-17,2019031701004003,DBBL,1,59,100,129.00,"12,900.00"
2019-03-17,2019031701003973,DBBL,58,22,663,129.00,"85,527.00"
2019-03-17,2019031701003963,DBBL,58,22,337,129.00,"43,473.00"
2019-03-17,2019031701003947,DBBL,58,44,314,129.00,"40,506.00"
2019-03-17,2019031701003895,DBBL,1,29,10,130.00,"1,300.00"
2019-03-17,2019031701003830,DBBL,58,39,500,129.00,"64,500.00"
2019-03-17,2019031701003829,DBBL,58,48,267,129.00,"34,443.00"
2019-03-17,2019031701003852,DBBL,58,57,"1,192",129.00,"153,768.00"
2019-03-17,2019031701003851,DBBL,58,8,157,129.00,"20,253.00"
2019-03-17,2019031701003834,DBBL,58,8,143,129.00,"18,447.00"
2019-03-17,2019031701003833,DBBL,58,21,100,129.00,"12,900.00"
2019-03-17,2019031701003832,DBBL,58,32,490,129.00,"63,210.00"
2019-03-17,2019031701003831,DBBL,58,49,"2,500",129.00,"322,500.00"
2019-03-17,2019031701004020,EBL,46,33,400,552.00,"220,800.00"
2019-03-17,2019031701004001,EBL,45,40,70,551.00,"38,570.00"
2019-03-17,2019031701004000,EBL,49,33,300,552.00,"165,600.00"
2019-03-17,2019031701003986,EBL,45,40,50,551.00,"27,550.00"
2019-03-17,2019031701003926,EBL,49,57,"1,157",551.00,"637,507.00"
2019-03-17,2019031701003614,EBL,8,11,10,551.00,"5,510.00"
2019-03-17,2019031701003684,EBL,45,45,11,551.00,"6,061.00"
2019-03-17,2019031701003643,EBL,36,43,200,552.00,"110,400.00"
2019-03-17,2019031701003642,EBL,36,43,200,552.00,"110,400.00"
2019-03-17,2019031701003630,EBL,45,25,100,551.00,"55,100.00"
2019-03-17,2019031701003629,EBL,45,11,140,551.00,"77,140.00"
2019-03-17,2019031701003818,EBL,45,21,150,551.00,"82,650.00"
2019-03-17,2019031701003747,EBL,16,6,65,553.00,"35,945.00"
2019-03-17,2019031701003794,EDBL,52,21,15,288.00,"4,320.00"
2019-03-17,2019031701003780,EIC,7,17,190,870.00,"165,300.00"
2019-03-17,2019031701003741,EIC,16,17,60,870.00,"52,200.00"
2019-03-17,2019031701003680,EIC,7,17,200,870.00,"174,000.00"
2019-03-17,2019031701004055,GBBL,19,14,550,191.00,"105,050.00"
2019-03-17,2019031701003875,GBBL,19,28,99,191.00,"18,909.00"
2019-03-17,2019031701003874,GBBL,20,28,701,191.00,"133,891.00"
2019-03-17,2019031701003873,GBBL,34,28,"1,000",192.00,"192,000.00"
2019-03-17,2019031701003823,GBBL,5,35,"1,000",193.00,"193,000.00"
2019-03-17,2019031701003705,GBBL,5,26,17,193.00,"3,281.00"
2019-03-17,2019031701003634,GBBL,5,26,358,193.00,"69,094.00"
2019-03-17,2019031701003633,GBBL,5,54,299,193.00,"57,707.00"
2019-03-17,2019031701003632,GBBL,5,6,95,193.00,"18,335.00"
2019-03-17,2019031701003631,GBBL,5,22,48,193.00,"9,264.00"
2019-03-17,2019031701004026,GBIME,16,16,9,268.00,"2,412.00"
2019-03-17,2019031701003977,GBIME,16,16,9,268.00,"2,412.00"
2019-03-17,2019031701003956,GBIME,16,16,9,268.00,"2,412.00"
2019-03-17,2019031701003902,GBIME,35,53,20,269.00,"5,380.00"
2019-03-17,2019031701003894,GBIME,39,42,228,268.00,"61,104.00"
2019-03-17,2019031701003869,GBIME,39,25,45,268.00,"12,060.00"
2019-03-17,2019031701003841,GBIME,39,43,100,268.00,"26,800.00"
2019-03-17,2019031701003714,GBIME,39,51,74,268.00,"19,832.00"
2019-03-17,2019031701003611,GBIME,6,53,200,269.00,"53,800.00"
2019-03-17,2019031701004066,GBLBS,11,58,10,468.00,"4,680.00"
2019-03-17,2019031701004056,GBLBS,21,5,10,465.00,"4,650.00"
