Date,Transact. No.,Symbol,Buyer,Seller,Quantity,Rate,Amount
2019-02-17,2019021701005150,ADBL,39,28,"1,000",330.00,"330,000.00"
2019-02-17,2019021701005054,ADBL,49,5,10,331.00,"3,310.00"
2019-02-17,2019021701004965,ADBL,39,22,108,330.00,"35,640.00"
2019-02-17,2019021701004919,ADBL,39,43,70,330.00,"23,100.00"
2019-02-17,2019021701004918,ADBL,39,41,610,330.00,"201,300.00"
2019-02-17,2019021701004917,ADBL,39,42,212,329.00,"69,748.00"
2019-02-17,2019021701004835,ADBL,13,42,20,329.00,"6,580.00"
2019-02-17,2019021701004834,ADBL,14,42,268,329.00,"88,172.00"
2019-02-17,2019021701004824,ADBL,14,26,150,329.00,"49,350.00"
2019-02-17,2019021701004711,ADBL,49,41,50,330.00,"16,500.00"
2019-02-17,2019021701004693,ADBL,17,41,100,330.00,"33,000.00"
2019-02-17,2019021701004688,ADBL,14,59,82,329.00,"26,978.00"
2019-02-17,2019021701004741,AHPC,35,54,100,98.00,"9,800.00"
2019-02-17,2019021701004782,AKJCL,39,49,10,82.00,820.00
2019-02-17,2019021701005042,AKPL,22,37,63,155.00,"9,765.00"
2019-02-17,2019021701004800,AKPL,45,32,487,156.00,"75,972.00"
2019-02-17,2019021701004799,AKPL,22,32,82,157.00,"12,874.00"
2019-02-17,2019021701004798,AKPL,22,32,168,157.00,"26,376.00"
2019-02-17,2019021701005030,ALICL,46,49,50,570.00,"28,500.00"
2019-02-17,2019021701005018,ALICL,50,57,151,566.00,"85,466.00"
2019-02-17,2019021701005017,ALICL,52,57,50,567.00,"28,350.00"
2019-02-17,2019021701005016,ALICL,16,57,150,569.00,"85,350.00"
2019-02-17,2019021701005015,ALICL,29,57,49,569.00,"27,881.00"
2019-02-17,2019021701004887,ALICL,20,49,200,570.00,"114,000.00"
2019-02-17,2019021701004883,ALICL,46,45,50,575.00,"28,750.00"
2019-02-17,2019021701004658,ALICL,25,35,62,574.00,"35,588.00"
2019-02-17,2019021701005051,AMFI,25,21,10,695.00,"6,950.00"
2019-02-17,2019021701004941,API,25,42,50,129.00,"6,450.00"
2019-02-17,2019021701004689,API,25,38,132,126.00,"16,632.00"
2019-02-17,2019021701004853,API,29,38,400,126.00,"50,400.00"
2019-02-17,2019021701004783,API,25,38,200,126.00,"25,200.00"
2019-02-17,2019021701004880,API,16,7,17,125.00,"2,125.00"
2019-02-17,2019021701004929,API,25,52,189,128.00,"24,192.00"
2019-02-17,2019021701004920,API,25,38,150,127.00,"19,050.00"
2019-02-17,2019021701004910,API,3,3,18,126.00,"2,268.00"
2019-02-17,2019021701005122,BBC,4,35,50,"1,661.00","83,050.00"
2019-02-17,2019021701005149,BOKL,35,50,123,240.00,"29,520.00"
2019-02-17,2019021701005148,BOKL,52,50,100,240.00,"24,000.00"
2019-02-17,2019021701005147,BOKL,51,50,124,240.00,"29,760.00"
2019-02-17,2019021701005146,BOKL,6,50,50,241.00,"12,050.00"
2019-02-17,2019021701005145,BOKL,25,50,500,241.00,"120,500.00"
2019-02-17,2019021701005144,BOKL,57,50,203,241.00,"48,923.00"
2019-02-17,2019021701004771,BOKL,22,21,150,242.00,"36,300.00"
2019-02-17,2019021701004770,BOKL,50,21,100,242.00,"24,200.00"
2019-02-17,2019021701004769,BOKL,5,21,100,242.00,"24,200.00"
2019-02-17,2019021701004840,BOKL,57,35,100,241.00,"24,100.00"
2019-02-17,2019021701004823,BOKL,57,21,90,241.00,"21,690.00"
2019-02-17,2019021701004805,BOKL,57,16,107,241.00,"25,787.00"
2019-02-17,2019021701004804,BOKL,13,16,43,241.00,"10,363.00"
2019-02-17,2019021701004776,BOKL,22,21,150,242.00,"36,300.00"
2019-02-17,2019021701004871,BPCL,41,20,20,343.00,"6,860.00"
2019-02-17,2019021701004739,BPCL,32,29,27,343.00,"9,261.00"
2019-02-17,2019021701004721,BPCL,45,29,40,343.00,"13,720.00"
2019-02-17,2019021701004720,BPCL,13,29,20,343.00,"6,860.00"
2019-02-17,2019021701004719,BPCL,21,29,98,343.00,"33,614.00"
2019-02-17,2019021701004718,BPCL,56,29,15,345.00,"5,175.00"
2019-02-17,2019021701004717,BPCL,21,20,20,343.00,"6,860.00"
2019-02-17,2019021701004752,CBBL,59,58,50,870.00,"43,500.00"
2019-02-17,2019021701005111,CBL,50,42,50,151.00,"7,550.00"
2019-02-17,2019021701004708,CCBL,7,59,330,159.00,"52,470.00"
2019-02-17,2019021701005133,CHCL,41,44,50,505.00,"25,250.00"
2019-02-17,2019021701004703,CHCL,21,29,188,503.00,"94,564.00"
2019-02-17,2019021701004702,CHCL,1,29,62,504.00,"31,248.00"
2019-02-17,2019021701005087,CIT,4,34,75,"2,503.00","187,725.00"
2019-02-17,2019021701005014,CIT,10,35,100,"2,504.00","250,400.00"
2019-02-17,2019021701004943,CIT,10,48,100,"2,504.00","250,400.00"
2019-02-17,2019021701004942,CIT,8,17,22,"2,509.00","55,198.00"
2019-02-17,2019021701004913,CIT,8,46,16,"2,508.00","40,128.00"
2019-02-17,2019021701004891,CIT,4,13,125,"2,503.00","312,875.00"
2019-02-17,2019021701004788,CIT,21,42,10,"2,505.00","25,050.00"
2019-02-17,2019021701004787,CIT,33,42,48,"2,508.00","120,384.00"
2019-02-17,2019021701004746,CIT,33,22,17,"2,508.00","42,636.00"
2019-02-17,2019021701004736,CIT,33,59,35,"2,508.00","87,780.00"
2019-02-17,2019021701004728,CIT,38,58,20,"2,510.00","50,200.00"
2019-02-17,2019021701004890,CIT,34,13,50,"2,503.00","125,150.00"
2019-02-17,2019021701004889,CIT,34,13,50,"2,503.00","125,150.00"
2019-02-17,2019021701004888,CIT,4,13,75,"2,504.00","187,800.00"
2019-02-17,2019021701004857,CIT,4,58,100,"2,504.00","250,400.00"
2019-02-17,2019021701004790,CIT,28,42,20,"2,504.00","50,080.00"
2019-02-17,2019021701004789,CIT,26,42,20,"2,505.00","50,100.00"
2019-02-17,2019021701004814,CORBL,43,49,10,95.00,950.00
2019-02-17,2019021701004934,CZBIL,14,45,57,201.00,"11,457.00"
2019-02-17,2019021701004933,CZBIL,46,45,100,201.00,"20,100.00"
2019-02-17,2019021701004932,CZBIL,42,45,200,201.00,"40,200.00"
2019-02-17,2019021701004931,CZBIL,13,45,500,201.00,"100,500.00"
2019-02-17,2019021701004930,CZBIL,17,45,17,201.00,"3,417.00"
2019-02-17,2019021701004901,CZBIL,13,28,"1,000",202.00,"202,000.00"
2019-02-17,2019021701004900,CZBIL,57,28,827,202.00,"167,054.00"
2019-02-17,2019021701004692,CZBIL,57,55,462,202.00,"93,324.00"
2019-02-17,2019021701004691,CZBIL,57,22,211,202.00,"42,622.00"
2019-02-17,2019021701005059,DDBL,10,28,100,568.00,"56,800.00"
2019-02-17,2019021701005138,EBL,55,6,49,504.00,"24,696.00"
2019-02-17,2019021701005106,EBL,55,45,50,504.00,"25,200.00"
2019-02-17,2019021701005105,EBL,20,45,100,504.00,"50,400.00"
2019-02-17,2019021701005104,EBL,5,45,50,504.00,"25,200.00"
2019-02-17,2019021701005072,EBL,11,41,44,505.00,"22,220.00"
2019-02-17,2019021701004947,EBL,5,29,50,504.00,"25,200.00"
2019-02-17,2019021701004946,EBL,56,29,50,504.00,"25,200.00"
2019-02-17,2019021701004944,EBL,14,41,200,505.00,"101,000.00"
2019-02-17,2019021701004924,EBL,53,41,30,505.00,"15,150.00"
2019-02-17,2019021701005095,EDBL,58,41,200,295.00,"59,000.00"
2019-02-17,2019021701005094,EDBL,58,58,718,295.00,"211,810.00"
2019-02-17,2019021701005093,EDBL,58,38,100,294.00,"29,400.00"
2019-02-17,2019021701005092,EDBL,58,56,260,293.00,"76,180.00"
2019-02-17,2019021701005055,EDBL,45,56,40,293.00,"11,720.00"
2019-02-17,2019021701004948,EDBL,37,25,80,290.00,"23,200.00"
2019-02-17,2019021701005091,EIC,21,49,10,785.00,"7,850.00"
2019-02-17,2019021701005090,EIC,29,49,90,785.00,"70,650.00"
2019-02-17,2019021701005089,EIC,46,49,100,786.00,"78,600.00"
2019-02-17,2019021701005116,FMDBL,42,44,50,356.00,"17,800.00"
2019-02-17,2019021701005115,FMDBL,34,44,50,357.00,"17,850.00"
2019-02-17,2019021701005114,FMDBL,34,44,100,357.00,"35,700.00"
2019-02-17,2019021701005113,FMDBL,43,44,100,358.00,"35,800.00"
2019-02-17,2019021701004781,FMDBL,43,52,70,358.00,"25,060.00"
2019-02-17,2019021701004767,FMDBL,43,37,30,358.00,"10,740.00"
2019-02-17,2019021701004674,FMDBL,43,35,100,358.00,"35,800.00"
2019-02-17,2019021701005110,GBIME,34,55,91,261.00,"23,751.00"
2019-02-17,2019021701004909,GBIME,17,55,32,261.00,"8,352.00"
2019-02-17,2019021701004811,GBLBS,25,42,50,425.00,"21,250.00"
2019-02-17,2019021701004670,GBLBS,25,36,10,425.00,"4,250.00"
2019-02-17,2019021701004662,GBLBS,25,36,10,425.00,"4,250.00"
2019-02-17,2019021701005088,GDBL,1,57,216,182.00,"39,312.00"
2019-02-17,2019021701004815,GDBL,40,41,50,180.00,"9,000.00"
2019-02-17,2019021701005048,GDBL,1,19,32,182.00,"5,824.00"
2019-02-17,2019021701005047,GDBL,1,32,252,182.00,"45,864.00"
2019-02-17,2019021701005060,GLICL,46,34,80,663.00,"53,040.00"
2019-02-17,2019021701005020,GLICL,46,58,10,663.00,"6,630.00"
2019-02-17,2019021701004875,GLICL,35,34,20,665.00,"13,300.00"
2019-02-17,2019021701005068,GUFL,42,13,30,102.00,"3,060.00"
2019-02-17,2019021701005067,GUFL,43,13,300,102.00,"30,600.00"
2019-02-17,2019021701005066,GUFL,49,13,42,102.00,"4,284.00"
2019-02-17,2019021701004876,HBL,32,35,100,430.00,"43,000.00"
2019-02-17,2019021701004768,HBL,52,6,100,432.00,"43,200.00"
2019-02-17,2019021701005013,HDL,25,6,10,"1,305.00","13,050.00"
2019-02-17,2019021701004738,HGI,41,37,21,373.00,"7,833.00"
2019-02-17,2019021701004737,HGI,29,37,80,374.00,"29,920.00"
2019-02-17,2019021701004950,HIDCL,3,3,52,133.00,"6,916.00"
2019-02-17,2019021701004802,HIDCL,14,22,25,132.00,"3,300.00"
2019-02-17,2019021701004801,HIDCL,7,22,115,132.00,"15,180.00"
2019-02-17,2019021701005019,HPPL,3,3,10,169.00,"1,690.00"
2019-02-17,2019021701004826,HPPL,28,49,10,168.00,"1,680.00"
2019-02-17,2019021701004685,HPPL,3,3,10,169.00,"1,690.00"
2019-02-17,2019021701005038,JBBL,38,28,500,136.00,"68,000.00"
2019-02-17,2019021701005112,JBNL,19,33,70,164.00,"11,480.00"
2019-02-17,2019021701004849,JBNL,13,55,33,163.00,"5,379.00"
2019-02-17,2019021701004848,JBNL,32,55,200,163.00,"32,600.00"
2019-02-17,2019021701004847,JBNL,45,55,67,163.00,"10,921.00"
2019-02-17,2019021701005141,JFL,57,58,10,164.00,"1,640.00"
2019-02-17,2019021701004766,JFL,57,49,60,164.00,"9,840.00"
2019-02-17,2019021701005123,JSLBB,34,58,100,"2,423.00","242,300.00"
2019-02-17,2019021701005102,JSLBB,28,48,28,"2,410.00","67,480.00"
2019-02-17,2019021701005065,JSLBB,33,48,28,"2,410.00","67,480.00"
2019-02-17,2019021701005041,JSLBB,10,42,30,"2,395.00","71,850.00"
2019-02-17,2019021701004925,KBL,28,44,43,230.00,"9,890.00"
2019-02-17,2019021701004846,KBL,28,22,60,230.00,"13,800.00"
2019-02-17,2019021701004845,KBL,5,22,90,230.00,"20,700.00"
2019-02-17,2019021701004821,KBL,5,41,30,230.00,"6,900.00"
2019-02-17,2019021701005142,KKHC,3,3,10,79.00,790.00
2019-02-17,2019021701004710,KKHC,3,3,10,79.00,790.00
2019-02-17,2019021701004757,KNBL,47,37,100,118.00,"11,800.00"
2019-02-17,2019021701004667,KNBL,43,1,50,120.00,"6,000.00"
2019-02-17,2019021701005108,KSBBL,1,57,290,133.00,"38,570.00"
2019-02-17,2019021701004832,KSBBL,1,22,100,133.00,"13,300.00"
2019-02-17,2019021701004914,LBL,55,35,95,186.00,"17,670.00"
2019-02-17,2019021701004668,LBL,55,25,15,186.00,"2,790.00"
2019-02-17,2019021701005107,LICN,59,44,80,"1,593.00","127,440.00"
2019-02-17,2019021701004878,LICN,28,26,10,"1,587.00","15,870.00"
2019-02-17,2019021701004712,LICN,28,7,30,"1,587.00","47,610.00"
2019-02-17,2019021701004874,MBL,38,39,500,209.00,"104,500.00"
2019-02-17,2019021701004740,MBL,14,8,900,208.00,"187,200.00"
2019-02-17,2019021701004694,MBL,22,8,100,208.00,"20,800.00"
2019-02-17,2019021701004655,MBL,38,39,40,209.00,"8,360.00"
2019-02-17,2019021701004654,MBL,38,59,460,209.00,"96,140.00"
2019-02-17,2019021701005136,MEGA,26,7,50,161.00,"8,050.00"
2019-02-17,2019021701005135,MEGA,41,7,60,161.00,"9,660.00"
2019-02-17,2019021701004954,MEGA,41,58,10,161.00,"1,610.00"
2019-02-17,2019021701004751,MERO,3,3,6,603.00,"3,618.00"
2019-02-17,2019021701004731,MERO,3,3,10,603.00,"6,030.00"
2019-02-17,2019021701004964,MLBBL,45,20,12,585.00,"7,020.00"
2019-02-17,2019021701005046,MLBL,58,40,100,160.00,"16,000.00"
2019-02-17,2019021701005045,MLBL,58,40,100,160.00,"16,000.00"
2019-02-17,2019021701005044,MLBL,5,40,400,160.00,"64,000.00"
2019-02-17,2019021701005043,MLBL,32,40,202,160.00,"32,320.00"
2019-02-17,2019021701004680,MLBL,32,40,300,161.00,"48,300.00"
2019-02-17,2019021701004664,MNBBL,47,52,350,335.00,"117,250.00"
2019-02-17,2019021701004663,MNBBL,47,25,150,335.00,"50,250.00"
2019-02-17,2019021701005028,MPFL,1,1,5,147.00,735.00
2019-02-17,2019021701004779,MSLB,3,3,15,"1,360.00","20,400.00"
2019-02-17,2019021701004868,NABIL,56,32,630,807.00,"508,410.00"
2019-02-17,2019021701004867,NABIL,52,32,50,808.00,"40,400.00"
2019-02-17,2019021701004866,NABIL,59,32,100,808.00,"80,800.00"
2019-02-17,2019021701004865,NABIL,57,32,10,809.00,"8,090.00"
2019-02-17,2019021701004864,NABIL,8,32,300,809.00,"242,700.00"
2019-02-17,2019021701004863,NABIL,6,32,165,809.00,"133,485.00"
2019-02-17,2019021701004727,NABIL,17,19,50,810.00,"40,500.00"
2019-02-17,2019021701004726,NABIL,6,19,100,810.00,"81,000.00"
2019-02-17,2019021701004862,NABIL,37,32,200,810.00,"162,000.00"
2019-02-17,2019021701004861,NABIL,43,32,20,810.00,"16,200.00"
2019-02-17,2019021701004860,NABIL,1,32,20,810.00,"16,200.00"
2019-02-17,2019021701004859,NABIL,14,32,30,810.00,"24,300.00"
2019-02-17,2019021701004858,NABIL,17,32,50,810.00,"40,500.00"
2019-02-17,2019021701004850,NABIL,32,57,100,811.00,"81,100.00"
2019-02-17,2019021701005034,NABILP,47,47,55,724.00,"39,820.00"
2019-02-17,2019021701004869,NABILP,53,28,10,725.00,"7,250.00"
2019-02-17,2019021701004778,NABILP,39,14,50,725.00,"36,250.00"
2019-02-17,2019021701004893,NABILP,47,28,20,724.00,"14,480.00"
2019-02-17,2019021701004892,NABILP,1,28,290,724.00,"209,960.00"
2019-02-17,2019021701005012,NADEP,19,6,100,759.00,"75,900.00"
2019-02-17,2019021701004923,NADEP,38,38,10,758.00,"7,580.00"
2019-02-17,2019021701005027,NBB,42,7,32,181.00,"5,792.00"
2019-02-17,2019021701005026,NBB,29,7,100,181.00,"18,100.00"
2019-02-17,2019021701005025,NBB,22,7,300,182.00,"54,600.00"
2019-02-17,2019021701005024,NBB,34,7,50,182.00,"9,100.00"
2019-02-17,2019021701005023,NBB,43,7,100,183.00,"18,300.00"
2019-02-17,2019021701004762,NBBL,54,17,20,644.00,"12,880.00"
2019-02-17,2019021701004761,NBBL,34,17,20,644.00,"12,880.00"
2019-02-17,2019021701004760,NBBL,32,17,100,645.00,"64,500.00"
2019-02-17,2019021701004759,NBBL,43,17,10,650.00,"6,500.00"
2019-02-17,2019021701004756,NBBL,53,17,50,655.00,"32,750.00"
2019-02-17,2019021701004755,NBBL,20,17,10,655.00,"6,550.00"
2019-02-17,2019021701004754,NBBL,28,17,30,657.00,"19,710.00"
2019-02-17,2019021701004753,NBBL,34,17,12,657.00,"7,884.00"
2019-02-17,2019021701004921,NBL,6,38,400,284.00,"113,600.00"
2019-02-17,2019021701004831,NBL,6,26,650,284.00,"184,600.00"
2019-02-17,2019021701004841,NCCB,7,32,"1,000",205.00,"205,000.00"
2019-02-17,2019021701004784,NEF,29,29,338,8.09,"2,734.42"
2019-02-17,2019021701004881,NHDL,39,20,10,120.00,"1,200.00"
2019-02-17,2019021701004666,NHPC,17,34,215,62.00,"13,330.00"
2019-02-17,2019021701004936,NIB,41,37,22,508.00,"11,176.00"
2019-02-17,2019021701004915,NIB,58,37,10,509.00,"5,090.00"
2019-02-17,2019021701004690,NIB,51,55,45,508.00,"22,860.00"
2019-02-17,2019021701004659,NIB,49,55,50,508.00,"25,400.00"
2019-02-17,2019021701005109,NIBPO,25,44,246,463.00,"113,898.00"
2019-02-17,2019021701005100,NIBPO,29,44,100,464.00,"46,400.00"
2019-02-17,2019021701004896,NIBPO,29,44,500,464.00,"232,000.00"
2019-02-17,2019021701004895,NIBPO,1,44,44,464.00,"20,416.00"
2019-02-17,2019021701004894,NIBPO,57,44,100,465.00,"46,500.00"
2019-02-17,2019021701004952,NICA,14,57,50,387.00,"19,350.00"
2019-02-17,2019021701004928,NICA,41,58,20,385.00,"7,700.00"
2019-02-17,2019021701004683,NICA,47,33,300,387.00,"116,100.00"
2019-02-17,2019021701004682,NICA,47,4,100,386.00,"38,600.00"
2019-02-17,2019021701004681,NICA,47,22,100,386.00,"38,600.00"
2019-02-17,2019021701004661,NICA,38,41,200,385.00,"77,000.00"
2019-02-17,2019021701004660,NICA,21,41,100,385.00,"38,500.00"
2019-02-17,2019021701005101,NICL,37,28,100,364.00,"36,400.00"
2019-02-17,2019021701004949,NICL,53,14,50,366.00,"18,300.00"
2019-02-17,2019021701004926,NICL,37,44,130,364.00,"47,320.00"
2019-02-17,2019021701004885,NICL,39,44,70,364.00,"25,480.00"
2019-02-17,2019021701004657,NICL,39,49,10,364.00,"3,640.00"
2019-02-17,2019021701004907,NIL,42,35,20,509.00,"10,180.00"
2019-02-17,2019021701005125,NLG,42,25,11,794.00,"8,734.00"
2019-02-17,2019021701004829,NLG,33,33,490,790.00,"387,100.00"
2019-02-17,2019021701004963,NLIC,42,57,99,"1,001.00","99,099.00"
2019-02-17,2019021701004962,NLIC,57,57,15,"1,002.00","15,030.00"
2019-02-17,2019021701004961,NLIC,38,57,100,"1,002.00","100,200.00"
2019-02-17,2019021701004960,NLIC,38,57,70,"1,002.00","70,140.00"
2019-02-17,2019021701004959,NLIC,6,57,100,"1,002.00","100,200.00"
2019-02-17,2019021701004958,NLIC,57,57,100,"1,003.00","100,300.00"
2019-02-17,2019021701004957,NLIC,16,57,381,"1,003.00","382,143.00"
2019-02-17,2019021701004956,NLIC,56,57,35,"1,004.00","35,140.00"
2019-02-17,2019021701004955,NLIC,1,57,100,"1,005.00","100,500.00"
2019-02-17,2019021701004916,NLIC,56,41,15,"1,004.00","15,060.00"
2019-02-17,2019021701004806,NLIC,1,28,37,"1,007.00","37,259.00"
2019-02-17,2019021701004828,NLICL,26,55,20,620.00,"12,400.00"
2019-02-17,2019021701004827,NLICL,26,55,30,620.00,"18,600.00"
2019-02-17,2019021701005137,NMB,46,33,10,309.00,"3,090.00"
2019-02-17,2019021701005082,NMB,8,54,385,306.00,"117,810.00"
2019-02-17,2019021701005081,NMB,11,54,100,306.00,"30,600.00"
2019-02-17,2019021701005080,NMB,56,54,10,306.00,"3,060.00"
2019-02-17,2019021701005079,NMB,58,54,50,306.00,"15,300.00"
2019-02-17,2019021701005078,NMB,50,54,"1,000",306.00,"306,000.00"
2019-02-17,2019021701004733,NMB,50,1,100,307.00,"30,700.00"
2019-02-17,2019021701004732,NMB,14,1,55,307.00,"16,885.00"
2019-02-17,2019021701005077,NMB,57,54,300,306.00,"91,800.00"
2019-02-17,2019021701005076,NMB,6,54,"1,000",306.00,"306,000.00"
2019-02-17,2019021701005075,NMB,50,54,500,306.00,"153,000.00"
2019-02-17,2019021701005074,NMB,19,54,200,307.00,"61,400.00"
2019-02-17,2019021701005073,NMB,33,54,55,307.00,"16,885.00"
2019-02-17,2019021701004734,NMB,33,1,145,307.00,"44,515.00"
2019-02-17,2019021701005086,NSEWA,3,3,10,548.00,"5,480.00"
2019-02-17,2019021701005032,NSEWA,11,52,50,548.00,"27,400.00"
2019-02-17,2019021701005031,NSEWA,14,52,40,550.00,"22,000.00"
2019-02-17,2019021701004816,NSEWA,14,34,10,550.00,"5,500.00"
2019-02-17,2019021701005011,NTC,7,14,275,687.00,"188,925.00"
2019-02-17,2019021701005010,NTC,13,14,100,687.00,"68,700.00"
2019-02-17,2019021701005009,NTC,25,14,75,687.00,"51,525.00"
2019-02-17,2019021701005008,NTC,59,14,40,687.00,"27,480.00"
2019-02-17,2019021701004873,NTC,45,28,10,688.00,"6,880.00"
2019-02-17,2019021701004872,NTC,22,28,50,688.00,"34,400.00"
2019-02-17,2019021701004830,NTC,59,14,10,690.00,"6,900.00"
2019-02-17,2019021701004937,NUBL,1,45,42,716.00,"30,072.00"
2019-02-17,2019021701004825,NUBL,11,44,34,715.00,"24,310.00"
2019-02-17,2019021701004715,OHL,38,22,58,417.00,"24,186.00"
2019-02-17,2019021701004716,OHL,38,58,200,418.00,"83,600.00"
2019-02-17,2019021701004705,PCBL,14,25,11,309.00,"3,399.00"
2019-02-17,2019021701005119,PFL,1,58,10,128.00,"1,280.00"
2019-02-17,2019021701005022,PFL,25,58,10,129.00,"1,290.00"
2019-02-17,2019021701005143,PIC,42,28,10,"1,008.00","10,080.00"
2019-02-17,2019021701004775,PICL,29,53,50,660.00,"33,000.00"
2019-02-17,2019021701004774,PICL,21,53,30,661.00,"19,830.00"
2019-02-17,2019021701005058,PLIC,17,44,32,425.00,"13,600.00"
2019-02-17,2019021701005057,PLIC,19,44,50,426.00,"21,300.00"
2019-02-17,2019021701005056,PLIC,33,44,145,426.00,"61,770.00"
2019-02-17,2019021701004833,PLIC,33,1,155,426.00,"66,030.00"
2019-02-17,2019021701004764,PLIC,58,7,30,427.00,"12,810.00"
2019-02-17,2019021701004707,PLIC,58,16,20,426.00,"8,520.00"
2019-02-17,2019021701004676,PLIC,33,7,200,427.00,"85,400.00"
2019-02-17,2019021701004675,PLIC,38,7,20,427.00,"8,540.00"
2019-02-17,2019021701005151,PMHPL,56,41,10,110.00,"1,100.00"
2019-02-17,2019021701005140,PMHPL,56,48,10,109.00,"1,090.00"
2019-02-17,2019021701005139,PMHPL,56,6,10,109.00,"1,090.00"
2019-02-17,2019021701004899,PMHPL,10,20,10,107.00,"1,070.00"
2019-02-17,2019021701005029,PRIN,36,49,109,406.00,"44,254.00"
2019-02-17,2019021701004935,PRIN,17,34,100,409.00,"40,900.00"
2019-02-17,2019021701005130,PRVU,25,25,100,227.00,"22,700.00"
2019-02-17,2019021701005129,PRVU,57,25,100,228.00,"22,800.00"
2019-02-17,2019021701005121,PRVU,46,47,10,229.00,"2,290.00"
2019-02-17,2019021701005085,PRVU,25,54,53,227.00,"12,031.00"
2019-02-17,2019021701005084,PRVU,50,54,100,227.00,"22,700.00"
2019-02-17,2019021701004652,PRVU,59,46,253,229.00,"57,937.00"
2019-02-17,2019021701004706,PRVU,36,29,52,229.00,"11,908.00"
2019-02-17,2019021701004699,PRVU,14,44,210,228.00,"47,880.00"
2019-02-17,2019021701004698,PRVU,46,29,253,229.00,"57,937.00"
2019-02-17,2019021701004671,PRVU,46,29,253,229.00,"57,937.00"
2019-02-17,2019021701004653,PRVU,46,46,747,229.00,"171,063.00"
2019-02-17,2019021701004748,PRVU,11,29,52,229.00,"11,908.00"
2019-02-17,2019021701004745,PRVU,29,42,86,228.00,"19,608.00"
2019-02-17,2019021701004744,PRVU,57,42,"1,000",228.00,"228,000.00"
2019-02-17,2019021701004743,PRVU,14,42,28,228.00,"6,384.00"
2019-02-17,2019021701004742,PRVU,14,42,778,228.00,"177,384.00"
2019-02-17,2019021701004822,PRVU,29,25,124,228.00,"28,272.00"
2019-02-17,2019021701004813,PRVU,51,28,500,229.00,"114,500.00"
2019-02-17,2019021701004803,PRVU,53,28,200,229.00,"45,800.00"
2019-02-17,2019021701004780,PRVU,29,59,30,228.00,"6,840.00"
2019-02-17,2019021701004749,PRVU,11,28,48,229.00,"10,992.00"
2019-02-17,2019021701004970,PRVU,50,28,100,228.00,"22,800.00"
2019-02-17,2019021701004969,PRVU,29,28,60,228.00,"13,680.00"
2019-02-17,2019021701004940,PRVU,57,28,200,229.00,"45,800.00"
2019-02-17,2019021701004906,PRVU,33,28,80,229.00,"18,320.00"
2019-02-17,2019021701004855,PRVU,34,28,200,229.00,"45,800.00"
2019-02-17,2019021701004838,PRVU,37,28,500,229.00,"114,500.00"
2019-02-17,2019021701004976,PRVU,43,28,50,228.00,"11,400.00"
2019-02-17,2019021701004975,PRVU,43,28,75,228.00,"17,100.00"
2019-02-17,2019021701004974,PRVU,56,28,500,228.00,"114,000.00"
2019-02-17,2019021701004973,PRVU,17,28,500,228.00,"114,000.00"
2019-02-17,2019021701004972,PRVU,58,28,100,228.00,"22,800.00"
2019-02-17,2019021701004971,PRVU,14,28,300,228.00,"68,400.00"
2019-02-17,2019021701004982,PRVU,43,28,80,228.00,"18,240.00"
2019-02-17,2019021701004981,PRVU,32,28,500,228.00,"114,000.00"
2019-02-17,2019021701004980,PRVU,43,28,150,228.00,"34,200.00"
2019-02-17,2019021701004979,PRVU,43,28,150,228.00,"34,200.00"
2019-02-17,2019021701004978,PRVU,43,28,150,228.00,"34,200.00"
2019-02-17,2019021701004977,PRVU,59,28,200,228.00,"45,600.00"
2019-02-17,2019021701004988,PRVU,55,28,"1,500",227.00,"340,500.00"
2019-02-17,2019021701004987,PRVU,14,28,300,227.00,"68,100.00"
2019-02-17,2019021701004986,PRVU,42,28,30,227.00,"6,810.00"
2019-02-17,2019021701004985,PRVU,41,28,33,227.00,"7,491.00"
2019-02-17,2019021701004984,PRVU,33,28,100,228.00,"22,800.00"
2019-02-17,2019021701004983,PRVU,7,28,200,228.00,"45,600.00"
2019-02-17,2019021701004994,PRVU,16,28,100,227.00,"22,700.00"
2019-02-17,2019021701004993,PRVU,39,28,100,227.00,"22,700.00"
2019-02-17,2019021701004992,PRVU,45,28,100,227.00,"22,700.00"
2019-02-17,2019021701004991,PRVU,33,28,"1,800",227.00,"408,600.00"
2019-02-17,2019021701004990,PRVU,52,28,100,227.00,"22,700.00"
2019-02-17,2019021701004989,PRVU,52,28,100,227.00,"22,700.00"
2019-02-17,2019021701005000,PRVU,21,28,500,227.00,"113,500.00"
2019-02-17,2019021701004999,PRVU,38,28,51,227.00,"11,577.00"
2019-02-17,2019021701004998,PRVU,38,28,25,227.00,"5,675.00"
2019-02-17,2019021701004997,PRVU,17,28,500,227.00,"113,500.00"
2019-02-17,2019021701004996,PRVU,57,28,500,227.00,"113,500.00"
2019-02-17,2019021701004995,PRVU,46,28,50,227.00,"11,350.00"
2019-02-17,2019021701005006,PRVU,41,28,200,227.00,"45,400.00"
2019-02-17,2019021701005005,PRVU,50,28,100,227.00,"22,700.00"
2019-02-17,2019021701005004,PRVU,59,28,25,227.00,"5,675.00"
2019-02-17,2019021701005003,PRVU,22,28,100,227.00,"22,700.00"
2019-02-17,2019021701005002,PRVU,57,28,100,227.00,"22,700.00"
2019-02-17,2019021701005001,PRVU,5,28,"1,000",227.00,"227,000.00"
2019-02-17,2019021701005050,PRVU,58,47,228,229.00,"52,212.00"
2019-02-17,2019021701005049,PRVU,58,28,272,229.00,"62,288.00"
2019-02-17,2019021701005021,PRVU,46,28,471,227.00,"106,917.00"
2019-02-17,2019021701005007,PRVU,17,28,"1,000",227.00,"227,000.00"
2019-02-17,2019021701004810,PRVUPO,56,39,"4,865",150.00,"729,750.00"
2019-02-17,2019021701005120,RADHI,32,45,11,151.00,"1,661.00"
2019-02-17,2019021701004968,RBCL,58,49,20,"9,050.00","181,000.00"
2019-02-17,2019021701004967,RBCL,1,49,10,"9,060.00","90,600.00"
2019-02-17,2019021701005131,RHPC,25,32,405,90.00,"36,450.00"
2019-02-17,2019021701005033,RHPC,1,32,100,90.00,"9,000.00"
2019-02-17,2019021701004839,RHPC,51,32,150,91.00,"13,650.00"
2019-02-17,2019021701004684,RSDC,38,36,30,375.00,"11,250.00"
2019-02-17,2019021701005053,SADBL,21,58,10,136.00,"1,360.00"
2019-02-17,2019021701004697,SADBL,21,36,100,136.00,"13,600.00"
2019-02-17,2019021701005128,SBBLJ,33,5,402,200.00,"80,400.00"
2019-02-17,2019021701005127,SBBLJ,55,5,300,200.00,"60,000.00"
2019-02-17,2019021701005126,SBBLJ,58,5,18,202.00,"3,636.00"
2019-02-17,2019021701004951,SCB,42,6,20,536.00,"10,720.00"
2019-02-17,2019021701004704,SCB,21,6,80,538.00,"43,040.00"
2019-02-17,2019021701004669,SCB,42,5,70,536.00,"37,520.00"
2019-02-17,2019021701004696,SDESI,25,45,10,595.00,"5,950.00"
2019-02-17,2019021701004673,SHINE,47,28,301,243.00,"73,143.00"
2019-02-17,2019021701004672,SHINE,47,51,99,242.00,"23,958.00"
2019-02-17,2019021701004842,SHPC,1,1,211,215.00,"45,365.00"
2019-02-17,2019021701004796,SHPC,53,1,100,215.00,"21,500.00"
2019-02-17,2019021701004795,SHPC,49,1,50,215.00,"10,750.00"
2019-02-17,2019021701004794,SHPC,13,1,60,215.00,"12,900.00"
2019-02-17,2019021701004793,SHPC,54,1,500,215.00,"107,500.00"
2019-02-17,2019021701004792,SHPC,41,1,128,215.00,"27,520.00"
2019-02-17,2019021701004791,SHPC,17,1,200,216.00,"43,200.00"
2019-02-17,2019021701004843,SIC,42,25,10,"1,279.00","12,790.00"
2019-02-17,2019021701005134,SICL,34,28,26,855.00,"22,230.00"
2019-02-17,2019021701004773,SICL,56,28,34,855.00,"29,070.00"
2019-02-17,2019021701004763,SICL,38,28,50,855.00,"42,750.00"
2019-02-17,2019021701004750,SICL,34,28,80,855.00,"68,400.00"
2019-02-17,2019021701005064,SIFC,8,59,200,131.00,"26,200.00"
2019-02-17,2019021701005063,SIFC,26,59,50,131.00,"6,550.00"
2019-02-17,2019021701005062,SIFC,43,59,500,131.00,"65,500.00"
2019-02-17,2019021701005061,SIFC,17,59,200,132.00,"26,400.00"
2019-02-17,2019021701005083,SIL,25,22,10,600.00,"6,000.00"
2019-02-17,2019021701004852,SIL,32,1,22,594.00,"13,068.00"
2019-02-17,2019021701004851,SIL,14,1,50,594.00,"29,700.00"
2019-02-17,2019021701004844,SIL,14,25,250,594.00,"148,500.00"
2019-02-17,2019021701004819,SIL,54,1,100,595.00,"59,500.00"
2019-02-17,2019021701004818,SIL,21,1,50,595.00,"29,750.00"
2019-02-17,2019021701004817,SIL,35,1,30,596.00,"17,880.00"
2019-02-17,2019021701005099,SLBBL,54,57,500,492.00,"246,000.00"
2019-02-17,2019021701005098,SLBBL,5,57,50,492.00,"24,600.00"
2019-02-17,2019021701005097,SLBBL,39,57,50,492.00,"24,600.00"
2019-02-17,2019021701005096,SLBBL,26,57,60,495.00,"29,700.00"
2019-02-17,2019021701005118,SLBSL,1,13,10,783.00,"7,830.00"
2019-02-17,2019021701005117,SLBSL,1,13,10,783.00,"7,830.00"
2019-02-17,2019021701005037,SLBSL,22,34,20,781.00,"15,620.00"
2019-02-17,2019021701005036,SLBSL,43,34,20,781.00,"15,620.00"
2019-02-17,2019021701005035,SLBSL,58,34,30,781.00,"23,430.00"
2019-02-17,2019021701004856,SLBSL,55,16,10,784.00,"7,840.00"
2019-02-17,2019021701004854,SLBSL,55,16,10,784.00,"7,840.00"
2019-02-17,2019021701004797,SLBSL,28,34,30,785.00,"23,550.00"
2019-02-17,2019021701004758,SLBSL,47,34,100,786.00,"78,600.00"
2019-02-17,2019021701004908,SLBSL,49,16,10,782.00,"7,820.00"
2019-02-17,2019021701004886,SLBSL,33,34,100,783.00,"78,300.00"
2019-02-17,2019021701004882,SLBSL,19,16,10,784.00,"7,840.00"
2019-02-17,2019021701004877,SLBSL,55,16,10,784.00,"7,840.00"
2019-02-17,2019021701004870,SLBSL,55,41,10,784.00,"7,840.00"
2019-02-17,2019021701004927,SLBSL,22,34,100,783.00,"78,300.00"
2019-02-17,2019021701004922,SLBSL,1,16,10,782.00,"7,820.00"
2019-02-17,2019021701004911,SLBSL,1,16,10,782.00,"7,820.00"
2019-02-17,2019021701004772,SMB,50,34,10,650.00,"6,500.00"
2019-02-17,2019021701005132,UIC,58,16,30,755.00,"22,650.00"
2019-02-17,2019021701005124,UPPER,3,44,40,226.00,"9,040.00"
2019-02-17,2019021701005103,UPPER,46,3,40,225.00,"9,000.00"
2019-02-17,2019021701004656,UPPER,49,22,30,225.00,"6,750.00"
2019-02-17,2019021701004687,UPPER,25,21,30,225.00,"6,750.00"
2019-02-17,2019021701004686,UPPER,49,21,20,225.00,"4,500.00"
2019-02-17,2019021701004679,UPPER,49,22,30,225.00,"6,750.00"
2019-02-17,2019021701004678,UPPER,53,53,3,225.00,675.00
2019-02-17,2019021701004677,UPPER,49,21,50,225.00,"11,250.00"
2019-02-17,2019021701004665,UPPER,49,20,40,225.00,"9,000.00"
2019-02-17,2019021701004714,UPPER,25,50,40,225.00,"9,000.00"
2019-02-17,2019021701004713,UPPER,25,4,50,225.00,"11,250.00"
2019-02-17,2019021701004709,UPPER,25,21,10,225.00,"2,250.00"
2019-02-17,2019021701004701,UPPER,41,21,30,226.00,"6,780.00"
2019-02-17,2019021701004700,UPPER,41,20,40,226.00,"9,040.00"
2019-02-17,2019021701004695,UPPER,41,21,50,226.00,"11,300.00"
2019-02-17,2019021701004730,UPPER,35,20,10,226.00,"2,260.00"
2019-02-17,2019021701004729,UPPER,59,20,40,226.00,"9,040.00"
2019-02-17,2019021701004725,UPPER,59,21,50,226.00,"11,300.00"
2019-02-17,2019021701004724,UPPER,59,21,40,226.00,"9,040.00"
2019-02-17,2019021701004723,UPPER,59,4,40,226.00,"9,040.00"
2019-02-17,2019021701004722,UPPER,59,22,30,226.00,"6,780.00"
2019-02-17,2019021701004820,UPPER,48,1,10,226.00,"2,260.00"
2019-02-17,2019021701004812,UPPER,3,1,50,226.00,"11,300.00"
2019-02-17,2019021701004786,UPPER,7,3,30,225.00,"6,750.00"
2019-02-17,2019021701004785,UPPER,25,3,20,225.00,"4,500.00"
2019-02-17,2019021701004747,UPPER,25,20,50,225.00,"11,250.00"
2019-02-17,2019021701004735,UPPER,35,1,40,226.00,"9,040.00"
2019-02-17,2019021701004938,UPPER,7,52,40,226.00,"9,040.00"
2019-02-17,2019021701004912,UPPER,7,20,50,226.00,"11,300.00"
2019-02-17,2019021701004898,UPPER,7,19,960,226.00,"216,960.00"
2019-02-17,2019021701004897,UPPER,48,19,90,226.00,"20,340.00"
2019-02-17,2019021701004879,UPPER,48,22,50,226.00,"11,300.00"
2019-02-17,2019021701004836,UPPER,48,20,50,226.00,"11,300.00"
2019-02-17,2019021701005052,UPPER,46,34,40,225.00,"9,000.00"
2019-02-17,2019021701005040,UPPER,46,45,40,225.00,"9,000.00"
2019-02-17,2019021701005039,UPPER,45,45,10,225.00,"2,250.00"
2019-02-17,2019021701004966,UPPER,45,6,40,225.00,"9,000.00"
2019-02-17,2019021701004945,UPPER,45,59,50,225.00,"11,250.00"
2019-02-17,2019021701004939,UPPER,55,52,100,226.00,"22,600.00"
2019-02-17,2019021701004837,VLBS,3,3,12,687.00,"8,244.00"
2019-02-17,2019021701004953,WOMI,45,45,4,"1,085.00","4,340.00"
2019-02-17,2019021701004905,WOMI,10,13,100,"1,104.00","110,400.00"
2019-02-17,2019021701004904,WOMI,58,13,30,"1,104.00","33,120.00"
2019-02-17,2019021701004903,WOMI,42,13,10,"1,105.00","11,050.00"
2019-02-17,2019021701004902,WOMI,13,13,60,"1,105.00","66,300.00"
2019-02-17,2019021701004884,WOMI,55,34,50,"1,110.00","55,500.00"
2019-02-17,2019021701004809,WOMI,13,49,40,"1,105.00","44,200.00"
2019-02-17,2019021701004808,WOMI,11,49,50,"1,105.00","55,250.00"
2019-02-17,2019021701004807,WOMI,5,49,30,"1,106.00","33,180.00"
2019-02-17,2019021701004777,WOMI,41,34,50,"1,110.00","55,500.00"
2019-02-17,2019021701004608,ADBL,6,41,200,330.00,"66,000.00"
2019-02-17,2019021701004400,ADBL,48,43,30,331.00,"9,930.00"
2019-02-17,2019021701004393,AKJCL,11,11,20,81.00,"1,620.00"
2019-02-17,2019021701004605,ALICL,25,49,50,570.00,"28,500.00"
2019-02-17,2019021701004604,ALICL,35,49,30,570.00,"17,100.00"
2019-02-17,2019021701004603,ALICL,35,49,30,570.00,"17,100.00"
2019-02-17,2019021701004602,ALICL,11,49,10,570.00,"5,700.00"
2019-02-17,2019021701004349,ALICL,42,35,38,574.00,"21,812.00"
2019-02-17,2019021701004276,ALICL,42,44,12,574.00,"6,888.00"
2019-02-17,2019021701004284,AMFI,44,44,10,695.00,"6,950.00"
2019-02-17,2019021701004595,API,16,25,17,125.00,"2,125.00"
2019-02-17,2019021701004540,API,3,38,18,126.00,"2,268.00"
2019-02-17,2019021701004519,API,16,3,18,125.00,"2,250.00"
2019-02-17,2019021701004505,API,25,38,36,126.00,"4,536.00"
2019-02-17,2019021701004258,API,16,21,16,125.00,"2,000.00"
2019-02-17,2019021701004203,API,16,21,16,125.00,"2,000.00"
2019-02-17,2019021701004166,API,21,39,70,126.00,"8,820.00"
2019-02-17,2019021701004352,API,5,38,100,126.00,"12,600.00"
2019-02-17,2019021701004351,API,42,38,71,126.00,"8,946.00"
2019-02-17,2019021701004325,API,25,38,50,127.00,"6,350.00"
2019-02-17,2019021701004308,API,42,42,216,126.00,"27,216.00"
2019-02-17,2019021701004307,API,42,39,213,126.00,"26,838.00"
2019-02-17,2019021701004291,BOKL,25,57,229,245.00,"56,105.00"
2019-02-17,2019021701004290,BOKL,25,54,524,244.00,"127,856.00"
2019-02-17,2019021701004289,BOKL,25,44,50,244.00,"12,200.00"
2019-02-17,2019021701004288,BOKL,25,43,54,244.00,"13,176.00"
2019-02-17,2019021701004287,BOKL,25,35,143,243.00,"34,749.00"
2019-02-17,2019021701004253,BOKL,53,35,700,243.00,"170,100.00"
2019-02-17,2019021701004245,BOKL,51,35,400,243.00,"97,200.00"
2019-02-17,2019021701004244,BOKL,51,19,100,243.00,"24,300.00"
2019-02-17,2019021701004243,BOKL,51,40,"1,500",243.00,"364,500.00"
2019-02-17,2019021701004241,BOKL,53,40,500,243.00,"121,500.00"
2019-02-17,2019021701004475,BPCL,56,20,10,345.00,"3,450.00"
2019-02-17,2019021701004341,BPCL,32,43,20,347.00,"6,940.00"
2019-02-17,2019021701004340,BPCL,32,43,20,347.00,"6,940.00"
2019-02-17,2019021701004339,BPCL,32,43,20,347.00,"6,940.00"
2019-02-17,2019021701004338,BPCL,32,25,20,346.00,"6,920.00"
2019-02-17,2019021701004314,BPCL,56,21,25,345.00,"8,625.00"
2019-02-17,2019021701004620,CBBL,47,6,116,873.00,"101,268.00"
2019-02-17,2019021701004619,CBBL,47,58,14,870.00,"12,180.00"
2019-02-17,2019021701004455,CBL,56,40,97,150.00,"14,550.00"
2019-02-17,2019021701004300,CBL,37,42,10,151.00,"1,510.00"
2019-02-17,2019021701004566,CCBL,40,59,410,159.00,"65,190.00"
2019-02-17,2019021701004501,CCBL,43,59,"1,000",159.00,"159,000.00"
2019-02-17,2019021701004486,CCBL,21,59,200,159.00,"31,800.00"
2019-02-17,2019021701004469,CCBL,1,40,46,158.00,"7,268.00"
2019-02-17,2019021701004468,CCBL,45,40,301,158.00,"47,558.00"
2019-02-17,2019021701004461,CCBL,45,25,209,158.00,"33,022.00"
2019-02-17,2019021701004419,CCBL,45,36,60,158.00,"9,480.00"
2019-02-17,2019021701004269,CCBL,45,49,30,158.00,"4,740.00"
2019-02-17,2019021701004268,CCBL,7,49,250,158.00,"39,500.00"
2019-02-17,2019021701004267,CCBL,36,49,64,158.00,"10,112.00"
2019-02-17,2019021701004631,CHCL,42,45,20,506.00,"10,120.00"
2019-02-17,2019021701004584,CIT,33,13,30,"2,508.00","75,240.00"
2019-02-17,2019021701004551,CIT,32,13,10,"2,508.00","25,080.00"
2019-02-17,2019021701004499,CIT,38,13,100,"2,508.00","250,800.00"
2019-02-17,2019021701004449,CIT,45,26,10,"2,505.00","25,050.00"
2019-02-17,2019021701004371,CIT,47,17,200,"2,507.00","501,400.00"
2019-02-17,2019021701004370,CIT,10,17,200,"2,508.00","501,600.00"
2019-02-17,2019021701004369,CIT,43,17,20,"2,509.00","50,180.00"
2019-02-17,2019021701004368,CIT,38,17,15,"2,510.00","37,650.00"
2019-02-17,2019021701004327,CIT,28,22,27,"2,509.00","67,743.00"
2019-02-17,2019021701004305,CIT,57,22,15,"2,510.00","37,650.00"
2019-02-17,2019021701004272,CLBSL,41,26,10,670.00,"6,700.00"
2019-02-17,2019021701004450,CZBIL,53,55,38,202.00,"7,676.00"
2019-02-17,2019021701004382,CZBIL,53,22,100,202.00,"20,200.00"
2019-02-17,2019021701004380,CZBIL,54,22,100,202.00,"20,200.00"
2019-02-17,2019021701004572,DBBL,39,25,49,123.00,"6,027.00"
2019-02-17,2019021701004544,DBBL,39,25,20,123.00,"2,460.00"
2019-02-17,2019021701004163,DBBL,58,29,18,125.00,"2,250.00"
2019-02-17,2019021701004465,DDBL,54,57,90,578.00,"52,020.00"
2019-02-17,2019021701004518,EBL,21,22,56,504.00,"28,224.00"
2019-02-17,2019021701004517,EBL,21,4,40,504.00,"20,160.00"
2019-02-17,2019021701004411,EBL,26,4,50,504.00,"25,200.00"
2019-02-17,2019021701004350,EBL,34,4,100,504.00,"50,400.00"
2019-02-17,2019021701004154,EBL,48,4,50,504.00,"25,200.00"
2019-02-17,2019021701004538,EDBL,29,25,20,290.00,"5,800.00"
2019-02-17,2019021701004250,FMDBL,6,35,100,360.00,"36,000.00"
2019-02-17,2019021701004181,FMDBL,6,34,100,360.00,"36,000.00"
2019-02-17,2019021701004645,FOWAD,47,11,123,"1,550.00","190,650.00"
2019-02-17,2019021701004644,FOWAD,47,17,13,"1,549.00","20,137.00"
2019-02-17,2019021701004643,FOWAD,47,17,13,"1,549.00","20,137.00"
2019-02-17,2019021701004642,FOWAD,47,17,13,"1,549.00","20,137.00"
2019-02-17,2019021701004641,FOWAD,47,17,13,"1,549.00","20,137.00"
2019-02-17,2019021701004640,FOWAD,47,41,75,"1,535.00","115,125.00"
2019-02-17,2019021701004404,GBBL,46,1,967,182.00,"175,994.00"
2019-02-17,2019021701004403,GBBL,19,1,269,182.00,"48,958.00"
2019-02-17,2019021701004330,GBBL,19,16,31,182.00,"5,642.00"
2019-02-17,2019021701004329,GBBL,46,16,50,182.00,"9,100.00"
2019-02-17,2019021701004254,GBBL,16,26,5,183.00,915.00
2019-02-17,2019021701004485,GBIME,38,55,377,261.00,"98,397.00"
2019-02-17,2019021701004484,GBIME,38,43,123,261.00,"32,103.00"
2019-02-17,2019021701004417,GBIME,17,58,68,260.00,"17,680.00"
2019-02-17,2019021701004367,GBIME,45,59,51,260.00,"13,260.00"
2019-02-17,2019021701004481,GBLBS,25,20,10,425.00,"4,250.00"
2019-02-17,2019021701004460,GBLBS,25,52,10,425.00,"4,250.00"
2019-02-17,2019021701004332,GBLBS,25,1,10,425.00,"4,250.00"
2019-02-17,2019021701004161,GBLBS,25,52,100,425.00,"42,500.00"
2019-02-17,2019021701004298,GDBL,40,40,35,180.00,"6,300.00"
2019-02-17,2019021701004315,GDBL,40,59,150,181.00,"27,150.00"
2019-02-17,2019021701004523,GDBL,46,22,223,181.00,"40,363.00"
2019-02-17,2019021701004522,GDBL,46,59,148,181.00,"26,788.00"
2019-02-17,2019021701004550,GDBL,46,13,629,181.00,"113,849.00"
2019-02-17,2019021701004420,GLICL,21,29,20,665.00,"13,300.00"
2019-02-17,2019021701004386,GLICL,33,29,20,665.00,"13,300.00"
2019-02-17,2019021701004256,GLICL,42,29,50,665.00,"33,250.00"
2019-02-17,2019021701004255,HBL,25,52,170,434.00,"73,780.00"
2019-02-17,2019021701004249,HBL,22,52,25,434.00,"10,850.00"
2019-02-17,2019021701004164,HBL,44,52,30,434.00,"13,020.00"
2019-02-17,2019021701004155,HBL,17,22,97,429.00,"41,613.00"
2019-02-17,2019021701004618,HDL,25,37,10,"1,305.00","13,050.00"
2019-02-17,2019021701004617,HDL,25,37,10,"1,306.00","13,060.00"
2019-02-17,2019021701004616,HDL,17,37,20,"1,306.00","26,120.00"
2019-02-17,2019021701004615,HDL,38,37,50,"1,307.00","65,350.00"
2019-02-17,2019021701004614,HDL,11,37,10,"1,308.00","13,080.00"
2019-02-17,2019021701004609,HIDCL,3,51,52,133.00,"6,916.00"
2019-02-17,2019021701004571,HIDCL,7,3,52,132.00,"6,864.00"
2019-02-17,2019021701004587,ICFC,1,58,10,147.00,"1,470.00"
2019-02-17,2019021701004494,IGI,40,22,30,396.00,"11,880.00"
2019-02-17,2019021701004493,IGI,59,22,152,398.00,"60,496.00"
2019-02-17,2019021701004497,IGI,49,22,38,394.00,"14,972.00"
2019-02-17,2019021701004496,IGI,25,22,50,395.00,"19,750.00"
2019-02-17,2019021701004495,IGI,40,22,30,396.00,"11,880.00"
2019-02-17,2019021701004601,JBBL,47,28,241,136.00,"32,776.00"
2019-02-17,2019021701004600,JBBL,47,22,100,136.00,"13,600.00"
2019-02-17,2019021701004599,JBBL,47,46,598,135.00,"80,730.00"
2019-02-17,2019021701004598,JBBL,47,28,61,135.00,"8,235.00"
2019-02-17,2019021701004428,JBBL,58,36,61,134.00,"8,174.00"
2019-02-17,2019021701004365,JBBL,58,22,15,134.00,"2,010.00"
2019-02-17,2019021701004364,JBBL,46,22,85,134.00,"11,390.00"
2019-02-17,2019021701004294,JBBL,35,28,100,135.00,"13,500.00"
2019-02-17,2019021701004277,JBBL,46,26,15,134.00,"2,010.00"
2019-02-17,2019021701004581,JBNL,45,18,533,163.00,"86,879.00"
2019-02-17,2019021701004580,JBNL,43,18,39,163.00,"6,357.00"
2019-02-17,2019021701004508,JBNL,38,33,500,164.00,"82,000.00"
2019-02-17,2019021701004271,JBNL,18,33,50,164.00,"8,200.00"
2019-02-17,2019021701004506,JFL,57,43,220,164.00,"36,080.00"
2019-02-17,2019021701004525,JSLBB,47,20,14,"2,378.00","33,292.00"
2019-02-17,2019021701004178,JSLBB,33,25,14,"2,400.00","33,600.00"
2019-02-17,2019021701004177,JSLBB,33,46,14,"2,400.00","33,600.00"
2019-02-17,2019021701004233,JSLBB,33,48,72,"2,400.00","172,800.00"
2019-02-17,2019021701004379,KBBL,46,32,200,210.00,"42,000.00"
2019-02-17,2019021701004378,KBBL,46,1,600,210.00,"126,000.00"
2019-02-17,2019021701004377,KBBL,46,1,200,209.00,"41,800.00"
2019-02-17,2019021701004432,KKHC,7,36,10,78.00,780.00
2019-02-17,2019021701004229,KMCDB,42,39,60,800.00,"48,000.00"
2019-02-17,2019021701004397,KRBL,48,42,28,96.00,"2,688.00"
2019-02-17,2019021701004406,KSBBL,1,29,75,133.00,"9,975.00"
2019-02-17,2019021701004405,KSBBL,48,29,200,133.00,"26,600.00"
2019-02-17,2019021701004331,KSBBL,57,57,110,134.00,"14,740.00"
2019-02-17,2019021701004320,KSBBL,56,26,20,133.00,"2,660.00"
2019-02-17,2019021701004622,LBBL,46,29,"1,000",171.00,"171,000.00"
2019-02-17,2019021701004474,LBBL,13,58,10,171.00,"1,710.00"
2019-02-17,2019021701004473,LBBL,13,17,360,171.00,"61,560.00"
2019-02-17,2019021701004472,LBBL,13,32,350,171.00,"59,850.00"
2019-02-17,2019021701004471,LBBL,13,44,289,171.00,"49,419.00"
2019-02-17,2019021701004470,LBBL,13,51,314,171.00,"53,694.00"
2019-02-17,2019021701004434,LBBL,45,36,16,170.00,"2,720.00"
2019-02-17,2019021701004535,LBL,55,8,90,186.00,"16,740.00"
2019-02-17,2019021701004534,LBL,22,8,500,187.00,"93,500.00"
2019-02-17,2019021701004533,LBL,5,8,250,187.00,"46,750.00"
2019-02-17,2019021701004532,LBL,34,8,33,187.00,"6,171.00"
2019-02-17,2019021701004531,LBL,1,8,100,187.00,"18,700.00"
2019-02-17,2019021701004296,LBL,42,16,473,188.00,"88,924.00"
2019-02-17,2019021701004295,LBL,42,58,27,188.00,"5,076.00"
2019-02-17,2019021701004451,LGIL,26,59,190,505.00,"95,950.00"
2019-02-17,2019021701004606,MBL,22,21,100,208.00,"20,800.00"
2019-02-17,2019021701004583,MBL,43,21,"1,000",208.00,"208,000.00"
2019-02-17,2019021701004504,MBL,38,59,174,209.00,"36,366.00"
2019-02-17,2019021701004503,MBL,38,43,226,209.00,"47,234.00"
2019-02-17,2019021701004502,MBL,38,11,100,209.00,"20,900.00"
2019-02-17,2019021701004160,MBL,38,59,150,208.00,"31,200.00"
2019-02-17,2019021701004198,MEGA,5,36,50,162.00,"8,100.00"
2019-02-17,2019021701004521,MERO,38,54,40,607.00,"24,280.00"
2019-02-17,2019021701004279,MERO,54,54,20,605.00,"12,100.00"
2019-02-17,2019021701004593,MLBL,22,40,200,162.00,"32,400.00"
2019-02-17,2019021701004433,MLBL,33,40,500,161.00,"80,500.00"
2019-02-17,2019021701004396,MLBL,33,40,300,161.00,"48,300.00"
2019-02-17,2019021701004344,MLBL,32,16,43,160.00,"6,880.00"
2019-02-17,2019021701004301,MLBL,32,22,55,160.00,"8,800.00"
2019-02-17,2019021701004197,MLBL,32,8,272,160.00,"43,520.00"
2019-02-17,2019021701004265,MMFDB,52,11,20,985.00,"19,700.00"
2019-02-17,2019021701004569,MNBBL,1,52,27,335.00,"9,045.00"
2019-02-17,2019021701004552,MNBBL,17,19,91,334.00,"30,394.00"
2019-02-17,2019021701004252,MSMBS,55,29,22,537.00,"11,814.00"
2019-02-17,2019021701004251,MSMBS,55,25,22,536.00,"11,792.00"
2019-02-17,2019021701004462,NABIL,7,6,50,812.00,"40,600.00"
2019-02-17,2019021701004204,NABIL,11,19,100,810.00,"81,000.00"
2019-02-17,2019021701004639,NADEP,29,20,10,750.00,"7,500.00"
2019-02-17,2019021701004582,NBB,38,11,500,183.00,"91,500.00"
2019-02-17,2019021701004343,NBB,5,22,72,182.00,"13,104.00"
2019-02-17,2019021701004219,NBB,38,22,192,182.00,"34,944.00"
2019-02-17,2019021701004218,NBB,38,53,300,182.00,"54,600.00"
2019-02-17,2019021701004524,NBL,6,38,200,284.00,"56,800.00"
2019-02-17,2019021701004388,NBL,53,38,81,285.00,"23,085.00"
2019-02-17,2019021701004361,NBL,6,29,200,284.00,"56,800.00"
2019-02-17,2019021701004207,NBL,5,38,50,285.00,"14,250.00"
2019-02-17,2019021701004186,NBL,6,51,50,284.00,"14,200.00"
2019-02-17,2019021701004589,NCCB,33,32,200,205.00,"41,000.00"
2019-02-17,2019021701004391,NCCB,48,32,100,205.00,"20,500.00"
2019-02-17,2019021701004555,NEF,29,29,338,8.08,"2,731.04"
2019-02-17,2019021701004353,NGPL,1,52,70,115.00,"8,050.00"
2019-02-17,2019021701004412,NHPC,5,7,200,63.00,"12,600.00"
2019-02-17,2019021701004387,NHPC,17,41,85,62.00,"5,270.00"
2019-02-17,2019021701004321,NHPC,42,41,165,62.00,"10,230.00"
2019-02-17,2019021701004613,NIB,19,41,153,506.00,"77,418.00"
2019-02-17,2019021701004612,NIB,21,41,10,506.00,"5,060.00"
2019-02-17,2019021701004611,NIB,14,41,20,506.00,"10,120.00"
2019-02-17,2019021701004610,NIB,50,41,17,507.00,"8,619.00"
2019-02-17,2019021701004590,NIB,50,18,21,507.00,"10,647.00"
2019-02-17,2019021701004435,NIB,50,26,12,507.00,"6,084.00"
2019-02-17,2019021701004414,NIB,6,55,300,508.00,"152,400.00"
2019-02-17,2019021701004413,NIB,37,55,10,508.00,"5,080.00"
2019-02-17,2019021701004342,NIB,29,29,4,500.00,"2,000.00"
2019-02-17,2019021701004262,NIBPO,32,44,200,465.00,"93,000.00"
2019-02-17,2019021701004261,NIBPO,32,44,210,465.00,"97,650.00"
2019-02-17,2019021701004260,NIBPO,47,44,100,466.00,"46,600.00"
2019-02-17,2019021701004567,NICA,46,33,200,385.00,"77,000.00"
2019-02-17,2019021701004548,NICA,21,33,100,385.00,"38,500.00"
2019-02-17,2019021701004392,NICA,34,33,200,385.00,"77,000.00"
2019-02-17,2019021701004336,NICA,36,22,200,384.00,"76,800.00"
2019-02-17,2019021701004266,NICA,36,34,65,384.00,"24,960.00"
2019-02-17,2019021701004239,NICA,36,8,173,384.00,"66,432.00"
2019-02-17,2019021701004184,NICA,38,8,127,384.00,"48,768.00"
2019-02-17,2019021701004319,NIL,33,1,98,508.00,"49,784.00"
2019-02-17,2019021701004217,NIL,10,45,47,509.00,"23,923.00"
2019-02-17,2019021701004648,NLBBL,28,6,100,469.00,"46,900.00"
2019-02-17,2019021701004588,NLBBL,46,29,158,460.00,"72,680.00"
2019-02-17,2019021701004575,NLBBL,19,29,100,461.00,"46,100.00"
2019-02-17,2019021701004384,NLBBL,7,6,12,470.00,"5,640.00"
2019-02-17,2019021701004337,NLBBL,7,58,88,468.00,"41,184.00"
2019-02-17,2019021701004650,NLIC,16,41,19,"1,003.00","19,057.00"
2019-02-17,2019021701004649,NLIC,42,41,50,"1,004.00","50,200.00"
2019-02-17,2019021701004348,NLIC,1,13,213,"1,002.00","213,426.00"
2019-02-17,2019021701004347,NLIC,56,13,37,"1,002.00","37,074.00"
2019-02-17,2019021701004346,NLIC,57,13,17,"1,003.00","17,051.00"
2019-02-17,2019021701004345,NLIC,26,13,33,"1,003.00","33,099.00"
2019-02-17,2019021701004158,NLIC,5,51,90,"1,005.00","90,450.00"
2019-02-17,2019021701004282,NLIC,42,39,25,"1,006.00","25,150.00"
2019-02-17,2019021701004248,NLIC,42,55,17,"1,006.00","17,102.00"
2019-02-17,2019021701004242,NLIC,16,26,5,"1,000.00","5,000.00"
2019-02-17,2019021701004235,NLIC,16,26,5,"1,000.00","5,000.00"
2019-02-17,2019021701004232,NLIC,16,26,5,"1,000.00","5,000.00"
2019-02-17,2019021701004188,NLIC,1,22,88,"1,004.00","88,352.00"
2019-02-17,2019021701004637,NLICL,54,41,60,619.00,"37,140.00"
2019-02-17,2019021701004636,NLICL,58,41,20,620.00,"12,400.00"
2019-02-17,2019021701004635,NLICL,35,41,20,620.00,"12,400.00"
2019-02-17,2019021701004634,NLICL,1,41,50,621.00,"31,050.00"
2019-02-17,2019021701004633,NLICL,26,41,50,623.00,"31,150.00"
2019-02-17,2019021701004326,NLICL,19,17,100,628.00,"62,800.00"
2019-02-17,2019021701004259,NLICL,42,17,50,628.00,"31,400.00"
2019-02-17,2019021701004626,NMB,14,41,145,307.00,"44,515.00"
2019-02-17,2019021701004625,NMB,49,41,200,307.00,"61,400.00"
2019-02-17,2019021701004624,NMB,19,41,50,307.00,"15,350.00"
2019-02-17,2019021701004623,NMB,6,41,250,307.00,"76,750.00"
2019-02-17,2019021701004564,NMB,47,54,400,308.00,"123,200.00"
2019-02-17,2019021701004423,NMB,34,58,30,308.00,"9,240.00"
2019-02-17,2019021701004422,NMB,34,38,100,308.00,"30,800.00"
2019-02-17,2019021701004421,NMB,34,38,872,308.00,"268,576.00"
2019-02-17,2019021701004395,NMB,53,38,328,308.00,"101,024.00"
2019-02-17,2019021701004356,NMB,53,38,50,308.00,"15,400.00"
2019-02-17,2019021701004359,NMBSF1,41,58,"25,000",10.25,"256,250.00"
2019-02-17,2019021701004560,NSEWA,14,29,10,550.00,"5,500.00"
2019-02-17,2019021701004418,NSEWA,44,44,10,555.00,"5,550.00"
2019-02-17,2019021701004174,NSEWA,42,36,10,550.00,"5,500.00"
2019-02-17,2019021701004556,NTC,22,22,50,688.00,"34,400.00"
2019-02-17,2019021701004542,NTC,22,22,200,688.00,"137,600.00"
2019-02-17,2019021701004541,NTC,11,22,15,688.00,"10,320.00"
2019-02-17,2019021701004554,NUBL,28,5,333,720.00,"239,760.00"
2019-02-17,2019021701004545,NUBL,11,33,20,715.00,"14,300.00"
2019-02-17,2019021701004621,PCBL,38,51,174,310.00,"53,940.00"
2019-02-17,2019021701004459,PCBL,13,51,50,310.00,"15,500.00"
2019-02-17,2019021701004399,PCBL,52,43,300,310.00,"93,000.00"
2019-02-17,2019021701004398,PCBL,34,43,22,310.00,"6,820.00"
2019-02-17,2019021701004354,PCBL,34,16,224,310.00,"69,440.00"
2019-02-17,2019021701004299,PCBL,34,26,12,310.00,"3,720.00"
2019-02-17,2019021701004376,PFL,29,29,1,126.00,126.00
2019-02-17,2019021701004183,PFL,29,29,1,126.00,126.00
2019-02-17,2019021701004591,PIC,45,57,11,"1,004.00","11,044.00"
2019-02-17,2019021701004512,PIC,43,43,1,"1,005.00","1,005.00"
2019-02-17,2019021701004488,PIC,45,20,11,"1,004.00","11,044.00"
2019-02-17,2019021701004458,PIC,54,32,11,"1,008.00","11,088.00"
2019-02-17,2019021701004457,PIC,54,32,11,"1,007.00","11,077.00"
2019-02-17,2019021701004355,PIC,35,1,11,"1,003.00","11,033.00"
2019-02-17,2019021701004212,PIC,29,29,11,"1,007.00","11,077.00"
2019-02-17,2019021701004270,PLIC,42,7,50,431.00,"21,550.00"
2019-02-17,2019021701004651,PMHPL,10,20,10,107.00,"1,070.00"
2019-02-17,2019021701004586,PMHPL,10,20,10,107.00,"1,070.00"
2019-02-17,2019021701004565,PMHPL,10,20,10,107.00,"1,070.00"
2019-02-17,2019021701004498,PMHPL,10,20,10,107.00,"1,070.00"
2019-02-17,2019021701004318,PMHPL,44,44,10,108.00,"1,080.00"
2019-02-17,2019021701004236,PMHPL,10,45,10,107.00,"1,070.00"
2019-02-17,2019021701004224,PRIN,37,22,240,407.00,"97,680.00"
2019-02-17,2019021701004223,PRIN,37,22,200,406.00,"81,200.00"
2019-02-17,2019021701004222,PRIN,37,1,30,406.00,"12,180.00"
2019-02-17,2019021701004638,PRVU,59,28,247,229.00,"56,563.00"
2019-02-17,2019021701004632,PRVU,32,28,40,229.00,"9,160.00"
2019-02-17,2019021701004627,PRVU,59,28,500,229.00,"114,500.00"
2019-02-17,2019021701004596,PRVU,56,28,200,229.00,"45,800.00"
2019-02-17,2019021701004574,PRVU,14,1,12,228.00,"2,736.00"
2019-02-17,2019021701004573,PRVU,48,1,288,228.00,"65,664.00"
2019-02-17,2019021701004215,PRVU,55,28,98,229.00,"22,442.00"
2019-02-17,2019021701004213,PRVU,55,45,402,229.00,"92,058.00"
2019-02-17,2019021701004208,PRVU,17,57,500,229.00,"114,500.00"
2019-02-17,2019021701004200,PRVU,17,59,80,229.00,"18,320.00"
2019-02-17,2019021701004199,PRVU,17,11,298,229.00,"68,242.00"
2019-02-17,2019021701004306,PRVU,39,40,28,228.00,"6,384.00"
2019-02-17,2019021701004297,PRVU,28,28,200,229.00,"45,800.00"
2019-02-17,2019021701004281,PRVU,10,28,500,229.00,"114,500.00"
2019-02-17,2019021701004240,PRVU,45,28,50,229.00,"11,450.00"
2019-02-17,2019021701004227,PRVU,13,28,25,229.00,"5,725.00"
2019-02-17,2019021701004360,PRVU,48,16,14,228.00,"3,192.00"
2019-02-17,2019021701004324,PRVU,48,4,190,228.00,"43,320.00"
2019-02-17,2019021701004323,PRVU,56,4,100,228.00,"22,800.00"
2019-02-17,2019021701004322,PRVU,42,4,500,228.00,"114,000.00"
2019-02-17,2019021701004309,PRVU,39,5,109,228.00,"24,852.00"
2019-02-17,2019021701004416,PRVU,50,25,100,229.00,"22,900.00"
2019-02-17,2019021701004409,PRVU,35,25,73,229.00,"16,717.00"
2019-02-17,2019021701004408,PRVU,35,42,20,229.00,"4,580.00"
2019-02-17,2019021701004407,PRVU,35,53,127,229.00,"29,083.00"
2019-02-17,2019021701004374,PRVU,34,53,273,229.00,"62,517.00"
2019-02-17,2019021701004373,PRVU,34,28,127,229.00,"29,083.00"
2019-02-17,2019021701004490,PRVU,43,35,"1,000",229.00,"229,000.00"
2019-02-17,2019021701004489,PRVU,45,25,30,229.00,"6,870.00"
2019-02-17,2019021701004487,PRVU,17,25,100,229.00,"22,900.00"
2019-02-17,2019021701004477,PRVU,48,35,23,228.00,"5,244.00"
2019-02-17,2019021701004466,PRVU,51,25,100,229.00,"22,900.00"
2019-02-17,2019021701004463,PRVU,38,25,500,229.00,"114,500.00"
2019-02-17,2019021701004546,PRVU,47,25,100,229.00,"22,900.00"
2019-02-17,2019021701004537,PRVU,26,25,50,229.00,"11,450.00"
2019-02-17,2019021701004526,PRVU,47,25,10,229.00,"2,290.00"
2019-02-17,2019021701004516,PRVU,56,25,100,229.00,"22,900.00"
2019-02-17,2019021701004563,PRVU,6,28,13,229.00,"2,977.00"
2019-02-17,2019021701004562,PRVU,6,25,37,229.00,"8,473.00"
2019-02-17,2019021701004558,PRVU,6,25,200,229.00,"45,800.00"
2019-02-17,2019021701004557,PRVU,10,25,500,229.00,"114,500.00"
2019-02-17,2019021701004553,PRVU,14,25,100,229.00,"22,900.00"
2019-02-17,2019021701004333,RADHI,44,44,1,150.00,150.00
2019-02-17,2019021701004372,RBCLPO,59,42,10,"8,600.00","86,000.00"
2019-02-17,2019021701004536,RHPC,38,32,13,92.00,"1,196.00"
2019-02-17,2019021701004492,RHPC,26,32,50,92.00,"4,600.00"
2019-02-17,2019021701004335,RMDC,47,14,20,528.00,"10,560.00"
2019-02-17,2019021701004334,RMDC,55,14,20,529.00,"10,580.00"
2019-02-17,2019021701004594,RRHP,16,20,10,97.00,970.00
2019-02-17,2019021701004539,RRHP,16,20,10,97.00,970.00
2019-02-17,2019021701004520,RRHP,16,39,10,97.00,970.00
2019-02-17,2019021701004509,RRHP,16,39,10,97.00,970.00
2019-02-17,2019021701004507,RRHP,16,20,10,97.00,970.00
2019-02-17,2019021701004500,RRHP,16,39,10,97.00,970.00
2019-02-17,2019021701004467,RRHP,16,52,10,97.00,970.00
2019-02-17,2019021701004578,RSDC,5,57,89,370.00,"32,930.00"
2019-02-17,2019021701004577,RSDC,47,57,15,371.00,"5,565.00"
2019-02-17,2019021701004579,SANIMA,47,57,250,295.00,"73,750.00"
2019-02-17,2019021701004464,SANIMA,17,57,100,295.00,"29,500.00"
2019-02-17,2019021701004383,SBL,34,36,600,276.00,"165,600.00"
2019-02-17,2019021701004366,SBL,53,45,50,277.00,"13,850.00"
2019-02-17,2019021701004170,SBL,34,17,91,276.00,"25,116.00"
2019-02-17,2019021701004483,SCB,5,49,80,534.00,"42,720.00"
2019-02-17,2019021701004482,SCB,56,49,10,534.00,"5,340.00"
2019-02-17,2019021701004478,SCB,56,49,40,534.00,"21,360.00"
2019-02-17,2019021701004358,SCB,17,59,60,535.00,"32,100.00"
2019-02-17,2019021701004357,SCB,17,19,410,535.00,"219,350.00"
2019-02-17,2019021701004152,SCB,1,19,10,535.00,"5,350.00"
2019-02-17,2019021701004454,SDESI,34,26,46,600.00,"27,600.00"
2019-02-17,2019021701004453,SDESI,34,17,27,600.00,"16,200.00"
2019-02-17,2019021701004452,SDESI,34,17,27,600.00,"16,200.00"
2019-02-17,2019021701004390,SDESI,14,26,23,600.00,"13,800.00"
2019-02-17,2019021701004389,SDESI,14,17,27,600.00,"16,200.00"
2019-02-17,2019021701004168,SEOS,41,8,"2,225",9.48,"21,093.00"
2019-02-17,2019021701004628,SICL,21,28,10,855.00,"8,550.00"
2019-02-17,2019021701004592,SICL,21,28,30,855.00,"25,650.00"
2019-02-17,2019021701004549,SICL,21,28,20,855.00,"17,100.00"
2019-02-17,2019021701004375,SIL,56,44,300,600.00,"180,000.00"
2019-02-17,2019021701004630,SKBBL,42,35,50,837.00,"41,850.00"
2019-02-17,2019021701004629,SKBBL,56,35,250,838.00,"209,500.00"
2019-02-17,2019021701004576,SKBBL,56,1,50,838.00,"41,900.00"
2019-02-17,2019021701004514,SLBBL,46,10,10,495.00,"4,950.00"
2019-02-17,2019021701004513,SLBBL,32,10,50,496.00,"24,800.00"
2019-02-17,2019021701004515,SLBBL,26,10,40,495.00,"19,800.00"
2019-02-17,2019021701004363,SLBS,44,44,1,"1,000.00","1,000.00"
2019-02-17,2019021701004527,SLBSL,58,28,10,790.00,"7,900.00"
2019-02-17,2019021701004456,SLBSL,58,57,10,790.00,"7,900.00"
2019-02-17,2019021701004302,SLBSL,1,55,10,787.00,"7,870.00"
2019-02-17,2019021701004169,SLBSL,7,36,10,785.00,"7,850.00"
2019-02-17,2019021701004401,SLBSL,43,34,10,785.00,"7,850.00"
2019-02-17,2019021701004430,SLBSL,58,54,10,790.00,"7,900.00"
2019-02-17,2019021701004429,SLBSL,58,17,10,790.00,"7,900.00"
2019-02-17,2019021701004427,SLBSL,55,55,10,784.00,"7,840.00"
2019-02-17,2019021701004426,SLBSL,57,55,10,784.00,"7,840.00"
2019-02-17,2019021701004425,SLBSL,22,55,10,784.00,"7,840.00"
2019-02-17,2019021701004424,SLBSL,43,55,10,785.00,"7,850.00"
2019-02-17,2019021701004448,SLICL,19,34,108,512.00,"55,296.00"
2019-02-17,2019021701004447,SLICL,19,34,100,511.00,"51,100.00"
2019-02-17,2019021701004446,SLICL,19,28,53,511.00,"27,083.00"
2019-02-17,2019021701004415,SLICL,48,26,22,510.00,"11,220.00"
2019-02-17,2019021701004275,SLICL,42,28,50,511.00,"25,550.00"
2019-02-17,2019021701004176,SLICL,42,28,97,511.00,"49,567.00"
2019-02-17,2019021701004175,SLICL,42,22,53,509.00,"26,977.00"
2019-02-17,2019021701004264,SMATA,32,44,12,"1,300.00","15,600.00"
2019-02-17,2019021701004263,SMATA,32,44,24,"1,300.00","31,200.00"
2019-02-17,2019021701004246,SPDL,16,20,10,88.00,880.00
2019-02-17,2019021701004511,SRBL,57,57,47,207.00,"9,729.00"
2019-02-17,2019021701004479,SRBL,38,43,112,206.00,"23,072.00"
2019-02-17,2019021701004328,SRBL,17,42,120,205.00,"24,600.00"
2019-02-17,2019021701004530,SWBBL,33,33,32,772.00,"24,704.00"
2019-02-17,2019021701004529,SWBBL,45,33,10,772.00,"7,720.00"
2019-02-17,2019021701004647,UPPER,49,17,30,225.00,"6,750.00"
2019-02-17,2019021701004646,UPPER,1,17,10,225.00,"2,250.00"
2019-02-17,2019021701004607,UPPER,1,20,40,225.00,"9,000.00"
2019-02-17,2019021701004597,UPPER,58,22,30,225.00,"6,750.00"
2019-02-17,2019021701004585,UPPER,58,17,40,225.00,"9,000.00"
2019-02-17,2019021701004570,UPPER,58,20,40,225.00,"9,000.00"
2019-02-17,2019021701004159,UPPER,10,7,50,225.00,"11,250.00"
2019-02-17,2019021701004157,UPPER,10,37,30,225.00,"6,750.00"
2019-02-17,2019021701004156,UPPER,34,37,10,225.00,"2,250.00"
2019-02-17,2019021701004153,UPPER,34,7,40,225.00,"9,000.00"
2019-02-17,2019021701004173,UPPER,10,25,"1,000",225.00,"225,000.00"
2019-02-17,2019021701004172,UPPER,10,7,40,225.00,"9,000.00"
2019-02-17,2019021701004171,UPPER,10,37,40,225.00,"9,000.00"
2019-02-17,2019021701004167,UPPER,10,53,50,225.00,"11,250.00"
2019-02-17,2019021701004165,UPPER,10,7,50,225.00,"11,250.00"
2019-02-17,2019021701004162,UPPER,10,7,40,225.00,"9,000.00"
2019-02-17,2019021701004189,UPPER,10,7,40,225.00,"9,000.00"
2019-02-17,2019021701004187,UPPER,10,7,40,225.00,"9,000.00"
2019-02-17,2019021701004185,UPPER,10,44,50,225.00,"11,250.00"
2019-02-17,2019021701004182,UPPER,10,43,200,225.00,"45,000.00"
2019-02-17,2019021701004180,UPPER,10,7,50,225.00,"11,250.00"
2019-02-17,2019021701004179,UPPER,10,53,40,225.00,"9,000.00"
2019-02-17,2019021701004195,UPPER,10,7,40,225.00,"9,000.00"
2019-02-17,2019021701004194,UPPER,10,7,50,225.00,"11,250.00"
2019-02-17,2019021701004193,UPPER,44,53,10,226.00,"2,260.00"
2019-02-17,2019021701004192,UPPER,10,7,40,225.00,"9,000.00"
2019-02-17,2019021701004191,UPPER,10,37,40,225.00,"9,000.00"
2019-02-17,2019021701004190,UPPER,10,53,40,225.00,"9,000.00"
2019-02-17,2019021701004209,UPPER,10,32,50,225.00,"11,250.00"
2019-02-17,2019021701004206,UPPER,10,7,40,225.00,"9,000.00"
2019-02-17,2019021701004205,UPPER,10,7,40,225.00,"9,000.00"
2019-02-17,2019021701004202,UPPER,10,37,40,225.00,"9,000.00"
2019-02-17,2019021701004201,UPPER,10,41,90,225.00,"20,250.00"
2019-02-17,2019021701004196,UPPER,10,53,40,225.00,"9,000.00"
2019-02-17,2019021701004221,UPPER,10,53,50,225.00,"11,250.00"
2019-02-17,2019021701004220,UPPER,10,7,40,225.00,"9,000.00"
2019-02-17,2019021701004216,UPPER,10,7,40,225.00,"9,000.00"
2019-02-17,2019021701004214,UPPER,10,53,50,225.00,"11,250.00"
2019-02-17,2019021701004211,UPPER,10,7,50,225.00,"11,250.00"
2019-02-17,2019021701004210,UPPER,10,7,40,225.00,"9,000.00"
2019-02-17,2019021701004237,UPPER,10,7,40,225.00,"9,000.00"
2019-02-17,2019021701004234,UPPER,10,7,50,225.00,"11,250.00"
2019-02-17,2019021701004231,UPPER,10,7,50,225.00,"11,250.00"
2019-02-17,2019021701004228,UPPER,34,53,50,226.00,"11,300.00"
2019-02-17,2019021701004226,UPPER,10,7,40,225.00,"9,000.00"
2019-02-17,2019021701004225,UPPER,10,7,50,225.00,"11,250.00"
2019-02-17,2019021701004278,UPPER,10,53,50,225.00,"11,250.00"
2019-02-17,2019021701004274,UPPER,10,53,40,225.00,"9,000.00"
2019-02-17,2019021701004273,UPPER,10,42,50,225.00,"11,250.00"
2019-02-17,2019021701004257,UPPER,10,42,50,225.00,"11,250.00"
2019-02-17,2019021701004247,UPPER,10,7,50,225.00,"11,250.00"
2019-02-17,2019021701004238,UPPER,10,7,40,225.00,"9,000.00"
2019-02-17,2019021701004293,UPPER,42,56,40,225.00,"9,000.00"
2019-02-17,2019021701004292,UPPER,42,53,50,225.00,"11,250.00"
2019-02-17,2019021701004286,UPPER,42,42,100,225.00,"22,500.00"
2019-02-17,2019021701004285,UPPER,10,42,900,225.00,"202,500.00"
2019-02-17,2019021701004283,UPPER,10,53,40,225.00,"9,000.00"
2019-02-17,2019021701004280,UPPER,10,45,50,225.00,"11,250.00"
2019-02-17,2019021701004313,UPPER,58,3,10,225.00,"2,250.00"
2019-02-17,2019021701004312,UPPER,46,3,40,225.00,"9,000.00"
2019-02-17,2019021701004311,UPPER,58,53,40,226.00,"9,040.00"
2019-02-17,2019021701004310,UPPER,46,53,40,225.00,"9,000.00"
2019-02-17,2019021701004304,UPPER,46,53,30,225.00,"6,750.00"
2019-02-17,2019021701004303,UPPER,42,53,10,225.00,"2,250.00"
2019-02-17,2019021701004394,UPPER,58,53,40,226.00,"9,040.00"
2019-02-17,2019021701004385,UPPER,44,53,40,226.00,"9,040.00"
2019-02-17,2019021701004381,UPPER,58,44,40,225.00,"9,000.00"
2019-02-17,2019021701004362,UPPER,58,26,40,225.00,"9,000.00"
2019-02-17,2019021701004317,UPPER,58,3,50,225.00,"11,250.00"
2019-02-17,2019021701004316,UPPER,58,52,50,225.00,"11,250.00"
2019-02-17,2019021701004438,UPPER,22,7,50,226.00,"11,300.00"
2019-02-17,2019021701004437,UPPER,22,29,50,226.00,"11,300.00"
2019-02-17,2019021701004436,UPPER,22,53,111,226.00,"25,086.00"
2019-02-17,2019021701004431,UPPER,58,44,50,225.00,"11,250.00"
2019-02-17,2019021701004410,UPPER,58,34,40,225.00,"9,000.00"
2019-02-17,2019021701004402,UPPER,57,53,50,226.00,"11,300.00"
2019-02-17,2019021701004444,UPPER,22,51,59,226.00,"13,334.00"
2019-02-17,2019021701004443,UPPER,22,19,40,226.00,"9,040.00"
2019-02-17,2019021701004442,UPPER,22,17,40,226.00,"9,040.00"
2019-02-17,2019021701004441,UPPER,22,17,50,226.00,"11,300.00"
2019-02-17,2019021701004440,UPPER,22,42,50,226.00,"11,300.00"
2019-02-17,2019021701004439,UPPER,22,35,50,226.00,"11,300.00"
2019-02-17,2019021701004491,UPPER,58,29,293,225.00,"65,925.00"
2019-02-17,2019021701004480,UPPER,58,39,40,225.00,"9,000.00"
2019-02-17,2019021701004476,UPPER,44,22,30,226.00,"6,780.00"
2019-02-17,2019021701004445,UPPER,44,51,12,226.00,"2,712.00"
2019-02-17,2019021701004510,UPPER,58,58,50,225.00,"11,250.00"
2019-02-17,2019021701004568,UPPER,58,4,50,225.00,"11,250.00"
2019-02-17,2019021701004559,UPPER,58,28,40,225.00,"9,000.00"
2019-02-17,2019021701004547,UPPER,58,20,50,225.00,"11,250.00"
2019-02-17,2019021701004543,UPPER,58,58,40,225.00,"9,000.00"
2019-02-17,2019021701004528,UPPER,58,58,40,225.00,"9,000.00"
2019-02-17,2019021701004561,WOMI,58,38,34,"1,110.00","37,740.00"
2019-02-17,2019021701003774,ADBL,39,28,500,330.00,"165,000.00"
2019-02-17,2019021701003773,ADBL,39,55,72,330.00,"23,760.00"
2019-02-17,2019021701003772,ADBL,39,50,500,330.00,"165,000.00"
2019-02-17,2019021701003978,AHPC,6,37,80,99.00,"7,920.00"
2019-02-17,2019021701003775,AKJCL,39,39,20,81.00,"1,620.00"
2019-02-17,2019021701003729,AKJCL,39,39,20,81.00,"1,620.00"
2019-02-17,2019021701003686,AKJCL,39,39,10,81.00,810.00
2019-02-17,2019021701003680,AKJCL,6,43,20,80.00,"1,600.00"
2019-02-17,2019021701003669,AKJCL,39,39,10,81.00,810.00
2019-02-17,2019021701003817,API,37,39,100,126.00,"12,600.00"
2019-02-17,2019021701003793,API,16,49,10,125.00,"1,250.00"
2019-02-17,2019021701003791,API,16,49,10,125.00,"1,250.00"
2019-02-17,2019021701003787,API,16,49,10,125.00,"1,250.00"
2019-02-17,2019021701003778,API,16,49,10,125.00,"1,250.00"
2019-02-17,2019021701004037,BOKL,17,38,100,242.00,"24,200.00"
2019-02-17,2019021701003991,BOKL,51,44,60,240.00,"14,400.00"
2019-02-17,2019021701003975,BOKL,45,51,100,241.00,"24,100.00"
2019-02-17,2019021701003871,BOKL,42,51,100,241.00,"24,100.00"
2019-02-17,2019021701003841,BOKL,51,4,300,240.00,"72,000.00"
2019-02-17,2019021701004023,CBBL,6,57,310,870.00,"269,700.00"
2019-02-17,2019021701003996,CBBL,33,35,100,868.00,"86,800.00"
2019-02-17,2019021701003995,CBBL,33,6,400,868.00,"347,200.00"
2019-02-17,2019021701003927,CBBL,33,17,46,867.00,"39,882.00"
2019-02-17,2019021701004048,CBL,56,58,10,150.00,"1,500.00"
2019-02-17,2019021701003959,CBL,56,22,111,150.00,"16,650.00"
2019-02-17,2019021701003748,CBL,32,32,58,150.00,"8,700.00"
2019-02-17,2019021701003720,CBL,44,8,856,150.00,"128,400.00"
2019-02-17,2019021701003719,CBL,44,19,"1,199",150.00,"179,850.00"
2019-02-17,2019021701004076,CCBL,25,59,10,159.00,"1,590.00"
2019-02-17,2019021701004074,CCBL,36,58,87,158.00,"13,746.00"
2019-02-17,2019021701003986,CCBL,36,32,150,158.00,"23,700.00"
2019-02-17,2019021701003952,CCBL,11,59,50,159.00,"7,950.00"
2019-02-17,2019021701003934,CCBL,36,22,199,158.00,"31,442.00"
2019-02-17,2019021701003933,CCBL,22,22,77,158.00,"12,166.00"
2019-02-17,2019021701003789,CCBL,22,32,23,158.00,"3,634.00"
2019-02-17,2019021701003732,CCBL,44,38,50,159.00,"7,950.00"
2019-02-17,2019021701003731,CCBL,44,22,158,159.00,"25,122.00"
2019-02-17,2019021701003730,CCBL,44,42,803,159.00,"127,677.00"
2019-02-17,2019021701003993,CHCL,1,37,138,504.00,"69,552.00"
2019-02-17,2019021701003864,CHCL,33,54,500,505.00,"252,500.00"
2019-02-17,2019021701003795,CHCL,16,54,500,505.00,"252,500.00"
2019-02-17,2019021701003761,CHL,29,29,10,101.00,"1,010.00"
2019-02-17,2019021701004122,CIT,26,13,20,"2,510.00","50,200.00"
2019-02-17,2019021701004072,CIT,8,35,97,"2,509.00","243,373.00"
2019-02-17,2019021701003972,CIT,44,49,10,"2,509.00","25,090.00"
2019-02-17,2019021701003971,CIT,22,49,50,"2,510.00","125,500.00"
2019-02-17,2019021701003970,CIT,33,49,70,"2,510.00","175,700.00"
2019-02-17,2019021701003735,CIT,33,11,10,"2,510.00","25,100.00"
2019-02-17,2019021701003734,CIT,56,11,15,"2,515.00","37,725.00"
2019-02-17,2019021701003982,CZBIL,17,29,271,201.00,"54,471.00"
2019-02-17,2019021701003969,CZBIL,17,29,49,201.00,"9,849.00"
2019-02-17,2019021701003968,CZBIL,33,29,67,202.00,"13,534.00"
2019-02-17,2019021701003929,CZBIL,33,59,313,202.00,"63,226.00"
2019-02-17,2019021701003831,CZBIL,17,47,600,201.00,"120,600.00"
2019-02-17,2019021701003822,CZBIL,17,47,"1,063",201.00,"213,663.00"
2019-02-17,2019021701003821,CZBIL,25,47,500,201.00,"100,500.00"
2019-02-17,2019021701003820,CZBIL,55,47,100,201.00,"20,100.00"
2019-02-17,2019021701003819,CZBIL,58,47,100,201.00,"20,100.00"
2019-02-17,2019021701003818,CZBIL,42,47,237,201.00,"47,637.00"
2019-02-17,2019021701003670,CZBIL,29,29,10,202.00,"2,020.00"
2019-02-17,2019021701004132,DBBL,56,35,16,123.00,"1,968.00"
2019-02-17,2019021701004107,DBBL,22,35,100,123.00,"12,300.00"
2019-02-17,2019021701004045,DBBL,5,35,226,123.00,"27,798.00"
2019-02-17,2019021701004099,DDBL,44,22,100,567.00,"56,700.00"
2019-02-17,2019021701004119,EBL,52,4,10,504.00,"5,040.00"
2019-02-17,2019021701003848,EBL,29,4,50,504.00,"25,200.00"
2019-02-17,2019021701003760,EBL,19,41,72,505.00,"36,360.00"
2019-02-17,2019021701003759,EBL,19,55,128,505.00,"64,640.00"
2019-02-17,2019021701004082,EDBL,48,21,25,290.00,"7,250.00"
2019-02-17,2019021701003956,EDBL,58,35,831,285.00,"236,835.00"
2019-02-17,2019021701004055,EIC,29,28,10,785.00,"7,850.00"
2019-02-17,2019021701004054,EIC,39,28,20,790.00,"15,800.00"
2019-02-17,2019021701003711,EIC,49,49,50,791.00,"39,550.00"
2019-02-17,2019021701003710,EIC,57,49,50,792.00,"39,600.00"
2019-02-17,2019021701003695,FMDBL,42,25,39,360.00,"14,040.00"
2019-02-17,2019021701004109,GBBL,59,58,25,183.00,"4,575.00"
2019-02-17,2019021701004108,GBBL,44,58,232,183.00,"42,456.00"
2019-02-17,2019021701003779,GBBL,44,53,50,183.00,"9,150.00"
2019-02-17,2019021701003867,GBLBS,32,45,40,425.00,"17,000.00"
2019-02-17,2019021701003768,GBLBS,1,29,10,424.00,"4,240.00"
2019-02-17,2019021701003992,GLICL,11,29,20,665.00,"13,300.00"
2019-02-17,2019021701004098,HBL,25,41,50,430.00,"21,500.00"
2019-02-17,2019021701003921,HBL,33,54,134,426.00,"57,084.00"
2019-02-17,2019021701003833,HBL,51,54,50,426.00,"21,300.00"
2019-02-17,2019021701003832,HBL,51,54,200,426.00,"85,200.00"
2019-02-17,2019021701003904,HIDCL,45,51,14,133.00,"1,862.00"
2019-02-17,2019021701003858,HPPL,10,25,20,170.00,"3,400.00"
2019-02-17,2019021701003902,IGI,22,14,100,399.00,"39,900.00"
2019-02-17,2019021701003901,IGI,39,14,50,400.00,"20,000.00"
2019-02-17,2019021701003903,IGI,59,14,250,398.00,"99,500.00"
2019-02-17,2019021701004019,JBNL,43,35,61,163.00,"9,943.00"
2019-02-17,2019021701003942,JBNL,59,33,60,164.00,"9,840.00"
2019-02-17,2019021701003863,JBNL,42,33,100,164.00,"16,400.00"
2019-02-17,2019021701003704,JBNL,41,33,696,163.00,"113,448.00"
2019-02-17,2019021701003987,JSLBB,33,54,100,"2,377.00","237,700.00"
2019-02-17,2019021701003676,JSLBB,21,21,2,"2,374.00","4,748.00"
2019-02-17,2019021701004121,KADBL,38,38,10,150.00,"1,500.00"
2019-02-17,2019021701003718,KBBL,36,32,178,206.00,"36,668.00"
2019-02-17,2019021701003717,KBBL,45,32,443,206.00,"91,258.00"
2019-02-17,2019021701004118,KBL,5,28,500,230.00,"115,000.00"
2019-02-17,2019021701004039,KBL,5,58,10,230.00,"2,300.00"
2019-02-17,2019021701003961,KBL,11,42,50,231.00,"11,550.00"
2019-02-17,2019021701003826,KBL,5,10,370,230.00,"85,100.00"
2019-02-17,2019021701003825,KBL,52,10,130,230.00,"29,900.00"
2019-02-17,2019021701003677,KBL,52,52,870,230.00,"200,100.00"
2019-02-17,2019021701004141,KMCDB,10,37,60,800.00,"48,000.00"
2019-02-17,2019021701004120,KMCDB,8,37,30,800.00,"24,000.00"
2019-02-17,2019021701003973,KNBL,43,32,300,121.00,"36,300.00"
2019-02-17,2019021701003658,KPCL,39,39,10,90.00,900.00
2019-02-17,2019021701003705,KPCL,39,39,10,90.00,900.00
2019-02-17,2019021701003675,KPCL,14,43,10,89.00,890.00
2019-02-17,2019021701003668,KPCL,13,43,10,90.00,900.00
2019-02-17,2019021701003788,KPCL,39,39,10,90.00,900.00
2019-02-17,2019021701003755,KPCL,39,39,10,90.00,900.00
2019-02-17,2019021701004078,KPCL,36,49,10,91.00,910.00
2019-02-17,2019021701004077,KPCL,36,49,10,91.00,910.00
2019-02-17,2019021701004088,KPCL,36,39,10,92.00,920.00
2019-02-17,2019021701004087,KPCL,36,38,50,92.00,"4,600.00"
2019-02-17,2019021701004080,KPCL,36,49,10,91.00,910.00
2019-02-17,2019021701004079,KPCL,36,49,10,91.00,910.00
2019-02-17,2019021701004117,KSBBL,56,53,77,133.00,"10,241.00"
2019-02-17,2019021701004116,KSBBL,14,53,24,133.00,"3,192.00"
2019-02-17,2019021701003895,LBBL,45,22,300,170.00,"51,000.00"
2019-02-17,2019021701004097,LBL,37,16,300,187.00,"56,100.00"
2019-02-17,2019021701004096,LBL,21,16,200,187.00,"37,400.00"
2019-02-17,2019021701004095,LBL,7,16,569,187.00,"106,403.00"
2019-02-17,2019021701004094,LBL,40,16,200,187.00,"37,400.00"
2019-02-17,2019021701003999,LBL,32,58,273,188.00,"51,324.00"
2019-02-17,2019021701003814,LBL,32,32,10,188.00,"1,880.00"
2019-02-17,2019021701003723,LBL,14,33,50,188.00,"9,400.00"
2019-02-17,2019021701003722,LBL,45,33,200,188.00,"37,600.00"
2019-02-17,2019021701003721,LBL,55,33,14,188.00,"2,632.00"
2019-02-17,2019021701003810,LBL,32,33,217,188.00,"40,796.00"
2019-02-17,2019021701003786,LBL,1,33,300,188.00,"56,400.00"
2019-02-17,2019021701003762,LBL,54,33,200,188.00,"37,600.00"
2019-02-17,2019021701003726,LBL,56,33,800,188.00,"150,400.00"
2019-02-17,2019021701003725,LBL,56,33,200,188.00,"37,600.00"
2019-02-17,2019021701003724,LBL,56,33,100,188.00,"18,800.00"
2019-02-17,2019021701004125,LGIL,45,34,50,502.00,"25,100.00"
2019-02-17,2019021701003926,LGIL,45,32,44,501.00,"22,044.00"
2019-02-17,2019021701003874,LGIL,45,37,85,501.00,"42,585.00"
2019-02-17,2019021701003808,LICN,35,7,20,"1,590.00","31,800.00"
2019-02-17,2019021701003751,LICN,33,7,100,"1,590.00","159,000.00"
2019-02-17,2019021701004143,LLBS,52,48,10,760.00,"7,600.00"
2019-02-17,2019021701003964,LLBS,37,25,20,747.00,"14,940.00"
2019-02-17,2019021701003963,LLBS,50,25,26,748.00,"19,448.00"
2019-02-17,2019021701003666,LLBS,21,21,1,735.00,735.00
2019-02-17,2019021701003876,LVF1,13,32,"4,000",9.12,"36,480.00"
2019-02-17,2019021701003869,LVF1,8,32,"1,000",9.15,"9,150.00"
2019-02-17,2019021701004004,MBL,38,58,50,208.00,"10,400.00"
2019-02-17,2019021701004003,MBL,38,58,200,208.00,"41,600.00"
2019-02-17,2019021701003924,MEGA,57,36,100,162.00,"16,200.00"
2019-02-17,2019021701003855,MEGA,42,36,56,162.00,"9,072.00"
2019-02-17,2019021701003854,MEGA,42,11,44,162.00,"7,128.00"
2019-02-17,2019021701003839,MEGA,41,41,13,161.00,"2,093.00"
2019-02-17,2019021701003824,MEGA,5,32,194,160.00,"31,040.00"
2019-02-17,2019021701003803,MEGA,5,32,18,160.00,"2,880.00"
2019-02-17,2019021701003780,MEGA,56,32,20,160.00,"3,200.00"
2019-02-17,2019021701003707,MERO,36,49,83,602.00,"49,966.00"
2019-02-17,2019021701003706,MERO,26,49,33,605.00,"19,965.00"
2019-02-17,2019021701004044,MLBL,46,40,"1,000",160.00,"160,000.00"
2019-02-17,2019021701004043,MLBL,48,40,100,160.00,"16,000.00"
2019-02-17,2019021701004042,MLBL,28,40,200,160.00,"32,000.00"
2019-02-17,2019021701004041,MLBL,36,40,500,160.00,"80,000.00"
2019-02-17,2019021701004040,MLBL,32,40,125,160.00,"20,000.00"
2019-02-17,2019021701003853,MLBL,32,32,375,160.00,"60,000.00"
2019-02-17,2019021701003852,MLBL,29,32,100,160.00,"16,000.00"
2019-02-17,2019021701003851,MMFDB,49,43,10,991.00,"9,910.00"
2019-02-17,2019021701004015,MNBBL,49,25,52,334.00,"17,368.00"
2019-02-17,2019021701003994,MNBBL,49,44,10,334.00,"3,340.00"
2019-02-17,2019021701003948,MNBBL,49,57,128,334.00,"42,752.00"
2019-02-17,2019021701003827,MNBBL,53,59,86,335.00,"28,810.00"
2019-02-17,2019021701003784,MNBBL,59,59,25,335.00,"8,375.00"
2019-02-17,2019021701004150,NABIL,6,54,35,809.00,"28,315.00"
2019-02-17,2019021701003923,NABIL,44,19,350,809.00,"283,150.00"
2019-02-17,2019021701003830,NABIL,38,17,29,808.00,"23,432.00"
2019-02-17,2019021701003829,NABIL,16,17,100,809.00,"80,900.00"
2019-02-17,2019021701003828,NABIL,14,17,71,810.00,"57,510.00"
2019-02-17,2019021701003765,NABIL,14,19,29,810.00,"23,490.00"
2019-02-17,2019021701003764,NABIL,45,19,50,810.00,"40,500.00"
2019-02-17,2019021701003763,NABIL,29,19,30,811.00,"24,330.00"
2019-02-17,2019021701004075,NADEP,35,49,10,750.00,"7,500.00"
2019-02-17,2019021701003981,NADEP,44,44,10,755.00,"7,550.00"
2019-02-17,2019021701004144,NBB,49,53,100,182.00,"18,200.00"
2019-02-17,2019021701003980,NBB,29,35,68,181.00,"12,308.00"
2019-02-17,2019021701003859,NBB,42,53,100,182.00,"18,200.00"
2019-02-17,2019021701003679,NBB,29,29,132,181.00,"23,892.00"
2019-02-17,2019021701003678,NBB,54,29,28,181.00,"5,068.00"
2019-02-17,2019021701003882,NBL,19,38,100,285.00,"28,500.00"
2019-02-17,2019021701004029,NCCB,11,32,100,205.00,"20,500.00"
2019-02-17,2019021701004014,NCCB,11,32,100,205.00,"20,500.00"
2019-02-17,2019021701004011,NCCB,33,35,15,204.00,"3,060.00"
2019-02-17,2019021701004010,NCCB,19,35,50,204.00,"10,200.00"
2019-02-17,2019021701003944,NCCB,56,52,107,204.00,"21,828.00"
2019-02-17,2019021701003835,NCCB,55,28,250,204.00,"51,000.00"
2019-02-17,2019021701003823,NCCB,17,58,302,203.00,"61,306.00"
2019-02-17,2019021701003674,NEF,57,29,241,8.00,"1,928.00"
2019-02-17,2019021701004000,NGPL,1,25,11,115.00,"1,265.00"
2019-02-17,2019021701003673,NGPL,50,53,33,116.00,"3,828.00"
2019-02-17,2019021701003905,NHPC,17,32,150,61.00,"9,150.00"
2019-02-17,2019021701003893,NHPC,13,41,100,62.00,"6,200.00"
2019-02-17,2019021701003690,NHPC,13,59,200,62.00,"12,400.00"
2019-02-17,2019021701003689,NHPC,34,59,800,62.00,"49,600.00"
2019-02-17,2019021701003655,NHPC,34,34,200,62.00,"12,400.00"
2019-02-17,2019021701003983,NIB,17,17,5,507.00,"2,535.00"
2019-02-17,2019021701003976,NIB,1,55,30,508.00,"15,240.00"
2019-02-17,2019021701003937,NIB,49,55,20,508.00,"10,160.00"
2019-02-17,2019021701003922,NIB,11,55,45,508.00,"22,860.00"
2019-02-17,2019021701003900,NIB,25,44,100,506.00,"50,600.00"
2019-02-17,2019021701003899,NIB,38,44,40,506.00,"20,240.00"
2019-02-17,2019021701003898,NIB,14,44,200,506.00,"101,200.00"
2019-02-17,2019021701003897,NIB,13,44,60,506.00,"30,360.00"
2019-02-17,2019021701003896,NIB,39,44,100,506.00,"50,600.00"
2019-02-17,2019021701003796,NIB,35,35,37,508.00,"18,796.00"
2019-02-17,2019021701003781,NIB,21,49,37,506.00,"18,722.00"
2019-02-17,2019021701003685,NIB,29,29,14,508.00,"7,112.00"
2019-02-17,2019021701004089,NICA,38,33,373,384.00,"143,232.00"
2019-02-17,2019021701003984,NICA,44,33,20,384.00,"7,680.00"
2019-02-17,2019021701003917,NICA,14,43,500,383.00,"191,500.00"
2019-02-17,2019021701003916,NICA,11,43,10,383.00,"3,830.00"
2019-02-17,2019021701003915,NICA,19,43,200,383.00,"76,600.00"
2019-02-17,2019021701003914,NICA,45,43,"1,585",383.00,"607,055.00"
2019-02-17,2019021701003662,NICA,45,46,60,383.00,"22,980.00"
2019-02-17,2019021701003661,NICA,45,51,10,383.00,"3,830.00"
2019-02-17,2019021701003850,NICA,45,32,32,383.00,"12,256.00"
2019-02-17,2019021701003767,NICA,42,33,500,384.00,"192,000.00"
2019-02-17,2019021701003738,NICA,49,33,107,384.00,"41,088.00"
2019-02-17,2019021701003737,NICA,49,37,80,384.00,"30,720.00"
2019-02-17,2019021701003736,NICA,49,33,13,384.00,"4,992.00"
2019-02-17,2019021701003682,NICA,7,33,100,384.00,"38,400.00"
2019-02-17,2019021701003672,NICGF,38,56,200,8.56,"1,712.00"
2019-02-17,2019021701004084,NICL,49,35,122,363.00,"44,286.00"
2019-02-17,2019021701004083,NICL,44,35,215,363.00,"78,045.00"
2019-02-17,2019021701003955,NICL,44,14,185,363.00,"67,155.00"
2019-02-17,2019021701003954,NICL,3,14,85,363.00,"30,855.00"
2019-02-17,2019021701003953,NICL,42,14,30,365.00,"10,950.00"
2019-02-17,2019021701003684,NICL,3,32,15,363.00,"5,445.00"
2019-02-17,2019021701003683,NICL,29,32,185,363.00,"67,155.00"
2019-02-17,2019021701003681,NICL,29,5,100,363.00,"36,300.00"
2019-02-17,2019021701003932,NIL,56,14,200,506.00,"101,200.00"
2019-02-17,2019021701003931,NIL,35,14,294,506.00,"148,764.00"
2019-02-17,2019021701004031,NLBBL,46,35,42,460.00,"19,320.00"
2019-02-17,2019021701003870,NLBBL,55,6,166,460.00,"76,360.00"
2019-02-17,2019021701003798,NLBBL,44,6,75,460.00,"34,500.00"
2019-02-17,2019021701004006,NLIC,11,51,10,"1,005.00","10,050.00"
2019-02-17,2019021701003988,NLIC,17,17,5,"1,003.00","5,015.00"
2019-02-17,2019021701003906,NLIC,26,55,17,"1,003.00","17,051.00"
2019-02-17,2019021701003744,NLIC,35,35,17,"1,004.00","17,068.00"
2019-02-17,2019021701003665,NLIC,56,29,24,"1,002.00","24,048.00"
2019-02-17,2019021701004002,NLICL,19,59,60,625.00,"37,500.00"
2019-02-17,2019021701004131,NMB,6,54,250,307.00,"76,750.00"
2019-02-17,2019021701004130,NMB,1,54,100,307.00,"30,700.00"
2019-02-17,2019021701004129,NMB,34,54,200,307.00,"61,400.00"
2019-02-17,2019021701004128,NMB,6,54,300,307.00,"92,100.00"
2019-02-17,2019021701004127,NMB,47,54,50,307.00,"15,350.00"
2019-02-17,2019021701004126,NMB,47,54,100,307.00,"30,700.00"
2019-02-17,2019021701003777,NMB,57,29,10,307.00,"3,070.00"
2019-02-17,2019021701003697,NMB,57,29,11,307.00,"3,377.00"
2019-02-17,2019021701004053,NMB,29,29,1,301.00,301.00
2019-02-17,2019021701003880,NMB,47,55,400,307.00,"122,800.00"
2019-02-17,2019021701003879,NMB,49,55,100,307.00,"30,700.00"
2019-02-17,2019021701003806,NMB,49,28,100,307.00,"30,700.00"
2019-02-17,2019021701003805,NMB,42,28,50,307.00,"15,350.00"
2019-02-17,2019021701003804,NMB,57,28,100,307.00,"30,700.00"
2019-02-17,2019021701004110,NMFBS,29,29,2,"1,600.00","3,200.00"
2019-02-17,2019021701003943,NSEWA,45,28,10,551.00,"5,510.00"
2019-02-17,2019021701003930,NSEWA,45,28,10,551.00,"5,510.00"
2019-02-17,2019021701003913,NSEWA,45,45,10,551.00,"5,510.00"
2019-02-17,2019021701003878,NSEWA,47,45,45,552.00,"24,840.00"
2019-02-17,2019021701004064,NUBL,22,22,150,714.00,"107,100.00"
2019-02-17,2019021701003989,NUBL,22,58,27,715.00,"19,305.00"
2019-02-17,2019021701003836,NUBL,26,1,20,714.00,"14,280.00"
2019-02-17,2019021701004085,PCBL,34,45,742,310.00,"230,020.00"
2019-02-17,2019021701003977,PCBL,11,45,50,310.00,"15,500.00"
2019-02-17,2019021701003889,PCBL,42,44,100,309.00,"30,900.00"
2019-02-17,2019021701003888,PCBL,32,44,300,309.00,"92,700.00"
2019-02-17,2019021701003887,PCBL,45,44,200,309.00,"61,800.00"
2019-02-17,2019021701003886,PCBL,26,44,177,309.00,"54,693.00"
2019-02-17,2019021701003659,PCBL,45,58,145,309.00,"44,805.00"
2019-02-17,2019021701003885,PCBL,7,44,19,309.00,"5,871.00"
2019-02-17,2019021701003877,PCBL,11,45,50,310.00,"15,500.00"
2019-02-17,2019021701003834,PCBL,7,32,57,309.00,"17,613.00"
2019-02-17,2019021701003742,PCBL,7,1,11,309.00,"3,399.00"
2019-02-17,2019021701003664,PCBL,58,45,158,310.00,"48,980.00"
2019-02-17,2019021701003660,PCBL,7,58,13,309.00,"4,017.00"
2019-02-17,2019021701004068,PFL,29,29,1,126.00,126.00
2019-02-17,2019021701004061,PFL,1,35,38,128.00,"4,864.00"
2019-02-17,2019021701004060,PFL,51,35,47,128.00,"6,016.00"
2019-02-17,2019021701003884,PFL,29,29,1,129.00,129.00
2019-02-17,2019021701003790,PFL,29,29,1,126.00,126.00
2019-02-17,2019021701003708,PFL,51,29,39,128.00,"4,992.00"
2019-02-17,2019021701003663,PFL,29,29,1,127.00,127.00
2019-02-17,2019021701004105,PIC,35,45,10,"1,003.00","10,030.00"
2019-02-17,2019021701003967,PIC,35,55,11,"1,003.00","11,033.00"
2019-02-17,2019021701003925,PIC,35,55,11,"1,003.00","11,033.00"
2019-02-17,2019021701003845,PIC,35,10,11,"1,003.00","11,033.00"
2019-02-17,2019021701003807,PIC,29,29,11,"1,007.00","11,077.00"
2019-02-17,2019021701003653,PIC,35,29,124,"1,003.00","124,372.00"
2019-02-17,2019021701003652,PIC,35,56,18,"1,002.00","18,036.00"
2019-02-17,2019021701003802,PICL,49,58,100,660.00,"66,000.00"
2019-02-17,2019021701003801,PICL,37,58,25,660.00,"16,500.00"
2019-02-17,2019021701003696,PLIC,35,29,82,425.00,"34,850.00"
2019-02-17,2019021701004091,PMHPL,44,44,10,108.00,"1,080.00"
2019-02-17,2019021701003997,PMHPL,44,44,10,107.00,"1,070.00"
2019-02-17,2019021701003990,PMHPL,56,29,10,106.00,"1,060.00"
2019-02-17,2019021701003979,PMHPL,56,29,10,106.00,"1,060.00"
2019-02-17,2019021701003949,PMHPL,56,22,"7,010",108.00,"757,080.00"
2019-02-17,2019021701003941,PMHPL,56,22,990,108.00,"106,920.00"
2019-02-17,2019021701003797,PMHPL,56,34,10,106.00,"1,060.00"
2019-02-17,2019021701003940,PMHPL,56,6,10,108.00,"1,080.00"
2019-02-17,2019021701003935,PMHPL,56,28,10,106.00,"1,060.00"
2019-02-17,2019021701003928,PMHPL,56,28,10,106.00,"1,060.00"
2019-02-17,2019021701003907,PMHPL,44,44,10,107.00,"1,070.00"
2019-02-17,2019021701003815,PMHPL,44,44,10,107.00,"1,070.00"
2019-02-17,2019021701003813,PMHPL,56,28,10,106.00,"1,060.00"
2019-02-17,2019021701004050,PRIN,51,46,130,404.00,"52,520.00"
2019-02-17,2019021701004049,PRIN,25,46,200,404.00,"80,800.00"
2019-02-17,2019021701003741,PRIN,51,36,480,403.00,"193,440.00"
2019-02-17,2019021701003740,PRIN,57,36,20,403.00,"8,060.00"
2019-02-17,2019021701003739,PRIN,17,36,500,404.00,"202,000.00"
2019-02-17,2019021701004139,PRVU,29,11,50,229.00,"11,450.00"
2019-02-17,2019021701004111,PRVU,22,11,100,229.00,"22,900.00"
2019-02-17,2019021701004103,PRVU,47,11,93,229.00,"21,297.00"
2019-02-17,2019021701004102,PRVU,47,33,380,229.00,"87,020.00"
2019-02-17,2019021701004101,PRVU,47,11,200,229.00,"45,800.00"
2019-02-17,2019021701004100,PRVU,47,25,827,229.00,"189,383.00"
2019-02-17,2019021701003657,PRVU,6,45,11,229.00,"2,519.00"
2019-02-17,2019021701003656,PRVU,6,25,19,229.00,"4,351.00"
2019-02-17,2019021701003716,PRVU,39,1,63,228.00,"14,364.00"
2019-02-17,2019021701003715,PRVU,22,1,41,228.00,"9,348.00"
2019-02-17,2019021701003714,PRVU,6,1,10,229.00,"2,290.00"
2019-02-17,2019021701003693,PRVU,35,26,410,229.00,"93,890.00"
2019-02-17,2019021701003692,PRVU,35,48,100,229.00,"22,900.00"
2019-02-17,2019021701003691,PRVU,35,45,489,229.00,"111,981.00"
2019-02-17,2019021701003998,PRVU,6,25,200,229.00,"45,800.00"
2019-02-17,2019021701003985,PRVU,11,25,50,229.00,"11,450.00"
2019-02-17,2019021701003947,PRVU,45,25,100,229.00,"22,900.00"
2019-02-17,2019021701003946,PRVU,57,25,20,229.00,"4,580.00"
2019-02-17,2019021701003945,PRVU,57,4,430,229.00,"98,470.00"
2019-02-17,2019021701003800,PRVU,41,4,70,229.00,"16,030.00"
2019-02-17,2019021701004071,PRVU,34,25,"1,210",229.00,"277,090.00"
2019-02-17,2019021701004070,PRVU,34,35,790,229.00,"180,910.00"
2019-02-17,2019021701004059,PRVU,22,25,200,229.00,"45,800.00"
2019-02-17,2019021701004035,PRVU,42,25,100,229.00,"22,900.00"
2019-02-17,2019021701004030,PRVU,58,25,50,229.00,"11,450.00"
2019-02-17,2019021701004016,PRVU,33,25,243,229.00,"55,647.00"
2019-02-17,2019021701004046,RADHI,44,44,1,151.00,151.00
2019-02-17,2019021701004025,RADHI,44,45,1,150.00,150.00
2019-02-17,2019021701003957,RADHI,44,44,1,151.00,151.00
2019-02-17,2019021701003792,RADHI,44,44,1,151.00,151.00
2019-02-17,2019021701003712,RADHI,44,44,1,151.00,151.00
2019-02-17,2019021701003974,RBCLPO,59,59,7,"8,550.00","59,850.00"
2019-02-17,2019021701004020,RHPC,10,32,82,93.00,"7,626.00"
2019-02-17,2019021701003842,RHPC,53,45,18,93.00,"1,674.00"
2019-02-17,2019021701004137,RLFL,25,58,10,114.00,"1,140.00"
2019-02-17,2019021701004005,RMDC,47,25,47,528.00,"24,816.00"
2019-02-17,2019021701003728,RMDC,47,1,17,528.00,"8,976.00"
2019-02-17,2019021701003965,RRHP,16,28,10,97.00,970.00
2019-02-17,2019021701003958,RRHP,45,28,10,97.00,970.00
2019-02-17,2019021701003951,RRHP,45,28,10,97.00,970.00
2019-02-17,2019021701003694,RRHP,29,48,10,98.00,980.00
2019-02-17,2019021701004009,RSDC,19,25,57,368.00,"20,976.00"
2019-02-17,2019021701003883,RSDC,19,58,20,368.00,"7,360.00"
2019-02-17,2019021701003702,RSDC,42,57,50,370.00,"18,500.00"
2019-02-17,2019021701003701,RSDC,6,57,100,370.00,"37,000.00"
2019-02-17,2019021701003700,RSDC,26,57,50,370.00,"18,500.00"
2019-02-17,2019021701003699,RSDC,45,57,100,370.00,"37,000.00"
2019-02-17,2019021701003698,RSDC,51,57,100,370.00,"37,000.00"
2019-02-17,2019021701004024,SADBL,21,59,160,136.00,"21,760.00"
2019-02-17,2019021701003966,SANIMA,49,42,100,292.00,"29,200.00"
2019-02-17,2019021701003743,SANIMA,32,32,800,292.00,"233,600.00"
2019-02-17,2019021701003727,SANIMA,25,45,200,292.00,"58,400.00"
2019-02-17,2019021701004112,SBBLJ,58,41,107,202.00,"21,614.00"
2019-02-17,2019021701004063,SBI,19,11,50,375.00,"18,750.00"
2019-02-17,2019021701003771,SBL,58,58,99,276.00,"27,324.00"
2019-02-17,2019021701004151,SCB,1,46,40,535.00,"21,400.00"
2019-02-17,2019021701003776,SCB,28,32,200,535.00,"107,000.00"
2019-02-17,2019021701003770,SCB,38,32,30,535.00,"16,050.00"
2019-02-17,2019021701003769,SCB,21,32,190,535.00,"101,650.00"
2019-02-17,2019021701003758,SCB,21,25,10,535.00,"5,350.00"
2019-02-17,2019021701003757,SCB,22,25,50,535.00,"26,750.00"
2019-02-17,2019021701003756,SCB,42,25,15,535.00,"8,025.00"
2019-02-17,2019021701004018,SDESI,42,25,14,596.00,"8,344.00"
2019-02-17,2019021701004017,SDESI,55,25,13,596.00,"7,748.00"
2019-02-17,2019021701003745,SDESI,21,21,1,585.00,585.00
2019-02-17,2019021701003709,SDESI,21,21,1,585.00,585.00
2019-02-17,2019021701003687,SHL,4,4,200,202.00,"40,400.00"
2019-02-17,2019021701004051,SHPC,41,39,13,215.00,"2,795.00"
2019-02-17,2019021701004138,SIC,1,44,58,"1,255.00","72,790.00"
2019-02-17,2019021701003912,SIC,50,44,50,"1,255.00","62,750.00"
2019-02-17,2019021701003911,SIC,6,44,10,"1,255.00","12,550.00"
2019-02-17,2019021701003910,SIC,19,44,112,"1,258.00","140,896.00"
2019-02-17,2019021701003909,SIC,55,44,10,"1,277.00","12,770.00"
2019-02-17,2019021701003766,SIC,42,25,50,"1,280.00","64,000.00"
2019-02-17,2019021701003783,SICL,59,44,10,854.00,"8,540.00"
2019-02-17,2019021701003782,SICL,3,44,20,855.00,"17,100.00"
2019-02-17,2019021701004123,SLBS,44,44,1,990.00,990.00
2019-02-17,2019021701004086,SLBSL,53,22,10,785.00,"7,850.00"
2019-02-17,2019021701004065,SLBSL,55,38,10,785.00,"7,850.00"
2019-02-17,2019021701004036,SLBSL,55,38,10,785.00,"7,850.00"
2019-02-17,2019021701004028,SLBSL,55,1,10,785.00,"7,850.00"
2019-02-17,2019021701004008,SLBSL,7,1,10,785.00,"7,850.00"
2019-02-17,2019021701003936,SLBSL,45,26,10,790.00,"7,900.00"
2019-02-17,2019021701003733,SLBSL,29,29,10,788.00,"7,880.00"
2019-02-17,2019021701003654,SLBSL,43,22,10,785.00,"7,850.00"
2019-02-17,2019021701003872,SLBSL,43,13,10,785.00,"7,850.00"
2019-02-17,2019021701004124,SLICL,57,26,28,509.00,"14,252.00"
2019-02-17,2019021701003703,SLICL,19,38,162,504.00,"81,648.00"
2019-02-17,2019021701003754,SMATA,28,1,18,"1,285.00","23,130.00"
2019-02-17,2019021701003749,SMATA,28,1,18,"1,285.00","23,130.00"
2019-02-17,2019021701003746,SMATA,28,1,18,"1,285.00","23,130.00"
2019-02-17,2019021701004034,SRBL,40,29,51,204.00,"10,404.00"
2019-02-17,2019021701004033,SRBL,13,29,100,204.00,"20,400.00"
2019-02-17,2019021701004032,SRBL,14,29,451,204.00,"92,004.00"
2019-02-17,2019021701003843,SRBL,14,32,49,204.00,"9,996.00"
2019-02-17,2019021701003688,UFL,56,59,200,150.00,"30,000.00"
2019-02-17,2019021701004149,UPPER,34,7,50,225.00,"11,250.00"
2019-02-17,2019021701004148,UPPER,57,53,10,226.00,"2,260.00"
2019-02-17,2019021701004147,UPPER,39,37,10,225.00,"2,250.00"
2019-02-17,2019021701004146,UPPER,11,37,30,225.00,"6,750.00"
2019-02-17,2019021701004145,UPPER,11,7,40,225.00,"9,000.00"
2019-02-17,2019021701004142,UPPER,11,7,50,225.00,"11,250.00"
2019-02-17,2019021701003713,UPPER,47,53,33,226.00,"7,458.00"
2019-02-17,2019021701003671,UPPER,47,43,50,226.00,"11,300.00"
2019-02-17,2019021701003667,UPPER,47,7,40,226.00,"9,040.00"
2019-02-17,2019021701003785,UPPER,29,29,2,222.00,444.00
2019-02-17,2019021701003753,UPPER,37,34,40,225.00,"9,000.00"
2019-02-17,2019021701003750,UPPER,37,58,50,225.00,"11,250.00"
2019-02-17,2019021701003747,UPPER,37,34,40,225.00,"9,000.00"
2019-02-17,2019021701003816,UPPER,43,59,50,225.00,"11,250.00"
2019-02-17,2019021701003812,UPPER,43,29,40,225.00,"9,000.00"
2019-02-17,2019021701003811,UPPER,37,59,50,225.00,"11,250.00"
2019-02-17,2019021701003809,UPPER,37,28,50,225.00,"11,250.00"
2019-02-17,2019021701003799,UPPER,37,59,50,225.00,"11,250.00"
2019-02-17,2019021701003794,UPPER,37,34,50,225.00,"11,250.00"
2019-02-17,2019021701003847,UPPER,42,3,20,225.00,"4,500.00"
2019-02-17,2019021701003846,UPPER,43,3,30,225.00,"6,750.00"
2019-02-17,2019021701003844,UPPER,43,28,50,225.00,"11,250.00"
2019-02-17,2019021701003840,UPPER,43,59,40,225.00,"9,000.00"
2019-02-17,2019021701003838,UPPER,43,51,50,225.00,"11,250.00"
2019-02-17,2019021701003837,UPPER,43,59,40,225.00,"9,000.00"
2019-02-17,2019021701003862,UPPER,58,51,10,225.00,"2,250.00"
2019-02-17,2019021701003861,UPPER,34,51,30,225.00,"6,750.00"
2019-02-17,2019021701003860,UPPER,34,3,50,225.00,"11,250.00"
2019-02-17,2019021701003857,UPPER,34,3,20,225.00,"4,500.00"
2019-02-17,2019021701003856,UPPER,42,3,30,225.00,"6,750.00"
2019-02-17,2019021701003849,UPPER,42,51,50,225.00,"11,250.00"
2019-02-17,2019021701003881,UPPER,58,49,40,225.00,"9,000.00"
2019-02-17,2019021701003875,UPPER,58,49,50,225.00,"11,250.00"
2019-02-17,2019021701003873,UPPER,58,58,50,225.00,"11,250.00"
2019-02-17,2019021701003868,UPPER,58,51,40,225.00,"9,000.00"
2019-02-17,2019021701003866,UPPER,58,3,50,225.00,"11,250.00"
2019-02-17,2019021701003865,UPPER,58,49,40,225.00,"9,000.00"
2019-02-17,2019021701003894,UPPER,58,49,50,225.00,"11,250.00"
2019-02-17,2019021701003892,UPPER,58,49,40,225.00,"9,000.00"
2019-02-17,2019021701003891,UPPER,58,49,40,225.00,"9,000.00"
2019-02-17,2019021701003890,UPPER,58,49,40,225.00,"9,000.00"
2019-02-17,2019021701003938,UPPER,22,29,50,225.00,"11,250.00"
2019-02-17,2019021701003920,UPPER,18,53,50,226.00,"11,300.00"
2019-02-17,2019021701003919,UPPER,22,45,30,225.00,"6,750.00"
2019-02-17,2019021701003918,UPPER,58,45,10,225.00,"2,250.00"
2019-02-17,2019021701003908,UPPER,58,10,40,225.00,"9,000.00"
2019-02-17,2019021701004007,UPPER,22,45,40,225.00,"9,000.00"
2019-02-17,2019021701004001,UPPER,22,45,50,225.00,"11,250.00"
2019-02-17,2019021701003962,UPPER,22,46,50,225.00,"11,250.00"
2019-02-17,2019021701003960,UPPER,22,58,50,225.00,"11,250.00"
2019-02-17,2019021701003950,UPPER,22,29,40,225.00,"9,000.00"
2019-02-17,2019021701003939,UPPER,1,53,150,226.00,"33,900.00"
2019-02-17,2019021701004038,UPPER,16,37,50,225.00,"11,250.00"
2019-02-17,2019021701004027,UPPER,42,37,50,225.00,"11,250.00"
2019-02-17,2019021701004022,UPPER,42,45,40,225.00,"9,000.00"
2019-02-17,2019021701004021,UPPER,22,45,10,225.00,"2,250.00"
2019-02-17,2019021701004013,UPPER,22,45,40,225.00,"9,000.00"
2019-02-17,2019021701004012,UPPER,22,37,40,225.00,"9,000.00"
2019-02-17,2019021701004062,UPPER,33,1,195,225.00,"43,875.00"
2019-02-17,2019021701004058,UPPER,33,37,50,225.00,"11,250.00"
2019-02-17,2019021701004057,UPPER,32,1,45,225.00,"10,125.00"
2019-02-17,2019021701004056,UPPER,16,1,150,225.00,"33,750.00"
2019-02-17,2019021701004052,UPPER,42,37,40,225.00,"9,000.00"
2019-02-17,2019021701004047,UPPER,1,53,340,226.00,"76,840.00"
2019-02-17,2019021701004073,UPPER,33,22,30,225.00,"6,750.00"
2019-02-17,2019021701004069,UPPER,33,49,50,225.00,"11,250.00"
2019-02-17,2019021701004067,UPPER,33,45,50,225.00,"11,250.00"
2019-02-17,2019021701004066,UPPER,33,37,40,225.00,"9,000.00"
2019-02-17,2019021701004090,UPPER,33,53,40,225.00,"9,000.00"
2019-02-17,2019021701004081,UPPER,33,37,50,225.00,"11,250.00"
2019-02-17,2019021701004114,UPPER,33,37,50,225.00,"11,250.00"
2019-02-17,2019021701004113,UPPER,49,53,300,226.00,"67,800.00"
2019-02-17,2019021701004106,UPPER,33,53,50,225.00,"11,250.00"
2019-02-17,2019021701004104,UPPER,33,37,50,225.00,"11,250.00"
2019-02-17,2019021701004093,UPPER,33,22,30,225.00,"6,750.00"
2019-02-17,2019021701004092,UPPER,33,37,40,225.00,"9,000.00"
2019-02-17,2019021701004140,UPPER,33,37,50,225.00,"11,250.00"
2019-02-17,2019021701004136,UPPER,33,7,40,225.00,"9,000.00"
2019-02-17,2019021701004135,UPPER,33,7,50,225.00,"11,250.00"
2019-02-17,2019021701004134,UPPER,33,53,40,225.00,"9,000.00"
2019-02-17,2019021701004133,UPPER,33,37,50,225.00,"11,250.00"
2019-02-17,2019021701004115,UPPER,33,44,40,225.00,"9,000.00"
2019-02-17,2019021701004026,VLBS,26,25,12,686.00,"8,232.00"
2019-02-17,2019021701003752,WOMI,44,44,2,"1,100.00","2,200.00"
2019-02-17,2019021701003498,AHPC,41,28,200,98.00,"19,600.00"
2019-02-17,2019021701003497,AHPC,16,28,100,98.00,"9,800.00"
2019-02-17,2019021701003496,AHPC,20,28,20,98.00,"1,960.00"
2019-02-17,2019021701003495,AHPC,45,28,20,98.00,"1,960.00"
2019-02-17,2019021701003494,AHPC,45,28,464,98.00,"45,472.00"
2019-02-17,2019021701003290,AHPC,45,53,36,98.00,"3,528.00"
2019-02-17,2019021701003644,AKJCL,6,43,20,80.00,"1,600.00"
2019-02-17,2019021701003615,AKJCL,6,39,10,80.00,800.00
2019-02-17,2019021701003614,AKJCL,39,39,10,81.00,810.00
2019-02-17,2019021701003607,AKJCL,39,43,10,81.00,810.00
2019-02-17,2019021701003510,AKJCL,39,39,20,82.00,"1,640.00"
2019-02-17,2019021701003501,AKJCL,38,43,10,81.00,810.00
2019-02-17,2019021701003456,AKJCL,38,43,10,81.00,810.00
2019-02-17,2019021701003455,AKJCL,41,43,10,81.00,810.00
2019-02-17,2019021701003325,AKJCL,39,39,20,82.00,"1,640.00"
2019-02-17,2019021701003413,AKPL,22,25,32,157.00,"5,024.00"
2019-02-17,2019021701003214,ALICL,45,34,50,572.00,"28,600.00"
2019-02-17,2019021701003470,AMFI,35,43,10,682.00,"6,820.00"
2019-02-17,2019021701003487,API,25,39,67,126.00,"8,442.00"
2019-02-17,2019021701003366,API,55,55,1,123.00,123.00
2019-02-17,2019021701003314,API,16,53,30,125.00,"3,750.00"
2019-02-17,2019021701003313,API,45,53,111,125.00,"13,875.00"
2019-02-17,2019021701003247,BARUN,19,55,10,95.00,950.00
2019-02-17,2019021701003252,BBC,4,35,100,"1,676.00","167,600.00"
2019-02-17,2019021701003642,BOKL,51,6,16,240.00,"3,840.00"
2019-02-17,2019021701003613,BOKL,51,6,100,240.00,"24,000.00"
2019-02-17,2019021701003562,BOKL,48,21,90,239.00,"21,510.00"
2019-02-17,2019021701003542,BOKL,26,41,100,240.00,"24,000.00"
2019-02-17,2019021701003541,BOKL,1,41,64,240.00,"15,360.00"
2019-02-17,2019021701003521,BOKL,1,51,136,240.00,"32,640.00"
2019-02-17,2019021701003520,BOKL,57,51,64,240.00,"15,360.00"
2019-02-17,2019021701003508,BOKL,57,45,36,240.00,"8,640.00"
2019-02-17,2019021701003507,BOKL,10,45,64,240.00,"15,360.00"
2019-02-17,2019021701003319,BOKL,10,53,116,240.00,"27,840.00"
2019-02-17,2019021701003335,BPCL,21,53,30,343.00,"10,290.00"
2019-02-17,2019021701003157,BPCL,21,53,20,343.00,"6,860.00"
2019-02-17,2019021701003488,CBBL,47,48,69,867.00,"59,823.00"
2019-02-17,2019021701003385,CBBL,47,48,125,867.00,"108,375.00"
2019-02-17,2019021701003569,CBL,25,38,106,149.00,"15,794.00"
2019-02-17,2019021701003568,CBL,1,38,512,149.00,"76,288.00"
2019-02-17,2019021701003451,CBL,1,37,23,149.00,"3,427.00"
2019-02-17,2019021701003429,CBL,1,26,64,149.00,"9,536.00"
2019-02-17,2019021701003340,CBL,1,53,401,149.00,"59,749.00"
2019-02-17,2019021701003339,CBL,58,53,"1,239",149.00,"184,611.00"
2019-02-17,2019021701003321,CBL,5,13,39,150.00,"5,850.00"
2019-02-17,2019021701003320,CBL,5,16,944,150.00,"141,600.00"
2019-02-17,2019021701003284,CBL,58,8,250,149.00,"37,250.00"
2019-02-17,2019021701003225,CBL,44,16,56,150.00,"8,400.00"
2019-02-17,2019021701003205,CBL,58,44,56,149.00,"8,344.00"
2019-02-17,2019021701003544,CCBL,49,42,49,159.00,"7,791.00"
2019-02-17,2019021701003543,CCBL,49,16,51,159.00,"8,109.00"
2019-02-17,2019021701003342,CCBL,17,53,162,158.00,"25,596.00"
2019-02-17,2019021701003322,CCBL,44,16,50,159.00,"7,950.00"
2019-02-17,2019021701003230,CCBL,17,48,34,158.00,"5,372.00"
2019-02-17,2019021701003222,CCBL,47,13,20,158.00,"3,160.00"
2019-02-17,2019021701003156,CCBL,54,16,50,159.00,"7,950.00"
2019-02-17,2019021701003275,CHCL,16,21,180,502.00,"90,360.00"
2019-02-17,2019021701003274,CHCL,3,21,20,503.00,"10,060.00"
2019-02-17,2019021701003638,CIT,33,46,20,"2,510.00","50,200.00"
2019-02-17,2019021701003415,CORBL,59,49,30,96.00,"2,880.00"
2019-02-17,2019021701003398,CORBL,59,28,170,96.00,"16,320.00"
2019-02-17,2019021701003397,CORBL,21,28,80,96.00,"7,680.00"
2019-02-17,2019021701003362,CORBL,21,49,20,96.00,"1,920.00"
2019-02-17,2019021701003361,CORBL,48,49,20,97.00,"1,940.00"
2019-02-17,2019021701003641,CZBIL,56,45,100,202.00,"20,200.00"
2019-02-17,2019021701003640,CZBIL,45,45,100,202.00,"20,200.00"
2019-02-17,2019021701003634,DBBL,5,7,274,123.00,"33,702.00"
2019-02-17,2019021701003633,DBBL,16,7,71,123.00,"8,733.00"
2019-02-17,2019021701003430,DBBL,17,17,1,123.00,123.00
2019-02-17,2019021701003302,DBBL,20,17,1,123.00,123.00
2019-02-17,2019021701003288,DDBL,29,17,49,556.00,"27,244.00"
2019-02-17,2019021701003287,DDBL,47,17,70,556.00,"38,920.00"
2019-02-17,2019021701003286,DDBL,47,17,100,556.00,"55,600.00"
2019-02-17,2019021701003285,DDBL,41,17,100,557.00,"55,700.00"
2019-02-17,2019021701003533,EBL,25,44,509,504.00,"256,536.00"
2019-02-17,2019021701003464,EBL,21,22,89,503.00,"44,767.00"
2019-02-17,2019021701003344,EBL,21,53,11,503.00,"5,533.00"
2019-02-17,2019021701003258,EBL,19,22,20,503.00,"10,060.00"
2019-02-17,2019021701003257,EBL,7,22,80,503.00,"40,240.00"
2019-02-17,2019021701003273,EIC,37,57,140,792.00,"110,880.00"
2019-02-17,2019021701003272,EIC,14,57,100,793.00,"79,300.00"
2019-02-17,2019021701003354,FMDBL,19,53,15,355.00,"5,325.00"
2019-02-17,2019021701003353,FMDBL,10,53,50,356.00,"17,800.00"
2019-02-17,2019021701003348,FOWAD,33,43,39,"1,520.00","59,280.00"
2019-02-17,2019021701003347,FOWAD,33,29,15,"1,520.00","22,800.00"
2019-02-17,2019021701003480,GBBL,44,49,23,183.00,"4,209.00"
2019-02-17,2019021701003428,GBBL,44,49,15,183.00,"2,745.00"
2019-02-17,2019021701003389,GBBL,44,11,80,183.00,"14,640.00"
2019-02-17,2019021701003369,GBBL,46,49,23,182.00,"4,186.00"
2019-02-17,2019021701003646,GBLBS,1,34,10,424.00,"4,240.00"
2019-02-17,2019021701003549,GBLBS,7,45,160,425.00,"68,000.00"
2019-02-17,2019021701003465,GBLBS,7,37,10,425.00,"4,250.00"
2019-02-17,2019021701003152,GBLBS,29,29,10,428.00,"4,280.00"
2019-02-17,2019021701003468,GDBL,32,32,48,182.00,"8,736.00"
2019-02-17,2019021701003384,GDBL,40,25,41,180.00,"7,380.00"
2019-02-17,2019021701003359,GILB,26,53,24,"1,054.00","25,296.00"
2019-02-17,2019021701003358,GILB,37,53,42,"1,070.00","44,940.00"
2019-02-17,2019021701003299,GILB,37,35,17,"1,073.00","18,241.00"
2019-02-17,2019021701003224,GILB,29,29,1,"1,071.00","1,071.00"
2019-02-17,2019021701003387,GUFL,49,13,308,102.00,"31,416.00"
2019-02-17,2019021701003553,HBL,45,41,50,426.00,"21,300.00"
2019-02-17,2019021701003499,HBL,35,29,250,427.00,"106,750.00"
2019-02-17,2019021701003390,IGI,20,21,10,405.00,"4,050.00"
2019-02-17,2019021701003391,IGI,13,21,50,405.00,"20,250.00"
2019-02-17,2019021701003560,JBBL,57,28,500,134.00,"67,000.00"
2019-02-17,2019021701003559,JBBL,39,28,200,134.00,"26,800.00"
2019-02-17,2019021701003558,JBBL,57,28,129,134.00,"17,286.00"
2019-02-17,2019021701003365,JBBL,57,53,142,134.00,"19,028.00"
2019-02-17,2019021701003547,JBNL,38,33,500,163.00,"81,500.00"
2019-02-17,2019021701003538,JBNL,38,33,500,163.00,"81,500.00"
2019-02-17,2019021701003267,JBNL,57,33,200,163.00,"32,600.00"
2019-02-17,2019021701003266,JBNL,17,33,104,163.00,"16,952.00"
2019-02-17,2019021701003598,JFL,33,57,90,164.00,"14,760.00"
2019-02-17,2019021701003589,JFL,14,57,20,165.00,"3,300.00"
2019-02-17,2019021701003204,KADBL,56,47,200,152.00,"30,400.00"
2019-02-17,2019021701003540,KBL,6,45,200,230.00,"46,000.00"
2019-02-17,2019021701003448,KBL,37,44,300,230.00,"69,000.00"
2019-02-17,2019021701003447,KBL,53,44,27,230.00,"6,210.00"
2019-02-17,2019021701003368,KBL,53,53,473,230.00,"108,790.00"
2019-02-17,2019021701003160,KPCL,16,29,10,90.00,900.00
2019-02-17,2019021701003367,KPCL,16,29,10,90.00,900.00
2019-02-17,2019021701003401,KPCL,16,43,10,90.00,900.00
2019-02-17,2019021701003411,KPCL,16,43,10,90.00,900.00
2019-02-17,2019021701003489,KPCL,16,43,10,90.00,900.00
2019-02-17,2019021701003462,KPCL,16,43,10,90.00,900.00
2019-02-17,2019021701003454,KPCL,16,39,10,90.00,900.00
2019-02-17,2019021701003442,KPCL,39,39,10,91.00,910.00
2019-02-17,2019021701003503,KPCL,16,43,10,90.00,900.00
2019-02-17,2019021701003502,KPCL,16,53,10,90.00,900.00
2019-02-17,2019021701003500,KPCL,29,29,10,91.00,910.00
2019-02-17,2019021701003550,KPCL,29,29,10,90.00,900.00
2019-02-17,2019021701003537,KPCL,16,43,10,90.00,900.00
2019-02-17,2019021701003586,KPCL,14,43,10,89.00,890.00
2019-02-17,2019021701003576,KPCL,39,39,10,90.00,900.00
2019-02-17,2019021701003336,KSBBL,14,13,11,133.00,"1,463.00"
2019-02-17,2019021701003414,LBBL,45,55,118,170.00,"20,060.00"
2019-02-17,2019021701003386,LBBL,14,55,32,170.00,"5,440.00"
2019-02-17,2019021701003333,LBBL,14,38,968,170.00,"164,560.00"
2019-02-17,2019021701003332,LBBL,5,38,100,170.00,"17,000.00"
