Date,Transact. No.,Symbol,Buyer,Seller,Quantity,Rate,Amount
2019-08-26,2019082601006464,ADBL,45,50,190,425.00,"80,750.00"
2019-08-26,2019082601006463,ADBL,3,50,100,425.00,"42,500.00"
2019-08-26,2019082601006462,ADBL,3,50,100,425.00,"42,500.00"
2019-08-26,2019082601006461,ADBL,40,50,10,425.00,"4,250.00"
2019-08-26,2019082601006207,ADBL,40,43,190,425.00,"80,750.00"
2019-08-26,2019082601006206,ADBL,58,43,50,425.00,"21,250.00"
2019-08-26,2019082601006205,ADBL,6,43,60,425.00,"25,500.00"
2019-08-26,2019082601006204,ADBL,39,43,100,425.00,"42,500.00"
2019-08-26,2019082601006203,ADBL,43,43,475,425.00,"201,875.00"
2019-08-26,2019082601006420,AHPC,43,29,400,100.00,"40,000.00"
2019-08-26,2019082601006419,AHPC,3,29,150,101.00,"15,150.00"
2019-08-26,2019082601006156,AHPC,3,45,350,101.00,"35,350.00"
2019-08-26,2019082602000003,AKBSL,40,52,10,273.00,"2,730.00"
2019-08-26,2019082602000002,AKBSL,4,49,10,268.00,"2,680.00"
2019-08-26,2019082602000001,AKBSL,4,29,10,263.00,"2,630.00"
2019-08-26,2019082601006219,ALBSL,38,51,30,447.00,"13,410.00"
2019-08-26,2019082601006303,ALICL,28,58,725,337.00,"244,325.00"
2019-08-26,2019082601006440,API,43,29,267,125.00,"33,375.00"
2019-08-26,2019082601006304,API,25,41,200,126.00,"25,200.00"
2019-08-26,2019082601006109,API,25,41,150,126.00,"18,900.00"
2019-08-26,2019082601006353,BFC,14,51,179,92.00,"16,468.00"
2019-08-26,2019082601006172,BFC,41,51,200,92.00,"18,400.00"
2019-08-26,2019082601006458,BOKL,1,28,157,256.00,"40,192.00"
2019-08-26,2019082601006457,BOKL,49,28,13,256.00,"3,328.00"
2019-08-26,2019082601006456,BOKL,42,28,50,256.00,"12,800.00"
2019-08-26,2019082601006455,BOKL,35,28,180,256.00,"46,080.00"
2019-08-26,2019082601006378,BOKL,35,33,95,256.00,"24,320.00"
2019-08-26,2019082601006191,BOKL,35,58,32,256.00,"8,192.00"
2019-08-26,2019082601006491,BPCL,33,58,23,384.00,"8,832.00"
2019-08-26,2019082601006490,BPCL,33,47,77,383.00,"29,491.00"
2019-08-26,2019082601006196,BPCL,38,38,1,377.00,377.00
2019-08-26,2019082601006506,CBBL,6,26,185,983.00,"181,855.00"
2019-08-26,2019082601006377,CBBL,49,26,25,983.00,"24,575.00"
2019-08-26,2019082601006266,CBBL,34,26,"1,000",983.00,"983,000.00"
2019-08-26,2019082601006265,CBBL,6,26,200,984.00,"196,800.00"
2019-08-26,2019082601006053,CBBL,48,42,10,986.00,"9,860.00"
2019-08-26,2019082601006264,CBBL,1,26,300,985.00,"295,500.00"
2019-08-26,2019082601006263,CBBL,36,26,20,985.00,"19,700.00"
2019-08-26,2019082601006262,CBBL,19,26,20,985.00,"19,700.00"
2019-08-26,2019082601006261,CBBL,21,26,50,986.00,"49,300.00"
2019-08-26,2019082601006242,CBBL,21,42,50,986.00,"49,300.00"
2019-08-26,2019082601006241,CBBL,48,42,90,986.00,"88,740.00"
2019-08-26,2019082601006406,CBL,33,57,10,146.00,"1,460.00"
2019-08-26,2019082601006110,CBL,38,38,2,145.00,290.00
2019-08-26,2019082601006081,CCBL,49,35,300,156.00,"46,800.00"
2019-08-26,2019082601006492,CIT,33,37,12,"2,379.00","28,548.00"
2019-08-26,2019082601006120,CIT,6,33,30,"2,370.00","71,100.00"
2019-08-26,2019082601006088,CIT,49,33,50,"2,371.00","118,550.00"
2019-08-26,2019082601006515,CZBIL,41,58,42,215.00,"9,030.00"
2019-08-26,2019082601006372,CZBIL,41,47,10,215.00,"2,150.00"
2019-08-26,2019082601006371,CZBIL,41,28,44,215.00,"9,460.00"
2019-08-26,2019082601006208,CZBIL,52,28,500,215.00,"107,500.00"
2019-08-26,2019082601006201,CZBIL,25,25,200,215.00,"43,000.00"
2019-08-26,2019082601006460,DBBL,28,29,157,131.00,"20,567.00"
2019-08-26,2019082601006459,DBBL,45,29,40,131.00,"5,240.00"
2019-08-26,2019082601006276,DBBL,38,25,50,132.00,"6,600.00"
2019-08-26,2019082601006225,DBBL,25,25,200,132.00,"26,400.00"
2019-08-26,2019082601006322,DDBL,43,42,97,739.00,"71,683.00"
2019-08-26,2019082601006117,DDBL,52,42,20,743.00,"14,860.00"
2019-08-26,2019082601006489,FOWAD,38,50,32,"1,343.00","42,976.00"
2019-08-26,2019082601006394,FOWAD,38,50,40,"1,343.00","53,720.00"
2019-08-26,2019082601006214,FOWAD,38,38,19,"1,335.00","25,365.00"
2019-08-26,2019082601006344,GBIMEP,34,37,"2,687",173.00,"464,851.00"
2019-08-26,2019082601006234,GDBL,58,19,300,205.00,"61,500.00"
2019-08-26,2019082601006233,GDBL,48,19,200,205.00,"41,000.00"
2019-08-26,2019082601006333,GILB,17,19,30,746.00,"22,380.00"
2019-08-26,2019082601006200,GLBSL,49,39,10,489.00,"4,890.00"
2019-08-26,2019082601006199,GLBSL,49,21,10,489.00,"4,890.00"
2019-08-26,2019082601006198,GLBSL,49,38,30,488.00,"14,640.00"
2019-08-26,2019082601006502,GLICL,45,26,100,443.00,"44,300.00"
2019-08-26,2019082601006399,GLICL,11,5,30,444.00,"13,320.00"
2019-08-26,2019082601006365,GLICL,21,26,95,443.00,"42,085.00"
2019-08-26,2019082601006405,GMFBS,22,59,10,515.00,"5,150.00"
2019-08-26,2019082601006310,GMFBS,22,19,20,515.00,"10,300.00"
2019-08-26,2019082601006309,GMFBS,34,19,20,515.00,"10,300.00"
2019-08-26,2019082601006308,GMFBS,50,19,10,515.00,"5,150.00"
2019-08-26,2019082601006307,GMFBS,48,19,20,516.00,"10,320.00"
2019-08-26,2019082601006306,GMFBS,48,19,30,516.00,"15,480.00"
2019-08-26,2019082601006271,GMFBS,34,59,10,516.00,"5,160.00"
2019-08-26,2019082601006171,GMFBS,14,19,300,518.00,"155,400.00"
2019-08-26,2019082601006507,HBL,7,1,720,550.00,"396,000.00"
2019-08-26,2019082601006401,HURJA,50,59,20,124.00,"2,480.00"
2019-08-26,2019082601006194,HURJA,50,34,260,124.00,"32,240.00"
2019-08-26,2019082601006417,ICFC,34,26,79,160.00,"12,640.00"
2019-08-26,2019082601006292,ICFC,10,57,263,161.00,"42,343.00"
2019-08-26,2019082601006413,ILBS,45,38,80,451.00,"36,080.00"
2019-08-26,2019082601006412,ILBS,1,38,50,451.00,"22,550.00"
2019-08-26,2019082601006411,ILBS,25,38,50,451.00,"22,550.00"
2019-08-26,2019082601006410,ILBS,43,38,50,451.00,"22,550.00"
2019-08-26,2019082601006409,ILBS,26,38,40,451.00,"18,040.00"
2019-08-26,2019082601006391,ILBS,36,10,100,452.00,"45,200.00"
2019-08-26,2019082601006384,ILBS,26,10,15,455.00,"6,825.00"
2019-08-26,2019082601006383,ILBS,1,10,80,456.00,"36,480.00"
2019-08-26,2019082601006202,ILBS,1,25,320,456.00,"145,920.00"
2019-08-26,2019082601006390,ILBS,22,10,100,452.00,"45,200.00"
2019-08-26,2019082601006389,ILBS,17,10,10,452.00,"4,520.00"
2019-08-26,2019082601006388,ILBS,43,10,100,453.00,"45,300.00"
2019-08-26,2019082601006387,ILBS,35,10,50,453.00,"22,650.00"
2019-08-26,2019082601006386,ILBS,21,10,20,454.00,"9,080.00"
2019-08-26,2019082601006385,ILBS,10,10,40,454.00,"18,160.00"
2019-08-26,2019082601006480,JBBL,49,46,20,161.00,"3,220.00"
2019-08-26,2019082601006329,JBNLPO,34,37,"2,049",100.00,"204,900.00"
2019-08-26,2019082601006504,JFL,58,46,10,190.00,"1,900.00"
2019-08-26,2019082601006503,JFL,58,49,10,187.00,"1,870.00"
2019-08-26,2019082601006258,JSLBB,45,41,14,970.00,"13,580.00"
2019-08-26,2019082601006285,KBL,37,34,350,202.00,"70,700.00"
2019-08-26,2019082601006284,KBL,37,41,150,202.00,"30,300.00"
2019-08-26,2019082601006441,KPCL,56,38,10,81.00,810.00
2019-08-26,2019082601006373,KRBL,1,46,200,110.00,"22,000.00"
2019-08-26,2019082601006531,LBBL,57,58,281,177.00,"49,737.00"
2019-08-26,2019082601006529,LBBL,33,13,10,178.00,"1,780.00"
2019-08-26,2019082601006324,LBBL,57,13,382,177.00,"67,614.00"
2019-08-26,2019082601006323,LBBL,33,13,270,177.00,"47,790.00"
2019-08-26,2019082601006364,LBL,32,48,60,215.00,"12,900.00"
2019-08-26,2019082601006363,LBL,32,34,40,215.00,"8,600.00"
2019-08-26,2019082601006222,LBL,45,47,74,213.00,"15,762.00"
2019-08-26,2019082601006533,LGIL,48,53,10,393.00,"3,930.00"
2019-08-26,2019082601006495,MBL,34,49,10,254.00,"2,540.00"
2019-08-26,2019082601006494,MBL,34,6,200,253.00,"50,600.00"
2019-08-26,2019082601006493,MBL,34,28,"1,283",252.00,"323,316.00"
2019-08-26,2019082601006438,MBL,26,28,200,252.00,"50,400.00"
2019-08-26,2019082601006437,MBL,14,28,217,252.00,"54,684.00"
2019-08-26,2019082601006332,MBL,45,58,400,253.00,"101,200.00"
2019-08-26,2019082601006070,MBL,17,25,54,252.00,"13,608.00"
2019-08-26,2019082601006331,MBL,14,6,83,252.00,"20,916.00"
2019-08-26,2019082601006330,MBL,14,6,117,252.00,"29,484.00"
2019-08-26,2019082601006239,MBL,14,58,383,252.00,"96,516.00"
2019-08-26,2019082601006238,MBL,51,58,100,252.00,"25,200.00"
2019-08-26,2019082601006237,MBL,17,58,247,252.00,"62,244.00"
2019-08-26,2019082601006192,MBL,8,58,500,253.00,"126,500.00"
2019-08-26,2019082601006075,MEGA,41,19,100,197.00,"19,700.00"
2019-08-26,2019082601006074,MEGA,6,19,100,197.00,"19,700.00"
2019-08-26,2019082601006073,MEGA,11,19,186,197.00,"36,642.00"
2019-08-26,2019082601006076,MEGA,10,19,18,197.00,"3,546.00"
2019-08-26,2019082601006212,MEGA,58,36,50,198.00,"9,900.00"
2019-08-26,2019082601006359,MEGA,10,36,842,198.00,"166,716.00"
2019-08-26,2019082601006358,MEGA,10,36,"1,140",198.00,"225,720.00"
2019-08-26,2019082601006393,MERO,21,6,55,560.00,"30,800.00"
2019-08-26,2019082601006392,MERO,26,6,45,560.00,"25,200.00"
2019-08-26,2019082601006349,MERO,26,6,100,560.00,"56,000.00"
2019-08-26,2019082601006296,MFIL,3,21,50,128.00,"6,400.00"
2019-08-26,2019082601006256,MFIL,3,59,"1,000",128.00,"128,000.00"
2019-08-26,2019082601006534,MLBL,39,40,"1,000",208.00,"208,000.00"
2019-08-26,2019082601006168,MLBL,1,22,10,209.00,"2,090.00"
2019-08-26,2019082601006452,MNBBL,39,45,20,328.00,"6,560.00"
2019-08-26,2019082601006335,MNBBL,29,45,370,328.00,"121,360.00"
2019-08-26,2019082601006334,MNBBL,29,41,80,328.00,"26,240.00"
2019-08-26,2019082601006240,MNBBL,47,49,40,327.00,"13,080.00"
2019-08-26,2019082601006229,MNBBL,47,49,25,327.00,"8,175.00"
2019-08-26,2019082601006298,MNBBL,29,52,113,327.00,"36,951.00"
2019-08-26,2019082601006297,MNBBL,29,49,45,327.00,"14,715.00"
2019-08-26,2019082601006289,MNBBL,47,49,20,327.00,"6,540.00"
2019-08-26,2019082601006272,MNBBL,47,49,40,327.00,"13,080.00"
2019-08-26,2019082601006252,MNBBL,47,49,30,327.00,"9,810.00"
2019-08-26,2019082601006356,MSLB,39,1,18,947.00,"17,046.00"
2019-08-26,2019082601006355,MSLB,17,1,20,948.00,"18,960.00"
2019-08-26,2019082601006354,MSLB,48,1,26,949.00,"24,674.00"
2019-08-26,2019082601006251,NABIL,8,28,30,775.00,"23,250.00"
2019-08-26,2019082601006532,NADEP,58,22,11,474.00,"5,214.00"
2019-08-26,2019082601006514,NADEP,45,38,350,466.00,"163,100.00"
2019-08-26,2019082601006442,NADEP,26,38,80,467.00,"37,360.00"
2019-08-26,2019082601006085,NADEP,35,57,50,467.00,"23,350.00"
2019-08-26,2019082601006369,NAGRO,57,43,10,779.00,"7,790.00"
2019-08-26,2019082601006496,NBB,28,29,415,212.00,"87,980.00"
2019-08-26,2019082601006375,NBB,34,34,100,213.00,"21,300.00"
2019-08-26,2019082601006431,NBL,6,33,500,322.00,"161,000.00"
2019-08-26,2019082601006430,NBL,13,33,100,322.00,"32,200.00"
2019-08-26,2019082601006429,NBL,45,33,"1,000",322.00,"322,000.00"
2019-08-26,2019082601006428,NBL,58,33,40,322.00,"12,880.00"
2019-08-26,2019082601006427,NBL,49,33,150,322.00,"48,300.00"
2019-08-26,2019082601006426,NBL,47,33,100,322.00,"32,200.00"
2019-08-26,2019082601006425,NBL,34,33,"1,900",322.00,"611,800.00"
2019-08-26,2019082601006395,NBL,3,32,200,323.00,"64,600.00"
2019-08-26,2019082601006311,NBL,34,34,500,322.00,"161,000.00"
2019-08-26,2019082601006535,NCCB,33,14,10,204.00,"2,040.00"
2019-08-26,2019082601006519,NCCB,36,38,600,203.00,"121,800.00"
2019-08-26,2019082601006518,NCCB,41,38,200,203.00,"40,600.00"
2019-08-26,2019082601006517,NCCB,40,38,200,203.00,"40,600.00"
2019-08-26,2019082601006516,NCCB,19,38,"2,000",203.00,"406,000.00"
2019-08-26,2019082601006447,NCCB,57,14,"1,185",204.00,"241,740.00"
2019-08-26,2019082601006446,NCCB,57,8,600,204.00,"122,400.00"
2019-08-26,2019082601006159,NCCB,19,14,500,204.00,"102,000.00"
2019-08-26,2019082601006147,NCCB,19,14,290,204.00,"59,160.00"
2019-08-26,2019082601006146,NCCB,19,7,70,204.00,"14,280.00"
2019-08-26,2019082601006145,NCCB,19,57,610,204.00,"124,440.00"
2019-08-26,2019082601006144,NCCB,19,34,30,204.00,"6,120.00"
2019-08-26,2019082601006116,NGPL,57,38,11,113.00,"1,243.00"
2019-08-26,2019082601006112,NGPL,57,51,88,113.00,"9,944.00"
2019-08-26,2019082601006422,NIB,45,49,128,465.00,"59,520.00"
2019-08-26,2019082601006421,NIB,39,49,72,465.00,"33,480.00"
2019-08-26,2019082601006415,NIB,16,45,150,465.00,"69,750.00"
2019-08-26,2019082601006403,NIB,58,51,30,467.00,"14,010.00"
2019-08-26,2019082601006338,NIB,16,58,121,465.00,"56,265.00"
2019-08-26,2019082601006337,NIB,22,58,42,466.00,"19,572.00"
2019-08-26,2019082601006257,NIB,22,57,100,466.00,"46,600.00"
2019-08-26,2019082601006213,NIB,22,42,58,466.00,"27,028.00"
2019-08-26,2019082601006099,NIB,41,42,42,466.00,"19,572.00"
2019-08-26,2019082601006445,NIBLPF,26,38,"2,525",6.59,"16,639.75"
2019-08-26,2019082601006400,NIBPO,36,47,575,428.00,"246,100.00"
2019-08-26,2019082601006530,NICA,38,6,200,447.00,"89,400.00"
2019-08-26,2019082601006382,NICA,33,39,400,446.00,"178,400.00"
2019-08-26,2019082601006381,NICA,45,39,50,446.00,"22,300.00"
2019-08-26,2019082601006288,NICA,8,6,200,447.00,"89,400.00"
2019-08-26,2019082601006184,NICA,22,6,140,447.00,"62,580.00"
2019-08-26,2019082601006072,NICA,28,6,150,447.00,"67,050.00"
2019-08-26,2019082601006059,NICA,58,6,50,447.00,"22,350.00"
2019-08-26,2019082601006444,NICL,1,1,63,290.00,"18,270.00"
2019-08-26,2019082601006443,NICL,28,1,37,290.00,"10,730.00"
2019-08-26,2019082601006169,NICL,45,44,300,291.00,"87,300.00"
2019-08-26,2019082601006512,NLBBL,48,6,80,558.00,"44,640.00"
2019-08-26,2019082601006511,NLBBL,48,33,10,557.00,"5,570.00"
2019-08-26,2019082601006062,NLBBL,53,1,158,555.00,"87,690.00"
2019-08-26,2019082601006061,NLBBL,26,1,32,555.00,"17,760.00"
2019-08-26,2019082601006060,NLBBL,42,1,10,556.00,"5,560.00"
2019-08-26,2019082601006478,NLG,41,53,158,606.00,"95,748.00"
2019-08-26,2019082601006477,NLG,37,53,150,606.00,"90,900.00"
2019-08-26,2019082601006476,NLG,16,53,50,610.00,"30,500.00"
2019-08-26,2019082601006475,NLG,14,53,20,612.00,"12,240.00"
2019-08-26,2019082601006468,NLG,58,53,200,621.00,"124,200.00"
2019-08-26,2019082601006467,NLG,16,53,500,621.00,"310,500.00"
2019-08-26,2019082601006466,NLG,17,53,100,622.00,"62,200.00"
2019-08-26,2019082601006474,NLG,17,53,30,613.00,"18,390.00"
2019-08-26,2019082601006473,NLG,52,53,50,615.00,"30,750.00"
2019-08-26,2019082601006472,NLG,33,53,100,616.00,"61,600.00"
2019-08-26,2019082601006471,NLG,48,53,100,618.00,"61,800.00"
2019-08-26,2019082601006470,NLG,11,53,50,618.00,"30,900.00"
2019-08-26,2019082601006469,NLG,55,53,300,620.00,"186,000.00"
2019-08-26,2019082601006485,NLIC,47,4,300,843.00,"252,900.00"
2019-08-26,2019082601006398,NLIC,42,4,13,842.00,"10,946.00"
2019-08-26,2019082601006397,NLIC,42,4,150,842.00,"126,300.00"
2019-08-26,2019082601006396,NLIC,21,4,100,842.00,"84,200.00"
2019-08-26,2019082601006299,NLIC,37,4,100,844.00,"84,400.00"
2019-08-26,2019082601006294,NLIC,57,11,40,843.00,"33,720.00"
2019-08-26,2019082601006312,NLICL,32,26,474,548.00,"259,752.00"
2019-08-26,2019082601006180,NLICL,56,26,216,550.00,"118,800.00"
2019-08-26,2019082601006432,NMBMF,42,17,10,"1,071.00","10,710.00"
2019-08-26,2019082601006351,NMFBS,38,41,170,"1,475.00","250,750.00"
2019-08-26,2019082601006163,PFL,13,38,29,132.00,"3,828.00"
2019-08-26,2019082601006142,PFL,59,38,10,134.00,"1,340.00"
2019-08-26,2019082601006376,PIC,10,26,21,437.00,"9,177.00"
2019-08-26,2019082601006465,PLIC,19,34,200,412.00,"82,400.00"
2019-08-26,2019082601006177,PMHPL,56,19,10,100.00,"1,000.00"
2019-08-26,2019082601006520,PPCL,6,38,40,105.00,"4,200.00"
2019-08-26,2019082601006500,PPCL,6,37,10,104.00,"1,040.00"
2019-08-26,2019082601006499,PPCL,6,37,30,104.00,"3,120.00"
2019-08-26,2019082601006498,PPCL,6,37,10,104.00,"1,040.00"
2019-08-26,2019082601006497,PPCL,6,1,30,103.00,"3,090.00"
2019-08-26,2019082601006108,PPCL,32,19,10,102.00,"1,020.00"
2019-08-26,2019082601006319,PRIN,38,32,150,343.00,"51,450.00"
2019-08-26,2019082601006487,PRVU,3,52,170,266.00,"45,220.00"
2019-08-26,2019082601006486,PRVU,3,14,30,266.00,"7,980.00"
2019-08-26,2019082601006165,PRVU,57,8,145,265.00,"38,425.00"
2019-08-26,2019082601006121,PRVU,6,39,100,265.00,"26,500.00"
2019-08-26,2019082601006152,PRVU,22,14,220,266.00,"58,520.00"
2019-08-26,2019082601006151,PRVU,22,44,280,266.00,"74,480.00"
2019-08-26,2019082601006125,PRVU,57,39,100,265.00,"26,500.00"
2019-08-26,2019082601006124,PRVU,41,39,200,265.00,"53,000.00"
2019-08-26,2019082601006123,PRVU,46,39,200,265.00,"53,000.00"
2019-08-26,2019082601006122,PRVU,34,39,410,265.00,"108,650.00"
2019-08-26,2019082601006058,RADHI,49,47,10,138.00,"1,380.00"
2019-08-26,2019082601006164,RBCL,58,57,10,"9,050.00","90,500.00"
2019-08-26,2019082601006170,RBCLPO,33,42,10,"8,300.00","83,000.00"
2019-08-26,2019082601006501,RHPL,59,56,30,187.00,"5,610.00"
2019-08-26,2019082601006484,RHPL,59,49,50,187.00,"9,350.00"
2019-08-26,2019082601006453,RHPL,59,58,30,187.00,"5,610.00"
2019-08-26,2019082601006439,RHPL,59,59,50,187.00,"9,350.00"
2019-08-26,2019082601006418,RHPL,59,41,10,187.00,"1,870.00"
2019-08-26,2019082601006416,RHPL,59,38,30,187.00,"5,610.00"
2019-08-26,2019082601006071,RHPL,40,41,40,187.00,"7,480.00"
2019-08-26,2019082601006057,RHPL,40,41,40,187.00,"7,480.00"
2019-08-26,2019082601006054,RHPL,40,10,40,187.00,"7,480.00"
2019-08-26,2019082601006096,RHPL,22,10,10,187.00,"1,870.00"
2019-08-26,2019082601006095,RHPL,40,10,30,187.00,"5,610.00"
2019-08-26,2019082601006087,RHPL,40,41,40,187.00,"7,480.00"
2019-08-26,2019082601006086,RHPL,40,58,30,187.00,"5,610.00"
2019-08-26,2019082601006080,RHPL,40,10,40,187.00,"7,480.00"
2019-08-26,2019082601006077,RHPL,40,41,40,187.00,"7,480.00"
2019-08-26,2019082601006126,RHPL,58,34,430,187.00,"80,410.00"
2019-08-26,2019082601006118,RHPL,58,10,40,187.00,"7,480.00"
2019-08-26,2019082601006115,RHPL,58,41,30,187.00,"5,610.00"
2019-08-26,2019082601006114,RHPL,22,41,10,187.00,"1,870.00"
2019-08-26,2019082601006111,RHPL,22,57,40,187.00,"7,480.00"
2019-08-26,2019082601006107,RHPL,22,41,40,187.00,"7,480.00"
2019-08-26,2019082601006139,RHPL,41,42,50,187.00,"9,350.00"
2019-08-26,2019082601006137,RHPL,41,59,40,187.00,"7,480.00"
2019-08-26,2019082601006130,RHPL,41,38,30,187.00,"5,610.00"
2019-08-26,2019082601006129,RHPL,41,41,10,187.00,"1,870.00"
2019-08-26,2019082601006128,RHPL,34,41,30,187.00,"5,610.00"
2019-08-26,2019082601006127,RHPL,34,34,70,187.00,"13,090.00"
2019-08-26,2019082601006157,RHPL,37,58,40,187.00,"7,480.00"
2019-08-26,2019082601006150,RHPL,37,41,40,187.00,"7,480.00"
2019-08-26,2019082601006149,RHPL,37,20,40,187.00,"7,480.00"
2019-08-26,2019082601006143,RHPL,37,10,40,187.00,"7,480.00"
2019-08-26,2019082601006141,RHPL,41,58,30,187.00,"5,610.00"
2019-08-26,2019082601006140,RHPL,41,41,40,187.00,"7,480.00"
2019-08-26,2019082601006181,RHPL,37,39,30,187.00,"5,610.00"
2019-08-26,2019082601006176,RHPL,37,45,50,187.00,"9,350.00"
2019-08-26,2019082601006174,RHPL,37,39,30,187.00,"5,610.00"
2019-08-26,2019082601006173,RHPL,37,38,30,187.00,"5,610.00"
2019-08-26,2019082601006167,RHPL,37,58,30,187.00,"5,610.00"
2019-08-26,2019082601006160,RHPL,37,49,30,187.00,"5,610.00"
2019-08-26,2019082601006217,RHPL,25,39,20,187.00,"3,740.00"
2019-08-26,2019082601006216,RHPL,25,57,30,187.00,"5,610.00"
2019-08-26,2019082601006211,RHPL,37,38,30,187.00,"5,610.00"
2019-08-26,2019082601006209,RHPL,37,59,40,187.00,"7,480.00"
2019-08-26,2019082601006197,RHPL,37,58,30,187.00,"5,610.00"
2019-08-26,2019082601006195,RHPL,37,16,40,187.00,"7,480.00"
2019-08-26,2019082601006230,RHPL,28,38,30,187.00,"5,610.00"
2019-08-26,2019082601006228,RHPL,28,16,10,187.00,"1,870.00"
2019-08-26,2019082601006227,RHPL,28,16,40,187.00,"7,480.00"
2019-08-26,2019082601006226,RHPL,28,49,10,187.00,"1,870.00"
2019-08-26,2019082601006223,RHPL,28,32,40,187.00,"7,480.00"
2019-08-26,2019082601006218,RHPL,28,39,10,187.00,"1,870.00"
2019-08-26,2019082601006255,RHPL,28,20,20,187.00,"3,740.00"
2019-08-26,2019082601006254,RHPL,14,20,20,187.00,"3,740.00"
2019-08-26,2019082601006253,RHPL,14,38,30,187.00,"5,610.00"
2019-08-26,2019082601006250,RHPL,14,58,30,187.00,"5,610.00"
2019-08-26,2019082601006248,RHPL,14,57,20,187.00,"3,740.00"
2019-08-26,2019082601006247,RHPL,28,57,10,187.00,"1,870.00"
2019-08-26,2019082601006291,RHPL,28,57,40,188.00,"7,520.00"
2019-08-26,2019082601006290,RHPL,28,6,"1,860",188.00,"349,680.00"
2019-08-26,2019082601006287,RHPL,28,38,20,187.00,"3,740.00"
2019-08-26,2019082601006286,RHPL,28,16,40,187.00,"7,480.00"
2019-08-26,2019082601006282,RHPL,10,6,30,188.00,"5,640.00"
2019-08-26,2019082601006273,RHPL,28,35,40,187.00,"7,480.00"
2019-08-26,2019082601006325,RHPL,45,16,20,187.00,"3,740.00"
2019-08-26,2019082601006318,RHPL,53,51,35,187.00,"6,545.00"
2019-08-26,2019082601006317,RHPL,49,51,15,187.00,"2,805.00"
2019-08-26,2019082601006316,RHPL,42,51,200,187.00,"37,400.00"
2019-08-26,2019082601006315,RHPL,28,51,850,187.00,"158,950.00"
2019-08-26,2019082601006300,RHPL,28,39,30,187.00,"5,610.00"
2019-08-26,2019082601006345,RHPL,36,26,60,187.00,"11,220.00"
2019-08-26,2019082601006343,RHPL,36,39,30,187.00,"5,610.00"
2019-08-26,2019082601006342,RHPL,36,38,30,187.00,"5,610.00"
2019-08-26,2019082601006336,RHPL,36,58,30,187.00,"5,610.00"
2019-08-26,2019082601006327,RHPL,36,39,30,187.00,"5,610.00"
2019-08-26,2019082601006326,RHPL,11,16,20,187.00,"3,740.00"
2019-08-26,2019082601006408,RHPL,59,34,10,187.00,"1,870.00"
2019-08-26,2019082601006407,RHPL,36,34,190,187.00,"35,530.00"
2019-08-26,2019082601006368,RHPL,36,41,10,187.00,"1,870.00"
2019-08-26,2019082601006362,RHPL,36,39,30,187.00,"5,610.00"
2019-08-26,2019082601006360,RHPL,36,16,40,187.00,"7,480.00"
2019-08-26,2019082601006346,RHPL,36,59,50,187.00,"9,350.00"
2019-08-26,2019082601006523,RMDC,29,29,50,660.00,"33,000.00"
2019-08-26,2019082601006522,RMDC,29,29,10,658.00,"6,580.00"
2019-08-26,2019082601006454,RMDC,41,29,10,657.00,"6,570.00"
2019-08-26,2019082601006374,RSDC,6,41,79,352.00,"27,808.00"
2019-08-26,2019082601006305,RSDC,6,35,63,352.00,"22,176.00"
2019-08-26,2019082601006069,SADBL,38,38,130,141.00,"18,330.00"
2019-08-26,2019082601006068,SADBL,59,38,68,141.00,"9,588.00"
2019-08-26,2019082601006052,SADBL,13,38,115,142.00,"16,330.00"
2019-08-26,2019082601006051,SADBL,34,38,100,142.00,"14,200.00"
2019-08-26,2019082601006050,SADBL,39,38,100,142.00,"14,200.00"
2019-08-26,2019082601006049,SADBL,14,38,20,142.00,"2,840.00"
2019-08-26,2019082601006280,SANIMA,47,33,242,348.00,"84,216.00"
2019-08-26,2019082601006279,SANIMA,47,33,150,348.00,"52,200.00"
2019-08-26,2019082601006278,SANIMA,47,33,178,348.00,"61,944.00"
2019-08-26,2019082601006277,SANIMA,45,33,430,349.00,"150,070.00"
2019-08-26,2019082601006056,SANIMA,47,7,22,348.00,"7,656.00"
2019-08-26,2019082601006055,SANIMA,47,7,128,348.00,"44,544.00"
2019-08-26,2019082601006479,SBI,36,36,12,448.00,"5,376.00"
2019-08-26,2019082601006414,SCB,41,42,100,625.00,"62,500.00"
2019-08-26,2019082601006301,SCB,14,42,100,625.00,"62,500.00"
2019-08-26,2019082601006046,SCB,45,58,20,623.00,"12,460.00"
2019-08-26,2019082601006045,SCB,14,58,50,623.00,"31,150.00"
2019-08-26,2019082601006044,SCB,45,58,50,624.00,"31,200.00"
2019-08-26,2019082601006043,SCB,22,58,10,624.00,"6,240.00"
2019-08-26,2019082601006042,SCB,8,58,60,624.00,"37,440.00"
2019-08-26,2019082601006260,SCB,7,42,50,625.00,"31,250.00"
2019-08-26,2019082601006224,SCB,45,42,100,625.00,"62,500.00"
2019-08-26,2019082601006100,SCB,22,35,20,624.00,"12,480.00"
2019-08-26,2019082601006048,SCB,45,58,410,622.00,"255,020.00"
2019-08-26,2019082601006047,SCB,42,58,200,623.00,"124,600.00"
2019-08-26,2019082601006483,SDESI,45,45,15,634.00,"9,510.00"
2019-08-26,2019082601006482,SDESI,45,51,178,634.00,"112,852.00"
2019-08-26,2019082601006153,SDESI,38,38,11,627.00,"6,897.00"
2019-08-26,2019082601006134,SFFIL,45,7,115,260.00,"29,900.00"
2019-08-26,2019082601006350,SHIVM,32,34,30,573.00,"17,190.00"
2019-08-26,2019082601006094,SHIVM,3,5,100,571.00,"57,100.00"
2019-08-26,2019082601006093,SHIVM,52,5,200,571.00,"114,200.00"
2019-08-26,2019082601006092,SHIVM,7,5,300,571.00,"171,300.00"
2019-08-26,2019082601006041,SHIVM,41,17,50,572.00,"28,600.00"
2019-08-26,2019082601006450,SHL,45,17,400,228.00,"91,200.00"
2019-08-26,2019082601006526,SHPC,22,58,100,221.00,"22,100.00"
2019-08-26,2019082601006525,SHPC,25,58,10,221.00,"2,210.00"
2019-08-26,2019082601006189,SHPC,34,47,"1,837",220.00,"404,140.00"
2019-08-26,2019082601006188,SHPC,59,47,30,220.00,"6,600.00"
2019-08-26,2019082601006187,SHPC,17,47,"1,000",220.00,"220,000.00"
2019-08-26,2019082601006186,SHPC,17,47,"1,000",221.00,"221,000.00"
2019-08-26,2019082601006185,SHPC,20,47,133,221.00,"29,393.00"
2019-08-26,2019082601006084,SHPC,20,25,67,221.00,"14,807.00"
2019-08-26,2019082601006083,SHPC,20,25,10,221.00,"2,210.00"
2019-08-26,2019082601006082,SHPC,20,25,10,222.00,"2,220.00"
2019-08-26,2019082601006481,SICL,57,34,10,769.00,"7,690.00"
2019-08-26,2019082601006267,SIL,22,39,10,417.00,"4,170.00"
2019-08-26,2019082601006246,SIL,25,39,10,417.00,"4,170.00"
2019-08-26,2019082601006235,SIL,25,22,150,409.00,"61,350.00"
2019-08-26,2019082601006079,SIL,22,42,62,402.00,"24,924.00"
2019-08-26,2019082601006078,SIL,7,42,79,403.00,"31,837.00"
2019-08-26,2019082601006328,SINDU,54,52,10,128.00,"1,280.00"
2019-08-26,2019082601006528,SJCL,46,34,70,206.00,"14,420.00"
2019-08-26,2019082601006527,SJCL,46,56,20,206.00,"4,120.00"
2019-08-26,2019082601006524,SJCL,46,59,20,206.00,"4,120.00"
2019-08-26,2019082601006510,SJCL,46,7,140,206.00,"28,840.00"
2019-08-26,2019082601006509,SJCL,48,7,200,206.00,"41,200.00"
2019-08-26,2019082601006508,SJCL,37,7,60,206.00,"12,360.00"
2019-08-26,2019082601006132,SJCL,42,1,60,206.00,"12,360.00"
2019-08-26,2019082601006131,SJCL,13,1,270,206.00,"55,620.00"
2019-08-26,2019082601006119,SJCL,13,45,20,206.00,"4,120.00"
2019-08-26,2019082601006113,SJCL,13,59,20,206.00,"4,120.00"
2019-08-26,2019082601006106,SJCL,13,58,10,206.00,"2,060.00"
2019-08-26,2019082601006158,SJCL,59,42,20,206.00,"4,120.00"
2019-08-26,2019082601006155,SJCL,59,57,20,206.00,"4,120.00"
2019-08-26,2019082601006148,SJCL,59,59,20,206.00,"4,120.00"
2019-08-26,2019082601006136,SJCL,59,38,20,206.00,"4,120.00"
2019-08-26,2019082601006135,SJCL,59,57,20,206.00,"4,120.00"
2019-08-26,2019082601006133,SJCL,59,1,70,206.00,"14,420.00"
2019-08-26,2019082601006210,SJCL,59,58,20,206.00,"4,120.00"
2019-08-26,2019082601006193,SJCL,59,57,20,206.00,"4,120.00"
2019-08-26,2019082601006178,SJCL,59,38,20,206.00,"4,120.00"
2019-08-26,2019082601006175,SJCL,59,49,20,206.00,"4,120.00"
2019-08-26,2019082601006166,SJCL,59,20,20,206.00,"4,120.00"
2019-08-26,2019082601006161,SJCL,59,58,20,206.00,"4,120.00"
2019-08-26,2019082601006259,SJCL,59,38,20,206.00,"4,120.00"
2019-08-26,2019082601006249,SJCL,59,35,20,206.00,"4,120.00"
2019-08-26,2019082601006243,SJCL,59,49,10,206.00,"2,060.00"
2019-08-26,2019082601006236,SJCL,59,38,20,206.00,"4,120.00"
2019-08-26,2019082601006215,SJCL,59,38,20,206.00,"4,120.00"
2019-08-26,2019082601006314,SJCL,59,32,20,206.00,"4,120.00"
2019-08-26,2019082601006302,SJCL,59,59,20,206.00,"4,120.00"
2019-08-26,2019082601006295,SJCL,59,38,20,206.00,"4,120.00"
2019-08-26,2019082601006283,SJCL,59,20,20,206.00,"4,120.00"
2019-08-26,2019082601006275,SJCL,59,57,10,206.00,"2,060.00"
2019-08-26,2019082601006268,SJCL,59,58,20,206.00,"4,120.00"
2019-08-26,2019082601006357,SJCL,42,59,10,206.00,"2,060.00"
2019-08-26,2019082601006352,SJCL,20,58,10,206.00,"2,060.00"
2019-08-26,2019082601006348,SJCL,20,38,10,206.00,"2,060.00"
2019-08-26,2019082601006347,SJCL,59,38,10,206.00,"2,060.00"
2019-08-26,2019082601006433,SJCL,42,51,120,206.00,"24,720.00"
2019-08-26,2019082601006423,SJCL,42,38,20,206.00,"4,120.00"
2019-08-26,2019082601006404,SJCL,42,41,10,206.00,"2,060.00"
2019-08-26,2019082601006370,SJCL,42,59,20,206.00,"4,120.00"
2019-08-26,2019082601006367,SJCL,42,59,10,206.00,"2,060.00"
2019-08-26,2019082601006361,SJCL,42,41,10,206.00,"2,060.00"
2019-08-26,2019082601006488,SJCL,37,58,10,206.00,"2,060.00"
2019-08-26,2019082601006449,SJCL,44,34,265,207.00,"54,855.00"
2019-08-26,2019082601006448,SJCL,44,6,135,207.00,"27,945.00"
2019-08-26,2019082601006436,SJCL,37,51,80,206.00,"16,480.00"
2019-08-26,2019082601006435,SJCL,37,51,500,206.00,"103,000.00"
2019-08-26,2019082601006434,SJCL,37,51,300,206.00,"61,800.00"
2019-08-26,2019082601006536,SKBBL,29,25,129,979.00,"126,291.00"
2019-08-26,2019082601006451,SKBBL,5,14,14,980.00,"13,720.00"
2019-08-26,2019082601006341,SLBBL,38,34,10,573.00,"5,730.00"
2019-08-26,2019082601006245,SLBBL,42,57,20,570.00,"11,400.00"
2019-08-26,2019082601006244,SLBBL,41,57,138,570.00,"78,660.00"
2019-08-26,2019082601006380,SLBSL,52,39,10,749.00,"7,490.00"
2019-08-26,2019082601006379,SLBSL,52,58,10,745.00,"7,450.00"
2019-08-26,2019082601006366,SLBSL,52,43,10,744.00,"7,440.00"
2019-08-26,2019082601006105,SLICL,52,55,96,287.00,"27,552.00"
2019-08-26,2019082601006104,SLICL,52,55,200,287.00,"57,400.00"
2019-08-26,2019082601006103,SLICL,16,55,142,287.00,"40,754.00"
2019-08-26,2019082601006102,SLICL,45,55,50,288.00,"14,400.00"
2019-08-26,2019082601006101,SLICL,11,55,20,288.00,"5,760.00"
2019-08-26,2019082601006274,SMATA,56,38,10,"1,290.00","12,900.00"
2019-08-26,2019082601006424,SMFBS,34,56,10,812.00,"8,120.00"
2019-08-26,2019082601006402,SMFBS,57,28,10,813.00,"8,130.00"
2019-08-26,2019082601006154,SMFBS,18,17,10,800.00,"8,000.00"
2019-08-26,2019082601006067,SMFBS,20,28,20,800.00,"16,000.00"
2019-08-26,2019082601006066,SMFBS,34,28,200,800.00,"160,000.00"
2019-08-26,2019082601006065,SMFBS,34,28,27,800.00,"21,600.00"
2019-08-26,2019082601006064,SMFBS,57,28,30,802.00,"24,060.00"
2019-08-26,2019082601006293,SMFDB,52,45,20,553.00,"11,060.00"
2019-08-26,2019082601006281,SPARS,11,57,30,596.00,"17,880.00"
2019-08-26,2019082601006220,SPARS,52,57,10,599.00,"5,990.00"
2019-08-26,2019082601006063,SPDL,7,38,29,82.00,"2,378.00"
2019-08-26,2019082601006190,SRBL,45,57,44,230.00,"10,120.00"
2019-08-26,2019082601006513,TRH,3,29,300,300.00,"90,000.00"
2019-08-26,2019082601006221,TRH,44,58,700,299.00,"209,300.00"
2019-08-26,2019082601006098,TRH,45,8,500,299.00,"149,500.00"
2019-08-26,2019082601006097,TRH,44,8,200,299.00,"59,800.00"
2019-08-26,2019082601006321,UIC,38,19,82,293.00,"24,026.00"
2019-08-26,2019082601006320,UIC,52,19,18,294.00,"5,292.00"
2019-08-26,2019082601006091,UIC,52,7,32,294.00,"9,408.00"
2019-08-26,2019082601006090,UIC,22,7,50,294.00,"14,700.00"
2019-08-26,2019082601006089,UIC,47,7,18,294.00,"5,292.00"
2019-08-26,2019082601006313,UMHL,36,38,14,105.00,"1,470.00"
2019-08-26,2019082601006183,UNHPL,49,37,50,60.00,"3,000.00"
2019-08-26,2019082601006182,UNHPL,49,37,30,60.00,"1,800.00"
2019-08-26,2019082601006505,UPCL,59,34,230,77.00,"17,710.00"
2019-08-26,2019082601006340,UPCL,59,35,140,77.00,"10,780.00"
2019-08-26,2019082601006339,UPCL,45,35,360,77.00,"27,720.00"
2019-08-26,2019082601006179,UPCL,45,41,50,77.00,"3,850.00"
2019-08-26,2019082601006162,UPCL,45,41,50,77.00,"3,850.00"
2019-08-26,2019082601006537,UPPER,16,38,50,249.00,"12,450.00"
2019-08-26,2019082601006521,UPPER,39,1,100,250.00,"25,000.00"
2019-08-26,2019082601006232,UPPER,11,1,500,250.00,"125,000.00"
2019-08-26,2019082601006231,UPPER,11,58,500,250.00,"125,000.00"
2019-08-26,2019082601006138,UPPER,16,6,50,249.00,"12,450.00"
2019-08-26,2019082601006270,VLBS,58,39,10,580.00,"5,800.00"
2019-08-26,2019082601006269,VLBS,55,39,90,585.00,"52,650.00"
2019-08-26,2019082601005852,ADBL,43,43,25,425.00,"10,625.00"
2019-08-26,2019082601005851,ADBL,34,43,975,425.00,"414,375.00"
2019-08-26,2019082601005811,ADBL,34,25,40,425.00,"17,000.00"
2019-08-26,2019082601005716,ADBL,38,43,50,426.00,"21,300.00"
2019-08-26,2019082601005682,ADBL,6,43,50,426.00,"21,300.00"
2019-08-26,2019082601005671,ADBL,55,43,10,426.00,"4,260.00"
2019-08-26,2019082601005577,ADBL,34,11,985,425.00,"418,625.00"
2019-08-26,2019082601005576,ADBL,6,11,50,425.00,"21,250.00"
2019-08-26,2019082601005575,ADBL,25,11,25,425.00,"10,625.00"
2019-08-26,2019082601005792,AHPC,32,45,100,101.00,"10,100.00"
2019-08-26,2019082601005847,AKJCL,25,25,20,63.00,"1,260.00"
2019-08-26,2019082601005834,AKJCL,25,25,10,63.00,630.00
2019-08-26,2019082601005833,AKJCL,45,25,10,64.00,640.00
2019-08-26,2019082601005549,AKPL,25,40,11,159.00,"1,749.00"
2019-08-26,2019082601005881,ALBSL,17,19,10,444.00,"4,440.00"
2019-08-26,2019082601005984,API,43,29,160,125.00,"20,000.00"
2019-08-26,2019082601005708,API,25,41,150,126.00,"18,900.00"
2019-08-26,2019082601005583,API,25,41,21,126.00,"2,646.00"
2019-08-26,2019082601006008,BFC,47,58,127,91.00,"11,557.00"
2019-08-26,2019082601006007,BFC,3,58,20,91.00,"1,820.00"
2019-08-26,2019082601005983,BFC,8,51,500,92.00,"46,000.00"
2019-08-26,2019082601005982,BFC,22,51,"1,000",92.00,"92,000.00"
2019-08-26,2019082601005985,BOKL,35,10,97,256.00,"24,832.00"
2019-08-26,2019082601005596,BOKL,35,59,96,256.00,"24,576.00"
2019-08-26,2019082601005595,BOKL,42,59,30,256.00,"7,680.00"
2019-08-26,2019082601005594,BOKL,16,59,21,256.00,"5,376.00"
2019-08-26,2019082601005747,BPCL,52,52,140,377.00,"52,780.00"
2019-08-26,2019082601005746,BPCL,51,52,40,378.00,"15,120.00"
2019-08-26,2019082601006017,CBL,58,38,209,145.00,"30,305.00"
2019-08-26,2019082601006016,CBL,48,38,200,145.00,"29,000.00"
2019-08-26,2019082601006015,CBL,38,38,500,145.00,"72,500.00"
2019-08-26,2019082601006014,CBL,59,38,"1,053",145.00,"152,685.00"
2019-08-26,2019082601006013,CBL,5,38,38,146.00,"5,548.00"
2019-08-26,2019082601005580,CBL,59,8,109,145.00,"15,805.00"
2019-08-26,2019082601005598,CCBL,7,8,225,156.00,"35,100.00"
2019-08-26,2019082601006028,CHCL,55,38,445,446.00,"198,470.00"
2019-08-26,2019082601005697,CHCL,28,36,150,445.00,"66,750.00"
2019-08-26,2019082601005696,CHCL,28,41,500,445.00,"222,500.00"
2019-08-26,2019082601005695,CHCL,28,44,200,445.00,"89,000.00"
2019-08-26,2019082601006030,CHL,8,38,34,76.00,"2,584.00"
2019-08-26,2019082601005715,CIT,11,55,32,"2,365.00","75,680.00"
2019-08-26,2019082601005714,CIT,45,55,10,"2,370.00","23,700.00"
2019-08-26,2019082601005713,CIT,52,55,10,"2,370.00","23,700.00"
2019-08-26,2019082601005712,CIT,42,55,20,"2,375.00","47,500.00"
2019-08-26,2019082601005711,CIT,48,55,20,"2,375.00","47,500.00"
2019-08-26,2019082601005553,CLBSL,58,58,1,515.00,515.00
2019-08-26,2019082601005727,CZBIL,28,55,700,215.00,"150,500.00"
2019-08-26,2019082601005675,CZBIL,28,14,542,215.00,"116,530.00"
2019-08-26,2019082601005674,CZBIL,28,59,448,215.00,"96,320.00"
2019-08-26,2019082601005628,CZBIL,6,59,30,215.00,"6,450.00"
2019-08-26,2019082601005977,DBBL,44,26,"2,251",133.00,"299,383.00"
2019-08-26,2019082601005614,DBBL,44,32,"2,251",132.00,"297,132.00"
2019-08-26,2019082601005726,DDBL,38,52,100,742.00,"74,200.00"
2019-08-26,2019082601006005,EBL,6,35,52,648.00,"33,696.00"
2019-08-26,2019082601006004,EBL,41,35,81,648.00,"52,488.00"
2019-08-26,2019082601005744,EBL,41,36,50,648.00,"32,400.00"
2019-08-26,2019082601005743,EBL,41,20,369,648.00,"239,112.00"
2019-08-26,2019082601005700,EBL,34,20,61,648.00,"39,528.00"
2019-08-26,2019082601005690,EBL,41,34,61,647.00,"39,467.00"
2019-08-26,2019082601005754,FMDBL,28,4,500,386.00,"193,000.00"
2019-08-26,2019082601005689,GBBL,58,16,73,213.00,"15,549.00"
2019-08-26,2019082601005818,GBLBS,34,16,10,356.00,"3,560.00"
2019-08-26,2019082601005728,GBLBS,34,46,10,356.00,"3,560.00"
2019-08-26,2019082601005678,GBLBS,34,46,10,356.00,"3,560.00"
2019-08-26,2019082601005613,GBLBS,34,52,60,356.00,"21,360.00"
2019-08-26,2019082601005809,GDBL,48,58,100,205.00,"20,500.00"
2019-08-26,2019082601005779,GFCL,39,59,"1,000",138.00,"138,000.00"
2019-08-26,2019082601005868,GLBSL,5,46,10,480.00,"4,800.00"
2019-08-26,2019082601005823,GLBSL,38,38,10,488.00,"4,880.00"
2019-08-26,2019082601005822,GLBSL,38,6,10,485.00,"4,850.00"
2019-08-26,2019082601005729,GLBSL,5,6,10,480.00,"4,800.00"
2019-08-26,2019082601005610,GLBSL,5,58,10,480.00,"4,800.00"
2019-08-26,2019082601005558,GLICL,58,26,60,443.00,"26,580.00"
2019-08-26,2019082601005915,GMFBS,38,38,10,517.00,"5,170.00"
2019-08-26,2019082601006003,HBL,26,1,16,550.00,"8,800.00"
2019-08-26,2019082601006002,HBL,26,41,84,550.00,"46,200.00"
2019-08-26,2019082601005906,HBL,45,25,160,548.00,"87,680.00"
2019-08-26,2019082601005787,HBL,45,41,20,548.00,"10,960.00"
2019-08-26,2019082601005725,HBL,39,8,200,549.00,"109,800.00"
2019-08-26,2019082601005660,HPPL,22,8,10,149.00,"1,490.00"
2019-08-26,2019082601005796,ICFC,55,57,70,161.00,"11,270.00"
2019-08-26,2019082601005938,IGI,38,34,60,329.00,"19,740.00"
2019-08-26,2019082601005556,IGI,48,13,50,325.00,"16,250.00"
2019-08-26,2019082601005557,IGI,56,13,20,325.00,"6,500.00"
2019-08-26,2019082601006033,ILBS,56,50,10,460.00,"4,600.00"
2019-08-26,2019082601005993,ILBS,25,47,10,460.00,"4,600.00"
2019-08-26,2019082601005970,ILBS,26,25,160,455.00,"72,800.00"
2019-08-26,2019082601005909,ILBS,26,51,200,455.00,"91,000.00"
2019-08-26,2019082601005899,ILBS,26,46,10,455.00,"4,550.00"
2019-08-26,2019082601005877,ILBS,38,38,10,456.00,"4,560.00"
2019-08-26,2019082601006001,JBBL,47,38,"1,729",159.00,"274,911.00"
2019-08-26,2019082601005863,JOSHI,22,25,20,66.00,"1,320.00"
2019-08-26,2019082601005978,KBL,32,57,"1,818",201.00,"365,418.00"
2019-08-26,2019082601005961,KBL,32,35,300,201.00,"60,300.00"
2019-08-26,2019082601005949,KBL,57,34,67,202.00,"13,534.00"
2019-08-26,2019082601005948,KBL,57,58,33,202.00,"6,666.00"
2019-08-26,2019082601005816,KBL,32,42,106,201.00,"21,306.00"
2019-08-26,2019082601005710,KBL,45,58,500,202.00,"101,000.00"
2019-08-26,2019082601005673,KBL,32,8,"1,027",201.00,"206,427.00"
2019-08-26,2019082601005547,KKHC,51,34,16,57.00,912.00
2019-08-26,2019082601005601,KPCL,56,38,10,81.00,810.00
2019-08-26,2019082601005782,KRBL,1,58,13,108.00,"1,404.00"
2019-08-26,2019082601005902,LBBL,33,49,730,177.00,"129,210.00"
2019-08-26,2019082601005901,LBBL,26,49,"1,000",177.00,"177,000.00"
2019-08-26,2019082601005900,LBBL,55,49,70,178.00,"12,460.00"
2019-08-26,2019082601005924,LBL,51,34,297,214.00,"63,558.00"
2019-08-26,2019082601005923,LBL,51,44,100,214.00,"21,400.00"
2019-08-26,2019082601005922,LBL,51,40,45,214.00,"9,630.00"
2019-08-26,2019082601005703,LBL,45,41,206,213.00,"43,878.00"
2019-08-26,2019082601005637,LGIL,55,49,200,388.00,"77,600.00"
2019-08-26,2019082601006036,LICN,56,35,83,"1,087.00","90,221.00"
2019-08-26,2019082601005780,LICN,25,35,10,"1,084.00","10,840.00"
2019-08-26,2019082601005617,LICN,25,25,10,"1,063.00","10,630.00"
2019-08-26,2019082601005973,MBL,57,58,100,253.00,"25,300.00"
2019-08-26,2019082601005927,MBL,17,50,450,252.00,"113,400.00"
2019-08-26,2019082601005701,MEGA,6,8,70,197.00,"13,790.00"
2019-08-26,2019082601005702,MEGA,11,8,114,197.00,"22,458.00"
2019-08-26,2019082601005850,MEGA,36,36,100,198.00,"19,800.00"
2019-08-26,2019082601005936,MERO,26,41,50,560.00,"28,000.00"
2019-08-26,2019082601005757,MERO,26,1,305,560.00,"170,800.00"
2019-08-26,2019082601005752,MERO,17,1,20,560.00,"11,200.00"
2019-08-26,2019082601005749,MERO,38,1,10,560.00,"5,600.00"
2019-08-26,2019082601005722,MERO,56,1,30,560.00,"16,800.00"
2019-08-26,2019082601005684,MERO,57,3,25,565.00,"14,125.00"
2019-08-26,2019082601005591,MERO,42,3,100,566.00,"56,600.00"
2019-08-26,2019082601005590,MERO,26,44,150,570.00,"85,500.00"
2019-08-26,2019082601005589,MERO,26,34,50,570.00,"28,500.00"
2019-08-26,2019082601005721,MERO,10,1,145,561.00,"81,345.00"
2019-08-26,2019082601005720,MERO,49,1,100,562.00,"56,200.00"
2019-08-26,2019082601005719,MERO,59,1,53,562.00,"29,786.00"
2019-08-26,2019082601005718,MERO,11,1,17,563.00,"9,571.00"
2019-08-26,2019082601005717,MERO,29,1,20,564.00,"11,280.00"
2019-08-26,2019082601005685,MERO,11,3,33,563.00,"18,579.00"
2019-08-26,2019082601005967,MLBL,13,8,64,208.00,"13,312.00"
2019-08-26,2019082601005679,MLBL,51,44,64,208.00,"13,312.00"
2019-08-26,2019082601006022,MNBBL,29,45,392,326.00,"127,792.00"
2019-08-26,2019082601006020,MNBBL,38,45,15,326.00,"4,890.00"
2019-08-26,2019082601006011,MNBBL,38,45,38,326.00,"12,388.00"
2019-08-26,2019082601006006,MNBBL,38,45,35,326.00,"11,410.00"
2019-08-26,2019082601005998,MNBBL,38,45,20,326.00,"6,520.00"
2019-08-26,2019082601005994,MNBBL,38,51,15,326.00,"4,890.00"
2019-08-26,2019082601005582,MNBBL,47,45,35,326.00,"11,410.00"
2019-08-26,2019082601005581,MNBBL,47,45,20,326.00,"6,520.00"
2019-08-26,2019082601005608,MNBBL,33,45,280,325.00,"91,000.00"
2019-08-26,2019082601005607,MNBBL,47,45,20,325.00,"6,500.00"
2019-08-26,2019082601005606,MNBBL,47,45,20,325.00,"6,500.00"
2019-08-26,2019082601005605,MNBBL,47,45,20,325.00,"6,500.00"
2019-08-26,2019082601005604,MNBBL,47,45,20,325.00,"6,500.00"
2019-08-26,2019082601005603,MNBBL,7,45,75,325.00,"24,375.00"
2019-08-26,2019082601005788,MNBBL,38,45,20,326.00,"6,520.00"
2019-08-26,2019082601005781,MNBBL,38,45,25,326.00,"8,150.00"
2019-08-26,2019082601005778,MNBBL,38,45,20,326.00,"6,520.00"
2019-08-26,2019082601005773,MNBBL,38,45,25,326.00,"8,150.00"
2019-08-26,2019082601005771,MNBBL,38,45,25,326.00,"8,150.00"
2019-08-26,2019082601005755,MNBBL,38,45,350,326.00,"114,100.00"
2019-08-26,2019082601005980,MNBBL,38,51,15,326.00,"4,890.00"
2019-08-26,2019082601005810,MNBBL,38,45,15,326.00,"4,890.00"
2019-08-26,2019082601005794,MNBBL,38,45,20,326.00,"6,520.00"
2019-08-26,2019082601005981,NABIL,26,28,50,775.00,"38,750.00"
2019-08-26,2019082601005869,NABIL,5,28,20,775.00,"15,500.00"
2019-08-26,2019082601006009,NADEP,45,38,500,466.00,"233,000.00"
2019-08-26,2019082601005921,NADEP,45,46,10,466.00,"4,660.00"
2019-08-26,2019082601005920,NADEP,51,46,10,466.00,"4,660.00"
2019-08-26,2019082601005707,NADEP,59,38,50,467.00,"23,350.00"
2019-08-26,2019082601005706,NADEP,17,38,30,468.00,"14,040.00"
2019-08-26,2019082601006038,NBB,45,34,105,213.00,"22,365.00"
2019-08-26,2019082601006037,NBB,45,13,365,213.00,"77,745.00"
2019-08-26,2019082601005625,NBB,56,38,300,213.00,"63,900.00"
2019-08-26,2019082601005670,NBB,6,13,635,213.00,"135,255.00"
2019-08-26,2019082601005669,NBB,6,38,365,213.00,"77,745.00"
2019-08-26,2019082601006039,NBL,34,50,400,322.00,"128,800.00"
2019-08-26,2019082601006026,NBL,34,38,200,322.00,"64,400.00"
2019-08-26,2019082601006025,NBL,26,38,310,322.00,"99,820.00"
2019-08-26,2019082601006024,NBL,6,38,500,322.00,"161,000.00"
2019-08-26,2019082601006023,NBL,34,38,490,322.00,"157,780.00"
2019-08-26,2019082601005786,NBL,34,32,180,322.00,"57,960.00"
2019-08-26,2019082601005736,NBL,38,32,100,323.00,"32,300.00"
2019-08-26,2019082601005683,NBL,6,32,50,323.00,"16,150.00"
2019-08-26,2019082601005665,NBL,1,32,300,323.00,"96,900.00"
2019-08-26,2019082601005917,NCCB,57,35,200,203.00,"40,600.00"
2019-08-26,2019082601005659,NCCB,36,34,770,204.00,"157,080.00"
2019-08-26,2019082601005658,NCCB,36,55,570,204.00,"116,280.00"
2019-08-26,2019082601005657,NCCB,36,55,500,204.00,"102,000.00"
2019-08-26,2019082601005656,NCCB,36,6,200,204.00,"40,800.00"
2019-08-26,2019082601005655,NCCB,36,50,"1,000",204.00,"204,000.00"
2019-08-26,2019082601005654,NCCB,36,57,180,204.00,"36,720.00"
2019-08-26,2019082601005653,NCCB,36,35,80,204.00,"16,320.00"
2019-08-26,2019082601005630,NCCB,57,44,15,203.00,"3,045.00"
2019-08-26,2019082601005629,NCCB,28,44,85,203.00,"17,255.00"
2019-08-26,2019082601005873,NEF,11,47,198,7.99,"1,582.02"
2019-08-26,2019082601005631,NEF,11,34,"2,414",7.99,"19,287.86"
2019-08-26,2019082601005667,NGPL,38,38,1,112.00,112.00
2019-08-26,2019082601005592,NGPL,1,38,11,112.00,"1,232.00"
2019-08-26,2019082601006027,NHPC,55,56,90,58.00,"5,220.00"
2019-08-26,2019082601005911,NHPC,41,56,400,58.00,"23,200.00"
2019-08-26,2019082601005910,NHPC,6,56,500,58.00,"29,000.00"
2019-08-26,2019082601005930,NIB,41,18,58,466.00,"27,028.00"
2019-08-26,2019082601005876,NIB,16,58,14,465.00,"6,510.00"
2019-08-26,2019082601005875,NIB,55,58,38,465.00,"17,670.00"
2019-08-26,2019082601005874,NIB,36,58,104,465.00,"48,360.00"
2019-08-26,2019082601005748,NIB,55,58,10,466.00,"4,660.00"
2019-08-26,2019082601005668,NIB,36,4,50,465.00,"23,250.00"
2019-08-26,2019082601005586,NIB,1,51,50,467.00,"23,350.00"
2019-08-26,2019082601005650,NIBLPF,26,34,100,6.71,671.00
2019-08-26,2019082601005649,NIBLPF,26,34,"2,450",6.72,"16,464.00"
2019-08-26,2019082601005546,NIBPO,38,47,100,433.00,"43,300.00"
2019-08-26,2019082601005996,NICA,26,6,36,447.00,"16,092.00"
2019-08-26,2019082601005995,NICA,26,58,14,447.00,"6,258.00"
2019-08-26,2019082601005895,NICA,22,59,10,446.00,"4,460.00"
2019-08-26,2019082601005894,NICA,34,59,100,446.00,"44,600.00"
2019-08-26,2019082601005893,NICA,48,59,100,446.00,"44,600.00"
2019-08-26,2019082601005892,NICA,14,59,100,446.00,"44,600.00"
2019-08-26,2019082601005584,NICA,53,4,200,447.00,"89,400.00"
2019-08-26,2019082601005543,NICA,10,4,100,447.00,"44,700.00"
2019-08-26,2019082601005840,NICA,10,59,834,447.00,"372,798.00"
2019-08-26,2019082601005742,NICA,10,55,166,447.00,"74,202.00"
2019-08-26,2019082601005741,NICA,49,55,32,447.00,"14,304.00"
2019-08-26,2019082601005626,NICA,10,6,225,448.00,"100,800.00"
2019-08-26,2019082601005602,NICA,49,4,18,447.00,"8,046.00"
2019-08-26,2019082601005597,NICA,53,4,200,447.00,"89,400.00"
2019-08-26,2019082601005861,NICA,34,59,966,446.00,"430,836.00"
2019-08-26,2019082601005860,NICA,57,59,250,446.00,"111,500.00"
2019-08-26,2019082601005859,NICA,41,59,100,446.00,"44,600.00"
2019-08-26,2019082601005843,NICA,3,59,100,447.00,"44,700.00"
2019-08-26,2019082601005842,NICA,6,59,150,447.00,"67,050.00"
2019-08-26,2019082601005841,NICA,26,59,100,447.00,"44,700.00"
2019-08-26,2019082601005891,NICA,44,59,100,446.00,"44,600.00"
2019-08-26,2019082601005890,NICA,44,59,500,446.00,"223,000.00"
2019-08-26,2019082601005889,NICA,45,59,500,446.00,"223,000.00"
2019-08-26,2019082601005888,NICA,20,59,50,446.00,"22,300.00"
2019-08-26,2019082601005887,NICA,29,59,"1,000",446.00,"446,000.00"
2019-08-26,2019082601005886,NICA,34,59,34,446.00,"15,164.00"
2019-08-26,2019082601005807,NICL,19,44,50,291.00,"14,550.00"
2019-08-26,2019082601005664,NLBBL,26,42,18,555.00,"9,990.00"
2019-08-26,2019082601005663,NLBBL,14,42,12,555.00,"6,660.00"
2019-08-26,2019082601005662,NLBBL,10,42,20,556.00,"11,120.00"
2019-08-26,2019082601005661,NLBBL,7,42,100,556.00,"55,600.00"
2019-08-26,2019082601005828,NLG,25,25,10,630.00,"6,300.00"
2019-08-26,2019082601005976,NLIC,50,46,17,842.00,"14,314.00"
2019-08-26,2019082601005972,NLIC,17,4,233,848.00,"197,584.00"
2019-08-26,2019082601005971,NLIC,17,25,17,847.00,"14,399.00"
2019-08-26,2019082601005905,NLIC,57,4,17,842.00,"14,314.00"
2019-08-26,2019082601005791,NLIC,8,46,17,841.00,"14,297.00"
2019-08-26,2019082601005737,NLIC,8,46,17,841.00,"14,297.00"
2019-08-26,2019082601005560,NLIC,22,4,50,842.00,"42,100.00"
2019-08-26,2019082601005559,NLIC,21,4,80,843.00,"67,440.00"
2019-08-26,2019082601005566,NLIC,43,4,42,840.00,"35,280.00"
2019-08-26,2019082601005565,NLIC,45,4,26,841.00,"21,866.00"
2019-08-26,2019082601005564,NLIC,51,4,100,841.00,"84,100.00"
2019-08-26,2019082601005563,NLIC,55,4,50,842.00,"42,100.00"
2019-08-26,2019082601005562,NLIC,45,4,50,842.00,"42,100.00"
2019-08-26,2019082601005561,NLIC,19,4,70,842.00,"58,940.00"
2019-08-26,2019082601005692,NLIC,4,4,983,842.00,"827,686.00"
2019-08-26,2019082601005691,NLIC,4,46,17,842.00,"14,314.00"
2019-08-26,2019082601005570,NLIC,57,4,200,840.00,"168,000.00"
2019-08-26,2019082601005569,NLIC,13,4,25,840.00,"21,000.00"
2019-08-26,2019082601005568,NLIC,14,4,100,840.00,"84,000.00"
2019-08-26,2019082601005567,NLIC,17,4,200,840.00,"168,000.00"
2019-08-26,2019082601005821,NLICL,45,32,13,547.00,"7,111.00"
2019-08-26,2019082601005633,NMBHF1,22,34,"3,524",9.67,"34,077.08"
2019-08-26,2019082601005593,NMBHF1,1,34,637,9.67,"6,159.79"
2019-08-26,2019082601005898,NMBMF,36,26,10,"1,060.00","10,600.00"
2019-08-26,2019082601005578,NMBMF,47,58,25,"1,060.00","26,500.00"
2019-08-26,2019082601005801,NTC,58,49,40,670.00,"26,800.00"
2019-08-26,2019082601005763,NTC,59,49,10,672.00,"6,720.00"
2019-08-26,2019082601005762,NTC,59,16,10,669.00,"6,690.00"
2019-08-26,2019082601005761,NTC,59,39,10,667.00,"6,670.00"
2019-08-26,2019082601005642,NTC,13,32,20,666.00,"13,320.00"
2019-08-26,2019082601005641,NTC,13,32,20,666.00,"13,320.00"
2019-08-26,2019082601005640,NTC,26,32,30,666.00,"19,980.00"
2019-08-26,2019082601005694,NTC,34,22,20,665.00,"13,300.00"
2019-08-26,2019082601005693,NTC,6,22,80,666.00,"53,280.00"
2019-08-26,2019082601005644,NTC,6,32,20,666.00,"13,320.00"
2019-08-26,2019082601005643,NTC,34,32,10,666.00,"6,660.00"
2019-08-26,2019082601005734,OHL,44,49,21,580.00,"12,180.00"
2019-08-26,2019082601005777,OHL,57,25,100,589.00,"58,900.00"
2019-08-26,2019082601005776,OHL,57,50,200,589.00,"117,800.00"
2019-08-26,2019082601005770,PCBL,43,55,65,274.00,"17,810.00"
2019-08-26,2019082601005769,PCBL,45,55,133,275.00,"36,575.00"
2019-08-26,2019082601005616,PCBL,45,59,"2,598",275.00,"714,450.00"
2019-08-26,2019082601005681,PFL,13,34,10,132.00,"1,320.00"
2019-08-26,2019082601005680,PFL,35,34,10,133.00,"1,330.00"
2019-08-26,2019082601005997,PIC,10,14,140,437.00,"61,180.00"
2019-08-26,2019082601005991,PIC,10,46,11,437.00,"4,807.00"
2019-08-26,2019082601005829,PIC,40,16,11,437.00,"4,807.00"
2019-08-26,2019082601005797,PIC,39,53,32,441.00,"14,112.00"
2019-08-26,2019082601005750,PIC,40,46,11,437.00,"4,807.00"
2019-08-26,2019082601005926,PMHPL,56,25,10,100.00,"1,000.00"
2019-08-26,2019082601005839,PMHPL,56,16,10,100.00,"1,000.00"
2019-08-26,2019082601005618,PMHPL,56,58,10,100.00,"1,000.00"
2019-08-26,2019082601005937,PPCL,32,25,20,102.00,"2,040.00"
2019-08-26,2019082601005932,PRIN,36,32,100,343.00,"34,300.00"
2019-08-26,2019082601005990,PRVU,34,52,90,265.00,"23,850.00"
2019-08-26,2019082601005989,PRVU,34,52,200,265.00,"53,000.00"
2019-08-26,2019082601005988,PRVU,59,52,"1,000",265.00,"265,000.00"
2019-08-26,2019082601005987,PRVU,32,52,50,265.00,"13,250.00"
2019-08-26,2019082601005986,PRVU,28,52,950,265.00,"251,750.00"
2019-08-26,2019082601005855,PRVU,48,44,200,266.00,"53,200.00"
2019-08-26,2019082601005753,PRVU,34,8,20,265.00,"5,300.00"
2019-08-26,2019082601005677,PRVU,34,58,167,265.00,"44,255.00"
2019-08-26,2019082601005645,PRVU,34,34,200,265.00,"53,000.00"
2019-08-26,2019082601005826,PRVU,28,6,50,265.00,"13,250.00"
2019-08-26,2019082601005825,PRVU,21,6,200,265.00,"53,000.00"
2019-08-26,2019082601005824,PRVU,34,6,50,265.00,"13,250.00"
2019-08-26,2019082601005804,RADHI,58,46,11,136.00,"1,496.00"
2019-08-26,2019082601006040,RHPL,25,41,40,187.00,"7,480.00"
2019-08-26,2019082601006035,RHPL,25,10,10,187.00,"1,870.00"
2019-08-26,2019082601006034,RHPL,8,10,40,187.00,"7,480.00"
2019-08-26,2019082601006029,RHPL,8,41,40,187.00,"7,480.00"
2019-08-26,2019082601006019,RHPL,8,41,20,187.00,"3,740.00"
2019-08-26,2019082601006018,RHPL,41,41,20,187.00,"3,740.00"
2019-08-26,2019082601005623,RHPL,59,38,10,187.00,"1,870.00"
2019-08-26,2019082601005622,RHPL,58,38,20,187.00,"3,740.00"
2019-08-26,2019082601005585,RHPL,58,38,30,187.00,"5,610.00"
2019-08-26,2019082601005571,RHPL,58,28,40,187.00,"7,480.00"
2019-08-26,2019082601005545,RHPL,58,28,30,187.00,"5,610.00"
2019-08-26,2019082601005544,RHPL,37,28,10,187.00,"1,870.00"
2019-08-26,2019082601005709,RHPL,29,26,40,187.00,"7,480.00"
2019-08-26,2019082601005699,RHPL,29,46,50,187.00,"9,350.00"
2019-08-26,2019082601005651,RHPL,29,58,40,187.00,"7,480.00"
2019-08-26,2019082601005639,RHPL,29,26,30,187.00,"5,610.00"
2019-08-26,2019082601005638,RHPL,59,26,10,187.00,"1,870.00"
2019-08-26,2019082601005634,RHPL,59,38,30,187.00,"5,610.00"
2019-08-26,2019082601005813,RHPL,41,52,40,187.00,"7,480.00"
2019-08-26,2019082601005808,RHPL,41,44,40,187.00,"7,480.00"
2019-08-26,2019082601005793,RHPL,41,16,40,187.00,"7,480.00"
2019-08-26,2019082601005775,RHPL,41,8,20,187.00,"3,740.00"
2019-08-26,2019082601005760,RHPL,41,46,40,187.00,"7,480.00"
2019-08-26,2019082601005735,RHPL,29,26,40,187.00,"7,480.00"
2019-08-26,2019082601005845,RHPL,33,6,110,188.00,"20,680.00"
2019-08-26,2019082601005844,RHPL,33,44,10,188.00,"1,880.00"
2019-08-26,2019082601005838,RHPL,41,19,20,187.00,"3,740.00"
2019-08-26,2019082601005837,RHPL,41,44,40,187.00,"7,480.00"
2019-08-26,2019082601005832,RHPL,41,38,40,187.00,"7,480.00"
2019-08-26,2019082601005820,RHPL,41,46,40,187.00,"7,480.00"
2019-08-26,2019082601005907,RHPL,41,19,30,187.00,"5,610.00"
2019-08-26,2019082601005883,RHPL,41,38,40,187.00,"7,480.00"
2019-08-26,2019082601005879,RHPL,41,19,30,187.00,"5,610.00"
2019-08-26,2019082601005878,RHPL,41,44,40,187.00,"7,480.00"
2019-08-26,2019082601005858,RHPL,41,38,30,187.00,"5,610.00"
2019-08-26,2019082601005849,RHPL,41,44,30,187.00,"5,610.00"
2019-08-26,2019082601005962,RHPL,41,44,40,187.00,"7,480.00"
2019-08-26,2019082601005954,RHPL,41,38,30,187.00,"5,610.00"
2019-08-26,2019082601005945,RHPL,41,10,40,187.00,"7,480.00"
2019-08-26,2019082601005944,RHPL,41,38,30,187.00,"5,610.00"
2019-08-26,2019082601005925,RHPL,41,38,40,187.00,"7,480.00"
2019-08-26,2019082601005916,RHPL,41,44,40,187.00,"7,480.00"
2019-08-26,2019082601006010,RHPL,41,10,40,187.00,"7,480.00"
2019-08-26,2019082601006000,RHPL,41,44,40,187.00,"7,480.00"
2019-08-26,2019082601005999,RHPL,41,46,40,187.00,"7,480.00"
2019-08-26,2019082601005992,RHPL,41,10,50,187.00,"9,350.00"
2019-08-26,2019082601005964,RHPL,41,21,30,187.00,"5,610.00"
2019-08-26,2019082601005963,RHPL,41,56,40,187.00,"7,480.00"
2019-08-26,2019082601005872,RRHP,22,16,10,104.00,"1,040.00"
2019-08-26,2019082601005636,RRHP,22,38,10,104.00,"1,040.00"
2019-08-26,2019082601005979,SANIMA,47,26,116,348.00,"40,368.00"
2019-08-26,2019082601005815,SANIMA,47,6,256,348.00,"89,088.00"
2019-08-26,2019082601005814,SANIMA,17,6,44,348.00,"15,312.00"
2019-08-26,2019082601005803,SANIMA,17,56,56,348.00,"19,488.00"
2019-08-26,2019082601005802,SANIMA,57,56,24,348.00,"8,352.00"
2019-08-26,2019082601005756,SANIMA,57,55,260,348.00,"90,480.00"
2019-08-26,2019082601005648,SANIMA,38,34,42,349.00,"14,658.00"
2019-08-26,2019082601005600,SANIMA,41,34,258,349.00,"90,042.00"
2019-08-26,2019082601005599,SANIMA,41,11,42,349.00,"14,658.00"
2019-08-26,2019082601005974,SBL,38,1,520,314.00,"163,280.00"
2019-08-26,2019082601005854,SBL,10,1,980,314.00,"307,720.00"
2019-08-26,2019082601005800,SBL,10,32,20,314.00,"6,280.00"
2019-08-26,2019082601005799,SBL,16,32,10,314.00,"3,140.00"
2019-08-26,2019082601005798,SBL,51,32,70,314.00,"21,980.00"
2019-08-26,2019082601005830,SCB,8,46,20,624.00,"12,480.00"
2019-08-26,2019082601005705,SCB,8,46,20,624.00,"12,480.00"
2019-08-26,2019082601005652,SDESI,38,38,11,626.00,"6,886.00"
2019-08-26,2019082601005627,SDESI,40,38,27,628.00,"16,956.00"
2019-08-26,2019082601005790,SEF,3,8,"2,500",8.80,"22,000.00"
2019-08-26,2019082601006032,SFFIL,45,55,85,260.00,"22,100.00"
2019-08-26,2019082601005975,SFFIL,58,22,20,265.00,"5,300.00"
2019-08-26,2019082601005785,SFFIL,45,22,"1,000",260.00,"260,000.00"
2019-08-26,2019082601005784,SFFIL,56,22,100,260.00,"26,000.00"
2019-08-26,2019082601005783,SFFIL,52,22,50,260.00,"13,000.00"
2019-08-26,2019082601005768,SFFIL,58,7,500,261.00,"130,500.00"
2019-08-26,2019082601005767,SFFIL,34,7,200,265.00,"53,000.00"
2019-08-26,2019082601005766,SFFIL,42,7,20,265.00,"5,300.00"
2019-08-26,2019082601005765,SFFIL,34,7,20,265.00,"5,300.00"
2019-08-26,2019082601005764,SFFIL,57,7,40,266.00,"10,640.00"
2019-08-26,2019082601006031,SHIVM,41,17,50,572.00,"28,600.00"
2019-08-26,2019082601005933,SHIVM,4,10,50,574.00,"28,700.00"
2019-08-26,2019082601005686,SHIVM,22,42,100,572.00,"57,200.00"
2019-08-26,2019082601005676,SHIVM,7,57,100,571.00,"57,100.00"
2019-08-26,2019082601005612,SHL,25,7,100,228.00,"22,800.00"
2019-08-26,2019082601005611,SHL,29,7,240,228.00,"54,720.00"
2019-08-26,2019082601005885,SIL,25,22,12,409.00,"4,908.00"
2019-08-26,2019082601005733,SIL,7,21,21,403.00,"8,463.00"
2019-08-26,2019082601005732,SIL,59,21,59,404.00,"23,836.00"
2019-08-26,2019082601005731,SIL,20,21,100,405.00,"40,500.00"
2019-08-26,2019082601005619,SINDU,34,17,541,130.00,"70,330.00"
2019-08-26,2019082601006021,SJCL,13,44,20,206.00,"4,120.00"
2019-08-26,2019082601006012,SJCL,13,46,20,206.00,"4,120.00"
2019-08-26,2019082601005969,SJCL,13,21,20,206.00,"4,120.00"
2019-08-26,2019082601005968,SJCL,13,44,20,206.00,"4,120.00"
2019-08-26,2019082601005966,SJCL,13,56,20,206.00,"4,120.00"
2019-08-26,2019082601005965,SJCL,13,41,20,206.00,"4,120.00"
2019-08-26,2019082601005542,SJCL,57,7,20,206.00,"4,120.00"
2019-08-26,2019082601005541,SJCL,57,7,20,206.00,"4,120.00"
2019-08-26,2019082601005574,SJCL,32,7,20,206.00,"4,120.00"
2019-08-26,2019082601005554,SJCL,32,7,20,206.00,"4,120.00"
2019-08-26,2019082601005552,SJCL,32,28,20,206.00,"4,120.00"
2019-08-26,2019082601005551,SJCL,57,7,20,206.00,"4,120.00"
2019-08-26,2019082601005550,SJCL,57,7,20,206.00,"4,120.00"
2019-08-26,2019082601005548,SJCL,57,7,20,206.00,"4,120.00"
2019-08-26,2019082601005620,SJCL,32,7,20,206.00,"4,120.00"
2019-08-26,2019082601005615,SJCL,32,7,20,206.00,"4,120.00"
2019-08-26,2019082601005609,SJCL,32,7,20,206.00,"4,120.00"
2019-08-26,2019082601005588,SJCL,32,38,20,206.00,"4,120.00"
2019-08-26,2019082601005587,SJCL,32,7,10,206.00,"2,060.00"
2019-08-26,2019082601005579,SJCL,32,28,20,206.00,"4,120.00"
2019-08-26,2019082601005698,SJCL,32,36,20,206.00,"4,120.00"
2019-08-26,2019082601005666,SJCL,32,58,20,206.00,"4,120.00"
2019-08-26,2019082601005647,SJCL,32,26,20,206.00,"4,120.00"
2019-08-26,2019082601005635,SJCL,32,38,20,206.00,"4,120.00"
2019-08-26,2019082601005624,SJCL,32,38,20,206.00,"4,120.00"
2019-08-26,2019082601005739,SJCL,45,28,235,207.00,"48,645.00"
2019-08-26,2019082601005738,SJCL,32,26,20,206.00,"4,120.00"
2019-08-26,2019082601005730,SJCL,32,36,20,206.00,"4,120.00"
2019-08-26,2019082601005724,SJCL,32,26,20,206.00,"4,120.00"
2019-08-26,2019082601005723,SJCL,32,46,20,206.00,"4,120.00"
2019-08-26,2019082601005795,SJCL,26,44,20,206.00,"4,120.00"
2019-08-26,2019082601005789,SJCL,26,44,20,206.00,"4,120.00"
2019-08-26,2019082601005772,SJCL,32,46,20,206.00,"4,120.00"
2019-08-26,2019082601005751,SJCL,32,56,20,206.00,"4,120.00"
2019-08-26,2019082601005745,SJCL,32,36,10,206.00,"2,060.00"
2019-08-26,2019082601005740,SJCL,45,6,265,207.00,"54,855.00"
2019-08-26,2019082601005835,SJCL,26,38,20,206.00,"4,120.00"
2019-08-26,2019082601005831,SJCL,26,19,20,206.00,"4,120.00"
2019-08-26,2019082601005827,SJCL,26,52,20,206.00,"4,120.00"
2019-08-26,2019082601005817,SJCL,26,44,20,206.00,"4,120.00"
2019-08-26,2019082601005812,SJCL,26,44,20,206.00,"4,120.00"
2019-08-26,2019082601005805,SJCL,26,8,20,206.00,"4,120.00"
2019-08-26,2019082601005856,SJCL,45,41,10,206.00,"2,060.00"
2019-08-26,2019082601005853,SJCL,45,44,20,206.00,"4,120.00"
2019-08-26,2019082601005848,SJCL,45,42,20,206.00,"4,120.00"
2019-08-26,2019082601005846,SJCL,26,46,20,206.00,"4,120.00"
2019-08-26,2019082601005836,SJCL,26,41,20,206.00,"4,120.00"
2019-08-26,2019082601005884,SJCL,26,44,10,206.00,"2,060.00"
2019-08-26,2019082601005870,SJCL,26,41,20,206.00,"4,120.00"
2019-08-26,2019082601005867,SJCL,26,38,20,206.00,"4,120.00"
2019-08-26,2019082601005866,SJCL,26,19,30,206.00,"6,180.00"
2019-08-26,2019082601005865,SJCL,51,19,190,206.00,"39,140.00"
2019-08-26,2019082601005857,SJCL,51,41,10,206.00,"2,060.00"
2019-08-26,2019082601005919,SJCL,26,41,20,206.00,"4,120.00"
2019-08-26,2019082601005918,SJCL,26,19,10,206.00,"2,060.00"
2019-08-26,2019082601005912,SJCL,26,41,20,206.00,"4,120.00"
2019-08-26,2019082601005903,SJCL,26,41,20,206.00,"4,120.00"
2019-08-26,2019082601005897,SJCL,26,38,20,206.00,"4,120.00"
2019-08-26,2019082601005896,SJCL,26,41,10,206.00,"2,060.00"
2019-08-26,2019082601005943,SJCL,26,41,20,206.00,"4,120.00"
2019-08-26,2019082601005935,SJCL,26,41,20,206.00,"4,120.00"
2019-08-26,2019082601005934,SJCL,26,38,20,206.00,"4,120.00"
2019-08-26,2019082601005931,SJCL,26,44,20,206.00,"4,120.00"
2019-08-26,2019082601005929,SJCL,26,36,20,206.00,"4,120.00"
2019-08-26,2019082601005928,SJCL,52,6,100,207.00,"20,700.00"
2019-08-26,2019082601005960,SJCL,13,38,10,206.00,"2,060.00"
2019-08-26,2019082601005959,SJCL,13,41,20,206.00,"4,120.00"
2019-08-26,2019082601005953,SJCL,13,52,30,206.00,"6,180.00"
2019-08-26,2019082601005952,SJCL,45,52,20,206.00,"4,120.00"
2019-08-26,2019082601005951,SJCL,14,52,150,206.00,"30,900.00"
2019-08-26,2019082601005950,SJCL,26,41,20,206.00,"4,120.00"
2019-08-26,2019082601005758,SLBBL,11,19,91,572.00,"52,052.00"
2019-08-26,2019082601005862,SLBSL,52,49,10,730.00,"7,300.00"
2019-08-26,2019082601005555,SLBSL,52,38,10,730.00,"7,300.00"
2019-08-26,2019082601005621,SLICL,58,48,45,289.00,"13,005.00"
2019-08-26,2019082601005958,SMATA,45,28,15,"1,290.00","19,350.00"
2019-08-26,2019082601005957,SMATA,32,28,25,"1,291.00","32,275.00"
2019-08-26,2019082601005956,SMATA,54,28,31,"1,292.00","40,052.00"
2019-08-26,2019082601005955,SMATA,47,28,81,"1,295.00","104,895.00"
2019-08-26,2019082601005806,SMATA,47,33,19,"1,295.00","24,605.00"
2019-08-26,2019082601005904,SPARS,38,38,10,596.00,"5,960.00"
2019-08-26,2019082601005882,SPARS,45,6,10,595.00,"5,950.00"
2019-08-26,2019082601005819,SPDL,7,8,29,82.00,"2,378.00"
2019-08-26,2019082601005914,SRBL,45,34,500,231.00,"115,500.00"
2019-08-26,2019082601005913,SRBL,45,39,44,231.00,"10,164.00"
2019-08-26,2019082601005871,SRBL,45,8,157,230.00,"36,110.00"
2019-08-26,2019082601005864,TRH,44,35,200,299.00,"59,800.00"
2019-08-26,2019082601005646,TRH,4,4,"1,000",301.00,"301,000.00"
2019-08-26,2019082601005632,TRH,22,3,300,300.00,"90,000.00"
2019-08-26,2019082601005688,UIC,47,7,32,294.00,"9,408.00"
2019-08-26,2019082601005687,UIC,21,7,68,294.00,"19,992.00"
2019-08-26,2019082601005942,UNHPL,38,37,20,60.00,"1,200.00"
2019-08-26,2019082601005941,UNHPL,38,37,50,60.00,"3,000.00"
2019-08-26,2019082601005947,UPCL,45,25,40,77.00,"3,080.00"
2019-08-26,2019082601005946,UPCL,42,25,10,78.00,780.00
2019-08-26,2019082601005940,UPCL,42,32,240,78.00,"18,720.00"
2019-08-26,2019082601005939,UPCL,51,32,60,78.00,"4,680.00"
2019-08-26,2019082601005908,UPPER,16,16,40,249.00,"9,960.00"
2019-08-26,2019082601005880,UPPER,16,8,50,249.00,"12,450.00"
2019-08-26,2019082601005774,UPPER,53,1,20,250.00,"5,000.00"
2019-08-26,2019082601005759,UPPER,16,17,10,249.00,"2,490.00"
2019-08-26,2019082601005704,UPPER,16,21,500,249.00,"124,500.00"
2019-08-26,2019082601005672,UPPER,35,1,22,250.00,"5,500.00"
2019-08-26,2019082601005573,UPPER,35,21,40,250.00,"10,000.00"
2019-08-26,2019082601005572,UPPER,35,43,38,250.00,"9,500.00"
2019-08-26,2019082601005521,ADBL,43,43,15,426.00,"6,390.00"
2019-08-26,2019082601005366,ADBL,43,49,185,426.00,"78,810.00"
2019-08-26,2019082601005278,ADBL,53,49,545,426.00,"232,170.00"
2019-08-26,2019082601005253,ADBL,53,43,455,426.00,"193,830.00"
2019-08-26,2019082601005226,ADBL,25,58,25,425.00,"10,625.00"
2019-08-26,2019082601005177,ADBL,52,43,10,426.00,"4,260.00"
2019-08-26,2019082601005175,ADBL,58,43,35,426.00,"14,910.00"
2019-08-26,2019082601005095,ADBL,58,45,30,426.00,"12,780.00"
2019-08-26,2019082601005094,ADBL,58,42,21,426.00,"8,946.00"
2019-08-26,2019082601005093,ADBL,14,42,10,426.00,"4,260.00"
2019-08-26,2019082601005092,ADBL,34,42,25,426.00,"10,650.00"
2019-08-26,2019082601005342,AKJCL,45,36,10,64.00,640.00
2019-08-26,2019082601005539,AKPL,25,40,13,157.00,"2,041.00"
2019-08-26,2019082601005538,AKPL,25,40,13,157.00,"2,041.00"
2019-08-26,2019082601005537,AKPL,25,40,13,157.00,"2,041.00"
2019-08-26,2019082601005483,AKPL,55,8,99,155.00,"15,345.00"
2019-08-26,2019082601005451,AKPL,55,17,10,153.00,"1,530.00"
2019-08-26,2019082601005117,AKPL,36,36,13,153.00,"1,989.00"
2019-08-26,2019082601005473,ALBSL,57,59,10,443.00,"4,430.00"
2019-08-26,2019082601005374,ALBSL,11,16,10,443.00,"4,430.00"
2019-08-26,2019082601005356,ALBSL,11,58,10,443.00,"4,430.00"
2019-08-26,2019082601005185,ALBSL,39,32,14,442.00,"6,188.00"
2019-08-26,2019082601005184,ALBSL,38,32,50,442.00,"22,100.00"
2019-08-26,2019082601005183,ALBSL,39,32,100,444.00,"44,400.00"
2019-08-26,2019082601005182,ALBSL,35,32,36,444.00,"15,984.00"
2019-08-26,2019082601005488,API,43,8,17,125.00,"2,125.00"
2019-08-26,2019082601005398,API,55,41,861,126.00,"108,486.00"
2019-08-26,2019082601005397,API,55,19,139,126.00,"17,514.00"
2019-08-26,2019082601005129,API,41,41,20,126.00,"2,520.00"
2019-08-26,2019082601005302,BARUN,56,17,159,84.00,"13,356.00"
2019-08-26,2019082601005246,BARUN,56,17,300,84.00,"25,200.00"
2019-08-26,2019082601005235,BARUN,28,41,10,83.00,830.00
2019-08-26,2019082601005230,BARUN,56,17,200,84.00,"16,800.00"
2019-08-26,2019082601005216,BARUN,56,17,100,84.00,"8,400.00"
2019-08-26,2019082601005157,BARUN,28,34,10,83.00,830.00
2019-08-26,2019082601005156,BARUN,28,39,70,83.00,"5,810.00"
2019-08-26,2019082601005258,BOKL,51,59,42,257.00,"10,794.00"
2019-08-26,2019082601005137,BOKL,7,59,20,257.00,"5,140.00"
2019-08-26,2019082601005352,BPCL,21,21,11,382.00,"4,202.00"
2019-08-26,2019082601005506,CBL,59,57,838,145.00,"121,510.00"
2019-08-26,2019082601005505,CBL,40,57,500,145.00,"72,500.00"
2019-08-26,2019082601005504,CBL,54,57,10,145.00,"1,450.00"
2019-08-26,2019082601005503,CBL,39,57,500,145.00,"72,500.00"
2019-08-26,2019082601005502,CBL,21,57,50,145.00,"7,250.00"
2019-08-26,2019082601005501,CBL,47,57,350,145.00,"50,750.00"
2019-08-26,2019082601005476,CBL,17,40,49,146.00,"7,154.00"
2019-08-26,2019082601005065,CBL,17,26,51,146.00,"7,446.00"
2019-08-26,2019082601005064,CBL,34,26,21,146.00,"3,066.00"
2019-08-26,2019082601005500,CBL,43,57,893,145.00,"129,485.00"
2019-08-26,2019082601005499,CBL,41,57,200,146.00,"29,200.00"
2019-08-26,2019082601005498,CBL,7,57,500,146.00,"73,000.00"
2019-08-26,2019082601005497,CBL,38,57,159,146.00,"23,214.00"
2019-08-26,2019082601005478,CBL,38,40,341,146.00,"49,786.00"
2019-08-26,2019082601005477,CBL,7,40,110,146.00,"16,060.00"
2019-08-26,2019082601005298,CCBL,7,25,179,156.00,"27,924.00"
2019-08-26,2019082601005297,CCBL,45,25,200,156.00,"31,200.00"
2019-08-26,2019082601005296,CCBL,49,25,344,156.00,"53,664.00"
2019-08-26,2019082601005152,CCBL,49,59,93,156.00,"14,508.00"
2019-08-26,2019082601005339,CIT,13,57,20,"2,380.00","47,600.00"
2019-08-26,2019082601005325,CZBIL,56,26,500,214.00,"107,000.00"
2019-08-26,2019082601005154,CZBIL,44,59,41,214.00,"8,774.00"
2019-08-26,2019082601005295,DHPL,32,44,"1,017",58.00,"58,986.00"
2019-08-26,2019082601005136,DHPL,32,26,11,58.00,638.00
2019-08-26,2019082601005096,DHPL,32,26,11,58.00,638.00
2019-08-26,2019082601005069,EBL,57,20,70,648.00,"45,360.00"
2019-08-26,2019082601005058,EBL,57,52,30,648.00,"19,440.00"
2019-08-26,2019082601005530,FMDBL,29,4,500,385.00,"192,500.00"
2019-08-26,2019082601005371,FMDBL,25,4,100,384.00,"38,400.00"
2019-08-26,2019082601005228,FMDBL,22,4,250,384.00,"96,000.00"
2019-08-26,2019082601005227,FMDBL,39,4,50,384.00,"19,200.00"
2019-08-26,2019082601005210,FMDBL,39,57,100,384.00,"38,400.00"
2019-08-26,2019082601005142,FMDBL,25,58,40,386.00,"15,440.00"
2019-08-26,2019082601005484,FOWAD,38,34,12,"1,345.00","16,140.00"
2019-08-26,2019082601005467,FOWAD,38,22,38,"1,345.00","51,110.00"
2019-08-26,2019082601005445,FOWAD,38,50,50,"1,344.00","67,200.00"
2019-08-26,2019082601005531,GBBL,58,58,462,213.00,"98,406.00"
2019-08-26,2019082601005540,GBLBS,34,13,60,356.00,"21,360.00"
2019-08-26,2019082601005353,GDBL,38,17,180,205.00,"36,900.00"
2019-08-26,2019082601005222,GFCL,1,59,100,139.00,"13,900.00"
2019-08-26,2019082601005244,GLBSL,38,41,10,476.00,"4,760.00"
2019-08-26,2019082601005052,GLBSL,38,48,30,476.00,"14,280.00"
2019-08-26,2019082601005051,GLBSL,38,48,30,477.00,"14,310.00"
2019-08-26,2019082601005379,GMFBS,34,44,10,516.00,"5,160.00"
2019-08-26,2019082601005262,GMFBS,34,41,10,516.00,"5,160.00"
2019-08-26,2019082601005231,GMFBS,38,38,10,517.00,"5,170.00"
2019-08-26,2019082601005224,GMFBS,34,49,10,516.00,"5,160.00"
2019-08-26,2019082601005124,GMFBS,34,20,10,516.00,"5,160.00"
2019-08-26,2019082601005335,GRDBL,44,58,68,106.00,"7,208.00"
2019-08-26,2019082601005193,GRDBL,44,42,55,106.00,"5,830.00"
2019-08-26,2019082601005192,GRDBL,44,42,50,107.00,"5,350.00"
2019-08-26,2019082601005496,HBL,7,47,138,548.00,"75,624.00"
2019-08-26,2019082601005382,HBL,42,47,100,549.00,"54,900.00"
2019-08-26,2019082601005141,HBL,7,25,192,548.00,"105,216.00"
2019-08-26,2019082601005140,HBL,16,25,98,548.00,"53,704.00"
2019-08-26,2019082601005139,HBL,26,25,100,548.00,"54,800.00"
2019-08-26,2019082601005138,HBL,26,25,10,548.00,"5,480.00"
2019-08-26,2019082601005357,HGI,28,51,200,318.00,"63,600.00"
2019-08-26,2019082601005274,HPPL,22,41,10,149.00,"1,490.00"
2019-08-26,2019082601005174,HPPL,22,26,10,149.00,"1,490.00"
2019-08-26,2019082601005143,HPPL,22,26,20,149.00,"2,980.00"
2019-08-26,2019082601005114,HPPL,22,26,10,149.00,"1,490.00"
2019-08-26,2019082601005310,HURJA,50,58,20,124.00,"2,480.00"
2019-08-26,2019082601005448,ILBS,52,51,10,460.00,"4,600.00"
2019-08-26,2019082601005378,ILBS,26,42,15,455.00,"6,825.00"
2019-08-26,2019082601005377,ILBS,18,42,15,456.00,"6,840.00"
2019-08-26,2019082601005376,ILBS,39,42,10,460.00,"4,600.00"
2019-08-26,2019082601005319,ILBS,39,44,10,460.00,"4,600.00"
2019-08-26,2019082601005318,ILBS,39,57,10,460.00,"4,600.00"
2019-08-26,2019082601005311,ILBS,18,21,10,456.00,"4,560.00"
2019-08-26,2019082601005220,ILBS,38,38,10,459.00,"4,590.00"
2019-08-26,2019082601005145,ILBS,38,38,10,459.00,"4,590.00"
2019-08-26,2019082601005134,ILBS,36,36,10,456.00,"4,560.00"
2019-08-26,2019082601005455,JBBL,47,36,619,159.00,"98,421.00"
2019-08-26,2019082601005437,JBBL,57,36,846,159.00,"134,514.00"
2019-08-26,2019082601005345,JBBL,47,55,"2,000",160.00,"320,000.00"
2019-08-26,2019082601005423,JFL,40,38,500,184.00,"92,000.00"
2019-08-26,2019082601005401,JFL,28,38,360,185.00,"66,600.00"
2019-08-26,2019082601005400,JFL,38,38,200,185.00,"37,000.00"
2019-08-26,2019082601005294,JSLBB,45,51,30,970.00,"29,100.00"
2019-08-26,2019082601005293,JSLBB,13,51,20,970.00,"19,400.00"
2019-08-26,2019082601005292,JSLBB,32,51,10,973.00,"9,730.00"
2019-08-26,2019082601005305,KBL,51,58,100,202.00,"20,200.00"
2019-08-26,2019082601005191,KBL,32,32,212,201.00,"42,612.00"
2019-08-26,2019082601005509,KPCL,57,39,200,82.00,"16,400.00"
2019-08-26,2019082601005328,LBL,34,44,824,212.00,"174,688.00"
2019-08-26,2019082601005327,LBL,50,44,157,212.00,"33,284.00"
2019-08-26,2019082601005056,LBL,6,22,280,213.00,"59,640.00"
2019-08-26,2019082601005055,LBL,28,22,309,213.00,"65,817.00"
2019-08-26,2019082601005514,MBL,17,59,249,252.00,"62,748.00"
2019-08-26,2019082601005513,MBL,17,59,14,252.00,"3,528.00"
2019-08-26,2019082601005202,MBL,17,59,986,252.00,"248,472.00"
2019-08-26,2019082601005199,MBL,11,59,300,252.00,"75,600.00"
2019-08-26,2019082601005167,MBL,17,59,"1,000",252.00,"252,000.00"
2019-08-26,2019082601005166,MBL,50,59,214,252.00,"53,928.00"
2019-08-26,2019082601005088,MBL,50,22,786,252.00,"198,072.00"
2019-08-26,2019082601005087,MBL,17,22,114,252.00,"28,728.00"
2019-08-26,2019082601005241,MDB,28,44,127,234.00,"29,718.00"
2019-08-26,2019082601005240,MDB,28,44,127,234.00,"29,718.00"
2019-08-26,2019082601005190,MDB,17,44,107,233.00,"24,931.00"
2019-08-26,2019082601005525,MEGA,41,36,200,198.00,"39,600.00"
2019-08-26,2019082601005089,MEGA,21,26,56,197.00,"11,032.00"
2019-08-26,2019082601005159,MEGA,33,8,300,198.00,"59,400.00"
2019-08-26,2019082601005158,MEGA,33,42,100,198.00,"19,800.00"
2019-08-26,2019082601005234,MEGA,6,42,30,197.00,"5,910.00"
2019-08-26,2019082601005233,MEGA,6,42,26,197.00,"5,122.00"
2019-08-26,2019082601005232,MEGA,21,42,944,197.00,"185,968.00"
2019-08-26,2019082601005337,MEGA,14,36,10,198.00,"1,980.00"
2019-08-26,2019082601005479,MERO,58,58,1,556.00,556.00
2019-08-26,2019082601005465,MERO,8,21,75,567.00,"42,525.00"
2019-08-26,2019082601005399,MERO,52,21,19,567.00,"10,773.00"
2019-08-26,2019082601005323,MERO,45,49,17,565.00,"9,605.00"
2019-08-26,2019082601005322,MERO,45,45,40,565.00,"22,600.00"
2019-08-26,2019082601005282,MERO,34,45,10,565.00,"5,650.00"
2019-08-26,2019082601005196,MERO,52,14,81,564.00,"45,684.00"
2019-08-26,2019082601005195,MERO,52,39,110,564.00,"62,040.00"
2019-08-26,2019082601005081,MERO,35,19,30,563.00,"16,890.00"
2019-08-26,2019082601005431,MFIL,39,26,586,126.00,"73,836.00"
2019-08-26,2019082601005198,MFIL,49,38,"1,000",125.00,"125,000.00"
2019-08-26,2019082601005169,MFIL,49,38,"2,000",125.00,"250,000.00"
2019-08-26,2019082601005204,MLBL,33,17,389,206.00,"80,134.00"
2019-08-26,2019082601005203,MLBL,33,58,"3,528",206.00,"726,768.00"
2019-08-26,2019082601005060,MLBL,40,58,500,206.00,"103,000.00"
2019-08-26,2019082601005215,MNBBL,47,35,27,326.00,"8,802.00"
2019-08-26,2019082601005214,MNBBL,47,35,22,326.00,"7,172.00"
2019-08-26,2019082601005213,MNBBL,47,35,20,326.00,"6,520.00"
2019-08-26,2019082601005212,MNBBL,47,35,20,326.00,"6,520.00"
2019-08-26,2019082601005211,MNBBL,47,35,10,326.00,"3,260.00"
2019-08-26,2019082601005053,MNBBL,47,21,10,326.00,"3,260.00"
2019-08-26,2019082601005485,NABIL,40,58,3,760.00,"2,280.00"
2019-08-26,2019082601005362,NABIL,7,55,500,769.00,"384,500.00"
2019-08-26,2019082601005062,NABIL,45,14,25,768.00,"19,200.00"
2019-08-26,2019082601005041,NADEP,51,59,20,466.00,"9,320.00"
2019-08-26,2019082601005394,NAGRO,28,45,10,766.00,"7,660.00"
2019-08-26,2019082601005243,NAGRO,34,48,10,766.00,"7,660.00"
2019-08-26,2019082601005407,NBB,28,40,99,212.00,"20,988.00"
2019-08-26,2019082601005336,NBB,28,26,500,212.00,"106,000.00"
2019-08-26,2019082601005277,NBB,28,43,90,212.00,"19,080.00"
2019-08-26,2019082601005242,NBB,6,38,35,213.00,"7,455.00"
2019-08-26,2019082601005415,NBL,41,32,300,323.00,"96,900.00"
2019-08-26,2019082601005314,NBL,49,6,156,323.00,"50,388.00"
2019-08-26,2019082601005252,NBL,53,6,344,323.00,"111,112.00"
2019-08-26,2019082601005247,NBL,53,41,50,323.00,"16,150.00"
2019-08-26,2019082601005238,NBL,53,1,"1,106",323.00,"357,238.00"
2019-08-26,2019082601005165,NBL,6,1,394,323.00,"127,262.00"
2019-08-26,2019082601005164,NBL,6,22,550,323.00,"177,650.00"
2019-08-26,2019082601005163,NBL,6,52,100,323.00,"32,300.00"
2019-08-26,2019082601005162,NBL,6,41,56,323.00,"18,088.00"
2019-08-26,2019082601005161,NBL,6,33,400,323.00,"129,200.00"
2019-08-26,2019082601005435,NCCB,28,21,100,203.00,"20,300.00"
2019-08-26,2019082601005459,NEF,11,34,"1,683",7.99,"13,447.17"
2019-08-26,2019082601005458,NEF,53,34,490,7.99,"3,915.10"
2019-08-26,2019082601005457,NEF,35,34,241,8.00,"1,928.00"
2019-08-26,2019082601005115,NGPL,1,52,11,112.00,"1,232.00"
2019-08-26,2019082601005116,NHDL,45,26,10,112.00,"1,120.00"
2019-08-26,2019082601005221,NHPC,33,14,150,58.00,"8,700.00"
2019-08-26,2019082601005103,NHPC,33,56,350,58.00,"20,300.00"
2019-08-26,2019082601005102,NHPC,52,56,"1,000",58.00,"58,000.00"
2019-08-26,2019082601005101,NHPC,21,56,"1,000",58.00,"58,000.00"
2019-08-26,2019082601005100,NHPC,48,56,100,58.00,"5,800.00"
2019-08-26,2019082601005099,NHPC,43,56,300,58.00,"17,400.00"
2019-08-26,2019082601005454,NIB,6,26,45,466.00,"20,970.00"
2019-08-26,2019082601005333,NIB,51,26,40,466.00,"18,640.00"
2019-08-26,2019082601005332,NIB,51,26,70,466.00,"32,620.00"
2019-08-26,2019082601005331,NIB,19,26,100,466.00,"46,600.00"
2019-08-26,2019082601005329,NIB,21,21,44,467.00,"20,548.00"
2019-08-26,2019082601005326,NIB,58,14,30,468.00,"14,040.00"
2019-08-26,2019082601005474,NIBLPF,26,34,"2,550",6.84,"17,442.00"
2019-08-26,2019082601005392,NIBPO,28,26,726,427.00,"310,002.00"
2019-08-26,2019082601005391,NIBPO,14,26,50,427.00,"21,350.00"
2019-08-26,2019082601005390,NIBPO,32,26,100,427.00,"42,700.00"
2019-08-26,2019082601005389,NIBPO,4,26,263,428.00,"112,564.00"
2019-08-26,2019082601005388,NIBPO,47,26,50,430.00,"21,500.00"
2019-08-26,2019082601005384,NIBPO,25,26,100,431.00,"43,100.00"
2019-08-26,2019082601005344,NIBPO,4,26,15,431.00,"6,465.00"
2019-08-26,2019082601005510,NICA,53,4,300,447.00,"134,100.00"
2019-08-26,2019082601005494,NICA,10,4,500,447.00,"223,500.00"
2019-08-26,2019082601005493,NICA,6,4,40,447.00,"17,880.00"
2019-08-26,2019082601005492,NICA,48,4,200,447.00,"89,400.00"
2019-08-26,2019082601005491,NICA,41,4,142,447.00,"63,474.00"
2019-08-26,2019082601005414,NICA,41,52,258,447.00,"115,326.00"
2019-08-26,2019082601005237,NICA,42,4,10,448.00,"4,480.00"
2019-08-26,2019082601005144,NICA,51,4,20,448.00,"8,960.00"
2019-08-26,2019082601005082,NICA,57,4,100,448.00,"44,800.00"
2019-08-26,2019082601005268,NICA,39,45,100,447.00,"44,700.00"
2019-08-26,2019082601005267,NICA,57,45,84,447.00,"37,548.00"
2019-08-26,2019082601005261,NICA,57,41,16,447.00,"7,152.00"
2019-08-26,2019082601005260,NICA,48,41,39,447.00,"17,433.00"
2019-08-26,2019082601005251,NICA,48,4,61,447.00,"27,267.00"
2019-08-26,2019082601005250,NICA,45,4,150,447.00,"67,050.00"
2019-08-26,2019082601005413,NICA,6,52,40,447.00,"17,880.00"
2019-08-26,2019082601005412,NICA,39,52,84,447.00,"37,548.00"
2019-08-26,2019082601005272,NICA,39,45,16,447.00,"7,152.00"
2019-08-26,2019082601005271,NICA,39,45,100,447.00,"44,700.00"
2019-08-26,2019082601005270,NICA,39,45,100,447.00,"44,700.00"
2019-08-26,2019082601005269,NICA,39,45,100,447.00,"44,700.00"
2019-08-26,2019082601005472,NICGF,22,25,"1,600",9.80,"15,680.00"
2019-08-26,2019082601005373,NICGF,49,25,200,9.80,"1,960.00"
2019-08-26,2019082601005348,NICL,28,41,13,290.00,"3,770.00"
2019-08-26,2019082601005317,NICL,26,44,450,291.00,"130,950.00"
2019-08-26,2019082601005236,NICL,26,54,50,291.00,"14,550.00"
2019-08-26,2019082601005403,NIL,43,34,300,395.00,"118,500.00"
2019-08-26,2019082601005085,NLBBL,42,33,100,557.00,"55,700.00"
2019-08-26,2019082601005083,NLBBL,29,6,10,558.00,"5,580.00"
2019-08-26,2019082601005434,NMBHF1,1,34,"3,192",9.67,"30,866.64"
2019-08-26,2019082601005433,NMBHF1,1,34,969,9.69,"9,389.61"
2019-08-26,2019082601005482,NMBMF,13,58,10,"1,060.00","10,600.00"
2019-08-26,2019082601005307,NMFBS,6,41,15,"1,480.00","22,200.00"
2019-08-26,2019082601005385,NSEWA,10,16,10,425.00,"4,250.00"
2019-08-26,2019082601005265,NTC,42,39,50,667.00,"33,350.00"
2019-08-26,2019082601005264,NTC,47,39,50,667.00,"33,350.00"
2019-08-26,2019082601005315,NUBL,34,20,200,870.00,"174,000.00"
2019-08-26,2019082601005306,NUBL,34,32,500,870.00,"435,000.00"
2019-08-26,2019082601005281,NUBL,34,32,500,870.00,"435,000.00"
2019-08-26,2019082601005535,PCBL,38,59,63,276.00,"17,388.00"
2019-08-26,2019082601005534,PCBL,38,47,87,276.00,"24,012.00"
2019-08-26,2019082601005490,PCBL,58,58,1,270.00,270.00
2019-08-26,2019082601005480,PCBL,45,29,200,275.00,"55,000.00"
2019-08-26,2019082601005425,PCBL,45,34,500,275.00,"137,500.00"
2019-08-26,2019082601005179,PCBL,45,32,69,275.00,"18,975.00"
2019-08-26,2019082601005178,PCBL,58,32,50,275.00,"13,750.00"
2019-08-26,2019082601005489,PFL,35,34,20,133.00,"2,660.00"
2019-08-26,2019082601005522,PIC,40,34,11,437.00,"4,807.00"
2019-08-26,2019082601005470,PIC,40,59,11,437.00,"4,807.00"
2019-08-26,2019082601005113,PIC,29,53,200,437.00,"87,400.00"
2019-08-26,2019082601005112,PIC,14,53,20,437.00,"8,740.00"
2019-08-26,2019082601005111,PIC,42,53,20,438.00,"8,760.00"
2019-08-26,2019082601005110,PIC,22,53,50,438.00,"21,900.00"
2019-08-26,2019082601005109,PIC,22,53,100,438.00,"43,800.00"
2019-08-26,2019082601005108,PIC,4,53,100,439.00,"43,900.00"
2019-08-26,2019082601005107,PIC,7,53,100,439.00,"43,900.00"
2019-08-26,2019082601005463,PMHPL,56,59,10,100.00,"1,000.00"
2019-08-26,2019082601005324,PMHPL,56,58,10,100.00,"1,000.00"
2019-08-26,2019082601005050,PMHPL,56,59,10,100.00,"1,000.00"
2019-08-26,2019082601005275,PPCL,32,49,10,102.00,"1,020.00"
2019-08-26,2019082601005180,PPCL,32,26,10,102.00,"1,020.00"
2019-08-26,2019082601005151,PPCL,32,26,10,102.00,"1,020.00"
2019-08-26,2019082601005147,PPCL,32,49,10,102.00,"1,020.00"
2019-08-26,2019082601005122,PPCL,32,26,10,102.00,"1,020.00"
2019-08-26,2019082601005106,PRIN,38,32,200,339.00,"67,800.00"
2019-08-26,2019082601005105,PRIN,32,32,100,339.00,"33,900.00"
2019-08-26,2019082601005104,PRIN,45,32,50,339.00,"16,950.00"
2019-08-26,2019082601005532,PRVU,34,52,200,265.00,"53,000.00"
2019-08-26,2019082601005428,PRVU,45,44,500,266.00,"133,000.00"
2019-08-26,2019082601005418,PRVU,5,44,20,266.00,"5,320.00"
2019-08-26,2019082601005417,PRVU,5,44,480,266.00,"127,680.00"
2019-08-26,2019082601005383,PRVU,14,44,300,266.00,"79,800.00"
2019-08-26,2019082601005273,PRVU,34,41,54,265.00,"14,310.00"
2019-08-26,2019082601005259,PRVU,3,44,200,266.00,"53,200.00"
2019-08-26,2019082601005245,PRVU,40,44,200,266.00,"53,200.00"
2019-08-26,2019082601005188,RADHI,58,26,11,136.00,"1,496.00"
2019-08-26,2019082601005126,RHPC,26,26,50,86.00,"4,300.00"
2019-08-26,2019082601005529,RHPL,37,44,10,187.00,"1,870.00"
2019-08-26,2019082601005528,RHPL,17,44,30,187.00,"5,610.00"
2019-08-26,2019082601005527,RHPL,17,28,40,187.00,"7,480.00"
2019-08-26,2019082601005526,RHPL,17,7,10,187.00,"1,870.00"
2019-08-26,2019082601005495,RHPL,17,28,40,187.00,"7,480.00"
2019-08-26,2019082601005487,RHPL,1,44,30,188.00,"5,640.00"
2019-08-26,2019082601005084,RHPL,51,28,40,188.00,"7,520.00"
2019-08-26,2019082601005068,RHPL,51,44,40,188.00,"7,520.00"
2019-08-26,2019082601005061,RHPL,51,38,30,188.00,"5,640.00"
2019-08-26,2019082601005057,RHPL,51,52,40,188.00,"7,520.00"
2019-08-26,2019082601005153,RHPL,17,28,40,187.00,"7,480.00"
2019-08-26,2019082601005150,RHPL,17,20,10,187.00,"1,870.00"
2019-08-26,2019082601005132,RHPL,20,28,40,187.00,"7,480.00"
2019-08-26,2019082601005128,RHPL,51,38,30,188.00,"5,640.00"
2019-08-26,2019082601005121,RHPL,51,28,40,188.00,"7,520.00"
2019-08-26,2019082601005086,RHPL,51,29,40,188.00,"7,520.00"
2019-08-26,2019082601005194,RHPL,22,38,30,188.00,"5,640.00"
2019-08-26,2019082601005187,RHPL,19,58,10,189.00,"1,890.00"
2019-08-26,2019082601005181,RHPL,22,25,20,188.00,"3,760.00"
2019-08-26,2019082601005173,RHPL,22,38,30,188.00,"5,640.00"
2019-08-26,2019082601005172,RHPL,22,20,10,188.00,"1,880.00"
2019-08-26,2019082601005168,RHPL,17,7,40,187.00,"7,480.00"
2019-08-26,2019082601005279,RHPL,22,28,40,188.00,"7,520.00"
2019-08-26,2019082601005254,RHPL,22,7,40,188.00,"7,520.00"
2019-08-26,2019082601005239,RHPL,22,19,30,188.00,"5,640.00"
2019-08-26,2019082601005209,RHPL,22,28,10,188.00,"1,880.00"
2019-08-26,2019082601005208,RHPL,1,28,20,188.00,"3,760.00"
2019-08-26,2019082601005207,RHPL,22,28,10,188.00,"1,880.00"
2019-08-26,2019082601005338,RHPL,22,21,10,188.00,"1,880.00"
2019-08-26,2019082601005334,RHPL,22,45,500,188.00,"94,000.00"
2019-08-26,2019082601005313,RHPL,22,28,40,188.00,"7,520.00"
2019-08-26,2019082601005303,RHPL,22,58,40,188.00,"7,520.00"
2019-08-26,2019082601005299,RHPL,22,58,40,188.00,"7,520.00"
2019-08-26,2019082601005280,RHPL,22,28,40,188.00,"7,520.00"
2019-08-26,2019082601005360,RHPL,39,28,10,188.00,"1,880.00"
2019-08-26,2019082601005359,RHPL,39,21,30,188.00,"5,640.00"
2019-08-26,2019082601005350,RHPL,39,28,10,188.00,"1,880.00"
2019-08-26,2019082601005349,RHPL,22,28,30,188.00,"5,640.00"
2019-08-26,2019082601005347,RHPL,22,44,40,188.00,"7,520.00"
2019-08-26,2019082601005340,RHPL,22,58,40,188.00,"7,520.00"
2019-08-26,2019082601005416,RHPL,40,38,40,188.00,"7,520.00"
2019-08-26,2019082601005395,RHPL,40,44,40,188.00,"7,520.00"
2019-08-26,2019082601005386,RHPL,40,28,40,188.00,"7,520.00"
2019-08-26,2019082601005364,RHPL,40,44,20,188.00,"3,760.00"
2019-08-26,2019082601005363,RHPL,56,44,20,188.00,"3,760.00"
2019-08-26,2019082601005361,RHPL,56,28,30,188.00,"5,640.00"
2019-08-26,2019082601005444,RHPL,17,38,40,187.00,"7,480.00"
2019-08-26,2019082601005443,RHPL,17,28,40,187.00,"7,480.00"
2019-08-26,2019082601005429,RHPL,42,16,40,188.00,"7,520.00"
2019-08-26,2019082601005427,RHPL,42,51,20,188.00,"3,760.00"
2019-08-26,2019082601005426,RHPL,40,51,20,188.00,"3,760.00"
2019-08-26,2019082601005420,RHPL,40,28,40,188.00,"7,520.00"
2019-08-26,2019082601005475,RHPL,17,44,30,187.00,"5,610.00"
2019-08-26,2019082601005469,RHPL,17,44,40,187.00,"7,480.00"
2019-08-26,2019082601005468,RHPL,17,17,30,187.00,"5,610.00"
2019-08-26,2019082601005461,RHPL,17,38,50,187.00,"9,350.00"
2019-08-26,2019082601005460,RHPL,17,44,30,187.00,"5,610.00"
2019-08-26,2019082601005446,RHPL,17,44,30,187.00,"5,610.00"
2019-08-26,2019082601005456,RRHP,22,59,10,104.00,"1,040.00"
2019-08-26,2019082601005091,RRHP,22,52,10,104.00,"1,040.00"
2019-08-26,2019082601005066,RRHP,22,59,10,104.00,"1,040.00"
2019-08-26,2019082601005316,RSDC,57,41,102,351.00,"35,802.00"
2019-08-26,2019082601005408,SADBL,16,34,10,144.00,"1,440.00"
2019-08-26,2019082601005486,SANIMA,57,25,56,348.00,"19,488.00"
2019-08-26,2019082601005439,SANIMA,17,11,140,349.00,"48,860.00"
2019-08-26,2019082601005309,SANIMA,41,11,200,349.00,"69,800.00"
2019-08-26,2019082601005308,SANIMA,14,11,118,349.00,"41,182.00"
2019-08-26,2019082601005304,SANIMA,14,43,82,349.00,"28,618.00"
2019-08-26,2019082601005197,SANIMA,14,59,"1,300",349.00,"453,700.00"
2019-08-26,2019082601005312,SBI,6,6,100,445.00,"44,500.00"
2019-08-26,2019082601005402,SCB,21,21,20,625.00,"12,500.00"
2019-08-26,2019082601005049,SCB,8,58,400,624.00,"249,600.00"
2019-08-26,2019082601005048,SCB,44,58,10,624.00,"6,240.00"
2019-08-26,2019082601005047,SCB,34,58,15,624.00,"9,360.00"
2019-08-26,2019082601005046,SCB,25,58,320,624.00,"199,680.00"
2019-08-26,2019082601005045,SCB,41,58,100,625.00,"62,500.00"
2019-08-26,2019082601005044,SCB,26,58,25,625.00,"15,625.00"
2019-08-26,2019082601005043,SCB,26,58,50,625.00,"31,250.00"
2019-08-26,2019082601005042,SCB,58,58,80,626.00,"50,080.00"
2019-08-26,2019082601005466,SDESI,25,51,22,634.00,"13,948.00"
2019-08-26,2019082601005120,SFFIL,48,59,100,265.00,"26,500.00"
2019-08-26,2019082601005119,SFFIL,51,59,10,265.00,"2,650.00"
2019-08-26,2019082601005118,SFFIL,38,59,40,265.00,"10,600.00"
2019-08-26,2019082601005524,SHINE,35,21,10,242.00,"2,420.00"
2019-08-26,2019082601005419,SHINE,35,36,17,242.00,"4,114.00"
2019-08-26,2019082601005410,SHINE,35,36,457,242.00,"110,594.00"
2019-08-26,2019082601005409,SHINE,25,36,100,242.00,"24,200.00"
2019-08-26,2019082601005381,SHINE,21,36,100,243.00,"24,300.00"
2019-08-26,2019082601005380,SHINE,11,36,"1,000",245.00,"245,000.00"
2019-08-26,2019082601005512,SHIVM,57,42,50,572.00,"28,600.00"
2019-08-26,2019082601005511,SHIVM,38,42,50,573.00,"28,650.00"
2019-08-26,2019082601005453,SHIVM,38,59,50,573.00,"28,650.00"
2019-08-26,2019082601005176,SHIVM,3,10,25,574.00,"14,350.00"
2019-08-26,2019082601005131,SHIVM,57,59,50,572.00,"28,600.00"
2019-08-26,2019082601005438,SHL,52,7,100,229.00,"22,900.00"
2019-08-26,2019082601005358,SHPC,49,49,"13,200",220.00,"2,904,000.00"
2019-08-26,2019082601005079,SHPC,41,47,500,220.00,"110,000.00"
2019-08-26,2019082601005078,SHPC,50,47,500,220.00,"110,000.00"
2019-08-26,2019082601005071,SHPC,17,47,750,222.00,"166,500.00"
2019-08-26,2019082601005077,SHPC,34,47,200,220.00,"44,000.00"
2019-08-26,2019082601005076,SHPC,45,47,"1,000",220.00,"220,000.00"
2019-08-26,2019082601005075,SHPC,13,47,60,220.00,"13,200.00"
2019-08-26,2019082601005074,SHPC,17,47,"1,000",221.00,"221,000.00"
2019-08-26,2019082601005073,SHPC,36,47,461,221.00,"101,881.00"
2019-08-26,2019082601005072,SHPC,50,47,500,222.00,"111,000.00"
2019-08-26,2019082601005341,SIL,59,44,41,404.00,"16,564.00"
2019-08-26,2019082601005127,SIL,59,25,100,404.00,"40,400.00"
2019-08-26,2019082601005536,SJCL,1,44,20,206.00,"4,120.00"
2019-08-26,2019082601005533,SJCL,1,28,20,206.00,"4,120.00"
2019-08-26,2019082601005516,SJCL,1,28,20,207.00,"4,140.00"
2019-08-26,2019082601005515,SJCL,1,28,20,206.00,"4,120.00"
2019-08-26,2019082601005508,SJCL,1,44,20,206.00,"4,120.00"
2019-08-26,2019082601005059,SJCL,57,59,20,207.00,"4,140.00"
2019-08-26,2019082601005054,SJCL,57,38,20,207.00,"4,140.00"
2019-08-26,2019082601005125,SJCL,57,28,20,207.00,"4,140.00"
2019-08-26,2019082601005098,SJCL,57,38,20,207.00,"4,140.00"
2019-08-26,2019082601005097,SJCL,57,28,20,207.00,"4,140.00"
2019-08-26,2019082601005090,SJCL,57,44,10,207.00,"2,070.00"
2019-08-26,2019082601005070,SJCL,57,52,10,207.00,"2,070.00"
2019-08-26,2019082601005160,SJCL,13,38,10,207.00,"2,070.00"
2019-08-26,2019082601005155,SJCL,13,20,10,207.00,"2,070.00"
2019-08-26,2019082601005135,SJCL,13,28,20,207.00,"4,140.00"
2019-08-26,2019082601005133,SJCL,57,20,10,207.00,"2,070.00"
2019-08-26,2019082601005225,SJCL,29,28,20,207.00,"4,140.00"
2019-08-26,2019082601005205,SJCL,29,20,10,207.00,"2,070.00"
2019-08-26,2019082601005189,SJCL,29,25,20,207.00,"4,140.00"
2019-08-26,2019082601005186,SJCL,29,38,20,207.00,"4,140.00"
2019-08-26,2019082601005171,SJCL,29,28,10,207.00,"2,070.00"
2019-08-26,2019082601005170,SJCL,13,28,10,207.00,"2,070.00"
2019-08-26,2019082601005266,SJCL,29,58,20,207.00,"4,140.00"
2019-08-26,2019082601005263,SJCL,29,58,20,207.00,"4,140.00"
2019-08-26,2019082601005229,SJCL,29,19,20,207.00,"4,140.00"
2019-08-26,2019082601005287,SJCL,51,43,100,207.00,"20,700.00"
2019-08-26,2019082601005286,SJCL,42,43,200,207.00,"41,400.00"
2019-08-26,2019082601005285,SJCL,22,43,500,207.00,"103,500.00"
2019-08-26,2019082601005284,SJCL,16,43,200,207.00,"41,400.00"
2019-08-26,2019082601005283,SJCL,29,43,40,207.00,"8,280.00"
2019-08-26,2019082601005276,SJCL,29,58,20,207.00,"4,140.00"
2019-08-26,2019082601005301,SJCL,14,28,20,207.00,"4,140.00"
2019-08-26,2019082601005300,SJCL,14,28,20,207.00,"4,140.00"
2019-08-26,2019082601005291,SJCL,14,43,410,207.00,"84,870.00"
2019-08-26,2019082601005290,SJCL,28,43,50,207.00,"10,350.00"
2019-08-26,2019082601005289,SJCL,57,43,300,207.00,"62,100.00"
2019-08-26,2019082601005288,SJCL,33,43,200,207.00,"41,400.00"
2019-08-26,2019082601005355,SJCL,8,28,20,206.00,"4,120.00"
2019-08-26,2019082601005354,SJCL,8,44,10,206.00,"2,060.00"
2019-08-26,2019082601005346,SJCL,14,22,10,207.00,"2,070.00"
2019-08-26,2019082601005343,SJCL,14,58,20,207.00,"4,140.00"
2019-08-26,2019082601005320,SJCL,14,28,20,207.00,"4,140.00"
2019-08-26,2019082601005372,SJCL,51,44,20,207.00,"4,140.00"
2019-08-26,2019082601005370,SJCL,51,22,10,207.00,"2,070.00"
2019-08-26,2019082601005369,SJCL,51,22,20,207.00,"4,140.00"
2019-08-26,2019082601005368,SJCL,51,22,10,207.00,"2,070.00"
2019-08-26,2019082601005367,SJCL,51,22,10,207.00,"2,070.00"
2019-08-26,2019082601005365,SJCL,8,21,10,206.00,"2,060.00"
2019-08-26,2019082601005422,SJCL,1,44,20,207.00,"4,140.00"
2019-08-26,2019082601005421,SJCL,1,28,10,207.00,"2,070.00"
2019-08-26,2019082601005411,SJCL,8,44,20,206.00,"4,120.00"
2019-08-26,2019082601005396,SJCL,8,44,20,206.00,"4,120.00"
2019-08-26,2019082601005393,SJCL,8,28,20,206.00,"4,120.00"
2019-08-26,2019082601005375,SJCL,51,28,10,207.00,"2,070.00"
2019-08-26,2019082601005447,SJCL,1,38,20,206.00,"4,120.00"
2019-08-26,2019082601005441,SJCL,1,44,20,206.00,"4,120.00"
2019-08-26,2019082601005440,SJCL,1,51,20,206.00,"4,120.00"
2019-08-26,2019082601005436,SJCL,1,16,20,206.00,"4,120.00"
2019-08-26,2019082601005430,SJCL,1,28,20,206.00,"4,120.00"
2019-08-26,2019082601005424,SJCL,1,38,20,206.00,"4,120.00"
2019-08-26,2019082601005507,SJCL,14,28,170,207.00,"35,190.00"
2019-08-26,2019082601005481,SJCL,1,44,20,206.00,"4,120.00"
2019-08-26,2019082601005471,SJCL,1,44,20,206.00,"4,120.00"
2019-08-26,2019082601005464,SJCL,1,38,20,206.00,"4,120.00"
2019-08-26,2019082601005452,SJCL,1,44,20,206.00,"4,120.00"
2019-08-26,2019082601005450,SJCL,1,28,20,206.00,"4,120.00"
2019-08-26,2019082601005462,SLBBL,45,5,100,571.00,"57,100.00"
2019-08-26,2019082601005249,SLBBL,41,50,44,570.00,"25,080.00"
2019-08-26,2019082601005248,SLBBL,39,50,56,571.00,"31,976.00"
2019-08-26,2019082601005523,SLBSL,52,58,380,736.00,"279,680.00"
2019-08-26,2019082601005330,SMB,10,45,10,490.00,"4,900.00"
2019-08-26,2019082601005432,SMFBS,34,32,10,800.00,"8,000.00"
2019-08-26,2019082601005405,SMFBS,34,51,163,800.00,"130,400.00"
2019-08-26,2019082601005404,SMFBS,3,51,190,801.00,"152,190.00"
2019-08-26,2019082601005257,SMFBS,3,48,10,801.00,"8,010.00"
2019-08-26,2019082601005256,SMFBS,18,48,20,804.00,"16,080.00"
2019-08-26,2019082601005255,SMFBS,34,48,10,804.00,"8,040.00"
2019-08-26,2019082601005063,SMFBS,45,49,10,805.00,"8,050.00"
2019-08-26,2019082601005449,SPARS,45,59,10,595.00,"5,950.00"
2019-08-26,2019082601005351,SPARS,34,58,10,594.00,"5,940.00"
2019-08-26,2019082601005321,SPDL,7,41,32,82.00,"2,624.00"
2019-08-26,2019082601005223,SRBL,45,32,10,230.00,"2,300.00"
2019-08-26,2019082601005201,SRBL,28,59,643,229.00,"147,247.00"
2019-08-26,2019082601005200,SRBL,47,59,277,229.00,"63,433.00"
2019-08-26,2019082601005146,SWBBL,34,45,300,918.00,"275,400.00"
2019-08-26,2019082601005067,SWBBL,34,14,400,918.00,"367,200.00"
2019-08-26,2019082601005206,UMHL,48,1,55,106.00,"5,830.00"
2019-08-26,2019082601005149,UMHL,48,21,14,106.00,"1,484.00"
2019-08-26,2019082601005148,UMHL,48,34,56,106.00,"5,936.00"
2019-08-26,2019082601005520,UPPER,16,25,54,249.00,"13,446.00"
2019-08-26,2019082601005519,UPPER,44,25,50,249.00,"12,450.00"
2019-08-26,2019082601005518,UPPER,25,25,50,249.00,"12,450.00"
2019-08-26,2019082601005517,UPPER,17,25,139,249.00,"34,611.00"
2019-08-26,2019082601005218,UPPER,11,38,50,250.00,"12,500.00"
2019-08-26,2019082601005217,UPPER,11,59,127,250.00,"31,750.00"
2019-08-26,2019082601005080,UPPER,17,59,40,249.00,"9,960.00"
2019-08-26,2019082601005442,UPPER,17,59,40,249.00,"9,960.00"
2019-08-26,2019082601005406,UPPER,11,43,743,250.00,"185,750.00"
2019-08-26,2019082601005387,UPPER,11,16,40,250.00,"10,000.00"
2019-08-26,2019082601005219,UPPER,11,38,40,250.00,"10,000.00"
2019-08-26,2019082601005130,VLBS,33,33,63,581.00,"36,603.00"
2019-08-26,2019082601005123,VLBS,55,14,10,592.00,"5,920.00"
2019-08-26,2019082601004882,ADBL,34,45,25,426.00,"10,650.00"
2019-08-26,2019082601004825,ADBL,34,58,"1,317",426.00,"561,042.00"
2019-08-26,2019082601004806,ADBL,52,52,1,420.00,420.00
2019-08-26,2019082601004763,ADBL,34,19,479,426.00,"204,054.00"
2019-08-26,2019082601004762,ADBL,34,19,21,426.00,"8,946.00"
2019-08-26,2019082601004760,ADBL,34,45,55,426.00,"23,430.00"
2019-08-26,2019082601004713,ADBL,34,40,74,426.00,"31,524.00"
2019-08-26,2019082601004604,ADBL,42,58,350,427.00,"149,450.00"
2019-08-26,2019082601004574,ADBL,34,13,143,426.00,"60,918.00"
2019-08-26,2019082601004573,ADBL,42,13,150,426.00,"63,900.00"
2019-08-26,2019082601004548,AKJCL,25,26,10,63.00,630.00
2019-08-26,2019082601004547,AKJCL,25,26,10,64.00,640.00
2019-08-26,2019082601004724,ALBSL,35,38,14,444.00,"6,216.00"
2019-08-26,2019082601004710,ALBSL,52,38,100,445.00,"44,500.00"
2019-08-26,2019082601004709,ALBSL,7,38,100,445.00,"44,500.00"
2019-08-26,2019082601004708,ALBSL,28,38,30,446.00,"13,380.00"
2019-08-26,2019082601004707,ALBSL,21,38,90,446.00,"40,140.00"
2019-08-26,2019082601004862,ALICL,47,49,28,334.00,"9,352.00"
2019-08-26,2019082601004861,ALICL,5,49,50,334.00,"16,700.00"
2019-08-26,2019082601004860,ALICL,6,49,22,334.00,"7,348.00"
2019-08-26,2019082601004747,ALICL,57,52,43,335.00,"14,405.00"
2019-08-26,2019082601004986,API,43,25,"1,045",125.00,"130,625.00"
2019-08-26,2019082601004985,API,17,25,500,125.00,"62,500.00"
2019-08-26,2019082601004984,API,52,25,455,125.00,"56,875.00"
2019-08-26,2019082601004880,API,6,41,80,126.00,"10,080.00"
2019-08-26,2019082601004816,API,6,41,18,126.00,"2,268.00"
2019-08-26,2019082601004562,API,57,19,100,126.00,"12,600.00"
2019-08-26,2019082601004561,API,42,19,300,126.00,"37,800.00"
2019-08-26,2019082601004560,API,39,19,11,126.00,"1,386.00"
2019-08-26,2019082601004636,API,52,40,28,125.00,"3,500.00"
2019-08-26,2019082601004579,API,52,45,17,125.00,"2,125.00"
2019-08-26,2019082601004566,API,48,19,100,126.00,"12,600.00"
2019-08-26,2019082601004565,API,34,19,100,126.00,"12,600.00"
2019-08-26,2019082601004564,API,14,19,150,126.00,"18,900.00"
2019-08-26,2019082601004563,API,49,19,100,126.00,"12,600.00"
2019-08-26,2019082601004933,BOKL,56,49,500,257.00,"128,500.00"
2019-08-26,2019082601004867,BOKL,28,59,182,257.00,"46,774.00"
2019-08-26,2019082601004819,BOKL,56,59,108,257.00,"27,756.00"
2019-08-26,2019082601004818,BOKL,56,10,392,257.00,"100,744.00"
2019-08-26,2019082601004705,BOKL,19,10,100,257.00,"25,700.00"
2019-08-26,2019082601004704,BOKL,40,10,108,257.00,"27,756.00"
2019-08-26,2019082601004627,BPCL,17,46,"1,000",377.00,"377,000.00"
2019-08-26,2019082601004626,BPCL,47,46,200,377.00,"75,400.00"
2019-08-26,2019082601004625,BPCL,55,46,189,377.00,"71,253.00"
2019-08-26,2019082601004624,BPCL,34,46,50,378.00,"18,900.00"
2019-08-26,2019082601004623,BPCL,4,46,25,378.00,"9,450.00"
2019-08-26,2019082601004622,BPCL,56,46,28,378.00,"10,584.00"
2019-08-26,2019082601004932,BPCL,22,41,22,382.00,"8,404.00"
2019-08-26,2019082601004931,BPCL,22,46,22,379.00,"8,338.00"
2019-08-26,2019082601004630,BPCL,55,46,198,377.00,"74,646.00"
2019-08-26,2019082601004629,BPCL,3,46,10,377.00,"3,770.00"
2019-08-26,2019082601004628,BPCL,42,46,100,377.00,"37,700.00"
2019-08-26,2019082601004672,CBL,34,1,57,146.00,"8,322.00"
2019-08-26,2019082601004615,CBL,34,19,22,146.00,"3,212.00"
2019-08-26,2019082601004572,CCBL,49,29,"4,563",156.00,"711,828.00"
2019-08-26,2019082601004571,CCBL,49,29,500,156.00,"78,000.00"
2019-08-26,2019082601004570,CCBL,6,29,"1,937",156.00,"302,172.00"
2019-08-26,2019082601004645,CIT,51,19,32,"2,375.00","76,000.00"
2019-08-26,2019082601004965,CZBIL,56,59,500,215.00,"107,500.00"
2019-08-26,2019082601004957,CZBIL,44,20,103,214.00,"22,042.00"
2019-08-26,2019082601004956,CZBIL,44,20,133,214.00,"28,462.00"
2019-08-26,2019082601004939,CZBIL,58,20,13,215.00,"2,795.00"
2019-08-26,2019082601004870,CZBIL,58,16,17,215.00,"3,655.00"
2019-08-26,2019082601004869,CZBIL,45,16,81,215.00,"17,415.00"
2019-08-26,2019082601004657,DBBL,45,36,60,131.00,"7,860.00"
2019-08-26,2019082601004656,DBBL,47,36,200,131.00,"26,200.00"
2019-08-26,2019082601004655,DBBL,14,36,100,131.00,"13,100.00"
2019-08-26,2019082601004654,DBBL,41,36,40,131.00,"5,240.00"
2019-08-26,2019082601004685,DHPL,32,5,18,58.00,"1,044.00"
2019-08-26,2019082601004728,EBL,41,28,500,647.00,"323,500.00"
2019-08-26,2019082601004712,EBL,41,28,464,647.00,"300,208.00"
2019-08-26,2019082601004678,EBL,26,52,20,648.00,"12,960.00"
2019-08-26,2019082601004677,EBL,26,52,25,648.00,"16,200.00"
2019-08-26,2019082601004676,EBL,26,52,50,648.00,"32,400.00"
2019-08-26,2019082601004804,EIC,19,38,100,310.00,"31,000.00"
2019-08-26,2019082601004973,FMDBL,39,58,250,384.00,"96,000.00"
2019-08-26,2019082601004943,FMDBL,25,4,500,384.00,"192,000.00"
2019-08-26,2019082601004829,FMDBL,32,41,125,383.00,"47,875.00"
2019-08-26,2019082601004828,FMDBL,44,41,50,383.00,"19,150.00"
2019-08-26,2019082601004827,FMDBL,35,41,50,383.00,"19,150.00"
2019-08-26,2019082601004559,GBLBS,42,52,90,356.00,"32,040.00"
2019-08-26,2019082601004832,GHL,22,45,30,77.00,"2,310.00"
2019-08-26,2019082601004930,GILB,17,48,40,746.00,"29,840.00"
2019-08-26,2019082601004929,GILB,45,48,20,746.00,"14,920.00"
2019-08-26,2019082601004928,GILB,52,48,20,747.00,"14,940.00"
2019-08-26,2019082601004927,GILB,14,48,10,748.00,"7,480.00"
2019-08-26,2019082601004926,GILB,51,48,50,749.00,"37,450.00"
2019-08-26,2019082601004925,GILB,52,48,10,749.00,"7,490.00"
2019-08-26,2019082601005040,GLBSL,20,48,10,480.00,"4,800.00"
2019-08-26,2019082601005039,GLBSL,22,48,10,481.00,"4,810.00"
2019-08-26,2019082601005038,GLBSL,17,48,20,482.00,"9,640.00"
2019-08-26,2019082601004643,GLBSL,38,38,10,487.00,"4,870.00"
2019-08-26,2019082601004542,GLBSL,6,59,10,482.00,"4,820.00"
2019-08-26,2019082601004875,GLICL,55,47,50,443.00,"22,150.00"
2019-08-26,2019082601004663,GLICL,16,26,35,445.00,"15,575.00"
2019-08-26,2019082601004968,GMFBS,36,36,10,516.00,"5,160.00"
2019-08-26,2019082601004851,GMFBS,50,7,40,515.00,"20,600.00"
2019-08-26,2019082601004850,GMFBS,36,7,20,515.00,"10,300.00"
2019-08-26,2019082601004849,GMFBS,13,7,50,516.00,"25,800.00"
2019-08-26,2019082601004848,GMFBS,34,7,30,516.00,"15,480.00"
2019-08-26,2019082601004847,GMFBS,34,7,20,516.00,"10,320.00"
2019-08-26,2019082601004846,GMFBS,34,7,40,516.00,"20,640.00"
2019-08-26,2019082601004581,GMFBS,34,52,10,516.00,"5,160.00"
2019-08-26,2019082601004665,HBL,42,41,92,550.00,"50,600.00"
2019-08-26,2019082601004662,HBL,42,25,13,550.00,"7,150.00"
2019-08-26,2019082601004661,HBL,44,25,92,551.00,"50,692.00"
2019-08-26,2019082601004616,HBL,42,56,45,550.00,"24,750.00"
2019-08-26,2019082601004706,HGI,28,33,100,318.00,"31,800.00"
2019-08-26,2019082601004980,HIDCL,1,41,10,147.00,"1,470.00"
2019-08-26,2019082601004949,HIDCL,1,19,16,147.00,"2,352.00"
2019-08-26,2019082601004948,HIDCL,1,40,12,146.00,"1,752.00"
2019-08-26,2019082601004941,HIDCL,1,40,19,146.00,"2,774.00"
2019-08-26,2019082601004940,HIDCL,1,19,16,146.00,"2,336.00"
2019-08-26,2019082601004830,HIDCL,28,41,61,144.00,"8,784.00"
2019-08-26,2019082601004544,HIDCL,4,52,14,145.00,"2,030.00"
2019-08-26,2019082601004543,HIDCL,22,52,61,145.00,"8,845.00"
2019-08-26,2019082601004820,HIDCL,28,41,61,144.00,"8,784.00"
2019-08-26,2019082601004812,HIDCL,28,41,63,144.00,"9,072.00"
2019-08-26,2019082601004811,HIDCL,28,41,96,145.00,"13,920.00"
2019-08-26,2019082601004795,HIDCL,28,41,162,145.00,"23,490.00"
2019-08-26,2019082601004610,HIDCL,28,52,42,145.00,"6,090.00"
2019-08-26,2019082601004606,HIDCL,53,52,200,145.00,"29,000.00"
2019-08-26,2019082601004876,HPPL,19,16,20,150.00,"3,000.00"
2019-08-26,2019082601004551,HPPL,19,57,10,150.00,"1,500.00"
2019-08-26,2019082601005036,HURJA,50,59,20,124.00,"2,480.00"
2019-08-26,2019082601004761,HURJA,50,49,20,124.00,"2,480.00"
2019-08-26,2019082601004584,HURJA,50,59,20,124.00,"2,480.00"
2019-08-26,2019082601004612,ICFC,17,57,300,161.00,"48,300.00"
2019-08-26,2019082601004608,IGI,48,17,50,325.00,"16,250.00"
2019-08-26,2019082601004607,IGI,19,17,100,325.00,"32,500.00"
2019-08-26,2019082601004802,ILBS,10,51,10,454.00,"4,540.00"
2019-08-26,2019082601004835,JBBL,57,55,132,159.00,"20,988.00"
2019-08-26,2019082601004737,JBBL,47,51,82,162.00,"13,284.00"
2019-08-26,2019082601004736,JBBL,47,58,"1,000",162.00,"162,000.00"
2019-08-26,2019082601004735,JBBL,47,45,114,162.00,"18,468.00"
2019-08-26,2019082601004734,JBBL,47,34,50,161.00,"8,050.00"
2019-08-26,2019082601004733,JBBL,47,16,"2,000",161.00,"322,000.00"
2019-08-26,2019082601004732,JBBL,47,44,680,161.00,"109,480.00"
